ticker,trade_id,ts,yes_price,count,taker_side,raw_json
KXETH15M-26APR281445-45,8ba2b0c9-2a41-7742-0a0a-66b928f21d2c,1777401007,0.69,20.0,yes,"{""count_fp"":""20.00"",""created_time"":""2026-04-28T18:30:07.175365Z"",""no_price_dollars"":""0.3100"",""taker_side"":""yes"",""ticker"":""KXETH15M-26APR281445-45"",""trade_id"":""8ba2b0c9-2a41-7742-0a0a-66b928f21d2c"",""yes_price_dollars"":""0.6900""}"
KXETH15M-26APR281445-45,421fb755-a461-7593-13e9-5d4186a128c8,1777401007,0.69,0.98,yes,"{""count_fp"":""0.98"",""created_time"":""2026-04-28T18:30:07.175365Z"",""no_price_dollars"":""0.3100"",""taker_side"":""yes"",""ticker"":""KXETH15M-26APR281445-45"",""trade_id"":""421fb755-a461-7593-13e9-5d4186a128c8"",""yes_price_dollars"":""0.6900""}"
KXETH15M-26APR281445-45,0c330697-8cac-4126-fd84-6fde0c1d9da4,1777401026,0.52,9.3,yes,"{""count_fp"":""9.30"",""created_time"":""2026-04-28T18:30:26.045714Z"",""no_price_dollars"":""0.4800"",""taker_side"":""yes"",""ticker"":""KXETH15M-26APR281445-45"",""trade_id"":""0c330697-8cac-4126-fd84-6fde0c1d9da4"",""yes_price_dollars"":""0.5200""}"
KXETH15M-26APR281445-45,8edb06a1-fd7c-5c5f-be5e-09470f2a89bf,1777401029,0.49,100.0,no,"{""count_fp"":""100.00"",""created_time"":""2026-04-28T18:30:29.360763Z"",""no_price_dollars"":""0.5100"",""taker_side"":""no"",""ticker"":""KXETH15M-26APR281445-45"",""trade_id"":""8edb06a1-fd7c-5c5f-be5e-09470f2a89bf"",""yes_price_dollars"":""0.4900""}"
KXETH15M-26APR281445-45,d1510ea3-8c0b-49a5-58e4-5ef5f17e243d,1777401030,0.51,3.0,yes,"{""count_fp"":""3.00"",""created_time"":""2026-04-28T18:30:30.752947Z"",""no_price_dollars"":""0.4900"",""taker_side"":""yes"",""ticker"":""KXETH15M-26APR281445-45"",""trade_id"":""d1510ea3-8c0b-49a5-58e4-5ef5f17e243d"",""yes_price_dollars"":""0.5100""}"
KXETH15M-26APR281445-45,8a23c157-7279-443b-7737-5dc7c5e9c8c4,1777401030,0.53,59.02,yes,"{""count_fp"":""59.02"",""created_time"":""2026-04-28T18:30:30.752947Z"",""no_price_dollars"":""0.4700"",""taker_side"":""yes"",""ticker"":""KXETH15M-26APR281445-45"",""trade_id"":""8a23c157-7279-443b-7737-5dc7c5e9c8c4"",""yes_price_dollars"":""0.5300""}"
KXETH15M-26APR281445-45,0697a115-59ce-4cd2-5634-381fab8067cc,1777401030,0.53,10.0,yes,"{""count_fp"":""10.00"",""created_time"":""2026-04-28T18:30:30.752947Z"",""no_price_dollars"":""0.4700"",""taker_side"":""yes"",""ticker"":""KXETH15M-26APR281445-45"",""trade_id"":""0697a115-59ce-4cd2-5634-381fab8067cc"",""yes_price_dollars"":""0.5300""}"
KXETH15M-26APR281445-45,8566c4ea-5941-472a-a88b-2d650b67c546,1777401032,0.58,2.95,yes,"{""count_fp"":""2.95"",""created_time"":""2026-04-28T18:30:32.538595Z"",""no_price_dollars"":""0.4200"",""taker_side"":""yes"",""ticker"":""KXETH15M-26APR281445-45"",""trade_id"":""8566c4ea-5941-472a-a88b-2d650b67c546"",""yes_price_dollars"":""0.5800""}"
KXETH15M-26APR281445-45,d9e85756-28a1-463f-a12e-fcc1386bdbbd,1777401033,0.59,1.0,yes,"{""count_fp"":""1.00"",""created_time"":""2026-04-28T18:30:33.772196Z"",""no_price_dollars"":""0.4100"",""taker_side"":""yes"",""ticker"":""KXETH15M-26APR281445-45"",""trade_id"":""d9e85756-28a1-463f-a12e-fcc1386bdbbd"",""yes_price_dollars"":""0.5900""}"
KXETH15M-26APR281445-45,41dc1570-05d4-7c37-e47f-7eeb51f67ced,1777401036,0.56,10.0,no,"{""count_fp"":""10.00"",""created_time"":""2026-04-28T18:30:36.903791Z"",""no_price_dollars"":""0.4400"",""taker_side"":""no"",""ticker"":""KXETH15M-26APR281445-45"",""trade_id"":""41dc1570-05d4-7c37-e47f-7eeb51f67ced"",""yes_price_dollars"":""0.5600""}"
KXETH15M-26APR281445-45,2db94ad5-f385-7955-d256-0dcba328ce4e,1777401036,0.56,0.76,no,"{""count_fp"":""0.76"",""created_time"":""2026-04-28T18:30:36.903791Z"",""no_price_dollars"":""0.4400"",""taker_side"":""no"",""ticker"":""KXETH15M-26APR281445-45"",""trade_id"":""2db94ad5-f385-7955-d256-0dcba328ce4e"",""yes_price_dollars"":""0.5600""}"
KXETH15M-26APR281445-45,b399d926-1065-69e1-6bb1-076635b57616,1777401037,0.57,14.0,no,"{""count_fp"":""14.00"",""created_time"":""2026-04-28T18:30:37.151817Z"",""no_price_dollars"":""0.4300"",""taker_side"":""no"",""ticker"":""KXETH15M-26APR281445-45"",""trade_id"":""b399d926-1065-69e1-6bb1-076635b57616"",""yes_price_dollars"":""0.5700""}"
KXETH15M-26APR281445-45,b09b7202-23dc-6e7c-4074-d09c0243e97f,1777401037,0.57,2.0,no,"{""count_fp"":""2.00"",""created_time"":""2026-04-28T18:30:37.151817Z"",""no_price_dollars"":""0.4300"",""taker_side"":""no"",""ticker"":""KXETH15M-26APR281445-45"",""trade_id"":""b09b7202-23dc-6e7c-4074-d09c0243e97f"",""yes_price_dollars"":""0.5700""}"
KXETH15M-26APR281445-45,a9666612-7ff5-72d5-8f9b-71a32d8989aa,1777401038,0.55,20.0,no,"{""count_fp"":""20.00"",""created_time"":""2026-04-28T18:30:38.578591Z"",""no_price_dollars"":""0.4500"",""taker_side"":""no"",""ticker"":""KXETH15M-26APR281445-45"",""trade_id"":""a9666612-7ff5-72d5-8f9b-71a32d8989aa"",""yes_price_dollars"":""0.5500""}"
KXETH15M-26APR281445-45,58979417-99b1-52df-1a55-222bc881b68a,1777401038,0.55,0.85,no,"{""count_fp"":""0.85"",""created_time"":""2026-04-28T18:30:38.392357Z"",""no_price_dollars"":""0.4500"",""taker_side"":""no"",""ticker"":""KXETH15M-26APR281445-45"",""trade_id"":""58979417-99b1-52df-1a55-222bc881b68a"",""yes_price_dollars"":""0.5500""}"
KXETH15M-26APR281445-45,ebfd12c9-8868-71ba-1936-e96db81bf928,1777401039,0.62,22.35,yes,"{""count_fp"":""22.35"",""created_time"":""2026-04-28T18:30:39.545803Z"",""no_price_dollars"":""0.3800"",""taker_side"":""yes"",""ticker"":""KXETH15M-26APR281445-45"",""trade_id"":""ebfd12c9-8868-71ba-1936-e96db81bf928"",""yes_price_dollars"":""0.6200""}"
KXETH15M-26APR281445-45,df921c20-caae-7ffe-16d2-da4941b6ecef,1777401039,0.61,5.0,yes,"{""count_fp"":""5.00"",""created_time"":""2026-04-28T18:30:39.545803Z"",""no_price_dollars"":""0.3900"",""taker_side"":""yes"",""ticker"":""KXETH15M-26APR281445-45"",""trade_id"":""df921c20-caae-7ffe-16d2-da4941b6ecef"",""yes_price_dollars"":""0.6100""}"
KXETH15M-26APR281445-45,cafd28ba-8997-720e-05c0-66d72840ec6c,1777401039,0.58,2.0,yes,"{""count_fp"":""2.00"",""created_time"":""2026-04-28T18:30:39.545803Z"",""no_price_dollars"":""0.4200"",""taker_side"":""yes"",""ticker"":""KXETH15M-26APR281445-45"",""trade_id"":""cafd28ba-8997-720e-05c0-66d72840ec6c"",""yes_price_dollars"":""0.5800""}"
KXETH15M-26APR281445-45,98a9ba14-2b2e-7da5-3716-646372e6a270,1777401039,0.61,10.0,yes,"{""count_fp"":""10.00"",""created_time"":""2026-04-28T18:30:39.545803Z"",""no_price_dollars"":""0.3900"",""taker_side"":""yes"",""ticker"":""KXETH15M-26APR281445-45"",""trade_id"":""98a9ba14-2b2e-7da5-3716-646372e6a270"",""yes_price_dollars"":""0.6100""}"
KXETH15M-26APR281445-45,cbaa192a-10d1-56d5-8db4-bb411148a53e,1777401041,0.59,35.0,no,"{""count_fp"":""35.00"",""created_time"":""2026-04-28T18:30:41.915426Z"",""no_price_dollars"":""0.4100"",""taker_side"":""no"",""ticker"":""KXETH15M-26APR281445-45"",""trade_id"":""cbaa192a-10d1-56d5-8db4-bb411148a53e"",""yes_price_dollars"":""0.5900""}"
KXETH15M-26APR281445-45,2a1e4d98-51f0-550a-a30f-bc07f73df796,1777401041,0.59,5.0,no,"{""count_fp"":""5.00"",""created_time"":""2026-04-28T18:30:41.915426Z"",""no_price_dollars"":""0.4100"",""taker_side"":""no"",""ticker"":""KXETH15M-26APR281445-45"",""trade_id"":""2a1e4d98-51f0-550a-a30f-bc07f73df796"",""yes_price_dollars"":""0.5900""}"
KXETH15M-26APR281445-45,13ec9384-5e1e-489b-151c-6747f795ba44,1777401042,0.59,1.0,no,"{""count_fp"":""1.00"",""created_time"":""2026-04-28T18:30:42.970336Z"",""no_price_dollars"":""0.4100"",""taker_side"":""no"",""ticker"":""KXETH15M-26APR281445-45"",""trade_id"":""13ec9384-5e1e-489b-151c-6747f795ba44"",""yes_price_dollars"":""0.5900""}"
KXETH15M-26APR281445-45,af748f79-9bd2-7827-1302-06ed3e9c684c,1777401046,0.59,9.33,no,"{""count_fp"":""9.33"",""created_time"":""2026-04-28T18:30:46.914999Z"",""no_price_dollars"":""0.4100"",""taker_side"":""no"",""ticker"":""KXETH15M-26APR281445-45"",""trade_id"":""af748f79-9bd2-7827-1302-06ed3e9c684c"",""yes_price_dollars"":""0.5900""}"
KXETH15M-26APR281445-45,555a36ec-55f9-7afd-3175-a407f76b7e42,1777401046,0.59,60.93,no,"{""count_fp"":""60.93"",""created_time"":""2026-04-28T18:30:46.914999Z"",""no_price_dollars"":""0.4100"",""taker_side"":""no"",""ticker"":""KXETH15M-26APR281445-45"",""trade_id"":""555a36ec-55f9-7afd-3175-a407f76b7e42"",""yes_price_dollars"":""0.5900""}"
KXETH15M-26APR281445-45,bb4e58ff-b41a-496d-07f5-a9fbce307889,1777401046,0.64,1.0,yes,"{""count_fp"":""1.00"",""created_time"":""2026-04-28T18:30:46.465342Z"",""no_price_dollars"":""0.3600"",""taker_side"":""yes"",""ticker"":""KXETH15M-26APR281445-45"",""trade_id"":""bb4e58ff-b41a-496d-07f5-a9fbce307889"",""yes_price_dollars"":""0.6400""}"
KXETH15M-26APR281445-45,9dc16494-23fe-4be2-01b4-8371041e98de,1777401046,0.61,2.0,yes,"{""count_fp"":""2.00"",""created_time"":""2026-04-28T18:30:46.465342Z"",""no_price_dollars"":""0.3900"",""taker_side"":""yes"",""ticker"":""KXETH15M-26APR281445-45"",""trade_id"":""9dc16494-23fe-4be2-01b4-8371041e98de"",""yes_price_dollars"":""0.6100""}"
KXETH15M-26APR281445-45,794f9660-75fc-4080-4b6a-d3125bba5a58,1777401048,0.6,2.34,no,"{""count_fp"":""2.34"",""created_time"":""2026-04-28T18:30:48.436235Z"",""no_price_dollars"":""0.4000"",""taker_side"":""no"",""ticker"":""KXETH15M-26APR281445-45"",""trade_id"":""794f9660-75fc-4080-4b6a-d3125bba5a58"",""yes_price_dollars"":""0.6000""}"
KXETH15M-26APR281445-45,123063fb-f855-4ca0-cf25-13582a09cbaa,1777401051,0.64,9.14,yes,"{""count_fp"":""9.14"",""created_time"":""2026-04-28T18:30:51.595615Z"",""no_price_dollars"":""0.3600"",""taker_side"":""yes"",""ticker"":""KXETH15M-26APR281445-45"",""trade_id"":""123063fb-f855-4ca0-cf25-13582a09cbaa"",""yes_price_dollars"":""0.6400""}"
KXETH15M-26APR281445-45,c906b48a-bd3b-7858-1d4f-299d4370a70a,1777401053,0.59,70.26,no,"{""count_fp"":""70.26"",""created_time"":""2026-04-28T18:30:53.456319Z"",""no_price_dollars"":""0.4100"",""taker_side"":""no"",""ticker"":""KXETH15M-26APR281445-45"",""trade_id"":""c906b48a-bd3b-7858-1d4f-299d4370a70a"",""yes_price_dollars"":""0.5900""}"
KXETH15M-26APR281445-45,0ccc0979-e483-6891-6902-7488957a6634,1777401056,0.6,4.0,no,"{""count_fp"":""4.00"",""created_time"":""2026-04-28T18:30:56.931074Z"",""no_price_dollars"":""0.4000"",""taker_side"":""no"",""ticker"":""KXETH15M-26APR281445-45"",""trade_id"":""0ccc0979-e483-6891-6902-7488957a6634"",""yes_price_dollars"":""0.6000""}"
KXETH15M-26APR281445-45,2dcb2e41-73a4-753a-3453-c0593546e9e8,1777401057,0.61,1.0,yes,"{""count_fp"":""1.00"",""created_time"":""2026-04-28T18:30:57.486705Z"",""no_price_dollars"":""0.3900"",""taker_side"":""yes"",""ticker"":""KXETH15M-26APR281445-45"",""trade_id"":""2dcb2e41-73a4-753a-3453-c0593546e9e8"",""yes_price_dollars"":""0.6100""}"
KXETH15M-26APR281445-45,e5c141c6-0258-635a-83cb-19ad2dda9c50,1777401061,0.61,22.0,yes,"{""count_fp"":""22.00"",""created_time"":""2026-04-28T18:31:01.200434Z"",""no_price_dollars"":""0.3900"",""taker_side"":""yes"",""ticker"":""KXETH15M-26APR281445-45"",""trade_id"":""e5c141c6-0258-635a-83cb-19ad2dda9c50"",""yes_price_dollars"":""0.6100""}"
KXETH15M-26APR281445-45,93b6eb4b-061c-6292-e678-29fe3479e8ec,1777401064,0.61,8.0,yes,"{""count_fp"":""8.00"",""created_time"":""2026-04-28T18:31:04.278699Z"",""no_price_dollars"":""0.3900"",""taker_side"":""yes"",""ticker"":""KXETH15M-26APR281445-45"",""trade_id"":""93b6eb4b-061c-6292-e678-29fe3479e8ec"",""yes_price_dollars"":""0.6100""}"
KXETH15M-26APR281445-45,3bd41362-11ad-6c2f-db23-fa5b0fe0d6c4,1777401072,0.6,2.0,no,"{""count_fp"":""2.00"",""created_time"":""2026-04-28T18:31:12.934694Z"",""no_price_dollars"":""0.4000"",""taker_side"":""no"",""ticker"":""KXETH15M-26APR281445-45"",""trade_id"":""3bd41362-11ad-6c2f-db23-fa5b0fe0d6c4"",""yes_price_dollars"":""0.6000""}"
KXETH15M-26APR281445-45,4d3328d2-0c8c-701e-9c02-8ffcaac4a586,1777401073,0.51,7.0,no,"{""count_fp"":""7.00"",""created_time"":""2026-04-28T18:31:13.711195Z"",""no_price_dollars"":""0.4900"",""taker_side"":""no"",""ticker"":""KXETH15M-26APR281445-45"",""trade_id"":""4d3328d2-0c8c-701e-9c02-8ffcaac4a586"",""yes_price_dollars"":""0.5100""}"
KXETH15M-26APR281445-45,2d609a8c-b129-6cb3-ca65-71f5e0c91aee,1777401073,0.52,10.0,no,"{""count_fp"":""10.00"",""created_time"":""2026-04-28T18:31:13.122148Z"",""no_price_dollars"":""0.4800"",""taker_side"":""no"",""ticker"":""KXETH15M-26APR281445-45"",""trade_id"":""2d609a8c-b129-6cb3-ca65-71f5e0c91aee"",""yes_price_dollars"":""0.5200""}"
KXETH15M-26APR281445-45,cb3f39da-2f30-589c-cf6a-ab448b966ff6,1777401073,0.56,5.0,no,"{""count_fp"":""5.00"",""created_time"":""2026-04-28T18:31:13.068676Z"",""no_price_dollars"":""0.4400"",""taker_side"":""no"",""ticker"":""KXETH15M-26APR281445-45"",""trade_id"":""cb3f39da-2f30-589c-cf6a-ab448b966ff6"",""yes_price_dollars"":""0.5600""}"
KXETH15M-26APR281445-45,24271c3c-ee7f-51fd-e8b6-352025055292,1777401073,0.59,2.0,no,"{""count_fp"":""2.00"",""created_time"":""2026-04-28T18:31:13.068676Z"",""no_price_dollars"":""0.4100"",""taker_side"":""no"",""ticker"":""KXETH15M-26APR281445-45"",""trade_id"":""24271c3c-ee7f-51fd-e8b6-352025055292"",""yes_price_dollars"":""0.5900""}"
KXETH15M-26APR281445-45,9a728dad-1f5c-7b16-bb15-07f76b2da3d6,1777401074,0.51,13.0,no,"{""count_fp"":""13.00"",""created_time"":""2026-04-28T18:31:14.037198Z"",""no_price_dollars"":""0.4900"",""taker_side"":""no"",""ticker"":""KXETH15M-26APR281445-45"",""trade_id"":""9a728dad-1f5c-7b16-bb15-07f76b2da3d6"",""yes_price_dollars"":""0.5100""}"
KXETH15M-26APR281445-45,addca2a7-ca39-69ff-415c-e41692127f2f,1777401096,0.51,1.0,yes,"{""count_fp"":""1.00"",""created_time"":""2026-04-28T18:31:36.857Z"",""no_price_dollars"":""0.4900"",""taker_side"":""yes"",""ticker"":""KXETH15M-26APR281445-45"",""trade_id"":""addca2a7-ca39-69ff-415c-e41692127f2f"",""yes_price_dollars"":""0.5100""}"
KXETH15M-26APR281445-45,58bb6677-c8a9-7a1b-2fcd-66d0e6dffbeb,1777401096,0.51,1.0,yes,"{""count_fp"":""1.00"",""created_time"":""2026-04-28T18:31:36.294812Z"",""no_price_dollars"":""0.4900"",""taker_side"":""yes"",""ticker"":""KXETH15M-26APR281445-45"",""trade_id"":""58bb6677-c8a9-7a1b-2fcd-66d0e6dffbeb"",""yes_price_dollars"":""0.5100""}"
KXETH15M-26APR281445-45,e86f3e99-4a1c-7dbc-5352-5fa4d467aa0e,1777401100,0.5,0.96,no,"{""count_fp"":""0.96"",""created_time"":""2026-04-28T18:31:40.607988Z"",""no_price_dollars"":""0.5000"",""taker_side"":""no"",""ticker"":""KXETH15M-26APR281445-45"",""trade_id"":""e86f3e99-4a1c-7dbc-5352-5fa4d467aa0e"",""yes_price_dollars"":""0.5000""}"
KXETH15M-26APR281445-45,b68e258e-519c-6530-96e3-bcd20b2670e8,1777401102,0.5,1.93,no,"{""count_fp"":""1.93"",""created_time"":""2026-04-28T18:31:42.019251Z"",""no_price_dollars"":""0.5000"",""taker_side"":""no"",""ticker"":""KXETH15M-26APR281445-45"",""trade_id"":""b68e258e-519c-6530-96e3-bcd20b2670e8"",""yes_price_dollars"":""0.5000""}"
KXETH15M-26APR281445-45,c1eb45c7-e373-53ae-9dda-72ab954b66dd,1777401109,0.5,2.0,no,"{""count_fp"":""2.00"",""created_time"":""2026-04-28T18:31:49.734859Z"",""no_price_dollars"":""0.5000"",""taker_side"":""no"",""ticker"":""KXETH15M-26APR281445-45"",""trade_id"":""c1eb45c7-e373-53ae-9dda-72ab954b66dd"",""yes_price_dollars"":""0.5000""}"
KXETH15M-26APR281445-45,98df518a-c18a-54bc-8b31-ca9d2072ebb8,1777401109,0.47,10.0,no,"{""count_fp"":""10.00"",""created_time"":""2026-04-28T18:31:49.734859Z"",""no_price_dollars"":""0.5300"",""taker_side"":""no"",""ticker"":""KXETH15M-26APR281445-45"",""trade_id"":""98df518a-c18a-54bc-8b31-ca9d2072ebb8"",""yes_price_dollars"":""0.4700""}"
KXETH15M-26APR281445-45,d32b27aa-e595-4b72-4e78-83c8d5d0d83f,1777401112,0.45,60.0,no,"{""count_fp"":""60.00"",""created_time"":""2026-04-28T18:31:52.941102Z"",""no_price_dollars"":""0.5500"",""taker_side"":""no"",""ticker"":""KXETH15M-26APR281445-45"",""trade_id"":""d32b27aa-e595-4b72-4e78-83c8d5d0d83f"",""yes_price_dollars"":""0.4500""}"
KXETH15M-26APR281445-45,5ee37ede-fd34-5491-ac1a-b0211254bd3c,1777401116,0.41,1.0,no,"{""count_fp"":""1.00"",""created_time"":""2026-04-28T18:31:56.621216Z"",""no_price_dollars"":""0.5900"",""taker_side"":""no"",""ticker"":""KXETH15M-26APR281445-45"",""trade_id"":""5ee37ede-fd34-5491-ac1a-b0211254bd3c"",""yes_price_dollars"":""0.4100""}"
KXETH15M-26APR281445-45,514e2154-0e2c-5d32-308a-cd7147e8302c,1777401116,0.43,0.96,yes,"{""count_fp"":""0.96"",""created_time"":""2026-04-28T18:31:56.072278Z"",""no_price_dollars"":""0.5700"",""taker_side"":""yes"",""ticker"":""KXETH15M-26APR281445-45"",""trade_id"":""514e2154-0e2c-5d32-308a-cd7147e8302c"",""yes_price_dollars"":""0.4300""}"
KXETH15M-26APR281445-45,abd32b30-9059-70f0-ff38-36807c73eee9,1777401117,0.41,1.0,no,"{""count_fp"":""1.00"",""created_time"":""2026-04-28T18:31:57.001877Z"",""no_price_dollars"":""0.5900"",""taker_side"":""no"",""ticker"":""KXETH15M-26APR281445-45"",""trade_id"":""abd32b30-9059-70f0-ff38-36807c73eee9"",""yes_price_dollars"":""0.4100""}"
KXETH15M-26APR281445-45,ffb5e04d-e18c-53b4-ddc3-23ae49dfd685,1777401119,0.48,10.0,yes,"{""count_fp"":""10.00"",""created_time"":""2026-04-28T18:31:59.579747Z"",""no_price_dollars"":""0.5200"",""taker_side"":""yes"",""ticker"":""KXETH15M-26APR281445-45"",""trade_id"":""ffb5e04d-e18c-53b4-ddc3-23ae49dfd685"",""yes_price_dollars"":""0.4800""}"
KXETH15M-26APR281445-45,b5ffca0f-8919-525f-f740-4b9d1b8690bb,1777401119,0.44,2.0,yes,"{""count_fp"":""2.00"",""created_time"":""2026-04-28T18:31:59.579747Z"",""no_price_dollars"":""0.5600"",""taker_side"":""yes"",""ticker"":""KXETH15M-26APR281445-45"",""trade_id"":""b5ffca0f-8919-525f-f740-4b9d1b8690bb"",""yes_price_dollars"":""0.4400""}"
KXETH15M-26APR281445-45,b43c05ad-4a30-571e-d622-27316d11ff9c,1777401119,0.5,550.39,yes,"{""count_fp"":""550.39"",""created_time"":""2026-04-28T18:31:59.579747Z"",""no_price_dollars"":""0.5000"",""taker_side"":""yes"",""ticker"":""KXETH15M-26APR281445-45"",""trade_id"":""b43c05ad-4a30-571e-d622-27316d11ff9c"",""yes_price_dollars"":""0.5000""}"
KXETH15M-26APR281445-45,9216aeca-937e-5439-da32-d1472c74829d,1777401119,0.49,10.0,yes,"{""count_fp"":""10.00"",""created_time"":""2026-04-28T18:31:59.579747Z"",""no_price_dollars"":""0.5100"",""taker_side"":""yes"",""ticker"":""KXETH15M-26APR281445-45"",""trade_id"":""9216aeca-937e-5439-da32-d1472c74829d"",""yes_price_dollars"":""0.4900""}"
KXETH15M-26APR281445-45,000441f0-ea75-5c8e-f6f7-bf345dcf55a5,1777401119,0.49,60.0,yes,"{""count_fp"":""60.00"",""created_time"":""2026-04-28T18:31:59.579747Z"",""no_price_dollars"":""0.5100"",""taker_side"":""yes"",""ticker"":""KXETH15M-26APR281445-45"",""trade_id"":""000441f0-ea75-5c8e-f6f7-bf345dcf55a5"",""yes_price_dollars"":""0.4900""}"
KXETH15M-26APR281445-45,677bfcb3-bcd7-4432-91da-16aaa19ce6c4,1777401132,0.45,10.0,no,"{""count_fp"":""10.00"",""created_time"":""2026-04-28T18:32:12.571938Z"",""no_price_dollars"":""0.5500"",""taker_side"":""no"",""ticker"":""KXETH15M-26APR281445-45"",""trade_id"":""677bfcb3-bcd7-4432-91da-16aaa19ce6c4"",""yes_price_dollars"":""0.4500""}"
KXETH15M-26APR281445-45,443796b0-c99b-4ba4-8ff8-102ef379074e,1777401132,0.44,24.64,no,"{""count_fp"":""24.64"",""created_time"":""2026-04-28T18:32:12.571938Z"",""no_price_dollars"":""0.5600"",""taker_side"":""no"",""ticker"":""KXETH15M-26APR281445-45"",""trade_id"":""443796b0-c99b-4ba4-8ff8-102ef379074e"",""yes_price_dollars"":""0.4400""}"
KXETH15M-26APR281445-45,8490394c-0772-4ad8-0f8b-a564e5f0e6ce,1777401140,0.43,1.7,no,"{""count_fp"":""1.70"",""created_time"":""2026-04-28T18:32:20.084446Z"",""no_price_dollars"":""0.5700"",""taker_side"":""no"",""ticker"":""KXETH15M-26APR281445-45"",""trade_id"":""8490394c-0772-4ad8-0f8b-a564e5f0e6ce"",""yes_price_dollars"":""0.4300""}"
KXETH15M-26APR281445-45,39fe805d-8513-4358-ed11-8f369161f7e4,1777401148,0.43,0.3,no,"{""count_fp"":""0.30"",""created_time"":""2026-04-28T18:32:28.105581Z"",""no_price_dollars"":""0.5700"",""taker_side"":""no"",""ticker"":""KXETH15M-26APR281445-45"",""trade_id"":""39fe805d-8513-4358-ed11-8f369161f7e4"",""yes_price_dollars"":""0.4300""}"
KXETH15M-26APR281445-45,1dd39eef-32ba-44eb-fb17-c5aac0f99375,1777401148,0.4,4.7,no,"{""count_fp"":""4.70"",""created_time"":""2026-04-28T18:32:28.105581Z"",""no_price_dollars"":""0.6000"",""taker_side"":""no"",""ticker"":""KXETH15M-26APR281445-45"",""trade_id"":""1dd39eef-32ba-44eb-fb17-c5aac0f99375"",""yes_price_dollars"":""0.4000""}"
KXETH15M-26APR281445-45,1788ce2c-93f6-6fd7-64fc-e88a80589870,1777401153,0.4,3.0,no,"{""count_fp"":""3.00"",""created_time"":""2026-04-28T18:32:33.394094Z"",""no_price_dollars"":""0.6000"",""taker_side"":""no"",""ticker"":""KXETH15M-26APR281445-45"",""trade_id"":""1788ce2c-93f6-6fd7-64fc-e88a80589870"",""yes_price_dollars"":""0.4000""}"
KXETH15M-26APR281445-45,9a06a775-de17-5b10-bd10-cafcc7f6c4be,1777401155,0.39,5.0,no,"{""count_fp"":""5.00"",""created_time"":""2026-04-28T18:32:35.943381Z"",""no_price_dollars"":""0.6100"",""taker_side"":""no"",""ticker"":""KXETH15M-26APR281445-45"",""trade_id"":""9a06a775-de17-5b10-bd10-cafcc7f6c4be"",""yes_price_dollars"":""0.3900""}"
KXETH15M-26APR281445-45,77ac8e47-9f7b-5607-d26a-04f04be6d684,1777401155,0.4,6.0,yes,"{""count_fp"":""6.00"",""created_time"":""2026-04-28T18:32:35.727862Z"",""no_price_dollars"":""0.6000"",""taker_side"":""yes"",""ticker"":""KXETH15M-26APR281445-45"",""trade_id"":""77ac8e47-9f7b-5607-d26a-04f04be6d684"",""yes_price_dollars"":""0.4000""}"
KXETH15M-26APR281445-45,9cae4ea4-a37c-779e-72a2-7eff8ba71882,1777401165,0.35,5.0,no,"{""count_fp"":""5.00"",""created_time"":""2026-04-28T18:32:45.635847Z"",""no_price_dollars"":""0.6500"",""taker_side"":""no"",""ticker"":""KXETH15M-26APR281445-45"",""trade_id"":""9cae4ea4-a37c-779e-72a2-7eff8ba71882"",""yes_price_dollars"":""0.3500""}"
KXETH15M-26APR281445-45,d8ee7a08-2ea2-65da-66ee-93a05716525c,1777401166,0.35,3.0,no,"{""count_fp"":""3.00"",""created_time"":""2026-04-28T18:32:46.141874Z"",""no_price_dollars"":""0.6500"",""taker_side"":""no"",""ticker"":""KXETH15M-26APR281445-45"",""trade_id"":""d8ee7a08-2ea2-65da-66ee-93a05716525c"",""yes_price_dollars"":""0.3500""}"
KXETH15M-26APR281445-45,7d38415e-ff75-6dd8-61fd-c68afef1b909,1777401166,0.35,10.0,no,"{""count_fp"":""10.00"",""created_time"":""2026-04-28T18:32:46.141874Z"",""no_price_dollars"":""0.6500"",""taker_side"":""no"",""ticker"":""KXETH15M-26APR281445-45"",""trade_id"":""7d38415e-ff75-6dd8-61fd-c68afef1b909"",""yes_price_dollars"":""0.3500""}"
KXETH15M-26APR281445-45,d190c010-1b8b-6ad4-d852-71464f9713e6,1777401167,0.34,3.0,no,"{""count_fp"":""3.00"",""created_time"":""2026-04-28T18:32:47.050489Z"",""no_price_dollars"":""0.6600"",""taker_side"":""no"",""ticker"":""KXETH15M-26APR281445-45"",""trade_id"":""d190c010-1b8b-6ad4-d852-71464f9713e6"",""yes_price_dollars"":""0.3400""}"
KXETH15M-26APR281445-45,c069713a-8f3e-547b-ca17-8be130252a63,1777401170,0.42,110.0,yes,"{""count_fp"":""110.00"",""created_time"":""2026-04-28T18:32:50.725841Z"",""no_price_dollars"":""0.5800"",""taker_side"":""yes"",""ticker"":""KXETH15M-26APR281445-45"",""trade_id"":""c069713a-8f3e-547b-ca17-8be130252a63"",""yes_price_dollars"":""0.4200""}"
KXETH15M-26APR281445-45,d675524e-ee7e-4f73-ae7d-50ea6111a451,1777401170,0.44,40.0,yes,"{""count_fp"":""40.00"",""created_time"":""2026-04-28T18:32:50.704625Z"",""no_price_dollars"":""0.5600"",""taker_side"":""yes"",""ticker"":""KXETH15M-26APR281445-45"",""trade_id"":""d675524e-ee7e-4f73-ae7d-50ea6111a451"",""yes_price_dollars"":""0.4400""}"
KXETH15M-26APR281445-45,abfe385b-a869-40c9-ac6b-76b6cf4ea1fb,1777401170,0.4,10.0,yes,"{""count_fp"":""10.00"",""created_time"":""2026-04-28T18:32:50.704625Z"",""no_price_dollars"":""0.6000"",""taker_side"":""yes"",""ticker"":""KXETH15M-26APR281445-45"",""trade_id"":""abfe385b-a869-40c9-ac6b-76b6cf4ea1fb"",""yes_price_dollars"":""0.4000""}"
KXETH15M-26APR281445-45,7ee66b56-53cd-4633-90d3-99d86e79d3b5,1777401170,0.45,20.0,yes,"{""count_fp"":""20.00"",""created_time"":""2026-04-28T18:32:50.704625Z"",""no_price_dollars"":""0.5500"",""taker_side"":""yes"",""ticker"":""KXETH15M-26APR281445-45"",""trade_id"":""7ee66b56-53cd-4633-90d3-99d86e79d3b5"",""yes_price_dollars"":""0.4500""}"
KXETH15M-26APR281445-45,3af72484-28e6-49b7-9d00-64049fd9036a,1777401170,0.4,60.0,yes,"{""count_fp"":""60.00"",""created_time"":""2026-04-28T18:32:50.704625Z"",""no_price_dollars"":""0.6000"",""taker_side"":""yes"",""ticker"":""KXETH15M-26APR281445-45"",""trade_id"":""3af72484-28e6-49b7-9d00-64049fd9036a"",""yes_price_dollars"":""0.4000""}"
KXETH15M-26APR281445-45,c8ea6e6e-58e7-5bb1-7fa5-a09b8107c686,1777401170,0.39,10.0,yes,"{""count_fp"":""10.00"",""created_time"":""2026-04-28T18:32:50.689294Z"",""no_price_dollars"":""0.6100"",""taker_side"":""yes"",""ticker"":""KXETH15M-26APR281445-45"",""trade_id"":""c8ea6e6e-58e7-5bb1-7fa5-a09b8107c686"",""yes_price_dollars"":""0.3900""}"
KXETH15M-26APR281445-45,75c8b12f-6cac-514e-44d8-b39579ef98b2,1777401170,0.38,100.0,yes,"{""count_fp"":""100.00"",""created_time"":""2026-04-28T18:32:50.689294Z"",""no_price_dollars"":""0.6200"",""taker_side"":""yes"",""ticker"":""KXETH15M-26APR281445-45"",""trade_id"":""75c8b12f-6cac-514e-44d8-b39579ef98b2"",""yes_price_dollars"":""0.3800""}"
KXETH15M-26APR281445-45,d2fa41ef-c7a9-653d-c16c-22f7dba122b1,1777401170,0.38,5.0,yes,"{""count_fp"":""5.00"",""created_time"":""2026-04-28T18:32:50.302129Z"",""no_price_dollars"":""0.6200"",""taker_side"":""yes"",""ticker"":""KXETH15M-26APR281445-45"",""trade_id"":""d2fa41ef-c7a9-653d-c16c-22f7dba122b1"",""yes_price_dollars"":""0.3800""}"
KXETH15M-26APR281445-45,c6202774-b6c6-60da-ccf4-4c09b3ce107e,1777401170,0.37,2.0,yes,"{""count_fp"":""2.00"",""created_time"":""2026-04-28T18:32:50.302129Z"",""no_price_dollars"":""0.6300"",""taker_side"":""yes"",""ticker"":""KXETH15M-26APR281445-45"",""trade_id"":""c6202774-b6c6-60da-ccf4-4c09b3ce107e"",""yes_price_dollars"":""0.3700""}"
KXETH15M-26APR281445-45,19e32e2e-c64b-6155-d734-506b3dd68ada,1777401170,0.38,5.64,yes,"{""count_fp"":""5.64"",""created_time"":""2026-04-28T18:32:50.302129Z"",""no_price_dollars"":""0.6200"",""taker_side"":""yes"",""ticker"":""KXETH15M-26APR281445-45"",""trade_id"":""19e32e2e-c64b-6155-d734-506b3dd68ada"",""yes_price_dollars"":""0.3800""}"
KXETH15M-26APR281445-45,f9981f0a-d707-4a57-10a0-35d143f8edb6,1777401177,0.48,100.0,no,"{""count_fp"":""100.00"",""created_time"":""2026-04-28T18:32:57.022839Z"",""no_price_dollars"":""0.5200"",""taker_side"":""no"",""ticker"":""KXETH15M-26APR281445-45"",""trade_id"":""f9981f0a-d707-4a57-10a0-35d143f8edb6"",""yes_price_dollars"":""0.4800""}"
KXETH15M-26APR281445-45,c1d4d841-965f-4be7-1fb9-2cfc6908b3da,1777401177,0.48,10.0,no,"{""count_fp"":""10.00"",""created_time"":""2026-04-28T18:32:57.022839Z"",""no_price_dollars"":""0.5200"",""taker_side"":""no"",""ticker"":""KXETH15M-26APR281445-45"",""trade_id"":""c1d4d841-965f-4be7-1fb9-2cfc6908b3da"",""yes_price_dollars"":""0.4800""}"
KXETH15M-26APR281445-45,4aa300bb-2bf7-4268-282e-e3b6ab380f8a,1777401177,0.47,175.12,no,"{""count_fp"":""175.12"",""created_time"":""2026-04-28T18:32:57.022839Z"",""no_price_dollars"":""0.5300"",""taker_side"":""no"",""ticker"":""KXETH15M-26APR281445-45"",""trade_id"":""4aa300bb-2bf7-4268-282e-e3b6ab380f8a"",""yes_price_dollars"":""0.4700""}"
KXETH15M-26APR281445-45,da33b914-395f-520c-e9cd-3c2a0c02df5a,1777401181,0.47,20.0,no,"{""count_fp"":""20.00"",""created_time"":""2026-04-28T18:33:01.637626Z"",""no_price_dollars"":""0.5300"",""taker_side"":""no"",""ticker"":""KXETH15M-26APR281445-45"",""trade_id"":""da33b914-395f-520c-e9cd-3c2a0c02df5a"",""yes_price_dollars"":""0.4700""}"
KXETH15M-26APR281445-45,d818e89b-75d7-491f-4db2-91d5866cdb95,1777401182,0.52,1.0,yes,"{""count_fp"":""1.00"",""created_time"":""2026-04-28T18:33:02.243506Z"",""no_price_dollars"":""0.4800"",""taker_side"":""yes"",""ticker"":""KXETH15M-26APR281445-45"",""trade_id"":""d818e89b-75d7-491f-4db2-91d5866cdb95"",""yes_price_dollars"":""0.5200""}"
KXETH15M-26APR281445-45,f39a2be4-0f12-5767-f276-a4d176631908,1777401185,0.52,10.0,yes,"{""count_fp"":""10.00"",""created_time"":""2026-04-28T18:33:05.494909Z"",""no_price_dollars"":""0.4800"",""taker_side"":""yes"",""ticker"":""KXETH15M-26APR281445-45"",""trade_id"":""f39a2be4-0f12-5767-f276-a4d176631908"",""yes_price_dollars"":""0.5200""}"
KXETH15M-26APR281445-45,7f8e6bc7-68f3-5002-c145-3d6a7e28829a,1777401185,0.52,5.0,yes,"{""count_fp"":""5.00"",""created_time"":""2026-04-28T18:33:05.494909Z"",""no_price_dollars"":""0.4800"",""taker_side"":""yes"",""ticker"":""KXETH15M-26APR281445-45"",""trade_id"":""7f8e6bc7-68f3-5002-c145-3d6a7e28829a"",""yes_price_dollars"":""0.5200""}"
KXETH15M-26APR281445-45,389c8b03-1db3-461d-db6a-9441a2befccd,1777401186,0.53,1.82,yes,"{""count_fp"":""1.82"",""created_time"":""2026-04-28T18:33:06.448712Z"",""no_price_dollars"":""0.4700"",""taker_side"":""yes"",""ticker"":""KXETH15M-26APR281445-45"",""trade_id"":""389c8b03-1db3-461d-db6a-9441a2befccd"",""yes_price_dollars"":""0.5300""}"
KXETH15M-26APR281445-45,af6b827f-9b8b-40ba-a853-299dbaa99062,1777401188,0.49,70.2,no,"{""count_fp"":""70.20"",""created_time"":""2026-04-28T18:33:08.531246Z"",""no_price_dollars"":""0.5100"",""taker_side"":""no"",""ticker"":""KXETH15M-26APR281445-45"",""trade_id"":""af6b827f-9b8b-40ba-a853-299dbaa99062"",""yes_price_dollars"":""0.4900""}"
KXETH15M-26APR281445-45,98699a5c-dce3-412d-97de-bb161e6b507f,1777401188,0.49,10.0,no,"{""count_fp"":""10.00"",""created_time"":""2026-04-28T18:33:08.531246Z"",""no_price_dollars"":""0.5100"",""taker_side"":""no"",""ticker"":""KXETH15M-26APR281445-45"",""trade_id"":""98699a5c-dce3-412d-97de-bb161e6b507f"",""yes_price_dollars"":""0.4900""}"
KXETH15M-26APR281445-45,eb97a03d-c7d8-775f-7d04-f84b0cfe7f48,1777401188,0.5,10.2,no,"{""count_fp"":""10.20"",""created_time"":""2026-04-28T18:33:08.296589Z"",""no_price_dollars"":""0.5000"",""taker_side"":""no"",""ticker"":""KXETH15M-26APR281445-45"",""trade_id"":""eb97a03d-c7d8-775f-7d04-f84b0cfe7f48"",""yes_price_dollars"":""0.5000""}"
KXETH15M-26APR281445-45,98e93178-7c7f-760a-603e-efa25fee9f7a,1777401188,0.5,29.8,no,"{""count_fp"":""29.80"",""created_time"":""2026-04-28T18:33:08.296589Z"",""no_price_dollars"":""0.5000"",""taker_side"":""no"",""ticker"":""KXETH15M-26APR281445-45"",""trade_id"":""98e93178-7c7f-760a-603e-efa25fee9f7a"",""yes_price_dollars"":""0.5000""}"
KXETH15M-26APR281445-45,ac06c09a-cd3e-4385-71e5-7401aa909bf2,1777401191,0.46,4.0,no,"{""count_fp"":""4.00"",""created_time"":""2026-04-28T18:33:11.383891Z"",""no_price_dollars"":""0.5400"",""taker_side"":""no"",""ticker"":""KXETH15M-26APR281445-45"",""trade_id"":""ac06c09a-cd3e-4385-71e5-7401aa909bf2"",""yes_price_dollars"":""0.4600""}"
KXETH15M-26APR281445-45,cbed9629-7593-6a3d-9a1f-bd0a83e1e659,1777401193,0.46,1.43,no,"{""count_fp"":""1.43"",""created_time"":""2026-04-28T18:33:13.503731Z"",""no_price_dollars"":""0.5400"",""taker_side"":""no"",""ticker"":""KXETH15M-26APR281445-45"",""trade_id"":""cbed9629-7593-6a3d-9a1f-bd0a83e1e659"",""yes_price_dollars"":""0.4600""}"
KXETH15M-26APR281445-45,b4b5b0f2-27f9-76f5-7dd8-12c099c4bc40,1777401195,0.47,3.58,no,"{""count_fp"":""3.58"",""created_time"":""2026-04-28T18:33:15.365665Z"",""no_price_dollars"":""0.5300"",""taker_side"":""no"",""ticker"":""KXETH15M-26APR281445-45"",""trade_id"":""b4b5b0f2-27f9-76f5-7dd8-12c099c4bc40"",""yes_price_dollars"":""0.4700""}"
KXETH15M-26APR281445-45,20a56c94-9cd7-7d98-9420-854e431798dd,1777401196,0.51,10.0,yes,"{""count_fp"":""10.00"",""created_time"":""2026-04-28T18:33:16.485802Z"",""no_price_dollars"":""0.4900"",""taker_side"":""yes"",""ticker"":""KXETH15M-26APR281445-45"",""trade_id"":""20a56c94-9cd7-7d98-9420-854e431798dd"",""yes_price_dollars"":""0.5100""}"
KXETH15M-26APR281445-45,9ff9ea9c-afd2-5ffb-a037-c0e884027963,1777401203,0.48,15.6,no,"{""count_fp"":""15.60"",""created_time"":""2026-04-28T18:33:23.621089Z"",""no_price_dollars"":""0.5200"",""taker_side"":""no"",""ticker"":""KXETH15M-26APR281445-45"",""trade_id"":""9ff9ea9c-afd2-5ffb-a037-c0e884027963"",""yes_price_dollars"":""0.4800""}"
KXETH15M-26APR281445-45,4a45879c-85ba-513b-92d1-72c3de78e0dc,1777401203,0.48,3.0,no,"{""count_fp"":""3.00"",""created_time"":""2026-04-28T18:33:23.621089Z"",""no_price_dollars"":""0.5200"",""taker_side"":""no"",""ticker"":""KXETH15M-26APR281445-45"",""trade_id"":""4a45879c-85ba-513b-92d1-72c3de78e0dc"",""yes_price_dollars"":""0.4800""}"
KXETH15M-26APR281445-45,5f236037-0d4e-42ea-c479-9fff7f1b9c67,1777401204,0.5,1.0,yes,"{""count_fp"":""1.00"",""created_time"":""2026-04-28T18:33:24.894215Z"",""no_price_dollars"":""0.5000"",""taker_side"":""yes"",""ticker"":""KXETH15M-26APR281445-45"",""trade_id"":""5f236037-0d4e-42ea-c479-9fff7f1b9c67"",""yes_price_dollars"":""0.5000""}"
KXETH15M-26APR281445-45,d215ccfc-7ca7-7ae7-e99d-4cd171c751a5,1777401207,0.51,10.0,yes,"{""count_fp"":""10.00"",""created_time"":""2026-04-28T18:33:27.617997Z"",""no_price_dollars"":""0.4900"",""taker_side"":""yes"",""ticker"":""KXETH15M-26APR281445-45"",""trade_id"":""d215ccfc-7ca7-7ae7-e99d-4cd171c751a5"",""yes_price_dollars"":""0.5100""}"
KXETH15M-26APR281445-45,9f38d257-9f1a-7c65-d651-b3d59d8a9d7a,1777401207,0.52,5.0,yes,"{""count_fp"":""5.00"",""created_time"":""2026-04-28T18:33:27.617997Z"",""no_price_dollars"":""0.4800"",""taker_side"":""yes"",""ticker"":""KXETH15M-26APR281445-45"",""trade_id"":""9f38d257-9f1a-7c65-d651-b3d59d8a9d7a"",""yes_price_dollars"":""0.5200""}"
KXETH15M-26APR281445-45,56072f26-a27a-7f3e-c9e3-052fba336672,1777401207,0.52,9.79,yes,"{""count_fp"":""9.79"",""created_time"":""2026-04-28T18:33:27.617997Z"",""no_price_dollars"":""0.4800"",""taker_side"":""yes"",""ticker"":""KXETH15M-26APR281445-45"",""trade_id"":""56072f26-a27a-7f3e-c9e3-052fba336672"",""yes_price_dollars"":""0.5200""}"
KXETH15M-26APR281445-45,466aa588-10a1-7017-ca90-20f83ab8b1bc,1777401207,0.53,56.97,yes,"{""count_fp"":""56.97"",""created_time"":""2026-04-28T18:33:27.617997Z"",""no_price_dollars"":""0.4700"",""taker_side"":""yes"",""ticker"":""KXETH15M-26APR281445-45"",""trade_id"":""466aa588-10a1-7017-ca90-20f83ab8b1bc"",""yes_price_dollars"":""0.5300""}"
KXETH15M-26APR281445-45,3d3e9dd0-5c26-7602-ea1b-3be90887429b,1777401207,0.52,10.0,yes,"{""count_fp"":""10.00"",""created_time"":""2026-04-28T18:33:27.617997Z"",""no_price_dollars"":""0.4800"",""taker_side"":""yes"",""ticker"":""KXETH15M-26APR281445-45"",""trade_id"":""3d3e9dd0-5c26-7602-ea1b-3be90887429b"",""yes_price_dollars"":""0.5200""}"
KXETH15M-26APR281445-45,2ed2cb42-b592-5518-e5f9-d5c5abc34339,1777401211,0.49,10.0,yes,"{""count_fp"":""10.00"",""created_time"":""2026-04-28T18:33:31.828615Z"",""no_price_dollars"":""0.5100"",""taker_side"":""yes"",""ticker"":""KXETH15M-26APR281445-45"",""trade_id"":""2ed2cb42-b592-5518-e5f9-d5c5abc34339"",""yes_price_dollars"":""0.4900""}"
KXETH15M-26APR281445-45,8188838e-1409-6b75-a6be-954063dd771c,1777401214,0.51,10.76,yes,"{""count_fp"":""10.76"",""created_time"":""2026-04-28T18:33:34.064037Z"",""no_price_dollars"":""0.4900"",""taker_side"":""yes"",""ticker"":""KXETH15M-26APR281445-45"",""trade_id"":""8188838e-1409-6b75-a6be-954063dd771c"",""yes_price_dollars"":""0.5100""}"
KXETH15M-26APR281445-45,93fc6515-6ca9-4531-45b1-23fb3484e5b4,1777401216,0.51,96.27,yes,"{""count_fp"":""96.27"",""created_time"":""2026-04-28T18:33:36.929198Z"",""no_price_dollars"":""0.4900"",""taker_side"":""yes"",""ticker"":""KXETH15M-26APR281445-45"",""trade_id"":""93fc6515-6ca9-4531-45b1-23fb3484e5b4"",""yes_price_dollars"":""0.5100""}"
KXETH15M-26APR281445-45,0f156ee7-5145-587b-281f-70ed4f69a1ab,1777401216,0.51,3.79,yes,"{""count_fp"":""3.79"",""created_time"":""2026-04-28T18:33:36.736022Z"",""no_price_dollars"":""0.4900"",""taker_side"":""yes"",""ticker"":""KXETH15M-26APR281445-45"",""trade_id"":""0f156ee7-5145-587b-281f-70ed4f69a1ab"",""yes_price_dollars"":""0.5100""}"
KXETH15M-26APR281445-45,542632ff-0e5d-5fb0-e531-9ff6e721e1bb,1777401217,0.51,1.88,yes,"{""count_fp"":""1.88"",""created_time"":""2026-04-28T18:33:37.850574Z"",""no_price_dollars"":""0.4900"",""taker_side"":""yes"",""ticker"":""KXETH15M-26APR281445-45"",""trade_id"":""542632ff-0e5d-5fb0-e531-9ff6e721e1bb"",""yes_price_dollars"":""0.5100""}"
KXETH15M-26APR281445-45,dd373a5b-58bd-7074-44e2-9fe1f4faac3f,1777401220,0.51,18.95,yes,"{""count_fp"":""18.95"",""created_time"":""2026-04-28T18:33:40.994123Z"",""no_price_dollars"":""0.4900"",""taker_side"":""yes"",""ticker"":""KXETH15M-26APR281445-45"",""trade_id"":""dd373a5b-58bd-7074-44e2-9fe1f4faac3f"",""yes_price_dollars"":""0.5100""}"
KXETH15M-26APR281445-45,1efc0307-5b6a-5d59-e3e3-2650e47a6a4e,1777401220,0.47,1.27,no,"{""count_fp"":""1.27"",""created_time"":""2026-04-28T18:33:40.183047Z"",""no_price_dollars"":""0.5300"",""taker_side"":""no"",""ticker"":""KXETH15M-26APR281445-45"",""trade_id"":""1efc0307-5b6a-5d59-e3e3-2650e47a6a4e"",""yes_price_dollars"":""0.4700""}"
KXETH15M-26APR281445-45,6f2ed301-3a76-77f5-80de-81b7d40814c2,1777401227,0.47,3.0,no,"{""count_fp"":""3.00"",""created_time"":""2026-04-28T18:33:47.498878Z"",""no_price_dollars"":""0.5300"",""taker_side"":""no"",""ticker"":""KXETH15M-26APR281445-45"",""trade_id"":""6f2ed301-3a76-77f5-80de-81b7d40814c2"",""yes_price_dollars"":""0.4700""}"
KXETH15M-26APR281445-45,70da6435-d7ca-406a-1ee4-7b9394a7b536,1777401228,0.52,5.0,yes,"{""count_fp"":""5.00"",""created_time"":""2026-04-28T18:33:48.314959Z"",""no_price_dollars"":""0.4800"",""taker_side"":""yes"",""ticker"":""KXETH15M-26APR281445-45"",""trade_id"":""70da6435-d7ca-406a-1ee4-7b9394a7b536"",""yes_price_dollars"":""0.5200""}"
KXETH15M-26APR281445-45,5d3dc0d8-081c-522b-cc61-e2bc47844b48,1777401228,0.49,10.0,yes,"{""count_fp"":""10.00"",""created_time"":""2026-04-28T18:33:48.124173Z"",""no_price_dollars"":""0.5100"",""taker_side"":""yes"",""ticker"":""KXETH15M-26APR281445-45"",""trade_id"":""5d3dc0d8-081c-522b-cc61-e2bc47844b48"",""yes_price_dollars"":""0.4900""}"
KXETH15M-26APR281445-45,542e481c-6f91-5694-df83-bcf2dd9f9ccf,1777401228,0.49,100.0,yes,"{""count_fp"":""100.00"",""created_time"":""2026-04-28T18:33:48.124173Z"",""no_price_dollars"":""0.5100"",""taker_side"":""yes"",""ticker"":""KXETH15M-26APR281445-45"",""trade_id"":""542e481c-6f91-5694-df83-bcf2dd9f9ccf"",""yes_price_dollars"":""0.4900""}"
KXETH15M-26APR281445-45,ebfc4895-eb90-5689-d209-64dfa8e7ea02,1777401231,0.5,7.25,no,"{""count_fp"":""7.25"",""created_time"":""2026-04-28T18:33:51.013198Z"",""no_price_dollars"":""0.5000"",""taker_side"":""no"",""ticker"":""KXETH15M-26APR281445-45"",""trade_id"":""ebfc4895-eb90-5689-d209-64dfa8e7ea02"",""yes_price_dollars"":""0.5000""}"
KXETH15M-26APR281445-45,97589e85-b8cb-5850-c119-cab60e4ddd08,1777401231,0.51,10.0,no,"{""count_fp"":""10.00"",""created_time"":""2026-04-28T18:33:51.013198Z"",""no_price_dollars"":""0.4900"",""taker_side"":""no"",""ticker"":""KXETH15M-26APR281445-45"",""trade_id"":""97589e85-b8cb-5850-c119-cab60e4ddd08"",""yes_price_dollars"":""0.5100""}"
KXETH15M-26APR281445-45,8dd6bb6f-da4e-5f49-decf-1ab53cf46156,1777401231,0.5,10.0,no,"{""count_fp"":""10.00"",""created_time"":""2026-04-28T18:33:51.013198Z"",""no_price_dollars"":""0.5000"",""taker_side"":""no"",""ticker"":""KXETH15M-26APR281445-45"",""trade_id"":""8dd6bb6f-da4e-5f49-decf-1ab53cf46156"",""yes_price_dollars"":""0.5000""}"
KXETH15M-26APR281445-45,a3b8dd03-255c-4dee-894c-ac1bc8036368,1777401241,0.5,10.4,yes,"{""count_fp"":""10.40"",""created_time"":""2026-04-28T18:34:01.405995Z"",""no_price_dollars"":""0.5000"",""taker_side"":""yes"",""ticker"":""KXETH15M-26APR281445-45"",""trade_id"":""a3b8dd03-255c-4dee-894c-ac1bc8036368"",""yes_price_dollars"":""0.5000""}"
KXETH15M-26APR281445-45,2baa473e-a2b0-4def-98e3-cb85ed4c1f1b,1777401241,0.5,1.0,yes,"{""count_fp"":""1.00"",""created_time"":""2026-04-28T18:34:01.405995Z"",""no_price_dollars"":""0.5000"",""taker_side"":""yes"",""ticker"":""KXETH15M-26APR281445-45"",""trade_id"":""2baa473e-a2b0-4def-98e3-cb85ed4c1f1b"",""yes_price_dollars"":""0.5000""}"
KXETH15M-26APR281445-45,9a282abb-51e0-5206-e5cf-5d9314b9f3dd,1777401250,0.51,10.0,yes,"{""count_fp"":""10.00"",""created_time"":""2026-04-28T18:34:10.186114Z"",""no_price_dollars"":""0.4900"",""taker_side"":""yes"",""ticker"":""KXETH15M-26APR281445-45"",""trade_id"":""9a282abb-51e0-5206-e5cf-5d9314b9f3dd"",""yes_price_dollars"":""0.5100""}"
KXETH15M-26APR281445-45,958a09c8-773e-53d7-a013-b52fedc5e1c7,1777401251,0.52,4.0,yes,"{""count_fp"":""4.00"",""created_time"":""2026-04-28T18:34:11.581369Z"",""no_price_dollars"":""0.4800"",""taker_side"":""yes"",""ticker"":""KXETH15M-26APR281445-45"",""trade_id"":""958a09c8-773e-53d7-a013-b52fedc5e1c7"",""yes_price_dollars"":""0.5200""}"
KXETH15M-26APR281445-45,f97dec67-446e-46ff-f030-dfc21791518e,1777401251,0.5,3.0,no,"{""count_fp"":""3.00"",""created_time"":""2026-04-28T18:34:11.388812Z"",""no_price_dollars"":""0.5000"",""taker_side"":""no"",""ticker"":""KXETH15M-26APR281445-45"",""trade_id"":""f97dec67-446e-46ff-f030-dfc21791518e"",""yes_price_dollars"":""0.5000""}"
KXETH15M-26APR281445-45,4c9f6e25-08e3-4e92-f790-f830c020f9bc,1777401251,0.5,4.72,no,"{""count_fp"":""4.72"",""created_time"":""2026-04-28T18:34:11.388812Z"",""no_price_dollars"":""0.5000"",""taker_side"":""no"",""ticker"":""KXETH15M-26APR281445-45"",""trade_id"":""4c9f6e25-08e3-4e92-f790-f830c020f9bc"",""yes_price_dollars"":""0.5000""}"
KXETH15M-26APR281445-45,7ca81e7d-3684-78c6-40d1-5f795f014039,1777401259,0.49,3.0,no,"{""count_fp"":""3.00"",""created_time"":""2026-04-28T18:34:19.665926Z"",""no_price_dollars"":""0.5100"",""taker_side"":""no"",""ticker"":""KXETH15M-26APR281445-45"",""trade_id"":""7ca81e7d-3684-78c6-40d1-5f795f014039"",""yes_price_dollars"":""0.4900""}"
KXETH15M-26APR281445-45,31d38154-12bd-7220-6069-223ffcd8bca4,1777401259,0.49,1.0,no,"{""count_fp"":""1.00"",""created_time"":""2026-04-28T18:34:19.665926Z"",""no_price_dollars"":""0.5100"",""taker_side"":""no"",""ticker"":""KXETH15M-26APR281445-45"",""trade_id"":""31d38154-12bd-7220-6069-223ffcd8bca4"",""yes_price_dollars"":""0.4900""}"
KXETH15M-26APR281445-45,916fef14-8685-7fb3-454a-53ea8daf0dc5,1777401260,0.48,14.88,yes,"{""count_fp"":""14.88"",""created_time"":""2026-04-28T18:34:20.704828Z"",""no_price_dollars"":""0.5200"",""taker_side"":""yes"",""ticker"":""KXETH15M-26APR281445-45"",""trade_id"":""916fef14-8685-7fb3-454a-53ea8daf0dc5"",""yes_price_dollars"":""0.4800""}"
KXETH15M-26APR281445-45,0a4c682c-7b8a-7a80-ec57-507563dc0d2e,1777401264,0.45,1.0,no,"{""count_fp"":""1.00"",""created_time"":""2026-04-28T18:34:24.352326Z"",""no_price_dollars"":""0.5500"",""taker_side"":""no"",""ticker"":""KXETH15M-26APR281445-45"",""trade_id"":""0a4c682c-7b8a-7a80-ec57-507563dc0d2e"",""yes_price_dollars"":""0.4500""}"
KXETH15M-26APR281445-45,dcfc49e3-b5f9-76b3-1711-b0738436088f,1777401269,0.49,10.0,yes,"{""count_fp"":""10.00"",""created_time"":""2026-04-28T18:34:29.906111Z"",""no_price_dollars"":""0.5100"",""taker_side"":""yes"",""ticker"":""KXETH15M-26APR281445-45"",""trade_id"":""dcfc49e3-b5f9-76b3-1711-b0738436088f"",""yes_price_dollars"":""0.4900""}"
KXETH15M-26APR281445-45,a5d19267-7ac9-7d03-226c-018c782f0e01,1777401269,0.49,9.67,yes,"{""count_fp"":""9.67"",""created_time"":""2026-04-28T18:34:29.906111Z"",""no_price_dollars"":""0.5100"",""taker_side"":""yes"",""ticker"":""KXETH15M-26APR281445-45"",""trade_id"":""a5d19267-7ac9-7d03-226c-018c782f0e01"",""yes_price_dollars"":""0.4900""}"
KXETH15M-26APR281445-45,f297276e-de73-4ebe-18fc-af8af47626d2,1777401272,0.46,80.75,no,"{""count_fp"":""80.75"",""created_time"":""2026-04-28T18:34:32.642915Z"",""no_price_dollars"":""0.5400"",""taker_side"":""no"",""ticker"":""KXETH15M-26APR281445-45"",""trade_id"":""f297276e-de73-4ebe-18fc-af8af47626d2"",""yes_price_dollars"":""0.4600""}"
KXETH15M-26APR281445-45,df58c5ce-6c83-4575-2bc4-7b5f71d99973,1777401272,0.46,10.0,no,"{""count_fp"":""10.00"",""created_time"":""2026-04-28T18:34:32.642915Z"",""no_price_dollars"":""0.5400"",""taker_side"":""no"",""ticker"":""KXETH15M-26APR281445-45"",""trade_id"":""df58c5ce-6c83-4575-2bc4-7b5f71d99973"",""yes_price_dollars"":""0.4600""}"
KXETH15M-26APR281445-45,de1c3d9c-f044-4197-0d65-52f91fb68d7a,1777401272,0.46,10.0,no,"{""count_fp"":""10.00"",""created_time"":""2026-04-28T18:34:32.642915Z"",""no_price_dollars"":""0.5400"",""taker_side"":""no"",""ticker"":""KXETH15M-26APR281445-45"",""trade_id"":""de1c3d9c-f044-4197-0d65-52f91fb68d7a"",""yes_price_dollars"":""0.4600""}"
KXETH15M-26APR281445-45,0211f40a-4d53-4bea-1653-4a43b5b32cbc,1777401272,0.45,75.86,no,"{""count_fp"":""75.86"",""created_time"":""2026-04-28T18:34:32.642915Z"",""no_price_dollars"":""0.5500"",""taker_side"":""no"",""ticker"":""KXETH15M-26APR281445-45"",""trade_id"":""0211f40a-4d53-4bea-1653-4a43b5b32cbc"",""yes_price_dollars"":""0.4500""}"
KXETH15M-26APR281445-45,e010e2ae-2f11-5183-141e-36a28f88a4f5,1777401282,0.51,8.95,yes,"{""count_fp"":""8.95"",""created_time"":""2026-04-28T18:34:42.589684Z"",""no_price_dollars"":""0.4900"",""taker_side"":""yes"",""ticker"":""KXETH15M-26APR281445-45"",""trade_id"":""e010e2ae-2f11-5183-141e-36a28f88a4f5"",""yes_price_dollars"":""0.5100""}"
KXETH15M-26APR281445-45,3c36f030-aa1e-5494-2ce3-1429a2ca6e70,1777401282,0.51,10.0,yes,"{""count_fp"":""10.00"",""created_time"":""2026-04-28T18:34:42.589684Z"",""no_price_dollars"":""0.4900"",""taker_side"":""yes"",""ticker"":""KXETH15M-26APR281445-45"",""trade_id"":""3c36f030-aa1e-5494-2ce3-1429a2ca6e70"",""yes_price_dollars"":""0.5100""}"
KXETH15M-26APR281445-45,385fee1b-a4e9-741f-e930-e6e74cde3014,1777401288,0.47,9.13,no,"{""count_fp"":""9.13"",""created_time"":""2026-04-28T18:34:48.769907Z"",""no_price_dollars"":""0.5300"",""taker_side"":""no"",""ticker"":""KXETH15M-26APR281445-45"",""trade_id"":""385fee1b-a4e9-741f-e930-e6e74cde3014"",""yes_price_dollars"":""0.4700""}"
KXETH15M-26APR281445-45,d79e0cdd-40e9-70ec-b571-30a24903cda6,1777401291,0.47,10.0,no,"{""count_fp"":""10.00"",""created_time"":""2026-04-28T18:34:51.823208Z"",""no_price_dollars"":""0.5300"",""taker_side"":""no"",""ticker"":""KXETH15M-26APR281445-45"",""trade_id"":""d79e0cdd-40e9-70ec-b571-30a24903cda6"",""yes_price_dollars"":""0.4700""}"
KXETH15M-26APR281445-45,3ad2d39a-dfc5-77dd-8da2-8d541e7d65ea,1777401291,0.47,10.0,no,"{""count_fp"":""10.00"",""created_time"":""2026-04-28T18:34:51.823208Z"",""no_price_dollars"":""0.5300"",""taker_side"":""no"",""ticker"":""KXETH15M-26APR281445-45"",""trade_id"":""3ad2d39a-dfc5-77dd-8da2-8d541e7d65ea"",""yes_price_dollars"":""0.4700""}"
KXETH15M-26APR281445-45,8334196c-465d-78c2-3ec5-0f8da97d7fc4,1777401292,0.37,29.0,no,"{""count_fp"":""29.00"",""created_time"":""2026-04-28T18:34:52.372791Z"",""no_price_dollars"":""0.6300"",""taker_side"":""no"",""ticker"":""KXETH15M-26APR281445-45"",""trade_id"":""8334196c-465d-78c2-3ec5-0f8da97d7fc4"",""yes_price_dollars"":""0.3700""}"
KXETH15M-26APR281445-45,4e0fea94-d195-580e-c969-28db6eaf184c,1777401292,0.37,61.0,no,"{""count_fp"":""61.00"",""created_time"":""2026-04-28T18:34:52.360108Z"",""no_price_dollars"":""0.6300"",""taker_side"":""no"",""ticker"":""KXETH15M-26APR281445-45"",""trade_id"":""4e0fea94-d195-580e-c969-28db6eaf184c"",""yes_price_dollars"":""0.3700""}"
KXETH15M-26APR281445-45,975c1df5-aaa4-4e3a-b3df-568c327c7884,1777401292,0.37,1.0,no,"{""count_fp"":""1.00"",""created_time"":""2026-04-28T18:34:52.353913Z"",""no_price_dollars"":""0.6300"",""taker_side"":""no"",""ticker"":""KXETH15M-26APR281445-45"",""trade_id"":""975c1df5-aaa4-4e3a-b3df-568c327c7884"",""yes_price_dollars"":""0.3700""}"
KXETH15M-26APR281445-45,441d6529-451d-48be-b120-4af61e8d7f88,1777401292,0.37,10.0,no,"{""count_fp"":""10.00"",""created_time"":""2026-04-28T18:34:52.353913Z"",""no_price_dollars"":""0.6300"",""taker_side"":""no"",""ticker"":""KXETH15M-26APR281445-45"",""trade_id"":""441d6529-451d-48be-b120-4af61e8d7f88"",""yes_price_dollars"":""0.3700""}"
KXETH15M-26APR281445-45,38986dbd-d0bf-4064-bcc8-fbe48ccc413a,1777401292,0.37,60.0,no,"{""count_fp"":""60.00"",""created_time"":""2026-04-28T18:34:52.353913Z"",""no_price_dollars"":""0.6300"",""taker_side"":""no"",""ticker"":""KXETH15M-26APR281445-45"",""trade_id"":""38986dbd-d0bf-4064-bcc8-fbe48ccc413a"",""yes_price_dollars"":""0.3700""}"
KXETH15M-26APR281445-45,5ff7539e-4391-5cd6-7ca6-4690bbfa5722,1777401292,0.39,10.0,no,"{""count_fp"":""10.00"",""created_time"":""2026-04-28T18:34:52.318978Z"",""no_price_dollars"":""0.6100"",""taker_side"":""no"",""ticker"":""KXETH15M-26APR281445-45"",""trade_id"":""5ff7539e-4391-5cd6-7ca6-4690bbfa5722"",""yes_price_dollars"":""0.3900""}"
KXETH15M-26APR281445-45,97cee58c-0015-4283-a3b9-5e46c618eac5,1777401292,0.42,1.89,yes,"{""count_fp"":""1.89"",""created_time"":""2026-04-28T18:34:52.287159Z"",""no_price_dollars"":""0.5800"",""taker_side"":""yes"",""ticker"":""KXETH15M-26APR281445-45"",""trade_id"":""97cee58c-0015-4283-a3b9-5e46c618eac5"",""yes_price_dollars"":""0.4200""}"
KXETH15M-26APR281445-45,5f11c71f-b9e5-52bf-4e93-d8815d7c9b9e,1777401292,0.41,26.0,no,"{""count_fp"":""26.00"",""created_time"":""2026-04-28T18:34:52.242175Z"",""no_price_dollars"":""0.5900"",""taker_side"":""no"",""ticker"":""KXETH15M-26APR281445-45"",""trade_id"":""5f11c71f-b9e5-52bf-4e93-d8815d7c9b9e"",""yes_price_dollars"":""0.4100""}"
KXETH15M-26APR281445-45,048c6bed-84ba-497a-6fba-ef994359e05a,1777401292,0.44,5.0,no,"{""count_fp"":""5.00"",""created_time"":""2026-04-28T18:34:52.074226Z"",""no_price_dollars"":""0.5600"",""taker_side"":""no"",""ticker"":""KXETH15M-26APR281445-45"",""trade_id"":""048c6bed-84ba-497a-6fba-ef994359e05a"",""yes_price_dollars"":""0.4400""}"
KXETH15M-26APR281445-45,8683d2b6-c58b-57dd-ac5e-b05910c32782,1777401293,0.29,10.0,no,"{""count_fp"":""10.00"",""created_time"":""2026-04-28T18:34:53.987886Z"",""no_price_dollars"":""0.7100"",""taker_side"":""no"",""ticker"":""KXETH15M-26APR281445-45"",""trade_id"":""8683d2b6-c58b-57dd-ac5e-b05910c32782"",""yes_price_dollars"":""0.2900""}"
KXETH15M-26APR281445-45,c54f9a68-fdd3-4873-0d36-93a9d0d82372,1777401293,0.3,1.0,no,"{""count_fp"":""1.00"",""created_time"":""2026-04-28T18:34:53.757619Z"",""no_price_dollars"":""0.7000"",""taker_side"":""no"",""ticker"":""KXETH15M-26APR281445-45"",""trade_id"":""c54f9a68-fdd3-4873-0d36-93a9d0d82372"",""yes_price_dollars"":""0.3000""}"
KXETH15M-26APR281445-45,3f81732d-352a-69e6-1a4f-b8abae59555e,1777401295,0.3,2.0,yes,"{""count_fp"":""2.00"",""created_time"":""2026-04-28T18:34:55.941609Z"",""no_price_dollars"":""0.7000"",""taker_side"":""yes"",""ticker"":""KXETH15M-26APR281445-45"",""trade_id"":""3f81732d-352a-69e6-1a4f-b8abae59555e"",""yes_price_dollars"":""0.3000""}"
KXETH15M-26APR281445-45,af758785-b8ee-4847-11b5-13d9ff9a3fc6,1777401296,0.3,68.61,yes,"{""count_fp"":""68.61"",""created_time"":""2026-04-28T18:34:56.524199Z"",""no_price_dollars"":""0.7000"",""taker_side"":""yes"",""ticker"":""KXETH15M-26APR281445-45"",""trade_id"":""af758785-b8ee-4847-11b5-13d9ff9a3fc6"",""yes_price_dollars"":""0.3000""}"
KXETH15M-26APR281445-45,82871046-09e2-4172-2a1a-4d79b3c96612,1777401296,0.29,100.0,yes,"{""count_fp"":""100.00"",""created_time"":""2026-04-28T18:34:56.524199Z"",""no_price_dollars"":""0.7100"",""taker_side"":""yes"",""ticker"":""KXETH15M-26APR281445-45"",""trade_id"":""82871046-09e2-4172-2a1a-4d79b3c96612"",""yes_price_dollars"":""0.2900""}"
KXETH15M-26APR281445-45,36ead042-9e1d-4e7f-318a-9c23948c293d,1777401296,0.3,8.0,yes,"{""count_fp"":""8.00"",""created_time"":""2026-04-28T18:34:56.524199Z"",""no_price_dollars"":""0.7000"",""taker_side"":""yes"",""ticker"":""KXETH15M-26APR281445-45"",""trade_id"":""36ead042-9e1d-4e7f-318a-9c23948c293d"",""yes_price_dollars"":""0.3000""}"
KXETH15M-26APR281445-45,ca8ca2ab-72bd-676c-b2a1-ae68cf0f9c20,1777401296,0.27,10.0,no,"{""count_fp"":""10.00"",""created_time"":""2026-04-28T18:34:56.436175Z"",""no_price_dollars"":""0.7300"",""taker_side"":""no"",""ticker"":""KXETH15M-26APR281445-45"",""trade_id"":""ca8ca2ab-72bd-676c-b2a1-ae68cf0f9c20"",""yes_price_dollars"":""0.2700""}"
KXETH15M-26APR281445-45,884e3742-32a8-66c0-a60c-3c860f10d3c5,1777401296,0.27,10.0,no,"{""count_fp"":""10.00"",""created_time"":""2026-04-28T18:34:56.436175Z"",""no_price_dollars"":""0.7300"",""taker_side"":""no"",""ticker"":""KXETH15M-26APR281445-45"",""trade_id"":""884e3742-32a8-66c0-a60c-3c860f10d3c5"",""yes_price_dollars"":""0.2700""}"
KXETH15M-26APR281445-45,97cde998-3d39-4087-ad09-094f66044ce1,1777401298,0.25,1.0,no,"{""count_fp"":""1.00"",""created_time"":""2026-04-28T18:34:58.831271Z"",""no_price_dollars"":""0.7500"",""taker_side"":""no"",""ticker"":""KXETH15M-26APR281445-45"",""trade_id"":""97cde998-3d39-4087-ad09-094f66044ce1"",""yes_price_dollars"":""0.2500""}"
KXETH15M-26APR281445-45,5084f0f9-2eda-40aa-bde1-ed706f45b5aa,1777401298,0.25,5.55,no,"{""count_fp"":""5.55"",""created_time"":""2026-04-28T18:34:58.831271Z"",""no_price_dollars"":""0.7500"",""taker_side"":""no"",""ticker"":""KXETH15M-26APR281445-45"",""trade_id"":""5084f0f9-2eda-40aa-bde1-ed706f45b5aa"",""yes_price_dollars"":""0.2500""}"
KXETH15M-26APR281445-45,f0f130c0-6a6e-52c7-f087-ef465bdf82fa,1777401298,0.3,175.12,yes,"{""count_fp"":""175.12"",""created_time"":""2026-04-28T18:34:58.488808Z"",""no_price_dollars"":""0.7000"",""taker_side"":""yes"",""ticker"":""KXETH15M-26APR281445-45"",""trade_id"":""f0f130c0-6a6e-52c7-f087-ef465bdf82fa"",""yes_price_dollars"":""0.3000""}"
KXETH15M-26APR281445-45,e0066c53-4de8-5b0f-d121-d33794e0fbe6,1777401298,0.28,10.0,yes,"{""count_fp"":""10.00"",""created_time"":""2026-04-28T18:34:58.488808Z"",""no_price_dollars"":""0.7200"",""taker_side"":""yes"",""ticker"":""KXETH15M-26APR281445-45"",""trade_id"":""e0066c53-4de8-5b0f-d121-d33794e0fbe6"",""yes_price_dollars"":""0.2800""}"
KXETH15M-26APR281445-45,043d79e5-e045-5494-ecfc-ae7781f65029,1777401298,0.28,100.0,yes,"{""count_fp"":""100.00"",""created_time"":""2026-04-28T18:34:58.488808Z"",""no_price_dollars"":""0.7200"",""taker_side"":""yes"",""ticker"":""KXETH15M-26APR281445-45"",""trade_id"":""043d79e5-e045-5494-ecfc-ae7781f65029"",""yes_price_dollars"":""0.2800""}"
KXETH15M-26APR281445-45,f3d2e7d0-6b86-485a-ca70-119ac572e255,1777401301,0.23,1.0,no,"{""count_fp"":""1.00"",""created_time"":""2026-04-28T18:35:01.718489Z"",""no_price_dollars"":""0.7700"",""taker_side"":""no"",""ticker"":""KXETH15M-26APR281445-45"",""trade_id"":""f3d2e7d0-6b86-485a-ca70-119ac572e255"",""yes_price_dollars"":""0.2300""}"
KXETH15M-26APR281445-45,afd0b0b5-19f9-470a-ff32-d700ca8f7949,1777401301,0.22,7.0,no,"{""count_fp"":""7.00"",""created_time"":""2026-04-28T18:35:01.718489Z"",""no_price_dollars"":""0.7800"",""taker_side"":""no"",""ticker"":""KXETH15M-26APR281445-45"",""trade_id"":""afd0b0b5-19f9-470a-ff32-d700ca8f7949"",""yes_price_dollars"":""0.2200""}"
KXETH15M-26APR281445-45,897fea3a-4dbf-475e-e89d-715ba009c2ce,1777401301,0.22,1.0,no,"{""count_fp"":""1.00"",""created_time"":""2026-04-28T18:35:01.718489Z"",""no_price_dollars"":""0.7800"",""taker_side"":""no"",""ticker"":""KXETH15M-26APR281445-45"",""trade_id"":""897fea3a-4dbf-475e-e89d-715ba009c2ce"",""yes_price_dollars"":""0.2200""}"
KXETH15M-26APR281445-45,7ef65690-621f-4ace-cdc4-d91477b79704,1777401301,0.24,1.0,no,"{""count_fp"":""1.00"",""created_time"":""2026-04-28T18:35:01.718489Z"",""no_price_dollars"":""0.7600"",""taker_side"":""no"",""ticker"":""KXETH15M-26APR281445-45"",""trade_id"":""7ef65690-621f-4ace-cdc4-d91477b79704"",""yes_price_dollars"":""0.2400""}"
KXETH15M-26APR281445-45,ffe41965-16b6-71d3-d6d9-c434462811ee,1777401302,0.31,44.37,yes,"{""count_fp"":""44.37"",""created_time"":""2026-04-28T18:35:02.993014Z"",""no_price_dollars"":""0.6900"",""taker_side"":""yes"",""ticker"":""KXETH15M-26APR281445-45"",""trade_id"":""ffe41965-16b6-71d3-d6d9-c434462811ee"",""yes_price_dollars"":""0.3100""}"
KXETH15M-26APR281445-45,f99918bd-9316-72a6-d61b-78345db57974,1777401302,0.28,10.0,yes,"{""count_fp"":""10.00"",""created_time"":""2026-04-28T18:35:02.993014Z"",""no_price_dollars"":""0.7200"",""taker_side"":""yes"",""ticker"":""KXETH15M-26APR281445-45"",""trade_id"":""f99918bd-9316-72a6-d61b-78345db57974"",""yes_price_dollars"":""0.2800""}"
KXETH15M-26APR281445-45,b6d33202-46b7-7b3d-fe19-6b8dad061106,1777401302,0.26,100.0,yes,"{""count_fp"":""100.00"",""created_time"":""2026-04-28T18:35:02.993014Z"",""no_price_dollars"":""0.7400"",""taker_side"":""yes"",""ticker"":""KXETH15M-26APR281445-45"",""trade_id"":""b6d33202-46b7-7b3d-fe19-6b8dad061106"",""yes_price_dollars"":""0.2600""}"
KXETH15M-26APR281445-45,4fac1940-e6e8-76d3-da00-90d613ea1d41,1777401302,0.28,60.0,yes,"{""count_fp"":""60.00"",""created_time"":""2026-04-28T18:35:02.993014Z"",""no_price_dollars"":""0.7200"",""taker_side"":""yes"",""ticker"":""KXETH15M-26APR281445-45"",""trade_id"":""4fac1940-e6e8-76d3-da00-90d613ea1d41"",""yes_price_dollars"":""0.2800""}"
KXETH15M-26APR281445-45,16eac554-e6cb-7545-e0d0-7c31bdcd0bbd,1777401302,0.27,10.0,yes,"{""count_fp"":""10.00"",""created_time"":""2026-04-28T18:35:02.993014Z"",""no_price_dollars"":""0.7300"",""taker_side"":""yes"",""ticker"":""KXETH15M-26APR281445-45"",""trade_id"":""16eac554-e6cb-7545-e0d0-7c31bdcd0bbd"",""yes_price_dollars"":""0.2700""}"
KXETH15M-26APR281445-45,025ce3a3-1cb2-7552-c94c-4601c35d688c,1777401302,0.27,1.0,yes,"{""count_fp"":""1.00"",""created_time"":""2026-04-28T18:35:02.993014Z"",""no_price_dollars"":""0.7300"",""taker_side"":""yes"",""ticker"":""KXETH15M-26APR281445-45"",""trade_id"":""025ce3a3-1cb2-7552-c94c-4601c35d688c"",""yes_price_dollars"":""0.2700""}"
KXETH15M-26APR281445-45,7623b903-0e07-468c-784b-13b7513ddf25,1777401303,0.25,5.0,no,"{""count_fp"":""5.00"",""created_time"":""2026-04-28T18:35:03.815735Z"",""no_price_dollars"":""0.7500"",""taker_side"":""no"",""ticker"":""KXETH15M-26APR281445-45"",""trade_id"":""7623b903-0e07-468c-784b-13b7513ddf25"",""yes_price_dollars"":""0.2500""}"
KXETH15M-26APR281445-45,257e9030-482f-479b-4f53-b54138eb32cb,1777401303,0.25,7.0,no,"{""count_fp"":""7.00"",""created_time"":""2026-04-28T18:35:03.815735Z"",""no_price_dollars"":""0.7500"",""taker_side"":""no"",""ticker"":""KXETH15M-26APR281445-45"",""trade_id"":""257e9030-482f-479b-4f53-b54138eb32cb"",""yes_price_dollars"":""0.2500""}"
KXETH15M-26APR281445-45,f4a25771-1289-7c3e-9ea6-0bb02dd2ffba,1777401304,0.23,20.36,no,"{""count_fp"":""20.36"",""created_time"":""2026-04-28T18:35:04.222586Z"",""no_price_dollars"":""0.7700"",""taker_side"":""no"",""ticker"":""KXETH15M-26APR281445-45"",""trade_id"":""f4a25771-1289-7c3e-9ea6-0bb02dd2ffba"",""yes_price_dollars"":""0.2300""}"
KXETH15M-26APR281445-45,465d25a6-933b-743c-8c3c-5e9273812ec1,1777401304,0.25,5.0,no,"{""count_fp"":""5.00"",""created_time"":""2026-04-28T18:35:04.222586Z"",""no_price_dollars"":""0.7500"",""taker_side"":""no"",""ticker"":""KXETH15M-26APR281445-45"",""trade_id"":""465d25a6-933b-743c-8c3c-5e9273812ec1"",""yes_price_dollars"":""0.2500""}"
KXETH15M-26APR281445-45,414f0e88-cc4b-42fb-f090-e88424e317b7,1777401305,0.23,12.16,no,"{""count_fp"":""12.16"",""created_time"":""2026-04-28T18:35:05.157979Z"",""no_price_dollars"":""0.7700"",""taker_side"":""no"",""ticker"":""KXETH15M-26APR281445-45"",""trade_id"":""414f0e88-cc4b-42fb-f090-e88424e317b7"",""yes_price_dollars"":""0.2300""}"
KXETH15M-26APR281445-45,12e5bff9-a31e-4e5a-d41e-8e896cfc9b3e,1777401305,0.23,10.0,no,"{""count_fp"":""10.00"",""created_time"":""2026-04-28T18:35:05.157979Z"",""no_price_dollars"":""0.7700"",""taker_side"":""no"",""ticker"":""KXETH15M-26APR281445-45"",""trade_id"":""12e5bff9-a31e-4e5a-d41e-8e896cfc9b3e"",""yes_price_dollars"":""0.2300""}"
KXETH15M-26APR281445-45,6ac2db0d-274f-4d8f-4ab6-61b874d4ef3f,1777401306,0.23,1.0,no,"{""count_fp"":""1.00"",""created_time"":""2026-04-28T18:35:06.672029Z"",""no_price_dollars"":""0.7700"",""taker_side"":""no"",""ticker"":""KXETH15M-26APR281445-45"",""trade_id"":""6ac2db0d-274f-4d8f-4ab6-61b874d4ef3f"",""yes_price_dollars"":""0.2300""}"
KXETH15M-26APR281445-45,a4ead336-4517-6e53-dc38-f30b1a7014ef,1777401306,0.23,1.0,no,"{""count_fp"":""1.00"",""created_time"":""2026-04-28T18:35:06.526216Z"",""no_price_dollars"":""0.7700"",""taker_side"":""no"",""ticker"":""KXETH15M-26APR281445-45"",""trade_id"":""a4ead336-4517-6e53-dc38-f30b1a7014ef"",""yes_price_dollars"":""0.2300""}"
KXETH15M-26APR281445-45,bfe32ea6-a189-693a-e1b0-8c803a3f5b71,1777401308,0.26,9.8,yes,"{""count_fp"":""9.80"",""created_time"":""2026-04-28T18:35:08.676371Z"",""no_price_dollars"":""0.7400"",""taker_side"":""yes"",""ticker"":""KXETH15M-26APR281445-45"",""trade_id"":""bfe32ea6-a189-693a-e1b0-8c803a3f5b71"",""yes_price_dollars"":""0.2600""}"
KXETH15M-26APR281445-45,95c9f4be-7fb5-60ac-ffdf-3f8c14b12188,1777401308,0.25,0.2,yes,"{""count_fp"":""0.20"",""created_time"":""2026-04-28T18:35:08.676371Z"",""no_price_dollars"":""0.7500"",""taker_side"":""yes"",""ticker"":""KXETH15M-26APR281445-45"",""trade_id"":""95c9f4be-7fb5-60ac-ffdf-3f8c14b12188"",""yes_price_dollars"":""0.2500""}"
KXETH15M-26APR281445-45,9cdac130-bb5c-5d79-bb05-f02a2f7776c6,1777401312,0.26,6.0,no,"{""count_fp"":""6.00"",""created_time"":""2026-04-28T18:35:12.740833Z"",""no_price_dollars"":""0.7400"",""taker_side"":""no"",""ticker"":""KXETH15M-26APR281445-45"",""trade_id"":""9cdac130-bb5c-5d79-bb05-f02a2f7776c6"",""yes_price_dollars"":""0.2600""}"
KXETH15M-26APR281445-45,a484f52a-603d-70f2-635d-2a1c76b37641,1777401314,0.26,10.0,yes,"{""count_fp"":""10.00"",""created_time"":""2026-04-28T18:35:14.807089Z"",""no_price_dollars"":""0.7400"",""taker_side"":""yes"",""ticker"":""KXETH15M-26APR281445-45"",""trade_id"":""a484f52a-603d-70f2-635d-2a1c76b37641"",""yes_price_dollars"":""0.2600""}"
KXETH15M-26APR281445-45,9197860e-1653-57f3-4a8c-a216d2056147,1777401314,0.25,1.0,no,"{""count_fp"":""1.00"",""created_time"":""2026-04-28T18:35:14.626143Z"",""no_price_dollars"":""0.7500"",""taker_side"":""no"",""ticker"":""KXETH15M-26APR281445-45"",""trade_id"":""9197860e-1653-57f3-4a8c-a216d2056147"",""yes_price_dollars"":""0.2500""}"
KXETH15M-26APR281445-45,0889c29a-2f7a-7237-833d-f64445c9ac8f,1777401315,0.26,23.81,yes,"{""count_fp"":""23.81"",""created_time"":""2026-04-28T18:35:15.466412Z"",""no_price_dollars"":""0.7400"",""taker_side"":""yes"",""ticker"":""KXETH15M-26APR281445-45"",""trade_id"":""0889c29a-2f7a-7237-833d-f64445c9ac8f"",""yes_price_dollars"":""0.2600""}"
KXETH15M-26APR281445-45,4653abf7-3aa7-5c47-7d30-c14a39fb78db,1777401316,0.25,1.0,no,"{""count_fp"":""1.00"",""created_time"":""2026-04-28T18:35:16.932982Z"",""no_price_dollars"":""0.7500"",""taker_side"":""no"",""ticker"":""KXETH15M-26APR281445-45"",""trade_id"":""4653abf7-3aa7-5c47-7d30-c14a39fb78db"",""yes_price_dollars"":""0.2500""}"
KXETH15M-26APR281445-45,2ccdff08-d5ef-63bc-de8d-43dbc5bd53d9,1777401323,0.24,2.0,no,"{""count_fp"":""2.00"",""created_time"":""2026-04-28T18:35:23.566722Z"",""no_price_dollars"":""0.7600"",""taker_side"":""no"",""ticker"":""KXETH15M-26APR281445-45"",""trade_id"":""2ccdff08-d5ef-63bc-de8d-43dbc5bd53d9"",""yes_price_dollars"":""0.2400""}"
KXETH15M-26APR281445-45,30ef8a31-7123-4a78-b64c-80e2e1c8589d,1777401329,0.24,1.0,no,"{""count_fp"":""1.00"",""created_time"":""2026-04-28T18:35:29.039862Z"",""no_price_dollars"":""0.7600"",""taker_side"":""no"",""ticker"":""KXETH15M-26APR281445-45"",""trade_id"":""30ef8a31-7123-4a78-b64c-80e2e1c8589d"",""yes_price_dollars"":""0.2400""}"
KXETH15M-26APR281445-45,e6763c20-1883-5e88-739b-4ac0cf73b6c5,1777401332,0.24,2.0,no,"{""count_fp"":""2.00"",""created_time"":""2026-04-28T18:35:32.438379Z"",""no_price_dollars"":""0.7600"",""taker_side"":""no"",""ticker"":""KXETH15M-26APR281445-45"",""trade_id"":""e6763c20-1883-5e88-739b-4ac0cf73b6c5"",""yes_price_dollars"":""0.2400""}"
KXETH15M-26APR281445-45,b5a02e6e-8793-5a1a-57b7-24b8a4a72202,1777401332,0.24,1.0,no,"{""count_fp"":""1.00"",""created_time"":""2026-04-28T18:35:32.438379Z"",""no_price_dollars"":""0.7600"",""taker_side"":""no"",""ticker"":""KXETH15M-26APR281445-45"",""trade_id"":""b5a02e6e-8793-5a1a-57b7-24b8a4a72202"",""yes_price_dollars"":""0.2400""}"
KXETH15M-26APR281445-45,40cfeba6-2362-5e0d-6e19-3b1f386cc682,1777401332,0.24,10.0,no,"{""count_fp"":""10.00"",""created_time"":""2026-04-28T18:35:32.438379Z"",""no_price_dollars"":""0.7600"",""taker_side"":""no"",""ticker"":""KXETH15M-26APR281445-45"",""trade_id"":""40cfeba6-2362-5e0d-6e19-3b1f386cc682"",""yes_price_dollars"":""0.2400""}"
KXETH15M-26APR281445-45,283babf0-3317-5637-4495-1be42681a60b,1777401332,0.23,116.0,no,"{""count_fp"":""116.00"",""created_time"":""2026-04-28T18:35:32.438379Z"",""no_price_dollars"":""0.7700"",""taker_side"":""no"",""ticker"":""KXETH15M-26APR281445-45"",""trade_id"":""283babf0-3317-5637-4495-1be42681a60b"",""yes_price_dollars"":""0.2300""}"
KXETH15M-26APR281445-45,49af806d-bf46-76ff-17de-363f5308408b,1777401333,0.23,20.0,yes,"{""count_fp"":""20.00"",""created_time"":""2026-04-28T18:35:33.679408Z"",""no_price_dollars"":""0.7700"",""taker_side"":""yes"",""ticker"":""KXETH15M-26APR281445-45"",""trade_id"":""49af806d-bf46-76ff-17de-363f5308408b"",""yes_price_dollars"":""0.2300""}"
KXETH15M-26APR281445-45,a386afa2-e932-7a07-9bb1-72da3c5c6e33,1777401339,0.25,11.4,yes,"{""count_fp"":""11.40"",""created_time"":""2026-04-28T18:35:39.134677Z"",""no_price_dollars"":""0.7500"",""taker_side"":""yes"",""ticker"":""KXETH15M-26APR281445-45"",""trade_id"":""a386afa2-e932-7a07-9bb1-72da3c5c6e33"",""yes_price_dollars"":""0.2500""}"
KXETH15M-26APR281445-45,8bd94d8a-3cc7-5707-1317-d8f04355ba3b,1777401340,0.24,1.0,no,"{""count_fp"":""1.00"",""created_time"":""2026-04-28T18:35:40.370536Z"",""no_price_dollars"":""0.7600"",""taker_side"":""no"",""ticker"":""KXETH15M-26APR281445-45"",""trade_id"":""8bd94d8a-3cc7-5707-1317-d8f04355ba3b"",""yes_price_dollars"":""0.2400""}"
KXETH15M-26APR281445-45,e965ec0f-48c6-5f33-3f6e-10138a506a5b,1777401341,0.26,18.28,yes,"{""count_fp"":""18.28"",""created_time"":""2026-04-28T18:35:41.789001Z"",""no_price_dollars"":""0.7400"",""taker_side"":""yes"",""ticker"":""KXETH15M-26APR281445-45"",""trade_id"":""e965ec0f-48c6-5f33-3f6e-10138a506a5b"",""yes_price_dollars"":""0.2600""}"
KXETH15M-26APR281445-45,d7135698-28db-4dc5-3a35-103cead3b489,1777401349,0.25,2.34,yes,"{""count_fp"":""2.34"",""created_time"":""2026-04-28T18:35:49.649897Z"",""no_price_dollars"":""0.7500"",""taker_side"":""yes"",""ticker"":""KXETH15M-26APR281445-45"",""trade_id"":""d7135698-28db-4dc5-3a35-103cead3b489"",""yes_price_dollars"":""0.2500""}"
KXETH15M-26APR281445-45,b93d3f3c-5cef-7a13-7b8c-f267a8ddab23,1777401351,0.24,1.0,no,"{""count_fp"":""1.00"",""created_time"":""2026-04-28T18:35:51.804622Z"",""no_price_dollars"":""0.7600"",""taker_side"":""no"",""ticker"":""KXETH15M-26APR281445-45"",""trade_id"":""b93d3f3c-5cef-7a13-7b8c-f267a8ddab23"",""yes_price_dollars"":""0.2400""}"
KXETH15M-26APR281445-45,c0883ff6-b75b-6155-82e7-08ca568482e9,1777401352,0.25,10.0,yes,"{""count_fp"":""10.00"",""created_time"":""2026-04-28T18:35:52.790453Z"",""no_price_dollars"":""0.7500"",""taker_side"":""yes"",""ticker"":""KXETH15M-26APR281445-45"",""trade_id"":""c0883ff6-b75b-6155-82e7-08ca568482e9"",""yes_price_dollars"":""0.2500""}"
KXETH15M-26APR281445-45,94c5556a-97b7-4ecf-fa1c-046fabcda05f,1777401353,0.35,57.0,no,"{""count_fp"":""57.00"",""created_time"":""2026-04-28T18:35:53.413955Z"",""no_price_dollars"":""0.6500"",""taker_side"":""no"",""ticker"":""KXETH15M-26APR281445-45"",""trade_id"":""94c5556a-97b7-4ecf-fa1c-046fabcda05f"",""yes_price_dollars"":""0.3500""}"
KXETH15M-26APR281445-45,005aaeae-6b47-5c3f-bc0c-fb3f2b56dedb,1777401353,0.34,57.0,no,"{""count_fp"":""57.00"",""created_time"":""2026-04-28T18:35:53.385984Z"",""no_price_dollars"":""0.6600"",""taker_side"":""no"",""ticker"":""KXETH15M-26APR281445-45"",""trade_id"":""005aaeae-6b47-5c3f-bc0c-fb3f2b56dedb"",""yes_price_dollars"":""0.3400""}"
KXETH15M-26APR281445-45,720e32b5-a97f-61c3-8196-721f7ea384bb,1777401353,0.32,57.0,no,"{""count_fp"":""57.00"",""created_time"":""2026-04-28T18:35:53.368057Z"",""no_price_dollars"":""0.6800"",""taker_side"":""no"",""ticker"":""KXETH15M-26APR281445-45"",""trade_id"":""720e32b5-a97f-61c3-8196-721f7ea384bb"",""yes_price_dollars"":""0.3200""}"
KXETH15M-26APR281445-45,ed413302-8fc0-448c-d96c-d58c0d4b6de0,1777401353,0.35,259.0,yes,"{""count_fp"":""259.00"",""created_time"":""2026-04-28T18:35:53.323982Z"",""no_price_dollars"":""0.6500"",""taker_side"":""yes"",""ticker"":""KXETH15M-26APR281445-45"",""trade_id"":""ed413302-8fc0-448c-d96c-d58c0d4b6de0"",""yes_price_dollars"":""0.3500""}"
KXETH15M-26APR281445-45,ea156f92-dd79-467d-daa0-88ce0ed5f8de,1777401353,0.33,5.0,yes,"{""count_fp"":""5.00"",""created_time"":""2026-04-28T18:35:53.323982Z"",""no_price_dollars"":""0.6700"",""taker_side"":""yes"",""ticker"":""KXETH15M-26APR281445-45"",""trade_id"":""ea156f92-dd79-467d-daa0-88ce0ed5f8de"",""yes_price_dollars"":""0.3300""}"
KXETH15M-26APR281445-45,4ec505a2-25ec-40ab-fa1f-ec29440e2b1b,1777401353,0.34,10.0,yes,"{""count_fp"":""10.00"",""created_time"":""2026-04-28T18:35:53.323982Z"",""no_price_dollars"":""0.6600"",""taker_side"":""yes"",""ticker"":""KXETH15M-26APR281445-45"",""trade_id"":""4ec505a2-25ec-40ab-fa1f-ec29440e2b1b"",""yes_price_dollars"":""0.3400""}"
KXETH15M-26APR281445-45,b6446389-6da4-52c7-56e7-530456f1ba8d,1777401353,0.31,60.0,yes,"{""count_fp"":""60.00"",""created_time"":""2026-04-28T18:35:53.295401Z"",""no_price_dollars"":""0.6900"",""taker_side"":""yes"",""ticker"":""KXETH15M-26APR281445-45"",""trade_id"":""b6446389-6da4-52c7-56e7-530456f1ba8d"",""yes_price_dollars"":""0.3100""}"
KXETH15M-26APR281445-45,1f87ea6c-0156-5273-6b9e-49485e974f86,1777401353,0.3,550.9,yes,"{""count_fp"":""550.90"",""created_time"":""2026-04-28T18:35:53.295401Z"",""no_price_dollars"":""0.7000"",""taker_side"":""yes"",""ticker"":""KXETH15M-26APR281445-45"",""trade_id"":""1f87ea6c-0156-5273-6b9e-49485e974f86"",""yes_price_dollars"":""0.3000""}"
KXETH15M-26APR281445-45,0ec2c33f-acfd-521c-6490-3a1876612c27,1777401353,0.3,20.0,yes,"{""count_fp"":""20.00"",""created_time"":""2026-04-28T18:35:53.295401Z"",""no_price_dollars"":""0.7000"",""taker_side"":""yes"",""ticker"":""KXETH15M-26APR281445-45"",""trade_id"":""0ec2c33f-acfd-521c-6490-3a1876612c27"",""yes_price_dollars"":""0.3000""}"
KXETH15M-26APR281445-45,6220ace1-1d38-65cc-5c46-1048fd3ae391,1777401353,0.28,1.0,yes,"{""count_fp"":""1.00"",""created_time"":""2026-04-28T18:35:53.294813Z"",""no_price_dollars"":""0.7200"",""taker_side"":""yes"",""ticker"":""KXETH15M-26APR281445-45"",""trade_id"":""6220ace1-1d38-65cc-5c46-1048fd3ae391"",""yes_price_dollars"":""0.2800""}"
KXETH15M-26APR281445-45,436c408a-4599-65ca-7d59-c9d72ae306ad,1777401353,0.29,10.0,yes,"{""count_fp"":""10.00"",""created_time"":""2026-04-28T18:35:53.294813Z"",""no_price_dollars"":""0.7100"",""taker_side"":""yes"",""ticker"":""KXETH15M-26APR281445-45"",""trade_id"":""436c408a-4599-65ca-7d59-c9d72ae306ad"",""yes_price_dollars"":""0.2900""}"
KXETH15M-26APR281445-45,18e0dc5a-96b6-6e1b-6b31-e35e1299c1c9,1777401353,0.28,10.0,yes,"{""count_fp"":""10.00"",""created_time"":""2026-04-28T18:35:53.294813Z"",""no_price_dollars"":""0.7200"",""taker_side"":""yes"",""ticker"":""KXETH15M-26APR281445-45"",""trade_id"":""18e0dc5a-96b6-6e1b-6b31-e35e1299c1c9"",""yes_price_dollars"":""0.2800""}"
KXETH15M-26APR281445-45,01f37050-3b73-61cf-57d2-3ba41e49b40d,1777401353,0.27,39.76,yes,"{""count_fp"":""39.76"",""created_time"":""2026-04-28T18:35:53.294813Z"",""no_price_dollars"":""0.7300"",""taker_side"":""yes"",""ticker"":""KXETH15M-26APR281445-45"",""trade_id"":""01f37050-3b73-61cf-57d2-3ba41e49b40d"",""yes_price_dollars"":""0.2700""}"
KXETH15M-26APR281445-45,af847748-ca0f-6b17-5d4f-f83f4059479d,1777401353,0.27,234.0,yes,"{""count_fp"":""234.00"",""created_time"":""2026-04-28T18:35:53.293879Z"",""no_price_dollars"":""0.7300"",""taker_side"":""yes"",""ticker"":""KXETH15M-26APR281445-45"",""trade_id"":""af847748-ca0f-6b17-5d4f-f83f4059479d"",""yes_price_dollars"":""0.2700""}"
KXETH15M-26APR281445-45,de8bf33e-0beb-5c01-0782-29d6e4b4b825,1777401353,0.25,134.66,yes,"{""count_fp"":""134.66"",""created_time"":""2026-04-28T18:35:53.261679Z"",""no_price_dollars"":""0.7500"",""taker_side"":""yes"",""ticker"":""KXETH15M-26APR281445-45"",""trade_id"":""de8bf33e-0beb-5c01-0782-29d6e4b4b825"",""yes_price_dollars"":""0.2500""}"
KXETH15M-26APR281445-45,21b72481-8b3e-55ef-1397-e36d9be84d57,1777401353,0.26,99.34,yes,"{""count_fp"":""99.34"",""created_time"":""2026-04-28T18:35:53.261679Z"",""no_price_dollars"":""0.7400"",""taker_side"":""yes"",""ticker"":""KXETH15M-26APR281445-45"",""trade_id"":""21b72481-8b3e-55ef-1397-e36d9be84d57"",""yes_price_dollars"":""0.2600""}"
KXETH15M-26APR281445-45,21f874f2-ec1a-5e38-c0ee-606c47ee4bed,1777401354,0.33,5.0,yes,"{""count_fp"":""5.00"",""created_time"":""2026-04-28T18:35:54.539795Z"",""no_price_dollars"":""0.6700"",""taker_side"":""yes"",""ticker"":""KXETH15M-26APR281445-45"",""trade_id"":""21f874f2-ec1a-5e38-c0ee-606c47ee4bed"",""yes_price_dollars"":""0.3300""}"
KXETH15M-26APR281445-45,4b812389-7d0c-7d1c-b601-4a50b8200638,1777401354,0.38,10.0,yes,"{""count_fp"":""10.00"",""created_time"":""2026-04-28T18:35:54.136629Z"",""no_price_dollars"":""0.6200"",""taker_side"":""yes"",""ticker"":""KXETH15M-26APR281445-45"",""trade_id"":""4b812389-7d0c-7d1c-b601-4a50b8200638"",""yes_price_dollars"":""0.3800""}"
KXETH15M-26APR281445-45,e4df992e-3e0e-6707-9743-022dbc2675a8,1777401355,0.32,10.0,no,"{""count_fp"":""10.00"",""created_time"":""2026-04-28T18:35:55.204651Z"",""no_price_dollars"":""0.6800"",""taker_side"":""no"",""ticker"":""KXETH15M-26APR281445-45"",""trade_id"":""e4df992e-3e0e-6707-9743-022dbc2675a8"",""yes_price_dollars"":""0.3200""}"
KXETH15M-26APR281445-45,d00f9aac-a9ce-4942-c0c1-ad4ee3cb39ae,1777401359,0.36,5.0,no,"{""count_fp"":""5.00"",""created_time"":""2026-04-28T18:35:59.365985Z"",""no_price_dollars"":""0.6400"",""taker_side"":""no"",""ticker"":""KXETH15M-26APR281445-45"",""trade_id"":""d00f9aac-a9ce-4942-c0c1-ad4ee3cb39ae"",""yes_price_dollars"":""0.3600""}"
KXETH15M-26APR281445-45,1601e9e5-534e-7a8c-d412-d6f1a34480b7,1777401371,0.37,4.0,no,"{""count_fp"":""4.00"",""created_time"":""2026-04-28T18:36:11.762018Z"",""no_price_dollars"":""0.6300"",""taker_side"":""no"",""ticker"":""KXETH15M-26APR281445-45"",""trade_id"":""1601e9e5-534e-7a8c-d412-d6f1a34480b7"",""yes_price_dollars"":""0.3700""}"
KXETH15M-26APR281445-45,5a3a8522-e9a4-6a38-8a3a-9f9fcb6e26c2,1777401371,0.35,10.0,yes,"{""count_fp"":""10.00"",""created_time"":""2026-04-28T18:36:11.634767Z"",""no_price_dollars"":""0.6500"",""taker_side"":""yes"",""ticker"":""KXETH15M-26APR281445-45"",""trade_id"":""5a3a8522-e9a4-6a38-8a3a-9f9fcb6e26c2"",""yes_price_dollars"":""0.3500""}"
KXETH15M-26APR281445-45,281307d5-c5ed-60c0-35b2-bb64d8056db2,1777401375,0.39,4.0,yes,"{""count_fp"":""4.00"",""created_time"":""2026-04-28T18:36:15.445341Z"",""no_price_dollars"":""0.6100"",""taker_side"":""yes"",""ticker"":""KXETH15M-26APR281445-45"",""trade_id"":""281307d5-c5ed-60c0-35b2-bb64d8056db2"",""yes_price_dollars"":""0.3900""}"
KXETH15M-26APR281445-45,d740d304-2757-4c60-1090-98b4d9f0a74f,1777401376,0.36,1.0,no,"{""count_fp"":""1.00"",""created_time"":""2026-04-28T18:36:16.693877Z"",""no_price_dollars"":""0.6400"",""taker_side"":""no"",""ticker"":""KXETH15M-26APR281445-45"",""trade_id"":""d740d304-2757-4c60-1090-98b4d9f0a74f"",""yes_price_dollars"":""0.3600""}"
KXETH15M-26APR281445-45,9277e9ab-8bf8-581d-787a-9e0d3f15388a,1777401380,0.4,10.0,yes,"{""count_fp"":""10.00"",""created_time"":""2026-04-28T18:36:20.812442Z"",""no_price_dollars"":""0.6000"",""taker_side"":""yes"",""ticker"":""KXETH15M-26APR281445-45"",""trade_id"":""9277e9ab-8bf8-581d-787a-9e0d3f15388a"",""yes_price_dollars"":""0.4000""}"
KXETH15M-26APR281445-45,135f9ef8-e875-591a-6331-375a938ea64e,1777401380,0.4,10.0,yes,"{""count_fp"":""10.00"",""created_time"":""2026-04-28T18:36:20.812442Z"",""no_price_dollars"":""0.6000"",""taker_side"":""yes"",""ticker"":""KXETH15M-26APR281445-45"",""trade_id"":""135f9ef8-e875-591a-6331-375a938ea64e"",""yes_price_dollars"":""0.4000""}"
KXETH15M-26APR281445-45,0c64a7fe-48be-5bf5-bc3a-ac4205848a63,1777401381,0.39,4.0,no,"{""count_fp"":""4.00"",""created_time"":""2026-04-28T18:36:21.228154Z"",""no_price_dollars"":""0.6100"",""taker_side"":""no"",""ticker"":""KXETH15M-26APR281445-45"",""trade_id"":""0c64a7fe-48be-5bf5-bc3a-ac4205848a63"",""yes_price_dollars"":""0.3900""}"
KXETH15M-26APR281445-45,b6c6f8e3-f2f1-552c-7594-8686dab6fda6,1777401382,0.42,6.39,yes,"{""count_fp"":""6.39"",""created_time"":""2026-04-28T18:36:22.918917Z"",""no_price_dollars"":""0.5800"",""taker_side"":""yes"",""ticker"":""KXETH15M-26APR281445-45"",""trade_id"":""b6c6f8e3-f2f1-552c-7594-8686dab6fda6"",""yes_price_dollars"":""0.4200""}"
KXETH15M-26APR281445-45,419a14c8-f93b-5a46-4e63-f4402440c302,1777401382,0.42,5.0,yes,"{""count_fp"":""5.00"",""created_time"":""2026-04-28T18:36:22.918917Z"",""no_price_dollars"":""0.5800"",""taker_side"":""yes"",""ticker"":""KXETH15M-26APR281445-45"",""trade_id"":""419a14c8-f93b-5a46-4e63-f4402440c302"",""yes_price_dollars"":""0.4200""}"
KXETH15M-26APR281445-45,ffab1a5a-b7a8-5f13-c526-6031441c6939,1777401387,0.36,10.0,no,"{""count_fp"":""10.00"",""created_time"":""2026-04-28T18:36:27.932277Z"",""no_price_dollars"":""0.6400"",""taker_side"":""no"",""ticker"":""KXETH15M-26APR281445-45"",""trade_id"":""ffab1a5a-b7a8-5f13-c526-6031441c6939"",""yes_price_dollars"":""0.3600""}"
KXETH15M-26APR281445-45,7668ef7c-055a-5f6f-ec12-d4d175581718,1777401387,0.36,1.5,no,"{""count_fp"":""1.50"",""created_time"":""2026-04-28T18:36:27.932277Z"",""no_price_dollars"":""0.6400"",""taker_side"":""no"",""ticker"":""KXETH15M-26APR281445-45"",""trade_id"":""7668ef7c-055a-5f6f-ec12-d4d175581718"",""yes_price_dollars"":""0.3600""}"
KXETH15M-26APR281445-45,1fbed45f-a61b-5d56-daee-60095920ebe5,1777401387,0.36,7.5,no,"{""count_fp"":""7.50"",""created_time"":""2026-04-28T18:36:27.932277Z"",""no_price_dollars"":""0.6400"",""taker_side"":""no"",""ticker"":""KXETH15M-26APR281445-45"",""trade_id"":""1fbed45f-a61b-5d56-daee-60095920ebe5"",""yes_price_dollars"":""0.3600""}"
KXETH15M-26APR281445-45,678ee3c1-83a2-5181-e56d-23fb0f0d0d80,1777401391,0.39,10.0,yes,"{""count_fp"":""10.00"",""created_time"":""2026-04-28T18:36:31.434303Z"",""no_price_dollars"":""0.6100"",""taker_side"":""yes"",""ticker"":""KXETH15M-26APR281445-45"",""trade_id"":""678ee3c1-83a2-5181-e56d-23fb0f0d0d80"",""yes_price_dollars"":""0.3900""}"
KXETH15M-26APR281445-45,2c887ece-da5a-5c5a-f40d-88f3927fd31f,1777401391,0.4,2.11,yes,"{""count_fp"":""2.11"",""created_time"":""2026-04-28T18:36:31.434303Z"",""no_price_dollars"":""0.6000"",""taker_side"":""yes"",""ticker"":""KXETH15M-26APR281445-45"",""trade_id"":""2c887ece-da5a-5c5a-f40d-88f3927fd31f"",""yes_price_dollars"":""0.4000""}"
KXETH15M-26APR281445-45,fcc59759-78a8-73aa-0e9f-45fcecffd2bd,1777401398,0.4,18.0,no,"{""count_fp"":""18.00"",""created_time"":""2026-04-28T18:36:38.821206Z"",""no_price_dollars"":""0.6000"",""taker_side"":""no"",""ticker"":""KXETH15M-26APR281445-45"",""trade_id"":""fcc59759-78a8-73aa-0e9f-45fcecffd2bd"",""yes_price_dollars"":""0.4000""}"
KXETH15M-26APR281445-45,b01daecc-2d39-4315-9aa1-67e730a63fd1,1777401398,0.4,10.0,yes,"{""count_fp"":""10.00"",""created_time"":""2026-04-28T18:36:38.316011Z"",""no_price_dollars"":""0.6000"",""taker_side"":""yes"",""ticker"":""KXETH15M-26APR281445-45"",""trade_id"":""b01daecc-2d39-4315-9aa1-67e730a63fd1"",""yes_price_dollars"":""0.4000""}"
KXETH15M-26APR281445-45,f849ea41-d61e-6ffa-2ec3-d00ea3d0fb7f,1777401399,0.45,10.0,yes,"{""count_fp"":""10.00"",""created_time"":""2026-04-28T18:36:39.614864Z"",""no_price_dollars"":""0.5500"",""taker_side"":""yes"",""ticker"":""KXETH15M-26APR281445-45"",""trade_id"":""f849ea41-d61e-6ffa-2ec3-d00ea3d0fb7f"",""yes_price_dollars"":""0.4500""}"
KXETH15M-26APR281445-45,ab2ea727-dcc4-6751-5372-18019d3004b7,1777401399,0.44,5.0,yes,"{""count_fp"":""5.00"",""created_time"":""2026-04-28T18:36:39.592162Z"",""no_price_dollars"":""0.5600"",""taker_side"":""yes"",""ticker"":""KXETH15M-26APR281445-45"",""trade_id"":""ab2ea727-dcc4-6751-5372-18019d3004b7"",""yes_price_dollars"":""0.4400""}"
KXETH15M-26APR281445-45,38839211-c34c-5102-272d-649f92c8b681,1777401399,0.4,5.0,no,"{""count_fp"":""5.00"",""created_time"":""2026-04-28T18:36:39.229446Z"",""no_price_dollars"":""0.6000"",""taker_side"":""no"",""ticker"":""KXETH15M-26APR281445-45"",""trade_id"":""38839211-c34c-5102-272d-649f92c8b681"",""yes_price_dollars"":""0.4000""}"
KXETH15M-26APR281445-45,95be0c53-06b5-67ba-b881-fc015b00f7f4,1777401400,0.43,8.58,no,"{""count_fp"":""8.58"",""created_time"":""2026-04-28T18:36:40.881462Z"",""no_price_dollars"":""0.5700"",""taker_side"":""no"",""ticker"":""KXETH15M-26APR281445-45"",""trade_id"":""95be0c53-06b5-67ba-b881-fc015b00f7f4"",""yes_price_dollars"":""0.4300""}"
KXETH15M-26APR281445-45,47392cf5-de1c-434c-6e2c-57e879ecf2ed,1777401407,0.37,10.0,no,"{""count_fp"":""10.00"",""created_time"":""2026-04-28T18:36:47.948008Z"",""no_price_dollars"":""0.6300"",""taker_side"":""no"",""ticker"":""KXETH15M-26APR281445-45"",""trade_id"":""47392cf5-de1c-434c-6e2c-57e879ecf2ed"",""yes_price_dollars"":""0.3700""}"
KXETH15M-26APR281445-45,40c14a19-f0c9-7066-82f0-3f7d7f99d05b,1777401408,0.36,5.0,no,"{""count_fp"":""5.00"",""created_time"":""2026-04-28T18:36:48.538036Z"",""no_price_dollars"":""0.6400"",""taker_side"":""no"",""ticker"":""KXETH15M-26APR281445-45"",""trade_id"":""40c14a19-f0c9-7066-82f0-3f7d7f99d05b"",""yes_price_dollars"":""0.3600""}"
KXETH15M-26APR281445-45,3499e93b-7411-58b4-0044-60c2f2728722,1777401410,0.36,100.0,yes,"{""count_fp"":""100.00"",""created_time"":""2026-04-28T18:36:50.848163Z"",""no_price_dollars"":""0.6400"",""taker_side"":""yes"",""ticker"":""KXETH15M-26APR281445-45"",""trade_id"":""3499e93b-7411-58b4-0044-60c2f2728722"",""yes_price_dollars"":""0.3600""}"
KXETH15M-26APR281445-45,d2a62f0b-d842-62eb-aab2-5f5749da8cc6,1777401410,0.35,5.0,no,"{""count_fp"":""5.00"",""created_time"":""2026-04-28T18:36:50.568643Z"",""no_price_dollars"":""0.6500"",""taker_side"":""no"",""ticker"":""KXETH15M-26APR281445-45"",""trade_id"":""d2a62f0b-d842-62eb-aab2-5f5749da8cc6"",""yes_price_dollars"":""0.3500""}"
KXETH15M-26APR281445-45,57fff25b-801b-632b-833d-afc0153d104c,1777401410,0.34,6.4,no,"{""count_fp"":""6.40"",""created_time"":""2026-04-28T18:36:50.568643Z"",""no_price_dollars"":""0.6600"",""taker_side"":""no"",""ticker"":""KXETH15M-26APR281445-45"",""trade_id"":""57fff25b-801b-632b-833d-afc0153d104c"",""yes_price_dollars"":""0.3400""}"
KXETH15M-26APR281445-45,edb556b4-09ea-7763-4db2-398dd8b28df0,1777401410,0.38,50.44,yes,"{""count_fp"":""50.44"",""created_time"":""2026-04-28T18:36:50.438709Z"",""no_price_dollars"":""0.6200"",""taker_side"":""yes"",""ticker"":""KXETH15M-26APR281445-45"",""trade_id"":""edb556b4-09ea-7763-4db2-398dd8b28df0"",""yes_price_dollars"":""0.3800""}"
KXETH15M-26APR281445-45,67f63e44-6eea-4f07-51d8-4fccbc9d5069,1777401413,0.35,10.0,no,"{""count_fp"":""10.00"",""created_time"":""2026-04-28T18:36:53.780984Z"",""no_price_dollars"":""0.6500"",""taker_side"":""no"",""ticker"":""KXETH15M-26APR281445-45"",""trade_id"":""67f63e44-6eea-4f07-51d8-4fccbc9d5069"",""yes_price_dollars"":""0.3500""}"
KXETH15M-26APR281445-45,3446e2f0-b78b-4459-6388-7b5d2b6a98ed,1777401413,0.35,5.0,no,"{""count_fp"":""5.00"",""created_time"":""2026-04-28T18:36:53.780984Z"",""no_price_dollars"":""0.6500"",""taker_side"":""no"",""ticker"":""KXETH15M-26APR281445-45"",""trade_id"":""3446e2f0-b78b-4459-6388-7b5d2b6a98ed"",""yes_price_dollars"":""0.3500""}"
KXETH15M-26APR281445-45,419a0ea0-7b96-7b78-9245-293038d038ad,1777401414,0.34,10.0,yes,"{""count_fp"":""10.00"",""created_time"":""2026-04-28T18:36:54.625194Z"",""no_price_dollars"":""0.6600"",""taker_side"":""yes"",""ticker"":""KXETH15M-26APR281445-45"",""trade_id"":""419a0ea0-7b96-7b78-9245-293038d038ad"",""yes_price_dollars"":""0.3400""}"
KXETH15M-26APR281445-45,01911cbb-fbe8-5347-cd06-f5e752e7412f,1777401414,0.34,5.0,no,"{""count_fp"":""5.00"",""created_time"":""2026-04-28T18:36:54.489554Z"",""no_price_dollars"":""0.6600"",""taker_side"":""no"",""ticker"":""KXETH15M-26APR281445-45"",""trade_id"":""01911cbb-fbe8-5347-cd06-f5e752e7412f"",""yes_price_dollars"":""0.3400""}"
KXETH15M-26APR281445-45,2b73c363-bfc3-6bd9-6b3d-16aeb4ade7bb,1777401415,0.31,10.0,yes,"{""count_fp"":""10.00"",""created_time"":""2026-04-28T18:36:55.649668Z"",""no_price_dollars"":""0.6900"",""taker_side"":""yes"",""ticker"":""KXETH15M-26APR281445-45"",""trade_id"":""2b73c363-bfc3-6bd9-6b3d-16aeb4ade7bb"",""yes_price_dollars"":""0.3100""}"
KXETH15M-26APR281445-45,2b28d0e5-b95d-7c34-a0d0-cec81416676e,1777401415,0.32,5.0,no,"{""count_fp"":""5.00"",""created_time"":""2026-04-28T18:36:55.344308Z"",""no_price_dollars"":""0.6800"",""taker_side"":""no"",""ticker"":""KXETH15M-26APR281445-45"",""trade_id"":""2b28d0e5-b95d-7c34-a0d0-cec81416676e"",""yes_price_dollars"":""0.3200""}"
KXETH15M-26APR281445-45,099b5d03-d797-5f27-72b2-24f336b8261f,1777401415,0.33,5.0,no,"{""count_fp"":""5.00"",""created_time"":""2026-04-28T18:36:55.005826Z"",""no_price_dollars"":""0.6700"",""taker_side"":""no"",""ticker"":""KXETH15M-26APR281445-45"",""trade_id"":""099b5d03-d797-5f27-72b2-24f336b8261f"",""yes_price_dollars"":""0.3300""}"
KXETH15M-26APR281445-45,764a0ad7-8226-6124-5e7f-060dad93acf1,1777401418,0.33,100.0,yes,"{""count_fp"":""100.00"",""created_time"":""2026-04-28T18:36:58.677369Z"",""no_price_dollars"":""0.6700"",""taker_side"":""yes"",""ticker"":""KXETH15M-26APR281445-45"",""trade_id"":""764a0ad7-8226-6124-5e7f-060dad93acf1"",""yes_price_dollars"":""0.3300""}"
KXETH15M-26APR281445-45,fb339203-2364-4a64-21a3-3d8326da79fa,1777401418,0.31,0.7,no,"{""count_fp"":""0.70"",""created_time"":""2026-04-28T18:36:58.033715Z"",""no_price_dollars"":""0.6900"",""taker_side"":""no"",""ticker"":""KXETH15M-26APR281445-45"",""trade_id"":""fb339203-2364-4a64-21a3-3d8326da79fa"",""yes_price_dollars"":""0.3100""}"
KXETH15M-26APR281445-45,0da962f8-e98e-7741-09f3-87d471b719a4,1777401419,0.3,5.0,no,"{""count_fp"":""5.00"",""created_time"":""2026-04-28T18:36:59.159169Z"",""no_price_dollars"":""0.7000"",""taker_side"":""no"",""ticker"":""KXETH15M-26APR281445-45"",""trade_id"":""0da962f8-e98e-7741-09f3-87d471b719a4"",""yes_price_dollars"":""0.3000""}"
KXETH15M-26APR281445-45,d90f948e-c296-7d89-a238-68f8bc2c6a8b,1777401431,0.33,2.89,yes,"{""count_fp"":""2.89"",""created_time"":""2026-04-28T18:37:11.718255Z"",""no_price_dollars"":""0.6700"",""taker_side"":""yes"",""ticker"":""KXETH15M-26APR281445-45"",""trade_id"":""d90f948e-c296-7d89-a238-68f8bc2c6a8b"",""yes_price_dollars"":""0.3300""}"
KXETH15M-26APR281445-45,7c62f1b7-799d-75bc-6e26-174289bb4005,1777401432,0.31,8.0,no,"{""count_fp"":""8.00"",""created_time"":""2026-04-28T18:37:12.376629Z"",""no_price_dollars"":""0.6900"",""taker_side"":""no"",""ticker"":""KXETH15M-26APR281445-45"",""trade_id"":""7c62f1b7-799d-75bc-6e26-174289bb4005"",""yes_price_dollars"":""0.3100""}"
KXETH15M-26APR281445-45,8eecb94c-de76-7fe1-5533-e374b5e60deb,1777401436,0.32,4.47,yes,"{""count_fp"":""4.47"",""created_time"":""2026-04-28T18:37:16.239639Z"",""no_price_dollars"":""0.6800"",""taker_side"":""yes"",""ticker"":""KXETH15M-26APR281445-45"",""trade_id"":""8eecb94c-de76-7fe1-5533-e374b5e60deb"",""yes_price_dollars"":""0.3200""}"
KXETH15M-26APR281445-45,75d4b27e-8670-7f58-4f0c-3c5288c7bf13,1777401436,0.32,10.0,yes,"{""count_fp"":""10.00"",""created_time"":""2026-04-28T18:37:16.239639Z"",""no_price_dollars"":""0.6800"",""taker_side"":""yes"",""ticker"":""KXETH15M-26APR281445-45"",""trade_id"":""75d4b27e-8670-7f58-4f0c-3c5288c7bf13"",""yes_price_dollars"":""0.3200""}"
KXETH15M-26APR281445-45,86bb8d46-be7e-5c73-1685-cb9299859d5c,1777401442,0.45,66.0,no,"{""count_fp"":""66.00"",""created_time"":""2026-04-28T18:37:22.934626Z"",""no_price_dollars"":""0.5500"",""taker_side"":""no"",""ticker"":""KXETH15M-26APR281445-45"",""trade_id"":""86bb8d46-be7e-5c73-1685-cb9299859d5c"",""yes_price_dollars"":""0.4500""}"
KXETH15M-26APR281445-45,d4b02a80-0d47-7b0a-6d20-87be95ab4e3a,1777401442,0.41,20.0,yes,"{""count_fp"":""20.00"",""created_time"":""2026-04-28T18:37:22.927919Z"",""no_price_dollars"":""0.5900"",""taker_side"":""yes"",""ticker"":""KXETH15M-26APR281445-45"",""trade_id"":""d4b02a80-0d47-7b0a-6d20-87be95ab4e3a"",""yes_price_dollars"":""0.4100""}"
KXETH15M-26APR281445-45,9ac44e6b-af13-4662-1556-c0a08e6f2792,1777401442,0.41,20.0,yes,"{""count_fp"":""20.00"",""created_time"":""2026-04-28T18:37:22.926414Z"",""no_price_dollars"":""0.5900"",""taker_side"":""yes"",""ticker"":""KXETH15M-26APR281445-45"",""trade_id"":""9ac44e6b-af13-4662-1556-c0a08e6f2792"",""yes_price_dollars"":""0.4100""}"
KXETH15M-26APR281445-45,737e814a-e546-5bd3-c6c3-15f2baff51e2,1777401442,0.46,24.3,yes,"{""count_fp"":""24.30"",""created_time"":""2026-04-28T18:37:22.907333Z"",""no_price_dollars"":""0.5400"",""taker_side"":""yes"",""ticker"":""KXETH15M-26APR281445-45"",""trade_id"":""737e814a-e546-5bd3-c6c3-15f2baff51e2"",""yes_price_dollars"":""0.4600""}"
KXETH15M-26APR281445-45,6be7455e-4239-5b10-fe13-ed1e86bcbe6e,1777401442,0.36,85.7,yes,"{""count_fp"":""85.70"",""created_time"":""2026-04-28T18:37:22.907333Z"",""no_price_dollars"":""0.6400"",""taker_side"":""yes"",""ticker"":""KXETH15M-26APR281445-45"",""trade_id"":""6be7455e-4239-5b10-fe13-ed1e86bcbe6e"",""yes_price_dollars"":""0.3600""}"
KXETH15M-26APR281445-45,d5e57b47-251a-4c9f-368d-92736d69ecaa,1777401442,0.46,110.0,yes,"{""count_fp"":""110.00"",""created_time"":""2026-04-28T18:37:22.906307Z"",""no_price_dollars"":""0.5400"",""taker_side"":""yes"",""ticker"":""KXETH15M-26APR281445-45"",""trade_id"":""d5e57b47-251a-4c9f-368d-92736d69ecaa"",""yes_price_dollars"":""0.4600""}"
KXETH15M-26APR281445-45,f0dcad1b-bb43-66c0-e353-2f57f76fecbb,1777401442,0.4,10.0,yes,"{""count_fp"":""10.00"",""created_time"":""2026-04-28T18:37:22.887002Z"",""no_price_dollars"":""0.6000"",""taker_side"":""yes"",""ticker"":""KXETH15M-26APR281445-45"",""trade_id"":""f0dcad1b-bb43-66c0-e353-2f57f76fecbb"",""yes_price_dollars"":""0.4000""}"
KXETH15M-26APR281445-45,dcee98fb-0d15-6203-ef4e-39d169bc3548,1777401442,0.42,20.0,yes,"{""count_fp"":""20.00"",""created_time"":""2026-04-28T18:37:22.887002Z"",""no_price_dollars"":""0.5800"",""taker_side"":""yes"",""ticker"":""KXETH15M-26APR281445-45"",""trade_id"":""dcee98fb-0d15-6203-ef4e-39d169bc3548"",""yes_price_dollars"":""0.4200""}"
KXETH15M-26APR281445-45,04a38d9f-cb06-64e4-daad-198736d8cd91,1777401442,0.41,10.0,yes,"{""count_fp"":""10.00"",""created_time"":""2026-04-28T18:37:22.887002Z"",""no_price_dollars"":""0.5900"",""taker_side"":""yes"",""ticker"":""KXETH15M-26APR281445-45"",""trade_id"":""04a38d9f-cb06-64e4-daad-198736d8cd91"",""yes_price_dollars"":""0.4100""}"
KXETH15M-26APR281445-45,58829270-0344-5f2b-459e-f0cbe8a534e0,1777401442,0.36,60.0,yes,"{""count_fp"":""60.00"",""created_time"":""2026-04-28T18:37:22.876907Z"",""no_price_dollars"":""0.6400"",""taker_side"":""yes"",""ticker"":""KXETH15M-26APR281445-45"",""trade_id"":""58829270-0344-5f2b-459e-f0cbe8a534e0"",""yes_price_dollars"":""0.3600""}"
KXETH15M-26APR281445-45,3c82fa75-78a4-5bd1-410a-bbb6b7db31d9,1777401442,0.35,10.0,yes,"{""count_fp"":""10.00"",""created_time"":""2026-04-28T18:37:22.876907Z"",""no_price_dollars"":""0.6500"",""taker_side"":""yes"",""ticker"":""KXETH15M-26APR281445-45"",""trade_id"":""3c82fa75-78a4-5bd1-410a-bbb6b7db31d9"",""yes_price_dollars"":""0.3500""}"
KXETH15M-26APR281445-45,98a0c3f2-669a-5371-bb5f-3216ab1e81c7,1777401442,0.31,100.0,yes,"{""count_fp"":""100.00"",""created_time"":""2026-04-28T18:37:22.872231Z"",""no_price_dollars"":""0.6900"",""taker_side"":""yes"",""ticker"":""KXETH15M-26APR281445-45"",""trade_id"":""98a0c3f2-669a-5371-bb5f-3216ab1e81c7"",""yes_price_dollars"":""0.3100""}"
KXETH15M-26APR281445-45,0fe6d52b-b1ba-576c-aab3-d25ee4cb8a9d,1777401442,0.32,10.0,yes,"{""count_fp"":""10.00"",""created_time"":""2026-04-28T18:37:22.872231Z"",""no_price_dollars"":""0.6800"",""taker_side"":""yes"",""ticker"":""KXETH15M-26APR281445-45"",""trade_id"":""0fe6d52b-b1ba-576c-aab3-d25ee4cb8a9d"",""yes_price_dollars"":""0.3200""}"
KXETH15M-26APR281445-45,5875e05e-145f-507e-36e9-eebb82e1d46e,1777401442,0.29,6.82,no,"{""count_fp"":""6.82"",""created_time"":""2026-04-28T18:37:22.717691Z"",""no_price_dollars"":""0.7100"",""taker_side"":""no"",""ticker"":""KXETH15M-26APR281445-45"",""trade_id"":""5875e05e-145f-507e-36e9-eebb82e1d46e"",""yes_price_dollars"":""0.2900""}"
KXETH15M-26APR281445-45,54b5c7fd-756a-48cf-fba9-bcb79ceaea70,1777401443,0.49,17.4,no,"{""count_fp"":""17.40"",""created_time"":""2026-04-28T18:37:23.194381Z"",""no_price_dollars"":""0.5100"",""taker_side"":""no"",""ticker"":""KXETH15M-26APR281445-45"",""trade_id"":""54b5c7fd-756a-48cf-fba9-bcb79ceaea70"",""yes_price_dollars"":""0.4900""}"
KXETH15M-26APR281445-45,633287ab-c2ea-4a4e-2a24-eeda3b322f10,1777401446,0.52,21.0,no,"{""count_fp"":""21.00"",""created_time"":""2026-04-28T18:37:26.995429Z"",""no_price_dollars"":""0.4800"",""taker_side"":""no"",""ticker"":""KXETH15M-26APR281445-45"",""trade_id"":""633287ab-c2ea-4a4e-2a24-eeda3b322f10"",""yes_price_dollars"":""0.5200""}"
KXETH15M-26APR281445-45,3e27493b-6ef8-4a89-2974-a5c93b6b13dd,1777401446,0.52,2.89,yes,"{""count_fp"":""2.89"",""created_time"":""2026-04-28T18:37:26.489514Z"",""no_price_dollars"":""0.4800"",""taker_side"":""yes"",""ticker"":""KXETH15M-26APR281445-45"",""trade_id"":""3e27493b-6ef8-4a89-2974-a5c93b6b13dd"",""yes_price_dollars"":""0.5200""}"
KXETH15M-26APR281445-45,9d1cf361-b126-72ce-8d8c-5370525c4008,1777401448,0.52,0.11,no,"{""count_fp"":""0.11"",""created_time"":""2026-04-28T18:37:28.903031Z"",""no_price_dollars"":""0.4800"",""taker_side"":""no"",""ticker"":""KXETH15M-26APR281445-45"",""trade_id"":""9d1cf361-b126-72ce-8d8c-5370525c4008"",""yes_price_dollars"":""0.5200""}"
KXETH15M-26APR281445-45,29efe3fa-1e01-440b-64a6-0e6c08ba027a,1777401450,0.46,14.88,no,"{""count_fp"":""14.88"",""created_time"":""2026-04-28T18:37:30.073266Z"",""no_price_dollars"":""0.5400"",""taker_side"":""no"",""ticker"":""KXETH15M-26APR281445-45"",""trade_id"":""29efe3fa-1e01-440b-64a6-0e6c08ba027a"",""yes_price_dollars"":""0.4600""}"
KXETH15M-26APR281445-45,85a736fc-6c12-4e6b-8064-524f9cfaf268,1777401452,0.44,14.47,no,"{""count_fp"":""14.47"",""created_time"":""2026-04-28T18:37:32.353328Z"",""no_price_dollars"":""0.5600"",""taker_side"":""no"",""ticker"":""KXETH15M-26APR281445-45"",""trade_id"":""85a736fc-6c12-4e6b-8064-524f9cfaf268"",""yes_price_dollars"":""0.4400""}"
KXETH15M-26APR281445-45,81d56690-98de-6d07-3955-29f61c39ff14,1777401453,0.49,5.0,yes,"{""count_fp"":""5.00"",""created_time"":""2026-04-28T18:37:33.629378Z"",""no_price_dollars"":""0.5100"",""taker_side"":""yes"",""ticker"":""KXETH15M-26APR281445-45"",""trade_id"":""81d56690-98de-6d07-3955-29f61c39ff14"",""yes_price_dollars"":""0.4900""}"
KXETH15M-26APR281445-45,521bfc55-c4b6-6683-23a1-6e4e78182a48,1777401454,0.49,19.7,yes,"{""count_fp"":""19.70"",""created_time"":""2026-04-28T18:37:34.102526Z"",""no_price_dollars"":""0.5100"",""taker_side"":""yes"",""ticker"":""KXETH15M-26APR281445-45"",""trade_id"":""521bfc55-c4b6-6683-23a1-6e4e78182a48"",""yes_price_dollars"":""0.4900""}"
KXETH15M-26APR281445-45,c78b6f68-1722-640f-31dd-2ed75492d060,1777401455,0.48,15.76,yes,"{""count_fp"":""15.76"",""created_time"":""2026-04-28T18:37:35.430561Z"",""no_price_dollars"":""0.5200"",""taker_side"":""yes"",""ticker"":""KXETH15M-26APR281445-45"",""trade_id"":""c78b6f68-1722-640f-31dd-2ed75492d060"",""yes_price_dollars"":""0.4800""}"
KXETH15M-26APR281445-45,3eee95c6-d6e0-69c9-28eb-5667c06fc895,1777401456,0.43,1.0,no,"{""count_fp"":""1.00"",""created_time"":""2026-04-28T18:37:36.591384Z"",""no_price_dollars"":""0.5700"",""taker_side"":""no"",""ticker"":""KXETH15M-26APR281445-45"",""trade_id"":""3eee95c6-d6e0-69c9-28eb-5667c06fc895"",""yes_price_dollars"":""0.4300""}"
KXETH15M-26APR281445-45,9d6f1240-59b6-451b-c8a9-5af61331e5ac,1777401456,0.48,24.64,yes,"{""count_fp"":""24.64"",""created_time"":""2026-04-28T18:37:36.163435Z"",""no_price_dollars"":""0.5200"",""taker_side"":""yes"",""ticker"":""KXETH15M-26APR281445-45"",""trade_id"":""9d6f1240-59b6-451b-c8a9-5af61331e5ac"",""yes_price_dollars"":""0.4800""}"
KXETH15M-26APR281445-45,9d222dbb-df2a-4ece-ca60-42d4b68ba91c,1777401456,0.47,10.0,yes,"{""count_fp"":""10.00"",""created_time"":""2026-04-28T18:37:36.163435Z"",""no_price_dollars"":""0.5300"",""taker_side"":""yes"",""ticker"":""KXETH15M-26APR281445-45"",""trade_id"":""9d222dbb-df2a-4ece-ca60-42d4b68ba91c"",""yes_price_dollars"":""0.4700""}"
KXETH15M-26APR281445-45,4bf45634-ad55-5072-b9ac-a473821354a8,1777401459,0.44,17.22,no,"{""count_fp"":""17.22"",""created_time"":""2026-04-28T18:37:39.673331Z"",""no_price_dollars"":""0.5600"",""taker_side"":""no"",""ticker"":""KXETH15M-26APR281445-45"",""trade_id"":""4bf45634-ad55-5072-b9ac-a473821354a8"",""yes_price_dollars"":""0.4400""}"
KXETH15M-26APR281445-45,d2114dcf-89ce-6dcf-4496-814e7d2c32e8,1777401462,0.48,9.0,yes,"{""count_fp"":""9.00"",""created_time"":""2026-04-28T18:37:42.797154Z"",""no_price_dollars"":""0.5200"",""taker_side"":""yes"",""ticker"":""KXETH15M-26APR281445-45"",""trade_id"":""d2114dcf-89ce-6dcf-4496-814e7d2c32e8"",""yes_price_dollars"":""0.4800""}"
KXETH15M-26APR281445-45,7e889462-371b-72d9-740a-ccc7fb89dc3c,1777401462,0.45,1.0,no,"{""count_fp"":""1.00"",""created_time"":""2026-04-28T18:37:42.212253Z"",""no_price_dollars"":""0.5500"",""taker_side"":""no"",""ticker"":""KXETH15M-26APR281445-45"",""trade_id"":""7e889462-371b-72d9-740a-ccc7fb89dc3c"",""yes_price_dollars"":""0.4500""}"
KXETH15M-26APR281445-45,57ff94ea-81e0-759e-8e52-bf5e30984649,1777401462,0.47,10.0,yes,"{""count_fp"":""10.00"",""created_time"":""2026-04-28T18:37:42.117215Z"",""no_price_dollars"":""0.5300"",""taker_side"":""yes"",""ticker"":""KXETH15M-26APR281445-45"",""trade_id"":""57ff94ea-81e0-759e-8e52-bf5e30984649"",""yes_price_dollars"":""0.4700""}"
KXETH15M-26APR281445-45,2d5ecfd3-61f6-754b-be54-325f182d9774,1777401462,0.48,30.39,yes,"{""count_fp"":""30.39"",""created_time"":""2026-04-28T18:37:42.117215Z"",""no_price_dollars"":""0.5200"",""taker_side"":""yes"",""ticker"":""KXETH15M-26APR281445-45"",""trade_id"":""2d5ecfd3-61f6-754b-be54-325f182d9774"",""yes_price_dollars"":""0.4800""}"
KXETH15M-26APR281445-45,dc443f1c-9e58-4b24-2f99-eefc4a9a8f2f,1777401465,0.47,10.0,yes,"{""count_fp"":""10.00"",""created_time"":""2026-04-28T18:37:45.855283Z"",""no_price_dollars"":""0.5300"",""taker_side"":""yes"",""ticker"":""KXETH15M-26APR281445-45"",""trade_id"":""dc443f1c-9e58-4b24-2f99-eefc4a9a8f2f"",""yes_price_dollars"":""0.4700""}"
KXETH15M-26APR281445-45,a564fa61-64b3-4925-3392-2295e6b25ae6,1777401465,0.47,9.81,yes,"{""count_fp"":""9.81"",""created_time"":""2026-04-28T18:37:45.855283Z"",""no_price_dollars"":""0.5300"",""taker_side"":""yes"",""ticker"":""KXETH15M-26APR281445-45"",""trade_id"":""a564fa61-64b3-4925-3392-2295e6b25ae6"",""yes_price_dollars"":""0.4700""}"
KXETH15M-26APR281445-45,37a6096a-1ae2-48db-23a9-94d7eb1599e8,1777401465,0.48,0.29,yes,"{""count_fp"":""0.29"",""created_time"":""2026-04-28T18:37:45.855283Z"",""no_price_dollars"":""0.5200"",""taker_side"":""yes"",""ticker"":""KXETH15M-26APR281445-45"",""trade_id"":""37a6096a-1ae2-48db-23a9-94d7eb1599e8"",""yes_price_dollars"":""0.4800""}"
KXETH15M-26APR281445-45,a82937b0-25ae-50fb-ee45-a8f9ec2ccbc8,1777401465,0.45,1.7,no,"{""count_fp"":""1.70"",""created_time"":""2026-04-28T18:37:45.008364Z"",""no_price_dollars"":""0.5500"",""taker_side"":""no"",""ticker"":""KXETH15M-26APR281445-45"",""trade_id"":""a82937b0-25ae-50fb-ee45-a8f9ec2ccbc8"",""yes_price_dollars"":""0.4500""}"
KXETH15M-26APR281445-45,bf7342ed-a848-477a-2389-eb5cf9d18de7,1777401474,0.43,204.37,no,"{""count_fp"":""204.37"",""created_time"":""2026-04-28T18:37:54.152737Z"",""no_price_dollars"":""0.5700"",""taker_side"":""no"",""ticker"":""KXETH15M-26APR281445-45"",""trade_id"":""bf7342ed-a848-477a-2389-eb5cf9d18de7"",""yes_price_dollars"":""0.4300""}"
KXETH15M-26APR281445-45,1b90ea8d-e0cf-5032-2ae3-9d168b3515d7,1777401478,0.44,2.0,yes,"{""count_fp"":""2.00"",""created_time"":""2026-04-28T18:37:58.711755Z"",""no_price_dollars"":""0.5600"",""taker_side"":""yes"",""ticker"":""KXETH15M-26APR281445-45"",""trade_id"":""1b90ea8d-e0cf-5032-2ae3-9d168b3515d7"",""yes_price_dollars"":""0.4400""}"
