ticker,trade_id,ts,yes_price,count,taker_side,raw_json
KXETH15M-26APR280730-30,b9b4d86f-fd9c-72ed-1975-755918441feb,1777374905,0.5,12.0,no,"{""count_fp"":""12.00"",""created_time"":""2026-04-28T11:15:05.214463Z"",""no_price_dollars"":""0.5000"",""taker_side"":""no"",""ticker"":""KXETH15M-26APR280730-30"",""trade_id"":""b9b4d86f-fd9c-72ed-1975-755918441feb"",""yes_price_dollars"":""0.5000""}"
KXETH15M-26APR280730-30,5dd8fbc5-d210-78c6-2c5b-8031b81c2455,1777374905,0.5,5.0,no,"{""count_fp"":""5.00"",""created_time"":""2026-04-28T11:15:05.214463Z"",""no_price_dollars"":""0.5000"",""taker_side"":""no"",""ticker"":""KXETH15M-26APR280730-30"",""trade_id"":""5dd8fbc5-d210-78c6-2c5b-8031b81c2455"",""yes_price_dollars"":""0.5000""}"
KXETH15M-26APR280730-30,ef4ec8cf-0366-6862-728a-f03474962c7f,1777374912,0.46,19.7,yes,"{""count_fp"":""19.70"",""created_time"":""2026-04-28T11:15:12.450761Z"",""no_price_dollars"":""0.5400"",""taker_side"":""yes"",""ticker"":""KXETH15M-26APR280730-30"",""trade_id"":""ef4ec8cf-0366-6862-728a-f03474962c7f"",""yes_price_dollars"":""0.4600""}"
KXETH15M-26APR280730-30,1acca5dc-0902-59f6-8e2a-685d59f7ba7b,1777374913,0.46,40.0,yes,"{""count_fp"":""40.00"",""created_time"":""2026-04-28T11:15:13.652755Z"",""no_price_dollars"":""0.5400"",""taker_side"":""yes"",""ticker"":""KXETH15M-26APR280730-30"",""trade_id"":""1acca5dc-0902-59f6-8e2a-685d59f7ba7b"",""yes_price_dollars"":""0.4600""}"
KXETH15M-26APR280730-30,6bd0cc3d-63ab-7ecc-992e-49dbc84bb626,1777374914,0.47,20.0,yes,"{""count_fp"":""20.00"",""created_time"":""2026-04-28T11:15:14.744988Z"",""no_price_dollars"":""0.5300"",""taker_side"":""yes"",""ticker"":""KXETH15M-26APR280730-30"",""trade_id"":""6bd0cc3d-63ab-7ecc-992e-49dbc84bb626"",""yes_price_dollars"":""0.4700""}"
KXETH15M-26APR280730-30,9fbbe645-5f1b-7194-c312-5c58380c7ac2,1777374914,0.47,60.0,yes,"{""count_fp"":""60.00"",""created_time"":""2026-04-28T11:15:14.729704Z"",""no_price_dollars"":""0.5300"",""taker_side"":""yes"",""ticker"":""KXETH15M-26APR280730-30"",""trade_id"":""9fbbe645-5f1b-7194-c312-5c58380c7ac2"",""yes_price_dollars"":""0.4700""}"
KXETH15M-26APR280730-30,d3bad450-030f-6c78-9393-d266b28cd402,1777374914,0.46,60.0,yes,"{""count_fp"":""60.00"",""created_time"":""2026-04-28T11:15:14.724583Z"",""no_price_dollars"":""0.5400"",""taker_side"":""yes"",""ticker"":""KXETH15M-26APR280730-30"",""trade_id"":""d3bad450-030f-6c78-9393-d266b28cd402"",""yes_price_dollars"":""0.4600""}"
KXETH15M-26APR280730-30,5165e217-c03c-44dd-1c04-5f6f6f38231e,1777374917,0.46,14.0,no,"{""count_fp"":""14.00"",""created_time"":""2026-04-28T11:15:17.769062Z"",""no_price_dollars"":""0.5400"",""taker_side"":""no"",""ticker"":""KXETH15M-26APR280730-30"",""trade_id"":""5165e217-c03c-44dd-1c04-5f6f6f38231e"",""yes_price_dollars"":""0.4600""}"
KXETH15M-26APR280730-30,7b59eb27-02a8-5249-7937-36b7f19f1006,1777374918,0.49,20.0,yes,"{""count_fp"":""20.00"",""created_time"":""2026-04-28T11:15:18.052801Z"",""no_price_dollars"":""0.5100"",""taker_side"":""yes"",""ticker"":""KXETH15M-26APR280730-30"",""trade_id"":""7b59eb27-02a8-5249-7937-36b7f19f1006"",""yes_price_dollars"":""0.4900""}"
KXETH15M-26APR280730-30,b71f4424-98e8-4c09-4b55-f5358722358e,1777374922,0.44,2.0,yes,"{""count_fp"":""2.00"",""created_time"":""2026-04-28T11:15:22.755825Z"",""no_price_dollars"":""0.5600"",""taker_side"":""yes"",""ticker"":""KXETH15M-26APR280730-30"",""trade_id"":""b71f4424-98e8-4c09-4b55-f5358722358e"",""yes_price_dollars"":""0.4400""}"
KXETH15M-26APR280730-30,16e8a402-2370-6e7d-14a0-d79ad365bd9a,1777374925,0.42,5.0,no,"{""count_fp"":""5.00"",""created_time"":""2026-04-28T11:15:25.413637Z"",""no_price_dollars"":""0.5800"",""taker_side"":""no"",""ticker"":""KXETH15M-26APR280730-30"",""trade_id"":""16e8a402-2370-6e7d-14a0-d79ad365bd9a"",""yes_price_dollars"":""0.4200""}"
KXETH15M-26APR280730-30,90391f48-22dc-4565-4797-c2b533e33a0e,1777374940,0.39,6.0,yes,"{""count_fp"":""6.00"",""created_time"":""2026-04-28T11:15:40.028165Z"",""no_price_dollars"":""0.6100"",""taker_side"":""yes"",""ticker"":""KXETH15M-26APR280730-30"",""trade_id"":""90391f48-22dc-4565-4797-c2b533e33a0e"",""yes_price_dollars"":""0.3900""}"
KXETH15M-26APR280730-30,2357ab5f-c97c-6889-f2ac-040589c3a77a,1777374942,0.39,12.29,yes,"{""count_fp"":""12.29"",""created_time"":""2026-04-28T11:15:42.000538Z"",""no_price_dollars"":""0.6100"",""taker_side"":""yes"",""ticker"":""KXETH15M-26APR280730-30"",""trade_id"":""2357ab5f-c97c-6889-f2ac-040589c3a77a"",""yes_price_dollars"":""0.3900""}"
KXETH15M-26APR280730-30,8965fda1-cb54-5505-0962-38506d8a921e,1777374944,0.37,51.77,yes,"{""count_fp"":""51.77"",""created_time"":""2026-04-28T11:15:44.559054Z"",""no_price_dollars"":""0.6300"",""taker_side"":""yes"",""ticker"":""KXETH15M-26APR280730-30"",""trade_id"":""8965fda1-cb54-5505-0962-38506d8a921e"",""yes_price_dollars"":""0.3700""}"
KXETH15M-26APR280730-30,271683f1-2feb-4fb1-a93d-ff148325bdeb,1777374949,0.36,1.52,no,"{""count_fp"":""1.52"",""created_time"":""2026-04-28T11:15:49.604583Z"",""no_price_dollars"":""0.6400"",""taker_side"":""no"",""ticker"":""KXETH15M-26APR280730-30"",""trade_id"":""271683f1-2feb-4fb1-a93d-ff148325bdeb"",""yes_price_dollars"":""0.3600""}"
KXETH15M-26APR280730-30,a510d95c-2cf4-4b16-d6b3-fc05bb01ea36,1777374950,0.36,4.0,yes,"{""count_fp"":""4.00"",""created_time"":""2026-04-28T11:15:50.599031Z"",""no_price_dollars"":""0.6400"",""taker_side"":""yes"",""ticker"":""KXETH15M-26APR280730-30"",""trade_id"":""a510d95c-2cf4-4b16-d6b3-fc05bb01ea36"",""yes_price_dollars"":""0.3600""}"
KXETH15M-26APR280730-30,f62a0ca9-33f7-5ffd-01b8-3ec8e8d46307,1777374950,0.35,1.0,no,"{""count_fp"":""1.00"",""created_time"":""2026-04-28T11:15:50.018322Z"",""no_price_dollars"":""0.6500"",""taker_side"":""no"",""ticker"":""KXETH15M-26APR280730-30"",""trade_id"":""f62a0ca9-33f7-5ffd-01b8-3ec8e8d46307"",""yes_price_dollars"":""0.3500""}"
KXETH15M-26APR280730-30,03ae65be-b380-4faa-d174-12e141678876,1777374951,0.36,25.88,yes,"{""count_fp"":""25.88"",""created_time"":""2026-04-28T11:15:51.411339Z"",""no_price_dollars"":""0.6400"",""taker_side"":""yes"",""ticker"":""KXETH15M-26APR280730-30"",""trade_id"":""03ae65be-b380-4faa-d174-12e141678876"",""yes_price_dollars"":""0.3600""}"
KXETH15M-26APR280730-30,941525af-2d6e-5678-0458-f84ca636a152,1777374958,0.29,80.0,yes,"{""count_fp"":""80.00"",""created_time"":""2026-04-28T11:15:58.811342Z"",""no_price_dollars"":""0.7100"",""taker_side"":""yes"",""ticker"":""KXETH15M-26APR280730-30"",""trade_id"":""941525af-2d6e-5678-0458-f84ca636a152"",""yes_price_dollars"":""0.2900""}"
KXETH15M-26APR280730-30,8a014926-9f58-5325-b2de-05f9c78c417c,1777374958,0.29,110.0,yes,"{""count_fp"":""110.00"",""created_time"":""2026-04-28T11:15:58.768877Z"",""no_price_dollars"":""0.7100"",""taker_side"":""yes"",""ticker"":""KXETH15M-26APR280730-30"",""trade_id"":""8a014926-9f58-5325-b2de-05f9c78c417c"",""yes_price_dollars"":""0.2900""}"
KXETH15M-26APR280730-30,4117b8ce-14b2-4247-1c1d-152f2f890c37,1777374958,0.27,10.0,yes,"{""count_fp"":""10.00"",""created_time"":""2026-04-28T11:15:58.740534Z"",""no_price_dollars"":""0.7300"",""taker_side"":""yes"",""ticker"":""KXETH15M-26APR280730-30"",""trade_id"":""4117b8ce-14b2-4247-1c1d-152f2f890c37"",""yes_price_dollars"":""0.2700""}"
KXETH15M-26APR280730-30,100989eb-3be8-4e4e-31f9-06ecc8fa6292,1777374958,0.28,100.0,yes,"{""count_fp"":""100.00"",""created_time"":""2026-04-28T11:15:58.740534Z"",""no_price_dollars"":""0.7200"",""taker_side"":""yes"",""ticker"":""KXETH15M-26APR280730-30"",""trade_id"":""100989eb-3be8-4e4e-31f9-06ecc8fa6292"",""yes_price_dollars"":""0.2800""}"
KXETH15M-26APR280730-30,9716c1bd-1751-7aca-d698-3f5b0ae70a87,1777374958,0.26,50.0,no,"{""count_fp"":""50.00"",""created_time"":""2026-04-28T11:15:58.497149Z"",""no_price_dollars"":""0.7400"",""taker_side"":""no"",""ticker"":""KXETH15M-26APR280730-30"",""trade_id"":""9716c1bd-1751-7aca-d698-3f5b0ae70a87"",""yes_price_dollars"":""0.2600""}"
KXETH15M-26APR280730-30,b9865421-c886-5f87-9ad0-362b7c4411e9,1777374958,0.29,214.0,no,"{""count_fp"":""214.00"",""created_time"":""2026-04-28T11:15:58.435592Z"",""no_price_dollars"":""0.7100"",""taker_side"":""no"",""ticker"":""KXETH15M-26APR280730-30"",""trade_id"":""b9865421-c886-5f87-9ad0-362b7c4411e9"",""yes_price_dollars"":""0.2900""}"
KXETH15M-26APR280730-30,adb74a45-7e9c-529f-b9d6-529d321ace4b,1777374958,0.29,10.0,no,"{""count_fp"":""10.00"",""created_time"":""2026-04-28T11:15:58.435592Z"",""no_price_dollars"":""0.7100"",""taker_side"":""no"",""ticker"":""KXETH15M-26APR280730-30"",""trade_id"":""adb74a45-7e9c-529f-b9d6-529d321ace4b"",""yes_price_dollars"":""0.2900""}"
KXETH15M-26APR280730-30,c8fdaa91-139a-6bcf-f066-7d493c8612e5,1777374958,0.29,16.0,no,"{""count_fp"":""16.00"",""created_time"":""2026-04-28T11:15:58.428632Z"",""no_price_dollars"":""0.7100"",""taker_side"":""no"",""ticker"":""KXETH15M-26APR280730-30"",""trade_id"":""c8fdaa91-139a-6bcf-f066-7d493c8612e5"",""yes_price_dollars"":""0.2900""}"
KXETH15M-26APR280730-30,97a4e3d2-adbc-5586-df6e-c055177a9161,1777374958,0.31,10.0,no,"{""count_fp"":""10.00"",""created_time"":""2026-04-28T11:15:58.421388Z"",""no_price_dollars"":""0.6900"",""taker_side"":""no"",""ticker"":""KXETH15M-26APR280730-30"",""trade_id"":""97a4e3d2-adbc-5586-df6e-c055177a9161"",""yes_price_dollars"":""0.3100""}"
KXETH15M-26APR280730-30,53b23882-7d9c-551e-c842-b35cde6512ab,1777374958,0.3,2.0,no,"{""count_fp"":""2.00"",""created_time"":""2026-04-28T11:15:58.421388Z"",""no_price_dollars"":""0.7000"",""taker_side"":""no"",""ticker"":""KXETH15M-26APR280730-30"",""trade_id"":""53b23882-7d9c-551e-c842-b35cde6512ab"",""yes_price_dollars"":""0.3000""}"
KXETH15M-26APR280730-30,324e4c1c-6041-5cdf-d290-6f7c6ad1a95c,1777374958,0.3,4.0,no,"{""count_fp"":""4.00"",""created_time"":""2026-04-28T11:15:58.421388Z"",""no_price_dollars"":""0.7000"",""taker_side"":""no"",""ticker"":""KXETH15M-26APR280730-30"",""trade_id"":""324e4c1c-6041-5cdf-d290-6f7c6ad1a95c"",""yes_price_dollars"":""0.3000""}"
KXETH15M-26APR280730-30,c4debf06-2039-5fe1-897b-e9e1166bf220,1777374961,0.26,10.0,no,"{""count_fp"":""10.00"",""created_time"":""2026-04-28T11:16:01.617355Z"",""no_price_dollars"":""0.7400"",""taker_side"":""no"",""ticker"":""KXETH15M-26APR280730-30"",""trade_id"":""c4debf06-2039-5fe1-897b-e9e1166bf220"",""yes_price_dollars"":""0.2600""}"
KXETH15M-26APR280730-30,79f34c34-4f42-7922-700e-4eb819dfb12a,1777374963,0.27,15.0,yes,"{""count_fp"":""15.00"",""created_time"":""2026-04-28T11:16:03.414055Z"",""no_price_dollars"":""0.7300"",""taker_side"":""yes"",""ticker"":""KXETH15M-26APR280730-30"",""trade_id"":""79f34c34-4f42-7922-700e-4eb819dfb12a"",""yes_price_dollars"":""0.2700""}"
KXETH15M-26APR280730-30,7930cc92-6f3d-5ae0-fce4-ee0ede435b55,1777374965,0.29,1.0,no,"{""count_fp"":""1.00"",""created_time"":""2026-04-28T11:16:05.260632Z"",""no_price_dollars"":""0.7100"",""taker_side"":""no"",""ticker"":""KXETH15M-26APR280730-30"",""trade_id"":""7930cc92-6f3d-5ae0-fce4-ee0ede435b55"",""yes_price_dollars"":""0.2900""}"
KXETH15M-26APR280730-30,6a95dfaf-d29f-5dfb-cd3a-c33ed87963ed,1777374965,0.28,3.0,no,"{""count_fp"":""3.00"",""created_time"":""2026-04-28T11:16:05.260632Z"",""no_price_dollars"":""0.7200"",""taker_side"":""no"",""ticker"":""KXETH15M-26APR280730-30"",""trade_id"":""6a95dfaf-d29f-5dfb-cd3a-c33ed87963ed"",""yes_price_dollars"":""0.2800""}"
KXETH15M-26APR280730-30,1bd6567a-0a6f-5ccc-f8fe-9769e5c6f9b0,1777374965,0.28,1.0,no,"{""count_fp"":""1.00"",""created_time"":""2026-04-28T11:16:05.260632Z"",""no_price_dollars"":""0.7200"",""taker_side"":""no"",""ticker"":""KXETH15M-26APR280730-30"",""trade_id"":""1bd6567a-0a6f-5ccc-f8fe-9769e5c6f9b0"",""yes_price_dollars"":""0.2800""}"
KXETH15M-26APR280730-30,dc0833c9-99df-7129-39f8-b7ee5f70b6ee,1777374966,0.31,100.0,yes,"{""count_fp"":""100.00"",""created_time"":""2026-04-28T11:16:06.950646Z"",""no_price_dollars"":""0.6900"",""taker_side"":""yes"",""ticker"":""KXETH15M-26APR280730-30"",""trade_id"":""dc0833c9-99df-7129-39f8-b7ee5f70b6ee"",""yes_price_dollars"":""0.3100""}"
KXETH15M-26APR280730-30,7c1c3b0c-b945-5e56-3e94-bfe44ae84cbd,1777374966,0.3,1.0,no,"{""count_fp"":""1.00"",""created_time"":""2026-04-28T11:16:06.948007Z"",""no_price_dollars"":""0.7000"",""taker_side"":""no"",""ticker"":""KXETH15M-26APR280730-30"",""trade_id"":""7c1c3b0c-b945-5e56-3e94-bfe44ae84cbd"",""yes_price_dollars"":""0.3000""}"
KXETH15M-26APR280730-30,f7e00305-925f-6c44-bb1f-f836f411b627,1777374972,0.33,5.0,yes,"{""count_fp"":""5.00"",""created_time"":""2026-04-28T11:16:12.985939Z"",""no_price_dollars"":""0.6700"",""taker_side"":""yes"",""ticker"":""KXETH15M-26APR280730-30"",""trade_id"":""f7e00305-925f-6c44-bb1f-f836f411b627"",""yes_price_dollars"":""0.3300""}"
KXETH15M-26APR280730-30,98c34bec-db25-6cba-ba97-ba15dd56e347,1777374972,0.33,2.0,yes,"{""count_fp"":""2.00"",""created_time"":""2026-04-28T11:16:12.985939Z"",""no_price_dollars"":""0.6700"",""taker_side"":""yes"",""ticker"":""KXETH15M-26APR280730-30"",""trade_id"":""98c34bec-db25-6cba-ba97-ba15dd56e347"",""yes_price_dollars"":""0.3300""}"
KXETH15M-26APR280730-30,600f5af3-6d31-6704-90d9-21afc9e52a4c,1777374972,0.33,10.0,yes,"{""count_fp"":""10.00"",""created_time"":""2026-04-28T11:16:12.985939Z"",""no_price_dollars"":""0.6700"",""taker_side"":""yes"",""ticker"":""KXETH15M-26APR280730-30"",""trade_id"":""600f5af3-6d31-6704-90d9-21afc9e52a4c"",""yes_price_dollars"":""0.3300""}"
KXETH15M-26APR280730-30,0de3f887-bba4-6606-4dd5-ae4802ef6139,1777374976,0.35,10.0,yes,"{""count_fp"":""10.00"",""created_time"":""2026-04-28T11:16:16.663604Z"",""no_price_dollars"":""0.6500"",""taker_side"":""yes"",""ticker"":""KXETH15M-26APR280730-30"",""trade_id"":""0de3f887-bba4-6606-4dd5-ae4802ef6139"",""yes_price_dollars"":""0.3500""}"
KXETH15M-26APR280730-30,eaa11bf0-73cd-6503-21e6-bd5e624d91f9,1777374982,0.34,10.0,no,"{""count_fp"":""10.00"",""created_time"":""2026-04-28T11:16:22.371224Z"",""no_price_dollars"":""0.6600"",""taker_side"":""no"",""ticker"":""KXETH15M-26APR280730-30"",""trade_id"":""eaa11bf0-73cd-6503-21e6-bd5e624d91f9"",""yes_price_dollars"":""0.3400""}"
KXETH15M-26APR280730-30,c78cc0e2-5c0d-6510-3bf8-9d2d74d3c055,1777374982,0.35,1.0,no,"{""count_fp"":""1.00"",""created_time"":""2026-04-28T11:16:22.371224Z"",""no_price_dollars"":""0.6500"",""taker_side"":""no"",""ticker"":""KXETH15M-26APR280730-30"",""trade_id"":""c78cc0e2-5c0d-6510-3bf8-9d2d74d3c055"",""yes_price_dollars"":""0.3500""}"
KXETH15M-26APR280730-30,732abfcc-9ca4-6c34-175b-b3903ea23492,1777374982,0.34,1.29,no,"{""count_fp"":""1.29"",""created_time"":""2026-04-28T11:16:22.371224Z"",""no_price_dollars"":""0.6600"",""taker_side"":""no"",""ticker"":""KXETH15M-26APR280730-30"",""trade_id"":""732abfcc-9ca4-6c34-175b-b3903ea23492"",""yes_price_dollars"":""0.3400""}"
KXETH15M-26APR280730-30,a348e149-7903-5d83-bd87-3e22aa1f5476,1777374983,0.36,4.0,yes,"{""count_fp"":""4.00"",""created_time"":""2026-04-28T11:16:23.591328Z"",""no_price_dollars"":""0.6400"",""taker_side"":""yes"",""ticker"":""KXETH15M-26APR280730-30"",""trade_id"":""a348e149-7903-5d83-bd87-3e22aa1f5476"",""yes_price_dollars"":""0.3600""}"
KXETH15M-26APR280730-30,15c4e45e-1c94-76f8-d9ac-1e7b2022936f,1777374984,0.35,5.0,no,"{""count_fp"":""5.00"",""created_time"":""2026-04-28T11:16:24.208093Z"",""no_price_dollars"":""0.6500"",""taker_side"":""no"",""ticker"":""KXETH15M-26APR280730-30"",""trade_id"":""15c4e45e-1c94-76f8-d9ac-1e7b2022936f"",""yes_price_dollars"":""0.3500""}"
KXETH15M-26APR280730-30,e6daed6a-ca7d-5746-a6e3-9736c11e129c,1777374985,0.37,100.0,yes,"{""count_fp"":""100.00"",""created_time"":""2026-04-28T11:16:25.613219Z"",""no_price_dollars"":""0.6300"",""taker_side"":""yes"",""ticker"":""KXETH15M-26APR280730-30"",""trade_id"":""e6daed6a-ca7d-5746-a6e3-9736c11e129c"",""yes_price_dollars"":""0.3700""}"
KXETH15M-26APR280730-30,da66ed8e-2b9f-5cca-9400-e293dc379325,1777374985,0.4,49.31,yes,"{""count_fp"":""49.31"",""created_time"":""2026-04-28T11:16:25.613219Z"",""no_price_dollars"":""0.6000"",""taker_side"":""yes"",""ticker"":""KXETH15M-26APR280730-30"",""trade_id"":""da66ed8e-2b9f-5cca-9400-e293dc379325"",""yes_price_dollars"":""0.4000""}"
KXETH15M-26APR280730-30,7e42108d-5251-58ba-8c4f-aa8ac6b37598,1777374985,0.39,60.0,yes,"{""count_fp"":""60.00"",""created_time"":""2026-04-28T11:16:25.613219Z"",""no_price_dollars"":""0.6100"",""taker_side"":""yes"",""ticker"":""KXETH15M-26APR280730-30"",""trade_id"":""7e42108d-5251-58ba-8c4f-aa8ac6b37598"",""yes_price_dollars"":""0.3900""}"
KXETH15M-26APR280730-30,775972c5-d90a-5236-8522-b62a62c6ed43,1777374985,0.38,10.0,yes,"{""count_fp"":""10.00"",""created_time"":""2026-04-28T11:16:25.613219Z"",""no_price_dollars"":""0.6200"",""taker_side"":""yes"",""ticker"":""KXETH15M-26APR280730-30"",""trade_id"":""775972c5-d90a-5236-8522-b62a62c6ed43"",""yes_price_dollars"":""0.3800""}"
KXETH15M-26APR280730-30,71061c31-b5e2-5283-9922-b707ab80b762,1777374985,0.36,10.0,yes,"{""count_fp"":""10.00"",""created_time"":""2026-04-28T11:16:25.613219Z"",""no_price_dollars"":""0.6400"",""taker_side"":""yes"",""ticker"":""KXETH15M-26APR280730-30"",""trade_id"":""71061c31-b5e2-5283-9922-b707ab80b762"",""yes_price_dollars"":""0.3600""}"
KXETH15M-26APR280730-30,4d46f6ac-7046-5798-8a22-8e379b93b236,1777374985,0.37,7.0,yes,"{""count_fp"":""7.00"",""created_time"":""2026-04-28T11:16:25.613219Z"",""no_price_dollars"":""0.6300"",""taker_side"":""yes"",""ticker"":""KXETH15M-26APR280730-30"",""trade_id"":""4d46f6ac-7046-5798-8a22-8e379b93b236"",""yes_price_dollars"":""0.3700""}"
KXETH15M-26APR280730-30,09980579-d20f-5287-b40d-27ce27922f09,1777374985,0.37,3.0,yes,"{""count_fp"":""3.00"",""created_time"":""2026-04-28T11:16:25.613219Z"",""no_price_dollars"":""0.6300"",""taker_side"":""yes"",""ticker"":""KXETH15M-26APR280730-30"",""trade_id"":""09980579-d20f-5287-b40d-27ce27922f09"",""yes_price_dollars"":""0.3700""}"
KXETH15M-26APR280730-30,f771e180-ce5c-5939-7146-f16513a48cac,1777374993,0.36,2.0,yes,"{""count_fp"":""2.00"",""created_time"":""2026-04-28T11:16:33.540372Z"",""no_price_dollars"":""0.6400"",""taker_side"":""yes"",""ticker"":""KXETH15M-26APR280730-30"",""trade_id"":""f771e180-ce5c-5939-7146-f16513a48cac"",""yes_price_dollars"":""0.3600""}"
KXETH15M-26APR280730-30,8574c7ec-aac4-4cd0-bd2f-f2a2394c56d2,1777374994,0.35,4.0,no,"{""count_fp"":""4.00"",""created_time"":""2026-04-28T11:16:34.029088Z"",""no_price_dollars"":""0.6500"",""taker_side"":""no"",""ticker"":""KXETH15M-26APR280730-30"",""trade_id"":""8574c7ec-aac4-4cd0-bd2f-f2a2394c56d2"",""yes_price_dollars"":""0.3500""}"
KXETH15M-26APR280730-30,5197e8ee-4c6c-5055-7b5d-eaa93a231c00,1777374995,0.34,10.0,no,"{""count_fp"":""10.00"",""created_time"":""2026-04-28T11:16:35.398064Z"",""no_price_dollars"":""0.6600"",""taker_side"":""no"",""ticker"":""KXETH15M-26APR280730-30"",""trade_id"":""5197e8ee-4c6c-5055-7b5d-eaa93a231c00"",""yes_price_dollars"":""0.3400""}"
KXETH15M-26APR280730-30,449b7691-4b80-5060-6749-389b520a2fd6,1777374995,0.35,10.0,no,"{""count_fp"":""10.00"",""created_time"":""2026-04-28T11:16:35.398064Z"",""no_price_dollars"":""0.6500"",""taker_side"":""no"",""ticker"":""KXETH15M-26APR280730-30"",""trade_id"":""449b7691-4b80-5060-6749-389b520a2fd6"",""yes_price_dollars"":""0.3500""}"
KXETH15M-26APR280730-30,17a52ff3-5edb-5a9c-7e1f-8509bb148115,1777374995,0.34,97.05,no,"{""count_fp"":""97.05"",""created_time"":""2026-04-28T11:16:35.398064Z"",""no_price_dollars"":""0.6600"",""taker_side"":""no"",""ticker"":""KXETH15M-26APR280730-30"",""trade_id"":""17a52ff3-5edb-5a9c-7e1f-8509bb148115"",""yes_price_dollars"":""0.3400""}"
KXETH15M-26APR280730-30,9b62e0f5-73fc-7ec1-d892-7f40265ec92c,1777374996,0.38,37.47,yes,"{""count_fp"":""37.47"",""created_time"":""2026-04-28T11:16:36.290652Z"",""no_price_dollars"":""0.6200"",""taker_side"":""yes"",""ticker"":""KXETH15M-26APR280730-30"",""trade_id"":""9b62e0f5-73fc-7ec1-d892-7f40265ec92c"",""yes_price_dollars"":""0.3800""}"
KXETH15M-26APR280730-30,dd5b4d53-30df-4539-bf7b-13053efd99ce,1777374999,0.33,2.89,no,"{""count_fp"":""2.89"",""created_time"":""2026-04-28T11:16:39.590198Z"",""no_price_dollars"":""0.6700"",""taker_side"":""no"",""ticker"":""KXETH15M-26APR280730-30"",""trade_id"":""dd5b4d53-30df-4539-bf7b-13053efd99ce"",""yes_price_dollars"":""0.3300""}"
KXETH15M-26APR280730-30,3d10ed25-8658-6599-afc1-17fc12c7ba30,1777375012,0.33,30.0,yes,"{""count_fp"":""30.00"",""created_time"":""2026-04-28T11:16:52.596782Z"",""no_price_dollars"":""0.6700"",""taker_side"":""yes"",""ticker"":""KXETH15M-26APR280730-30"",""trade_id"":""3d10ed25-8658-6599-afc1-17fc12c7ba30"",""yes_price_dollars"":""0.3300""}"
KXETH15M-26APR280730-30,0c2b6019-7095-674a-80e8-20dbb1ca58d4,1777375012,0.32,10.0,yes,"{""count_fp"":""10.00"",""created_time"":""2026-04-28T11:16:52.596782Z"",""no_price_dollars"":""0.6800"",""taker_side"":""yes"",""ticker"":""KXETH15M-26APR280730-30"",""trade_id"":""0c2b6019-7095-674a-80e8-20dbb1ca58d4"",""yes_price_dollars"":""0.3200""}"
KXETH15M-26APR280730-30,e4f60f35-6e20-6b75-1f4c-98f9badd8414,1777375016,0.36,9.0,yes,"{""count_fp"":""9.00"",""created_time"":""2026-04-28T11:16:56.804218Z"",""no_price_dollars"":""0.6400"",""taker_side"":""yes"",""ticker"":""KXETH15M-26APR280730-30"",""trade_id"":""e4f60f35-6e20-6b75-1f4c-98f9badd8414"",""yes_price_dollars"":""0.3600""}"
KXETH15M-26APR280730-30,0c973f5c-ad6e-720c-1612-68b0c98ee85a,1777375019,0.32,4.0,no,"{""count_fp"":""4.00"",""created_time"":""2026-04-28T11:16:59.508454Z"",""no_price_dollars"":""0.6800"",""taker_side"":""no"",""ticker"":""KXETH15M-26APR280730-30"",""trade_id"":""0c973f5c-ad6e-720c-1612-68b0c98ee85a"",""yes_price_dollars"":""0.3200""}"
KXETH15M-26APR280730-30,d3992862-fb08-4049-9927-7c03cd2ef5a8,1777375019,0.35,3.0,yes,"{""count_fp"":""3.00"",""created_time"":""2026-04-28T11:16:59.222093Z"",""no_price_dollars"":""0.6500"",""taker_side"":""yes"",""ticker"":""KXETH15M-26APR280730-30"",""trade_id"":""d3992862-fb08-4049-9927-7c03cd2ef5a8"",""yes_price_dollars"":""0.3500""}"
KXETH15M-26APR280730-30,0bf15df2-7fa8-40b1-bf19-594a31a5d97e,1777375019,0.35,1.0,yes,"{""count_fp"":""1.00"",""created_time"":""2026-04-28T11:16:59.222093Z"",""no_price_dollars"":""0.6500"",""taker_side"":""yes"",""ticker"":""KXETH15M-26APR280730-30"",""trade_id"":""0bf15df2-7fa8-40b1-bf19-594a31a5d97e"",""yes_price_dollars"":""0.3500""}"
KXETH15M-26APR280730-30,78555df1-1b75-74b8-78ff-13da336f1473,1777375020,0.31,3.0,no,"{""count_fp"":""3.00"",""created_time"":""2026-04-28T11:17:00.811221Z"",""no_price_dollars"":""0.6900"",""taker_side"":""no"",""ticker"":""KXETH15M-26APR280730-30"",""trade_id"":""78555df1-1b75-74b8-78ff-13da336f1473"",""yes_price_dollars"":""0.3100""}"
KXETH15M-26APR280730-30,06712628-f82e-7053-6085-5de7536c0f38,1777375020,0.3,5.0,no,"{""count_fp"":""5.00"",""created_time"":""2026-04-28T11:17:00.811221Z"",""no_price_dollars"":""0.7000"",""taker_side"":""no"",""ticker"":""KXETH15M-26APR280730-30"",""trade_id"":""06712628-f82e-7053-6085-5de7536c0f38"",""yes_price_dollars"":""0.3000""}"
KXETH15M-26APR280730-30,91945fa9-a61a-672f-7873-5831803d1506,1777375021,0.29,10.0,no,"{""count_fp"":""10.00"",""created_time"":""2026-04-28T11:17:01.488757Z"",""no_price_dollars"":""0.7100"",""taker_side"":""no"",""ticker"":""KXETH15M-26APR280730-30"",""trade_id"":""91945fa9-a61a-672f-7873-5831803d1506"",""yes_price_dollars"":""0.2900""}"
KXETH15M-26APR280730-30,f6ecbfce-88df-616c-506c-f2cb74d53cbc,1777375022,0.25,10.0,no,"{""count_fp"":""10.00"",""created_time"":""2026-04-28T11:17:02.956066Z"",""no_price_dollars"":""0.7500"",""taker_side"":""no"",""ticker"":""KXETH15M-26APR280730-30"",""trade_id"":""f6ecbfce-88df-616c-506c-f2cb74d53cbc"",""yes_price_dollars"":""0.2500""}"
KXETH15M-26APR280730-30,22b1f958-3326-6b18-5f96-c24f94d42794,1777375022,0.25,10.0,no,"{""count_fp"":""10.00"",""created_time"":""2026-04-28T11:17:02.956066Z"",""no_price_dollars"":""0.7500"",""taker_side"":""no"",""ticker"":""KXETH15M-26APR280730-30"",""trade_id"":""22b1f958-3326-6b18-5f96-c24f94d42794"",""yes_price_dollars"":""0.2500""}"
KXETH15M-26APR280730-30,afbda5f2-e770-70cd-ec15-f13cd4ba7838,1777375026,0.24,18.0,yes,"{""count_fp"":""18.00"",""created_time"":""2026-04-28T11:17:06.090563Z"",""no_price_dollars"":""0.7600"",""taker_side"":""yes"",""ticker"":""KXETH15M-26APR280730-30"",""trade_id"":""afbda5f2-e770-70cd-ec15-f13cd4ba7838"",""yes_price_dollars"":""0.2400""}"
KXETH15M-26APR280730-30,e73166c1-a0db-7327-a545-411e5a86581c,1777375027,0.21,1.0,no,"{""count_fp"":""1.00"",""created_time"":""2026-04-28T11:17:07.247379Z"",""no_price_dollars"":""0.7900"",""taker_side"":""no"",""ticker"":""KXETH15M-26APR280730-30"",""trade_id"":""e73166c1-a0db-7327-a545-411e5a86581c"",""yes_price_dollars"":""0.2100""}"
KXETH15M-26APR280730-30,b3293ba0-fcd8-54d5-c235-8124b2503b20,1777375035,0.2,8.62,yes,"{""count_fp"":""8.62"",""created_time"":""2026-04-28T11:17:15.925523Z"",""no_price_dollars"":""0.8000"",""taker_side"":""yes"",""ticker"":""KXETH15M-26APR280730-30"",""trade_id"":""b3293ba0-fcd8-54d5-c235-8124b2503b20"",""yes_price_dollars"":""0.2000""}"
KXETH15M-26APR280730-30,a3ef1e17-355f-6029-f49b-819a7153d366,1777375035,0.18,6.7,no,"{""count_fp"":""6.70"",""created_time"":""2026-04-28T11:17:15.569058Z"",""no_price_dollars"":""0.8200"",""taker_side"":""no"",""ticker"":""KXETH15M-26APR280730-30"",""trade_id"":""a3ef1e17-355f-6029-f49b-819a7153d366"",""yes_price_dollars"":""0.1800""}"
KXETH15M-26APR280730-30,99745efb-fa3a-6652-f523-17f48e679443,1777375035,0.2,3.0,no,"{""count_fp"":""3.00"",""created_time"":""2026-04-28T11:17:15.569058Z"",""no_price_dollars"":""0.8000"",""taker_side"":""no"",""ticker"":""KXETH15M-26APR280730-30"",""trade_id"":""99745efb-fa3a-6652-f523-17f48e679443"",""yes_price_dollars"":""0.2000""}"
KXETH15M-26APR280730-30,60fa6927-9441-6e33-d815-76a35f9790f8,1777375035,0.2,10.0,no,"{""count_fp"":""10.00"",""created_time"":""2026-04-28T11:17:15.569058Z"",""no_price_dollars"":""0.8000"",""taker_side"":""no"",""ticker"":""KXETH15M-26APR280730-30"",""trade_id"":""60fa6927-9441-6e33-d815-76a35f9790f8"",""yes_price_dollars"":""0.2000""}"
KXETH15M-26APR280730-30,a7a98665-183c-72e4-63c5-0057a026cad1,1777375038,0.2,9.46,yes,"{""count_fp"":""9.46"",""created_time"":""2026-04-28T11:17:18.647055Z"",""no_price_dollars"":""0.8000"",""taker_side"":""yes"",""ticker"":""KXETH15M-26APR280730-30"",""trade_id"":""a7a98665-183c-72e4-63c5-0057a026cad1"",""yes_price_dollars"":""0.2000""}"
KXETH15M-26APR280730-30,a90bd32d-5d90-5708-775f-20ed52c3c3d1,1777375038,0.2,18.0,yes,"{""count_fp"":""18.00"",""created_time"":""2026-04-28T11:17:18.559877Z"",""no_price_dollars"":""0.8000"",""taker_side"":""yes"",""ticker"":""KXETH15M-26APR280730-30"",""trade_id"":""a90bd32d-5d90-5708-775f-20ed52c3c3d1"",""yes_price_dollars"":""0.2000""}"
KXETH15M-26APR280730-30,58689abb-afea-49a4-897d-e636d20463b3,1777375039,0.2,2.0,yes,"{""count_fp"":""2.00"",""created_time"":""2026-04-28T11:17:19.375539Z"",""no_price_dollars"":""0.8000"",""taker_side"":""yes"",""ticker"":""KXETH15M-26APR280730-30"",""trade_id"":""58689abb-afea-49a4-897d-e636d20463b3"",""yes_price_dollars"":""0.2000""}"
KXETH15M-26APR280730-30,c4bb8f41-c5ab-5df3-fe11-f26de8ca1427,1777375043,0.17,1.0,no,"{""count_fp"":""1.00"",""created_time"":""2026-04-28T11:17:23.007336Z"",""no_price_dollars"":""0.8300"",""taker_side"":""no"",""ticker"":""KXETH15M-26APR280730-30"",""trade_id"":""c4bb8f41-c5ab-5df3-fe11-f26de8ca1427"",""yes_price_dollars"":""0.1700""}"
KXETH15M-26APR280730-30,2bb0e777-b348-4bc4-0171-19e2bc472391,1777375049,0.18,18.0,yes,"{""count_fp"":""18.00"",""created_time"":""2026-04-28T11:17:29.538415Z"",""no_price_dollars"":""0.8200"",""taker_side"":""yes"",""ticker"":""KXETH15M-26APR280730-30"",""trade_id"":""2bb0e777-b348-4bc4-0171-19e2bc472391"",""yes_price_dollars"":""0.1800""}"
KXETH15M-26APR280730-30,f7d23a62-b9c8-4be6-3073-879a64bb9e54,1777375049,0.17,10.0,no,"{""count_fp"":""10.00"",""created_time"":""2026-04-28T11:17:29.347037Z"",""no_price_dollars"":""0.8300"",""taker_side"":""no"",""ticker"":""KXETH15M-26APR280730-30"",""trade_id"":""f7d23a62-b9c8-4be6-3073-879a64bb9e54"",""yes_price_dollars"":""0.1700""}"
KXETH15M-26APR280730-30,dc26b25b-b5bb-4c1d-2567-cff53821c386,1777375049,0.15,6.01,no,"{""count_fp"":""6.01"",""created_time"":""2026-04-28T11:17:29.347037Z"",""no_price_dollars"":""0.8500"",""taker_side"":""no"",""ticker"":""KXETH15M-26APR280730-30"",""trade_id"":""dc26b25b-b5bb-4c1d-2567-cff53821c386"",""yes_price_dollars"":""0.1500""}"
KXETH15M-26APR280730-30,8237e153-6514-44d7-1b52-8d9e1e7068c8,1777375049,0.15,19.53,no,"{""count_fp"":""19.53"",""created_time"":""2026-04-28T11:17:29.347037Z"",""no_price_dollars"":""0.8500"",""taker_side"":""no"",""ticker"":""KXETH15M-26APR280730-30"",""trade_id"":""8237e153-6514-44d7-1b52-8d9e1e7068c8"",""yes_price_dollars"":""0.1500""}"
KXETH15M-26APR280730-30,7ee5f013-2653-4fe1-199c-fea36c9938b2,1777375049,0.16,52.0,no,"{""count_fp"":""52.00"",""created_time"":""2026-04-28T11:17:29.347037Z"",""no_price_dollars"":""0.8400"",""taker_side"":""no"",""ticker"":""KXETH15M-26APR280730-30"",""trade_id"":""7ee5f013-2653-4fe1-199c-fea36c9938b2"",""yes_price_dollars"":""0.1600""}"
KXETH15M-26APR280730-30,68747fc2-f2b3-4b94-07b0-cf1074c6f3c9,1777375049,0.16,1.0,no,"{""count_fp"":""1.00"",""created_time"":""2026-04-28T11:17:29.347037Z"",""no_price_dollars"":""0.8400"",""taker_side"":""no"",""ticker"":""KXETH15M-26APR280730-30"",""trade_id"":""68747fc2-f2b3-4b94-07b0-cf1074c6f3c9"",""yes_price_dollars"":""0.1600""}"
KXETH15M-26APR280730-30,556815f6-5a35-4c3a-0b0a-18c6146c9183,1777375049,0.17,1.0,no,"{""count_fp"":""1.00"",""created_time"":""2026-04-28T11:17:29.347037Z"",""no_price_dollars"":""0.8300"",""taker_side"":""no"",""ticker"":""KXETH15M-26APR280730-30"",""trade_id"":""556815f6-5a35-4c3a-0b0a-18c6146c9183"",""yes_price_dollars"":""0.1700""}"
KXETH15M-26APR280730-30,521580b7-6dc7-4fad-1c9d-96653fa7016c,1777375049,0.16,8.0,no,"{""count_fp"":""8.00"",""created_time"":""2026-04-28T11:17:29.347037Z"",""no_price_dollars"":""0.8400"",""taker_side"":""no"",""ticker"":""KXETH15M-26APR280730-30"",""trade_id"":""521580b7-6dc7-4fad-1c9d-96653fa7016c"",""yes_price_dollars"":""0.1600""}"
KXETH15M-26APR280730-30,ebe7fbf2-b11e-55cb-78c8-e89bcb413b04,1777375052,0.14,4.0,no,"{""count_fp"":""4.00"",""created_time"":""2026-04-28T11:17:32.890018Z"",""no_price_dollars"":""0.8600"",""taker_side"":""no"",""ticker"":""KXETH15M-26APR280730-30"",""trade_id"":""ebe7fbf2-b11e-55cb-78c8-e89bcb413b04"",""yes_price_dollars"":""0.1400""}"
KXETH15M-26APR280730-30,cee04822-bec8-698d-3b2f-ef9a186d8696,1777375052,0.17,4.0,yes,"{""count_fp"":""4.00"",""created_time"":""2026-04-28T11:17:32.531098Z"",""no_price_dollars"":""0.8300"",""taker_side"":""yes"",""ticker"":""KXETH15M-26APR280730-30"",""trade_id"":""cee04822-bec8-698d-3b2f-ef9a186d8696"",""yes_price_dollars"":""0.1700""}"
KXETH15M-26APR280730-30,d179a42f-af8c-5ca0-4bd7-35e80f447801,1777375057,0.15,4.0,yes,"{""count_fp"":""4.00"",""created_time"":""2026-04-28T11:17:37.845683Z"",""no_price_dollars"":""0.8500"",""taker_side"":""yes"",""ticker"":""KXETH15M-26APR280730-30"",""trade_id"":""d179a42f-af8c-5ca0-4bd7-35e80f447801"",""yes_price_dollars"":""0.1500""}"
KXETH15M-26APR280730-30,ccbe3a5b-ed54-638c-5db8-9bcf47bf7999,1777375057,0.15,3.0,yes,"{""count_fp"":""3.00"",""created_time"":""2026-04-28T11:17:37.631539Z"",""no_price_dollars"":""0.8500"",""taker_side"":""yes"",""ticker"":""KXETH15M-26APR280730-30"",""trade_id"":""ccbe3a5b-ed54-638c-5db8-9bcf47bf7999"",""yes_price_dollars"":""0.1500""}"
KXETH15M-26APR280730-30,c2db21d9-e936-65ac-4df0-fca1ba3bd8af,1777375057,0.15,10.0,yes,"{""count_fp"":""10.00"",""created_time"":""2026-04-28T11:17:37.631539Z"",""no_price_dollars"":""0.8500"",""taker_side"":""yes"",""ticker"":""KXETH15M-26APR280730-30"",""trade_id"":""c2db21d9-e936-65ac-4df0-fca1ba3bd8af"",""yes_price_dollars"":""0.1500""}"
KXETH15M-26APR280730-30,e4005dad-1e62-4525-3e79-6f0f511ecf75,1777375059,0.2,22.0,yes,"{""count_fp"":""22.00"",""created_time"":""2026-04-28T11:17:39.975846Z"",""no_price_dollars"":""0.8000"",""taker_side"":""yes"",""ticker"":""KXETH15M-26APR280730-30"",""trade_id"":""e4005dad-1e62-4525-3e79-6f0f511ecf75"",""yes_price_dollars"":""0.2000""}"
KXETH15M-26APR280730-30,ca16dd5e-254e-4f73-12a3-f3f9c94943d3,1777375059,0.19,10.0,yes,"{""count_fp"":""10.00"",""created_time"":""2026-04-28T11:17:39.975846Z"",""no_price_dollars"":""0.8100"",""taker_side"":""yes"",""ticker"":""KXETH15M-26APR280730-30"",""trade_id"":""ca16dd5e-254e-4f73-12a3-f3f9c94943d3"",""yes_price_dollars"":""0.1900""}"
KXETH15M-26APR280730-30,b401cf3a-cbdc-4f5c-6723-db6f9e45d37d,1777375062,0.16,100.0,yes,"{""count_fp"":""100.00"",""created_time"":""2026-04-28T11:17:42.300319Z"",""no_price_dollars"":""0.8400"",""taker_side"":""yes"",""ticker"":""KXETH15M-26APR280730-30"",""trade_id"":""b401cf3a-cbdc-4f5c-6723-db6f9e45d37d"",""yes_price_dollars"":""0.1600""}"
KXETH15M-26APR280730-30,b8ac436e-0a8e-52ff-4fff-1950c2db2e78,1777375064,0.16,10.0,no,"{""count_fp"":""10.00"",""created_time"":""2026-04-28T11:17:44.247234Z"",""no_price_dollars"":""0.8400"",""taker_side"":""no"",""ticker"":""KXETH15M-26APR280730-30"",""trade_id"":""b8ac436e-0a8e-52ff-4fff-1950c2db2e78"",""yes_price_dollars"":""0.1600""}"
KXETH15M-26APR280730-30,784d5492-3bf6-5e43-415e-ceaedbfa5616,1777375064,0.16,3.0,no,"{""count_fp"":""3.00"",""created_time"":""2026-04-28T11:17:44.247234Z"",""no_price_dollars"":""0.8400"",""taker_side"":""no"",""ticker"":""KXETH15M-26APR280730-30"",""trade_id"":""784d5492-3bf6-5e43-415e-ceaedbfa5616"",""yes_price_dollars"":""0.1600""}"
KXETH15M-26APR280730-30,dc3a177b-4e2e-43de-88c1-4b215ac5fb9d,1777375067,0.2,109.58,yes,"{""count_fp"":""109.58"",""created_time"":""2026-04-28T11:17:47.783475Z"",""no_price_dollars"":""0.8000"",""taker_side"":""yes"",""ticker"":""KXETH15M-26APR280730-30"",""trade_id"":""dc3a177b-4e2e-43de-88c1-4b215ac5fb9d"",""yes_price_dollars"":""0.2000""}"
KXETH15M-26APR280730-30,5b751e48-ae71-4b0b-ad49-9a0879182cd8,1777375067,0.2,60.0,yes,"{""count_fp"":""60.00"",""created_time"":""2026-04-28T11:17:47.783475Z"",""no_price_dollars"":""0.8000"",""taker_side"":""yes"",""ticker"":""KXETH15M-26APR280730-30"",""trade_id"":""5b751e48-ae71-4b0b-ad49-9a0879182cd8"",""yes_price_dollars"":""0.2000""}"
KXETH15M-26APR280730-30,2be06190-94aa-49e0-ade3-fd6315ccc7f0,1777375067,0.2,125.0,yes,"{""count_fp"":""125.00"",""created_time"":""2026-04-28T11:17:47.783475Z"",""no_price_dollars"":""0.8000"",""taker_side"":""yes"",""ticker"":""KXETH15M-26APR280730-30"",""trade_id"":""2be06190-94aa-49e0-ade3-fd6315ccc7f0"",""yes_price_dollars"":""0.2000""}"
KXETH15M-26APR280730-30,61aae796-edb3-5890-cf07-6ddd004a4a6a,1777375067,0.18,18.0,yes,"{""count_fp"":""18.00"",""created_time"":""2026-04-28T11:17:47.236018Z"",""no_price_dollars"":""0.8200"",""taker_side"":""yes"",""ticker"":""KXETH15M-26APR280730-30"",""trade_id"":""61aae796-edb3-5890-cf07-6ddd004a4a6a"",""yes_price_dollars"":""0.1800""}"
KXETH15M-26APR280730-30,39cdab5a-db07-7e23-b724-378991bf0810,1777375071,0.16,2.0,no,"{""count_fp"":""2.00"",""created_time"":""2026-04-28T11:17:51.686217Z"",""no_price_dollars"":""0.8400"",""taker_side"":""no"",""ticker"":""KXETH15M-26APR280730-30"",""trade_id"":""39cdab5a-db07-7e23-b724-378991bf0810"",""yes_price_dollars"":""0.1600""}"
KXETH15M-26APR280730-30,9d0c8769-892d-782a-688a-af9f172cf2c5,1777375072,0.16,23.48,no,"{""count_fp"":""23.48"",""created_time"":""2026-04-28T11:17:52.228397Z"",""no_price_dollars"":""0.8400"",""taker_side"":""no"",""ticker"":""KXETH15M-26APR280730-30"",""trade_id"":""9d0c8769-892d-782a-688a-af9f172cf2c5"",""yes_price_dollars"":""0.1600""}"
KXETH15M-26APR280730-30,6e6e2ea4-fa08-5ac8-4429-4587514cc6c8,1777375073,0.21,18.0,yes,"{""count_fp"":""18.00"",""created_time"":""2026-04-28T11:17:53.904207Z"",""no_price_dollars"":""0.7900"",""taker_side"":""yes"",""ticker"":""KXETH15M-26APR280730-30"",""trade_id"":""6e6e2ea4-fa08-5ac8-4429-4587514cc6c8"",""yes_price_dollars"":""0.2100""}"
KXETH15M-26APR280730-30,8778a206-1798-5ed8-6b9a-e4d117815f04,1777375081,0.18,18.0,yes,"{""count_fp"":""18.00"",""created_time"":""2026-04-28T11:18:01.190882Z"",""no_price_dollars"":""0.8200"",""taker_side"":""yes"",""ticker"":""KXETH15M-26APR280730-30"",""trade_id"":""8778a206-1798-5ed8-6b9a-e4d117815f04"",""yes_price_dollars"":""0.1800""}"
KXETH15M-26APR280730-30,d1441cea-8440-513d-a39e-09b2925f7e03,1777375083,0.15,1.0,no,"{""count_fp"":""1.00"",""created_time"":""2026-04-28T11:18:03.793249Z"",""no_price_dollars"":""0.8500"",""taker_side"":""no"",""ticker"":""KXETH15M-26APR280730-30"",""trade_id"":""d1441cea-8440-513d-a39e-09b2925f7e03"",""yes_price_dollars"":""0.1500""}"
KXETH15M-26APR280730-30,fcbaaeeb-2833-55ac-2316-f320bf8b1ad2,1777375084,0.17,4.0,yes,"{""count_fp"":""4.00"",""created_time"":""2026-04-28T11:18:04.587666Z"",""no_price_dollars"":""0.8300"",""taker_side"":""yes"",""ticker"":""KXETH15M-26APR280730-30"",""trade_id"":""fcbaaeeb-2833-55ac-2316-f320bf8b1ad2"",""yes_price_dollars"":""0.1700""}"
KXETH15M-26APR280730-30,ec6a7680-a833-513c-bbe4-425488eab086,1777375086,0.16,10.0,yes,"{""count_fp"":""10.00"",""created_time"":""2026-04-28T11:18:06.312515Z"",""no_price_dollars"":""0.8400"",""taker_side"":""yes"",""ticker"":""KXETH15M-26APR280730-30"",""trade_id"":""ec6a7680-a833-513c-bbe4-425488eab086"",""yes_price_dollars"":""0.1600""}"
KXETH15M-26APR280730-30,40268166-8473-7774-26de-4c0b0a1e5c46,1777375086,0.16,10.0,yes,"{""count_fp"":""10.00"",""created_time"":""2026-04-28T11:18:06.276546Z"",""no_price_dollars"":""0.8400"",""taker_side"":""yes"",""ticker"":""KXETH15M-26APR280730-30"",""trade_id"":""40268166-8473-7774-26de-4c0b0a1e5c46"",""yes_price_dollars"":""0.1600""}"
KXETH15M-26APR280730-30,e5710aea-8692-7726-cbf4-443aba6d93ca,1777375087,0.14,10.0,no,"{""count_fp"":""10.00"",""created_time"":""2026-04-28T11:18:07.635514Z"",""no_price_dollars"":""0.8600"",""taker_side"":""no"",""ticker"":""KXETH15M-26APR280730-30"",""trade_id"":""e5710aea-8692-7726-cbf4-443aba6d93ca"",""yes_price_dollars"":""0.1400""}"
KXETH15M-26APR280730-30,b9c5fe73-4ec1-7dba-e51d-3327538edcb5,1777375087,0.13,9.0,no,"{""count_fp"":""9.00"",""created_time"":""2026-04-28T11:18:07.635514Z"",""no_price_dollars"":""0.8700"",""taker_side"":""no"",""ticker"":""KXETH15M-26APR280730-30"",""trade_id"":""b9c5fe73-4ec1-7dba-e51d-3327538edcb5"",""yes_price_dollars"":""0.1300""}"
KXETH15M-26APR280730-30,30c19334-4305-7eb8-c177-a706e763d423,1777375087,0.13,25.04,no,"{""count_fp"":""25.04"",""created_time"":""2026-04-28T11:18:07.635514Z"",""no_price_dollars"":""0.8700"",""taker_side"":""no"",""ticker"":""KXETH15M-26APR280730-30"",""trade_id"":""30c19334-4305-7eb8-c177-a706e763d423"",""yes_price_dollars"":""0.1300""}"
KXETH15M-26APR280730-30,2bbd7059-a1f6-725d-f0f4-9168de32a595,1777375087,0.13,1.0,no,"{""count_fp"":""1.00"",""created_time"":""2026-04-28T11:18:07.635514Z"",""no_price_dollars"":""0.8700"",""taker_side"":""no"",""ticker"":""KXETH15M-26APR280730-30"",""trade_id"":""2bbd7059-a1f6-725d-f0f4-9168de32a595"",""yes_price_dollars"":""0.1300""}"
KXETH15M-26APR280730-30,6858f40c-d050-4362-0fee-6682a0b946ef,1777375088,0.17,18.0,yes,"{""count_fp"":""18.00"",""created_time"":""2026-04-28T11:18:08.245967Z"",""no_price_dollars"":""0.8300"",""taker_side"":""yes"",""ticker"":""KXETH15M-26APR280730-30"",""trade_id"":""6858f40c-d050-4362-0fee-6682a0b946ef"",""yes_price_dollars"":""0.1700""}"
KXETH15M-26APR280730-30,e82f37a1-575b-7774-c908-a898ed7659d2,1777375089,0.16,8.29,yes,"{""count_fp"":""8.29"",""created_time"":""2026-04-28T11:18:09.065022Z"",""no_price_dollars"":""0.8400"",""taker_side"":""yes"",""ticker"":""KXETH15M-26APR280730-30"",""trade_id"":""e82f37a1-575b-7774-c908-a898ed7659d2"",""yes_price_dollars"":""0.1600""}"
KXETH15M-26APR280730-30,c3f95180-1d11-5c1c-cf69-09409f6e51d5,1777375095,0.09,3.0,no,"{""count_fp"":""3.00"",""created_time"":""2026-04-28T11:18:15.864416Z"",""no_price_dollars"":""0.9100"",""taker_side"":""no"",""ticker"":""KXETH15M-26APR280730-30"",""trade_id"":""c3f95180-1d11-5c1c-cf69-09409f6e51d5"",""yes_price_dollars"":""0.0900""}"
KXETH15M-26APR280730-30,bb5a1fed-ed74-5b63-f911-d7879101c3d6,1777375095,0.09,6.0,no,"{""count_fp"":""6.00"",""created_time"":""2026-04-28T11:18:15.864416Z"",""no_price_dollars"":""0.9100"",""taker_side"":""no"",""ticker"":""KXETH15M-26APR280730-30"",""trade_id"":""bb5a1fed-ed74-5b63-f911-d7879101c3d6"",""yes_price_dollars"":""0.0900""}"
KXETH15M-26APR280730-30,4574b8ae-77bc-5bf5-cb9e-a4ad93c6e504,1777375095,0.09,4.0,no,"{""count_fp"":""4.00"",""created_time"":""2026-04-28T11:18:15.864416Z"",""no_price_dollars"":""0.9100"",""taker_side"":""no"",""ticker"":""KXETH15M-26APR280730-30"",""trade_id"":""4574b8ae-77bc-5bf5-cb9e-a4ad93c6e504"",""yes_price_dollars"":""0.0900""}"
KXETH15M-26APR280730-30,0210907a-a8cc-50cd-fbd8-1e980b4c5b39,1777375095,0.09,1.0,no,"{""count_fp"":""1.00"",""created_time"":""2026-04-28T11:18:15.864416Z"",""no_price_dollars"":""0.9100"",""taker_side"":""no"",""ticker"":""KXETH15M-26APR280730-30"",""trade_id"":""0210907a-a8cc-50cd-fbd8-1e980b4c5b39"",""yes_price_dollars"":""0.0900""}"
KXETH15M-26APR280730-30,fa57d291-2144-539a-4f2e-153f9caceb6c,1777375095,0.1,3.0,no,"{""count_fp"":""3.00"",""created_time"":""2026-04-28T11:18:15.479804Z"",""no_price_dollars"":""0.9000"",""taker_side"":""no"",""ticker"":""KXETH15M-26APR280730-30"",""trade_id"":""fa57d291-2144-539a-4f2e-153f9caceb6c"",""yes_price_dollars"":""0.1000""}"
KXETH15M-26APR280730-30,ef435e23-c435-56ac-6e17-5e61a780af5e,1777375095,0.1,1.0,no,"{""count_fp"":""1.00"",""created_time"":""2026-04-28T11:18:15.479804Z"",""no_price_dollars"":""0.9000"",""taker_side"":""no"",""ticker"":""KXETH15M-26APR280730-30"",""trade_id"":""ef435e23-c435-56ac-6e17-5e61a780af5e"",""yes_price_dollars"":""0.1000""}"
KXETH15M-26APR280730-30,bc3af2bc-89fa-53bf-4837-d29af1eb9b4d,1777375095,0.1,4.0,no,"{""count_fp"":""4.00"",""created_time"":""2026-04-28T11:18:15.479804Z"",""no_price_dollars"":""0.9000"",""taker_side"":""no"",""ticker"":""KXETH15M-26APR280730-30"",""trade_id"":""bc3af2bc-89fa-53bf-4837-d29af1eb9b4d"",""yes_price_dollars"":""0.1000""}"
KXETH15M-26APR280730-30,a29f589b-64f3-5587-4b1e-7ec6ac506ef2,1777375095,0.1,1.0,no,"{""count_fp"":""1.00"",""created_time"":""2026-04-28T11:18:15.479804Z"",""no_price_dollars"":""0.9000"",""taker_side"":""no"",""ticker"":""KXETH15M-26APR280730-30"",""trade_id"":""a29f589b-64f3-5587-4b1e-7ec6ac506ef2"",""yes_price_dollars"":""0.1000""}"
KXETH15M-26APR280730-30,2293bf7c-e595-54e9-4a3d-454101c66f0f,1777375095,0.1,14.0,no,"{""count_fp"":""14.00"",""created_time"":""2026-04-28T11:18:15.479804Z"",""no_price_dollars"":""0.9000"",""taker_side"":""no"",""ticker"":""KXETH15M-26APR280730-30"",""trade_id"":""2293bf7c-e595-54e9-4a3d-454101c66f0f"",""yes_price_dollars"":""0.1000""}"
KXETH15M-26APR280730-30,1a0e3c82-6706-5323-7aeb-cc6a027e5a5a,1777375095,0.1,10.0,no,"{""count_fp"":""10.00"",""created_time"":""2026-04-28T11:18:15.479804Z"",""no_price_dollars"":""0.9000"",""taker_side"":""no"",""ticker"":""KXETH15M-26APR280730-30"",""trade_id"":""1a0e3c82-6706-5323-7aeb-cc6a027e5a5a"",""yes_price_dollars"":""0.1000""}"
KXETH15M-26APR280730-30,954c91fe-d1af-53b4-ecd8-0c353b46f3cc,1777375095,0.11,29.0,no,"{""count_fp"":""29.00"",""created_time"":""2026-04-28T11:18:15.376743Z"",""no_price_dollars"":""0.8900"",""taker_side"":""no"",""ticker"":""KXETH15M-26APR280730-30"",""trade_id"":""954c91fe-d1af-53b4-ecd8-0c353b46f3cc"",""yes_price_dollars"":""0.1100""}"
KXETH15M-26APR280730-30,8d77aa56-9f93-5e10-ff47-750e47ba9bc3,1777375095,0.11,4.0,no,"{""count_fp"":""4.00"",""created_time"":""2026-04-28T11:18:15.376743Z"",""no_price_dollars"":""0.8900"",""taker_side"":""no"",""ticker"":""KXETH15M-26APR280730-30"",""trade_id"":""8d77aa56-9f93-5e10-ff47-750e47ba9bc3"",""yes_price_dollars"":""0.1100""}"
KXETH15M-26APR280730-30,60f9ae9b-c947-588e-e4ab-29f9c895b855,1777375095,0.13,5.0,no,"{""count_fp"":""5.00"",""created_time"":""2026-04-28T11:18:15.376743Z"",""no_price_dollars"":""0.8700"",""taker_side"":""no"",""ticker"":""KXETH15M-26APR280730-30"",""trade_id"":""60f9ae9b-c947-588e-e4ab-29f9c895b855"",""yes_price_dollars"":""0.1300""}"
KXETH15M-26APR280730-30,7055b56b-0b77-5ebc-8145-8245ab0d91f2,1777375095,0.14,18.0,yes,"{""count_fp"":""18.00"",""created_time"":""2026-04-28T11:18:15.125368Z"",""no_price_dollars"":""0.8600"",""taker_side"":""yes"",""ticker"":""KXETH15M-26APR280730-30"",""trade_id"":""7055b56b-0b77-5ebc-8145-8245ab0d91f2"",""yes_price_dollars"":""0.1400""}"
KXETH15M-26APR280730-30,67055ab4-91d9-5b48-1bdd-2a6fa0c39c58,1777375096,0.07,1.0,no,"{""count_fp"":""1.00"",""created_time"":""2026-04-28T11:18:16.775406Z"",""no_price_dollars"":""0.9300"",""taker_side"":""no"",""ticker"":""KXETH15M-26APR280730-30"",""trade_id"":""67055ab4-91d9-5b48-1bdd-2a6fa0c39c58"",""yes_price_dollars"":""0.0700""}"
KXETH15M-26APR280730-30,57f26e15-84df-54d6-3b9e-121784b605f6,1777375096,0.07,1.0,no,"{""count_fp"":""1.00"",""created_time"":""2026-04-28T11:18:16.775406Z"",""no_price_dollars"":""0.9300"",""taker_side"":""no"",""ticker"":""KXETH15M-26APR280730-30"",""trade_id"":""57f26e15-84df-54d6-3b9e-121784b605f6"",""yes_price_dollars"":""0.0700""}"
KXETH15M-26APR280730-30,1c86b587-457d-518d-1c01-d9415133cbbf,1777375096,0.07,8.0,no,"{""count_fp"":""8.00"",""created_time"":""2026-04-28T11:18:16.775406Z"",""no_price_dollars"":""0.9300"",""taker_side"":""no"",""ticker"":""KXETH15M-26APR280730-30"",""trade_id"":""1c86b587-457d-518d-1c01-d9415133cbbf"",""yes_price_dollars"":""0.0700""}"
KXETH15M-26APR280730-30,9b1e1073-ec03-5c91-4d7d-7a89f554906f,1777375096,0.08,1.0,no,"{""count_fp"":""1.00"",""created_time"":""2026-04-28T11:18:16.774262Z"",""no_price_dollars"":""0.9200"",""taker_side"":""no"",""ticker"":""KXETH15M-26APR280730-30"",""trade_id"":""9b1e1073-ec03-5c91-4d7d-7a89f554906f"",""yes_price_dollars"":""0.0800""}"
KXETH15M-26APR280730-30,3d8b1cec-4d06-5e6f-7e3f-6a9185621af7,1777375096,0.08,3.0,no,"{""count_fp"":""3.00"",""created_time"":""2026-04-28T11:18:16.774262Z"",""no_price_dollars"":""0.9200"",""taker_side"":""no"",""ticker"":""KXETH15M-26APR280730-30"",""trade_id"":""3d8b1cec-4d06-5e6f-7e3f-6a9185621af7"",""yes_price_dollars"":""0.0800""}"
KXETH15M-26APR280730-30,23347a3c-be7e-5e60-7c02-c95fb26a409e,1777375096,0.08,6.0,no,"{""count_fp"":""6.00"",""created_time"":""2026-04-28T11:18:16.774262Z"",""no_price_dollars"":""0.9200"",""taker_side"":""no"",""ticker"":""KXETH15M-26APR280730-30"",""trade_id"":""23347a3c-be7e-5e60-7c02-c95fb26a409e"",""yes_price_dollars"":""0.0800""}"
KXETH15M-26APR280730-30,b153bd3e-6e24-5dc8-eb94-809198032b4d,1777375102,0.099,10.0,yes,"{""count_fp"":""10.00"",""created_time"":""2026-04-28T11:18:22.429404Z"",""no_price_dollars"":""0.9010"",""taker_side"":""yes"",""ticker"":""KXETH15M-26APR280730-30"",""trade_id"":""b153bd3e-6e24-5dc8-eb94-809198032b4d"",""yes_price_dollars"":""0.0990""}"
KXETH15M-26APR280730-30,56037e48-f263-58fb-cbdd-1d0979ff65ba,1777375102,0.099,8.0,yes,"{""count_fp"":""8.00"",""created_time"":""2026-04-28T11:18:22.429404Z"",""no_price_dollars"":""0.9010"",""taker_side"":""yes"",""ticker"":""KXETH15M-26APR280730-30"",""trade_id"":""56037e48-f263-58fb-cbdd-1d0979ff65ba"",""yes_price_dollars"":""0.0990""}"
KXETH15M-26APR280730-30,35c7f997-c30b-713c-f140-b374bb3fe209,1777375106,0.084,14.04,no,"{""count_fp"":""14.04"",""created_time"":""2026-04-28T11:18:26.612447Z"",""no_price_dollars"":""0.9160"",""taker_side"":""no"",""ticker"":""KXETH15M-26APR280730-30"",""trade_id"":""35c7f997-c30b-713c-f140-b374bb3fe209"",""yes_price_dollars"":""0.0840""}"
KXETH15M-26APR280730-30,1124b48a-6774-6cd6-4e9e-e2abde345533,1777375109,0.1,3.0,yes,"{""count_fp"":""3.00"",""created_time"":""2026-04-28T11:18:29.338719Z"",""no_price_dollars"":""0.9000"",""taker_side"":""yes"",""ticker"":""KXETH15M-26APR280730-30"",""trade_id"":""1124b48a-6774-6cd6-4e9e-e2abde345533"",""yes_price_dollars"":""0.1000""}"
KXETH15M-26APR280730-30,642cf1e6-d8f8-7536-3731-4228a7bb728b,1777375109,0.1,17.81,yes,"{""count_fp"":""17.81"",""created_time"":""2026-04-28T11:18:29.164348Z"",""no_price_dollars"":""0.9000"",""taker_side"":""yes"",""ticker"":""KXETH15M-26APR280730-30"",""trade_id"":""642cf1e6-d8f8-7536-3731-4228a7bb728b"",""yes_price_dollars"":""0.1000""}"
KXETH15M-26APR280730-30,031c3d32-68ef-744d-0fe4-43ed18cb8881,1777375109,0.1,1.0,yes,"{""count_fp"":""1.00"",""created_time"":""2026-04-28T11:18:29.164348Z"",""no_price_dollars"":""0.9000"",""taker_side"":""yes"",""ticker"":""KXETH15M-26APR280730-30"",""trade_id"":""031c3d32-68ef-744d-0fe4-43ed18cb8881"",""yes_price_dollars"":""0.1000""}"
KXETH15M-26APR280730-30,13e388f0-9b9c-6608-b4f3-26a1d93a6531,1777375112,0.11,410.92,yes,"{""count_fp"":""410.92"",""created_time"":""2026-04-28T11:18:32.100751Z"",""no_price_dollars"":""0.8900"",""taker_side"":""yes"",""ticker"":""KXETH15M-26APR280730-30"",""trade_id"":""13e388f0-9b9c-6608-b4f3-26a1d93a6531"",""yes_price_dollars"":""0.1100""}"
KXETH15M-26APR280730-30,9733cbde-6b38-52e0-4485-44df3f082409,1777375112,0.11,410.92,yes,"{""count_fp"":""410.92"",""created_time"":""2026-04-28T11:18:32.097411Z"",""no_price_dollars"":""0.8900"",""taker_side"":""yes"",""ticker"":""KXETH15M-26APR280730-30"",""trade_id"":""9733cbde-6b38-52e0-4485-44df3f082409"",""yes_price_dollars"":""0.1100""}"
KXETH15M-26APR280730-30,84119b43-0f2f-6438-efe9-632df94c4b1f,1777375117,0.16,4.0,no,"{""count_fp"":""4.00"",""created_time"":""2026-04-28T11:18:37.438795Z"",""no_price_dollars"":""0.8400"",""taker_side"":""no"",""ticker"":""KXETH15M-26APR280730-30"",""trade_id"":""84119b43-0f2f-6438-efe9-632df94c4b1f"",""yes_price_dollars"":""0.1600""}"
KXETH15M-26APR280730-30,ccf8f3ec-c78c-6ef5-1255-b96199bba693,1777375117,0.2,4.0,yes,"{""count_fp"":""4.00"",""created_time"":""2026-04-28T11:18:37.164141Z"",""no_price_dollars"":""0.8000"",""taker_side"":""yes"",""ticker"":""KXETH15M-26APR280730-30"",""trade_id"":""ccf8f3ec-c78c-6ef5-1255-b96199bba693"",""yes_price_dollars"":""0.2000""}"
KXETH15M-26APR280730-30,2be58c59-6640-5111-4746-a75a355992dc,1777375117,0.16,14.0,yes,"{""count_fp"":""14.00"",""created_time"":""2026-04-28T11:18:37.041709Z"",""no_price_dollars"":""0.8400"",""taker_side"":""yes"",""ticker"":""KXETH15M-26APR280730-30"",""trade_id"":""2be58c59-6640-5111-4746-a75a355992dc"",""yes_price_dollars"":""0.1600""}"
KXETH15M-26APR280730-30,b54b0e2b-d9c3-5704-9c7f-1902650377e1,1777375118,0.19,12.17,no,"{""count_fp"":""12.17"",""created_time"":""2026-04-28T11:18:38.165272Z"",""no_price_dollars"":""0.8100"",""taker_side"":""no"",""ticker"":""KXETH15M-26APR280730-30"",""trade_id"":""b54b0e2b-d9c3-5704-9c7f-1902650377e1"",""yes_price_dollars"":""0.1900""}"
KXETH15M-26APR280730-30,535fa608-14ef-58b9-8e10-be0b1688c97a,1777375118,0.2,10.0,no,"{""count_fp"":""10.00"",""created_time"":""2026-04-28T11:18:38.165272Z"",""no_price_dollars"":""0.8000"",""taker_side"":""no"",""ticker"":""KXETH15M-26APR280730-30"",""trade_id"":""535fa608-14ef-58b9-8e10-be0b1688c97a"",""yes_price_dollars"":""0.2000""}"
KXETH15M-26APR280730-30,f164bfa0-a9aa-54de-964c-ebc8d6325659,1777375118,0.21,10.0,yes,"{""count_fp"":""10.00"",""created_time"":""2026-04-28T11:18:38.020202Z"",""no_price_dollars"":""0.7900"",""taker_side"":""yes"",""ticker"":""KXETH15M-26APR280730-30"",""trade_id"":""f164bfa0-a9aa-54de-964c-ebc8d6325659"",""yes_price_dollars"":""0.2100""}"
KXETH15M-26APR280730-30,d2da4560-9a5a-5409-8b13-2a9928aeacf4,1777375118,0.21,10.14,yes,"{""count_fp"":""10.14"",""created_time"":""2026-04-28T11:18:38.020202Z"",""no_price_dollars"":""0.7900"",""taker_side"":""yes"",""ticker"":""KXETH15M-26APR280730-30"",""trade_id"":""d2da4560-9a5a-5409-8b13-2a9928aeacf4"",""yes_price_dollars"":""0.2100""}"
KXETH15M-26APR280730-30,8d795663-9e3e-534e-b94e-be9f46610e85,1777375118,0.22,10.0,yes,"{""count_fp"":""10.00"",""created_time"":""2026-04-28T11:18:38.020202Z"",""no_price_dollars"":""0.7800"",""taker_side"":""yes"",""ticker"":""KXETH15M-26APR280730-30"",""trade_id"":""8d795663-9e3e-534e-b94e-be9f46610e85"",""yes_price_dollars"":""0.2200""}"
KXETH15M-26APR280730-30,8a51ebd9-e042-5933-8152-3707e21fac37,1777375118,0.21,856.92,yes,"{""count_fp"":""856.92"",""created_time"":""2026-04-28T11:18:38.020202Z"",""no_price_dollars"":""0.7900"",""taker_side"":""yes"",""ticker"":""KXETH15M-26APR280730-30"",""trade_id"":""8a51ebd9-e042-5933-8152-3707e21fac37"",""yes_price_dollars"":""0.2100""}"
KXETH15M-26APR280730-30,389ac82b-4379-474e-8a13-7e69b52001cd,1777375119,0.16,10.0,no,"{""count_fp"":""10.00"",""created_time"":""2026-04-28T11:18:39.509242Z"",""no_price_dollars"":""0.8400"",""taker_side"":""no"",""ticker"":""KXETH15M-26APR280730-30"",""trade_id"":""389ac82b-4379-474e-8a13-7e69b52001cd"",""yes_price_dollars"":""0.1600""}"
KXETH15M-26APR280730-30,55b008d9-a1c4-5d99-1453-6e6e85ebf728,1777375122,0.19,4.0,no,"{""count_fp"":""4.00"",""created_time"":""2026-04-28T11:18:42.068098Z"",""no_price_dollars"":""0.8100"",""taker_side"":""no"",""ticker"":""KXETH15M-26APR280730-30"",""trade_id"":""55b008d9-a1c4-5d99-1453-6e6e85ebf728"",""yes_price_dollars"":""0.1900""}"
KXETH15M-26APR280730-30,a7b8ca72-1781-6e72-a9d7-eec0646f943d,1777375123,0.21,10.0,no,"{""count_fp"":""10.00"",""created_time"":""2026-04-28T11:18:43.702428Z"",""no_price_dollars"":""0.7900"",""taker_side"":""no"",""ticker"":""KXETH15M-26APR280730-30"",""trade_id"":""a7b8ca72-1781-6e72-a9d7-eec0646f943d"",""yes_price_dollars"":""0.2100""}"
KXETH15M-26APR280730-30,ab6c9e16-412e-44fa-e60c-deca1e434323,1777375134,0.27,3.0,yes,"{""count_fp"":""3.00"",""created_time"":""2026-04-28T11:18:54.670123Z"",""no_price_dollars"":""0.7300"",""taker_side"":""yes"",""ticker"":""KXETH15M-26APR280730-30"",""trade_id"":""ab6c9e16-412e-44fa-e60c-deca1e434323"",""yes_price_dollars"":""0.2700""}"
KXETH15M-26APR280730-30,3f219f53-4a8b-6a44-4cdf-ba728fe9800f,1777375140,0.22,5.0,no,"{""count_fp"":""5.00"",""created_time"":""2026-04-28T11:19:00.969774Z"",""no_price_dollars"":""0.7800"",""taker_side"":""no"",""ticker"":""KXETH15M-26APR280730-30"",""trade_id"":""3f219f53-4a8b-6a44-4cdf-ba728fe9800f"",""yes_price_dollars"":""0.2200""}"
KXETH15M-26APR280730-30,74a9d12a-2427-7fc4-5091-4a624c08de51,1777375140,0.23,10.0,no,"{""count_fp"":""10.00"",""created_time"":""2026-04-28T11:19:00.186163Z"",""no_price_dollars"":""0.7700"",""taker_side"":""no"",""ticker"":""KXETH15M-26APR280730-30"",""trade_id"":""74a9d12a-2427-7fc4-5091-4a624c08de51"",""yes_price_dollars"":""0.2300""}"
KXETH15M-26APR280730-30,6e1eed01-ec66-4e28-9942-f6091ce4e60c,1777375140,0.23,10.0,no,"{""count_fp"":""10.00"",""created_time"":""2026-04-28T11:19:00.184382Z"",""no_price_dollars"":""0.7700"",""taker_side"":""no"",""ticker"":""KXETH15M-26APR280730-30"",""trade_id"":""6e1eed01-ec66-4e28-9942-f6091ce4e60c"",""yes_price_dollars"":""0.2300""}"
KXETH15M-26APR280730-30,ce3af82f-615b-6b51-792e-98e6d9bc33d7,1777375141,0.28,2.0,yes,"{""count_fp"":""2.00"",""created_time"":""2026-04-28T11:19:01.577679Z"",""no_price_dollars"":""0.7200"",""taker_side"":""yes"",""ticker"":""KXETH15M-26APR280730-30"",""trade_id"":""ce3af82f-615b-6b51-792e-98e6d9bc33d7"",""yes_price_dollars"":""0.2800""}"
KXETH15M-26APR280730-30,a6063fce-3a75-7863-bba8-75d8f2a78abb,1777375141,0.27,6.0,yes,"{""count_fp"":""6.00"",""created_time"":""2026-04-28T11:19:01.036665Z"",""no_price_dollars"":""0.7300"",""taker_side"":""yes"",""ticker"":""KXETH15M-26APR280730-30"",""trade_id"":""a6063fce-3a75-7863-bba8-75d8f2a78abb"",""yes_price_dollars"":""0.2700""}"
KXETH15M-26APR280730-30,639041e2-364e-7906-a7af-e9de46c2d177,1777375141,0.27,10.0,yes,"{""count_fp"":""10.00"",""created_time"":""2026-04-28T11:19:01.036665Z"",""no_price_dollars"":""0.7300"",""taker_side"":""yes"",""ticker"":""KXETH15M-26APR280730-30"",""trade_id"":""639041e2-364e-7906-a7af-e9de46c2d177"",""yes_price_dollars"":""0.2700""}"
KXETH15M-26APR280730-30,34bf1268-5d3b-7903-a63a-d145326c7793,1777375141,0.25,2.0,yes,"{""count_fp"":""2.00"",""created_time"":""2026-04-28T11:19:01.036665Z"",""no_price_dollars"":""0.7500"",""taker_side"":""yes"",""ticker"":""KXETH15M-26APR280730-30"",""trade_id"":""34bf1268-5d3b-7903-a63a-d145326c7793"",""yes_price_dollars"":""0.2500""}"
KXETH15M-26APR280730-30,5523e68c-782a-409b-cc53-e0aaea005e6b,1777375142,0.23,1.0,no,"{""count_fp"":""1.00"",""created_time"":""2026-04-28T11:19:02.796164Z"",""no_price_dollars"":""0.7700"",""taker_side"":""no"",""ticker"":""KXETH15M-26APR280730-30"",""trade_id"":""5523e68c-782a-409b-cc53-e0aaea005e6b"",""yes_price_dollars"":""0.2300""}"
KXETH15M-26APR280730-30,fefc3749-c491-644b-857f-6c92f2c89757,1777375146,0.28,8.0,yes,"{""count_fp"":""8.00"",""created_time"":""2026-04-28T11:19:06.493728Z"",""no_price_dollars"":""0.7200"",""taker_side"":""yes"",""ticker"":""KXETH15M-26APR280730-30"",""trade_id"":""fefc3749-c491-644b-857f-6c92f2c89757"",""yes_price_dollars"":""0.2800""}"
KXETH15M-26APR280730-30,a2ec38e5-8467-606e-a07c-d4a9b5608273,1777375146,0.28,10.0,yes,"{""count_fp"":""10.00"",""created_time"":""2026-04-28T11:19:06.493728Z"",""no_price_dollars"":""0.7200"",""taker_side"":""yes"",""ticker"":""KXETH15M-26APR280730-30"",""trade_id"":""a2ec38e5-8467-606e-a07c-d4a9b5608273"",""yes_price_dollars"":""0.2800""}"
KXETH15M-26APR280730-30,83641d5e-93ab-5c6c-dbb0-d10042a242ca,1777375149,0.32,16.14,yes,"{""count_fp"":""16.14"",""created_time"":""2026-04-28T11:19:09.450899Z"",""no_price_dollars"":""0.6800"",""taker_side"":""yes"",""ticker"":""KXETH15M-26APR280730-30"",""trade_id"":""83641d5e-93ab-5c6c-dbb0-d10042a242ca"",""yes_price_dollars"":""0.3200""}"
KXETH15M-26APR280730-30,3be338f1-a096-54ea-dd17-6f70f8bc3d65,1777375149,0.3,10.0,yes,"{""count_fp"":""10.00"",""created_time"":""2026-04-28T11:19:09.450899Z"",""no_price_dollars"":""0.7000"",""taker_side"":""yes"",""ticker"":""KXETH15M-26APR280730-30"",""trade_id"":""3be338f1-a096-54ea-dd17-6f70f8bc3d65"",""yes_price_dollars"":""0.3000""}"
KXETH15M-26APR280730-30,221fc57d-4cc9-5394-f917-e03c4c7a722c,1777375149,0.3,10.0,yes,"{""count_fp"":""10.00"",""created_time"":""2026-04-28T11:19:09.450899Z"",""no_price_dollars"":""0.7000"",""taker_side"":""yes"",""ticker"":""KXETH15M-26APR280730-30"",""trade_id"":""221fc57d-4cc9-5394-f917-e03c4c7a722c"",""yes_price_dollars"":""0.3000""}"
KXETH15M-26APR280730-30,8743d488-b572-7669-a22b-ce09b89efa6e,1777375150,0.34,1.0,no,"{""count_fp"":""1.00"",""created_time"":""2026-04-28T11:19:10.595454Z"",""no_price_dollars"":""0.6600"",""taker_side"":""no"",""ticker"":""KXETH15M-26APR280730-30"",""trade_id"":""8743d488-b572-7669-a22b-ce09b89efa6e"",""yes_price_dollars"":""0.3400""}"
KXETH15M-26APR280730-30,514078b9-6606-70d1-1236-dde8cad538e8,1777375150,0.33,1.0,yes,"{""count_fp"":""1.00"",""created_time"":""2026-04-28T11:19:10.449363Z"",""no_price_dollars"":""0.6700"",""taker_side"":""yes"",""ticker"":""KXETH15M-26APR280730-30"",""trade_id"":""514078b9-6606-70d1-1236-dde8cad538e8"",""yes_price_dollars"":""0.3300""}"
KXETH15M-26APR280730-30,15ddafcf-4e00-7549-2ede-7f6cd54989ae,1777375150,0.34,3.0,yes,"{""count_fp"":""3.00"",""created_time"":""2026-04-28T11:19:10.449363Z"",""no_price_dollars"":""0.6600"",""taker_side"":""yes"",""ticker"":""KXETH15M-26APR280730-30"",""trade_id"":""15ddafcf-4e00-7549-2ede-7f6cd54989ae"",""yes_price_dollars"":""0.3400""}"
KXETH15M-26APR280730-30,ee5b2bfb-7556-5cfa-091b-0e61ab335a42,1777375153,0.34,1.0,yes,"{""count_fp"":""1.00"",""created_time"":""2026-04-28T11:19:13.918596Z"",""no_price_dollars"":""0.6600"",""taker_side"":""yes"",""ticker"":""KXETH15M-26APR280730-30"",""trade_id"":""ee5b2bfb-7556-5cfa-091b-0e61ab335a42"",""yes_price_dollars"":""0.3400""}"
KXETH15M-26APR280730-30,b9c68f25-9f13-6bf0-86be-4d0f3ddff299,1777375153,0.3,1.0,no,"{""count_fp"":""1.00"",""created_time"":""2026-04-28T11:19:13.823426Z"",""no_price_dollars"":""0.7000"",""taker_side"":""no"",""ticker"":""KXETH15M-26APR280730-30"",""trade_id"":""b9c68f25-9f13-6bf0-86be-4d0f3ddff299"",""yes_price_dollars"":""0.3000""}"
KXETH15M-26APR280730-30,28f5fc8c-45bb-78d1-3c23-df89eab2d9d9,1777375159,0.38,1.0,no,"{""count_fp"":""1.00"",""created_time"":""2026-04-28T11:19:19.784666Z"",""no_price_dollars"":""0.6200"",""taker_side"":""no"",""ticker"":""KXETH15M-26APR280730-30"",""trade_id"":""28f5fc8c-45bb-78d1-3c23-df89eab2d9d9"",""yes_price_dollars"":""0.3800""}"
KXETH15M-26APR280730-30,c37f0d2d-a28b-5fbd-696b-ecd6c65319db,1777375161,0.39,15.0,yes,"{""count_fp"":""15.00"",""created_time"":""2026-04-28T11:19:21.764126Z"",""no_price_dollars"":""0.6100"",""taker_side"":""yes"",""ticker"":""KXETH15M-26APR280730-30"",""trade_id"":""c37f0d2d-a28b-5fbd-696b-ecd6c65319db"",""yes_price_dollars"":""0.3900""}"
KXETH15M-26APR280730-30,5b9249e9-1050-724f-25e2-bca7bf384d1b,1777375162,0.41,1.0,no,"{""count_fp"":""1.00"",""created_time"":""2026-04-28T11:19:22.312031Z"",""no_price_dollars"":""0.5900"",""taker_side"":""no"",""ticker"":""KXETH15M-26APR280730-30"",""trade_id"":""5b9249e9-1050-724f-25e2-bca7bf384d1b"",""yes_price_dollars"":""0.4100""}"
KXETH15M-26APR280730-30,48c09085-c223-59de-c414-b6a7aa99f089,1777375164,0.44,1.0,no,"{""count_fp"":""1.00"",""created_time"":""2026-04-28T11:19:24.697421Z"",""no_price_dollars"":""0.5600"",""taker_side"":""no"",""ticker"":""KXETH15M-26APR280730-30"",""trade_id"":""48c09085-c223-59de-c414-b6a7aa99f089"",""yes_price_dollars"":""0.4400""}"
KXETH15M-26APR280730-30,6616d636-8717-4252-3362-09871dc05ec2,1777375165,0.33,60.0,no,"{""count_fp"":""60.00"",""created_time"":""2026-04-28T11:19:25.807518Z"",""no_price_dollars"":""0.6700"",""taker_side"":""no"",""ticker"":""KXETH15M-26APR280730-30"",""trade_id"":""6616d636-8717-4252-3362-09871dc05ec2"",""yes_price_dollars"":""0.3300""}"
KXETH15M-26APR280730-30,29253b3f-4771-6776-d54b-a022672a9bb1,1777375165,0.35,60.0,no,"{""count_fp"":""60.00"",""created_time"":""2026-04-28T11:19:25.673939Z"",""no_price_dollars"":""0.6500"",""taker_side"":""no"",""ticker"":""KXETH15M-26APR280730-30"",""trade_id"":""29253b3f-4771-6776-d54b-a022672a9bb1"",""yes_price_dollars"":""0.3500""}"
KXETH15M-26APR280730-30,51f8b293-7892-5287-dede-b4d6f7a88957,1777375165,0.36,10.0,no,"{""count_fp"":""10.00"",""created_time"":""2026-04-28T11:19:25.645394Z"",""no_price_dollars"":""0.6400"",""taker_side"":""no"",""ticker"":""KXETH15M-26APR280730-30"",""trade_id"":""51f8b293-7892-5287-dede-b4d6f7a88957"",""yes_price_dollars"":""0.3600""}"
KXETH15M-26APR280730-30,b8feda07-3bff-47d4-d725-2a849edca5cd,1777375165,0.37,100.0,no,"{""count_fp"":""100.00"",""created_time"":""2026-04-28T11:19:25.549607Z"",""no_price_dollars"":""0.6300"",""taker_side"":""no"",""ticker"":""KXETH15M-26APR280730-30"",""trade_id"":""b8feda07-3bff-47d4-d725-2a849edca5cd"",""yes_price_dollars"":""0.3700""}"
KXETH15M-26APR280730-30,a5b95c0f-47ba-4eb5-f5b4-327f1047815a,1777375165,0.4,1.0,no,"{""count_fp"":""1.00"",""created_time"":""2026-04-28T11:19:25.549607Z"",""no_price_dollars"":""0.6000"",""taker_side"":""no"",""ticker"":""KXETH15M-26APR280730-30"",""trade_id"":""a5b95c0f-47ba-4eb5-f5b4-327f1047815a"",""yes_price_dollars"":""0.4000""}"
KXETH15M-26APR280730-30,6bbcdeaf-3914-5a09-e243-42adff07be42,1777375166,0.26,10.0,no,"{""count_fp"":""10.00"",""created_time"":""2026-04-28T11:19:26.298273Z"",""no_price_dollars"":""0.7400"",""taker_side"":""no"",""ticker"":""KXETH15M-26APR280730-30"",""trade_id"":""6bbcdeaf-3914-5a09-e243-42adff07be42"",""yes_price_dollars"":""0.2600""}"
KXETH15M-26APR280730-30,f8229058-5d4d-42f3-353a-2cf615bf0a6d,1777375167,0.32,10.0,yes,"{""count_fp"":""10.00"",""created_time"":""2026-04-28T11:19:27.441733Z"",""no_price_dollars"":""0.6800"",""taker_side"":""yes"",""ticker"":""KXETH15M-26APR280730-30"",""trade_id"":""f8229058-5d4d-42f3-353a-2cf615bf0a6d"",""yes_price_dollars"":""0.3200""}"
KXETH15M-26APR280730-30,062c72e9-f22c-4e2d-20a6-b30e8a15e1ee,1777375167,0.34,8.0,yes,"{""count_fp"":""8.00"",""created_time"":""2026-04-28T11:19:27.441733Z"",""no_price_dollars"":""0.6600"",""taker_side"":""yes"",""ticker"":""KXETH15M-26APR280730-30"",""trade_id"":""062c72e9-f22c-4e2d-20a6-b30e8a15e1ee"",""yes_price_dollars"":""0.3400""}"
KXETH15M-26APR280730-30,397b3158-d3ae-4f48-7ce5-a26f1d17ed17,1777375168,0.36,21.08,yes,"{""count_fp"":""21.08"",""created_time"":""2026-04-28T11:19:28.968758Z"",""no_price_dollars"":""0.6400"",""taker_side"":""yes"",""ticker"":""KXETH15M-26APR280730-30"",""trade_id"":""397b3158-d3ae-4f48-7ce5-a26f1d17ed17"",""yes_price_dollars"":""0.3600""}"
KXETH15M-26APR280730-30,b9e893e8-f7bb-4b14-dae4-411911158a4e,1777375182,0.21,1.0,yes,"{""count_fp"":""1.00"",""created_time"":""2026-04-28T11:19:42.162938Z"",""no_price_dollars"":""0.7900"",""taker_side"":""yes"",""ticker"":""KXETH15M-26APR280730-30"",""trade_id"":""b9e893e8-f7bb-4b14-dae4-411911158a4e"",""yes_price_dollars"":""0.2100""}"
KXETH15M-26APR280730-30,c5373f5e-aa47-4b0f-20dd-f899408eb63e,1777375184,0.2,1.0,no,"{""count_fp"":""1.00"",""created_time"":""2026-04-28T11:19:44.340704Z"",""no_price_dollars"":""0.8000"",""taker_side"":""no"",""ticker"":""KXETH15M-26APR280730-30"",""trade_id"":""c5373f5e-aa47-4b0f-20dd-f899408eb63e"",""yes_price_dollars"":""0.2000""}"
KXETH15M-26APR280730-30,5d70d235-c75b-435a-3e84-9b987dfb69c6,1777375184,0.16,3.0,no,"{""count_fp"":""3.00"",""created_time"":""2026-04-28T11:19:44.340704Z"",""no_price_dollars"":""0.8400"",""taker_side"":""no"",""ticker"":""KXETH15M-26APR280730-30"",""trade_id"":""5d70d235-c75b-435a-3e84-9b987dfb69c6"",""yes_price_dollars"":""0.1600""}"
KXETH15M-26APR280730-30,dfec8298-d038-701f-95da-3f5ff1671e3a,1777375184,0.21,4.0,yes,"{""count_fp"":""4.00"",""created_time"":""2026-04-28T11:19:44.128866Z"",""no_price_dollars"":""0.7900"",""taker_side"":""yes"",""ticker"":""KXETH15M-26APR280730-30"",""trade_id"":""dfec8298-d038-701f-95da-3f5ff1671e3a"",""yes_price_dollars"":""0.2100""}"
KXETH15M-26APR280730-30,b4459b9e-f392-7010-8a6e-0ed8faf7ab9e,1777375187,0.17,5.0,no,"{""count_fp"":""5.00"",""created_time"":""2026-04-28T11:19:47.860436Z"",""no_price_dollars"":""0.8300"",""taker_side"":""no"",""ticker"":""KXETH15M-26APR280730-30"",""trade_id"":""b4459b9e-f392-7010-8a6e-0ed8faf7ab9e"",""yes_price_dollars"":""0.1700""}"
KXETH15M-26APR280730-30,7913233c-4d76-77f9-8694-d63014b84595,1777375187,0.15,10.0,no,"{""count_fp"":""10.00"",""created_time"":""2026-04-28T11:19:47.860436Z"",""no_price_dollars"":""0.8500"",""taker_side"":""no"",""ticker"":""KXETH15M-26APR280730-30"",""trade_id"":""7913233c-4d76-77f9-8694-d63014b84595"",""yes_price_dollars"":""0.1500""}"
KXETH15M-26APR280730-30,cdeecf8d-07c5-7a86-b1ce-2e1ee9c22dc2,1777375192,0.12,4.0,no,"{""count_fp"":""4.00"",""created_time"":""2026-04-28T11:19:52.883433Z"",""no_price_dollars"":""0.8800"",""taker_side"":""no"",""ticker"":""KXETH15M-26APR280730-30"",""trade_id"":""cdeecf8d-07c5-7a86-b1ce-2e1ee9c22dc2"",""yes_price_dollars"":""0.1200""}"
KXETH15M-26APR280730-30,4e4eec90-2aff-6fba-ba66-e8d43a37b932,1777375193,0.12,10.0,no,"{""count_fp"":""10.00"",""created_time"":""2026-04-28T11:19:53.947686Z"",""no_price_dollars"":""0.8800"",""taker_side"":""no"",""ticker"":""KXETH15M-26APR280730-30"",""trade_id"":""4e4eec90-2aff-6fba-ba66-e8d43a37b932"",""yes_price_dollars"":""0.1200""}"
KXETH15M-26APR280730-30,4d34e689-0885-6ee2-aaa2-d1a6acee0da6,1777375193,0.11,6.08,no,"{""count_fp"":""6.08"",""created_time"":""2026-04-28T11:19:53.947686Z"",""no_price_dollars"":""0.8900"",""taker_side"":""no"",""ticker"":""KXETH15M-26APR280730-30"",""trade_id"":""4d34e689-0885-6ee2-aaa2-d1a6acee0da6"",""yes_price_dollars"":""0.1100""}"
KXETH15M-26APR280730-30,39f72495-5fe0-6feb-a950-039c8db07e68,1777375193,0.11,5.0,no,"{""count_fp"":""5.00"",""created_time"":""2026-04-28T11:19:53.947686Z"",""no_price_dollars"":""0.8900"",""taker_side"":""no"",""ticker"":""KXETH15M-26APR280730-30"",""trade_id"":""39f72495-5fe0-6feb-a950-039c8db07e68"",""yes_price_dollars"":""0.1100""}"
KXETH15M-26APR280730-30,6b8f6153-c315-75a3-ee8e-6bfb46862b1c,1777375200,0.14,10.0,yes,"{""count_fp"":""10.00"",""created_time"":""2026-04-28T11:20:00.887249Z"",""no_price_dollars"":""0.8600"",""taker_side"":""yes"",""ticker"":""KXETH15M-26APR280730-30"",""trade_id"":""6b8f6153-c315-75a3-ee8e-6bfb46862b1c"",""yes_price_dollars"":""0.1400""}"
KXETH15M-26APR280730-30,69f24180-e820-7ce7-d47a-89ddab62329e,1777375200,0.15,8.0,yes,"{""count_fp"":""8.00"",""created_time"":""2026-04-28T11:20:00.887249Z"",""no_price_dollars"":""0.8500"",""taker_side"":""yes"",""ticker"":""KXETH15M-26APR280730-30"",""trade_id"":""69f24180-e820-7ce7-d47a-89ddab62329e"",""yes_price_dollars"":""0.1500""}"
KXETH15M-26APR280730-30,8b7cab6b-47fc-7bbd-2af9-378c615f23ce,1777375200,0.15,10.0,yes,"{""count_fp"":""10.00"",""created_time"":""2026-04-28T11:20:00.807893Z"",""no_price_dollars"":""0.8500"",""taker_side"":""yes"",""ticker"":""KXETH15M-26APR280730-30"",""trade_id"":""8b7cab6b-47fc-7bbd-2af9-378c615f23ce"",""yes_price_dollars"":""0.1500""}"
KXETH15M-26APR280730-30,0fd43462-9f1a-727e-28a4-f4bc4605659c,1777375200,0.15,10.0,yes,"{""count_fp"":""10.00"",""created_time"":""2026-04-28T11:20:00.807893Z"",""no_price_dollars"":""0.8500"",""taker_side"":""yes"",""ticker"":""KXETH15M-26APR280730-30"",""trade_id"":""0fd43462-9f1a-727e-28a4-f4bc4605659c"",""yes_price_dollars"":""0.1500""}"
KXETH15M-26APR280730-30,c7f21095-bed2-61b4-13bf-53cb9d20f0e0,1777375201,0.12,8.0,yes,"{""count_fp"":""8.00"",""created_time"":""2026-04-28T11:20:01.502323Z"",""no_price_dollars"":""0.8800"",""taker_side"":""yes"",""ticker"":""KXETH15M-26APR280730-30"",""trade_id"":""c7f21095-bed2-61b4-13bf-53cb9d20f0e0"",""yes_price_dollars"":""0.1200""}"
KXETH15M-26APR280730-30,7a6b2ca3-79e4-68c6-1270-388adf56d3c6,1777375201,0.12,5.0,yes,"{""count_fp"":""5.00"",""created_time"":""2026-04-28T11:20:01.502323Z"",""no_price_dollars"":""0.8800"",""taker_side"":""yes"",""ticker"":""KXETH15M-26APR280730-30"",""trade_id"":""7a6b2ca3-79e4-68c6-1270-388adf56d3c6"",""yes_price_dollars"":""0.1200""}"
KXETH15M-26APR280730-30,d1270b03-9de8-55c8-2673-ed33cd2e12c1,1777375202,0.12,10.0,yes,"{""count_fp"":""10.00"",""created_time"":""2026-04-28T11:20:02.996912Z"",""no_price_dollars"":""0.8800"",""taker_side"":""yes"",""ticker"":""KXETH15M-26APR280730-30"",""trade_id"":""d1270b03-9de8-55c8-2673-ed33cd2e12c1"",""yes_price_dollars"":""0.1200""}"
KXETH15M-26APR280730-30,645bc09a-cc8e-7bb8-c7e3-04ca6667db34,1777375205,0.13,200.0,yes,"{""count_fp"":""200.00"",""created_time"":""2026-04-28T11:20:05.686844Z"",""no_price_dollars"":""0.8700"",""taker_side"":""yes"",""ticker"":""KXETH15M-26APR280730-30"",""trade_id"":""645bc09a-cc8e-7bb8-c7e3-04ca6667db34"",""yes_price_dollars"":""0.1300""}"
KXETH15M-26APR280730-30,8b982515-43fa-78e0-f8c1-c2c869416bd4,1777375206,0.16,5.0,yes,"{""count_fp"":""5.00"",""created_time"":""2026-04-28T11:20:06.952121Z"",""no_price_dollars"":""0.8400"",""taker_side"":""yes"",""ticker"":""KXETH15M-26APR280730-30"",""trade_id"":""8b982515-43fa-78e0-f8c1-c2c869416bd4"",""yes_price_dollars"":""0.1600""}"
KXETH15M-26APR280730-30,1a91aaa1-ff4d-41fb-eb27-0dc2a54b97ac,1777375207,0.13,2.25,no,"{""count_fp"":""2.25"",""created_time"":""2026-04-28T11:20:07.375213Z"",""no_price_dollars"":""0.8700"",""taker_side"":""no"",""ticker"":""KXETH15M-26APR280730-30"",""trade_id"":""1a91aaa1-ff4d-41fb-eb27-0dc2a54b97ac"",""yes_price_dollars"":""0.1300""}"
KXETH15M-26APR280730-30,1e6fbb7d-3032-7ae8-f74a-f2e300d579df,1777375207,0.18,18.0,yes,"{""count_fp"":""18.00"",""created_time"":""2026-04-28T11:20:07.179475Z"",""no_price_dollars"":""0.8200"",""taker_side"":""yes"",""ticker"":""KXETH15M-26APR280730-30"",""trade_id"":""1e6fbb7d-3032-7ae8-f74a-f2e300d579df"",""yes_price_dollars"":""0.1800""}"
KXETH15M-26APR280730-30,820bb508-d2b4-4607-63dc-3c58e89a2636,1777375212,0.16,8.0,yes,"{""count_fp"":""8.00"",""created_time"":""2026-04-28T11:20:12.704336Z"",""no_price_dollars"":""0.8400"",""taker_side"":""yes"",""ticker"":""KXETH15M-26APR280730-30"",""trade_id"":""820bb508-d2b4-4607-63dc-3c58e89a2636"",""yes_price_dollars"":""0.1600""}"
KXETH15M-26APR280730-30,65074609-1e81-49fb-7100-2ede8bbc02c2,1777375212,0.14,10.0,yes,"{""count_fp"":""10.00"",""created_time"":""2026-04-28T11:20:12.704336Z"",""no_price_dollars"":""0.8600"",""taker_side"":""yes"",""ticker"":""KXETH15M-26APR280730-30"",""trade_id"":""65074609-1e81-49fb-7100-2ede8bbc02c2"",""yes_price_dollars"":""0.1400""}"
KXETH15M-26APR280730-30,c30da036-9411-4ae7-ce36-76b3d8d7dd20,1777375215,0.14,10.0,no,"{""count_fp"":""10.00"",""created_time"":""2026-04-28T11:20:15.804135Z"",""no_price_dollars"":""0.8600"",""taker_side"":""no"",""ticker"":""KXETH15M-26APR280730-30"",""trade_id"":""c30da036-9411-4ae7-ce36-76b3d8d7dd20"",""yes_price_dollars"":""0.1400""}"
KXETH15M-26APR280730-30,9e28750f-f8c0-4eff-fa90-af0ef00c0004,1777375215,0.12,100.0,no,"{""count_fp"":""100.00"",""created_time"":""2026-04-28T11:20:15.804135Z"",""no_price_dollars"":""0.8800"",""taker_side"":""no"",""ticker"":""KXETH15M-26APR280730-30"",""trade_id"":""9e28750f-f8c0-4eff-fa90-af0ef00c0004"",""yes_price_dollars"":""0.1200""}"
KXETH15M-26APR280730-30,9d0f4fb5-b4e8-4202-c622-3e0b5e0f6faf,1777375215,0.12,98.96,no,"{""count_fp"":""98.96"",""created_time"":""2026-04-28T11:20:15.804135Z"",""no_price_dollars"":""0.8800"",""taker_side"":""no"",""ticker"":""KXETH15M-26APR280730-30"",""trade_id"":""9d0f4fb5-b4e8-4202-c622-3e0b5e0f6faf"",""yes_price_dollars"":""0.1200""}"
KXETH15M-26APR280730-30,7ba3fb3a-9ee6-4826-fdae-ba034172a1a0,1777375215,0.13,10.0,no,"{""count_fp"":""10.00"",""created_time"":""2026-04-28T11:20:15.804135Z"",""no_price_dollars"":""0.8700"",""taker_side"":""no"",""ticker"":""KXETH15M-26APR280730-30"",""trade_id"":""7ba3fb3a-9ee6-4826-fdae-ba034172a1a0"",""yes_price_dollars"":""0.1300""}"
KXETH15M-26APR280730-30,670abc7b-091b-408c-a019-76f6795dddbe,1777375219,0.17,8.0,yes,"{""count_fp"":""8.00"",""created_time"":""2026-04-28T11:20:19.434241Z"",""no_price_dollars"":""0.8300"",""taker_side"":""yes"",""ticker"":""KXETH15M-26APR280730-30"",""trade_id"":""670abc7b-091b-408c-a019-76f6795dddbe"",""yes_price_dollars"":""0.1700""}"
KXETH15M-26APR280730-30,3dabe9ba-c81e-41dc-9b31-b8ce5d7de52b,1777375219,0.17,10.0,yes,"{""count_fp"":""10.00"",""created_time"":""2026-04-28T11:20:19.434241Z"",""no_price_dollars"":""0.8300"",""taker_side"":""yes"",""ticker"":""KXETH15M-26APR280730-30"",""trade_id"":""3dabe9ba-c81e-41dc-9b31-b8ce5d7de52b"",""yes_price_dollars"":""0.1700""}"
KXETH15M-26APR280730-30,8def700a-688a-785f-9f42-4d0f77bf1b45,1777375224,0.13,1.13,no,"{""count_fp"":""1.13"",""created_time"":""2026-04-28T11:20:24.266902Z"",""no_price_dollars"":""0.8700"",""taker_side"":""no"",""ticker"":""KXETH15M-26APR280730-30"",""trade_id"":""8def700a-688a-785f-9f42-4d0f77bf1b45"",""yes_price_dollars"":""0.1300""}"
KXETH15M-26APR280730-30,4384a21f-3148-615f-09bf-7cc5330ab98e,1777375226,0.17,18.0,yes,"{""count_fp"":""18.00"",""created_time"":""2026-04-28T11:20:26.237475Z"",""no_price_dollars"":""0.8300"",""taker_side"":""yes"",""ticker"":""KXETH15M-26APR280730-30"",""trade_id"":""4384a21f-3148-615f-09bf-7cc5330ab98e"",""yes_price_dollars"":""0.1700""}"
KXETH15M-26APR280730-30,f6880c5e-6163-5a9b-3777-30541f9c873f,1777375227,0.11,9.0,no,"{""count_fp"":""9.00"",""created_time"":""2026-04-28T11:20:27.857272Z"",""no_price_dollars"":""0.8900"",""taker_side"":""no"",""ticker"":""KXETH15M-26APR280730-30"",""trade_id"":""f6880c5e-6163-5a9b-3777-30541f9c873f"",""yes_price_dollars"":""0.1100""}"
KXETH15M-26APR280730-30,8c510a14-fe0d-5660-054a-60fb96f060c5,1777375227,0.11,1.0,no,"{""count_fp"":""1.00"",""created_time"":""2026-04-28T11:20:27.857272Z"",""no_price_dollars"":""0.8900"",""taker_side"":""no"",""ticker"":""KXETH15M-26APR280730-30"",""trade_id"":""8c510a14-fe0d-5660-054a-60fb96f060c5"",""yes_price_dollars"":""0.1100""}"
KXETH15M-26APR280730-30,4630c1e8-e7d4-5ab3-4615-43b1f1109778,1777375228,0.093,10.0,no,"{""count_fp"":""10.00"",""created_time"":""2026-04-28T11:20:28.510624Z"",""no_price_dollars"":""0.9070"",""taker_side"":""no"",""ticker"":""KXETH15M-26APR280730-30"",""trade_id"":""4630c1e8-e7d4-5ab3-4615-43b1f1109778"",""yes_price_dollars"":""0.0930""}"
KXETH15M-26APR280730-30,31350bd6-45f6-7383-6c53-a5f741a3d067,1777375229,0.1,10.0,no,"{""count_fp"":""10.00"",""created_time"":""2026-04-28T11:20:29.084928Z"",""no_price_dollars"":""0.9000"",""taker_side"":""no"",""ticker"":""KXETH15M-26APR280730-30"",""trade_id"":""31350bd6-45f6-7383-6c53-a5f741a3d067"",""yes_price_dollars"":""0.1000""}"
KXETH15M-26APR280730-30,9061e324-9d2b-4c3c-fb85-528dbab777e5,1777375232,0.14,10.0,yes,"{""count_fp"":""10.00"",""created_time"":""2026-04-28T11:20:32.739492Z"",""no_price_dollars"":""0.8600"",""taker_side"":""yes"",""ticker"":""KXETH15M-26APR280730-30"",""trade_id"":""9061e324-9d2b-4c3c-fb85-528dbab777e5"",""yes_price_dollars"":""0.1400""}"
KXETH15M-26APR280730-30,78195bad-3a72-46ca-f761-922cb5ad2d64,1777375232,0.15,2.0,yes,"{""count_fp"":""2.00"",""created_time"":""2026-04-28T11:20:32.739492Z"",""no_price_dollars"":""0.8500"",""taker_side"":""yes"",""ticker"":""KXETH15M-26APR280730-30"",""trade_id"":""78195bad-3a72-46ca-f761-922cb5ad2d64"",""yes_price_dollars"":""0.1500""}"
KXETH15M-26APR280730-30,16e9d3bb-5685-402e-d507-94b3870322ad,1777375232,0.12,6.0,yes,"{""count_fp"":""6.00"",""created_time"":""2026-04-28T11:20:32.739492Z"",""no_price_dollars"":""0.8800"",""taker_side"":""yes"",""ticker"":""KXETH15M-26APR280730-30"",""trade_id"":""16e9d3bb-5685-402e-d507-94b3870322ad"",""yes_price_dollars"":""0.1200""}"
KXETH15M-26APR280730-30,175b350d-6db7-561c-5d7a-abaceb65c6c2,1777375233,0.094,1.0,no,"{""count_fp"":""1.00"",""created_time"":""2026-04-28T11:20:33.243755Z"",""no_price_dollars"":""0.9060"",""taker_side"":""no"",""ticker"":""KXETH15M-26APR280730-30"",""trade_id"":""175b350d-6db7-561c-5d7a-abaceb65c6c2"",""yes_price_dollars"":""0.0940""}"
KXETH15M-26APR280730-30,e91178af-70bd-488e-1d0d-5c922651966c,1777375237,0.16,10.0,yes,"{""count_fp"":""10.00"",""created_time"":""2026-04-28T11:20:37.483189Z"",""no_price_dollars"":""0.8400"",""taker_side"":""yes"",""ticker"":""KXETH15M-26APR280730-30"",""trade_id"":""e91178af-70bd-488e-1d0d-5c922651966c"",""yes_price_dollars"":""0.1600""}"
KXETH15M-26APR280730-30,5ac4c032-d104-41a3-30d1-5fd74bd5e762,1777375237,0.16,13.27,yes,"{""count_fp"":""13.27"",""created_time"":""2026-04-28T11:20:37.483189Z"",""no_price_dollars"":""0.8400"",""taker_side"":""yes"",""ticker"":""KXETH15M-26APR280730-30"",""trade_id"":""5ac4c032-d104-41a3-30d1-5fd74bd5e762"",""yes_price_dollars"":""0.1600""}"
KXETH15M-26APR280730-30,457990ca-c757-4b9c-1931-3d52265fc0da,1777375237,0.16,10.0,yes,"{""count_fp"":""10.00"",""created_time"":""2026-04-28T11:20:37.483189Z"",""no_price_dollars"":""0.8400"",""taker_side"":""yes"",""ticker"":""KXETH15M-26APR280730-30"",""trade_id"":""457990ca-c757-4b9c-1931-3d52265fc0da"",""yes_price_dollars"":""0.1600""}"
KXETH15M-26APR280730-30,5293c28e-07f1-77e4-be5f-3634454246a1,1777375239,0.16,18.0,yes,"{""count_fp"":""18.00"",""created_time"":""2026-04-28T11:20:39.210659Z"",""no_price_dollars"":""0.8400"",""taker_side"":""yes"",""ticker"":""KXETH15M-26APR280730-30"",""trade_id"":""5293c28e-07f1-77e4-be5f-3634454246a1"",""yes_price_dollars"":""0.1600""}"
KXETH15M-26APR280730-30,d6d8cb10-179f-6318-2095-eeaab606d52e,1777375241,0.13,1.0,no,"{""count_fp"":""1.00"",""created_time"":""2026-04-28T11:20:41.927276Z"",""no_price_dollars"":""0.8700"",""taker_side"":""no"",""ticker"":""KXETH15M-26APR280730-30"",""trade_id"":""d6d8cb10-179f-6318-2095-eeaab606d52e"",""yes_price_dollars"":""0.1300""}"
KXETH15M-26APR280730-30,418f1786-0527-598e-bb43-d35c6a60d2d4,1777375241,0.12,1.0,no,"{""count_fp"":""1.00"",""created_time"":""2026-04-28T11:20:41.255857Z"",""no_price_dollars"":""0.8800"",""taker_side"":""no"",""ticker"":""KXETH15M-26APR280730-30"",""trade_id"":""418f1786-0527-598e-bb43-d35c6a60d2d4"",""yes_price_dollars"":""0.1200""}"
KXETH15M-26APR280730-30,c9b9699e-072d-7a48-463e-08714970382d,1777375245,0.16,18.0,yes,"{""count_fp"":""18.00"",""created_time"":""2026-04-28T11:20:45.468554Z"",""no_price_dollars"":""0.8400"",""taker_side"":""yes"",""ticker"":""KXETH15M-26APR280730-30"",""trade_id"":""c9b9699e-072d-7a48-463e-08714970382d"",""yes_price_dollars"":""0.1600""}"
KXETH15M-26APR280730-30,8d3ab4f8-3ddd-4e10-bfc9-23fedb029109,1777375250,0.16,54.0,yes,"{""count_fp"":""54.00"",""created_time"":""2026-04-28T11:20:50.115223Z"",""no_price_dollars"":""0.8400"",""taker_side"":""yes"",""ticker"":""KXETH15M-26APR280730-30"",""trade_id"":""8d3ab4f8-3ddd-4e10-bfc9-23fedb029109"",""yes_price_dollars"":""0.1600""}"
KXETH15M-26APR280730-30,d8ce098e-8ce8-43d3-f690-be94779220c2,1777375251,0.24,7.0,yes,"{""count_fp"":""7.00"",""created_time"":""2026-04-28T11:20:51.966167Z"",""no_price_dollars"":""0.7600"",""taker_side"":""yes"",""ticker"":""KXETH15M-26APR280730-30"",""trade_id"":""d8ce098e-8ce8-43d3-f690-be94779220c2"",""yes_price_dollars"":""0.2400""}"
KXETH15M-26APR280730-30,7cb72dd1-57d2-4ad3-cbf5-fb45b4b8d4ee,1777375251,0.2,1.0,yes,"{""count_fp"":""1.00"",""created_time"":""2026-04-28T11:20:51.966167Z"",""no_price_dollars"":""0.8000"",""taker_side"":""yes"",""ticker"":""KXETH15M-26APR280730-30"",""trade_id"":""7cb72dd1-57d2-4ad3-cbf5-fb45b4b8d4ee"",""yes_price_dollars"":""0.2000""}"
KXETH15M-26APR280730-30,5b584cc9-067a-4e46-e6d5-6ca2a8e5583d,1777375251,0.22,10.0,yes,"{""count_fp"":""10.00"",""created_time"":""2026-04-28T11:20:51.966167Z"",""no_price_dollars"":""0.7800"",""taker_side"":""yes"",""ticker"":""KXETH15M-26APR280730-30"",""trade_id"":""5b584cc9-067a-4e46-e6d5-6ca2a8e5583d"",""yes_price_dollars"":""0.2200""}"
KXETH15M-26APR280730-30,bf38c4a5-fd27-4b34-9d81-8f484bdd9532,1777375252,0.17,10.0,no,"{""count_fp"":""10.00"",""created_time"":""2026-04-28T11:20:52.011754Z"",""no_price_dollars"":""0.8300"",""taker_side"":""no"",""ticker"":""KXETH15M-26APR280730-30"",""trade_id"":""bf38c4a5-fd27-4b34-9d81-8f484bdd9532"",""yes_price_dollars"":""0.1700""}"
KXETH15M-26APR280730-30,3ceb2940-96a3-4683-9e5e-b59963e19367,1777375252,0.17,19.0,no,"{""count_fp"":""19.00"",""created_time"":""2026-04-28T11:20:52.011754Z"",""no_price_dollars"":""0.8300"",""taker_side"":""no"",""ticker"":""KXETH15M-26APR280730-30"",""trade_id"":""3ceb2940-96a3-4683-9e5e-b59963e19367"",""yes_price_dollars"":""0.1700""}"
KXETH15M-26APR280730-30,a412bb12-6704-4159-3786-b0dd0c544756,1777375259,0.23,18.0,yes,"{""count_fp"":""18.00"",""created_time"":""2026-04-28T11:20:59.405181Z"",""no_price_dollars"":""0.7700"",""taker_side"":""yes"",""ticker"":""KXETH15M-26APR280730-30"",""trade_id"":""a412bb12-6704-4159-3786-b0dd0c544756"",""yes_price_dollars"":""0.2300""}"
KXETH15M-26APR280730-30,5ed40492-285e-57e9-6213-81fa027663ce,1777375262,0.21,1.0,no,"{""count_fp"":""1.00"",""created_time"":""2026-04-28T11:21:02.787256Z"",""no_price_dollars"":""0.7900"",""taker_side"":""no"",""ticker"":""KXETH15M-26APR280730-30"",""trade_id"":""5ed40492-285e-57e9-6213-81fa027663ce"",""yes_price_dollars"":""0.2100""}"
KXETH15M-26APR280730-30,a4e8fe56-f661-4f98-2189-a59dd13446d4,1777375264,0.25,7.32,yes,"{""count_fp"":""7.32"",""created_time"":""2026-04-28T11:21:04.280301Z"",""no_price_dollars"":""0.7500"",""taker_side"":""yes"",""ticker"":""KXETH15M-26APR280730-30"",""trade_id"":""a4e8fe56-f661-4f98-2189-a59dd13446d4"",""yes_price_dollars"":""0.2500""}"
KXETH15M-26APR280730-30,9ceb8a90-febe-459c-20e1-03896fe45918,1777375264,0.25,10.68,yes,"{""count_fp"":""10.68"",""created_time"":""2026-04-28T11:21:04.280301Z"",""no_price_dollars"":""0.7500"",""taker_side"":""yes"",""ticker"":""KXETH15M-26APR280730-30"",""trade_id"":""9ceb8a90-febe-459c-20e1-03896fe45918"",""yes_price_dollars"":""0.2500""}"
KXETH15M-26APR280730-30,a4bd110a-8a0c-798c-3ca5-a900f930bc8f,1777375267,0.24,19.0,yes,"{""count_fp"":""19.00"",""created_time"":""2026-04-28T11:21:07.803028Z"",""no_price_dollars"":""0.7600"",""taker_side"":""yes"",""ticker"":""KXETH15M-26APR280730-30"",""trade_id"":""a4bd110a-8a0c-798c-3ca5-a900f930bc8f"",""yes_price_dollars"":""0.2400""}"
KXETH15M-26APR280730-30,783818e5-84b4-7284-fe34-b6dd22cfcfbb,1777375268,0.23,18.0,yes,"{""count_fp"":""18.00"",""created_time"":""2026-04-28T11:21:08.693891Z"",""no_price_dollars"":""0.7700"",""taker_side"":""yes"",""ticker"":""KXETH15M-26APR280730-30"",""trade_id"":""783818e5-84b4-7284-fe34-b6dd22cfcfbb"",""yes_price_dollars"":""0.2300""}"
KXETH15M-26APR280730-30,4d151e9d-c9e3-6f7a-b2de-5c2a3f231ee0,1777375268,0.2,10.0,no,"{""count_fp"":""10.00"",""created_time"":""2026-04-28T11:21:08.330629Z"",""no_price_dollars"":""0.8000"",""taker_side"":""no"",""ticker"":""KXETH15M-26APR280730-30"",""trade_id"":""4d151e9d-c9e3-6f7a-b2de-5c2a3f231ee0"",""yes_price_dollars"":""0.2000""}"
KXETH15M-26APR280730-30,2d49659e-4eb0-6736-aa51-6363889775f8,1777375268,0.19,2.29,no,"{""count_fp"":""2.29"",""created_time"":""2026-04-28T11:21:08.330629Z"",""no_price_dollars"":""0.8100"",""taker_side"":""no"",""ticker"":""KXETH15M-26APR280730-30"",""trade_id"":""2d49659e-4eb0-6736-aa51-6363889775f8"",""yes_price_dollars"":""0.1900""}"
KXETH15M-26APR280730-30,6963ed45-ef77-5182-989a-8dc2d256b203,1777375269,0.16,10.0,no,"{""count_fp"":""10.00"",""created_time"":""2026-04-28T11:21:09.424343Z"",""no_price_dollars"":""0.8400"",""taker_side"":""no"",""ticker"":""KXETH15M-26APR280730-30"",""trade_id"":""6963ed45-ef77-5182-989a-8dc2d256b203"",""yes_price_dollars"":""0.1600""}"
KXETH15M-26APR280730-30,3952bf42-6217-51af-8ece-4d3e91c4d0ef,1777375269,0.16,10.0,no,"{""count_fp"":""10.00"",""created_time"":""2026-04-28T11:21:09.424343Z"",""no_price_dollars"":""0.8400"",""taker_side"":""no"",""ticker"":""KXETH15M-26APR280730-30"",""trade_id"":""3952bf42-6217-51af-8ece-4d3e91c4d0ef"",""yes_price_dollars"":""0.1600""}"
KXETH15M-26APR280730-30,bb92d563-f5b5-426d-9748-021464d7b6fa,1777375278,0.26,8.0,yes,"{""count_fp"":""8.00"",""created_time"":""2026-04-28T11:21:18.644667Z"",""no_price_dollars"":""0.7400"",""taker_side"":""yes"",""ticker"":""KXETH15M-26APR280730-30"",""trade_id"":""bb92d563-f5b5-426d-9748-021464d7b6fa"",""yes_price_dollars"":""0.2600""}"
KXETH15M-26APR280730-30,117d6cc4-29b5-44e4-9f7b-61fd12be776c,1777375278,0.26,10.0,yes,"{""count_fp"":""10.00"",""created_time"":""2026-04-28T11:21:18.644667Z"",""no_price_dollars"":""0.7400"",""taker_side"":""yes"",""ticker"":""KXETH15M-26APR280730-30"",""trade_id"":""117d6cc4-29b5-44e4-9f7b-61fd12be776c"",""yes_price_dollars"":""0.2600""}"
KXETH15M-26APR280730-30,f4f2bb68-6c41-798e-ee8e-008821542eb1,1777375283,0.27,8.0,yes,"{""count_fp"":""8.00"",""created_time"":""2026-04-28T11:21:23.425744Z"",""no_price_dollars"":""0.7300"",""taker_side"":""yes"",""ticker"":""KXETH15M-26APR280730-30"",""trade_id"":""f4f2bb68-6c41-798e-ee8e-008821542eb1"",""yes_price_dollars"":""0.2700""}"
KXETH15M-26APR280730-30,0e826a70-e64f-7b70-e88c-e20624499fbc,1777375283,0.27,10.0,yes,"{""count_fp"":""10.00"",""created_time"":""2026-04-28T11:21:23.425744Z"",""no_price_dollars"":""0.7300"",""taker_side"":""yes"",""ticker"":""KXETH15M-26APR280730-30"",""trade_id"":""0e826a70-e64f-7b70-e88c-e20624499fbc"",""yes_price_dollars"":""0.2700""}"
KXETH15M-26APR280730-30,f745c2c0-62e4-7fbd-613d-9df23d8be78f,1777375284,0.2,14.17,no,"{""count_fp"":""14.17"",""created_time"":""2026-04-28T11:21:24.125391Z"",""no_price_dollars"":""0.8000"",""taker_side"":""no"",""ticker"":""KXETH15M-26APR280730-30"",""trade_id"":""f745c2c0-62e4-7fbd-613d-9df23d8be78f"",""yes_price_dollars"":""0.2000""}"
KXETH15M-26APR280730-30,8beed14a-a5d3-7637-66a2-66575a08e647,1777375284,0.21,100.0,no,"{""count_fp"":""100.00"",""created_time"":""2026-04-28T11:21:24.125391Z"",""no_price_dollars"":""0.7900"",""taker_side"":""no"",""ticker"":""KXETH15M-26APR280730-30"",""trade_id"":""8beed14a-a5d3-7637-66a2-66575a08e647"",""yes_price_dollars"":""0.2100""}"
KXETH15M-26APR280730-30,83b56c97-4c89-71c9-7025-b644d656de81,1777375284,0.21,10.0,no,"{""count_fp"":""10.00"",""created_time"":""2026-04-28T11:21:24.125391Z"",""no_price_dollars"":""0.7900"",""taker_side"":""no"",""ticker"":""KXETH15M-26APR280730-30"",""trade_id"":""83b56c97-4c89-71c9-7025-b644d656de81"",""yes_price_dollars"":""0.2100""}"
KXETH15M-26APR280730-30,67faac57-5426-7bf4-a1da-092487852ea2,1777375284,0.21,6.22,no,"{""count_fp"":""6.22"",""created_time"":""2026-04-28T11:21:24.070324Z"",""no_price_dollars"":""0.7900"",""taker_side"":""no"",""ticker"":""KXETH15M-26APR280730-30"",""trade_id"":""67faac57-5426-7bf4-a1da-092487852ea2"",""yes_price_dollars"":""0.2100""}"
KXETH15M-26APR280730-30,69c90dfa-2b09-4789-4dc7-e0fd2cef518b,1777375290,0.34,7.55,yes,"{""count_fp"":""7.55"",""created_time"":""2026-04-28T11:21:30.010877Z"",""no_price_dollars"":""0.6600"",""taker_side"":""yes"",""ticker"":""KXETH15M-26APR280730-30"",""trade_id"":""69c90dfa-2b09-4789-4dc7-e0fd2cef518b"",""yes_price_dollars"":""0.3400""}"
KXETH15M-26APR280730-30,3d8f128c-afd4-42cf-7bf3-3e08f0e219a3,1777375290,0.34,10.45,yes,"{""count_fp"":""10.45"",""created_time"":""2026-04-28T11:21:30.010877Z"",""no_price_dollars"":""0.6600"",""taker_side"":""yes"",""ticker"":""KXETH15M-26APR280730-30"",""trade_id"":""3d8f128c-afd4-42cf-7bf3-3e08f0e219a3"",""yes_price_dollars"":""0.3400""}"
KXETH15M-26APR280730-30,f658b978-7199-7405-61aa-94fbc3510930,1777375295,0.31,3.99,no,"{""count_fp"":""3.99"",""created_time"":""2026-04-28T11:21:35.010537Z"",""no_price_dollars"":""0.6900"",""taker_side"":""no"",""ticker"":""KXETH15M-26APR280730-30"",""trade_id"":""f658b978-7199-7405-61aa-94fbc3510930"",""yes_price_dollars"":""0.3100""}"
KXETH15M-26APR280730-30,06e41285-9189-7e90-4737-62792389e169,1777375295,0.32,10.0,no,"{""count_fp"":""10.00"",""created_time"":""2026-04-28T11:21:35.010537Z"",""no_price_dollars"":""0.6800"",""taker_side"":""no"",""ticker"":""KXETH15M-26APR280730-30"",""trade_id"":""06e41285-9189-7e90-4737-62792389e169"",""yes_price_dollars"":""0.3200""}"
KXETH15M-26APR280730-30,b07a4624-41c6-50fc-2368-a765a0ba0b67,1777375296,0.31,3.0,no,"{""count_fp"":""3.00"",""created_time"":""2026-04-28T11:21:36.635209Z"",""no_price_dollars"":""0.6900"",""taker_side"":""no"",""ticker"":""KXETH15M-26APR280730-30"",""trade_id"":""b07a4624-41c6-50fc-2368-a765a0ba0b67"",""yes_price_dollars"":""0.3100""}"
KXETH15M-26APR280730-30,c8807121-812a-47b0-9ca2-ff0a62793e9b,1777375297,0.31,0.14,no,"{""count_fp"":""0.14"",""created_time"":""2026-04-28T11:21:37.345741Z"",""no_price_dollars"":""0.6900"",""taker_side"":""no"",""ticker"":""KXETH15M-26APR280730-30"",""trade_id"":""c8807121-812a-47b0-9ca2-ff0a62793e9b"",""yes_price_dollars"":""0.3100""}"
KXETH15M-26APR280730-30,e0a137b4-4b40-597c-c719-37935cbb9c51,1777375298,0.34,5.0,no,"{""count_fp"":""5.00"",""created_time"":""2026-04-28T11:21:38.556691Z"",""no_price_dollars"":""0.6600"",""taker_side"":""no"",""ticker"":""KXETH15M-26APR280730-30"",""trade_id"":""e0a137b4-4b40-597c-c719-37935cbb9c51"",""yes_price_dollars"":""0.3400""}"
KXETH15M-26APR280730-30,bdb31b51-6e5f-477c-4750-186e97994932,1777375299,0.35,1.0,no,"{""count_fp"":""1.00"",""created_time"":""2026-04-28T11:21:39.528987Z"",""no_price_dollars"":""0.6500"",""taker_side"":""no"",""ticker"":""KXETH15M-26APR280730-30"",""trade_id"":""bdb31b51-6e5f-477c-4750-186e97994932"",""yes_price_dollars"":""0.3500""}"
KXETH15M-26APR280730-30,80bf4927-e8f5-455d-6ff6-a02c6689aaac,1777375299,0.33,8.46,no,"{""count_fp"":""8.46"",""created_time"":""2026-04-28T11:21:39.528987Z"",""no_price_dollars"":""0.6700"",""taker_side"":""no"",""ticker"":""KXETH15M-26APR280730-30"",""trade_id"":""80bf4927-e8f5-455d-6ff6-a02c6689aaac"",""yes_price_dollars"":""0.3300""}"
KXETH15M-26APR280730-30,32c3eeb6-640e-4f55-66e0-f325524e6f50,1777375303,0.36,1.0,no,"{""count_fp"":""1.00"",""created_time"":""2026-04-28T11:21:43.849716Z"",""no_price_dollars"":""0.6400"",""taker_side"":""no"",""ticker"":""KXETH15M-26APR280730-30"",""trade_id"":""32c3eeb6-640e-4f55-66e0-f325524e6f50"",""yes_price_dollars"":""0.3600""}"
KXETH15M-26APR280730-30,27b1099f-956f-5569-0bcb-953d85b30765,1777375305,0.35,3.0,no,"{""count_fp"":""3.00"",""created_time"":""2026-04-28T11:21:45.462644Z"",""no_price_dollars"":""0.6500"",""taker_side"":""no"",""ticker"":""KXETH15M-26APR280730-30"",""trade_id"":""27b1099f-956f-5569-0bcb-953d85b30765"",""yes_price_dollars"":""0.3500""}"
KXETH15M-26APR280730-30,c5f39f31-da67-57f3-7d47-56bd92e46270,1777375307,0.3,10.0,no,"{""count_fp"":""10.00"",""created_time"":""2026-04-28T11:21:47.213096Z"",""no_price_dollars"":""0.7000"",""taker_side"":""no"",""ticker"":""KXETH15M-26APR280730-30"",""trade_id"":""c5f39f31-da67-57f3-7d47-56bd92e46270"",""yes_price_dollars"":""0.3000""}"
KXETH15M-26APR280730-30,d2bfc714-a9be-7630-57fa-5d06ae10708f,1777375307,0.32,10.0,no,"{""count_fp"":""10.00"",""created_time"":""2026-04-28T11:21:47.092665Z"",""no_price_dollars"":""0.6800"",""taker_side"":""no"",""ticker"":""KXETH15M-26APR280730-30"",""trade_id"":""d2bfc714-a9be-7630-57fa-5d06ae10708f"",""yes_price_dollars"":""0.3200""}"
KXETH15M-26APR280730-30,2929a7a7-ad7b-74b4-a590-d984cbfbe527,1777375309,0.29,10.0,yes,"{""count_fp"":""10.00"",""created_time"":""2026-04-28T11:21:49.168065Z"",""no_price_dollars"":""0.7100"",""taker_side"":""yes"",""ticker"":""KXETH15M-26APR280730-30"",""trade_id"":""2929a7a7-ad7b-74b4-a590-d984cbfbe527"",""yes_price_dollars"":""0.2900""}"
KXETH15M-26APR280730-30,28bd5fff-3eed-71bc-a84c-6f670599ba59,1777375309,0.29,68.4,yes,"{""count_fp"":""68.40"",""created_time"":""2026-04-28T11:21:49.168065Z"",""no_price_dollars"":""0.7100"",""taker_side"":""yes"",""ticker"":""KXETH15M-26APR280730-30"",""trade_id"":""28bd5fff-3eed-71bc-a84c-6f670599ba59"",""yes_price_dollars"":""0.2900""}"
KXETH15M-26APR280730-30,cca0b10e-7415-4f1d-d635-87e0b768b387,1777375310,0.3,10.0,yes,"{""count_fp"":""10.00"",""created_time"":""2026-04-28T11:21:50.876041Z"",""no_price_dollars"":""0.7000"",""taker_side"":""yes"",""ticker"":""KXETH15M-26APR280730-30"",""trade_id"":""cca0b10e-7415-4f1d-d635-87e0b768b387"",""yes_price_dollars"":""0.3000""}"
KXETH15M-26APR280730-30,059c62a0-c871-4b5d-eb9e-ee24bc7df88e,1777375310,0.3,8.0,yes,"{""count_fp"":""8.00"",""created_time"":""2026-04-28T11:21:50.876041Z"",""no_price_dollars"":""0.7000"",""taker_side"":""yes"",""ticker"":""KXETH15M-26APR280730-30"",""trade_id"":""059c62a0-c871-4b5d-eb9e-ee24bc7df88e"",""yes_price_dollars"":""0.3000""}"
KXETH15M-26APR280730-30,51a0804b-b1e8-5666-a0e7-21e6d5df3f6e,1777375313,0.29,10.0,no,"{""count_fp"":""10.00"",""created_time"":""2026-04-28T11:21:53.787726Z"",""no_price_dollars"":""0.7100"",""taker_side"":""no"",""ticker"":""KXETH15M-26APR280730-30"",""trade_id"":""51a0804b-b1e8-5666-a0e7-21e6d5df3f6e"",""yes_price_dollars"":""0.2900""}"
KXETH15M-26APR280730-30,4c185b29-e160-5884-923e-72ce7018982b,1777375315,0.3,10.0,yes,"{""count_fp"":""10.00"",""created_time"":""2026-04-28T11:21:55.427764Z"",""no_price_dollars"":""0.7000"",""taker_side"":""yes"",""ticker"":""KXETH15M-26APR280730-30"",""trade_id"":""4c185b29-e160-5884-923e-72ce7018982b"",""yes_price_dollars"":""0.3000""}"
KXETH15M-26APR280730-30,330cc33c-6fc6-5550-8f6e-9a075d26b41b,1777375315,0.3,8.0,yes,"{""count_fp"":""8.00"",""created_time"":""2026-04-28T11:21:55.427764Z"",""no_price_dollars"":""0.7000"",""taker_side"":""yes"",""ticker"":""KXETH15M-26APR280730-30"",""trade_id"":""330cc33c-6fc6-5550-8f6e-9a075d26b41b"",""yes_price_dollars"":""0.3000""}"
KXETH15M-26APR280730-30,9accefd6-f5a3-75c8-23b6-4d23b6170512,1777375319,0.3,8.0,yes,"{""count_fp"":""8.00"",""created_time"":""2026-04-28T11:21:59.834947Z"",""no_price_dollars"":""0.7000"",""taker_side"":""yes"",""ticker"":""KXETH15M-26APR280730-30"",""trade_id"":""9accefd6-f5a3-75c8-23b6-4d23b6170512"",""yes_price_dollars"":""0.3000""}"
KXETH15M-26APR280730-30,02f88a0c-d2e1-7bb8-316e-19415a37a843,1777375319,0.3,10.0,yes,"{""count_fp"":""10.00"",""created_time"":""2026-04-28T11:21:59.834947Z"",""no_price_dollars"":""0.7000"",""taker_side"":""yes"",""ticker"":""KXETH15M-26APR280730-30"",""trade_id"":""02f88a0c-d2e1-7bb8-316e-19415a37a843"",""yes_price_dollars"":""0.3000""}"
KXETH15M-26APR280730-30,bfcca7fe-1bca-7424-af9a-4b3c99576bd3,1777375323,0.36,100.0,yes,"{""count_fp"":""100.00"",""created_time"":""2026-04-28T11:22:03.150951Z"",""no_price_dollars"":""0.6400"",""taker_side"":""yes"",""ticker"":""KXETH15M-26APR280730-30"",""trade_id"":""bfcca7fe-1bca-7424-af9a-4b3c99576bd3"",""yes_price_dollars"":""0.3600""}"
KXETH15M-26APR280730-30,92d2d139-353e-78a5-8f31-bfc3faed7f28,1777375323,0.37,10.0,yes,"{""count_fp"":""10.00"",""created_time"":""2026-04-28T11:22:03.150951Z"",""no_price_dollars"":""0.6300"",""taker_side"":""yes"",""ticker"":""KXETH15M-26APR280730-30"",""trade_id"":""92d2d139-353e-78a5-8f31-bfc3faed7f28"",""yes_price_dollars"":""0.3700""}"
KXETH15M-26APR280730-30,455ab6a1-7cbe-76c7-a3ac-ab1db8a59064,1777375323,0.36,10.0,yes,"{""count_fp"":""10.00"",""created_time"":""2026-04-28T11:22:03.150951Z"",""no_price_dollars"":""0.6400"",""taker_side"":""yes"",""ticker"":""KXETH15M-26APR280730-30"",""trade_id"":""455ab6a1-7cbe-76c7-a3ac-ab1db8a59064"",""yes_price_dollars"":""0.3600""}"
KXETH15M-26APR280730-30,261b91dc-09a2-7536-9462-4a21e588a4db,1777375323,0.29,2.0,yes,"{""count_fp"":""2.00"",""created_time"":""2026-04-28T11:22:03.150951Z"",""no_price_dollars"":""0.7100"",""taker_side"":""yes"",""ticker"":""KXETH15M-26APR280730-30"",""trade_id"":""261b91dc-09a2-7536-9462-4a21e588a4db"",""yes_price_dollars"":""0.2900""}"
KXETH15M-26APR280730-30,4ca5b05f-dd27-5043-26c1-ea7362768584,1777375327,0.34,18.0,yes,"{""count_fp"":""18.00"",""created_time"":""2026-04-28T11:22:07.609172Z"",""no_price_dollars"":""0.6600"",""taker_side"":""yes"",""ticker"":""KXETH15M-26APR280730-30"",""trade_id"":""4ca5b05f-dd27-5043-26c1-ea7362768584"",""yes_price_dollars"":""0.3400""}"
KXETH15M-26APR280730-30,aec51481-4474-4557-3f14-b09405915342,1777375332,0.3,8.0,yes,"{""count_fp"":""8.00"",""created_time"":""2026-04-28T11:22:12.046116Z"",""no_price_dollars"":""0.7000"",""taker_side"":""yes"",""ticker"":""KXETH15M-26APR280730-30"",""trade_id"":""aec51481-4474-4557-3f14-b09405915342"",""yes_price_dollars"":""0.3000""}"
KXETH15M-26APR280730-30,6e396e46-1aa3-4680-330f-bef35999cd8e,1777375332,0.3,10.0,yes,"{""count_fp"":""10.00"",""created_time"":""2026-04-28T11:22:12.046116Z"",""no_price_dollars"":""0.7000"",""taker_side"":""yes"",""ticker"":""KXETH15M-26APR280730-30"",""trade_id"":""6e396e46-1aa3-4680-330f-bef35999cd8e"",""yes_price_dollars"":""0.3000""}"
KXETH15M-26APR280730-30,da2b5a61-73c7-7b67-9317-392506e84a93,1777375336,0.34,8.0,yes,"{""count_fp"":""8.00"",""created_time"":""2026-04-28T11:22:16.672145Z"",""no_price_dollars"":""0.6600"",""taker_side"":""yes"",""ticker"":""KXETH15M-26APR280730-30"",""trade_id"":""da2b5a61-73c7-7b67-9317-392506e84a93"",""yes_price_dollars"":""0.3400""}"
KXETH15M-26APR280730-30,17dc0edb-5d56-7348-ae52-8af4499ff592,1777375336,0.34,10.0,yes,"{""count_fp"":""10.00"",""created_time"":""2026-04-28T11:22:16.672145Z"",""no_price_dollars"":""0.6600"",""taker_side"":""yes"",""ticker"":""KXETH15M-26APR280730-30"",""trade_id"":""17dc0edb-5d56-7348-ae52-8af4499ff592"",""yes_price_dollars"":""0.3400""}"
KXETH15M-26APR280730-30,70f65f4c-8add-4d50-eb4d-1edb96ae61da,1777375342,0.3,46.0,no,"{""count_fp"":""46.00"",""created_time"":""2026-04-28T11:22:22.659558Z"",""no_price_dollars"":""0.7000"",""taker_side"":""no"",""ticker"":""KXETH15M-26APR280730-30"",""trade_id"":""70f65f4c-8add-4d50-eb4d-1edb96ae61da"",""yes_price_dollars"":""0.3000""}"
KXETH15M-26APR280730-30,516dc7a7-af1a-4605-f656-4d1c4d93517f,1777375342,0.34,10.0,no,"{""count_fp"":""10.00"",""created_time"":""2026-04-28T11:22:22.183196Z"",""no_price_dollars"":""0.6600"",""taker_side"":""no"",""ticker"":""KXETH15M-26APR280730-30"",""trade_id"":""516dc7a7-af1a-4605-f656-4d1c4d93517f"",""yes_price_dollars"":""0.3400""}"
KXETH15M-26APR280730-30,9cd917d8-d4aa-7dbd-5131-e239bf8565f2,1777375344,0.32,10.0,yes,"{""count_fp"":""10.00"",""created_time"":""2026-04-28T11:22:24.784558Z"",""no_price_dollars"":""0.6800"",""taker_side"":""yes"",""ticker"":""KXETH15M-26APR280730-30"",""trade_id"":""9cd917d8-d4aa-7dbd-5131-e239bf8565f2"",""yes_price_dollars"":""0.3200""}"
