ticker,trade_id,ts,yes_price,count,taker_side,raw_json
KXETH15M-26APR280915-15,46a62d31-824f-67b1-12cb-362027130020,1777381215,0.51,115.0,yes,"{""count_fp"":""115.00"",""created_time"":""2026-04-28T13:00:15.954387Z"",""no_price_dollars"":""0.4900"",""taker_side"":""yes"",""ticker"":""KXETH15M-26APR280915-15"",""trade_id"":""46a62d31-824f-67b1-12cb-362027130020"",""yes_price_dollars"":""0.5100""}"
KXETH15M-26APR280915-15,6c3d1e46-129f-571d-982b-0b77b6cfd170,1777381215,0.51,3.79,yes,"{""count_fp"":""3.79"",""created_time"":""2026-04-28T13:00:15.665695Z"",""no_price_dollars"":""0.4900"",""taker_side"":""yes"",""ticker"":""KXETH15M-26APR280915-15"",""trade_id"":""6c3d1e46-129f-571d-982b-0b77b6cfd170"",""yes_price_dollars"":""0.5100""}"
KXETH15M-26APR280915-15,66713347-91a7-4931-c413-9b6627619354,1777381220,0.51,189.57,yes,"{""count_fp"":""189.57"",""created_time"":""2026-04-28T13:00:20.066359Z"",""no_price_dollars"":""0.4900"",""taker_side"":""yes"",""ticker"":""KXETH15M-26APR280915-15"",""trade_id"":""66713347-91a7-4931-c413-9b6627619354"",""yes_price_dollars"":""0.5100""}"
KXETH15M-26APR280915-15,608968b8-df13-7a2d-d765-d7f64e7a2024,1777381228,0.51,3.0,yes,"{""count_fp"":""3.00"",""created_time"":""2026-04-28T13:00:28.645892Z"",""no_price_dollars"":""0.4900"",""taker_side"":""yes"",""ticker"":""KXETH15M-26APR280915-15"",""trade_id"":""608968b8-df13-7a2d-d765-d7f64e7a2024"",""yes_price_dollars"":""0.5100""}"
KXETH15M-26APR280915-15,dce2f7da-feef-6fbf-3c7c-e0af64efaa7f,1777381229,0.45,10.0,no,"{""count_fp"":""10.00"",""created_time"":""2026-04-28T13:00:29.719014Z"",""no_price_dollars"":""0.5500"",""taker_side"":""no"",""ticker"":""KXETH15M-26APR280915-15"",""trade_id"":""dce2f7da-feef-6fbf-3c7c-e0af64efaa7f"",""yes_price_dollars"":""0.4500""}"
KXETH15M-26APR280915-15,d0b7f298-8b9c-6e9f-11fa-805acbfe81c5,1777381229,0.5,1.0,no,"{""count_fp"":""1.00"",""created_time"":""2026-04-28T13:00:29.719014Z"",""no_price_dollars"":""0.5000"",""taker_side"":""no"",""ticker"":""KXETH15M-26APR280915-15"",""trade_id"":""d0b7f298-8b9c-6e9f-11fa-805acbfe81c5"",""yes_price_dollars"":""0.5000""}"
KXETH15M-26APR280915-15,72ba87aa-a524-6dc9-0f53-d08efd237240,1777381229,0.44,2.0,no,"{""count_fp"":""2.00"",""created_time"":""2026-04-28T13:00:29.719014Z"",""no_price_dollars"":""0.5600"",""taker_side"":""no"",""ticker"":""KXETH15M-26APR280915-15"",""trade_id"":""72ba87aa-a524-6dc9-0f53-d08efd237240"",""yes_price_dollars"":""0.4400""}"
KXETH15M-26APR280915-15,0aae09b8-6572-6f29-06cc-3d6ed53810e6,1777381229,0.5,1.0,no,"{""count_fp"":""1.00"",""created_time"":""2026-04-28T13:00:29.719014Z"",""no_price_dollars"":""0.5000"",""taker_side"":""no"",""ticker"":""KXETH15M-26APR280915-15"",""trade_id"":""0aae09b8-6572-6f29-06cc-3d6ed53810e6"",""yes_price_dollars"":""0.5000""}"
KXETH15M-26APR280915-15,9bbd8958-edec-7805-26b6-b57509b58718,1777381230,0.44,68.0,no,"{""count_fp"":""68.00"",""created_time"":""2026-04-28T13:00:30.535697Z"",""no_price_dollars"":""0.5600"",""taker_side"":""no"",""ticker"":""KXETH15M-26APR280915-15"",""trade_id"":""9bbd8958-edec-7805-26b6-b57509b58718"",""yes_price_dollars"":""0.4400""}"
KXETH15M-26APR280915-15,3b46b390-d31a-79cb-197b-16935c64d92e,1777381230,0.44,59.76,no,"{""count_fp"":""59.76"",""created_time"":""2026-04-28T13:00:30.535697Z"",""no_price_dollars"":""0.5600"",""taker_side"":""no"",""ticker"":""KXETH15M-26APR280915-15"",""trade_id"":""3b46b390-d31a-79cb-197b-16935c64d92e"",""yes_price_dollars"":""0.4400""}"
KXETH15M-26APR280915-15,d75efab5-bd44-7b10-c033-e67c81f0f290,1777381234,0.48,15.0,yes,"{""count_fp"":""15.00"",""created_time"":""2026-04-28T13:00:34.947695Z"",""no_price_dollars"":""0.5200"",""taker_side"":""yes"",""ticker"":""KXETH15M-26APR280915-15"",""trade_id"":""d75efab5-bd44-7b10-c033-e67c81f0f290"",""yes_price_dollars"":""0.4800""}"
KXETH15M-26APR280915-15,ad06dff0-61ea-68d0-3884-e4e36a0c9fa6,1777381236,0.45,1.0,yes,"{""count_fp"":""1.00"",""created_time"":""2026-04-28T13:00:36.541709Z"",""no_price_dollars"":""0.5500"",""taker_side"":""yes"",""ticker"":""KXETH15M-26APR280915-15"",""trade_id"":""ad06dff0-61ea-68d0-3884-e4e36a0c9fa6"",""yes_price_dollars"":""0.4500""}"
KXETH15M-26APR280915-15,29a44e4b-0ef0-421c-befa-25b13591bcd8,1777381236,0.49,2.0,yes,"{""count_fp"":""2.00"",""created_time"":""2026-04-28T13:00:36.176282Z"",""no_price_dollars"":""0.5100"",""taker_side"":""yes"",""ticker"":""KXETH15M-26APR280915-15"",""trade_id"":""29a44e4b-0ef0-421c-befa-25b13591bcd8"",""yes_price_dollars"":""0.4900""}"
KXETH15M-26APR280915-15,d163837d-2879-6cd7-e68d-60930f37e251,1777381245,0.44,10.0,no,"{""count_fp"":""10.00"",""created_time"":""2026-04-28T13:00:45.438886Z"",""no_price_dollars"":""0.5600"",""taker_side"":""no"",""ticker"":""KXETH15M-26APR280915-15"",""trade_id"":""d163837d-2879-6cd7-e68d-60930f37e251"",""yes_price_dollars"":""0.4400""}"
KXETH15M-26APR280915-15,a8fd9bdd-1d9f-639c-d39f-b3bdc01f03b3,1777381245,0.44,0.39,no,"{""count_fp"":""0.39"",""created_time"":""2026-04-28T13:00:45.438886Z"",""no_price_dollars"":""0.5600"",""taker_side"":""no"",""ticker"":""KXETH15M-26APR280915-15"",""trade_id"":""a8fd9bdd-1d9f-639c-d39f-b3bdc01f03b3"",""yes_price_dollars"":""0.4400""}"
KXETH15M-26APR280915-15,03e6e194-4a22-57b8-cbb1-e057d2006cd2,1777381247,0.45,4.0,yes,"{""count_fp"":""4.00"",""created_time"":""2026-04-28T13:00:47.599456Z"",""no_price_dollars"":""0.5500"",""taker_side"":""yes"",""ticker"":""KXETH15M-26APR280915-15"",""trade_id"":""03e6e194-4a22-57b8-cbb1-e057d2006cd2"",""yes_price_dollars"":""0.4500""}"
KXETH15M-26APR280915-15,761c469e-ba1e-7de4-2412-c90fb7503ead,1777381253,0.48,10.0,no,"{""count_fp"":""10.00"",""created_time"":""2026-04-28T13:00:53.017877Z"",""no_price_dollars"":""0.5200"",""taker_side"":""no"",""ticker"":""KXETH15M-26APR280915-15"",""trade_id"":""761c469e-ba1e-7de4-2412-c90fb7503ead"",""yes_price_dollars"":""0.4800""}"
KXETH15M-26APR280915-15,755f9407-06fb-76ec-3151-be024b63b0ab,1777381253,0.47,26.7,no,"{""count_fp"":""26.70"",""created_time"":""2026-04-28T13:00:53.017877Z"",""no_price_dollars"":""0.5300"",""taker_side"":""no"",""ticker"":""KXETH15M-26APR280915-15"",""trade_id"":""755f9407-06fb-76ec-3151-be024b63b0ab"",""yes_price_dollars"":""0.4700""}"
KXETH15M-26APR280915-15,dbe3bd1c-a641-60e3-b929-aaffdbc9cbad,1777381254,0.46,1.0,no,"{""count_fp"":""1.00"",""created_time"":""2026-04-28T13:00:54.000942Z"",""no_price_dollars"":""0.5400"",""taker_side"":""no"",""ticker"":""KXETH15M-26APR280915-15"",""trade_id"":""dbe3bd1c-a641-60e3-b929-aaffdbc9cbad"",""yes_price_dollars"":""0.4600""}"
KXETH15M-26APR280915-15,d45e65ab-28bc-7bc4-4073-201a1deb82f4,1777381255,0.48,1.37,yes,"{""count_fp"":""1.37"",""created_time"":""2026-04-28T13:00:55.486356Z"",""no_price_dollars"":""0.5200"",""taker_side"":""yes"",""ticker"":""KXETH15M-26APR280915-15"",""trade_id"":""d45e65ab-28bc-7bc4-4073-201a1deb82f4"",""yes_price_dollars"":""0.4800""}"
KXETH15M-26APR280915-15,1132333e-5f72-7576-66be-fcf2e2f65b3d,1777381255,0.48,10.0,yes,"{""count_fp"":""10.00"",""created_time"":""2026-04-28T13:00:55.486356Z"",""no_price_dollars"":""0.5200"",""taker_side"":""yes"",""ticker"":""KXETH15M-26APR280915-15"",""trade_id"":""1132333e-5f72-7576-66be-fcf2e2f65b3d"",""yes_price_dollars"":""0.4800""}"
KXETH15M-26APR280915-15,96e4e9de-17c5-713b-c9ce-05167e44f75d,1777381257,0.46,1.0,no,"{""count_fp"":""1.00"",""created_time"":""2026-04-28T13:00:57.090501Z"",""no_price_dollars"":""0.5400"",""taker_side"":""no"",""ticker"":""KXETH15M-26APR280915-15"",""trade_id"":""96e4e9de-17c5-713b-c9ce-05167e44f75d"",""yes_price_dollars"":""0.4600""}"
KXETH15M-26APR280915-15,8d68713c-df58-7e1e-cdbe-f06fda660084,1777381257,0.45,196.0,no,"{""count_fp"":""196.00"",""created_time"":""2026-04-28T13:00:57.090501Z"",""no_price_dollars"":""0.5500"",""taker_side"":""no"",""ticker"":""KXETH15M-26APR280915-15"",""trade_id"":""8d68713c-df58-7e1e-cdbe-f06fda660084"",""yes_price_dollars"":""0.4500""}"
KXETH15M-26APR280915-15,31711137-cac0-7e8c-27ea-52ee8e3838a4,1777381259,0.45,19.24,yes,"{""count_fp"":""19.24"",""created_time"":""2026-04-28T13:00:59.349285Z"",""no_price_dollars"":""0.5500"",""taker_side"":""yes"",""ticker"":""KXETH15M-26APR280915-15"",""trade_id"":""31711137-cac0-7e8c-27ea-52ee8e3838a4"",""yes_price_dollars"":""0.4500""}"
KXETH15M-26APR280915-15,963bd82a-7de0-6580-eb48-7609dc0d1327,1777381260,0.4,1.0,no,"{""count_fp"":""1.00"",""created_time"":""2026-04-28T13:01:00.948136Z"",""no_price_dollars"":""0.6000"",""taker_side"":""no"",""ticker"":""KXETH15M-26APR280915-15"",""trade_id"":""963bd82a-7de0-6580-eb48-7609dc0d1327"",""yes_price_dollars"":""0.4000""}"
KXETH15M-26APR280915-15,8e09c9ec-a1bb-6363-bb4c-03720b38c519,1777381261,0.45,2.0,yes,"{""count_fp"":""2.00"",""created_time"":""2026-04-28T13:01:01.771389Z"",""no_price_dollars"":""0.5500"",""taker_side"":""yes"",""ticker"":""KXETH15M-26APR280915-15"",""trade_id"":""8e09c9ec-a1bb-6363-bb4c-03720b38c519"",""yes_price_dollars"":""0.4500""}"
KXETH15M-26APR280915-15,52f3390b-cb72-601d-41d7-0bf9dbda10f9,1777381265,0.44,2.09,yes,"{""count_fp"":""2.09"",""created_time"":""2026-04-28T13:01:05.112747Z"",""no_price_dollars"":""0.5600"",""taker_side"":""yes"",""ticker"":""KXETH15M-26APR280915-15"",""trade_id"":""52f3390b-cb72-601d-41d7-0bf9dbda10f9"",""yes_price_dollars"":""0.4400""}"
KXETH15M-26APR280915-15,cb39b17c-badf-736b-c5c0-db218870162b,1777381266,0.42,5.0,no,"{""count_fp"":""5.00"",""created_time"":""2026-04-28T13:01:06.773239Z"",""no_price_dollars"":""0.5800"",""taker_side"":""no"",""ticker"":""KXETH15M-26APR280915-15"",""trade_id"":""cb39b17c-badf-736b-c5c0-db218870162b"",""yes_price_dollars"":""0.4200""}"
KXETH15M-26APR280915-15,abc37b31-62aa-4e65-b3b7-71d6ce1c02c1,1777381272,0.44,25.91,yes,"{""count_fp"":""25.91"",""created_time"":""2026-04-28T13:01:12.885897Z"",""no_price_dollars"":""0.5600"",""taker_side"":""yes"",""ticker"":""KXETH15M-26APR280915-15"",""trade_id"":""abc37b31-62aa-4e65-b3b7-71d6ce1c02c1"",""yes_price_dollars"":""0.4400""}"
KXETH15M-26APR280915-15,2ca5a002-a38a-474e-a410-bc30720c3d75,1777381272,0.44,18.09,yes,"{""count_fp"":""18.09"",""created_time"":""2026-04-28T13:01:12.885897Z"",""no_price_dollars"":""0.5600"",""taker_side"":""yes"",""ticker"":""KXETH15M-26APR280915-15"",""trade_id"":""2ca5a002-a38a-474e-a410-bc30720c3d75"",""yes_price_dollars"":""0.4400""}"
KXETH15M-26APR280915-15,f22ed28c-1aef-768c-2dbc-4ad7d2b56f9b,1777381272,0.42,1.0,no,"{""count_fp"":""1.00"",""created_time"":""2026-04-28T13:01:12.193134Z"",""no_price_dollars"":""0.5800"",""taker_side"":""no"",""ticker"":""KXETH15M-26APR280915-15"",""trade_id"":""f22ed28c-1aef-768c-2dbc-4ad7d2b56f9b"",""yes_price_dollars"":""0.4200""}"
KXETH15M-26APR280915-15,5bc80585-1d97-62ac-a9af-6d33830d6367,1777381288,0.43,1.7,no,"{""count_fp"":""1.70"",""created_time"":""2026-04-28T13:01:28.710294Z"",""no_price_dollars"":""0.5700"",""taker_side"":""no"",""ticker"":""KXETH15M-26APR280915-15"",""trade_id"":""5bc80585-1d97-62ac-a9af-6d33830d6367"",""yes_price_dollars"":""0.4300""}"
KXETH15M-26APR280915-15,dbea91ba-1559-72b9-29c3-f77c0254dbd6,1777381289,0.47,8.06,yes,"{""count_fp"":""8.06"",""created_time"":""2026-04-28T13:01:29.814746Z"",""no_price_dollars"":""0.5300"",""taker_side"":""yes"",""ticker"":""KXETH15M-26APR280915-15"",""trade_id"":""dbea91ba-1559-72b9-29c3-f77c0254dbd6"",""yes_price_dollars"":""0.4700""}"
KXETH15M-26APR280915-15,6d3a83a4-d7ac-5128-d246-b61c8c323310,1777381290,0.48,52.0,yes,"{""count_fp"":""52.00"",""created_time"":""2026-04-28T13:01:30.013738Z"",""no_price_dollars"":""0.5200"",""taker_side"":""yes"",""ticker"":""KXETH15M-26APR280915-15"",""trade_id"":""6d3a83a4-d7ac-5128-d246-b61c8c323310"",""yes_price_dollars"":""0.4800""}"
KXETH15M-26APR280915-15,fd09c870-2c60-7f29-fbf4-1de7d4b23581,1777381298,0.51,2.0,yes,"{""count_fp"":""2.00"",""created_time"":""2026-04-28T13:01:38.624802Z"",""no_price_dollars"":""0.4900"",""taker_side"":""yes"",""ticker"":""KXETH15M-26APR280915-15"",""trade_id"":""fd09c870-2c60-7f29-fbf4-1de7d4b23581"",""yes_price_dollars"":""0.5100""}"
KXETH15M-26APR280915-15,eff62039-f771-7f34-c546-12aa6652383b,1777381298,0.51,25.0,yes,"{""count_fp"":""25.00"",""created_time"":""2026-04-28T13:01:38.624802Z"",""no_price_dollars"":""0.4900"",""taker_side"":""yes"",""ticker"":""KXETH15M-26APR280915-15"",""trade_id"":""eff62039-f771-7f34-c546-12aa6652383b"",""yes_price_dollars"":""0.5100""}"
KXETH15M-26APR280915-15,afb0bd9e-f28a-7f06-faf8-1e5767727618,1777381298,0.5,200.0,yes,"{""count_fp"":""200.00"",""created_time"":""2026-04-28T13:01:38.624802Z"",""no_price_dollars"":""0.5000"",""taker_side"":""yes"",""ticker"":""KXETH15M-26APR280915-15"",""trade_id"":""afb0bd9e-f28a-7f06-faf8-1e5767727618"",""yes_price_dollars"":""0.5000""}"
KXETH15M-26APR280915-15,94d764ec-e1cc-7bde-f5dd-993a0951a052,1777381298,0.51,70.0,yes,"{""count_fp"":""70.00"",""created_time"":""2026-04-28T13:01:38.624802Z"",""no_price_dollars"":""0.4900"",""taker_side"":""yes"",""ticker"":""KXETH15M-26APR280915-15"",""trade_id"":""94d764ec-e1cc-7bde-f5dd-993a0951a052"",""yes_price_dollars"":""0.5100""}"
KXETH15M-26APR280915-15,43684f28-3047-7f64-d3dc-2e5c38e1fc12,1777381298,0.5,10.0,yes,"{""count_fp"":""10.00"",""created_time"":""2026-04-28T13:01:38.624802Z"",""no_price_dollars"":""0.5000"",""taker_side"":""yes"",""ticker"":""KXETH15M-26APR280915-15"",""trade_id"":""43684f28-3047-7f64-d3dc-2e5c38e1fc12"",""yes_price_dollars"":""0.5000""}"
KXETH15M-26APR280915-15,006b74ee-7032-77b5-e922-7a49ee357308,1777381298,0.5,10.0,yes,"{""count_fp"":""10.00"",""created_time"":""2026-04-28T13:01:38.624802Z"",""no_price_dollars"":""0.5000"",""taker_side"":""yes"",""ticker"":""KXETH15M-26APR280915-15"",""trade_id"":""006b74ee-7032-77b5-e922-7a49ee357308"",""yes_price_dollars"":""0.5000""}"
KXETH15M-26APR280915-15,51077664-c95b-57dc-9d9c-a4d1bc95cca0,1777381298,0.46,40.0,yes,"{""count_fp"":""40.00"",""created_time"":""2026-04-28T13:01:38.574504Z"",""no_price_dollars"":""0.5400"",""taker_side"":""yes"",""ticker"":""KXETH15M-26APR280915-15"",""trade_id"":""51077664-c95b-57dc-9d9c-a4d1bc95cca0"",""yes_price_dollars"":""0.4600""}"
KXETH15M-26APR280915-15,2e0a5fd3-8119-759b-59cc-f2e760f5ed91,1777381298,0.45,1.67,no,"{""count_fp"":""1.67"",""created_time"":""2026-04-28T13:01:38.005361Z"",""no_price_dollars"":""0.5500"",""taker_side"":""no"",""ticker"":""KXETH15M-26APR280915-15"",""trade_id"":""2e0a5fd3-8119-759b-59cc-f2e760f5ed91"",""yes_price_dollars"":""0.4500""}"
KXETH15M-26APR280915-15,32a0951d-d363-4306-bcf1-a3ecc85a0de6,1777381301,0.49,5.0,no,"{""count_fp"":""5.00"",""created_time"":""2026-04-28T13:01:41.506575Z"",""no_price_dollars"":""0.5100"",""taker_side"":""no"",""ticker"":""KXETH15M-26APR280915-15"",""trade_id"":""32a0951d-d363-4306-bcf1-a3ecc85a0de6"",""yes_price_dollars"":""0.4900""}"
KXETH15M-26APR280915-15,3cc5645b-1948-6f60-7ce4-76e589e8ef74,1777381304,0.48,7.61,yes,"{""count_fp"":""7.61"",""created_time"":""2026-04-28T13:01:44.847212Z"",""no_price_dollars"":""0.5200"",""taker_side"":""yes"",""ticker"":""KXETH15M-26APR280915-15"",""trade_id"":""3cc5645b-1948-6f60-7ce4-76e589e8ef74"",""yes_price_dollars"":""0.4800""}"
KXETH15M-26APR280915-15,8c2fc9a5-6108-5870-7612-99815981dbdc,1777381305,0.48,1.8,yes,"{""count_fp"":""1.80"",""created_time"":""2026-04-28T13:01:45.988795Z"",""no_price_dollars"":""0.5200"",""taker_side"":""yes"",""ticker"":""KXETH15M-26APR280915-15"",""trade_id"":""8c2fc9a5-6108-5870-7612-99815981dbdc"",""yes_price_dollars"":""0.4800""}"
KXETH15M-26APR280915-15,a917cdf1-fe77-62d6-43bb-55b691ef23d2,1777381306,0.47,5.0,no,"{""count_fp"":""5.00"",""created_time"":""2026-04-28T13:01:46.801457Z"",""no_price_dollars"":""0.5300"",""taker_side"":""no"",""ticker"":""KXETH15M-26APR280915-15"",""trade_id"":""a917cdf1-fe77-62d6-43bb-55b691ef23d2"",""yes_price_dollars"":""0.4700""}"
KXETH15M-26APR280915-15,455ad96b-179f-6968-4966-b12b0c2d281b,1777381310,0.43,83.53,no,"{""count_fp"":""83.53"",""created_time"":""2026-04-28T13:01:50.137416Z"",""no_price_dollars"":""0.5700"",""taker_side"":""no"",""ticker"":""KXETH15M-26APR280915-15"",""trade_id"":""455ad96b-179f-6968-4966-b12b0c2d281b"",""yes_price_dollars"":""0.4300""}"
KXETH15M-26APR280915-15,45d0aee8-b783-58e4-0988-950491f36adb,1777381318,0.43,34.06,no,"{""count_fp"":""34.06"",""created_time"":""2026-04-28T13:01:58.001579Z"",""no_price_dollars"":""0.5700"",""taker_side"":""no"",""ticker"":""KXETH15M-26APR280915-15"",""trade_id"":""45d0aee8-b783-58e4-0988-950491f36adb"",""yes_price_dollars"":""0.4300""}"
KXETH15M-26APR280915-15,0eff5a90-35de-6115-0501-8f2d9c3882b0,1777381320,0.44,1.0,yes,"{""count_fp"":""1.00"",""created_time"":""2026-04-28T13:02:00.929782Z"",""no_price_dollars"":""0.5600"",""taker_side"":""yes"",""ticker"":""KXETH15M-26APR280915-15"",""trade_id"":""0eff5a90-35de-6115-0501-8f2d9c3882b0"",""yes_price_dollars"":""0.4400""}"
KXETH15M-26APR280915-15,9e09e1c7-10e3-7efc-40c4-89e543a803df,1777381320,0.43,2.0,no,"{""count_fp"":""2.00"",""created_time"":""2026-04-28T13:02:00.054675Z"",""no_price_dollars"":""0.5700"",""taker_side"":""no"",""ticker"":""KXETH15M-26APR280915-15"",""trade_id"":""9e09e1c7-10e3-7efc-40c4-89e543a803df"",""yes_price_dollars"":""0.4300""}"
KXETH15M-26APR280915-15,ae82f115-c6db-6dec-5bb8-413e2b9b4307,1777381321,0.43,425.0,no,"{""count_fp"":""425.00"",""created_time"":""2026-04-28T13:02:01.164493Z"",""no_price_dollars"":""0.5700"",""taker_side"":""no"",""ticker"":""KXETH15M-26APR280915-15"",""trade_id"":""ae82f115-c6db-6dec-5bb8-413e2b9b4307"",""yes_price_dollars"":""0.4300""}"
KXETH15M-26APR280915-15,028774d7-836b-7370-2a19-f092c604114b,1777381322,0.43,0.62,no,"{""count_fp"":""0.62"",""created_time"":""2026-04-28T13:02:02.260047Z"",""no_price_dollars"":""0.5700"",""taker_side"":""no"",""ticker"":""KXETH15M-26APR280915-15"",""trade_id"":""028774d7-836b-7370-2a19-f092c604114b"",""yes_price_dollars"":""0.4300""}"
KXETH15M-26APR280915-15,6b6ed55d-013f-603f-5908-91b4c7a0be43,1777381323,0.35,10.0,no,"{""count_fp"":""10.00"",""created_time"":""2026-04-28T13:02:03.876959Z"",""no_price_dollars"":""0.6500"",""taker_side"":""no"",""ticker"":""KXETH15M-26APR280915-15"",""trade_id"":""6b6ed55d-013f-603f-5908-91b4c7a0be43"",""yes_price_dollars"":""0.3500""}"
KXETH15M-26APR280915-15,57cf7bba-bee8-628d-4396-b0af037bd2e6,1777381323,0.34,10.0,no,"{""count_fp"":""10.00"",""created_time"":""2026-04-28T13:02:03.876959Z"",""no_price_dollars"":""0.6600"",""taker_side"":""no"",""ticker"":""KXETH15M-26APR280915-15"",""trade_id"":""57cf7bba-bee8-628d-4396-b0af037bd2e6"",""yes_price_dollars"":""0.3400""}"
KXETH15M-26APR280915-15,eba296ce-acb4-50f8-dacd-26f5e39b402c,1777381323,0.4,20.0,yes,"{""count_fp"":""20.00"",""created_time"":""2026-04-28T13:02:03.150537Z"",""no_price_dollars"":""0.6000"",""taker_side"":""yes"",""ticker"":""KXETH15M-26APR280915-15"",""trade_id"":""eba296ce-acb4-50f8-dacd-26f5e39b402c"",""yes_price_dollars"":""0.4000""}"
KXETH15M-26APR280915-15,b222734f-06d3-4fa9-88c5-ace4cc5575cc,1777381324,0.33,127.76,yes,"{""count_fp"":""127.76"",""created_time"":""2026-04-28T13:02:04.885585Z"",""no_price_dollars"":""0.6700"",""taker_side"":""yes"",""ticker"":""KXETH15M-26APR280915-15"",""trade_id"":""b222734f-06d3-4fa9-88c5-ace4cc5575cc"",""yes_price_dollars"":""0.3300""}"
KXETH15M-26APR280915-15,69945f02-6230-4672-f157-296da2323538,1777381327,0.32,1.7,yes,"{""count_fp"":""1.70"",""created_time"":""2026-04-28T13:02:07.322887Z"",""no_price_dollars"":""0.6800"",""taker_side"":""yes"",""ticker"":""KXETH15M-26APR280915-15"",""trade_id"":""69945f02-6230-4672-f157-296da2323538"",""yes_price_dollars"":""0.3200""}"
KXETH15M-26APR280915-15,60d8bf10-4230-573e-4865-fc0e209c45cc,1777381328,0.32,7.0,yes,"{""count_fp"":""7.00"",""created_time"":""2026-04-28T13:02:08.233322Z"",""no_price_dollars"":""0.6800"",""taker_side"":""yes"",""ticker"":""KXETH15M-26APR280915-15"",""trade_id"":""60d8bf10-4230-573e-4865-fc0e209c45cc"",""yes_price_dollars"":""0.3200""}"
KXETH15M-26APR280915-15,2bccc91b-0c4b-5474-8aad-00a1b24df09e,1777381329,0.3,6.94,no,"{""count_fp"":""6.94"",""created_time"":""2026-04-28T13:02:09.803459Z"",""no_price_dollars"":""0.7000"",""taker_side"":""no"",""ticker"":""KXETH15M-26APR280915-15"",""trade_id"":""2bccc91b-0c4b-5474-8aad-00a1b24df09e"",""yes_price_dollars"":""0.3000""}"
KXETH15M-26APR280915-15,c0d43097-e0e3-4654-f9c5-c46c2016cb26,1777381332,0.3,43.0,no,"{""count_fp"":""43.00"",""created_time"":""2026-04-28T13:02:12.384097Z"",""no_price_dollars"":""0.7000"",""taker_side"":""no"",""ticker"":""KXETH15M-26APR280915-15"",""trade_id"":""c0d43097-e0e3-4654-f9c5-c46c2016cb26"",""yes_price_dollars"":""0.3000""}"
KXETH15M-26APR280915-15,7c4f36f1-a39b-6fa9-764d-c6239c3aeeb0,1777381332,0.32,90.0,yes,"{""count_fp"":""90.00"",""created_time"":""2026-04-28T13:02:12.259478Z"",""no_price_dollars"":""0.6800"",""taker_side"":""yes"",""ticker"":""KXETH15M-26APR280915-15"",""trade_id"":""7c4f36f1-a39b-6fa9-764d-c6239c3aeeb0"",""yes_price_dollars"":""0.3200""}"
KXETH15M-26APR280915-15,485eb759-2bf4-66c6-7fee-96d35adf1ef8,1777381332,0.31,100.0,yes,"{""count_fp"":""100.00"",""created_time"":""2026-04-28T13:02:12.259478Z"",""no_price_dollars"":""0.6900"",""taker_side"":""yes"",""ticker"":""KXETH15M-26APR280915-15"",""trade_id"":""485eb759-2bf4-66c6-7fee-96d35adf1ef8"",""yes_price_dollars"":""0.3100""}"
KXETH15M-26APR280915-15,1115187f-fc3a-6f97-5f1f-776d9438243e,1777381332,0.31,10.0,yes,"{""count_fp"":""10.00"",""created_time"":""2026-04-28T13:02:12.259478Z"",""no_price_dollars"":""0.6900"",""taker_side"":""yes"",""ticker"":""KXETH15M-26APR280915-15"",""trade_id"":""1115187f-fc3a-6f97-5f1f-776d9438243e"",""yes_price_dollars"":""0.3100""}"
KXETH15M-26APR280915-15,ddbb1c0e-e983-4504-82af-0faafb757e22,1777381333,0.3,0.06,no,"{""count_fp"":""0.06"",""created_time"":""2026-04-28T13:02:13.084569Z"",""no_price_dollars"":""0.7000"",""taker_side"":""no"",""ticker"":""KXETH15M-26APR280915-15"",""trade_id"":""ddbb1c0e-e983-4504-82af-0faafb757e22"",""yes_price_dollars"":""0.3000""}"
KXETH15M-26APR280915-15,b9542681-3b66-5d21-671e-f6bc230d2285,1777381334,0.29,1.0,no,"{""count_fp"":""1.00"",""created_time"":""2026-04-28T13:02:14.670048Z"",""no_price_dollars"":""0.7100"",""taker_side"":""no"",""ticker"":""KXETH15M-26APR280915-15"",""trade_id"":""b9542681-3b66-5d21-671e-f6bc230d2285"",""yes_price_dollars"":""0.2900""}"
KXETH15M-26APR280915-15,9f347df4-b602-64dc-57ca-5018a9e29d24,1777381336,0.3,1.94,yes,"{""count_fp"":""1.94"",""created_time"":""2026-04-28T13:02:16.887676Z"",""no_price_dollars"":""0.7000"",""taker_side"":""yes"",""ticker"":""KXETH15M-26APR280915-15"",""trade_id"":""9f347df4-b602-64dc-57ca-5018a9e29d24"",""yes_price_dollars"":""0.3000""}"
KXETH15M-26APR280915-15,93ab85a1-5f5f-6c52-4134-0a0c33af93f2,1777381336,0.3,3.06,yes,"{""count_fp"":""3.06"",""created_time"":""2026-04-28T13:02:16.887676Z"",""no_price_dollars"":""0.7000"",""taker_side"":""yes"",""ticker"":""KXETH15M-26APR280915-15"",""trade_id"":""93ab85a1-5f5f-6c52-4134-0a0c33af93f2"",""yes_price_dollars"":""0.3000""}"
KXETH15M-26APR280915-15,8b6188fa-03a2-4655-5cd3-c6720e6c61f9,1777381336,0.29,2.0,no,"{""count_fp"":""2.00"",""created_time"":""2026-04-28T13:02:16.626427Z"",""no_price_dollars"":""0.7100"",""taker_side"":""no"",""ticker"":""KXETH15M-26APR280915-15"",""trade_id"":""8b6188fa-03a2-4655-5cd3-c6720e6c61f9"",""yes_price_dollars"":""0.2900""}"
KXETH15M-26APR280915-15,e3ad05d2-de7f-40ac-ef16-4bbabc35b9ec,1777381340,0.3,1.0,yes,"{""count_fp"":""1.00"",""created_time"":""2026-04-28T13:02:20.955811Z"",""no_price_dollars"":""0.7000"",""taker_side"":""yes"",""ticker"":""KXETH15M-26APR280915-15"",""trade_id"":""e3ad05d2-de7f-40ac-ef16-4bbabc35b9ec"",""yes_price_dollars"":""0.3000""}"
KXETH15M-26APR280915-15,b723fb3d-d977-7dc4-5047-13d4ebde4488,1777381340,0.3,9.0,yes,"{""count_fp"":""9.00"",""created_time"":""2026-04-28T13:02:20.951217Z"",""no_price_dollars"":""0.7000"",""taker_side"":""yes"",""ticker"":""KXETH15M-26APR280915-15"",""trade_id"":""b723fb3d-d977-7dc4-5047-13d4ebde4488"",""yes_price_dollars"":""0.3000""}"
KXETH15M-26APR280915-15,10f9cc20-b8d2-6059-e336-c4ba3aad6729,1777381340,0.29,1.0,no,"{""count_fp"":""1.00"",""created_time"":""2026-04-28T13:02:20.781655Z"",""no_price_dollars"":""0.7100"",""taker_side"":""no"",""ticker"":""KXETH15M-26APR280915-15"",""trade_id"":""10f9cc20-b8d2-6059-e336-c4ba3aad6729"",""yes_price_dollars"":""0.2900""}"
KXETH15M-26APR280915-15,0f61bf3f-e450-6bfa-f7e8-2a51eeffd43d,1777381340,0.29,19.7,no,"{""count_fp"":""19.70"",""created_time"":""2026-04-28T13:02:20.781655Z"",""no_price_dollars"":""0.7100"",""taker_side"":""no"",""ticker"":""KXETH15M-26APR280915-15"",""trade_id"":""0f61bf3f-e450-6bfa-f7e8-2a51eeffd43d"",""yes_price_dollars"":""0.2900""}"
KXETH15M-26APR280915-15,cd171457-a68a-4ca9-9855-545673fcccfd,1777381340,0.29,1.0,no,"{""count_fp"":""1.00"",""created_time"":""2026-04-28T13:02:20.164243Z"",""no_price_dollars"":""0.7100"",""taker_side"":""no"",""ticker"":""KXETH15M-26APR280915-15"",""trade_id"":""cd171457-a68a-4ca9-9855-545673fcccfd"",""yes_price_dollars"":""0.2900""}"
KXETH15M-26APR280915-15,b17ed443-005a-4df2-d590-f5f698c35162,1777381341,0.36,1.0,yes,"{""count_fp"":""1.00"",""created_time"":""2026-04-28T13:02:21.995714Z"",""no_price_dollars"":""0.6400"",""taker_side"":""yes"",""ticker"":""KXETH15M-26APR280915-15"",""trade_id"":""b17ed443-005a-4df2-d590-f5f698c35162"",""yes_price_dollars"":""0.3600""}"
KXETH15M-26APR280915-15,869dd116-91da-4ade-bfb7-01c7d0764fd2,1777381346,0.37,1.03,yes,"{""count_fp"":""1.03"",""created_time"":""2026-04-28T13:02:26.840617Z"",""no_price_dollars"":""0.6300"",""taker_side"":""yes"",""ticker"":""KXETH15M-26APR280915-15"",""trade_id"":""869dd116-91da-4ade-bfb7-01c7d0764fd2"",""yes_price_dollars"":""0.3700""}"
KXETH15M-26APR280915-15,475efb2c-0634-609b-613a-0a2303b8f7b4,1777381346,0.32,1.0,no,"{""count_fp"":""1.00"",""created_time"":""2026-04-28T13:02:26.004038Z"",""no_price_dollars"":""0.6800"",""taker_side"":""no"",""ticker"":""KXETH15M-26APR280915-15"",""trade_id"":""475efb2c-0634-609b-613a-0a2303b8f7b4"",""yes_price_dollars"":""0.3200""}"
KXETH15M-26APR280915-15,d09f5d6b-e018-4e62-4fe9-48f7d98f2ae9,1777381354,0.33,1.0,no,"{""count_fp"":""1.00"",""created_time"":""2026-04-28T13:02:34.911549Z"",""no_price_dollars"":""0.6700"",""taker_side"":""no"",""ticker"":""KXETH15M-26APR280915-15"",""trade_id"":""d09f5d6b-e018-4e62-4fe9-48f7d98f2ae9"",""yes_price_dollars"":""0.3300""}"
KXETH15M-26APR280915-15,c8446db0-f569-72f6-efff-756263c551f5,1777381355,0.36,2.0,yes,"{""count_fp"":""2.00"",""created_time"":""2026-04-28T13:02:35.879677Z"",""no_price_dollars"":""0.6400"",""taker_side"":""yes"",""ticker"":""KXETH15M-26APR280915-15"",""trade_id"":""c8446db0-f569-72f6-efff-756263c551f5"",""yes_price_dollars"":""0.3600""}"
KXETH15M-26APR280915-15,8f5d0028-74a4-4b62-c7fb-e4c3aac8d3e1,1777381361,0.34,5.0,no,"{""count_fp"":""5.00"",""created_time"":""2026-04-28T13:02:41.598039Z"",""no_price_dollars"":""0.6600"",""taker_side"":""no"",""ticker"":""KXETH15M-26APR280915-15"",""trade_id"":""8f5d0028-74a4-4b62-c7fb-e4c3aac8d3e1"",""yes_price_dollars"":""0.3400""}"
KXETH15M-26APR280915-15,edfa64da-ea1c-4414-9bb5-b8cec4690e3d,1777381361,0.38,9.67,yes,"{""count_fp"":""9.67"",""created_time"":""2026-04-28T13:02:41.551432Z"",""no_price_dollars"":""0.6200"",""taker_side"":""yes"",""ticker"":""KXETH15M-26APR280915-15"",""trade_id"":""edfa64da-ea1c-4414-9bb5-b8cec4690e3d"",""yes_price_dollars"":""0.3800""}"
KXETH15M-26APR280915-15,acc7ceef-6177-4202-9d8f-e0f34afa366d,1777381361,0.38,10.0,yes,"{""count_fp"":""10.00"",""created_time"":""2026-04-28T13:02:41.551432Z"",""no_price_dollars"":""0.6200"",""taker_side"":""yes"",""ticker"":""KXETH15M-26APR280915-15"",""trade_id"":""acc7ceef-6177-4202-9d8f-e0f34afa366d"",""yes_price_dollars"":""0.3800""}"
KXETH15M-26APR280915-15,4628efbd-8adf-467e-9510-cead7e6889ee,1777381361,0.39,17.45,yes,"{""count_fp"":""17.45"",""created_time"":""2026-04-28T13:02:41.551432Z"",""no_price_dollars"":""0.6100"",""taker_side"":""yes"",""ticker"":""KXETH15M-26APR280915-15"",""trade_id"":""4628efbd-8adf-467e-9510-cead7e6889ee"",""yes_price_dollars"":""0.3900""}"
KXETH15M-26APR280915-15,7a97d8e7-1717-4e5f-9dfb-d68dba79f645,1777381361,0.34,5.0,no,"{""count_fp"":""5.00"",""created_time"":""2026-04-28T13:02:41.290435Z"",""no_price_dollars"":""0.6600"",""taker_side"":""no"",""ticker"":""KXETH15M-26APR280915-15"",""trade_id"":""7a97d8e7-1717-4e5f-9dfb-d68dba79f645"",""yes_price_dollars"":""0.3400""}"
KXETH15M-26APR280915-15,d0dccb6b-ef89-5320-c899-ec99113e02ba,1777381364,0.32,8.43,no,"{""count_fp"":""8.43"",""created_time"":""2026-04-28T13:02:44.448646Z"",""no_price_dollars"":""0.6800"",""taker_side"":""no"",""ticker"":""KXETH15M-26APR280915-15"",""trade_id"":""d0dccb6b-ef89-5320-c899-ec99113e02ba"",""yes_price_dollars"":""0.3200""}"
KXETH15M-26APR280915-15,912e5725-5328-5abe-76ae-f9788d296b0d,1777381367,0.28,1.36,no,"{""count_fp"":""1.36"",""created_time"":""2026-04-28T13:02:47.919103Z"",""no_price_dollars"":""0.7200"",""taker_side"":""no"",""ticker"":""KXETH15M-26APR280915-15"",""trade_id"":""912e5725-5328-5abe-76ae-f9788d296b0d"",""yes_price_dollars"":""0.2800""}"
KXETH15M-26APR280915-15,d98b8304-991c-4981-6ab5-20836f5a8bdf,1777381371,0.3,10.0,yes,"{""count_fp"":""10.00"",""created_time"":""2026-04-28T13:02:51.939608Z"",""no_price_dollars"":""0.7000"",""taker_side"":""yes"",""ticker"":""KXETH15M-26APR280915-15"",""trade_id"":""d98b8304-991c-4981-6ab5-20836f5a8bdf"",""yes_price_dollars"":""0.3000""}"
KXETH15M-26APR280915-15,bdb0c43c-d96c-7451-021c-b26aacd35595,1777381376,0.3,1.0,no,"{""count_fp"":""1.00"",""created_time"":""2026-04-28T13:02:56.736193Z"",""no_price_dollars"":""0.7000"",""taker_side"":""no"",""ticker"":""KXETH15M-26APR280915-15"",""trade_id"":""bdb0c43c-d96c-7451-021c-b26aacd35595"",""yes_price_dollars"":""0.3000""}"
KXETH15M-26APR280915-15,986c93e0-25c7-71af-aa20-16abdd4266c3,1777381380,0.3,5.0,no,"{""count_fp"":""5.00"",""created_time"":""2026-04-28T13:03:00.487439Z"",""no_price_dollars"":""0.7000"",""taker_side"":""no"",""ticker"":""KXETH15M-26APR280915-15"",""trade_id"":""986c93e0-25c7-71af-aa20-16abdd4266c3"",""yes_price_dollars"":""0.3000""}"
KXETH15M-26APR280915-15,6b42354c-7110-77a5-9bc2-3dab4f4d37ad,1777381380,0.3,189.0,no,"{""count_fp"":""189.00"",""created_time"":""2026-04-28T13:03:00.487439Z"",""no_price_dollars"":""0.7000"",""taker_side"":""no"",""ticker"":""KXETH15M-26APR280915-15"",""trade_id"":""6b42354c-7110-77a5-9bc2-3dab4f4d37ad"",""yes_price_dollars"":""0.3000""}"
KXETH15M-26APR280915-15,4a05e0c9-6ec4-4751-c4e1-7564cbf5e0ff,1777381382,0.28,1.0,yes,"{""count_fp"":""1.00"",""created_time"":""2026-04-28T13:03:02.467911Z"",""no_price_dollars"":""0.7200"",""taker_side"":""yes"",""ticker"":""KXETH15M-26APR280915-15"",""trade_id"":""4a05e0c9-6ec4-4751-c4e1-7564cbf5e0ff"",""yes_price_dollars"":""0.2800""}"
KXETH15M-26APR280915-15,cd5874af-36aa-667a-d196-657b4b14d292,1777381382,0.27,1.14,no,"{""count_fp"":""1.14"",""created_time"":""2026-04-28T13:03:02.026628Z"",""no_price_dollars"":""0.7300"",""taker_side"":""no"",""ticker"":""KXETH15M-26APR280915-15"",""trade_id"":""cd5874af-36aa-667a-d196-657b4b14d292"",""yes_price_dollars"":""0.2700""}"
KXETH15M-26APR280915-15,bb7f0f02-157e-57f2-9f20-21665b2299ca,1777381383,0.27,6.72,no,"{""count_fp"":""6.72"",""created_time"":""2026-04-28T13:03:03.002666Z"",""no_price_dollars"":""0.7300"",""taker_side"":""no"",""ticker"":""KXETH15M-26APR280915-15"",""trade_id"":""bb7f0f02-157e-57f2-9f20-21665b2299ca"",""yes_price_dollars"":""0.2700""}"
KXETH15M-26APR280915-15,2ef15091-01e8-5bee-3e2f-2cc4697b352d,1777381385,0.26,10.0,no,"{""count_fp"":""10.00"",""created_time"":""2026-04-28T13:03:05.318869Z"",""no_price_dollars"":""0.7400"",""taker_side"":""no"",""ticker"":""KXETH15M-26APR280915-15"",""trade_id"":""2ef15091-01e8-5bee-3e2f-2cc4697b352d"",""yes_price_dollars"":""0.2600""}"
KXETH15M-26APR280915-15,56d79bd6-bf18-551a-bf65-a5e4a8f875dd,1777381395,0.26,2.0,no,"{""count_fp"":""2.00"",""created_time"":""2026-04-28T13:03:15.147967Z"",""no_price_dollars"":""0.7400"",""taker_side"":""no"",""ticker"":""KXETH15M-26APR280915-15"",""trade_id"":""56d79bd6-bf18-551a-bf65-a5e4a8f875dd"",""yes_price_dollars"":""0.2600""}"
KXETH15M-26APR280915-15,2a900134-1f68-7d8a-1880-81aa3b736051,1777381401,0.26,6.56,no,"{""count_fp"":""6.56"",""created_time"":""2026-04-28T13:03:21.673427Z"",""no_price_dollars"":""0.7400"",""taker_side"":""no"",""ticker"":""KXETH15M-26APR280915-15"",""trade_id"":""2a900134-1f68-7d8a-1880-81aa3b736051"",""yes_price_dollars"":""0.2600""}"
KXETH15M-26APR280915-15,34e12988-556b-50a6-97c0-4d4d86c165e6,1777381401,0.27,3.52,yes,"{""count_fp"":""3.52"",""created_time"":""2026-04-28T13:03:21.342103Z"",""no_price_dollars"":""0.7300"",""taker_side"":""yes"",""ticker"":""KXETH15M-26APR280915-15"",""trade_id"":""34e12988-556b-50a6-97c0-4d4d86c165e6"",""yes_price_dollars"":""0.2700""}"
KXETH15M-26APR280915-15,2979d28c-1dd0-4958-15be-4e50354364f5,1777381404,0.27,10.0,yes,"{""count_fp"":""10.00"",""created_time"":""2026-04-28T13:03:24.077898Z"",""no_price_dollars"":""0.7300"",""taker_side"":""yes"",""ticker"":""KXETH15M-26APR280915-15"",""trade_id"":""2979d28c-1dd0-4958-15be-4e50354364f5"",""yes_price_dollars"":""0.2700""}"
KXETH15M-26APR280915-15,db22ec75-d302-6e72-c1bc-7a0f0f5502dc,1777381408,0.29,385.0,yes,"{""count_fp"":""385.00"",""created_time"":""2026-04-28T13:03:28.637099Z"",""no_price_dollars"":""0.7100"",""taker_side"":""yes"",""ticker"":""KXETH15M-26APR280915-15"",""trade_id"":""db22ec75-d302-6e72-c1bc-7a0f0f5502dc"",""yes_price_dollars"":""0.2900""}"
KXETH15M-26APR280915-15,9f18b75d-fcde-7eee-c05a-2176084f8224,1777381408,0.29,973.0,yes,"{""count_fp"":""973.00"",""created_time"":""2026-04-28T13:03:28.632191Z"",""no_price_dollars"":""0.7100"",""taker_side"":""yes"",""ticker"":""KXETH15M-26APR280915-15"",""trade_id"":""9f18b75d-fcde-7eee-c05a-2176084f8224"",""yes_price_dollars"":""0.2900""}"
KXETH15M-26APR280915-15,d24fdecb-2104-5236-fc8e-98017fa4e855,1777381409,0.29,1.0,no,"{""count_fp"":""1.00"",""created_time"":""2026-04-28T13:03:29.474198Z"",""no_price_dollars"":""0.7100"",""taker_side"":""no"",""ticker"":""KXETH15M-26APR280915-15"",""trade_id"":""d24fdecb-2104-5236-fc8e-98017fa4e855"",""yes_price_dollars"":""0.2900""}"
KXETH15M-26APR280915-15,bea91898-bfac-6692-7b26-3731a62da561,1777381411,0.29,1.68,no,"{""count_fp"":""1.68"",""created_time"":""2026-04-28T13:03:31.381991Z"",""no_price_dollars"":""0.7100"",""taker_side"":""no"",""ticker"":""KXETH15M-26APR280915-15"",""trade_id"":""bea91898-bfac-6692-7b26-3731a62da561"",""yes_price_dollars"":""0.2900""}"
KXETH15M-26APR280915-15,70eac4a7-dd9a-4cb1-9cd2-e7377914c391,1777381416,0.32,9.0,no,"{""count_fp"":""9.00"",""created_time"":""2026-04-28T13:03:36.490514Z"",""no_price_dollars"":""0.6800"",""taker_side"":""no"",""ticker"":""KXETH15M-26APR280915-15"",""trade_id"":""70eac4a7-dd9a-4cb1-9cd2-e7377914c391"",""yes_price_dollars"":""0.3200""}"
KXETH15M-26APR280915-15,a5dd98d2-a76c-5f36-47f5-a3e11f7ed964,1777381416,0.3,1.0,yes,"{""count_fp"":""1.00"",""created_time"":""2026-04-28T13:03:36.421717Z"",""no_price_dollars"":""0.7000"",""taker_side"":""yes"",""ticker"":""KXETH15M-26APR280915-15"",""trade_id"":""a5dd98d2-a76c-5f36-47f5-a3e11f7ed964"",""yes_price_dollars"":""0.3000""}"
KXETH15M-26APR280915-15,518dee8e-40a4-6dbb-1624-b436ca1da038,1777381423,0.33,0.13,no,"{""count_fp"":""0.13"",""created_time"":""2026-04-28T13:03:43.599291Z"",""no_price_dollars"":""0.6700"",""taker_side"":""no"",""ticker"":""KXETH15M-26APR280915-15"",""trade_id"":""518dee8e-40a4-6dbb-1624-b436ca1da038"",""yes_price_dollars"":""0.3300""}"
KXETH15M-26APR280915-15,f39670ec-a675-5044-6fc7-d1218c9ed286,1777381423,0.33,2.0,yes,"{""count_fp"":""2.00"",""created_time"":""2026-04-28T13:03:43.467119Z"",""no_price_dollars"":""0.6700"",""taker_side"":""yes"",""ticker"":""KXETH15M-26APR280915-15"",""trade_id"":""f39670ec-a675-5044-6fc7-d1218c9ed286"",""yes_price_dollars"":""0.3300""}"
KXETH15M-26APR280915-15,2d63211c-4116-50ee-6d8a-0c368aad0735,1777381423,0.33,149.0,yes,"{""count_fp"":""149.00"",""created_time"":""2026-04-28T13:03:43.467119Z"",""no_price_dollars"":""0.6700"",""taker_side"":""yes"",""ticker"":""KXETH15M-26APR280915-15"",""trade_id"":""2d63211c-4116-50ee-6d8a-0c368aad0735"",""yes_price_dollars"":""0.3300""}"
KXETH15M-26APR280915-15,e478d013-c38d-6631-829e-1389e28ac23e,1777381435,0.32,10.0,no,"{""count_fp"":""10.00"",""created_time"":""2026-04-28T13:03:55.944046Z"",""no_price_dollars"":""0.6800"",""taker_side"":""no"",""ticker"":""KXETH15M-26APR280915-15"",""trade_id"":""e478d013-c38d-6631-829e-1389e28ac23e"",""yes_price_dollars"":""0.3200""}"
KXETH15M-26APR280915-15,d307a14e-8be0-64aa-b7b6-b64ebc3cea49,1777381435,0.32,15.7,no,"{""count_fp"":""15.70"",""created_time"":""2026-04-28T13:03:55.944046Z"",""no_price_dollars"":""0.6800"",""taker_side"":""no"",""ticker"":""KXETH15M-26APR280915-15"",""trade_id"":""d307a14e-8be0-64aa-b7b6-b64ebc3cea49"",""yes_price_dollars"":""0.3200""}"
KXETH15M-26APR280915-15,a0a0e75a-5d7c-6f57-be69-e92c47942b68,1777381435,0.31,14.3,no,"{""count_fp"":""14.30"",""created_time"":""2026-04-28T13:03:55.944046Z"",""no_price_dollars"":""0.6900"",""taker_side"":""no"",""ticker"":""KXETH15M-26APR280915-15"",""trade_id"":""a0a0e75a-5d7c-6f57-be69-e92c47942b68"",""yes_price_dollars"":""0.3100""}"
KXETH15M-26APR280915-15,5b99ed5f-8eeb-4297-4508-dd8a05beadfe,1777381445,0.31,10.0,no,"{""count_fp"":""10.00"",""created_time"":""2026-04-28T13:04:05.724328Z"",""no_price_dollars"":""0.6900"",""taker_side"":""no"",""ticker"":""KXETH15M-26APR280915-15"",""trade_id"":""5b99ed5f-8eeb-4297-4508-dd8a05beadfe"",""yes_price_dollars"":""0.3100""}"
KXETH15M-26APR280915-15,f416d356-e8fa-729e-cdd6-575c4d97e33a,1777381446,0.34,10.0,yes,"{""count_fp"":""10.00"",""created_time"":""2026-04-28T13:04:06.027647Z"",""no_price_dollars"":""0.6600"",""taker_side"":""yes"",""ticker"":""KXETH15M-26APR280915-15"",""trade_id"":""f416d356-e8fa-729e-cdd6-575c4d97e33a"",""yes_price_dollars"":""0.3400""}"
KXETH15M-26APR280915-15,c9392c85-cf07-7066-fa50-f64d830d1137,1777381446,0.34,9.0,yes,"{""count_fp"":""9.00"",""created_time"":""2026-04-28T13:04:06.027647Z"",""no_price_dollars"":""0.6600"",""taker_side"":""yes"",""ticker"":""KXETH15M-26APR280915-15"",""trade_id"":""c9392c85-cf07-7066-fa50-f64d830d1137"",""yes_price_dollars"":""0.3400""}"
KXETH15M-26APR280915-15,88ce8f88-daef-7d78-f1b6-d76091d0d1b6,1777381446,0.35,8.55,yes,"{""count_fp"":""8.55"",""created_time"":""2026-04-28T13:04:06.027647Z"",""no_price_dollars"":""0.6500"",""taker_side"":""yes"",""ticker"":""KXETH15M-26APR280915-15"",""trade_id"":""88ce8f88-daef-7d78-f1b6-d76091d0d1b6"",""yes_price_dollars"":""0.3500""}"
KXETH15M-26APR280915-15,3a75a428-96a1-569c-0b5e-a69a71b46c98,1777381452,0.33,2.89,yes,"{""count_fp"":""2.89"",""created_time"":""2026-04-28T13:04:12.555151Z"",""no_price_dollars"":""0.6700"",""taker_side"":""yes"",""ticker"":""KXETH15M-26APR280915-15"",""trade_id"":""3a75a428-96a1-569c-0b5e-a69a71b46c98"",""yes_price_dollars"":""0.3300""}"
KXETH15M-26APR280915-15,ee4d9172-e206-4413-ae0f-809dca4bb476,1777381456,0.33,5.78,yes,"{""count_fp"":""5.78"",""created_time"":""2026-04-28T13:04:16.740407Z"",""no_price_dollars"":""0.6700"",""taker_side"":""yes"",""ticker"":""KXETH15M-26APR280915-15"",""trade_id"":""ee4d9172-e206-4413-ae0f-809dca4bb476"",""yes_price_dollars"":""0.3300""}"
KXETH15M-26APR280915-15,9703f75b-0249-44d0-d127-bd75f3930193,1777381476,0.38,2.87,yes,"{""count_fp"":""2.87"",""created_time"":""2026-04-28T13:04:36.122211Z"",""no_price_dollars"":""0.6200"",""taker_side"":""yes"",""ticker"":""KXETH15M-26APR280915-15"",""trade_id"":""9703f75b-0249-44d0-d127-bd75f3930193"",""yes_price_dollars"":""0.3800""}"
KXETH15M-26APR280915-15,ab6051f1-03ca-444e-f938-e9994da0648e,1777381486,0.32,10.0,no,"{""count_fp"":""10.00"",""created_time"":""2026-04-28T13:04:46.431118Z"",""no_price_dollars"":""0.6800"",""taker_side"":""no"",""ticker"":""KXETH15M-26APR280915-15"",""trade_id"":""ab6051f1-03ca-444e-f938-e9994da0648e"",""yes_price_dollars"":""0.3200""}"
KXETH15M-26APR280915-15,35b3ae44-c63c-468c-fc99-c9144a83e15c,1777381486,0.32,10.0,no,"{""count_fp"":""10.00"",""created_time"":""2026-04-28T13:04:46.431118Z"",""no_price_dollars"":""0.6800"",""taker_side"":""no"",""ticker"":""KXETH15M-26APR280915-15"",""trade_id"":""35b3ae44-c63c-468c-fc99-c9144a83e15c"",""yes_price_dollars"":""0.3200""}"
KXETH15M-26APR280915-15,4de325fe-784a-47bc-c85a-7e3e4f38073f,1777381487,0.3,200.0,no,"{""count_fp"":""200.00"",""created_time"":""2026-04-28T13:04:47.929875Z"",""no_price_dollars"":""0.7000"",""taker_side"":""no"",""ticker"":""KXETH15M-26APR280915-15"",""trade_id"":""4de325fe-784a-47bc-c85a-7e3e4f38073f"",""yes_price_dollars"":""0.3000""}"
KXETH15M-26APR280915-15,3171d66d-b794-48a0-dbcb-e97b1cefb1ee,1777381487,0.3,10.0,no,"{""count_fp"":""10.00"",""created_time"":""2026-04-28T13:04:47.929875Z"",""no_price_dollars"":""0.7000"",""taker_side"":""no"",""ticker"":""KXETH15M-26APR280915-15"",""trade_id"":""3171d66d-b794-48a0-dbcb-e97b1cefb1ee"",""yes_price_dollars"":""0.3000""}"
KXETH15M-26APR280915-15,cab71998-10be-77f1-8077-2b5f01b47011,1777381492,0.25,6.55,no,"{""count_fp"":""6.55"",""created_time"":""2026-04-28T13:04:52.878739Z"",""no_price_dollars"":""0.7500"",""taker_side"":""no"",""ticker"":""KXETH15M-26APR280915-15"",""trade_id"":""cab71998-10be-77f1-8077-2b5f01b47011"",""yes_price_dollars"":""0.2500""}"
KXETH15M-26APR280915-15,5342f831-9c1c-6f48-d341-252d161c8756,1777381501,0.24,10.0,yes,"{""count_fp"":""10.00"",""created_time"":""2026-04-28T13:05:01.033308Z"",""no_price_dollars"":""0.7600"",""taker_side"":""yes"",""ticker"":""KXETH15M-26APR280915-15"",""trade_id"":""5342f831-9c1c-6f48-d341-252d161c8756"",""yes_price_dollars"":""0.2400""}"
KXETH15M-26APR280915-15,bd268dac-29f8-70ac-f948-0800e6c600a6,1777381502,0.23,1.36,yes,"{""count_fp"":""1.36"",""created_time"":""2026-04-28T13:05:02.123181Z"",""no_price_dollars"":""0.7700"",""taker_side"":""yes"",""ticker"":""KXETH15M-26APR280915-15"",""trade_id"":""bd268dac-29f8-70ac-f948-0800e6c600a6"",""yes_price_dollars"":""0.2300""}"
KXETH15M-26APR280915-15,98b0992b-744b-7eb0-806e-4c9b8c7fc3bf,1777381503,0.21,4.0,yes,"{""count_fp"":""4.00"",""created_time"":""2026-04-28T13:05:03.663861Z"",""no_price_dollars"":""0.7900"",""taker_side"":""yes"",""ticker"":""KXETH15M-26APR280915-15"",""trade_id"":""98b0992b-744b-7eb0-806e-4c9b8c7fc3bf"",""yes_price_dollars"":""0.2100""}"
KXETH15M-26APR280915-15,848042f4-6abf-77e7-bd1c-7852df237d5e,1777381503,0.21,10.0,yes,"{""count_fp"":""10.00"",""created_time"":""2026-04-28T13:05:03.663861Z"",""no_price_dollars"":""0.7900"",""taker_side"":""yes"",""ticker"":""KXETH15M-26APR280915-15"",""trade_id"":""848042f4-6abf-77e7-bd1c-7852df237d5e"",""yes_price_dollars"":""0.2100""}"
KXETH15M-26APR280915-15,96214dc7-3877-4299-a765-92b7d5df12a6,1777381505,0.2,5.0,no,"{""count_fp"":""5.00"",""created_time"":""2026-04-28T13:05:05.969399Z"",""no_price_dollars"":""0.8000"",""taker_side"":""no"",""ticker"":""KXETH15M-26APR280915-15"",""trade_id"":""96214dc7-3877-4299-a765-92b7d5df12a6"",""yes_price_dollars"":""0.2000""}"
KXETH15M-26APR280915-15,87838cf4-556a-40f5-8b43-4f8d89ba108e,1777381505,0.2,1.0,no,"{""count_fp"":""1.00"",""created_time"":""2026-04-28T13:05:05.969399Z"",""no_price_dollars"":""0.8000"",""taker_side"":""no"",""ticker"":""KXETH15M-26APR280915-15"",""trade_id"":""87838cf4-556a-40f5-8b43-4f8d89ba108e"",""yes_price_dollars"":""0.2000""}"
KXETH15M-26APR280915-15,6cb56050-b9a8-4489-ade5-336cbb4d86e1,1777381505,0.17,3.0,no,"{""count_fp"":""3.00"",""created_time"":""2026-04-28T13:05:05.969399Z"",""no_price_dollars"":""0.8300"",""taker_side"":""no"",""ticker"":""KXETH15M-26APR280915-15"",""trade_id"":""6cb56050-b9a8-4489-ade5-336cbb4d86e1"",""yes_price_dollars"":""0.1700""}"
KXETH15M-26APR280915-15,058eff68-5128-4db5-9540-c960fb432944,1777381505,0.17,2.37,no,"{""count_fp"":""2.37"",""created_time"":""2026-04-28T13:05:05.969399Z"",""no_price_dollars"":""0.8300"",""taker_side"":""no"",""ticker"":""KXETH15M-26APR280915-15"",""trade_id"":""058eff68-5128-4db5-9540-c960fb432944"",""yes_price_dollars"":""0.1700""}"
KXETH15M-26APR280915-15,4d993f69-2b34-464b-6fef-25fd2da04694,1777381509,0.19,2.4,no,"{""count_fp"":""2.40"",""created_time"":""2026-04-28T13:05:09.587713Z"",""no_price_dollars"":""0.8100"",""taker_side"":""no"",""ticker"":""KXETH15M-26APR280915-15"",""trade_id"":""4d993f69-2b34-464b-6fef-25fd2da04694"",""yes_price_dollars"":""0.1900""}"
KXETH15M-26APR280915-15,c2a184be-8845-7c2f-23f1-423e209a3f6f,1777381510,0.23,4.0,yes,"{""count_fp"":""4.00"",""created_time"":""2026-04-28T13:05:10.939643Z"",""no_price_dollars"":""0.7700"",""taker_side"":""yes"",""ticker"":""KXETH15M-26APR280915-15"",""trade_id"":""c2a184be-8845-7c2f-23f1-423e209a3f6f"",""yes_price_dollars"":""0.2300""}"
KXETH15M-26APR280915-15,4bf5fd9c-bde9-76bc-138b-a7bbad129304,1777381514,0.21,10.0,no,"{""count_fp"":""10.00"",""created_time"":""2026-04-28T13:05:14.564067Z"",""no_price_dollars"":""0.7900"",""taker_side"":""no"",""ticker"":""KXETH15M-26APR280915-15"",""trade_id"":""4bf5fd9c-bde9-76bc-138b-a7bbad129304"",""yes_price_dollars"":""0.2100""}"
KXETH15M-26APR280915-15,67e927eb-8510-7e3f-14c5-d3518367ad98,1777381515,0.2,1.24,no,"{""count_fp"":""1.24"",""created_time"":""2026-04-28T13:05:15.334472Z"",""no_price_dollars"":""0.8000"",""taker_side"":""no"",""ticker"":""KXETH15M-26APR280915-15"",""trade_id"":""67e927eb-8510-7e3f-14c5-d3518367ad98"",""yes_price_dollars"":""0.2000""}"
KXETH15M-26APR280915-15,e879bdd1-5963-6512-c73e-8281899f7d0c,1777381516,0.21,0.46,yes,"{""count_fp"":""0.46"",""created_time"":""2026-04-28T13:05:16.489177Z"",""no_price_dollars"":""0.7900"",""taker_side"":""yes"",""ticker"":""KXETH15M-26APR280915-15"",""trade_id"":""e879bdd1-5963-6512-c73e-8281899f7d0c"",""yes_price_dollars"":""0.2100""}"
KXETH15M-26APR280915-15,d8d7a699-55ed-4f70-761d-a5dd2ba9cc60,1777381517,0.2,3.0,no,"{""count_fp"":""3.00"",""created_time"":""2026-04-28T13:05:17.111365Z"",""no_price_dollars"":""0.8000"",""taker_side"":""no"",""ticker"":""KXETH15M-26APR280915-15"",""trade_id"":""d8d7a699-55ed-4f70-761d-a5dd2ba9cc60"",""yes_price_dollars"":""0.2000""}"
KXETH15M-26APR280915-15,11615f7c-c64b-60a0-8d65-bd3224bb585e,1777381519,0.19,0.36,no,"{""count_fp"":""0.36"",""created_time"":""2026-04-28T13:05:19.003733Z"",""no_price_dollars"":""0.8100"",""taker_side"":""no"",""ticker"":""KXETH15M-26APR280915-15"",""trade_id"":""11615f7c-c64b-60a0-8d65-bd3224bb585e"",""yes_price_dollars"":""0.1900""}"
KXETH15M-26APR280915-15,173e6e5d-533d-4648-7f01-43064b1cb304,1777381520,0.2,3.79,no,"{""count_fp"":""3.79"",""created_time"":""2026-04-28T13:05:20.807854Z"",""no_price_dollars"":""0.8000"",""taker_side"":""no"",""ticker"":""KXETH15M-26APR280915-15"",""trade_id"":""173e6e5d-533d-4648-7f01-43064b1cb304"",""yes_price_dollars"":""0.2000""}"
KXETH15M-26APR280915-15,7693a79b-b295-6458-768a-4d1c0e70b694,1777381521,0.2,20.0,no,"{""count_fp"":""20.00"",""created_time"":""2026-04-28T13:05:21.494969Z"",""no_price_dollars"":""0.8000"",""taker_side"":""no"",""ticker"":""KXETH15M-26APR280915-15"",""trade_id"":""7693a79b-b295-6458-768a-4d1c0e70b694"",""yes_price_dollars"":""0.2000""}"
KXETH15M-26APR280915-15,1d60e288-da01-608c-4fe0-809c03ef38c4,1777381522,0.2,8.0,no,"{""count_fp"":""8.00"",""created_time"":""2026-04-28T13:05:22.984654Z"",""no_price_dollars"":""0.8000"",""taker_side"":""no"",""ticker"":""KXETH15M-26APR280915-15"",""trade_id"":""1d60e288-da01-608c-4fe0-809c03ef38c4"",""yes_price_dollars"":""0.2000""}"
KXETH15M-26APR280915-15,e3f2a21b-e5ec-6ebd-71ef-71eabab4e15a,1777381525,0.21,5.0,no,"{""count_fp"":""5.00"",""created_time"":""2026-04-28T13:05:25.742549Z"",""no_price_dollars"":""0.7900"",""taker_side"":""no"",""ticker"":""KXETH15M-26APR280915-15"",""trade_id"":""e3f2a21b-e5ec-6ebd-71ef-71eabab4e15a"",""yes_price_dollars"":""0.2100""}"
KXETH15M-26APR280915-15,15774b97-5621-7634-020d-3d11ebe4cbc0,1777381526,0.21,35.0,no,"{""count_fp"":""35.00"",""created_time"":""2026-04-28T13:05:26.089366Z"",""no_price_dollars"":""0.7900"",""taker_side"":""no"",""ticker"":""KXETH15M-26APR280915-15"",""trade_id"":""15774b97-5621-7634-020d-3d11ebe4cbc0"",""yes_price_dollars"":""0.2100""}"
KXETH15M-26APR280915-15,7e1f2164-56db-50d9-b186-6b72a6308cbc,1777381528,0.19,4.51,yes,"{""count_fp"":""4.51"",""created_time"":""2026-04-28T13:05:28.370972Z"",""no_price_dollars"":""0.8100"",""taker_side"":""yes"",""ticker"":""KXETH15M-26APR280915-15"",""trade_id"":""7e1f2164-56db-50d9-b186-6b72a6308cbc"",""yes_price_dollars"":""0.1900""}"
KXETH15M-26APR280915-15,c7548bdd-a132-5d18-ba49-b8777b31afdf,1777381538,0.16,1.0,yes,"{""count_fp"":""1.00"",""created_time"":""2026-04-28T13:05:38.523869Z"",""no_price_dollars"":""0.8400"",""taker_side"":""yes"",""ticker"":""KXETH15M-26APR280915-15"",""trade_id"":""c7548bdd-a132-5d18-ba49-b8777b31afdf"",""yes_price_dollars"":""0.1600""}"
KXETH15M-26APR280915-15,185e917e-3a54-4bce-905c-cc0df0585711,1777381538,0.16,1.0,no,"{""count_fp"":""1.00"",""created_time"":""2026-04-28T13:05:38.517031Z"",""no_price_dollars"":""0.8400"",""taker_side"":""no"",""ticker"":""KXETH15M-26APR280915-15"",""trade_id"":""185e917e-3a54-4bce-905c-cc0df0585711"",""yes_price_dollars"":""0.1600""}"
KXETH15M-26APR280915-15,d6229880-6a95-7c94-3b71-17bf1df38e1b,1777381538,0.17,10.0,yes,"{""count_fp"":""10.00"",""created_time"":""2026-04-28T13:05:38.227244Z"",""no_price_dollars"":""0.8300"",""taker_side"":""yes"",""ticker"":""KXETH15M-26APR280915-15"",""trade_id"":""d6229880-6a95-7c94-3b71-17bf1df38e1b"",""yes_price_dollars"":""0.1700""}"
KXETH15M-26APR280915-15,5ba71dc1-0ecf-7916-0d12-bd4d23e80942,1777381538,0.17,10.0,yes,"{""count_fp"":""10.00"",""created_time"":""2026-04-28T13:05:38.227244Z"",""no_price_dollars"":""0.8300"",""taker_side"":""yes"",""ticker"":""KXETH15M-26APR280915-15"",""trade_id"":""5ba71dc1-0ecf-7916-0d12-bd4d23e80942"",""yes_price_dollars"":""0.1700""}"
KXETH15M-26APR280915-15,b931efcd-9590-667d-9908-7947133a4662,1777381541,0.17,2.0,no,"{""count_fp"":""2.00"",""created_time"":""2026-04-28T13:05:41.517985Z"",""no_price_dollars"":""0.8300"",""taker_side"":""no"",""ticker"":""KXETH15M-26APR280915-15"",""trade_id"":""b931efcd-9590-667d-9908-7947133a4662"",""yes_price_dollars"":""0.1700""}"
KXETH15M-26APR280915-15,a66298a5-7208-72f9-b9b7-2db47e5bbf42,1777381542,0.17,5.78,no,"{""count_fp"":""5.78"",""created_time"":""2026-04-28T13:05:42.865671Z"",""no_price_dollars"":""0.8300"",""taker_side"":""no"",""ticker"":""KXETH15M-26APR280915-15"",""trade_id"":""a66298a5-7208-72f9-b9b7-2db47e5bbf42"",""yes_price_dollars"":""0.1700""}"
KXETH15M-26APR280915-15,af4b720a-51b4-58dd-77ff-c14af01d1106,1777381543,0.17,2.0,no,"{""count_fp"":""2.00"",""created_time"":""2026-04-28T13:05:43.523799Z"",""no_price_dollars"":""0.8300"",""taker_side"":""no"",""ticker"":""KXETH15M-26APR280915-15"",""trade_id"":""af4b720a-51b4-58dd-77ff-c14af01d1106"",""yes_price_dollars"":""0.1700""}"
KXETH15M-26APR280915-15,78b0d963-9bb8-6f49-94fa-f3a0cb0a2dc2,1777381550,0.17,1.0,no,"{""count_fp"":""1.00"",""created_time"":""2026-04-28T13:05:50.974389Z"",""no_price_dollars"":""0.8300"",""taker_side"":""no"",""ticker"":""KXETH15M-26APR280915-15"",""trade_id"":""78b0d963-9bb8-6f49-94fa-f3a0cb0a2dc2"",""yes_price_dollars"":""0.1700""}"
KXETH15M-26APR280915-15,f254a922-7093-4be0-81c7-d00d4dfd63e3,1777381551,0.19,179.22,yes,"{""count_fp"":""179.22"",""created_time"":""2026-04-28T13:05:51.711418Z"",""no_price_dollars"":""0.8100"",""taker_side"":""yes"",""ticker"":""KXETH15M-26APR280915-15"",""trade_id"":""f254a922-7093-4be0-81c7-d00d4dfd63e3"",""yes_price_dollars"":""0.1900""}"
KXETH15M-26APR280915-15,4cfd7b68-a9da-4667-8d35-5452673c82fa,1777381551,0.18,10.0,yes,"{""count_fp"":""10.00"",""created_time"":""2026-04-28T13:05:51.711418Z"",""no_price_dollars"":""0.8200"",""taker_side"":""yes"",""ticker"":""KXETH15M-26APR280915-15"",""trade_id"":""4cfd7b68-a9da-4667-8d35-5452673c82fa"",""yes_price_dollars"":""0.1800""}"
KXETH15M-26APR280915-15,2b680200-e535-583d-ce97-64828da3630c,1777381560,0.17,5.0,no,"{""count_fp"":""5.00"",""created_time"":""2026-04-28T13:06:00.842296Z"",""no_price_dollars"":""0.8300"",""taker_side"":""no"",""ticker"":""KXETH15M-26APR280915-15"",""trade_id"":""2b680200-e535-583d-ce97-64828da3630c"",""yes_price_dollars"":""0.1700""}"
KXETH15M-26APR280915-15,92ebe824-ea35-69c6-5034-b919aa6638e8,1777381562,0.15,5.0,no,"{""count_fp"":""5.00"",""created_time"":""2026-04-28T13:06:02.224636Z"",""no_price_dollars"":""0.8500"",""taker_side"":""no"",""ticker"":""KXETH15M-26APR280915-15"",""trade_id"":""92ebe824-ea35-69c6-5034-b919aa6638e8"",""yes_price_dollars"":""0.1500""}"
KXETH15M-26APR280915-15,5e7f4df2-c606-7691-08b9-3ebe89f0e05e,1777381563,0.12,10.0,no,"{""count_fp"":""10.00"",""created_time"":""2026-04-28T13:06:03.387298Z"",""no_price_dollars"":""0.8800"",""taker_side"":""no"",""ticker"":""KXETH15M-26APR280915-15"",""trade_id"":""5e7f4df2-c606-7691-08b9-3ebe89f0e05e"",""yes_price_dollars"":""0.1200""}"
KXETH15M-26APR280915-15,eddf6aec-47bb-5f6a-8242-af11b06132bf,1777381568,0.1,1.0,no,"{""count_fp"":""1.00"",""created_time"":""2026-04-28T13:06:08.894246Z"",""no_price_dollars"":""0.9000"",""taker_side"":""no"",""ticker"":""KXETH15M-26APR280915-15"",""trade_id"":""eddf6aec-47bb-5f6a-8242-af11b06132bf"",""yes_price_dollars"":""0.1000""}"
KXETH15M-26APR280915-15,a5919343-042f-5d22-a3a7-f972ec1719a4,1777381568,0.1,1.0,no,"{""count_fp"":""1.00"",""created_time"":""2026-04-28T13:06:08.894246Z"",""no_price_dollars"":""0.9000"",""taker_side"":""no"",""ticker"":""KXETH15M-26APR280915-15"",""trade_id"":""a5919343-042f-5d22-a3a7-f972ec1719a4"",""yes_price_dollars"":""0.1000""}"
KXETH15M-26APR280915-15,1ee6a62f-28da-53a4-884b-08a894ab3330,1777381568,0.1,4.0,no,"{""count_fp"":""4.00"",""created_time"":""2026-04-28T13:06:08.894246Z"",""no_price_dollars"":""0.9000"",""taker_side"":""no"",""ticker"":""KXETH15M-26APR280915-15"",""trade_id"":""1ee6a62f-28da-53a4-884b-08a894ab3330"",""yes_price_dollars"":""0.1000""}"
KXETH15M-26APR280915-15,12259a31-87cd-5fbf-96e3-9681077de12a,1777381568,0.1,3.0,no,"{""count_fp"":""3.00"",""created_time"":""2026-04-28T13:06:08.894246Z"",""no_price_dollars"":""0.9000"",""taker_side"":""no"",""ticker"":""KXETH15M-26APR280915-15"",""trade_id"":""12259a31-87cd-5fbf-96e3-9681077de12a"",""yes_price_dollars"":""0.1000""}"
KXETH15M-26APR280915-15,054d7ff6-c568-5f3e-a0ac-48e02b2243fa,1777381568,0.1,17.0,no,"{""count_fp"":""17.00"",""created_time"":""2026-04-28T13:06:08.894246Z"",""no_price_dollars"":""0.9000"",""taker_side"":""no"",""ticker"":""KXETH15M-26APR280915-15"",""trade_id"":""054d7ff6-c568-5f3e-a0ac-48e02b2243fa"",""yes_price_dollars"":""0.1000""}"
KXETH15M-26APR280915-15,84b852b1-bfc2-6119-e113-8d6b59c16d48,1777381570,0.13,1.24,yes,"{""count_fp"":""1.24"",""created_time"":""2026-04-28T13:06:10.067241Z"",""no_price_dollars"":""0.8700"",""taker_side"":""yes"",""ticker"":""KXETH15M-26APR280915-15"",""trade_id"":""84b852b1-bfc2-6119-e113-8d6b59c16d48"",""yes_price_dollars"":""0.1300""}"
KXETH15M-26APR280915-15,14f8d22c-1d17-7c80-8ef1-57205f2650b1,1777381572,0.12,1.0,no,"{""count_fp"":""1.00"",""created_time"":""2026-04-28T13:06:12.446081Z"",""no_price_dollars"":""0.8800"",""taker_side"":""no"",""ticker"":""KXETH15M-26APR280915-15"",""trade_id"":""14f8d22c-1d17-7c80-8ef1-57205f2650b1"",""yes_price_dollars"":""0.1200""}"
KXETH15M-26APR280915-15,5699a4e1-89b6-50be-1654-4bba59521c99,1777381573,0.13,6.63,yes,"{""count_fp"":""6.63"",""created_time"":""2026-04-28T13:06:13.014177Z"",""no_price_dollars"":""0.8700"",""taker_side"":""yes"",""ticker"":""KXETH15M-26APR280915-15"",""trade_id"":""5699a4e1-89b6-50be-1654-4bba59521c99"",""yes_price_dollars"":""0.1300""}"
KXETH15M-26APR280915-15,130196d8-1022-5f49-03f6-5217b4b34594,1777381573,0.13,3.76,yes,"{""count_fp"":""3.76"",""created_time"":""2026-04-28T13:06:13.014177Z"",""no_price_dollars"":""0.8700"",""taker_side"":""yes"",""ticker"":""KXETH15M-26APR280915-15"",""trade_id"":""130196d8-1022-5f49-03f6-5217b4b34594"",""yes_price_dollars"":""0.1300""}"
KXETH15M-26APR280915-15,f44b52c6-515c-5c96-7937-7ac2d4073616,1777381577,0.11,5.0,no,"{""count_fp"":""5.00"",""created_time"":""2026-04-28T13:06:17.514958Z"",""no_price_dollars"":""0.8900"",""taker_side"":""no"",""ticker"":""KXETH15M-26APR280915-15"",""trade_id"":""f44b52c6-515c-5c96-7937-7ac2d4073616"",""yes_price_dollars"":""0.1100""}"
KXETH15M-26APR280915-15,e77ccd15-1d86-6eea-14cd-18ba0988ae55,1777381585,0.1,0.68,yes,"{""count_fp"":""0.68"",""created_time"":""2026-04-28T13:06:25.925552Z"",""no_price_dollars"":""0.9000"",""taker_side"":""yes"",""ticker"":""KXETH15M-26APR280915-15"",""trade_id"":""e77ccd15-1d86-6eea-14cd-18ba0988ae55"",""yes_price_dollars"":""0.1000""}"
KXETH15M-26APR280915-15,6f74d7ea-fdb8-617d-2b36-2fe4f4e14353,1777381585,0.1,1.0,yes,"{""count_fp"":""1.00"",""created_time"":""2026-04-28T13:06:25.925552Z"",""no_price_dollars"":""0.9000"",""taker_side"":""yes"",""ticker"":""KXETH15M-26APR280915-15"",""trade_id"":""6f74d7ea-fdb8-617d-2b36-2fe4f4e14353"",""yes_price_dollars"":""0.1000""}"
KXETH15M-26APR280915-15,e67529a9-d8dc-4394-1c3a-08864ba5bf8c,1777381605,0.087,10.0,yes,"{""count_fp"":""10.00"",""created_time"":""2026-04-28T13:06:45.331991Z"",""no_price_dollars"":""0.9130"",""taker_side"":""yes"",""ticker"":""KXETH15M-26APR280915-15"",""trade_id"":""e67529a9-d8dc-4394-1c3a-08864ba5bf8c"",""yes_price_dollars"":""0.0870""}"
KXETH15M-26APR280915-15,c799a655-6893-4845-20fd-50435809e3bc,1777381605,0.087,10.0,yes,"{""count_fp"":""10.00"",""created_time"":""2026-04-28T13:06:45.331991Z"",""no_price_dollars"":""0.9130"",""taker_side"":""yes"",""ticker"":""KXETH15M-26APR280915-15"",""trade_id"":""c799a655-6893-4845-20fd-50435809e3bc"",""yes_price_dollars"":""0.0870""}"
KXETH15M-26APR280915-15,3869cea6-beac-4b35-10f5-4404cf768004,1777381605,0.09,5.0,yes,"{""count_fp"":""5.00"",""created_time"":""2026-04-28T13:06:45.331991Z"",""no_price_dollars"":""0.9100"",""taker_side"":""yes"",""ticker"":""KXETH15M-26APR280915-15"",""trade_id"":""3869cea6-beac-4b35-10f5-4404cf768004"",""yes_price_dollars"":""0.0900""}"
KXETH15M-26APR280915-15,28bd13b7-0b9c-4932-25c0-708a1e2e1dc3,1777381605,0.087,15.95,yes,"{""count_fp"":""15.95"",""created_time"":""2026-04-28T13:06:45.331991Z"",""no_price_dollars"":""0.9130"",""taker_side"":""yes"",""ticker"":""KXETH15M-26APR280915-15"",""trade_id"":""28bd13b7-0b9c-4932-25c0-708a1e2e1dc3"",""yes_price_dollars"":""0.0870""}"
KXETH15M-26APR280915-15,20c79819-51a8-4874-16d8-1db25773da56,1777381605,0.088,100.0,yes,"{""count_fp"":""100.00"",""created_time"":""2026-04-28T13:06:45.331991Z"",""no_price_dollars"":""0.9120"",""taker_side"":""yes"",""ticker"":""KXETH15M-26APR280915-15"",""trade_id"":""20c79819-51a8-4874-16d8-1db25773da56"",""yes_price_dollars"":""0.0880""}"
KXETH15M-26APR280915-15,6186c45a-3cd6-7712-7f32-9c901879f5b9,1777381606,0.096,1.0,no,"{""count_fp"":""1.00"",""created_time"":""2026-04-28T13:06:46.606156Z"",""no_price_dollars"":""0.9040"",""taker_side"":""no"",""ticker"":""KXETH15M-26APR280915-15"",""trade_id"":""6186c45a-3cd6-7712-7f32-9c901879f5b9"",""yes_price_dollars"":""0.0960""}"
KXETH15M-26APR280915-15,a9795361-bbbe-7bbe-2c9e-ea996e28fb29,1777381608,0.096,58.0,no,"{""count_fp"":""58.00"",""created_time"":""2026-04-28T13:06:48.217299Z"",""no_price_dollars"":""0.9040"",""taker_side"":""no"",""ticker"":""KXETH15M-26APR280915-15"",""trade_id"":""a9795361-bbbe-7bbe-2c9e-ea996e28fb29"",""yes_price_dollars"":""0.0960""}"
KXETH15M-26APR280915-15,48d05226-343a-6912-a79c-c08a636c7698,1777381611,0.098,4.7,yes,"{""count_fp"":""4.70"",""created_time"":""2026-04-28T13:06:51.835172Z"",""no_price_dollars"":""0.9020"",""taker_side"":""yes"",""ticker"":""KXETH15M-26APR280915-15"",""trade_id"":""48d05226-343a-6912-a79c-c08a636c7698"",""yes_price_dollars"":""0.0980""}"
KXETH15M-26APR280915-15,e3d5beeb-48c2-6bc2-f353-e2f24fd845b8,1777381614,0.099,10.0,yes,"{""count_fp"":""10.00"",""created_time"":""2026-04-28T13:06:54.561458Z"",""no_price_dollars"":""0.9010"",""taker_side"":""yes"",""ticker"":""KXETH15M-26APR280915-15"",""trade_id"":""e3d5beeb-48c2-6bc2-f353-e2f24fd845b8"",""yes_price_dollars"":""0.0990""}"
KXETH15M-26APR280915-15,54b61933-e51f-66aa-e0da-b6637e1bd29e,1777381614,0.099,10.0,yes,"{""count_fp"":""10.00"",""created_time"":""2026-04-28T13:06:54.561458Z"",""no_price_dollars"":""0.9010"",""taker_side"":""yes"",""ticker"":""KXETH15M-26APR280915-15"",""trade_id"":""54b61933-e51f-66aa-e0da-b6637e1bd29e"",""yes_price_dollars"":""0.0990""}"
KXETH15M-26APR280915-15,3e5a4e41-370d-636e-d4ce-eb5ef693b26b,1777381614,0.1,24.18,yes,"{""count_fp"":""24.18"",""created_time"":""2026-04-28T13:06:54.561458Z"",""no_price_dollars"":""0.9000"",""taker_side"":""yes"",""ticker"":""KXETH15M-26APR280915-15"",""trade_id"":""3e5a4e41-370d-636e-d4ce-eb5ef693b26b"",""yes_price_dollars"":""0.1000""}"
KXETH15M-26APR280915-15,21958392-c524-6fec-dc0f-3efc2483cf10,1777381614,0.1,3.0,yes,"{""count_fp"":""3.00"",""created_time"":""2026-04-28T13:06:54.561458Z"",""no_price_dollars"":""0.9000"",""taker_side"":""yes"",""ticker"":""KXETH15M-26APR280915-15"",""trade_id"":""21958392-c524-6fec-dc0f-3efc2483cf10"",""yes_price_dollars"":""0.1000""}"
KXETH15M-26APR280915-15,e58e9b3d-cfb1-72de-d7bd-4667db968ee3,1777381617,0.1,4.7,yes,"{""count_fp"":""4.70"",""created_time"":""2026-04-28T13:06:57.404899Z"",""no_price_dollars"":""0.9000"",""taker_side"":""yes"",""ticker"":""KXETH15M-26APR280915-15"",""trade_id"":""e58e9b3d-cfb1-72de-d7bd-4667db968ee3"",""yes_price_dollars"":""0.1000""}"
KXETH15M-26APR280915-15,4931b2b6-6aff-7e11-6c6f-4bbc297ccdb1,1777381625,0.08,11.0,no,"{""count_fp"":""11.00"",""created_time"":""2026-04-28T13:07:05.207517Z"",""no_price_dollars"":""0.9200"",""taker_side"":""no"",""ticker"":""KXETH15M-26APR280915-15"",""trade_id"":""4931b2b6-6aff-7e11-6c6f-4bbc297ccdb1"",""yes_price_dollars"":""0.0800""}"
KXETH15M-26APR280915-15,eb1bcbad-6c3e-5b42-8cfe-580f6732295d,1777381625,0.096,0.05,no,"{""count_fp"":""0.05"",""created_time"":""2026-04-28T13:07:05.056505Z"",""no_price_dollars"":""0.9040"",""taker_side"":""no"",""ticker"":""KXETH15M-26APR280915-15"",""trade_id"":""eb1bcbad-6c3e-5b42-8cfe-580f6732295d"",""yes_price_dollars"":""0.0960""}"
KXETH15M-26APR280915-15,1942d036-1bf3-52e8-b654-e87651c4dc2b,1777381625,0.08,44.09,no,"{""count_fp"":""44.09"",""created_time"":""2026-04-28T13:07:05.056505Z"",""no_price_dollars"":""0.9200"",""taker_side"":""no"",""ticker"":""KXETH15M-26APR280915-15"",""trade_id"":""1942d036-1bf3-52e8-b654-e87651c4dc2b"",""yes_price_dollars"":""0.0800""}"
KXETH15M-26APR280915-15,164abadb-13b1-5cff-8e96-14435cc56cdb,1777381625,0.081,5.86,no,"{""count_fp"":""5.86"",""created_time"":""2026-04-28T13:07:05.056505Z"",""no_price_dollars"":""0.9190"",""taker_side"":""no"",""ticker"":""KXETH15M-26APR280915-15"",""trade_id"":""164abadb-13b1-5cff-8e96-14435cc56cdb"",""yes_price_dollars"":""0.0810""}"
KXETH15M-26APR280915-15,8b599458-6318-5aa5-08fa-c7a78ede23f6,1777381629,0.071,10.0,no,"{""count_fp"":""10.00"",""created_time"":""2026-04-28T13:07:09.424535Z"",""no_price_dollars"":""0.9290"",""taker_side"":""no"",""ticker"":""KXETH15M-26APR280915-15"",""trade_id"":""8b599458-6318-5aa5-08fa-c7a78ede23f6"",""yes_price_dollars"":""0.0710""}"
KXETH15M-26APR280915-15,34f0c2ed-5fa6-5442-2a8b-9c03898e8b23,1777381629,0.07,0.52,no,"{""count_fp"":""0.52"",""created_time"":""2026-04-28T13:07:09.424535Z"",""no_price_dollars"":""0.9300"",""taker_side"":""no"",""ticker"":""KXETH15M-26APR280915-15"",""trade_id"":""34f0c2ed-5fa6-5442-2a8b-9c03898e8b23"",""yes_price_dollars"":""0.0700""}"
KXETH15M-26APR280915-15,cb24c4c8-6084-5391-5a26-3d38ed63148a,1777381638,0.07,0.32,no,"{""count_fp"":""0.32"",""created_time"":""2026-04-28T13:07:18.822014Z"",""no_price_dollars"":""0.9300"",""taker_side"":""no"",""ticker"":""KXETH15M-26APR280915-15"",""trade_id"":""cb24c4c8-6084-5391-5a26-3d38ed63148a"",""yes_price_dollars"":""0.0700""}"
KXETH15M-26APR280915-15,64e27ca3-260a-594a-6790-2c3d8d0e2c37,1777381638,0.07,0.48,no,"{""count_fp"":""0.48"",""created_time"":""2026-04-28T13:07:18.822014Z"",""no_price_dollars"":""0.9300"",""taker_side"":""no"",""ticker"":""KXETH15M-26APR280915-15"",""trade_id"":""64e27ca3-260a-594a-6790-2c3d8d0e2c37"",""yes_price_dollars"":""0.0700""}"
KXETH15M-26APR280915-15,5e7247ff-a6df-5d47-56f7-7a07808e239f,1777381638,0.07,1.0,no,"{""count_fp"":""1.00"",""created_time"":""2026-04-28T13:07:18.822014Z"",""no_price_dollars"":""0.9300"",""taker_side"":""no"",""ticker"":""KXETH15M-26APR280915-15"",""trade_id"":""5e7247ff-a6df-5d47-56f7-7a07808e239f"",""yes_price_dollars"":""0.0700""}"
KXETH15M-26APR280915-15,deded857-29bf-7337-f43d-2d4bcfcf4e64,1777381644,0.077,1.0,no,"{""count_fp"":""1.00"",""created_time"":""2026-04-28T13:07:24.424248Z"",""no_price_dollars"":""0.9230"",""taker_side"":""no"",""ticker"":""KXETH15M-26APR280915-15"",""trade_id"":""deded857-29bf-7337-f43d-2d4bcfcf4e64"",""yes_price_dollars"":""0.0770""}"
KXETH15M-26APR280915-15,d32ddada-9c40-753c-f454-9508010d5460,1777381644,0.061,0.32,no,"{""count_fp"":""0.32"",""created_time"":""2026-04-28T13:07:24.424248Z"",""no_price_dollars"":""0.9390"",""taker_side"":""no"",""ticker"":""KXETH15M-26APR280915-15"",""trade_id"":""d32ddada-9c40-753c-f454-9508010d5460"",""yes_price_dollars"":""0.0610""}"
KXETH15M-26APR280915-15,7100feda-1f28-78d1-c610-154540a92d06,1777381644,0.07,2.68,no,"{""count_fp"":""2.68"",""created_time"":""2026-04-28T13:07:24.424248Z"",""no_price_dollars"":""0.9300"",""taker_side"":""no"",""ticker"":""KXETH15M-26APR280915-15"",""trade_id"":""7100feda-1f28-78d1-c610-154540a92d06"",""yes_price_dollars"":""0.0700""}"
KXETH15M-26APR280915-15,ed230ffe-fcfa-45a0-a0f2-53b0c5ce7bfe,1777381660,0.06,1.0,no,"{""count_fp"":""1.00"",""created_time"":""2026-04-28T13:07:40.290887Z"",""no_price_dollars"":""0.9400"",""taker_side"":""no"",""ticker"":""KXETH15M-26APR280915-15"",""trade_id"":""ed230ffe-fcfa-45a0-a0f2-53b0c5ce7bfe"",""yes_price_dollars"":""0.0600""}"
KXETH15M-26APR280915-15,5de90468-d05d-449a-9a8e-3446824e5ac7,1777381660,0.06,3.0,no,"{""count_fp"":""3.00"",""created_time"":""2026-04-28T13:07:40.290887Z"",""no_price_dollars"":""0.9400"",""taker_side"":""no"",""ticker"":""KXETH15M-26APR280915-15"",""trade_id"":""5de90468-d05d-449a-9a8e-3446824e5ac7"",""yes_price_dollars"":""0.0600""}"
KXETH15M-26APR280915-15,5a06202e-f312-47e2-ac8b-a8e29fe0e1bd,1777381660,0.06,1.0,no,"{""count_fp"":""1.00"",""created_time"":""2026-04-28T13:07:40.290887Z"",""no_price_dollars"":""0.9400"",""taker_side"":""no"",""ticker"":""KXETH15M-26APR280915-15"",""trade_id"":""5a06202e-f312-47e2-ac8b-a8e29fe0e1bd"",""yes_price_dollars"":""0.0600""}"
KXETH15M-26APR280915-15,5313dcb5-ffdf-48c2-a39b-449bbdf3484c,1777381660,0.077,5.0,no,"{""count_fp"":""5.00"",""created_time"":""2026-04-28T13:07:40.290887Z"",""no_price_dollars"":""0.9230"",""taker_side"":""no"",""ticker"":""KXETH15M-26APR280915-15"",""trade_id"":""5313dcb5-ffdf-48c2-a39b-449bbdf3484c"",""yes_price_dollars"":""0.0770""}"
KXETH15M-26APR280915-15,3a0607a6-b17d-499e-834d-6a5fba942b3d,1777381660,0.06,1.0,no,"{""count_fp"":""1.00"",""created_time"":""2026-04-28T13:07:40.290887Z"",""no_price_dollars"":""0.9400"",""taker_side"":""no"",""ticker"":""KXETH15M-26APR280915-15"",""trade_id"":""3a0607a6-b17d-499e-834d-6a5fba942b3d"",""yes_price_dollars"":""0.0600""}"
KXETH15M-26APR280915-15,112f0e49-ed0d-416f-b351-7f06b596e1b1,1777381660,0.06,1.0,no,"{""count_fp"":""1.00"",""created_time"":""2026-04-28T13:07:40.290887Z"",""no_price_dollars"":""0.9400"",""taker_side"":""no"",""ticker"":""KXETH15M-26APR280915-15"",""trade_id"":""112f0e49-ed0d-416f-b351-7f06b596e1b1"",""yes_price_dollars"":""0.0600""}"
KXETH15M-26APR280915-15,1a2b7d98-1b46-64b7-23ef-041cfc1461bb,1777381667,0.067,1.0,yes,"{""count_fp"":""1.00"",""created_time"":""2026-04-28T13:07:47.774236Z"",""no_price_dollars"":""0.9330"",""taker_side"":""yes"",""ticker"":""KXETH15M-26APR280915-15"",""trade_id"":""1a2b7d98-1b46-64b7-23ef-041cfc1461bb"",""yes_price_dollars"":""0.0670""}"
KXETH15M-26APR280915-15,6de8bd73-5126-7133-60d7-a2660e3191f3,1777381667,0.067,1.0,yes,"{""count_fp"":""1.00"",""created_time"":""2026-04-28T13:07:47.773302Z"",""no_price_dollars"":""0.9330"",""taker_side"":""yes"",""ticker"":""KXETH15M-26APR280915-15"",""trade_id"":""6de8bd73-5126-7133-60d7-a2660e3191f3"",""yes_price_dollars"":""0.0670""}"
KXETH15M-26APR280915-15,aea9be26-0fdb-6ba4-25b6-3938740e36a5,1777381669,0.04,1.0,no,"{""count_fp"":""1.00"",""created_time"":""2026-04-28T13:07:49.436963Z"",""no_price_dollars"":""0.9600"",""taker_side"":""no"",""ticker"":""KXETH15M-26APR280915-15"",""trade_id"":""aea9be26-0fdb-6ba4-25b6-3938740e36a5"",""yes_price_dollars"":""0.0400""}"
KXETH15M-26APR280915-15,09627414-659c-69bc-3567-af6b6a03aed8,1777381669,0.04,1.0,no,"{""count_fp"":""1.00"",""created_time"":""2026-04-28T13:07:49.436963Z"",""no_price_dollars"":""0.9600"",""taker_side"":""no"",""ticker"":""KXETH15M-26APR280915-15"",""trade_id"":""09627414-659c-69bc-3567-af6b6a03aed8"",""yes_price_dollars"":""0.0400""}"
KXETH15M-26APR280915-15,bf35028a-b330-7c9a-f270-509f836b6a31,1777381669,0.05,4.69,no,"{""count_fp"":""4.69"",""created_time"":""2026-04-28T13:07:49.125842Z"",""no_price_dollars"":""0.9500"",""taker_side"":""no"",""ticker"":""KXETH15M-26APR280915-15"",""trade_id"":""bf35028a-b330-7c9a-f270-509f836b6a31"",""yes_price_dollars"":""0.0500""}"
KXETH15M-26APR280915-15,ac59266a-98bb-7835-e948-7bba9ed84b80,1777381669,0.05,6.0,no,"{""count_fp"":""6.00"",""created_time"":""2026-04-28T13:07:49.125842Z"",""no_price_dollars"":""0.9500"",""taker_side"":""no"",""ticker"":""KXETH15M-26APR280915-15"",""trade_id"":""ac59266a-98bb-7835-e948-7bba9ed84b80"",""yes_price_dollars"":""0.0500""}"
KXETH15M-26APR280915-15,7fb62585-18c4-73ff-c9c1-dbb9e9659803,1777381669,0.051,0.31,no,"{""count_fp"":""0.31"",""created_time"":""2026-04-28T13:07:49.125842Z"",""no_price_dollars"":""0.9490"",""taker_side"":""no"",""ticker"":""KXETH15M-26APR280915-15"",""trade_id"":""7fb62585-18c4-73ff-c9c1-dbb9e9659803"",""yes_price_dollars"":""0.0510""}"
KXETH15M-26APR280915-15,67a3cc27-ce72-7d0d-d75c-aa35f38bf9ef,1777381669,0.05,1.0,no,"{""count_fp"":""1.00"",""created_time"":""2026-04-28T13:07:49.125842Z"",""no_price_dollars"":""0.9500"",""taker_side"":""no"",""ticker"":""KXETH15M-26APR280915-15"",""trade_id"":""67a3cc27-ce72-7d0d-d75c-aa35f38bf9ef"",""yes_price_dollars"":""0.0500""}"
KXETH15M-26APR280915-15,64972f6e-a922-7d04-db8d-77067566cd3c,1777381669,0.05,3.0,no,"{""count_fp"":""3.00"",""created_time"":""2026-04-28T13:07:49.125842Z"",""no_price_dollars"":""0.9500"",""taker_side"":""no"",""ticker"":""KXETH15M-26APR280915-15"",""trade_id"":""64972f6e-a922-7d04-db8d-77067566cd3c"",""yes_price_dollars"":""0.0500""}"
KXETH15M-26APR280915-15,59ab0328-8b36-7b78-e5b0-7c9aea9b4c37,1777381669,0.05,1.0,no,"{""count_fp"":""1.00"",""created_time"":""2026-04-28T13:07:49.125842Z"",""no_price_dollars"":""0.9500"",""taker_side"":""no"",""ticker"":""KXETH15M-26APR280915-15"",""trade_id"":""59ab0328-8b36-7b78-e5b0-7c9aea9b4c37"",""yes_price_dollars"":""0.0500""}"
KXETH15M-26APR280915-15,f9c3a4b1-8d22-4e30-ae32-599567ce6a0e,1777381669,0.06,5.0,no,"{""count_fp"":""5.00"",""created_time"":""2026-04-28T13:07:49.115033Z"",""no_price_dollars"":""0.9400"",""taker_side"":""no"",""ticker"":""KXETH15M-26APR280915-15"",""trade_id"":""f9c3a4b1-8d22-4e30-ae32-599567ce6a0e"",""yes_price_dollars"":""0.0600""}"
KXETH15M-26APR280915-15,dbc7a400-2c1a-4d10-8e84-551c5937a7be,1777381669,0.06,2.0,no,"{""count_fp"":""2.00"",""created_time"":""2026-04-28T13:07:49.115033Z"",""no_price_dollars"":""0.9400"",""taker_side"":""no"",""ticker"":""KXETH15M-26APR280915-15"",""trade_id"":""dbc7a400-2c1a-4d10-8e84-551c5937a7be"",""yes_price_dollars"":""0.0600""}"
KXETH15M-26APR280915-15,889baadd-b6e0-4183-aea5-0f229a734cd3,1777381669,0.051,9.0,no,"{""count_fp"":""9.00"",""created_time"":""2026-04-28T13:07:49.115033Z"",""no_price_dollars"":""0.9490"",""taker_side"":""no"",""ticker"":""KXETH15M-26APR280915-15"",""trade_id"":""889baadd-b6e0-4183-aea5-0f229a734cd3"",""yes_price_dollars"":""0.0510""}"
KXETH15M-26APR280915-15,e75387cd-8183-6060-b454-8def638fc05a,1777381670,0.022,100.0,no,"{""count_fp"":""100.00"",""created_time"":""2026-04-28T13:07:50.299634Z"",""no_price_dollars"":""0.9780"",""taker_side"":""no"",""ticker"":""KXETH15M-26APR280915-15"",""trade_id"":""e75387cd-8183-6060-b454-8def638fc05a"",""yes_price_dollars"":""0.0220""}"
KXETH15M-26APR280915-15,d50b7396-7da5-6405-be4b-73ca36e80b08,1777381670,0.02,1.0,no,"{""count_fp"":""1.00"",""created_time"":""2026-04-28T13:07:50.299634Z"",""no_price_dollars"":""0.9800"",""taker_side"":""no"",""ticker"":""KXETH15M-26APR280915-15"",""trade_id"":""d50b7396-7da5-6405-be4b-73ca36e80b08"",""yes_price_dollars"":""0.0200""}"
KXETH15M-26APR280915-15,52e17ebc-fd10-6494-8457-f8aab3ab8cd9,1777381670,0.021,103.0,no,"{""count_fp"":""103.00"",""created_time"":""2026-04-28T13:07:50.299634Z"",""no_price_dollars"":""0.9790"",""taker_side"":""no"",""ticker"":""KXETH15M-26APR280915-15"",""trade_id"":""52e17ebc-fd10-6494-8457-f8aab3ab8cd9"",""yes_price_dollars"":""0.0210""}"
KXETH15M-26APR280915-15,31670bae-9abe-6042-8bf5-d4dbd5ebd43b,1777381670,0.02,1.0,no,"{""count_fp"":""1.00"",""created_time"":""2026-04-28T13:07:50.299634Z"",""no_price_dollars"":""0.9800"",""taker_side"":""no"",""ticker"":""KXETH15M-26APR280915-15"",""trade_id"":""31670bae-9abe-6042-8bf5-d4dbd5ebd43b"",""yes_price_dollars"":""0.0200""}"
KXETH15M-26APR280915-15,1e96ef1b-ab93-6efb-9006-0275a68f731b,1777381670,0.023,6.95,no,"{""count_fp"":""6.95"",""created_time"":""2026-04-28T13:07:50.299634Z"",""no_price_dollars"":""0.9770"",""taker_side"":""no"",""ticker"":""KXETH15M-26APR280915-15"",""trade_id"":""1e96ef1b-ab93-6efb-9006-0275a68f731b"",""yes_price_dollars"":""0.0230""}"
KXETH15M-26APR280915-15,1661c873-2e58-63f1-8f84-763f9f83c40c,1777381670,0.021,1.0,no,"{""count_fp"":""1.00"",""created_time"":""2026-04-28T13:07:50.299634Z"",""no_price_dollars"":""0.9790"",""taker_side"":""no"",""ticker"":""KXETH15M-26APR280915-15"",""trade_id"":""1661c873-2e58-63f1-8f84-763f9f83c40c"",""yes_price_dollars"":""0.0210""}"
KXETH15M-26APR280915-15,1b8a81fa-5b6a-4dc7-9f8f-360537b4b47b,1777381670,0.033,1.0,no,"{""count_fp"":""1.00"",""created_time"":""2026-04-28T13:07:50.263953Z"",""no_price_dollars"":""0.9670"",""taker_side"":""no"",""ticker"":""KXETH15M-26APR280915-15"",""trade_id"":""1b8a81fa-5b6a-4dc7-9f8f-360537b4b47b"",""yes_price_dollars"":""0.0330""}"
KXETH15M-26APR280915-15,775dadc7-7fd5-553e-129a-32b40c767c79,1777381672,0.02,2.0,yes,"{""count_fp"":""2.00"",""created_time"":""2026-04-28T13:07:52.367586Z"",""no_price_dollars"":""0.9800"",""taker_side"":""yes"",""ticker"":""KXETH15M-26APR280915-15"",""trade_id"":""775dadc7-7fd5-553e-129a-32b40c767c79"",""yes_price_dollars"":""0.0200""}"
KXETH15M-26APR280915-15,e9d953ea-99e3-63ff-6119-481bf79967f3,1777381682,0.018,1.0,no,"{""count_fp"":""1.00"",""created_time"":""2026-04-28T13:08:02.614094Z"",""no_price_dollars"":""0.9820"",""taker_side"":""no"",""ticker"":""KXETH15M-26APR280915-15"",""trade_id"":""e9d953ea-99e3-63ff-6119-481bf79967f3"",""yes_price_dollars"":""0.0180""}"
KXETH15M-26APR280915-15,cc4da5da-1773-6c3a-6554-240b970cd13c,1777381682,0.015,1.0,no,"{""count_fp"":""1.00"",""created_time"":""2026-04-28T13:08:02.614094Z"",""no_price_dollars"":""0.9850"",""taker_side"":""no"",""ticker"":""KXETH15M-26APR280915-15"",""trade_id"":""cc4da5da-1773-6c3a-6554-240b970cd13c"",""yes_price_dollars"":""0.0150""}"
KXETH15M-26APR280915-15,c7680fba-1ec0-68a2-6e04-a0ffce3bbe4e,1777381682,0.014,1.0,no,"{""count_fp"":""1.00"",""created_time"":""2026-04-28T13:08:02.614094Z"",""no_price_dollars"":""0.9860"",""taker_side"":""no"",""ticker"":""KXETH15M-26APR280915-15"",""trade_id"":""c7680fba-1ec0-68a2-6e04-a0ffce3bbe4e"",""yes_price_dollars"":""0.0140""}"
KXETH15M-26APR280915-15,b1ee8cbe-29a9-6be3-50ac-620503761084,1777381682,0.012,1.0,no,"{""count_fp"":""1.00"",""created_time"":""2026-04-28T13:08:02.614094Z"",""no_price_dollars"":""0.9880"",""taker_side"":""no"",""ticker"":""KXETH15M-26APR280915-15"",""trade_id"":""b1ee8cbe-29a9-6be3-50ac-620503761084"",""yes_price_dollars"":""0.0120""}"
KXETH15M-26APR280915-15,af314070-b212-653e-4bd2-84346dd5c41f,1777381682,0.012,50.0,no,"{""count_fp"":""50.00"",""created_time"":""2026-04-28T13:08:02.614094Z"",""no_price_dollars"":""0.9880"",""taker_side"":""no"",""ticker"":""KXETH15M-26APR280915-15"",""trade_id"":""af314070-b212-653e-4bd2-84346dd5c41f"",""yes_price_dollars"":""0.0120""}"
KXETH15M-26APR280915-15,4baf23b5-ca08-62c0-7dbd-79a7a2bb73e9,1777381682,0.012,51.0,no,"{""count_fp"":""51.00"",""created_time"":""2026-04-28T13:08:02.614094Z"",""no_price_dollars"":""0.9880"",""taker_side"":""no"",""ticker"":""KXETH15M-26APR280915-15"",""trade_id"":""4baf23b5-ca08-62c0-7dbd-79a7a2bb73e9"",""yes_price_dollars"":""0.0120""}"
KXETH15M-26APR280915-15,17af1864-fa6e-6123-4121-5e994986e26e,1777381682,0.013,1.0,no,"{""count_fp"":""1.00"",""created_time"":""2026-04-28T13:08:02.614094Z"",""no_price_dollars"":""0.9870"",""taker_side"":""no"",""ticker"":""KXETH15M-26APR280915-15"",""trade_id"":""17af1864-fa6e-6123-4121-5e994986e26e"",""yes_price_dollars"":""0.0130""}"
KXETH15M-26APR280915-15,741fffbf-7970-64d2-12a0-1afbbbb1b8d8,1777381684,0.011,3.0,no,"{""count_fp"":""3.00"",""created_time"":""2026-04-28T13:08:04.208707Z"",""no_price_dollars"":""0.9890"",""taker_side"":""no"",""ticker"":""KXETH15M-26APR280915-15"",""trade_id"":""741fffbf-7970-64d2-12a0-1afbbbb1b8d8"",""yes_price_dollars"":""0.0110""}"
KXETH15M-26APR280915-15,a8b3932c-1544-78d2-c917-2671d5a750d4,1777381684,0.011,21.0,no,"{""count_fp"":""21.00"",""created_time"":""2026-04-28T13:08:04.174087Z"",""no_price_dollars"":""0.9890"",""taker_side"":""no"",""ticker"":""KXETH15M-26APR280915-15"",""trade_id"":""a8b3932c-1544-78d2-c917-2671d5a750d4"",""yes_price_dollars"":""0.0110""}"
KXETH15M-26APR280915-15,c88a6d51-f494-482c-a48d-cf388748a833,1777381688,0.012,3.35,yes,"{""count_fp"":""3.35"",""created_time"":""2026-04-28T13:08:08.751701Z"",""no_price_dollars"":""0.9880"",""taker_side"":""yes"",""ticker"":""KXETH15M-26APR280915-15"",""trade_id"":""c88a6d51-f494-482c-a48d-cf388748a833"",""yes_price_dollars"":""0.0120""}"
KXETH15M-26APR280915-15,17d85fe4-9990-721e-3416-2171c7d8768c,1777381688,0.011,2.0,no,"{""count_fp"":""2.00"",""created_time"":""2026-04-28T13:08:08.422992Z"",""no_price_dollars"":""0.9890"",""taker_side"":""no"",""ticker"":""KXETH15M-26APR280915-15"",""trade_id"":""17d85fe4-9990-721e-3416-2171c7d8768c"",""yes_price_dollars"":""0.0110""}"
KXETH15M-26APR280915-15,9b67cccc-28dd-72e9-6d44-0a1c10ad8ed0,1777381689,0.01,56.0,no,"{""count_fp"":""56.00"",""created_time"":""2026-04-28T13:08:09.916472Z"",""no_price_dollars"":""0.9900"",""taker_side"":""no"",""ticker"":""KXETH15M-26APR280915-15"",""trade_id"":""9b67cccc-28dd-72e9-6d44-0a1c10ad8ed0"",""yes_price_dollars"":""0.0100""}"
KXETH15M-26APR280915-15,52b0ed41-97f4-7fdb-5b4f-c506f13519c8,1777381689,0.011,1.0,no,"{""count_fp"":""1.00"",""created_time"":""2026-04-28T13:08:09.916472Z"",""no_price_dollars"":""0.9890"",""taker_side"":""no"",""ticker"":""KXETH15M-26APR280915-15"",""trade_id"":""52b0ed41-97f4-7fdb-5b4f-c506f13519c8"",""yes_price_dollars"":""0.0110""}"
KXETH15M-26APR280915-15,2c0c098e-dbdc-7396-402d-d8dd2e87807c,1777381689,0.011,42.0,no,"{""count_fp"":""42.00"",""created_time"":""2026-04-28T13:08:09.916472Z"",""no_price_dollars"":""0.9890"",""taker_side"":""no"",""ticker"":""KXETH15M-26APR280915-15"",""trade_id"":""2c0c098e-dbdc-7396-402d-d8dd2e87807c"",""yes_price_dollars"":""0.0110""}"
KXETH15M-26APR280915-15,058d8e6c-0d5c-75e3-54c8-4b06c56c1b48,1777381689,0.01,1.0,no,"{""count_fp"":""1.00"",""created_time"":""2026-04-28T13:08:09.916472Z"",""no_price_dollars"":""0.9900"",""taker_side"":""no"",""ticker"":""KXETH15M-26APR280915-15"",""trade_id"":""058d8e6c-0d5c-75e3-54c8-4b06c56c1b48"",""yes_price_dollars"":""0.0100""}"
KXETH15M-26APR280915-15,e5f8b08b-db94-42ca-4a1c-ba33e6d54c64,1777381689,0.011,5.0,no,"{""count_fp"":""5.00"",""created_time"":""2026-04-28T13:08:09.534226Z"",""no_price_dollars"":""0.9890"",""taker_side"":""no"",""ticker"":""KXETH15M-26APR280915-15"",""trade_id"":""e5f8b08b-db94-42ca-4a1c-ba33e6d54c64"",""yes_price_dollars"":""0.0110""}"
KXETH15M-26APR280915-15,da38ba8b-646f-7315-b31c-ffbc54355926,1777381692,0.014,2.4,yes,"{""count_fp"":""2.40"",""created_time"":""2026-04-28T13:08:12.036768Z"",""no_price_dollars"":""0.9860"",""taker_side"":""yes"",""ticker"":""KXETH15M-26APR280915-15"",""trade_id"":""da38ba8b-646f-7315-b31c-ffbc54355926"",""yes_price_dollars"":""0.0140""}"
KXETH15M-26APR280915-15,e8d19af1-afc5-4d11-192b-0fc7606a89aa,1777381694,0.01,2.0,no,"{""count_fp"":""2.00"",""created_time"":""2026-04-28T13:08:14.313003Z"",""no_price_dollars"":""0.9900"",""taker_side"":""no"",""ticker"":""KXETH15M-26APR280915-15"",""trade_id"":""e8d19af1-afc5-4d11-192b-0fc7606a89aa"",""yes_price_dollars"":""0.0100""}"
KXETH15M-26APR280915-15,d0cd5e25-3dd2-4195-0b3f-24a79d6d12cd,1777381694,0.01,10.0,no,"{""count_fp"":""10.00"",""created_time"":""2026-04-28T13:08:14.313003Z"",""no_price_dollars"":""0.9900"",""taker_side"":""no"",""ticker"":""KXETH15M-26APR280915-15"",""trade_id"":""d0cd5e25-3dd2-4195-0b3f-24a79d6d12cd"",""yes_price_dollars"":""0.0100""}"
KXETH15M-26APR280915-15,41974b4f-b23f-4a42-3858-57f2ece56205,1777381694,0.01,12.0,no,"{""count_fp"":""12.00"",""created_time"":""2026-04-28T13:08:14.313003Z"",""no_price_dollars"":""0.9900"",""taker_side"":""no"",""ticker"":""KXETH15M-26APR280915-15"",""trade_id"":""41974b4f-b23f-4a42-3858-57f2ece56205"",""yes_price_dollars"":""0.0100""}"
KXETH15M-26APR280915-15,1dca3241-a1d4-467f-25ce-2089ce82b1fb,1777381694,0.01,1.0,no,"{""count_fp"":""1.00"",""created_time"":""2026-04-28T13:08:14.313003Z"",""no_price_dollars"":""0.9900"",""taker_side"":""no"",""ticker"":""KXETH15M-26APR280915-15"",""trade_id"":""1dca3241-a1d4-467f-25ce-2089ce82b1fb"",""yes_price_dollars"":""0.0100""}"
KXETH15M-26APR280915-15,463b0e66-0b57-5c6e-6230-5eefa2bdeec9,1777381696,0.01,5.0,no,"{""count_fp"":""5.00"",""created_time"":""2026-04-28T13:08:16.459939Z"",""no_price_dollars"":""0.9900"",""taker_side"":""no"",""ticker"":""KXETH15M-26APR280915-15"",""trade_id"":""463b0e66-0b57-5c6e-6230-5eefa2bdeec9"",""yes_price_dollars"":""0.0100""}"
KXETH15M-26APR280915-15,d2f5e573-cd1b-64ce-ccc2-9774044c0e81,1777381706,0.01,1.0,no,"{""count_fp"":""1.00"",""created_time"":""2026-04-28T13:08:26.512288Z"",""no_price_dollars"":""0.9900"",""taker_side"":""no"",""ticker"":""KXETH15M-26APR280915-15"",""trade_id"":""d2f5e573-cd1b-64ce-ccc2-9774044c0e81"",""yes_price_dollars"":""0.0100""}"
KXETH15M-26APR280915-15,159b039c-6b62-51f0-c1bc-37dffbe66eda,1777381707,0.019,12.56,yes,"{""count_fp"":""12.56"",""created_time"":""2026-04-28T13:08:27.568781Z"",""no_price_dollars"":""0.9810"",""taker_side"":""yes"",""ticker"":""KXETH15M-26APR280915-15"",""trade_id"":""159b039c-6b62-51f0-c1bc-37dffbe66eda"",""yes_price_dollars"":""0.0190""}"
KXETH15M-26APR280915-15,d8bc5179-f196-6bb2-7573-16f677541a8c,1777381714,0.01,50.0,no,"{""count_fp"":""50.00"",""created_time"":""2026-04-28T13:08:34.915718Z"",""no_price_dollars"":""0.9900"",""taker_side"":""no"",""ticker"":""KXETH15M-26APR280915-15"",""trade_id"":""d8bc5179-f196-6bb2-7573-16f677541a8c"",""yes_price_dollars"":""0.0100""}"
KXETH15M-26APR280915-15,9489f2b6-5b07-6f92-5282-f74acfbb44d5,1777381714,0.01,2.7,no,"{""count_fp"":""2.70"",""created_time"":""2026-04-28T13:08:34.915718Z"",""no_price_dollars"":""0.9900"",""taker_side"":""no"",""ticker"":""KXETH15M-26APR280915-15"",""trade_id"":""9489f2b6-5b07-6f92-5282-f74acfbb44d5"",""yes_price_dollars"":""0.0100""}"
KXETH15M-26APR280915-15,1a02f44c-babe-6289-6e19-2680e7d59be1,1777381714,0.01,53.3,no,"{""count_fp"":""53.30"",""created_time"":""2026-04-28T13:08:34.915718Z"",""no_price_dollars"":""0.9900"",""taker_side"":""no"",""ticker"":""KXETH15M-26APR280915-15"",""trade_id"":""1a02f44c-babe-6289-6e19-2680e7d59be1"",""yes_price_dollars"":""0.0100""}"
KXETH15M-26APR280915-15,5050fab3-c98a-4ba0-f097-fd7d15929806,1777381720,0.019,5.0,yes,"{""count_fp"":""5.00"",""created_time"":""2026-04-28T13:08:40.252117Z"",""no_price_dollars"":""0.9810"",""taker_side"":""yes"",""ticker"":""KXETH15M-26APR280915-15"",""trade_id"":""5050fab3-c98a-4ba0-f097-fd7d15929806"",""yes_price_dollars"":""0.0190""}"
KXETH15M-26APR280915-15,87563583-4b1f-61cf-435b-e1b082954da1,1777381748,0.016,54.48,yes,"{""count_fp"":""54.48"",""created_time"":""2026-04-28T13:09:08.900904Z"",""no_price_dollars"":""0.9840"",""taker_side"":""yes"",""ticker"":""KXETH15M-26APR280915-15"",""trade_id"":""87563583-4b1f-61cf-435b-e1b082954da1"",""yes_price_dollars"":""0.0160""}"
KXETH15M-26APR280915-15,e5ce1ef2-9392-5b8d-13e1-11d735172c31,1777381751,0.01,50.0,yes,"{""count_fp"":""50.00"",""created_time"":""2026-04-28T13:09:11.952907Z"",""no_price_dollars"":""0.9900"",""taker_side"":""yes"",""ticker"":""KXETH15M-26APR280915-15"",""trade_id"":""e5ce1ef2-9392-5b8d-13e1-11d735172c31"",""yes_price_dollars"":""0.0100""}"
KXETH15M-26APR280915-15,d612d579-d9cf-54cf-2926-1b1aa6cf026b,1777381751,0.01,16.8,yes,"{""count_fp"":""16.80"",""created_time"":""2026-04-28T13:09:11.952907Z"",""no_price_dollars"":""0.9900"",""taker_side"":""yes"",""ticker"":""KXETH15M-26APR280915-15"",""trade_id"":""d612d579-d9cf-54cf-2926-1b1aa6cf026b"",""yes_price_dollars"":""0.0100""}"
KXETH15M-26APR280915-15,0c5e24ae-c149-753e-0215-e6caaad7a71a,1777381753,0.009,34.06,yes,"{""count_fp"":""34.06"",""created_time"":""2026-04-28T13:09:13.265866Z"",""no_price_dollars"":""0.9910"",""taker_side"":""yes"",""ticker"":""KXETH15M-26APR280915-15"",""trade_id"":""0c5e24ae-c149-753e-0215-e6caaad7a71a"",""yes_price_dollars"":""0.0090""}"
KXETH15M-26APR280915-15,6b6855b9-bb8c-6a2b-7314-f27a6bf0101e,1777381791,0.005,1.0,no,"{""count_fp"":""1.00"",""created_time"":""2026-04-28T13:09:51.326917Z"",""no_price_dollars"":""0.9950"",""taker_side"":""no"",""ticker"":""KXETH15M-26APR280915-15"",""trade_id"":""6b6855b9-bb8c-6a2b-7314-f27a6bf0101e"",""yes_price_dollars"":""0.0050""}"
KXETH15M-26APR280915-15,c35bf0b3-1ab1-7045-6936-79631c7d8ab4,1777381792,0.005,56.0,yes,"{""count_fp"":""56.00"",""created_time"":""2026-04-28T13:09:52.917402Z"",""no_price_dollars"":""0.9950"",""taker_side"":""yes"",""ticker"":""KXETH15M-26APR280915-15"",""trade_id"":""c35bf0b3-1ab1-7045-6936-79631c7d8ab4"",""yes_price_dollars"":""0.0050""}"
KXETH15M-26APR280915-15,92e355da-1172-78b1-76fb-7c6c46537c1e,1777381792,0.004,10.0,yes,"{""count_fp"":""10.00"",""created_time"":""2026-04-28T13:09:52.917402Z"",""no_price_dollars"":""0.9960"",""taker_side"":""yes"",""ticker"":""KXETH15M-26APR280915-15"",""trade_id"":""92e355da-1172-78b1-76fb-7c6c46537c1e"",""yes_price_dollars"":""0.0040""}"
KXETH15M-26APR280915-15,678c3c78-56a7-7bd3-5121-438397db7b33,1777381792,0.01,2.15,yes,"{""count_fp"":""2.15"",""created_time"":""2026-04-28T13:09:52.917402Z"",""no_price_dollars"":""0.9900"",""taker_side"":""yes"",""ticker"":""KXETH15M-26APR280915-15"",""trade_id"":""678c3c78-56a7-7bd3-5121-438397db7b33"",""yes_price_dollars"":""0.0100""}"
KXETH15M-26APR280915-15,66884690-f124-7f25-56ff-aed6229647a1,1777381792,0.005,68.0,yes,"{""count_fp"":""68.00"",""created_time"":""2026-04-28T13:09:52.917402Z"",""no_price_dollars"":""0.9950"",""taker_side"":""yes"",""ticker"":""KXETH15M-26APR280915-15"",""trade_id"":""66884690-f124-7f25-56ff-aed6229647a1"",""yes_price_dollars"":""0.0050""}"
KXETH15M-26APR280915-15,0647037c-07ae-73d9-0e62-efee902795e1,1777381873,0.007,65.45,yes,"{""count_fp"":""65.45"",""created_time"":""2026-04-28T13:11:13.006476Z"",""no_price_dollars"":""0.9930"",""taker_side"":""yes"",""ticker"":""KXETH15M-26APR280915-15"",""trade_id"":""0647037c-07ae-73d9-0e62-efee902795e1"",""yes_price_dollars"":""0.0070""}"
KXETH15M-26APR280915-15,f71c4d8a-f346-45cc-9873-41e0ac90ac39,1777381890,0.001,1.0,no,"{""count_fp"":""1.00"",""created_time"":""2026-04-28T13:11:30.851375Z"",""no_price_dollars"":""0.9990"",""taker_side"":""no"",""ticker"":""KXETH15M-26APR280915-15"",""trade_id"":""f71c4d8a-f346-45cc-9873-41e0ac90ac39"",""yes_price_dollars"":""0.0010""}"
KXETH15M-26APR280915-15,6a23d373-2709-4e1e-95f0-2469083580d0,1777381890,0.001,100.0,no,"{""count_fp"":""100.00"",""created_time"":""2026-04-28T13:11:30.851375Z"",""no_price_dollars"":""0.9990"",""taker_side"":""no"",""ticker"":""KXETH15M-26APR280915-15"",""trade_id"":""6a23d373-2709-4e1e-95f0-2469083580d0"",""yes_price_dollars"":""0.0010""}"
KXETH15M-26APR280915-15,3b411c8e-521c-4d85-be7e-5e1685a942c6,1777381890,0.001,48.13,no,"{""count_fp"":""48.13"",""created_time"":""2026-04-28T13:11:30.851375Z"",""no_price_dollars"":""0.9990"",""taker_side"":""no"",""ticker"":""KXETH15M-26APR280915-15"",""trade_id"":""3b411c8e-521c-4d85-be7e-5e1685a942c6"",""yes_price_dollars"":""0.0010""}"
KXETH15M-26APR280915-15,18e3f2bc-15ab-49a3-8bdc-aa9820af3733,1777381890,0.001,1.0,no,"{""count_fp"":""1.00"",""created_time"":""2026-04-28T13:11:30.851375Z"",""no_price_dollars"":""0.9990"",""taker_side"":""no"",""ticker"":""KXETH15M-26APR280915-15"",""trade_id"":""18e3f2bc-15ab-49a3-8bdc-aa9820af3733"",""yes_price_dollars"":""0.0010""}"
KXETH15M-26APR280915-15,9f932b22-e3a9-6bb9-8d59-177f03b64292,1777381904,0.009,400.0,yes,"{""count_fp"":""400.00"",""created_time"":""2026-04-28T13:11:44.639611Z"",""no_price_dollars"":""0.9910"",""taker_side"":""yes"",""ticker"":""KXETH15M-26APR280915-15"",""trade_id"":""9f932b22-e3a9-6bb9-8d59-177f03b64292"",""yes_price_dollars"":""0.0090""}"
KXETH15M-26APR280915-15,dac6dda2-a011-62fd-c8da-9dde9ab9320a,1777381904,0.009,400.0,yes,"{""count_fp"":""400.00"",""created_time"":""2026-04-28T13:11:44.624235Z"",""no_price_dollars"":""0.9910"",""taker_side"":""yes"",""ticker"":""KXETH15M-26APR280915-15"",""trade_id"":""dac6dda2-a011-62fd-c8da-9dde9ab9320a"",""yes_price_dollars"":""0.0090""}"
KXETH15M-26APR280915-15,ee6bb53f-8ae3-4e31-277d-c68734c5d994,1777381904,0.008,150.69,no,"{""count_fp"":""150.69"",""created_time"":""2026-04-28T13:11:44.574978Z"",""no_price_dollars"":""0.9920"",""taker_side"":""no"",""ticker"":""KXETH15M-26APR280915-15"",""trade_id"":""ee6bb53f-8ae3-4e31-277d-c68734c5d994"",""yes_price_dollars"":""0.0080""}"
KXETH15M-26APR280915-15,d67afdc9-0a5a-7bb4-b732-1d6d9886ce32,1777381912,0.01,48.0,yes,"{""count_fp"":""48.00"",""created_time"":""2026-04-28T13:11:52.396328Z"",""no_price_dollars"":""0.9900"",""taker_side"":""yes"",""ticker"":""KXETH15M-26APR280915-15"",""trade_id"":""d67afdc9-0a5a-7bb4-b732-1d6d9886ce32"",""yes_price_dollars"":""0.0100""}"
KXETH15M-26APR280915-15,aed6dd96-a20c-7e97-89eb-1776473b3347,1777381912,0.01,9.0,yes,"{""count_fp"":""9.00"",""created_time"":""2026-04-28T13:11:52.396328Z"",""no_price_dollars"":""0.9900"",""taker_side"":""yes"",""ticker"":""KXETH15M-26APR280915-15"",""trade_id"":""aed6dd96-a20c-7e97-89eb-1776473b3347"",""yes_price_dollars"":""0.0100""}"
KXETH15M-26APR280915-15,9ad4c924-b4cb-7fde-829a-d5960aaf209d,1777381912,0.01,20.0,yes,"{""count_fp"":""20.00"",""created_time"":""2026-04-28T13:11:52.396328Z"",""no_price_dollars"":""0.9900"",""taker_side"":""yes"",""ticker"":""KXETH15M-26APR280915-15"",""trade_id"":""9ad4c924-b4cb-7fde-829a-d5960aaf209d"",""yes_price_dollars"":""0.0100""}"
KXETH15M-26APR280915-15,56973490-d5a7-7723-82fd-5af9f4258d1b,1777381912,0.01,16.05,yes,"{""count_fp"":""16.05"",""created_time"":""2026-04-28T13:11:52.396328Z"",""no_price_dollars"":""0.9900"",""taker_side"":""yes"",""ticker"":""KXETH15M-26APR280915-15"",""trade_id"":""56973490-d5a7-7723-82fd-5af9f4258d1b"",""yes_price_dollars"":""0.0100""}"
KXETH15M-26APR280915-15,3c745bb3-5b92-7c2d-be38-bdbbfeb40110,1777381915,0.019,98.01,yes,"{""count_fp"":""98.01"",""created_time"":""2026-04-28T13:11:55.471299Z"",""no_price_dollars"":""0.9810"",""taker_side"":""yes"",""ticker"":""KXETH15M-26APR280915-15"",""trade_id"":""3c745bb3-5b92-7c2d-be38-bdbbfeb40110"",""yes_price_dollars"":""0.0190""}"
KXETH15M-26APR280915-15,6c552dd6-604f-4429-6494-72c16a6ffe85,1777381917,0.004,349.34,no,"{""count_fp"":""349.34"",""created_time"":""2026-04-28T13:11:57.747438Z"",""no_price_dollars"":""0.9960"",""taker_side"":""no"",""ticker"":""KXETH15M-26APR280915-15"",""trade_id"":""6c552dd6-604f-4429-6494-72c16a6ffe85"",""yes_price_dollars"":""0.0040""}"
KXETH15M-26APR280915-15,bc9343b1-36b0-583f-4944-691830074882,1777381968,0.01,1066.38,yes,"{""count_fp"":""1066.38"",""created_time"":""2026-04-28T13:12:48.656548Z"",""no_price_dollars"":""0.9900"",""taker_side"":""yes"",""ticker"":""KXETH15M-26APR280915-15"",""trade_id"":""bc9343b1-36b0-583f-4944-691830074882"",""yes_price_dollars"":""0.0100""}"
KXETH15M-26APR280915-15,6c70deed-cc18-5bcd-53b6-27850703eb98,1777381968,0.01,6.0,yes,"{""count_fp"":""6.00"",""created_time"":""2026-04-28T13:12:48.656548Z"",""no_price_dollars"":""0.9900"",""taker_side"":""yes"",""ticker"":""KXETH15M-26APR280915-15"",""trade_id"":""6c70deed-cc18-5bcd-53b6-27850703eb98"",""yes_price_dollars"":""0.0100""}"
KXETH15M-26APR280915-15,53e3cd4a-4065-5746-495b-9ddd2b9d4e0c,1777381968,0.01,750.0,yes,"{""count_fp"":""750.00"",""created_time"":""2026-04-28T13:12:48.656548Z"",""no_price_dollars"":""0.9900"",""taker_side"":""yes"",""ticker"":""KXETH15M-26APR280915-15"",""trade_id"":""53e3cd4a-4065-5746-495b-9ddd2b9d4e0c"",""yes_price_dollars"":""0.0100""}"
KXETH15M-26APR280915-15,04153e7e-7d60-5e5c-4ec8-745ed404cffc,1777381968,0.01,48.0,yes,"{""count_fp"":""48.00"",""created_time"":""2026-04-28T13:12:48.656548Z"",""no_price_dollars"":""0.9900"",""taker_side"":""yes"",""ticker"":""KXETH15M-26APR280915-15"",""trade_id"":""04153e7e-7d60-5e5c-4ec8-745ed404cffc"",""yes_price_dollars"":""0.0100""}"
