ticker,trade_id,ts,yes_price,count,taker_side,raw_json
KXETH15M-26APR271915-15,a192eb42-18d5-4042-6395-40b335fe1cde,1777330809,0.46,42.3,no,"{""count_fp"":""42.30"",""created_time"":""2026-04-27T23:00:09.912418Z"",""no_price_dollars"":""0.5400"",""taker_side"":""no"",""ticker"":""KXETH15M-26APR271915-15"",""trade_id"":""a192eb42-18d5-4042-6395-40b335fe1cde"",""yes_price_dollars"":""0.4600""}"
KXETH15M-26APR271915-15,e1dfbd5b-5b5f-4b21-ed36-b2d97467c330,1777330811,0.47,17.3,no,"{""count_fp"":""17.30"",""created_time"":""2026-04-27T23:00:11.275425Z"",""no_price_dollars"":""0.5300"",""taker_side"":""no"",""ticker"":""KXETH15M-26APR271915-15"",""trade_id"":""e1dfbd5b-5b5f-4b21-ed36-b2d97467c330"",""yes_price_dollars"":""0.4700""}"
KXETH15M-26APR271915-15,5cee52de-71d5-402e-f900-72be644a1c02,1777330811,0.47,7.7,no,"{""count_fp"":""7.70"",""created_time"":""2026-04-27T23:00:11.275425Z"",""no_price_dollars"":""0.5300"",""taker_side"":""no"",""ticker"":""KXETH15M-26APR271915-15"",""trade_id"":""5cee52de-71d5-402e-f900-72be644a1c02"",""yes_price_dollars"":""0.4700""}"
KXETH15M-26APR271915-15,494df556-fbbf-49a5-324e-91e2066fea2c,1777330812,0.48,7.0,no,"{""count_fp"":""7.00"",""created_time"":""2026-04-27T23:00:12.138845Z"",""no_price_dollars"":""0.5200"",""taker_side"":""no"",""ticker"":""KXETH15M-26APR271915-15"",""trade_id"":""494df556-fbbf-49a5-324e-91e2066fea2c"",""yes_price_dollars"":""0.4800""}"
KXETH15M-26APR271915-15,48765a90-de9c-4756-2bbb-fb7e252bd7a2,1777330812,0.48,50.0,no,"{""count_fp"":""50.00"",""created_time"":""2026-04-27T23:00:12.138845Z"",""no_price_dollars"":""0.5200"",""taker_side"":""no"",""ticker"":""KXETH15M-26APR271915-15"",""trade_id"":""48765a90-de9c-4756-2bbb-fb7e252bd7a2"",""yes_price_dollars"":""0.4800""}"
KXETH15M-26APR271915-15,7e62ff67-d79a-57c5-0066-7d0efc6b3355,1777330813,0.5,50.0,no,"{""count_fp"":""50.00"",""created_time"":""2026-04-27T23:00:13.380995Z"",""no_price_dollars"":""0.5000"",""taker_side"":""no"",""ticker"":""KXETH15M-26APR271915-15"",""trade_id"":""7e62ff67-d79a-57c5-0066-7d0efc6b3355"",""yes_price_dollars"":""0.5000""}"
KXETH15M-26APR271915-15,9451fca7-adf3-549d-fac6-acf2b1054860,1777330817,0.49,7.58,no,"{""count_fp"":""7.58"",""created_time"":""2026-04-27T23:00:17.808355Z"",""no_price_dollars"":""0.5100"",""taker_side"":""no"",""ticker"":""KXETH15M-26APR271915-15"",""trade_id"":""9451fca7-adf3-549d-fac6-acf2b1054860"",""yes_price_dollars"":""0.4900""}"
KXETH15M-26APR271915-15,93eb86ab-15fb-6819-d497-b6c4458a5b28,1777330821,0.49,2.0,no,"{""count_fp"":""2.00"",""created_time"":""2026-04-27T23:00:21.683253Z"",""no_price_dollars"":""0.5100"",""taker_side"":""no"",""ticker"":""KXETH15M-26APR271915-15"",""trade_id"":""93eb86ab-15fb-6819-d497-b6c4458a5b28"",""yes_price_dollars"":""0.4900""}"
KXETH15M-26APR271915-15,527f86fb-c029-5f07-802c-d3b7c5c3b922,1777330822,0.55,1.0,yes,"{""count_fp"":""1.00"",""created_time"":""2026-04-27T23:00:22.163359Z"",""no_price_dollars"":""0.4500"",""taker_side"":""yes"",""ticker"":""KXETH15M-26APR271915-15"",""trade_id"":""527f86fb-c029-5f07-802c-d3b7c5c3b922"",""yes_price_dollars"":""0.5500""}"
KXETH15M-26APR271915-15,0b901fa2-05cf-7dd5-9998-273f374d2ab0,1777330823,0.49,5.68,no,"{""count_fp"":""5.68"",""created_time"":""2026-04-27T23:00:23.876084Z"",""no_price_dollars"":""0.5100"",""taker_side"":""no"",""ticker"":""KXETH15M-26APR271915-15"",""trade_id"":""0b901fa2-05cf-7dd5-9998-273f374d2ab0"",""yes_price_dollars"":""0.4900""}"
KXETH15M-26APR271915-15,52ced567-6283-7f75-4d3a-f619b00f47c8,1777330826,0.49,3.79,no,"{""count_fp"":""3.79"",""created_time"":""2026-04-27T23:00:26.189731Z"",""no_price_dollars"":""0.5100"",""taker_side"":""no"",""ticker"":""KXETH15M-26APR271915-15"",""trade_id"":""52ced567-6283-7f75-4d3a-f619b00f47c8"",""yes_price_dollars"":""0.4900""}"
KXETH15M-26APR271915-15,e07e6a7c-a269-7f52-f0ea-c415247b63aa,1777330827,0.54,1.76,yes,"{""count_fp"":""1.76"",""created_time"":""2026-04-27T23:00:27.119108Z"",""no_price_dollars"":""0.4600"",""taker_side"":""yes"",""ticker"":""KXETH15M-26APR271915-15"",""trade_id"":""e07e6a7c-a269-7f52-f0ea-c415247b63aa"",""yes_price_dollars"":""0.5400""}"
KXETH15M-26APR271915-15,57a11196-aff9-5f86-d3ac-5f8f55094c8e,1777330829,0.54,0.24,yes,"{""count_fp"":""0.24"",""created_time"":""2026-04-27T23:00:29.223578Z"",""no_price_dollars"":""0.4600"",""taker_side"":""yes"",""ticker"":""KXETH15M-26APR271915-15"",""trade_id"":""57a11196-aff9-5f86-d3ac-5f8f55094c8e"",""yes_price_dollars"":""0.5400""}"
KXETH15M-26APR271915-15,51ee89cc-9239-50d5-c79a-308a23bfb86f,1777330829,0.54,0.76,yes,"{""count_fp"":""0.76"",""created_time"":""2026-04-27T23:00:29.223578Z"",""no_price_dollars"":""0.4600"",""taker_side"":""yes"",""ticker"":""KXETH15M-26APR271915-15"",""trade_id"":""51ee89cc-9239-50d5-c79a-308a23bfb86f"",""yes_price_dollars"":""0.5400""}"
KXETH15M-26APR271915-15,d4459f68-340d-6a3d-12ef-49bbd576f32b,1777330830,0.54,45.0,yes,"{""count_fp"":""45.00"",""created_time"":""2026-04-27T23:00:30.404922Z"",""no_price_dollars"":""0.4600"",""taker_side"":""yes"",""ticker"":""KXETH15M-26APR271915-15"",""trade_id"":""d4459f68-340d-6a3d-12ef-49bbd576f32b"",""yes_price_dollars"":""0.5400""}"
KXETH15M-26APR271915-15,90d34742-9982-4ca2-9972-1025c4b15dc1,1777330833,0.5,20.0,no,"{""count_fp"":""20.00"",""created_time"":""2026-04-27T23:00:33.903951Z"",""no_price_dollars"":""0.5000"",""taker_side"":""no"",""ticker"":""KXETH15M-26APR271915-15"",""trade_id"":""90d34742-9982-4ca2-9972-1025c4b15dc1"",""yes_price_dollars"":""0.5000""}"
KXETH15M-26APR271915-15,eca5542c-d6e6-7442-8f77-bd398ec19e69,1777330835,0.5,16.0,no,"{""count_fp"":""16.00"",""created_time"":""2026-04-27T23:00:35.230987Z"",""no_price_dollars"":""0.5000"",""taker_side"":""no"",""ticker"":""KXETH15M-26APR271915-15"",""trade_id"":""eca5542c-d6e6-7442-8f77-bd398ec19e69"",""yes_price_dollars"":""0.5000""}"
KXETH15M-26APR271915-15,2fba7895-e776-4ece-7daa-4ab7eb25b7c5,1777330837,0.5,29.0,no,"{""count_fp"":""29.00"",""created_time"":""2026-04-27T23:00:37.757471Z"",""no_price_dollars"":""0.5000"",""taker_side"":""no"",""ticker"":""KXETH15M-26APR271915-15"",""trade_id"":""2fba7895-e776-4ece-7daa-4ab7eb25b7c5"",""yes_price_dollars"":""0.5000""}"
KXETH15M-26APR271915-15,62a6c334-835a-7e36-a3e3-a82fd4a5d27d,1777330838,0.5,7.0,no,"{""count_fp"":""7.00"",""created_time"":""2026-04-27T23:00:38.620513Z"",""no_price_dollars"":""0.5000"",""taker_side"":""no"",""ticker"":""KXETH15M-26APR271915-15"",""trade_id"":""62a6c334-835a-7e36-a3e3-a82fd4a5d27d"",""yes_price_dollars"":""0.5000""}"
KXETH15M-26APR271915-15,eccf528a-fbb2-640a-6b53-cb73c2b9a799,1777330839,0.5,8.68,no,"{""count_fp"":""8.68"",""created_time"":""2026-04-27T23:00:39.795174Z"",""no_price_dollars"":""0.5000"",""taker_side"":""no"",""ticker"":""KXETH15M-26APR271915-15"",""trade_id"":""eccf528a-fbb2-640a-6b53-cb73c2b9a799"",""yes_price_dollars"":""0.5000""}"
KXETH15M-26APR271915-15,65fa7791-6a92-6735-7d89-84840bb55cd1,1777330839,0.5,1.0,no,"{""count_fp"":""1.00"",""created_time"":""2026-04-27T23:00:39.795174Z"",""no_price_dollars"":""0.5000"",""taker_side"":""no"",""ticker"":""KXETH15M-26APR271915-15"",""trade_id"":""65fa7791-6a92-6735-7d89-84840bb55cd1"",""yes_price_dollars"":""0.5000""}"
KXETH15M-26APR271915-15,4970abfc-28cf-6709-5177-dd376536dd58,1777330839,0.49,47.19,no,"{""count_fp"":""47.19"",""created_time"":""2026-04-27T23:00:39.795174Z"",""no_price_dollars"":""0.5100"",""taker_side"":""no"",""ticker"":""KXETH15M-26APR271915-15"",""trade_id"":""4970abfc-28cf-6709-5177-dd376536dd58"",""yes_price_dollars"":""0.4900""}"
KXETH15M-26APR271915-15,b376ef2f-997e-5626-412c-9d990c5e9efd,1777330839,0.5,19.32,no,"{""count_fp"":""19.32"",""created_time"":""2026-04-27T23:00:39.453064Z"",""no_price_dollars"":""0.5000"",""taker_side"":""no"",""ticker"":""KXETH15M-26APR271915-15"",""trade_id"":""b376ef2f-997e-5626-412c-9d990c5e9efd"",""yes_price_dollars"":""0.5000""}"
KXETH15M-26APR271915-15,7d39b9c1-cb39-553f-6911-7c6eb339b766,1777330840,0.53,6.27,yes,"{""count_fp"":""6.27"",""created_time"":""2026-04-27T23:00:40.137338Z"",""no_price_dollars"":""0.4700"",""taker_side"":""yes"",""ticker"":""KXETH15M-26APR271915-15"",""trade_id"":""7d39b9c1-cb39-553f-6911-7c6eb339b766"",""yes_price_dollars"":""0.5300""}"
KXETH15M-26APR271915-15,1fe579ff-0177-432d-2dec-7be26e63d690,1777330846,0.49,9.47,no,"{""count_fp"":""9.47"",""created_time"":""2026-04-27T23:00:46.160146Z"",""no_price_dollars"":""0.5100"",""taker_side"":""no"",""ticker"":""KXETH15M-26APR271915-15"",""trade_id"":""1fe579ff-0177-432d-2dec-7be26e63d690"",""yes_price_dollars"":""0.4900""}"
KXETH15M-26APR271915-15,f53c6b04-5d55-70fe-6098-1b9b312082bf,1777330848,0.5,5.79,yes,"{""count_fp"":""5.79"",""created_time"":""2026-04-27T23:00:48.988459Z"",""no_price_dollars"":""0.5000"",""taker_side"":""yes"",""ticker"":""KXETH15M-26APR271915-15"",""trade_id"":""f53c6b04-5d55-70fe-6098-1b9b312082bf"",""yes_price_dollars"":""0.5000""}"
KXETH15M-26APR271915-15,ef70c844-09d9-6bce-7132-484e1be894a3,1777330848,0.5,5.0,yes,"{""count_fp"":""5.00"",""created_time"":""2026-04-27T23:00:48.316291Z"",""no_price_dollars"":""0.5000"",""taker_side"":""yes"",""ticker"":""KXETH15M-26APR271915-15"",""trade_id"":""ef70c844-09d9-6bce-7132-484e1be894a3"",""yes_price_dollars"":""0.5000""}"
KXETH15M-26APR271915-15,e1d60539-d94e-7b40-2ede-3e47ceb394fa,1777330850,0.46,10.0,no,"{""count_fp"":""10.00"",""created_time"":""2026-04-27T23:00:50.644113Z"",""no_price_dollars"":""0.5400"",""taker_side"":""no"",""ticker"":""KXETH15M-26APR271915-15"",""trade_id"":""e1d60539-d94e-7b40-2ede-3e47ceb394fa"",""yes_price_dollars"":""0.4600""}"
KXETH15M-26APR271915-15,41af6d27-026e-765a-393c-af071de56b68,1777330850,0.46,16.91,no,"{""count_fp"":""16.91"",""created_time"":""2026-04-27T23:00:50.644113Z"",""no_price_dollars"":""0.5400"",""taker_side"":""no"",""ticker"":""KXETH15M-26APR271915-15"",""trade_id"":""41af6d27-026e-765a-393c-af071de56b68"",""yes_price_dollars"":""0.4600""}"
KXETH15M-26APR271915-15,2bbd2d37-cf9d-42f9-a41b-10c82df5710f,1777330852,0.47,2.0,yes,"{""count_fp"":""2.00"",""created_time"":""2026-04-27T23:00:52.850411Z"",""no_price_dollars"":""0.5300"",""taker_side"":""yes"",""ticker"":""KXETH15M-26APR271915-15"",""trade_id"":""2bbd2d37-cf9d-42f9-a41b-10c82df5710f"",""yes_price_dollars"":""0.4700""}"
KXETH15M-26APR271915-15,0e48fba5-b5e5-4001-bd92-f2f05c12069e,1777330852,0.49,3.98,yes,"{""count_fp"":""3.98"",""created_time"":""2026-04-27T23:00:52.850411Z"",""no_price_dollars"":""0.5100"",""taker_side"":""yes"",""ticker"":""KXETH15M-26APR271915-15"",""trade_id"":""0e48fba5-b5e5-4001-bd92-f2f05c12069e"",""yes_price_dollars"":""0.4900""}"
KXETH15M-26APR271915-15,a74f067a-8e43-6fd9-79ab-dc0d2d81315e,1777330853,0.46,2.0,no,"{""count_fp"":""2.00"",""created_time"":""2026-04-27T23:00:53.662921Z"",""no_price_dollars"":""0.5400"",""taker_side"":""no"",""ticker"":""KXETH15M-26APR271915-15"",""trade_id"":""a74f067a-8e43-6fd9-79ab-dc0d2d81315e"",""yes_price_dollars"":""0.4600""}"
KXETH15M-26APR271915-15,4a847595-325b-6251-9ce0-c1ad1a51c96f,1777330857,0.49,7.85,yes,"{""count_fp"":""7.85"",""created_time"":""2026-04-27T23:00:57.457778Z"",""no_price_dollars"":""0.5100"",""taker_side"":""yes"",""ticker"":""KXETH15M-26APR271915-15"",""trade_id"":""4a847595-325b-6251-9ce0-c1ad1a51c96f"",""yes_price_dollars"":""0.4900""}"
KXETH15M-26APR271915-15,487a9eb1-b47d-6514-826d-06881d65f994,1777330857,0.49,2.0,yes,"{""count_fp"":""2.00"",""created_time"":""2026-04-27T23:00:57.457778Z"",""no_price_dollars"":""0.5100"",""taker_side"":""yes"",""ticker"":""KXETH15M-26APR271915-15"",""trade_id"":""487a9eb1-b47d-6514-826d-06881d65f994"",""yes_price_dollars"":""0.4900""}"
KXETH15M-26APR271915-15,6e159095-cb10-4881-2c82-6eaea4d22aa0,1777330858,0.46,1.0,no,"{""count_fp"":""1.00"",""created_time"":""2026-04-27T23:00:58.310404Z"",""no_price_dollars"":""0.5400"",""taker_side"":""no"",""ticker"":""KXETH15M-26APR271915-15"",""trade_id"":""6e159095-cb10-4881-2c82-6eaea4d22aa0"",""yes_price_dollars"":""0.4600""}"
KXETH15M-26APR271915-15,96de31d1-b5c7-60f9-55f9-827e19998f84,1777330859,0.47,8.91,no,"{""count_fp"":""8.91"",""created_time"":""2026-04-27T23:00:59.658206Z"",""no_price_dollars"":""0.5300"",""taker_side"":""no"",""ticker"":""KXETH15M-26APR271915-15"",""trade_id"":""96de31d1-b5c7-60f9-55f9-827e19998f84"",""yes_price_dollars"":""0.4700""}"
KXETH15M-26APR271915-15,39ee34a1-8685-45b6-e031-64602b329b73,1777330860,0.5,1.82,yes,"{""count_fp"":""1.82"",""created_time"":""2026-04-27T23:01:00.397852Z"",""no_price_dollars"":""0.5000"",""taker_side"":""yes"",""ticker"":""KXETH15M-26APR271915-15"",""trade_id"":""39ee34a1-8685-45b6-e031-64602b329b73"",""yes_price_dollars"":""0.5000""}"
KXETH15M-26APR271915-15,44ce33db-b7dd-43b6-e5b6-f2d1fe510a47,1777330861,0.5,5.79,yes,"{""count_fp"":""5.79"",""created_time"":""2026-04-27T23:01:01.815617Z"",""no_price_dollars"":""0.5000"",""taker_side"":""yes"",""ticker"":""KXETH15M-26APR271915-15"",""trade_id"":""44ce33db-b7dd-43b6-e5b6-f2d1fe510a47"",""yes_price_dollars"":""0.5000""}"
KXETH15M-26APR271915-15,c85dc50e-7a55-4546-31a1-33b3622cbd03,1777330862,0.5,0.35,yes,"{""count_fp"":""0.35"",""created_time"":""2026-04-27T23:01:02.093356Z"",""no_price_dollars"":""0.5000"",""taker_side"":""yes"",""ticker"":""KXETH15M-26APR271915-15"",""trade_id"":""c85dc50e-7a55-4546-31a1-33b3622cbd03"",""yes_price_dollars"":""0.5000""}"
KXETH15M-26APR271915-15,62cfab0d-4ad1-6d82-fd8a-36aa9f546153,1777330862,0.5,40.0,yes,"{""count_fp"":""40.00"",""created_time"":""2026-04-27T23:01:02.079636Z"",""no_price_dollars"":""0.5000"",""taker_side"":""yes"",""ticker"":""KXETH15M-26APR271915-15"",""trade_id"":""62cfab0d-4ad1-6d82-fd8a-36aa9f546153"",""yes_price_dollars"":""0.5000""}"
KXETH15M-26APR271915-15,a33898f5-6d56-4666-4ee3-779930222bc0,1777330864,0.51,17.0,no,"{""count_fp"":""17.00"",""created_time"":""2026-04-27T23:01:04.613888Z"",""no_price_dollars"":""0.4900"",""taker_side"":""no"",""ticker"":""KXETH15M-26APR271915-15"",""trade_id"":""a33898f5-6d56-4666-4ee3-779930222bc0"",""yes_price_dollars"":""0.5100""}"
KXETH15M-26APR271915-15,82b33b15-cc78-448c-5c4e-3fe273019ba0,1777330864,0.52,10.0,no,"{""count_fp"":""10.00"",""created_time"":""2026-04-27T23:01:04.613888Z"",""no_price_dollars"":""0.4800"",""taker_side"":""no"",""ticker"":""KXETH15M-26APR271915-15"",""trade_id"":""82b33b15-cc78-448c-5c4e-3fe273019ba0"",""yes_price_dollars"":""0.5200""}"
KXETH15M-26APR271915-15,472a74bd-3db2-7626-e118-4c4fe208ba5b,1777330874,0.54,8.8,yes,"{""count_fp"":""8.80"",""created_time"":""2026-04-27T23:01:14.182696Z"",""no_price_dollars"":""0.4600"",""taker_side"":""yes"",""ticker"":""KXETH15M-26APR271915-15"",""trade_id"":""472a74bd-3db2-7626-e118-4c4fe208ba5b"",""yes_price_dollars"":""0.5400""}"
KXETH15M-26APR271915-15,f3c408f2-74ec-603a-f478-3690d204d745,1777330874,0.5,2.0,yes,"{""count_fp"":""2.00"",""created_time"":""2026-04-27T23:01:14.008551Z"",""no_price_dollars"":""0.5000"",""taker_side"":""yes"",""ticker"":""KXETH15M-26APR271915-15"",""trade_id"":""f3c408f2-74ec-603a-f478-3690d204d745"",""yes_price_dollars"":""0.5000""}"
KXETH15M-26APR271915-15,48cbb768-2a31-6dc1-ef46-ff655dcfcb85,1777330874,0.53,1.52,yes,"{""count_fp"":""1.52"",""created_time"":""2026-04-27T23:01:14.008551Z"",""no_price_dollars"":""0.4700"",""taker_side"":""yes"",""ticker"":""KXETH15M-26APR271915-15"",""trade_id"":""48cbb768-2a31-6dc1-ef46-ff655dcfcb85"",""yes_price_dollars"":""0.5300""}"
KXETH15M-26APR271915-15,51d3ffc6-2161-72ad-5ecb-77dba44bf469,1777330877,0.55,25.76,yes,"{""count_fp"":""25.76"",""created_time"":""2026-04-27T23:01:17.931594Z"",""no_price_dollars"":""0.4500"",""taker_side"":""yes"",""ticker"":""KXETH15M-26APR271915-15"",""trade_id"":""51d3ffc6-2161-72ad-5ecb-77dba44bf469"",""yes_price_dollars"":""0.5500""}"
KXETH15M-26APR271915-15,d6e8bda3-1a25-7859-43bc-2e565a5888d1,1777330877,0.55,10.0,yes,"{""count_fp"":""10.00"",""created_time"":""2026-04-27T23:01:17.332429Z"",""no_price_dollars"":""0.4500"",""taker_side"":""yes"",""ticker"":""KXETH15M-26APR271915-15"",""trade_id"":""d6e8bda3-1a25-7859-43bc-2e565a5888d1"",""yes_price_dollars"":""0.5500""}"
KXETH15M-26APR271915-15,8c32368e-270a-7af5-964c-7bf1c38027a8,1777330877,0.54,10.0,yes,"{""count_fp"":""10.00"",""created_time"":""2026-04-27T23:01:17.291798Z"",""no_price_dollars"":""0.4600"",""taker_side"":""yes"",""ticker"":""KXETH15M-26APR271915-15"",""trade_id"":""8c32368e-270a-7af5-964c-7bf1c38027a8"",""yes_price_dollars"":""0.5400""}"
KXETH15M-26APR271915-15,ee1e4b2f-0ff5-4e41-b45c-97ec2727e8fd,1777330878,0.55,6.0,yes,"{""count_fp"":""6.00"",""created_time"":""2026-04-27T23:01:18.219087Z"",""no_price_dollars"":""0.4500"",""taker_side"":""yes"",""ticker"":""KXETH15M-26APR271915-15"",""trade_id"":""ee1e4b2f-0ff5-4e41-b45c-97ec2727e8fd"",""yes_price_dollars"":""0.5500""}"
KXETH15M-26APR271915-15,50473251-480d-63e1-f3b5-db8015090f85,1777330880,0.55,42.3,yes,"{""count_fp"":""42.30"",""created_time"":""2026-04-27T23:01:20.941805Z"",""no_price_dollars"":""0.4500"",""taker_side"":""yes"",""ticker"":""KXETH15M-26APR271915-15"",""trade_id"":""50473251-480d-63e1-f3b5-db8015090f85"",""yes_price_dollars"":""0.5500""}"
KXETH15M-26APR271915-15,03fc52b8-0d9f-5c9b-cea5-c6aa76c07d71,1777330881,0.54,5.0,no,"{""count_fp"":""5.00"",""created_time"":""2026-04-27T23:01:21.089502Z"",""no_price_dollars"":""0.4600"",""taker_side"":""no"",""ticker"":""KXETH15M-26APR271915-15"",""trade_id"":""03fc52b8-0d9f-5c9b-cea5-c6aa76c07d71"",""yes_price_dollars"":""0.5400""}"
KXETH15M-26APR271915-15,660d903a-149a-7988-45bf-789ff722621f,1777330883,0.54,10.0,no,"{""count_fp"":""10.00"",""created_time"":""2026-04-27T23:01:23.717945Z"",""no_price_dollars"":""0.4600"",""taker_side"":""no"",""ticker"":""KXETH15M-26APR271915-15"",""trade_id"":""660d903a-149a-7988-45bf-789ff722621f"",""yes_price_dollars"":""0.5400""}"
KXETH15M-26APR271915-15,11b07c91-60da-7f92-5e72-5498ce4d4cc0,1777330883,0.54,9.32,no,"{""count_fp"":""9.32"",""created_time"":""2026-04-27T23:01:23.717945Z"",""no_price_dollars"":""0.4600"",""taker_side"":""no"",""ticker"":""KXETH15M-26APR271915-15"",""trade_id"":""11b07c91-60da-7f92-5e72-5498ce4d4cc0"",""yes_price_dollars"":""0.5400""}"
KXETH15M-26APR271915-15,b16ff4ee-5421-7ae1-e493-25a0b5f5b6e1,1777330885,0.55,33.49,yes,"{""count_fp"":""33.49"",""created_time"":""2026-04-27T23:01:25.934172Z"",""no_price_dollars"":""0.4500"",""taker_side"":""yes"",""ticker"":""KXETH15M-26APR271915-15"",""trade_id"":""b16ff4ee-5421-7ae1-e493-25a0b5f5b6e1"",""yes_price_dollars"":""0.5500""}"
KXETH15M-26APR271915-15,ad4c35ff-efc9-5535-bcb0-8f19dbcda565,1777330886,0.55,8.81,yes,"{""count_fp"":""8.81"",""created_time"":""2026-04-27T23:01:26.328696Z"",""no_price_dollars"":""0.4500"",""taker_side"":""yes"",""ticker"":""KXETH15M-26APR271915-15"",""trade_id"":""ad4c35ff-efc9-5535-bcb0-8f19dbcda565"",""yes_price_dollars"":""0.5500""}"
KXETH15M-26APR271915-15,b2b3b07c-b40a-6cea-7046-4ae688123688,1777330887,0.52,19.1,no,"{""count_fp"":""19.10"",""created_time"":""2026-04-27T23:01:27.605009Z"",""no_price_dollars"":""0.4800"",""taker_side"":""no"",""ticker"":""KXETH15M-26APR271915-15"",""trade_id"":""b2b3b07c-b40a-6cea-7046-4ae688123688"",""yes_price_dollars"":""0.5200""}"
KXETH15M-26APR271915-15,2d3b9722-b832-6319-5779-c5316e3230f5,1777330887,0.52,1.0,no,"{""count_fp"":""1.00"",""created_time"":""2026-04-27T23:01:27.605009Z"",""no_price_dollars"":""0.4800"",""taker_side"":""no"",""ticker"":""KXETH15M-26APR271915-15"",""trade_id"":""2d3b9722-b832-6319-5779-c5316e3230f5"",""yes_price_dollars"":""0.5200""}"
KXETH15M-26APR271915-15,c68aa121-bf3f-651b-6148-7ed59345d5df,1777330887,0.53,0.96,no,"{""count_fp"":""0.96"",""created_time"":""2026-04-27T23:01:27.308128Z"",""no_price_dollars"":""0.4700"",""taker_side"":""no"",""ticker"":""KXETH15M-26APR271915-15"",""trade_id"":""c68aa121-bf3f-651b-6148-7ed59345d5df"",""yes_price_dollars"":""0.5300""}"
KXETH15M-26APR271915-15,e91e0faa-f215-6e4f-ab03-ce726854e216,1777330888,0.51,32.43,yes,"{""count_fp"":""32.43"",""created_time"":""2026-04-27T23:01:28.433211Z"",""no_price_dollars"":""0.4900"",""taker_side"":""yes"",""ticker"":""KXETH15M-26APR271915-15"",""trade_id"":""e91e0faa-f215-6e4f-ab03-ce726854e216"",""yes_price_dollars"":""0.5100""}"
KXETH15M-26APR271915-15,6c0e63a7-65d5-5842-5eea-48fbe2950aa4,1777330893,0.46,10.0,no,"{""count_fp"":""10.00"",""created_time"":""2026-04-27T23:01:33.285609Z"",""no_price_dollars"":""0.5400"",""taker_side"":""no"",""ticker"":""KXETH15M-26APR271915-15"",""trade_id"":""6c0e63a7-65d5-5842-5eea-48fbe2950aa4"",""yes_price_dollars"":""0.4600""}"
KXETH15M-26APR271915-15,2fadd851-12bd-5528-4245-2396c3f79427,1777330893,0.5,2.0,no,"{""count_fp"":""2.00"",""created_time"":""2026-04-27T23:01:33.285609Z"",""no_price_dollars"":""0.5000"",""taker_side"":""no"",""ticker"":""KXETH15M-26APR271915-15"",""trade_id"":""2fadd851-12bd-5528-4245-2396c3f79427"",""yes_price_dollars"":""0.5000""}"
KXETH15M-26APR271915-15,2affc0ba-4bc6-5126-4851-71bd1d84f940,1777330893,0.44,19.71,no,"{""count_fp"":""19.71"",""created_time"":""2026-04-27T23:01:33.285609Z"",""no_price_dollars"":""0.5600"",""taker_side"":""no"",""ticker"":""KXETH15M-26APR271915-15"",""trade_id"":""2affc0ba-4bc6-5126-4851-71bd1d84f940"",""yes_price_dollars"":""0.4400""}"
KXETH15M-26APR271915-15,e4f7f0ff-eee9-5067-105d-db2cf0a852de,1777330901,0.5,22.85,yes,"{""count_fp"":""22.85"",""created_time"":""2026-04-27T23:01:41.320403Z"",""no_price_dollars"":""0.5000"",""taker_side"":""yes"",""ticker"":""KXETH15M-26APR271915-15"",""trade_id"":""e4f7f0ff-eee9-5067-105d-db2cf0a852de"",""yes_price_dollars"":""0.5000""}"
KXETH15M-26APR271915-15,c4060a54-eb8a-5873-18e5-90e6385e435b,1777330901,0.5,10.0,yes,"{""count_fp"":""10.00"",""created_time"":""2026-04-27T23:01:41.320403Z"",""no_price_dollars"":""0.5000"",""taker_side"":""yes"",""ticker"":""KXETH15M-26APR271915-15"",""trade_id"":""c4060a54-eb8a-5873-18e5-90e6385e435b"",""yes_price_dollars"":""0.5000""}"
KXETH15M-26APR271915-15,c0f53ada-d57a-7f48-6909-2eef1ae51f04,1777330905,0.46,10.0,no,"{""count_fp"":""10.00"",""created_time"":""2026-04-27T23:01:45.990103Z"",""no_price_dollars"":""0.5400"",""taker_side"":""no"",""ticker"":""KXETH15M-26APR271915-15"",""trade_id"":""c0f53ada-d57a-7f48-6909-2eef1ae51f04"",""yes_price_dollars"":""0.4600""}"
KXETH15M-26APR271915-15,5ef08e14-8265-761e-e728-4bfc555bfd11,1777330906,0.4,1.0,no,"{""count_fp"":""1.00"",""created_time"":""2026-04-27T23:01:46.634587Z"",""no_price_dollars"":""0.6000"",""taker_side"":""no"",""ticker"":""KXETH15M-26APR271915-15"",""trade_id"":""5ef08e14-8265-761e-e728-4bfc555bfd11"",""yes_price_dollars"":""0.4000""}"
KXETH15M-26APR271915-15,fecf6e45-5381-405f-b78a-82641b8b144e,1777330909,0.46,0.45,yes,"{""count_fp"":""0.45"",""created_time"":""2026-04-27T23:01:49.160939Z"",""no_price_dollars"":""0.5400"",""taker_side"":""yes"",""ticker"":""KXETH15M-26APR271915-15"",""trade_id"":""fecf6e45-5381-405f-b78a-82641b8b144e"",""yes_price_dollars"":""0.4600""}"
KXETH15M-26APR271915-15,15ae6054-6f14-49ae-9c68-b4154c42c117,1777330909,0.45,10.0,yes,"{""count_fp"":""10.00"",""created_time"":""2026-04-27T23:01:49.160939Z"",""no_price_dollars"":""0.5500"",""taker_side"":""yes"",""ticker"":""KXETH15M-26APR271915-15"",""trade_id"":""15ae6054-6f14-49ae-9c68-b4154c42c117"",""yes_price_dollars"":""0.4500""}"
KXETH15M-26APR271915-15,af3385f0-1b6a-4234-27e9-d3292093ce47,1777330910,0.42,10.0,no,"{""count_fp"":""10.00"",""created_time"":""2026-04-27T23:01:50.534148Z"",""no_price_dollars"":""0.5800"",""taker_side"":""no"",""ticker"":""KXETH15M-26APR271915-15"",""trade_id"":""af3385f0-1b6a-4234-27e9-d3292093ce47"",""yes_price_dollars"":""0.4200""}"
KXETH15M-26APR271915-15,8e1a2556-b1e3-4ba9-2f39-ae0761d3e71c,1777330910,0.41,6.47,no,"{""count_fp"":""6.47"",""created_time"":""2026-04-27T23:01:50.534148Z"",""no_price_dollars"":""0.5900"",""taker_side"":""no"",""ticker"":""KXETH15M-26APR271915-15"",""trade_id"":""8e1a2556-b1e3-4ba9-2f39-ae0761d3e71c"",""yes_price_dollars"":""0.4100""}"
KXETH15M-26APR271915-15,4c72f84b-b89b-7c9d-7315-4030eb0a2288,1777330913,0.41,32.43,no,"{""count_fp"":""32.43"",""created_time"":""2026-04-27T23:01:53.043519Z"",""no_price_dollars"":""0.5900"",""taker_side"":""no"",""ticker"":""KXETH15M-26APR271915-15"",""trade_id"":""4c72f84b-b89b-7c9d-7315-4030eb0a2288"",""yes_price_dollars"":""0.4100""}"
KXETH15M-26APR271915-15,1689f738-5522-465b-129c-162f054fefef,1777330916,0.47,6.0,yes,"{""count_fp"":""6.00"",""created_time"":""2026-04-27T23:01:56.083548Z"",""no_price_dollars"":""0.5300"",""taker_side"":""yes"",""ticker"":""KXETH15M-26APR271915-15"",""trade_id"":""1689f738-5522-465b-129c-162f054fefef"",""yes_price_dollars"":""0.4700""}"
KXETH15M-26APR271915-15,a8bd45b7-f3d6-7064-cdd0-221c3f6ba2ae,1777330919,0.46,3.52,no,"{""count_fp"":""3.52"",""created_time"":""2026-04-27T23:01:59.054591Z"",""no_price_dollars"":""0.5400"",""taker_side"":""no"",""ticker"":""KXETH15M-26APR271915-15"",""trade_id"":""a8bd45b7-f3d6-7064-cdd0-221c3f6ba2ae"",""yes_price_dollars"":""0.4600""}"
KXETH15M-26APR271915-15,70b17fd1-13d1-5ff7-9190-cc82537c9b51,1777330927,0.47,10.0,no,"{""count_fp"":""10.00"",""created_time"":""2026-04-27T23:02:07.117543Z"",""no_price_dollars"":""0.5300"",""taker_side"":""no"",""ticker"":""KXETH15M-26APR271915-15"",""trade_id"":""70b17fd1-13d1-5ff7-9190-cc82537c9b51"",""yes_price_dollars"":""0.4700""}"
KXETH15M-26APR271915-15,15b6763a-e6a5-4cfb-3eba-00af7c468c7a,1777330928,0.44,0.98,yes,"{""count_fp"":""0.98"",""created_time"":""2026-04-27T23:02:08.855361Z"",""no_price_dollars"":""0.5600"",""taker_side"":""yes"",""ticker"":""KXETH15M-26APR271915-15"",""trade_id"":""15b6763a-e6a5-4cfb-3eba-00af7c468c7a"",""yes_price_dollars"":""0.4400""}"
KXETH15M-26APR271915-15,5983a55a-a535-4193-f09d-876bb8d03b0a,1777330928,0.44,9.66,yes,"{""count_fp"":""9.66"",""created_time"":""2026-04-27T23:02:08.273974Z"",""no_price_dollars"":""0.5600"",""taker_side"":""yes"",""ticker"":""KXETH15M-26APR271915-15"",""trade_id"":""5983a55a-a535-4193-f09d-876bb8d03b0a"",""yes_price_dollars"":""0.4400""}"
KXETH15M-26APR271915-15,b1de2a03-6f5d-57df-3dfe-813633bd4f26,1777330931,0.44,43.73,yes,"{""count_fp"":""43.73"",""created_time"":""2026-04-27T23:02:11.686863Z"",""no_price_dollars"":""0.5600"",""taker_side"":""yes"",""ticker"":""KXETH15M-26APR271915-15"",""trade_id"":""b1de2a03-6f5d-57df-3dfe-813633bd4f26"",""yes_price_dollars"":""0.4400""}"
KXETH15M-26APR271915-15,1f14e32d-8a7d-7143-3356-3eb03452df56,1777330932,0.44,109.34,yes,"{""count_fp"":""109.34"",""created_time"":""2026-04-27T23:02:12.783421Z"",""no_price_dollars"":""0.5600"",""taker_side"":""yes"",""ticker"":""KXETH15M-26APR271915-15"",""trade_id"":""1f14e32d-8a7d-7143-3356-3eb03452df56"",""yes_price_dollars"":""0.4400""}"
KXETH15M-26APR271915-15,c6b866aa-4817-6849-dac6-c0fb0bb14608,1777330934,0.38,20.42,no,"{""count_fp"":""20.42"",""created_time"":""2026-04-27T23:02:14.059624Z"",""no_price_dollars"":""0.6200"",""taker_side"":""no"",""ticker"":""KXETH15M-26APR271915-15"",""trade_id"":""c6b866aa-4817-6849-dac6-c0fb0bb14608"",""yes_price_dollars"":""0.3800""}"
KXETH15M-26APR271915-15,14641550-e963-6fc9-2439-31de149d96ce,1777330935,0.39,1.0,no,"{""count_fp"":""1.00"",""created_time"":""2026-04-27T23:02:15.311021Z"",""no_price_dollars"":""0.6100"",""taker_side"":""no"",""ticker"":""KXETH15M-26APR271915-15"",""trade_id"":""14641550-e963-6fc9-2439-31de149d96ce"",""yes_price_dollars"":""0.3900""}"
KXETH15M-26APR271915-15,065215e8-f1f9-6fef-973a-55f4e6c66c2a,1777330936,0.42,50.0,yes,"{""count_fp"":""50.00"",""created_time"":""2026-04-27T23:02:16.104934Z"",""no_price_dollars"":""0.5800"",""taker_side"":""yes"",""ticker"":""KXETH15M-26APR271915-15"",""trade_id"":""065215e8-f1f9-6fef-973a-55f4e6c66c2a"",""yes_price_dollars"":""0.4200""}"
KXETH15M-26APR271915-15,b48c1a58-670d-5aae-8580-441c21a3cd64,1777330939,0.38,1.57,no,"{""count_fp"":""1.57"",""created_time"":""2026-04-27T23:02:19.149129Z"",""no_price_dollars"":""0.6200"",""taker_side"":""no"",""ticker"":""KXETH15M-26APR271915-15"",""trade_id"":""b48c1a58-670d-5aae-8580-441c21a3cd64"",""yes_price_dollars"":""0.3800""}"
KXETH15M-26APR271915-15,ba9acde1-7d43-6f15-885f-242a1e283055,1777330941,0.38,10.0,no,"{""count_fp"":""10.00"",""created_time"":""2026-04-27T23:02:21.927992Z"",""no_price_dollars"":""0.6200"",""taker_side"":""no"",""ticker"":""KXETH15M-26APR271915-15"",""trade_id"":""ba9acde1-7d43-6f15-885f-242a1e283055"",""yes_price_dollars"":""0.3800""}"
KXETH15M-26APR271915-15,b462cde3-ce2e-631e-870a-17ac195bf134,1777330941,0.38,21.42,no,"{""count_fp"":""21.42"",""created_time"":""2026-04-27T23:02:21.927992Z"",""no_price_dollars"":""0.6200"",""taker_side"":""no"",""ticker"":""KXETH15M-26APR271915-15"",""trade_id"":""b462cde3-ce2e-631e-870a-17ac195bf134"",""yes_price_dollars"":""0.3800""}"
KXETH15M-26APR271915-15,2d83447f-a03f-675c-00a9-ef6d07ef3011,1777330944,0.36,10.0,no,"{""count_fp"":""10.00"",""created_time"":""2026-04-27T23:02:24.589069Z"",""no_price_dollars"":""0.6400"",""taker_side"":""no"",""ticker"":""KXETH15M-26APR271915-15"",""trade_id"":""2d83447f-a03f-675c-00a9-ef6d07ef3011"",""yes_price_dollars"":""0.3600""}"
KXETH15M-26APR271915-15,6925858f-9526-44f7-428f-8a16403548c4,1777330947,0.35,5.0,no,"{""count_fp"":""5.00"",""created_time"":""2026-04-27T23:02:27.844484Z"",""no_price_dollars"":""0.6500"",""taker_side"":""no"",""ticker"":""KXETH15M-26APR271915-15"",""trade_id"":""6925858f-9526-44f7-428f-8a16403548c4"",""yes_price_dollars"":""0.3500""}"
KXETH15M-26APR271915-15,63827006-2fdb-5417-8e47-006844daf8fd,1777330948,0.32,10.0,no,"{""count_fp"":""10.00"",""created_time"":""2026-04-27T23:02:28.927643Z"",""no_price_dollars"":""0.6800"",""taker_side"":""no"",""ticker"":""KXETH15M-26APR271915-15"",""trade_id"":""63827006-2fdb-5417-8e47-006844daf8fd"",""yes_price_dollars"":""0.3200""}"
KXETH15M-26APR271915-15,c4cb702d-f560-4bdb-2dba-cd6fc9a63168,1777330948,0.35,7.0,no,"{""count_fp"":""7.00"",""created_time"":""2026-04-27T23:02:28.895778Z"",""no_price_dollars"":""0.6500"",""taker_side"":""no"",""ticker"":""KXETH15M-26APR271915-15"",""trade_id"":""c4cb702d-f560-4bdb-2dba-cd6fc9a63168"",""yes_price_dollars"":""0.3500""}"
KXETH15M-26APR271915-15,aa75ffe5-7f9e-44db-2c6c-e1d8bbf066c8,1777330948,0.35,2.0,no,"{""count_fp"":""2.00"",""created_time"":""2026-04-27T23:02:28.895778Z"",""no_price_dollars"":""0.6500"",""taker_side"":""no"",""ticker"":""KXETH15M-26APR271915-15"",""trade_id"":""aa75ffe5-7f9e-44db-2c6c-e1d8bbf066c8"",""yes_price_dollars"":""0.3500""}"
KXETH15M-26APR271915-15,ca86259f-3d41-7f5b-37ad-78e97a9c1802,1777330949,0.31,1.0,yes,"{""count_fp"":""1.00"",""created_time"":""2026-04-27T23:02:29.500083Z"",""no_price_dollars"":""0.6900"",""taker_side"":""yes"",""ticker"":""KXETH15M-26APR271915-15"",""trade_id"":""ca86259f-3d41-7f5b-37ad-78e97a9c1802"",""yes_price_dollars"":""0.3100""}"
KXETH15M-26APR271915-15,017473bc-8a45-455b-cb62-267bd916f5d2,1777330949,0.32,7.97,yes,"{""count_fp"":""7.97"",""created_time"":""2026-04-27T23:02:29.415605Z"",""no_price_dollars"":""0.6800"",""taker_side"":""yes"",""ticker"":""KXETH15M-26APR271915-15"",""trade_id"":""017473bc-8a45-455b-cb62-267bd916f5d2"",""yes_price_dollars"":""0.3200""}"
KXETH15M-26APR271915-15,8af43808-38f5-4c21-bce1-9920e37fd3de,1777330951,0.3,1.0,no,"{""count_fp"":""1.00"",""created_time"":""2026-04-27T23:02:31.621575Z"",""no_price_dollars"":""0.7000"",""taker_side"":""no"",""ticker"":""KXETH15M-26APR271915-15"",""trade_id"":""8af43808-38f5-4c21-bce1-9920e37fd3de"",""yes_price_dollars"":""0.3000""}"
KXETH15M-26APR271915-15,47db9a53-ec88-44f7-8047-91572289677a,1777330951,0.3,1.0,no,"{""count_fp"":""1.00"",""created_time"":""2026-04-27T23:02:31.621575Z"",""no_price_dollars"":""0.7000"",""taker_side"":""no"",""ticker"":""KXETH15M-26APR271915-15"",""trade_id"":""47db9a53-ec88-44f7-8047-91572289677a"",""yes_price_dollars"":""0.3000""}"
KXETH15M-26APR271915-15,118131d6-2de4-47b5-be0d-0f216b3400e4,1777330951,0.3,1.0,no,"{""count_fp"":""1.00"",""created_time"":""2026-04-27T23:02:31.621575Z"",""no_price_dollars"":""0.7000"",""taker_side"":""no"",""ticker"":""KXETH15M-26APR271915-15"",""trade_id"":""118131d6-2de4-47b5-be0d-0f216b3400e4"",""yes_price_dollars"":""0.3000""}"
KXETH15M-26APR271915-15,8762e345-4b92-568e-cf17-2ef682b8452c,1777330953,0.29,7.0,yes,"{""count_fp"":""7.00"",""created_time"":""2026-04-27T23:02:33.338206Z"",""no_price_dollars"":""0.7100"",""taker_side"":""yes"",""ticker"":""KXETH15M-26APR271915-15"",""trade_id"":""8762e345-4b92-568e-cf17-2ef682b8452c"",""yes_price_dollars"":""0.2900""}"
KXETH15M-26APR271915-15,6859445a-b72a-78de-14f7-106107398ff8,1777330957,0.28,3.4,yes,"{""count_fp"":""3.40"",""created_time"":""2026-04-27T23:02:37.889268Z"",""no_price_dollars"":""0.7200"",""taker_side"":""yes"",""ticker"":""KXETH15M-26APR271915-15"",""trade_id"":""6859445a-b72a-78de-14f7-106107398ff8"",""yes_price_dollars"":""0.2800""}"
KXETH15M-26APR271915-15,afabf35c-4261-4929-efa5-722290699d17,1777330957,0.26,5.0,no,"{""count_fp"":""5.00"",""created_time"":""2026-04-27T23:02:37.119669Z"",""no_price_dollars"":""0.7400"",""taker_side"":""no"",""ticker"":""KXETH15M-26APR271915-15"",""trade_id"":""afabf35c-4261-4929-efa5-722290699d17"",""yes_price_dollars"":""0.2600""}"
KXETH15M-26APR271915-15,968b1f93-15bb-4ea3-e00f-83aafcaf9b2d,1777330957,0.25,3.0,no,"{""count_fp"":""3.00"",""created_time"":""2026-04-27T23:02:37.119669Z"",""no_price_dollars"":""0.7500"",""taker_side"":""no"",""ticker"":""KXETH15M-26APR271915-15"",""trade_id"":""968b1f93-15bb-4ea3-e00f-83aafcaf9b2d"",""yes_price_dollars"":""0.2500""}"
KXETH15M-26APR271915-15,13397ba5-4261-4539-c5b2-df433c9cc5af,1777330957,0.25,10.0,no,"{""count_fp"":""10.00"",""created_time"":""2026-04-27T23:02:37.119669Z"",""no_price_dollars"":""0.7500"",""taker_side"":""no"",""ticker"":""KXETH15M-26APR271915-15"",""trade_id"":""13397ba5-4261-4539-c5b2-df433c9cc5af"",""yes_price_dollars"":""0.2500""}"
KXETH15M-26APR271915-15,0ba6d85e-a3b7-68df-1bf5-55d7717b9e6d,1777330959,0.25,5.0,no,"{""count_fp"":""5.00"",""created_time"":""2026-04-27T23:02:39.509738Z"",""no_price_dollars"":""0.7500"",""taker_side"":""no"",""ticker"":""KXETH15M-26APR271915-15"",""trade_id"":""0ba6d85e-a3b7-68df-1bf5-55d7717b9e6d"",""yes_price_dollars"":""0.2500""}"
KXETH15M-26APR271915-15,6938f9f5-97a2-4396-5b13-1a8d211dc298,1777330960,0.26,5.0,yes,"{""count_fp"":""5.00"",""created_time"":""2026-04-27T23:02:40.294216Z"",""no_price_dollars"":""0.7400"",""taker_side"":""yes"",""ticker"":""KXETH15M-26APR271915-15"",""trade_id"":""6938f9f5-97a2-4396-5b13-1a8d211dc298"",""yes_price_dollars"":""0.2600""}"
KXETH15M-26APR271915-15,190e1a96-caff-470b-4d92-128545ccb811,1777330960,0.25,15.0,no,"{""count_fp"":""15.00"",""created_time"":""2026-04-27T23:02:40.118706Z"",""no_price_dollars"":""0.7500"",""taker_side"":""no"",""ticker"":""KXETH15M-26APR271915-15"",""trade_id"":""190e1a96-caff-470b-4d92-128545ccb811"",""yes_price_dollars"":""0.2500""}"
KXETH15M-26APR271915-15,82d2fd01-b7fb-4a47-96f0-219af5a0d495,1777330961,0.25,1.0,no,"{""count_fp"":""1.00"",""created_time"":""2026-04-27T23:02:41.194962Z"",""no_price_dollars"":""0.7500"",""taker_side"":""no"",""ticker"":""KXETH15M-26APR271915-15"",""trade_id"":""82d2fd01-b7fb-4a47-96f0-219af5a0d495"",""yes_price_dollars"":""0.2500""}"
KXETH15M-26APR271915-15,9a69f37c-ae93-5237-5ea2-7ef26e3d06fd,1777330961,0.25,14.0,no,"{""count_fp"":""14.00"",""created_time"":""2026-04-27T23:02:41.112808Z"",""no_price_dollars"":""0.7500"",""taker_side"":""no"",""ticker"":""KXETH15M-26APR271915-15"",""trade_id"":""9a69f37c-ae93-5237-5ea2-7ef26e3d06fd"",""yes_price_dollars"":""0.2500""}"
KXETH15M-26APR271915-15,d37af909-6ef3-59a3-122e-a7a94c576ed1,1777330963,0.25,16.0,no,"{""count_fp"":""16.00"",""created_time"":""2026-04-27T23:02:43.099185Z"",""no_price_dollars"":""0.7500"",""taker_side"":""no"",""ticker"":""KXETH15M-26APR271915-15"",""trade_id"":""d37af909-6ef3-59a3-122e-a7a94c576ed1"",""yes_price_dollars"":""0.2500""}"
KXETH15M-26APR271915-15,19bc18e7-7cc3-752f-103a-10cafbdd5419,1777330965,0.25,19.65,no,"{""count_fp"":""19.65"",""created_time"":""2026-04-27T23:02:45.882361Z"",""no_price_dollars"":""0.7500"",""taker_side"":""no"",""ticker"":""KXETH15M-26APR271915-15"",""trade_id"":""19bc18e7-7cc3-752f-103a-10cafbdd5419"",""yes_price_dollars"":""0.2500""}"
KXETH15M-26APR271915-15,48b0ac0f-80fa-4ad8-2dd1-877c1bef57fe,1777330966,0.26,10.0,no,"{""count_fp"":""10.00"",""created_time"":""2026-04-27T23:02:46.588437Z"",""no_price_dollars"":""0.7400"",""taker_side"":""no"",""ticker"":""KXETH15M-26APR271915-15"",""trade_id"":""48b0ac0f-80fa-4ad8-2dd1-877c1bef57fe"",""yes_price_dollars"":""0.2600""}"
KXETH15M-26APR271915-15,17f8b837-008b-4ed5-3f7d-5abee6eb24b8,1777330966,0.26,9.65,no,"{""count_fp"":""9.65"",""created_time"":""2026-04-27T23:02:46.588437Z"",""no_price_dollars"":""0.7400"",""taker_side"":""no"",""ticker"":""KXETH15M-26APR271915-15"",""trade_id"":""17f8b837-008b-4ed5-3f7d-5abee6eb24b8"",""yes_price_dollars"":""0.2600""}"
KXETH15M-26APR271915-15,9ef163fb-d1ef-79d9-54e5-23fd6c324ba2,1777330972,0.3,1.53,yes,"{""count_fp"":""1.53"",""created_time"":""2026-04-27T23:02:52.381906Z"",""no_price_dollars"":""0.7000"",""taker_side"":""yes"",""ticker"":""KXETH15M-26APR271915-15"",""trade_id"":""9ef163fb-d1ef-79d9-54e5-23fd6c324ba2"",""yes_price_dollars"":""0.3000""}"
KXETH15M-26APR271915-15,cd043792-59df-6d02-16f0-4fa286367209,1777330974,0.27,10.0,no,"{""count_fp"":""10.00"",""created_time"":""2026-04-27T23:02:54.962173Z"",""no_price_dollars"":""0.7300"",""taker_side"":""no"",""ticker"":""KXETH15M-26APR271915-15"",""trade_id"":""cd043792-59df-6d02-16f0-4fa286367209"",""yes_price_dollars"":""0.2700""}"
KXETH15M-26APR271915-15,0272776c-b20a-65cb-364f-2b902cd99491,1777330974,0.26,3.27,no,"{""count_fp"":""3.27"",""created_time"":""2026-04-27T23:02:54.962173Z"",""no_price_dollars"":""0.7400"",""taker_side"":""no"",""ticker"":""KXETH15M-26APR271915-15"",""trade_id"":""0272776c-b20a-65cb-364f-2b902cd99491"",""yes_price_dollars"":""0.2600""}"
KXETH15M-26APR271915-15,f49a9a2e-ae9b-72a8-6b96-5183c7bf8df1,1777330976,0.29,10.0,yes,"{""count_fp"":""10.00"",""created_time"":""2026-04-27T23:02:56.962089Z"",""no_price_dollars"":""0.7100"",""taker_side"":""yes"",""ticker"":""KXETH15M-26APR271915-15"",""trade_id"":""f49a9a2e-ae9b-72a8-6b96-5183c7bf8df1"",""yes_price_dollars"":""0.2900""}"
KXETH15M-26APR271915-15,757f5065-d691-55ac-d703-c885c0111fd9,1777330976,0.27,3.0,yes,"{""count_fp"":""3.00"",""created_time"":""2026-04-27T23:02:56.868323Z"",""no_price_dollars"":""0.7300"",""taker_side"":""yes"",""ticker"":""KXETH15M-26APR271915-15"",""trade_id"":""757f5065-d691-55ac-d703-c885c0111fd9"",""yes_price_dollars"":""0.2700""}"
KXETH15M-26APR271915-15,b444351f-d8ef-675d-4537-01fcae3984b8,1777330977,0.28,1.0,no,"{""count_fp"":""1.00"",""created_time"":""2026-04-27T23:02:57.242585Z"",""no_price_dollars"":""0.7200"",""taker_side"":""no"",""ticker"":""KXETH15M-26APR271915-15"",""trade_id"":""b444351f-d8ef-675d-4537-01fcae3984b8"",""yes_price_dollars"":""0.2800""}"
KXETH15M-26APR271915-15,9e3ce128-a263-5799-c6fb-c7103229b108,1777330979,0.3,17.37,no,"{""count_fp"":""17.37"",""created_time"":""2026-04-27T23:02:59.127585Z"",""no_price_dollars"":""0.7000"",""taker_side"":""no"",""ticker"":""KXETH15M-26APR271915-15"",""trade_id"":""9e3ce128-a263-5799-c6fb-c7103229b108"",""yes_price_dollars"":""0.3000""}"
KXETH15M-26APR271915-15,8392b3f6-02f0-506d-153a-f03771968c7d,1777330980,0.3,10.0,no,"{""count_fp"":""10.00"",""created_time"":""2026-04-27T23:03:00.520563Z"",""no_price_dollars"":""0.7000"",""taker_side"":""no"",""ticker"":""KXETH15M-26APR271915-15"",""trade_id"":""8392b3f6-02f0-506d-153a-f03771968c7d"",""yes_price_dollars"":""0.3000""}"
KXETH15M-26APR271915-15,0ea807dc-45ac-652c-bd72-3d62c5c7cc65,1777330983,0.27,1.57,yes,"{""count_fp"":""1.57"",""created_time"":""2026-04-27T23:03:03.036201Z"",""no_price_dollars"":""0.7300"",""taker_side"":""yes"",""ticker"":""KXETH15M-26APR271915-15"",""trade_id"":""0ea807dc-45ac-652c-bd72-3d62c5c7cc65"",""yes_price_dollars"":""0.2700""}"
KXETH15M-26APR271915-15,1787c93b-63ff-61c1-bcb5-cea8bac7c488,1777330984,0.26,1.0,no,"{""count_fp"":""1.00"",""created_time"":""2026-04-27T23:03:04.280362Z"",""no_price_dollars"":""0.7400"",""taker_side"":""no"",""ticker"":""KXETH15M-26APR271915-15"",""trade_id"":""1787c93b-63ff-61c1-bcb5-cea8bac7c488"",""yes_price_dollars"":""0.2600""}"
KXETH15M-26APR271915-15,b449b42c-a8a7-6b69-8db8-8c6c14175720,1777330985,0.26,1.0,no,"{""count_fp"":""1.00"",""created_time"":""2026-04-27T23:03:05.400883Z"",""no_price_dollars"":""0.7400"",""taker_side"":""no"",""ticker"":""KXETH15M-26APR271915-15"",""trade_id"":""b449b42c-a8a7-6b69-8db8-8c6c14175720"",""yes_price_dollars"":""0.2600""}"
KXETH15M-26APR271915-15,f2a2b31a-030b-63a9-7398-c8e59d35f088,1777330986,0.26,1.32,no,"{""count_fp"":""1.32"",""created_time"":""2026-04-27T23:03:06.518606Z"",""no_price_dollars"":""0.7400"",""taker_side"":""no"",""ticker"":""KXETH15M-26APR271915-15"",""trade_id"":""f2a2b31a-030b-63a9-7398-c8e59d35f088"",""yes_price_dollars"":""0.2600""}"
KXETH15M-26APR271915-15,dd85cd3e-b27c-7759-d750-4c00b814129a,1777330987,0.27,1.0,yes,"{""count_fp"":""1.00"",""created_time"":""2026-04-27T23:03:07.194232Z"",""no_price_dollars"":""0.7300"",""taker_side"":""yes"",""ticker"":""KXETH15M-26APR271915-15"",""trade_id"":""dd85cd3e-b27c-7759-d750-4c00b814129a"",""yes_price_dollars"":""0.2700""}"
KXETH15M-26APR271915-15,652237ff-bad2-7e8b-c463-feffaa60507b,1777330987,0.27,1.0,yes,"{""count_fp"":""1.00"",""created_time"":""2026-04-27T23:03:07.194232Z"",""no_price_dollars"":""0.7300"",""taker_side"":""yes"",""ticker"":""KXETH15M-26APR271915-15"",""trade_id"":""652237ff-bad2-7e8b-c463-feffaa60507b"",""yes_price_dollars"":""0.2700""}"
KXETH15M-26APR271915-15,1b22b72e-3874-7bc0-e175-5bd4c400bedd,1777330987,0.27,0.43,yes,"{""count_fp"":""0.43"",""created_time"":""2026-04-27T23:03:07.194232Z"",""no_price_dollars"":""0.7300"",""taker_side"":""yes"",""ticker"":""KXETH15M-26APR271915-15"",""trade_id"":""1b22b72e-3874-7bc0-e175-5bd4c400bedd"",""yes_price_dollars"":""0.2700""}"
KXETH15M-26APR271915-15,bb261a29-c9ad-669b-9693-e5f7a27c9252,1777331002,0.37,5.17,yes,"{""count_fp"":""5.17"",""created_time"":""2026-04-27T23:03:22.798483Z"",""no_price_dollars"":""0.6300"",""taker_side"":""yes"",""ticker"":""KXETH15M-26APR271915-15"",""trade_id"":""bb261a29-c9ad-669b-9693-e5f7a27c9252"",""yes_price_dollars"":""0.3700""}"
KXETH15M-26APR271915-15,1b957d35-76a3-60c8-b5fc-d540ee9e51b8,1777331005,0.34,3.0,no,"{""count_fp"":""3.00"",""created_time"":""2026-04-27T23:03:25.206492Z"",""no_price_dollars"":""0.6600"",""taker_side"":""no"",""ticker"":""KXETH15M-26APR271915-15"",""trade_id"":""1b957d35-76a3-60c8-b5fc-d540ee9e51b8"",""yes_price_dollars"":""0.3400""}"
KXETH15M-26APR271915-15,c860b8a7-6e0e-51d4-138c-b41a460daaa1,1777331007,0.34,10.0,yes,"{""count_fp"":""10.00"",""created_time"":""2026-04-27T23:03:27.671484Z"",""no_price_dollars"":""0.6600"",""taker_side"":""yes"",""ticker"":""KXETH15M-26APR271915-15"",""trade_id"":""c860b8a7-6e0e-51d4-138c-b41a460daaa1"",""yes_price_dollars"":""0.3400""}"
KXETH15M-26APR271915-15,f90dfabf-207d-7b59-f791-52fc37b5c427,1777331008,0.35,12.21,yes,"{""count_fp"":""12.21"",""created_time"":""2026-04-27T23:03:28.825833Z"",""no_price_dollars"":""0.6500"",""taker_side"":""yes"",""ticker"":""KXETH15M-26APR271915-15"",""trade_id"":""f90dfabf-207d-7b59-f791-52fc37b5c427"",""yes_price_dollars"":""0.3500""}"
KXETH15M-26APR271915-15,3a871460-0442-7274-cae0-2b9ad039c1f1,1777331008,0.34,1.48,yes,"{""count_fp"":""1.48"",""created_time"":""2026-04-27T23:03:28.825833Z"",""no_price_dollars"":""0.6600"",""taker_side"":""yes"",""ticker"":""KXETH15M-26APR271915-15"",""trade_id"":""3a871460-0442-7274-cae0-2b9ad039c1f1"",""yes_price_dollars"":""0.3400""}"
KXETH15M-26APR271915-15,d19e9c4d-8273-4bd4-7c91-e7b006855adb,1777331011,0.35,4.0,yes,"{""count_fp"":""4.00"",""created_time"":""2026-04-27T23:03:31.468138Z"",""no_price_dollars"":""0.6500"",""taker_side"":""yes"",""ticker"":""KXETH15M-26APR271915-15"",""trade_id"":""d19e9c4d-8273-4bd4-7c91-e7b006855adb"",""yes_price_dollars"":""0.3500""}"
KXETH15M-26APR271915-15,e91351f2-c2c0-7851-8c61-af9792931b09,1777331016,0.33,2.0,no,"{""count_fp"":""2.00"",""created_time"":""2026-04-27T23:03:36.102577Z"",""no_price_dollars"":""0.6700"",""taker_side"":""no"",""ticker"":""KXETH15M-26APR271915-15"",""trade_id"":""e91351f2-c2c0-7851-8c61-af9792931b09"",""yes_price_dollars"":""0.3300""}"
KXETH15M-26APR271915-15,eb4aba65-419b-6c31-b5bc-8897f9aba1b8,1777331018,0.33,4.0,no,"{""count_fp"":""4.00"",""created_time"":""2026-04-27T23:03:38.637275Z"",""no_price_dollars"":""0.6700"",""taker_side"":""no"",""ticker"":""KXETH15M-26APR271915-15"",""trade_id"":""eb4aba65-419b-6c31-b5bc-8897f9aba1b8"",""yes_price_dollars"":""0.3300""}"
KXETH15M-26APR271915-15,11774f9c-0845-4f14-7458-5f9e86222e85,1777331019,0.39,29.32,yes,"{""count_fp"":""29.32"",""created_time"":""2026-04-27T23:03:39.420888Z"",""no_price_dollars"":""0.6100"",""taker_side"":""yes"",""ticker"":""KXETH15M-26APR271915-15"",""trade_id"":""11774f9c-0845-4f14-7458-5f9e86222e85"",""yes_price_dollars"":""0.3900""}"
KXETH15M-26APR271915-15,1c98c556-2bf9-7904-2ecc-e6ee64515805,1777331019,0.39,40.68,yes,"{""count_fp"":""40.68"",""created_time"":""2026-04-27T23:03:39.156506Z"",""no_price_dollars"":""0.6100"",""taker_side"":""yes"",""ticker"":""KXETH15M-26APR271915-15"",""trade_id"":""1c98c556-2bf9-7904-2ecc-e6ee64515805"",""yes_price_dollars"":""0.3900""}"
KXETH15M-26APR271915-15,b4d7eb50-f62f-77d5-bbfd-9ecbee467844,1777331020,0.38,7.19,no,"{""count_fp"":""7.19"",""created_time"":""2026-04-27T23:03:40.054995Z"",""no_price_dollars"":""0.6200"",""taker_side"":""no"",""ticker"":""KXETH15M-26APR271915-15"",""trade_id"":""b4d7eb50-f62f-77d5-bbfd-9ecbee467844"",""yes_price_dollars"":""0.3800""}"
KXETH15M-26APR271915-15,0a00f004-6837-70fd-08ed-fb6849f7bdf0,1777331021,0.38,6.0,no,"{""count_fp"":""6.00"",""created_time"":""2026-04-27T23:03:41.081488Z"",""no_price_dollars"":""0.6200"",""taker_side"":""no"",""ticker"":""KXETH15M-26APR271915-15"",""trade_id"":""0a00f004-6837-70fd-08ed-fb6849f7bdf0"",""yes_price_dollars"":""0.3800""}"
KXETH15M-26APR271915-15,5281b5da-1739-6498-1556-cdd11899303d,1777331022,0.39,2.45,yes,"{""count_fp"":""2.45"",""created_time"":""2026-04-27T23:03:42.089163Z"",""no_price_dollars"":""0.6100"",""taker_side"":""yes"",""ticker"":""KXETH15M-26APR271915-15"",""trade_id"":""5281b5da-1739-6498-1556-cdd11899303d"",""yes_price_dollars"":""0.3900""}"
KXETH15M-26APR271915-15,baec7530-b48f-44d5-e6b0-186d32ef4040,1777331023,0.38,2.0,no,"{""count_fp"":""2.00"",""created_time"":""2026-04-27T23:03:43.367874Z"",""no_price_dollars"":""0.6200"",""taker_side"":""no"",""ticker"":""KXETH15M-26APR271915-15"",""trade_id"":""baec7530-b48f-44d5-e6b0-186d32ef4040"",""yes_price_dollars"":""0.3800""}"
KXETH15M-26APR271915-15,7daab9e8-085c-7fa9-1e95-ac759646c0b4,1777331024,0.38,2.0,yes,"{""count_fp"":""2.00"",""created_time"":""2026-04-27T23:03:44.044401Z"",""no_price_dollars"":""0.6200"",""taker_side"":""yes"",""ticker"":""KXETH15M-26APR271915-15"",""trade_id"":""7daab9e8-085c-7fa9-1e95-ac759646c0b4"",""yes_price_dollars"":""0.3800""}"
KXETH15M-26APR271915-15,e4d37052-ee9a-7c56-6125-4df54623c2e4,1777331026,0.37,3.29,yes,"{""count_fp"":""3.29"",""created_time"":""2026-04-27T23:03:46.183871Z"",""no_price_dollars"":""0.6300"",""taker_side"":""yes"",""ticker"":""KXETH15M-26APR271915-15"",""trade_id"":""e4d37052-ee9a-7c56-6125-4df54623c2e4"",""yes_price_dollars"":""0.3700""}"
KXETH15M-26APR271915-15,29778192-d8ab-7096-7305-85531067a027,1777331026,0.35,10.0,yes,"{""count_fp"":""10.00"",""created_time"":""2026-04-27T23:03:46.183871Z"",""no_price_dollars"":""0.6500"",""taker_side"":""yes"",""ticker"":""KXETH15M-26APR271915-15"",""trade_id"":""29778192-d8ab-7096-7305-85531067a027"",""yes_price_dollars"":""0.3500""}"
KXETH15M-26APR271915-15,4fa123fa-d49a-7437-0ada-e58754abf062,1777331027,0.36,39.24,yes,"{""count_fp"":""39.24"",""created_time"":""2026-04-27T23:03:47.246054Z"",""no_price_dollars"":""0.6400"",""taker_side"":""yes"",""ticker"":""KXETH15M-26APR271915-15"",""trade_id"":""4fa123fa-d49a-7437-0ada-e58754abf062"",""yes_price_dollars"":""0.3600""}"
KXETH15M-26APR271915-15,54751838-cc94-503a-560f-566f4ead581d,1777331034,0.36,20.0,yes,"{""count_fp"":""20.00"",""created_time"":""2026-04-27T23:03:54.395469Z"",""no_price_dollars"":""0.6400"",""taker_side"":""yes"",""ticker"":""KXETH15M-26APR271915-15"",""trade_id"":""54751838-cc94-503a-560f-566f4ead581d"",""yes_price_dollars"":""0.3600""}"
KXETH15M-26APR271915-15,444040e6-d1b0-627f-247a-3f6b6b6d3694,1777331036,0.42,1.0,yes,"{""count_fp"":""1.00"",""created_time"":""2026-04-27T23:03:56.352008Z"",""no_price_dollars"":""0.5800"",""taker_side"":""yes"",""ticker"":""KXETH15M-26APR271915-15"",""trade_id"":""444040e6-d1b0-627f-247a-3f6b6b6d3694"",""yes_price_dollars"":""0.4200""}"
KXETH15M-26APR271915-15,dde9d8c8-d98d-7ad7-37b0-3d56611a0240,1777331039,0.36,2.0,no,"{""count_fp"":""2.00"",""created_time"":""2026-04-27T23:03:59.685829Z"",""no_price_dollars"":""0.6400"",""taker_side"":""no"",""ticker"":""KXETH15M-26APR271915-15"",""trade_id"":""dde9d8c8-d98d-7ad7-37b0-3d56611a0240"",""yes_price_dollars"":""0.3600""}"
KXETH15M-26APR271915-15,69c2f7ec-6635-4347-41c9-4e968fe0b61c,1777331040,0.36,2.0,no,"{""count_fp"":""2.00"",""created_time"":""2026-04-27T23:04:00.172901Z"",""no_price_dollars"":""0.6400"",""taker_side"":""no"",""ticker"":""KXETH15M-26APR271915-15"",""trade_id"":""69c2f7ec-6635-4347-41c9-4e968fe0b61c"",""yes_price_dollars"":""0.3600""}"
KXETH15M-26APR271915-15,1ec49403-3bf2-5f2b-f665-13d84736dde0,1777331040,0.41,2.0,yes,"{""count_fp"":""2.00"",""created_time"":""2026-04-27T23:04:00.099476Z"",""no_price_dollars"":""0.5900"",""taker_side"":""yes"",""ticker"":""KXETH15M-26APR271915-15"",""trade_id"":""1ec49403-3bf2-5f2b-f665-13d84736dde0"",""yes_price_dollars"":""0.4100""}"
KXETH15M-26APR271915-15,c37f1038-08ab-5350-e908-604d7b11df66,1777331041,0.42,1.0,no,"{""count_fp"":""1.00"",""created_time"":""2026-04-27T23:04:01.025676Z"",""no_price_dollars"":""0.5800"",""taker_side"":""no"",""ticker"":""KXETH15M-26APR271915-15"",""trade_id"":""c37f1038-08ab-5350-e908-604d7b11df66"",""yes_price_dollars"":""0.4200""}"
KXETH15M-26APR271915-15,29e577fc-805e-5ef0-e07d-d648dba0431c,1777331041,0.4,1.0,no,"{""count_fp"":""1.00"",""created_time"":""2026-04-27T23:04:01.025676Z"",""no_price_dollars"":""0.6000"",""taker_side"":""no"",""ticker"":""KXETH15M-26APR271915-15"",""trade_id"":""29e577fc-805e-5ef0-e07d-d648dba0431c"",""yes_price_dollars"":""0.4000""}"
KXETH15M-26APR271915-15,ddca940e-c6a9-6946-e28c-fb22dde87158,1777331042,0.42,5.0,no,"{""count_fp"":""5.00"",""created_time"":""2026-04-27T23:04:02.389866Z"",""no_price_dollars"":""0.5800"",""taker_side"":""no"",""ticker"":""KXETH15M-26APR271915-15"",""trade_id"":""ddca940e-c6a9-6946-e28c-fb22dde87158"",""yes_price_dollars"":""0.4200""}"
KXETH15M-26APR271915-15,9d7554f8-0394-446c-444b-175db42c75dc,1777331043,0.4,5.0,yes,"{""count_fp"":""5.00"",""created_time"":""2026-04-27T23:04:03.834077Z"",""no_price_dollars"":""0.6000"",""taker_side"":""yes"",""ticker"":""KXETH15M-26APR271915-15"",""trade_id"":""9d7554f8-0394-446c-444b-175db42c75dc"",""yes_price_dollars"":""0.4000""}"
KXETH15M-26APR271915-15,0b0a8f96-549d-489a-6921-3c881d71100d,1777331043,0.41,5.0,yes,"{""count_fp"":""5.00"",""created_time"":""2026-04-27T23:04:03.834077Z"",""no_price_dollars"":""0.5900"",""taker_side"":""yes"",""ticker"":""KXETH15M-26APR271915-15"",""trade_id"":""0b0a8f96-549d-489a-6921-3c881d71100d"",""yes_price_dollars"":""0.4100""}"
KXETH15M-26APR271915-15,ca2fd41a-a5b0-4000-fc58-bebc6c0a339e,1777331044,0.45,49.9,no,"{""count_fp"":""49.90"",""created_time"":""2026-04-27T23:04:04.381897Z"",""no_price_dollars"":""0.5500"",""taker_side"":""no"",""ticker"":""KXETH15M-26APR271915-15"",""trade_id"":""ca2fd41a-a5b0-4000-fc58-bebc6c0a339e"",""yes_price_dollars"":""0.4500""}"
KXETH15M-26APR271915-15,6f510ac3-4d14-78f0-015c-63f76313cbce,1777331044,0.45,49.9,no,"{""count_fp"":""49.90"",""created_time"":""2026-04-27T23:04:04.371228Z"",""no_price_dollars"":""0.5500"",""taker_side"":""no"",""ticker"":""KXETH15M-26APR271915-15"",""trade_id"":""6f510ac3-4d14-78f0-015c-63f76313cbce"",""yes_price_dollars"":""0.4500""}"
KXETH15M-26APR271915-15,d5d93118-6d4f-65d5-dfd1-f83111c24a30,1777331045,0.41,49.8,no,"{""count_fp"":""49.80"",""created_time"":""2026-04-27T23:04:05.098913Z"",""no_price_dollars"":""0.5900"",""taker_side"":""no"",""ticker"":""KXETH15M-26APR271915-15"",""trade_id"":""d5d93118-6d4f-65d5-dfd1-f83111c24a30"",""yes_price_dollars"":""0.4100""}"
KXETH15M-26APR271915-15,c2e09946-9600-699c-eb91-81b28ccd1632,1777331045,0.45,0.2,no,"{""count_fp"":""0.20"",""created_time"":""2026-04-27T23:04:05.098913Z"",""no_price_dollars"":""0.5500"",""taker_side"":""no"",""ticker"":""KXETH15M-26APR271915-15"",""trade_id"":""c2e09946-9600-699c-eb91-81b28ccd1632"",""yes_price_dollars"":""0.4500""}"
KXETH15M-26APR271915-15,6830301b-9fae-6486-b694-52eebd22d31c,1777331049,0.4,4.37,yes,"{""count_fp"":""4.37"",""created_time"":""2026-04-27T23:04:09.856229Z"",""no_price_dollars"":""0.6000"",""taker_side"":""yes"",""ticker"":""KXETH15M-26APR271915-15"",""trade_id"":""6830301b-9fae-6486-b694-52eebd22d31c"",""yes_price_dollars"":""0.4000""}"
KXETH15M-26APR271915-15,3eab55c2-d5ba-7e12-7084-a43fa71188a8,1777331055,0.39,17.37,yes,"{""count_fp"":""17.37"",""created_time"":""2026-04-27T23:04:15.120437Z"",""no_price_dollars"":""0.6100"",""taker_side"":""yes"",""ticker"":""KXETH15M-26APR271915-15"",""trade_id"":""3eab55c2-d5ba-7e12-7084-a43fa71188a8"",""yes_price_dollars"":""0.3900""}"
KXETH15M-26APR271915-15,316ae3d9-3f6c-7f96-5dc6-cd65c08fc3ec,1777331060,0.36,7.62,no,"{""count_fp"":""7.62"",""created_time"":""2026-04-27T23:04:20.115583Z"",""no_price_dollars"":""0.6400"",""taker_side"":""no"",""ticker"":""KXETH15M-26APR271915-15"",""trade_id"":""316ae3d9-3f6c-7f96-5dc6-cd65c08fc3ec"",""yes_price_dollars"":""0.3600""}"
KXETH15M-26APR271915-15,d17951e3-c371-7c9a-9933-a9ef664efd1c,1777331064,0.32,30.64,yes,"{""count_fp"":""30.64"",""created_time"":""2026-04-27T23:04:24.139573Z"",""no_price_dollars"":""0.6800"",""taker_side"":""yes"",""ticker"":""KXETH15M-26APR271915-15"",""trade_id"":""d17951e3-c371-7c9a-9933-a9ef664efd1c"",""yes_price_dollars"":""0.3200""}"
KXETH15M-26APR271915-15,d4e8d7e2-22ad-6536-5315-a2f201db6b78,1777331065,0.32,57.89,yes,"{""count_fp"":""57.89"",""created_time"":""2026-04-27T23:04:25.588552Z"",""no_price_dollars"":""0.6800"",""taker_side"":""yes"",""ticker"":""KXETH15M-26APR271915-15"",""trade_id"":""d4e8d7e2-22ad-6536-5315-a2f201db6b78"",""yes_price_dollars"":""0.3200""}"
KXETH15M-26APR271915-15,34b799e2-4344-732d-b0e5-63c5e060c2ce,1777331069,0.35,2.73,yes,"{""count_fp"":""2.73"",""created_time"":""2026-04-27T23:04:29.371384Z"",""no_price_dollars"":""0.6500"",""taker_side"":""yes"",""ticker"":""KXETH15M-26APR271915-15"",""trade_id"":""34b799e2-4344-732d-b0e5-63c5e060c2ce"",""yes_price_dollars"":""0.3500""}"
KXETH15M-26APR271915-15,8df79250-34be-5aef-e2a2-51d9b2f0c456,1777331076,0.33,28.99,no,"{""count_fp"":""28.99"",""created_time"":""2026-04-27T23:04:36.612108Z"",""no_price_dollars"":""0.6700"",""taker_side"":""no"",""ticker"":""KXETH15M-26APR271915-15"",""trade_id"":""8df79250-34be-5aef-e2a2-51d9b2f0c456"",""yes_price_dollars"":""0.3300""}"
KXETH15M-26APR271915-15,6ca9107d-d29d-7e8a-27d6-201058a1063c,1777331076,0.36,54.04,yes,"{""count_fp"":""54.04"",""created_time"":""2026-04-27T23:04:36.074927Z"",""no_price_dollars"":""0.6400"",""taker_side"":""yes"",""ticker"":""KXETH15M-26APR271915-15"",""trade_id"":""6ca9107d-d29d-7e8a-27d6-201058a1063c"",""yes_price_dollars"":""0.3600""}"
KXETH15M-26APR271915-15,66466f27-6969-7fa1-3b1d-4e122e30daeb,1777331076,0.35,2.03,yes,"{""count_fp"":""2.03"",""created_time"":""2026-04-27T23:04:36.074927Z"",""no_price_dollars"":""0.6500"",""taker_side"":""yes"",""ticker"":""KXETH15M-26APR271915-15"",""trade_id"":""66466f27-6969-7fa1-3b1d-4e122e30daeb"",""yes_price_dollars"":""0.3500""}"
KXETH15M-26APR271915-15,40e32448-2888-75b4-187f-31ad8f629b17,1777331076,0.35,10.0,yes,"{""count_fp"":""10.00"",""created_time"":""2026-04-27T23:04:36.074927Z"",""no_price_dollars"":""0.6500"",""taker_side"":""yes"",""ticker"":""KXETH15M-26APR271915-15"",""trade_id"":""40e32448-2888-75b4-187f-31ad8f629b17"",""yes_price_dollars"":""0.3500""}"
KXETH15M-26APR271915-15,c55a5b6c-4506-718a-83d3-b6b85d05a000,1777331078,0.35,81.05,yes,"{""count_fp"":""81.05"",""created_time"":""2026-04-27T23:04:38.718495Z"",""no_price_dollars"":""0.6500"",""taker_side"":""yes"",""ticker"":""KXETH15M-26APR271915-15"",""trade_id"":""c55a5b6c-4506-718a-83d3-b6b85d05a000"",""yes_price_dollars"":""0.3500""}"
KXETH15M-26APR271915-15,93441e21-c816-45fb-2d1c-45c354bb3fe6,1777331080,0.33,1.45,no,"{""count_fp"":""1.45"",""created_time"":""2026-04-27T23:04:40.008444Z"",""no_price_dollars"":""0.6700"",""taker_side"":""no"",""ticker"":""KXETH15M-26APR271915-15"",""trade_id"":""93441e21-c816-45fb-2d1c-45c354bb3fe6"",""yes_price_dollars"":""0.3300""}"
KXETH15M-26APR271915-15,787e97b9-45ab-4274-f356-effa693caca7,1777331082,0.34,0.8,yes,"{""count_fp"":""0.80"",""created_time"":""2026-04-27T23:04:42.073185Z"",""no_price_dollars"":""0.6600"",""taker_side"":""yes"",""ticker"":""KXETH15M-26APR271915-15"",""trade_id"":""787e97b9-45ab-4274-f356-effa693caca7"",""yes_price_dollars"":""0.3400""}"
KXETH15M-26APR271915-15,aabee8cc-d81c-5f4f-1b6a-ab385928394e,1777331085,0.34,2.0,no,"{""count_fp"":""2.00"",""created_time"":""2026-04-27T23:04:45.200468Z"",""no_price_dollars"":""0.6600"",""taker_side"":""no"",""ticker"":""KXETH15M-26APR271915-15"",""trade_id"":""aabee8cc-d81c-5f4f-1b6a-ab385928394e"",""yes_price_dollars"":""0.3400""}"
KXETH15M-26APR271915-15,1e6deaba-848c-5d7b-9146-9e44bc41808a,1777331088,0.34,8.0,no,"{""count_fp"":""8.00"",""created_time"":""2026-04-27T23:04:48.217378Z"",""no_price_dollars"":""0.6600"",""taker_side"":""no"",""ticker"":""KXETH15M-26APR271915-15"",""trade_id"":""1e6deaba-848c-5d7b-9146-9e44bc41808a"",""yes_price_dollars"":""0.3400""}"
KXETH15M-26APR271915-15,0424fcf9-eb38-4fb1-0d67-6b1bfceec2e5,1777331088,0.36,0.66,yes,"{""count_fp"":""0.66"",""created_time"":""2026-04-27T23:04:48.129342Z"",""no_price_dollars"":""0.6400"",""taker_side"":""yes"",""ticker"":""KXETH15M-26APR271915-15"",""trade_id"":""0424fcf9-eb38-4fb1-0d67-6b1bfceec2e5"",""yes_price_dollars"":""0.3600""}"
KXETH15M-26APR271915-15,613c0d79-abd8-45eb-f237-adc6f8df2ed2,1777331092,0.34,7.39,no,"{""count_fp"":""7.39"",""created_time"":""2026-04-27T23:04:52.878315Z"",""no_price_dollars"":""0.6600"",""taker_side"":""no"",""ticker"":""KXETH15M-26APR271915-15"",""trade_id"":""613c0d79-abd8-45eb-f237-adc6f8df2ed2"",""yes_price_dollars"":""0.3400""}"
KXETH15M-26APR271915-15,e4a6092a-a760-6747-fb01-91908382c60e,1777331093,0.34,30.0,no,"{""count_fp"":""30.00"",""created_time"":""2026-04-27T23:04:53.349047Z"",""no_price_dollars"":""0.6600"",""taker_side"":""no"",""ticker"":""KXETH15M-26APR271915-15"",""trade_id"":""e4a6092a-a760-6747-fb01-91908382c60e"",""yes_price_dollars"":""0.3400""}"
KXETH15M-26APR271915-15,3a088d01-3d22-7d81-288c-714e4cdfedb3,1777331097,0.35,1.46,yes,"{""count_fp"":""1.46"",""created_time"":""2026-04-27T23:04:57.044241Z"",""no_price_dollars"":""0.6500"",""taker_side"":""yes"",""ticker"":""KXETH15M-26APR271915-15"",""trade_id"":""3a088d01-3d22-7d81-288c-714e4cdfedb3"",""yes_price_dollars"":""0.3500""}"
KXETH15M-26APR271915-15,6c2d1be6-925b-72a6-1366-961644cd4091,1777331100,0.32,78.07,no,"{""count_fp"":""78.07"",""created_time"":""2026-04-27T23:05:00.853185Z"",""no_price_dollars"":""0.6800"",""taker_side"":""no"",""ticker"":""KXETH15M-26APR271915-15"",""trade_id"":""6c2d1be6-925b-72a6-1366-961644cd4091"",""yes_price_dollars"":""0.3200""}"
KXETH15M-26APR271915-15,5e87fdf8-0d94-7728-39cb-a5c468e488d9,1777331100,0.32,10.0,no,"{""count_fp"":""10.00"",""created_time"":""2026-04-27T23:05:00.853185Z"",""no_price_dollars"":""0.6800"",""taker_side"":""no"",""ticker"":""KXETH15M-26APR271915-15"",""trade_id"":""5e87fdf8-0d94-7728-39cb-a5c468e488d9"",""yes_price_dollars"":""0.3200""}"
KXETH15M-26APR271915-15,59ab793e-9c4a-7b6f-2453-bc7225c9abc9,1777331100,0.31,20.93,no,"{""count_fp"":""20.93"",""created_time"":""2026-04-27T23:05:00.853185Z"",""no_price_dollars"":""0.6900"",""taker_side"":""no"",""ticker"":""KXETH15M-26APR271915-15"",""trade_id"":""59ab793e-9c4a-7b6f-2453-bc7225c9abc9"",""yes_price_dollars"":""0.3100""}"
KXETH15M-26APR271915-15,2cd14a79-590a-415b-70dc-4ed64f88cbc1,1777331101,0.31,35.0,no,"{""count_fp"":""35.00"",""created_time"":""2026-04-27T23:05:01.215145Z"",""no_price_dollars"":""0.6900"",""taker_side"":""no"",""ticker"":""KXETH15M-26APR271915-15"",""trade_id"":""2cd14a79-590a-415b-70dc-4ed64f88cbc1"",""yes_price_dollars"":""0.3100""}"
KXETH15M-26APR271915-15,8a1954b6-74b2-7d33-f79a-f798e4bd2155,1777331106,0.31,39.24,no,"{""count_fp"":""39.24"",""created_time"":""2026-04-27T23:05:06.527465Z"",""no_price_dollars"":""0.6900"",""taker_side"":""no"",""ticker"":""KXETH15M-26APR271915-15"",""trade_id"":""8a1954b6-74b2-7d33-f79a-f798e4bd2155"",""yes_price_dollars"":""0.3100""}"
KXETH15M-26APR271915-15,d3b7ea34-a0da-46cb-7d67-275d14d56f0d,1777331108,0.31,30.64,no,"{""count_fp"":""30.64"",""created_time"":""2026-04-27T23:05:08.896104Z"",""no_price_dollars"":""0.6900"",""taker_side"":""no"",""ticker"":""KXETH15M-26APR271915-15"",""trade_id"":""d3b7ea34-a0da-46cb-7d67-275d14d56f0d"",""yes_price_dollars"":""0.3100""}"
KXETH15M-26APR271915-15,bc9e3f30-e40a-4de4-98a9-4134b302e51f,1777331120,0.32,1.0,yes,"{""count_fp"":""1.00"",""created_time"":""2026-04-27T23:05:20.218418Z"",""no_price_dollars"":""0.6800"",""taker_side"":""yes"",""ticker"":""KXETH15M-26APR271915-15"",""trade_id"":""bc9e3f30-e40a-4de4-98a9-4134b302e51f"",""yes_price_dollars"":""0.3200""}"
KXETH15M-26APR271915-15,960d067c-3b13-48f1-9990-09faa04482ba,1777331120,0.32,4.96,yes,"{""count_fp"":""4.96"",""created_time"":""2026-04-27T23:05:20.218418Z"",""no_price_dollars"":""0.6800"",""taker_side"":""yes"",""ticker"":""KXETH15M-26APR271915-15"",""trade_id"":""960d067c-3b13-48f1-9990-09faa04482ba"",""yes_price_dollars"":""0.3200""}"
KXETH15M-26APR271915-15,dbb80fe7-6aae-4e54-1c82-0f1e71009e89,1777331121,0.31,7.08,no,"{""count_fp"":""7.08"",""created_time"":""2026-04-27T23:05:21.407654Z"",""no_price_dollars"":""0.6900"",""taker_side"":""no"",""ticker"":""KXETH15M-26APR271915-15"",""trade_id"":""dbb80fe7-6aae-4e54-1c82-0f1e71009e89"",""yes_price_dollars"":""0.3100""}"
KXETH15M-26APR271915-15,da09cedb-da72-4597-335f-e852e2a88ae4,1777331127,0.29,1.03,no,"{""count_fp"":""1.03"",""created_time"":""2026-04-27T23:05:27.551809Z"",""no_price_dollars"":""0.7100"",""taker_side"":""no"",""ticker"":""KXETH15M-26APR271915-15"",""trade_id"":""da09cedb-da72-4597-335f-e852e2a88ae4"",""yes_price_dollars"":""0.2900""}"
KXETH15M-26APR271915-15,8e1bb8c4-266c-4bd1-0ab4-c2110dccc07c,1777331127,0.3,1.0,no,"{""count_fp"":""1.00"",""created_time"":""2026-04-27T23:05:27.551809Z"",""no_price_dollars"":""0.7000"",""taker_side"":""no"",""ticker"":""KXETH15M-26APR271915-15"",""trade_id"":""8e1bb8c4-266c-4bd1-0ab4-c2110dccc07c"",""yes_price_dollars"":""0.3000""}"
KXETH15M-26APR271915-15,7dc3a592-eaed-4ed9-3e82-9c4f663f3dc1,1777331127,0.3,4.96,no,"{""count_fp"":""4.96"",""created_time"":""2026-04-27T23:05:27.551809Z"",""no_price_dollars"":""0.7000"",""taker_side"":""no"",""ticker"":""KXETH15M-26APR271915-15"",""trade_id"":""7dc3a592-eaed-4ed9-3e82-9c4f663f3dc1"",""yes_price_dollars"":""0.3000""}"
KXETH15M-26APR271915-15,accc978d-2845-4fa8-1542-4794fb3ebda1,1777331128,0.31,3.79,yes,"{""count_fp"":""3.79"",""created_time"":""2026-04-27T23:05:28.455529Z"",""no_price_dollars"":""0.6900"",""taker_side"":""yes"",""ticker"":""KXETH15M-26APR271915-15"",""trade_id"":""accc978d-2845-4fa8-1542-4794fb3ebda1"",""yes_price_dollars"":""0.3100""}"
KXETH15M-26APR271915-15,340266bd-c86f-5540-49ad-9ed2466e0758,1777331129,0.28,25.0,no,"{""count_fp"":""25.00"",""created_time"":""2026-04-27T23:05:29.442097Z"",""no_price_dollars"":""0.7200"",""taker_side"":""no"",""ticker"":""KXETH15M-26APR271915-15"",""trade_id"":""340266bd-c86f-5540-49ad-9ed2466e0758"",""yes_price_dollars"":""0.2800""}"
KXETH15M-26APR271915-15,a5923a1b-3bf2-510b-51ba-b55ca415a27c,1777331129,0.29,0.97,no,"{""count_fp"":""0.97"",""created_time"":""2026-04-27T23:05:29.412824Z"",""no_price_dollars"":""0.7100"",""taker_side"":""no"",""ticker"":""KXETH15M-26APR271915-15"",""trade_id"":""a5923a1b-3bf2-510b-51ba-b55ca415a27c"",""yes_price_dollars"":""0.2900""}"
KXETH15M-26APR271915-15,5a026098-29d6-58bf-5cb8-ed7c77faf9a5,1777331129,0.29,57.0,no,"{""count_fp"":""57.00"",""created_time"":""2026-04-27T23:05:29.412824Z"",""no_price_dollars"":""0.7100"",""taker_side"":""no"",""ticker"":""KXETH15M-26APR271915-15"",""trade_id"":""5a026098-29d6-58bf-5cb8-ed7c77faf9a5"",""yes_price_dollars"":""0.2900""}"
KXETH15M-26APR271915-15,959e72ab-0252-5dad-adcd-42875bf5a787,1777331130,0.27,20.33,yes,"{""count_fp"":""20.33"",""created_time"":""2026-04-27T23:05:30.521576Z"",""no_price_dollars"":""0.7300"",""taker_side"":""yes"",""ticker"":""KXETH15M-26APR271915-15"",""trade_id"":""959e72ab-0252-5dad-adcd-42875bf5a787"",""yes_price_dollars"":""0.2700""}"
KXETH15M-26APR271915-15,a88dbed5-0be3-5553-cdbf-7c584797d1ed,1777331130,0.25,41.35,no,"{""count_fp"":""41.35"",""created_time"":""2026-04-27T23:05:30.126642Z"",""no_price_dollars"":""0.7500"",""taker_side"":""no"",""ticker"":""KXETH15M-26APR271915-15"",""trade_id"":""a88dbed5-0be3-5553-cdbf-7c584797d1ed"",""yes_price_dollars"":""0.2500""}"
KXETH15M-26APR271915-15,9900d1f8-d8f5-5a94-e200-b1cfd12f2b17,1777331130,0.26,10.0,no,"{""count_fp"":""10.00"",""created_time"":""2026-04-27T23:05:30.126642Z"",""no_price_dollars"":""0.7400"",""taker_side"":""no"",""ticker"":""KXETH15M-26APR271915-15"",""trade_id"":""9900d1f8-d8f5-5a94-e200-b1cfd12f2b17"",""yes_price_dollars"":""0.2600""}"
KXETH15M-26APR271915-15,656b1ae8-428b-580e-c660-b666c7e2f726,1777331130,0.25,5.65,no,"{""count_fp"":""5.65"",""created_time"":""2026-04-27T23:05:30.126642Z"",""no_price_dollars"":""0.7500"",""taker_side"":""no"",""ticker"":""KXETH15M-26APR271915-15"",""trade_id"":""656b1ae8-428b-580e-c660-b666c7e2f726"",""yes_price_dollars"":""0.2500""}"
KXETH15M-26APR271915-15,fbb7de9e-bca0-5c6f-ace2-b933081e874f,1777331131,0.27,10.0,yes,"{""count_fp"":""10.00"",""created_time"":""2026-04-27T23:05:31.257202Z"",""no_price_dollars"":""0.7300"",""taker_side"":""yes"",""ticker"":""KXETH15M-26APR271915-15"",""trade_id"":""fbb7de9e-bca0-5c6f-ace2-b933081e874f"",""yes_price_dollars"":""0.2700""}"
KXETH15M-26APR271915-15,34ef9789-fa02-7c99-6281-0ffe386f738b,1777331131,0.26,100.0,yes,"{""count_fp"":""100.00"",""created_time"":""2026-04-27T23:05:31.142Z"",""no_price_dollars"":""0.7400"",""taker_side"":""yes"",""ticker"":""KXETH15M-26APR271915-15"",""trade_id"":""34ef9789-fa02-7c99-6281-0ffe386f738b"",""yes_price_dollars"":""0.2600""}"
KXETH15M-26APR271915-15,c5b84fa3-2cdd-6742-311f-fb0825c25f2b,1777331139,0.29,3.28,yes,"{""count_fp"":""3.28"",""created_time"":""2026-04-27T23:05:39.237416Z"",""no_price_dollars"":""0.7100"",""taker_side"":""yes"",""ticker"":""KXETH15M-26APR271915-15"",""trade_id"":""c5b84fa3-2cdd-6742-311f-fb0825c25f2b"",""yes_price_dollars"":""0.2900""}"
KXETH15M-26APR271915-15,e7d3a5d2-72e1-69df-62c3-9aa0ac978d24,1777331140,0.26,10.0,no,"{""count_fp"":""10.00"",""created_time"":""2026-04-27T23:05:40.537202Z"",""no_price_dollars"":""0.7400"",""taker_side"":""no"",""ticker"":""KXETH15M-26APR271915-15"",""trade_id"":""e7d3a5d2-72e1-69df-62c3-9aa0ac978d24"",""yes_price_dollars"":""0.2600""}"
KXETH15M-26APR271915-15,86c036c9-305a-63d4-7f3f-7cc1a19b48fb,1777331140,0.25,0.65,no,"{""count_fp"":""0.65"",""created_time"":""2026-04-27T23:05:40.537202Z"",""no_price_dollars"":""0.7500"",""taker_side"":""no"",""ticker"":""KXETH15M-26APR271915-15"",""trade_id"":""86c036c9-305a-63d4-7f3f-7cc1a19b48fb"",""yes_price_dollars"":""0.2500""}"
KXETH15M-26APR271915-15,14eefd12-01bb-68ca-6bc3-c20e3b2668e6,1777331140,0.25,2.35,no,"{""count_fp"":""2.35"",""created_time"":""2026-04-27T23:05:40.537202Z"",""no_price_dollars"":""0.7500"",""taker_side"":""no"",""ticker"":""KXETH15M-26APR271915-15"",""trade_id"":""14eefd12-01bb-68ca-6bc3-c20e3b2668e6"",""yes_price_dollars"":""0.2500""}"
KXETH15M-26APR271915-15,a0f824c0-1159-40fa-3c08-42a18e9abe4f,1777331141,0.29,6.55,yes,"{""count_fp"":""6.55"",""created_time"":""2026-04-27T23:05:41.553832Z"",""no_price_dollars"":""0.7100"",""taker_side"":""yes"",""ticker"":""KXETH15M-26APR271915-15"",""trade_id"":""a0f824c0-1159-40fa-3c08-42a18e9abe4f"",""yes_price_dollars"":""0.2900""}"
KXETH15M-26APR271915-15,18d3256f-35fa-517c-b84d-f74a2eb2fab9,1777331146,0.26,1.0,yes,"{""count_fp"":""1.00"",""created_time"":""2026-04-27T23:05:46.787404Z"",""no_price_dollars"":""0.7400"",""taker_side"":""yes"",""ticker"":""KXETH15M-26APR271915-15"",""trade_id"":""18d3256f-35fa-517c-b84d-f74a2eb2fab9"",""yes_price_dollars"":""0.2600""}"
KXETH15M-26APR271915-15,d0b9ee05-8bc2-49b4-375e-3c5cff1ce637,1777331146,0.25,2.62,no,"{""count_fp"":""2.62"",""created_time"":""2026-04-27T23:05:46.118304Z"",""no_price_dollars"":""0.7500"",""taker_side"":""no"",""ticker"":""KXETH15M-26APR271915-15"",""trade_id"":""d0b9ee05-8bc2-49b4-375e-3c5cff1ce637"",""yes_price_dollars"":""0.2500""}"
KXETH15M-26APR271915-15,b6648ad9-15b9-779d-5d00-3d6a9ad98b41,1777331152,0.22,1.0,no,"{""count_fp"":""1.00"",""created_time"":""2026-04-27T23:05:52.100699Z"",""no_price_dollars"":""0.7800"",""taker_side"":""no"",""ticker"":""KXETH15M-26APR271915-15"",""trade_id"":""b6648ad9-15b9-779d-5d00-3d6a9ad98b41"",""yes_price_dollars"":""0.2200""}"
KXETH15M-26APR271915-15,91a5cc24-8f38-7bd7-66e3-f9bd6f8e89f2,1777331152,0.22,6.27,no,"{""count_fp"":""6.27"",""created_time"":""2026-04-27T23:05:52.100699Z"",""no_price_dollars"":""0.7800"",""taker_side"":""no"",""ticker"":""KXETH15M-26APR271915-15"",""trade_id"":""91a5cc24-8f38-7bd7-66e3-f9bd6f8e89f2"",""yes_price_dollars"":""0.2200""}"
KXETH15M-26APR271915-15,90e27554-41e2-78bc-7f63-e09d15017993,1777331152,0.25,21.73,no,"{""count_fp"":""21.73"",""created_time"":""2026-04-27T23:05:52.100699Z"",""no_price_dollars"":""0.7500"",""taker_side"":""no"",""ticker"":""KXETH15M-26APR271915-15"",""trade_id"":""90e27554-41e2-78bc-7f63-e09d15017993"",""yes_price_dollars"":""0.2500""}"
KXETH15M-26APR271915-15,7b1d9d81-3f53-7c86-6847-0fbfbf173770,1777331152,0.25,50.0,no,"{""count_fp"":""50.00"",""created_time"":""2026-04-27T23:05:52.100699Z"",""no_price_dollars"":""0.7500"",""taker_side"":""no"",""ticker"":""KXETH15M-26APR271915-15"",""trade_id"":""7b1d9d81-3f53-7c86-6847-0fbfbf173770"",""yes_price_dollars"":""0.2500""}"
KXETH15M-26APR271915-15,38e02b70-5a3b-40ea-2b32-39f71eb4e2de,1777331154,0.21,1.0,no,"{""count_fp"":""1.00"",""created_time"":""2026-04-27T23:05:54.865099Z"",""no_price_dollars"":""0.7900"",""taker_side"":""no"",""ticker"":""KXETH15M-26APR271915-15"",""trade_id"":""38e02b70-5a3b-40ea-2b32-39f71eb4e2de"",""yes_price_dollars"":""0.2100""}"
KXETH15M-26APR271915-15,aa09b9d6-6409-7b36-3b06-c7e475a05cbf,1777331157,0.24,16.47,yes,"{""count_fp"":""16.47"",""created_time"":""2026-04-27T23:05:57.780556Z"",""no_price_dollars"":""0.7600"",""taker_side"":""yes"",""ticker"":""KXETH15M-26APR271915-15"",""trade_id"":""aa09b9d6-6409-7b36-3b06-c7e475a05cbf"",""yes_price_dollars"":""0.2400""}"
KXETH15M-26APR271915-15,04ddd160-9ff5-766a-d48b-c9413613f32f,1777331158,0.24,18.95,yes,"{""count_fp"":""18.95"",""created_time"":""2026-04-27T23:05:58.223881Z"",""no_price_dollars"":""0.7600"",""taker_side"":""yes"",""ticker"":""KXETH15M-26APR271915-15"",""trade_id"":""04ddd160-9ff5-766a-d48b-c9413613f32f"",""yes_price_dollars"":""0.2400""}"
KXETH15M-26APR271915-15,341ed0a5-ff28-6108-88ee-d2bfda230d20,1777331159,0.21,10.0,no,"{""count_fp"":""10.00"",""created_time"":""2026-04-27T23:05:59.863195Z"",""no_price_dollars"":""0.7900"",""taker_side"":""no"",""ticker"":""KXETH15M-26APR271915-15"",""trade_id"":""341ed0a5-ff28-6108-88ee-d2bfda230d20"",""yes_price_dollars"":""0.2100""}"
KXETH15M-26APR271915-15,04f58443-a022-62ef-bdcd-a53b360d6f65,1777331159,0.21,239.49,no,"{""count_fp"":""239.49"",""created_time"":""2026-04-27T23:05:59.863195Z"",""no_price_dollars"":""0.7900"",""taker_side"":""no"",""ticker"":""KXETH15M-26APR271915-15"",""trade_id"":""04f58443-a022-62ef-bdcd-a53b360d6f65"",""yes_price_dollars"":""0.2100""}"
KXETH15M-26APR271915-15,ae8e2fe6-7351-78a9-89e1-dc2eafdd8d28,1777331161,0.24,1.2,yes,"{""count_fp"":""1.20"",""created_time"":""2026-04-27T23:06:01.423414Z"",""no_price_dollars"":""0.7600"",""taker_side"":""yes"",""ticker"":""KXETH15M-26APR271915-15"",""trade_id"":""ae8e2fe6-7351-78a9-89e1-dc2eafdd8d28"",""yes_price_dollars"":""0.2400""}"
KXETH15M-26APR271915-15,615c575b-a54e-54a7-8acb-676661f2f011,1777331161,0.21,11.97,no,"{""count_fp"":""11.97"",""created_time"":""2026-04-27T23:06:01.182097Z"",""no_price_dollars"":""0.7900"",""taker_side"":""no"",""ticker"":""KXETH15M-26APR271915-15"",""trade_id"":""615c575b-a54e-54a7-8acb-676661f2f011"",""yes_price_dollars"":""0.2100""}"
KXETH15M-26APR271915-15,c5cb059f-732a-7d18-b9c8-bcbc6b8deac1,1777331164,0.24,1.2,no,"{""count_fp"":""1.20"",""created_time"":""2026-04-27T23:06:04.303693Z"",""no_price_dollars"":""0.7600"",""taker_side"":""no"",""ticker"":""KXETH15M-26APR271915-15"",""trade_id"":""c5cb059f-732a-7d18-b9c8-bcbc6b8deac1"",""yes_price_dollars"":""0.2400""}"
KXETH15M-26APR271915-15,aed94c93-85d2-71cf-86df-14cc792fb109,1777331164,0.23,5.03,no,"{""count_fp"":""5.03"",""created_time"":""2026-04-27T23:06:04.303693Z"",""no_price_dollars"":""0.7700"",""taker_side"":""no"",""ticker"":""KXETH15M-26APR271915-15"",""trade_id"":""aed94c93-85d2-71cf-86df-14cc792fb109"",""yes_price_dollars"":""0.2300""}"
KXETH15M-26APR271915-15,edc49fc2-f792-6a70-4fc2-f04a415f1dec,1777331174,0.2,1.0,no,"{""count_fp"":""1.00"",""created_time"":""2026-04-27T23:06:14.689053Z"",""no_price_dollars"":""0.8000"",""taker_side"":""no"",""ticker"":""KXETH15M-26APR271915-15"",""trade_id"":""edc49fc2-f792-6a70-4fc2-f04a415f1dec"",""yes_price_dollars"":""0.2000""}"
KXETH15M-26APR271915-15,d537820a-9688-6b8e-4309-2075b85979de,1777331174,0.2,12.02,no,"{""count_fp"":""12.02"",""created_time"":""2026-04-27T23:06:14.689053Z"",""no_price_dollars"":""0.8000"",""taker_side"":""no"",""ticker"":""KXETH15M-26APR271915-15"",""trade_id"":""d537820a-9688-6b8e-4309-2075b85979de"",""yes_price_dollars"":""0.2000""}"
KXETH15M-26APR271915-15,98f60296-d012-6978-4910-0bb7aadc4f38,1777331174,0.21,10.47,no,"{""count_fp"":""10.47"",""created_time"":""2026-04-27T23:06:14.689053Z"",""no_price_dollars"":""0.7900"",""taker_side"":""no"",""ticker"":""KXETH15M-26APR271915-15"",""trade_id"":""98f60296-d012-6978-4910-0bb7aadc4f38"",""yes_price_dollars"":""0.2100""}"
KXETH15M-26APR271915-15,22d09c51-ffd8-6210-5ba6-1f8ca2f36d8c,1777331174,0.21,10.0,no,"{""count_fp"":""10.00"",""created_time"":""2026-04-27T23:06:14.689053Z"",""no_price_dollars"":""0.7900"",""taker_side"":""no"",""ticker"":""KXETH15M-26APR271915-15"",""trade_id"":""22d09c51-ffd8-6210-5ba6-1f8ca2f36d8c"",""yes_price_dollars"":""0.2100""}"
KXETH15M-26APR271915-15,e3ec1738-ca5d-43ba-7cbd-018a1ff32017,1777331176,0.21,1.0,yes,"{""count_fp"":""1.00"",""created_time"":""2026-04-27T23:06:16.871323Z"",""no_price_dollars"":""0.7900"",""taker_side"":""yes"",""ticker"":""KXETH15M-26APR271915-15"",""trade_id"":""e3ec1738-ca5d-43ba-7cbd-018a1ff32017"",""yes_price_dollars"":""0.2100""}"
KXETH15M-26APR271915-15,19c6e823-0268-578e-28c9-898d683f391e,1777331176,0.2,6.16,no,"{""count_fp"":""6.16"",""created_time"":""2026-04-27T23:06:16.868568Z"",""no_price_dollars"":""0.8000"",""taker_side"":""no"",""ticker"":""KXETH15M-26APR271915-15"",""trade_id"":""19c6e823-0268-578e-28c9-898d683f391e"",""yes_price_dollars"":""0.2000""}"
KXETH15M-26APR271915-15,0b661817-6625-749a-e47a-0bef98711dc7,1777331176,0.21,49.67,yes,"{""count_fp"":""49.67"",""created_time"":""2026-04-27T23:06:16.645698Z"",""no_price_dollars"":""0.7900"",""taker_side"":""yes"",""ticker"":""KXETH15M-26APR271915-15"",""trade_id"":""0b661817-6625-749a-e47a-0bef98711dc7"",""yes_price_dollars"":""0.2100""}"
KXETH15M-26APR271915-15,79aca0ae-ea09-58b6-0f87-1620976f616b,1777331176,0.21,4.31,yes,"{""count_fp"":""4.31"",""created_time"":""2026-04-27T23:06:16.537579Z"",""no_price_dollars"":""0.7900"",""taker_side"":""yes"",""ticker"":""KXETH15M-26APR271915-15"",""trade_id"":""79aca0ae-ea09-58b6-0f87-1620976f616b"",""yes_price_dollars"":""0.2100""}"
KXETH15M-26APR271915-15,f8245fa8-fb64-7f22-47ca-fcd9c79aa3b6,1777331178,0.2,61.82,no,"{""count_fp"":""61.82"",""created_time"":""2026-04-27T23:06:18.133225Z"",""no_price_dollars"":""0.8000"",""taker_side"":""no"",""ticker"":""KXETH15M-26APR271915-15"",""trade_id"":""f8245fa8-fb64-7f22-47ca-fcd9c79aa3b6"",""yes_price_dollars"":""0.2000""}"
KXETH15M-26APR271915-15,d066334e-ff60-7e71-77e3-5874af2fc6fd,1777331178,0.2,5.0,no,"{""count_fp"":""5.00"",""created_time"":""2026-04-27T23:06:18.133225Z"",""no_price_dollars"":""0.8000"",""taker_side"":""no"",""ticker"":""KXETH15M-26APR271915-15"",""trade_id"":""d066334e-ff60-7e71-77e3-5874af2fc6fd"",""yes_price_dollars"":""0.2000""}"
KXETH15M-26APR271915-15,7e2ffff7-0c3e-7e9b-450b-c5c81c93b0e1,1777331178,0.18,10.18,no,"{""count_fp"":""10.18"",""created_time"":""2026-04-27T23:06:18.133225Z"",""no_price_dollars"":""0.8200"",""taker_side"":""no"",""ticker"":""KXETH15M-26APR271915-15"",""trade_id"":""7e2ffff7-0c3e-7e9b-450b-c5c81c93b0e1"",""yes_price_dollars"":""0.1800""}"
KXETH15M-26APR271915-15,ffad1e0d-eaae-43bb-eaf3-ddc0ede1cfad,1777331180,0.18,4.0,no,"{""count_fp"":""4.00"",""created_time"":""2026-04-27T23:06:20.193021Z"",""no_price_dollars"":""0.8200"",""taker_side"":""no"",""ticker"":""KXETH15M-26APR271915-15"",""trade_id"":""ffad1e0d-eaae-43bb-eaf3-ddc0ede1cfad"",""yes_price_dollars"":""0.1800""}"
KXETH15M-26APR271915-15,a3c685c5-0037-7aa3-30d5-ec4e73855e87,1777331180,0.2,5.0,yes,"{""count_fp"":""5.00"",""created_time"":""2026-04-27T23:06:20.103164Z"",""no_price_dollars"":""0.8000"",""taker_side"":""yes"",""ticker"":""KXETH15M-26APR271915-15"",""trade_id"":""a3c685c5-0037-7aa3-30d5-ec4e73855e87"",""yes_price_dollars"":""0.2000""}"
KXETH15M-26APR271915-15,0aa3f18f-fac1-754d-29d0-02b3e389c04b,1777331180,0.2,4.24,yes,"{""count_fp"":""4.24"",""created_time"":""2026-04-27T23:06:20.103164Z"",""no_price_dollars"":""0.8000"",""taker_side"":""yes"",""ticker"":""KXETH15M-26APR271915-15"",""trade_id"":""0aa3f18f-fac1-754d-29d0-02b3e389c04b"",""yes_price_dollars"":""0.2000""}"
KXETH15M-26APR271915-15,56ba06f8-2d6d-7571-b3ab-80ee6eb90793,1777331181,0.21,7.58,yes,"{""count_fp"":""7.58"",""created_time"":""2026-04-27T23:06:21.968272Z"",""no_price_dollars"":""0.7900"",""taker_side"":""yes"",""ticker"":""KXETH15M-26APR271915-15"",""trade_id"":""56ba06f8-2d6d-7571-b3ab-80ee6eb90793"",""yes_price_dollars"":""0.2100""}"
KXETH15M-26APR271915-15,f3eb508b-e535-60cd-fc8e-4e22f33ccc67,1777331185,0.19,73.78,yes,"{""count_fp"":""73.78"",""created_time"":""2026-04-27T23:06:25.494775Z"",""no_price_dollars"":""0.8100"",""taker_side"":""yes"",""ticker"":""KXETH15M-26APR271915-15"",""trade_id"":""f3eb508b-e535-60cd-fc8e-4e22f33ccc67"",""yes_price_dollars"":""0.1900""}"
KXETH15M-26APR271915-15,71197578-8b99-54d5-4ca2-083ee6c65adf,1777331188,0.19,2.62,yes,"{""count_fp"":""2.62"",""created_time"":""2026-04-27T23:06:28.701478Z"",""no_price_dollars"":""0.8100"",""taker_side"":""yes"",""ticker"":""KXETH15M-26APR271915-15"",""trade_id"":""71197578-8b99-54d5-4ca2-083ee6c65adf"",""yes_price_dollars"":""0.1900""}"
KXETH15M-26APR271915-15,7eb40727-7b44-4ecb-787b-0c6b76bd1a68,1777331194,0.19,49.8,yes,"{""count_fp"":""49.80"",""created_time"":""2026-04-27T23:06:34.321875Z"",""no_price_dollars"":""0.8100"",""taker_side"":""yes"",""ticker"":""KXETH15M-26APR271915-15"",""trade_id"":""7eb40727-7b44-4ecb-787b-0c6b76bd1a68"",""yes_price_dollars"":""0.1900""}"
KXETH15M-26APR271915-15,46591f55-4e58-64a7-b4e6-20cbfd773c14,1777331196,0.19,10.0,yes,"{""count_fp"":""10.00"",""created_time"":""2026-04-27T23:06:36.371985Z"",""no_price_dollars"":""0.8100"",""taker_side"":""yes"",""ticker"":""KXETH15M-26APR271915-15"",""trade_id"":""46591f55-4e58-64a7-b4e6-20cbfd773c14"",""yes_price_dollars"":""0.1900""}"
KXETH15M-26APR271915-15,d75b5c98-9e24-7e87-1768-b35f4ad2fd8d,1777331197,0.17,9.0,no,"{""count_fp"":""9.00"",""created_time"":""2026-04-27T23:06:37.596123Z"",""no_price_dollars"":""0.8300"",""taker_side"":""no"",""ticker"":""KXETH15M-26APR271915-15"",""trade_id"":""d75b5c98-9e24-7e87-1768-b35f4ad2fd8d"",""yes_price_dollars"":""0.1700""}"
KXETH15M-26APR271915-15,b4db9c2d-e890-79e5-21ed-a146f4d349d0,1777331197,0.15,20.0,no,"{""count_fp"":""20.00"",""created_time"":""2026-04-27T23:06:37.596123Z"",""no_price_dollars"":""0.8500"",""taker_side"":""no"",""ticker"":""KXETH15M-26APR271915-15"",""trade_id"":""b4db9c2d-e890-79e5-21ed-a146f4d349d0"",""yes_price_dollars"":""0.1500""}"
KXETH15M-26APR271915-15,b25b518f-5d10-79b6-1cb2-f6b428d070a2,1777331197,0.17,6.0,no,"{""count_fp"":""6.00"",""created_time"":""2026-04-27T23:06:37.596123Z"",""no_price_dollars"":""0.8300"",""taker_side"":""no"",""ticker"":""KXETH15M-26APR271915-15"",""trade_id"":""b25b518f-5d10-79b6-1cb2-f6b428d070a2"",""yes_price_dollars"":""0.1700""}"
KXETH15M-26APR271915-15,70e7292c-342e-740f-06d8-fe081f4246b1,1777331197,0.15,233.86,no,"{""count_fp"":""233.86"",""created_time"":""2026-04-27T23:06:37.596123Z"",""no_price_dollars"":""0.8500"",""taker_side"":""no"",""ticker"":""KXETH15M-26APR271915-15"",""trade_id"":""70e7292c-342e-740f-06d8-fe081f4246b1"",""yes_price_dollars"":""0.1500""}"
KXETH15M-26APR271915-15,587a3d83-b8c4-7926-1984-ea5fe75b4d8f,1777331197,0.16,10.0,no,"{""count_fp"":""10.00"",""created_time"":""2026-04-27T23:06:37.596123Z"",""no_price_dollars"":""0.8400"",""taker_side"":""no"",""ticker"":""KXETH15M-26APR271915-15"",""trade_id"":""587a3d83-b8c4-7926-1984-ea5fe75b4d8f"",""yes_price_dollars"":""0.1600""}"
KXETH15M-26APR271915-15,0b12304d-8d49-7dd0-0219-ae1d23e8cf09,1777331197,0.16,1.0,no,"{""count_fp"":""1.00"",""created_time"":""2026-04-27T23:06:37.596123Z"",""no_price_dollars"":""0.8400"",""taker_side"":""no"",""ticker"":""KXETH15M-26APR271915-15"",""trade_id"":""0b12304d-8d49-7dd0-0219-ae1d23e8cf09"",""yes_price_dollars"":""0.1600""}"
KXETH15M-26APR271915-15,edf5eccd-4762-7517-5361-31338b64946d,1777331199,0.15,1.15,no,"{""count_fp"":""1.15"",""created_time"":""2026-04-27T23:06:39.438516Z"",""no_price_dollars"":""0.8500"",""taker_side"":""no"",""ticker"":""KXETH15M-26APR271915-15"",""trade_id"":""edf5eccd-4762-7517-5361-31338b64946d"",""yes_price_dollars"":""0.1500""}"
KXETH15M-26APR271915-15,23249d8a-22f6-561f-3437-50be92434041,1777331199,0.15,50.0,no,"{""count_fp"":""50.00"",""created_time"":""2026-04-27T23:06:39.168299Z"",""no_price_dollars"":""0.8500"",""taker_side"":""no"",""ticker"":""KXETH15M-26APR271915-15"",""trade_id"":""23249d8a-22f6-561f-3437-50be92434041"",""yes_price_dollars"":""0.1500""}"
KXETH15M-26APR271915-15,c5927ad3-cf50-712f-5bdd-afc510491ef4,1777331201,0.19,1.0,yes,"{""count_fp"":""1.00"",""created_time"":""2026-04-27T23:06:41.811591Z"",""no_price_dollars"":""0.8100"",""taker_side"":""yes"",""ticker"":""KXETH15M-26APR271915-15"",""trade_id"":""c5927ad3-cf50-712f-5bdd-afc510491ef4"",""yes_price_dollars"":""0.1900""}"
KXETH15M-26APR271915-15,4893baf5-d01a-5482-2ec4-db2a15751fb3,1777331204,0.16,7.56,no,"{""count_fp"":""7.56"",""created_time"":""2026-04-27T23:06:44.727166Z"",""no_price_dollars"":""0.8400"",""taker_side"":""no"",""ticker"":""KXETH15M-26APR271915-15"",""trade_id"":""4893baf5-d01a-5482-2ec4-db2a15751fb3"",""yes_price_dollars"":""0.1600""}"
KXETH15M-26APR271915-15,31f5ffee-79e5-5bc3-1f61-9c6c7c065792,1777331204,0.16,10.0,no,"{""count_fp"":""10.00"",""created_time"":""2026-04-27T23:06:44.727166Z"",""no_price_dollars"":""0.8400"",""taker_side"":""no"",""ticker"":""KXETH15M-26APR271915-15"",""trade_id"":""31f5ffee-79e5-5bc3-1f61-9c6c7c065792"",""yes_price_dollars"":""0.1600""}"
KXETH15M-26APR271915-15,06832634-51ce-5773-1465-d8cfd9727e8d,1777331204,0.15,37.26,no,"{""count_fp"":""37.26"",""created_time"":""2026-04-27T23:06:44.727166Z"",""no_price_dollars"":""0.8500"",""taker_side"":""no"",""ticker"":""KXETH15M-26APR271915-15"",""trade_id"":""06832634-51ce-5773-1465-d8cfd9727e8d"",""yes_price_dollars"":""0.1500""}"
KXETH15M-26APR271915-15,9b667ed3-24fc-61a7-cad2-a205516e9a94,1777331207,0.17,0.99,yes,"{""count_fp"":""0.99"",""created_time"":""2026-04-27T23:06:47.107836Z"",""no_price_dollars"":""0.8300"",""taker_side"":""yes"",""ticker"":""KXETH15M-26APR271915-15"",""trade_id"":""9b667ed3-24fc-61a7-cad2-a205516e9a94"",""yes_price_dollars"":""0.1700""}"
KXETH15M-26APR271915-15,baa7edc1-6e38-77ff-b2e1-da10f297d8f8,1777331208,0.17,2.88,yes,"{""count_fp"":""2.88"",""created_time"":""2026-04-27T23:06:48.353104Z"",""no_price_dollars"":""0.8300"",""taker_side"":""yes"",""ticker"":""KXETH15M-26APR271915-15"",""trade_id"":""baa7edc1-6e38-77ff-b2e1-da10f297d8f8"",""yes_price_dollars"":""0.1700""}"
KXETH15M-26APR271915-15,fd55d6f2-614a-63ef-81dd-d2aa0efa4d6d,1777331210,0.15,1.0,no,"{""count_fp"":""1.00"",""created_time"":""2026-04-27T23:06:50.440938Z"",""no_price_dollars"":""0.8500"",""taker_side"":""no"",""ticker"":""KXETH15M-26APR271915-15"",""trade_id"":""fd55d6f2-614a-63ef-81dd-d2aa0efa4d6d"",""yes_price_dollars"":""0.1500""}"
KXETH15M-26APR271915-15,292d1ad2-bb7b-5f07-66ed-f5518fd8708e,1777331211,0.19,10.0,yes,"{""count_fp"":""10.00"",""created_time"":""2026-04-27T23:06:51.374975Z"",""no_price_dollars"":""0.8100"",""taker_side"":""yes"",""ticker"":""KXETH15M-26APR271915-15"",""trade_id"":""292d1ad2-bb7b-5f07-66ed-f5518fd8708e"",""yes_price_dollars"":""0.1900""}"
KXETH15M-26APR271915-15,e7d10f98-d538-68fb-58fa-eac3f3f8d378,1777331215,0.22,100.0,yes,"{""count_fp"":""100.00"",""created_time"":""2026-04-27T23:06:55.366217Z"",""no_price_dollars"":""0.7800"",""taker_side"":""yes"",""ticker"":""KXETH15M-26APR271915-15"",""trade_id"":""e7d10f98-d538-68fb-58fa-eac3f3f8d378"",""yes_price_dollars"":""0.2200""}"
KXETH15M-26APR271915-15,29f0d9ee-d715-60d2-48bb-fff26c880727,1777331215,0.22,5.0,yes,"{""count_fp"":""5.00"",""created_time"":""2026-04-27T23:06:55.366217Z"",""no_price_dollars"":""0.7800"",""taker_side"":""yes"",""ticker"":""KXETH15M-26APR271915-15"",""trade_id"":""29f0d9ee-d715-60d2-48bb-fff26c880727"",""yes_price_dollars"":""0.2200""}"
KXETH15M-26APR271915-15,ba99a2bf-c6da-5eff-fb60-4c3c1977feb9,1777331218,0.23,12.78,no,"{""count_fp"":""12.78"",""created_time"":""2026-04-27T23:06:58.807622Z"",""no_price_dollars"":""0.7700"",""taker_side"":""no"",""ticker"":""KXETH15M-26APR271915-15"",""trade_id"":""ba99a2bf-c6da-5eff-fb60-4c3c1977feb9"",""yes_price_dollars"":""0.2300""}"
KXETH15M-26APR271915-15,2e56f6c5-8a90-5641-c02e-1de916ee82b1,1777331219,0.24,7.91,yes,"{""count_fp"":""7.91"",""created_time"":""2026-04-27T23:06:59.988733Z"",""no_price_dollars"":""0.7600"",""taker_side"":""yes"",""ticker"":""KXETH15M-26APR271915-15"",""trade_id"":""2e56f6c5-8a90-5641-c02e-1de916ee82b1"",""yes_price_dollars"":""0.2400""}"
KXETH15M-26APR271915-15,87b616e5-f710-50c9-ac00-b7d799e08dd5,1777331220,0.24,441.09,yes,"{""count_fp"":""441.09"",""created_time"":""2026-04-27T23:07:00.991576Z"",""no_price_dollars"":""0.7600"",""taker_side"":""yes"",""ticker"":""KXETH15M-26APR271915-15"",""trade_id"":""87b616e5-f710-50c9-ac00-b7d799e08dd5"",""yes_price_dollars"":""0.2400""}"
KXETH15M-26APR271915-15,9f37136d-2120-5fed-e508-824978a0aedd,1777331220,0.24,1104.0,yes,"{""count_fp"":""1104.00"",""created_time"":""2026-04-27T23:07:00.985872Z"",""no_price_dollars"":""0.7600"",""taker_side"":""yes"",""ticker"":""KXETH15M-26APR271915-15"",""trade_id"":""9f37136d-2120-5fed-e508-824978a0aedd"",""yes_price_dollars"":""0.2400""}"
KXETH15M-26APR271915-15,018781c6-0ca6-5eef-f446-6fff7b22ef41,1777331220,0.23,12.0,no,"{""count_fp"":""12.00"",""created_time"":""2026-04-27T23:07:00.392156Z"",""no_price_dollars"":""0.7700"",""taker_side"":""no"",""ticker"":""KXETH15M-26APR271915-15"",""trade_id"":""018781c6-0ca6-5eef-f446-6fff7b22ef41"",""yes_price_dollars"":""0.2300""}"
KXETH15M-26APR271915-15,88ac26a8-5ea0-4cc1-0673-9e908154a636,1777331223,0.25,1.0,no,"{""count_fp"":""1.00"",""created_time"":""2026-04-27T23:07:03.058398Z"",""no_price_dollars"":""0.7500"",""taker_side"":""no"",""ticker"":""KXETH15M-26APR271915-15"",""trade_id"":""88ac26a8-5ea0-4cc1-0673-9e908154a636"",""yes_price_dollars"":""0.2500""}"
KXETH15M-26APR271915-15,1355124b-b173-7b5c-9b7e-3d4e7bd2c526,1777331224,0.26,1.0,no,"{""count_fp"":""1.00"",""created_time"":""2026-04-27T23:07:04.617592Z"",""no_price_dollars"":""0.7400"",""taker_side"":""no"",""ticker"":""KXETH15M-26APR271915-15"",""trade_id"":""1355124b-b173-7b5c-9b7e-3d4e7bd2c526"",""yes_price_dollars"":""0.2600""}"
KXETH15M-26APR271915-15,4029054a-c643-4331-0a74-bb72522e7d88,1777331225,0.27,5.0,yes,"{""count_fp"":""5.00"",""created_time"":""2026-04-27T23:07:05.164021Z"",""no_price_dollars"":""0.7300"",""taker_side"":""yes"",""ticker"":""KXETH15M-26APR271915-15"",""trade_id"":""4029054a-c643-4331-0a74-bb72522e7d88"",""yes_price_dollars"":""0.2700""}"
KXETH15M-26APR271915-15,023c6a54-53f5-41c7-3f79-eb01101c6d19,1777331225,0.29,4.85,yes,"{""count_fp"":""4.85"",""created_time"":""2026-04-27T23:07:05.164021Z"",""no_price_dollars"":""0.7100"",""taker_side"":""yes"",""ticker"":""KXETH15M-26APR271915-15"",""trade_id"":""023c6a54-53f5-41c7-3f79-eb01101c6d19"",""yes_price_dollars"":""0.2900""}"
KXETH15M-26APR271915-15,7a4df65e-af3e-4392-0ab7-3c02d871f0b9,1777331227,0.25,1.0,no,"{""count_fp"":""1.00"",""created_time"":""2026-04-27T23:07:07.298234Z"",""no_price_dollars"":""0.7500"",""taker_side"":""no"",""ticker"":""KXETH15M-26APR271915-15"",""trade_id"":""7a4df65e-af3e-4392-0ab7-3c02d871f0b9"",""yes_price_dollars"":""0.2500""}"
KXETH15M-26APR271915-15,eeb127bc-6c0d-5cae-bcc4-13d59a374e64,1777331229,0.29,3.28,yes,"{""count_fp"":""3.28"",""created_time"":""2026-04-27T23:07:09.177051Z"",""no_price_dollars"":""0.7100"",""taker_side"":""yes"",""ticker"":""KXETH15M-26APR271915-15"",""trade_id"":""eeb127bc-6c0d-5cae-bcc4-13d59a374e64"",""yes_price_dollars"":""0.2900""}"
KXETH15M-26APR271915-15,96602623-2b8c-48f8-bd99-e1403243855b,1777331230,0.25,2.0,no,"{""count_fp"":""2.00"",""created_time"":""2026-04-27T23:07:10.371885Z"",""no_price_dollars"":""0.7500"",""taker_side"":""no"",""ticker"":""KXETH15M-26APR271915-15"",""trade_id"":""96602623-2b8c-48f8-bd99-e1403243855b"",""yes_price_dollars"":""0.2500""}"
KXETH15M-26APR271915-15,3ae6866f-19c9-68da-e25b-0b75c9597404,1777331231,0.29,29.56,yes,"{""count_fp"":""29.56"",""created_time"":""2026-04-27T23:07:11.718166Z"",""no_price_dollars"":""0.7100"",""taker_side"":""yes"",""ticker"":""KXETH15M-26APR271915-15"",""trade_id"":""3ae6866f-19c9-68da-e25b-0b75c9597404"",""yes_price_dollars"":""0.2900""}"
KXETH15M-26APR271915-15,f68e080c-f1cc-50fc-4501-054c4ea6a0b1,1777331235,0.26,1.29,no,"{""count_fp"":""1.29"",""created_time"":""2026-04-27T23:07:15.721007Z"",""no_price_dollars"":""0.7400"",""taker_side"":""no"",""ticker"":""KXETH15M-26APR271915-15"",""trade_id"":""f68e080c-f1cc-50fc-4501-054c4ea6a0b1"",""yes_price_dollars"":""0.2600""}"
KXETH15M-26APR271915-15,018b7b4b-c0ac-75d7-e545-221851d23a97,1777331235,0.28,6.8,yes,"{""count_fp"":""6.80"",""created_time"":""2026-04-27T23:07:15.603365Z"",""no_price_dollars"":""0.7200"",""taker_side"":""yes"",""ticker"":""KXETH15M-26APR271915-15"",""trade_id"":""018b7b4b-c0ac-75d7-e545-221851d23a97"",""yes_price_dollars"":""0.2800""}"
KXETH15M-26APR271915-15,09b0cf7d-ec6c-736b-c07c-3b38e240b1fb,1777331236,0.28,16.42,yes,"{""count_fp"":""16.42"",""created_time"":""2026-04-27T23:07:16.207295Z"",""no_price_dollars"":""0.7200"",""taker_side"":""yes"",""ticker"":""KXETH15M-26APR271915-15"",""trade_id"":""09b0cf7d-ec6c-736b-c07c-3b38e240b1fb"",""yes_price_dollars"":""0.2800""}"
KXETH15M-26APR271915-15,9d95e7a8-5f1c-70e3-a2de-cc6640fe319b,1777331237,0.28,2.0,yes,"{""count_fp"":""2.00"",""created_time"":""2026-04-27T23:07:17.673533Z"",""no_price_dollars"":""0.7200"",""taker_side"":""yes"",""ticker"":""KXETH15M-26APR271915-15"",""trade_id"":""9d95e7a8-5f1c-70e3-a2de-cc6640fe319b"",""yes_price_dollars"":""0.2800""}"
KXETH15M-26APR271915-15,567163d8-fe00-7157-86d8-a768cca2b7d7,1777331237,0.28,23.7,yes,"{""count_fp"":""23.70"",""created_time"":""2026-04-27T23:07:17.673533Z"",""no_price_dollars"":""0.7200"",""taker_side"":""yes"",""ticker"":""KXETH15M-26APR271915-15"",""trade_id"":""567163d8-fe00-7157-86d8-a768cca2b7d7"",""yes_price_dollars"":""0.2800""}"
KXETH15M-26APR271915-15,ee43e9da-01c8-6607-70db-82d7d5a193ab,1777331237,0.28,74.78,yes,"{""count_fp"":""74.78"",""created_time"":""2026-04-27T23:07:17.163167Z"",""no_price_dollars"":""0.7200"",""taker_side"":""yes"",""ticker"":""KXETH15M-26APR271915-15"",""trade_id"":""ee43e9da-01c8-6607-70db-82d7d5a193ab"",""yes_price_dollars"":""0.2800""}"
KXETH15M-26APR271915-15,002988db-8c04-400b-9667-7410c9c3562b,1777331239,0.28,6.8,yes,"{""count_fp"":""6.80"",""created_time"":""2026-04-27T23:07:19.858695Z"",""no_price_dollars"":""0.7200"",""taker_side"":""yes"",""ticker"":""KXETH15M-26APR271915-15"",""trade_id"":""002988db-8c04-400b-9667-7410c9c3562b"",""yes_price_dollars"":""0.2800""}"
KXETH15M-26APR271915-15,10fa76eb-11a0-4bdb-2f7e-c997ba5b3a33,1777331239,0.28,17.0,yes,"{""count_fp"":""17.00"",""created_time"":""2026-04-27T23:07:19.409451Z"",""no_price_dollars"":""0.7200"",""taker_side"":""yes"",""ticker"":""KXETH15M-26APR271915-15"",""trade_id"":""10fa76eb-11a0-4bdb-2f7e-c997ba5b3a33"",""yes_price_dollars"":""0.2800""}"
KXETH15M-26APR271915-15,f85bf6b7-fb9c-45dc-b4d1-90bd4a01b464,1777331241,0.27,1.63,yes,"{""count_fp"":""1.63"",""created_time"":""2026-04-27T23:07:21.081027Z"",""no_price_dollars"":""0.7300"",""taker_side"":""yes"",""ticker"":""KXETH15M-26APR271915-15"",""trade_id"":""f85bf6b7-fb9c-45dc-b4d1-90bd4a01b464"",""yes_price_dollars"":""0.2700""}"
KXETH15M-26APR271915-15,d3ad290f-8f43-5e15-9c61-8e0944a3f8e7,1777331244,0.24,1.0,no,"{""count_fp"":""1.00"",""created_time"":""2026-04-27T23:07:24.836072Z"",""no_price_dollars"":""0.7600"",""taker_side"":""no"",""ticker"":""KXETH15M-26APR271915-15"",""trade_id"":""d3ad290f-8f43-5e15-9c61-8e0944a3f8e7"",""yes_price_dollars"":""0.2400""}"
KXETH15M-26APR271915-15,2be2e7a3-af8a-40ad-478e-1d2e460bde96,1777331254,0.26,0.45,yes,"{""count_fp"":""0.45"",""created_time"":""2026-04-27T23:07:34.188498Z"",""no_price_dollars"":""0.7400"",""taker_side"":""yes"",""ticker"":""KXETH15M-26APR271915-15"",""trade_id"":""2be2e7a3-af8a-40ad-478e-1d2e460bde96"",""yes_price_dollars"":""0.2600""}"
KXETH15M-26APR271915-15,2345b564-1106-7f79-7bda-b4556d6a1196,1777331255,0.26,15.0,yes,"{""count_fp"":""15.00"",""created_time"":""2026-04-27T23:07:35.175476Z"",""no_price_dollars"":""0.7400"",""taker_side"":""yes"",""ticker"":""KXETH15M-26APR271915-15"",""trade_id"":""2345b564-1106-7f79-7bda-b4556d6a1196"",""yes_price_dollars"":""0.2600""}"
KXETH15M-26APR271915-15,a934c151-93cb-6b07-bcd3-da6ffa4d6c19,1777331264,0.22,10.0,no,"{""count_fp"":""10.00"",""created_time"":""2026-04-27T23:07:44.409786Z"",""no_price_dollars"":""0.7800"",""taker_side"":""no"",""ticker"":""KXETH15M-26APR271915-15"",""trade_id"":""a934c151-93cb-6b07-bcd3-da6ffa4d6c19"",""yes_price_dollars"":""0.2200""}"
KXETH15M-26APR271915-15,0b151f6a-934a-6609-9759-0c72ea90a73d,1777331264,0.22,8.93,no,"{""count_fp"":""8.93"",""created_time"":""2026-04-27T23:07:44.409786Z"",""no_price_dollars"":""0.7800"",""taker_side"":""no"",""ticker"":""KXETH15M-26APR271915-15"",""trade_id"":""0b151f6a-934a-6609-9759-0c72ea90a73d"",""yes_price_dollars"":""0.2200""}"
KXETH15M-26APR271915-15,b4bdd7df-98c2-6f79-55d1-734be1b16f8a,1777331278,0.21,6.46,yes,"{""count_fp"":""6.46"",""created_time"":""2026-04-27T23:07:58.344732Z"",""no_price_dollars"":""0.7900"",""taker_side"":""yes"",""ticker"":""KXETH15M-26APR271915-15"",""trade_id"":""b4bdd7df-98c2-6f79-55d1-734be1b16f8a"",""yes_price_dollars"":""0.2100""}"
KXETH15M-26APR271915-15,03f1b7cc-4902-78e9-84a0-45dd5b51d212,1777331281,0.18,2.62,yes,"{""count_fp"":""2.62"",""created_time"":""2026-04-27T23:08:01.973674Z"",""no_price_dollars"":""0.8200"",""taker_side"":""yes"",""ticker"":""KXETH15M-26APR271915-15"",""trade_id"":""03f1b7cc-4902-78e9-84a0-45dd5b51d212"",""yes_price_dollars"":""0.1800""}"
KXETH15M-26APR271915-15,f7494c75-127a-7879-b045-223428ed497a,1777331283,0.19,14.94,yes,"{""count_fp"":""14.94"",""created_time"":""2026-04-27T23:08:03.553164Z"",""no_price_dollars"":""0.8100"",""taker_side"":""yes"",""ticker"":""KXETH15M-26APR271915-15"",""trade_id"":""f7494c75-127a-7879-b045-223428ed497a"",""yes_price_dollars"":""0.1900""}"
KXETH15M-26APR271915-15,24a48caa-e605-6524-0539-33907398eb34,1777331286,0.14,8.0,no,"{""count_fp"":""8.00"",""created_time"":""2026-04-27T23:08:06.441128Z"",""no_price_dollars"":""0.8600"",""taker_side"":""no"",""ticker"":""KXETH15M-26APR271915-15"",""trade_id"":""24a48caa-e605-6524-0539-33907398eb34"",""yes_price_dollars"":""0.1400""}"
KXETH15M-26APR271915-15,a75bd472-86ae-5dab-fc3b-82705e06bd25,1777331287,0.13,6.0,no,"{""count_fp"":""6.00"",""created_time"":""2026-04-27T23:08:07.644705Z"",""no_price_dollars"":""0.8700"",""taker_side"":""no"",""ticker"":""KXETH15M-26APR271915-15"",""trade_id"":""a75bd472-86ae-5dab-fc3b-82705e06bd25"",""yes_price_dollars"":""0.1300""}"
KXETH15M-26APR271915-15,c9f34fee-8e15-71c2-a11d-3320fa2417cc,1777331288,0.18,4.0,yes,"{""count_fp"":""4.00"",""created_time"":""2026-04-27T23:08:08.980984Z"",""no_price_dollars"":""0.8200"",""taker_side"":""yes"",""ticker"":""KXETH15M-26APR271915-15"",""trade_id"":""c9f34fee-8e15-71c2-a11d-3320fa2417cc"",""yes_price_dollars"":""0.1800""}"
KXETH15M-26APR271915-15,5e591eb9-fc27-7973-ebf9-9bf519db3cd7,1777331290,0.14,10.0,no,"{""count_fp"":""10.00"",""created_time"":""2026-04-27T23:08:10.068643Z"",""no_price_dollars"":""0.8600"",""taker_side"":""no"",""ticker"":""KXETH15M-26APR271915-15"",""trade_id"":""5e591eb9-fc27-7973-ebf9-9bf519db3cd7"",""yes_price_dollars"":""0.1400""}"
KXETH15M-26APR271915-15,33a09ab8-767a-746c-f48f-1a8b5b6ebc4e,1777331290,0.14,10.0,no,"{""count_fp"":""10.00"",""created_time"":""2026-04-27T23:08:10.068643Z"",""no_price_dollars"":""0.8600"",""taker_side"":""no"",""ticker"":""KXETH15M-26APR271915-15"",""trade_id"":""33a09ab8-767a-746c-f48f-1a8b5b6ebc4e"",""yes_price_dollars"":""0.1400""}"
KXETH15M-26APR271915-15,53515d5c-dcc5-418e-3d0e-90bc6c6056e4,1777331292,0.18,26.26,yes,"{""count_fp"":""26.26"",""created_time"":""2026-04-27T23:08:12.917089Z"",""no_price_dollars"":""0.8200"",""taker_side"":""yes"",""ticker"":""KXETH15M-26APR271915-15"",""trade_id"":""53515d5c-dcc5-418e-3d0e-90bc6c6056e4"",""yes_price_dollars"":""0.1800""}"
KXETH15M-26APR271915-15,e0efbbc9-d5a9-4f1e-e2e0-f0100375416c,1777331292,0.18,102.97,yes,"{""count_fp"":""102.97"",""created_time"":""2026-04-27T23:08:12.018214Z"",""no_price_dollars"":""0.8200"",""taker_side"":""yes"",""ticker"":""KXETH15M-26APR271915-15"",""trade_id"":""e0efbbc9-d5a9-4f1e-e2e0-f0100375416c"",""yes_price_dollars"":""0.1800""}"
KXETH15M-26APR271915-15,7f60f574-bd3d-4542-7935-27d21110ed8c,1777331295,0.14,1.0,no,"{""count_fp"":""1.00"",""created_time"":""2026-04-27T23:08:15.098781Z"",""no_price_dollars"":""0.8600"",""taker_side"":""no"",""ticker"":""KXETH15M-26APR271915-15"",""trade_id"":""7f60f574-bd3d-4542-7935-27d21110ed8c"",""yes_price_dollars"":""0.1400""}"
KXETH15M-26APR271915-15,3b48fd9a-ac81-615a-6127-c316a05221a0,1777331296,0.18,15.76,yes,"{""count_fp"":""15.76"",""created_time"":""2026-04-27T23:08:16.028961Z"",""no_price_dollars"":""0.8200"",""taker_side"":""yes"",""ticker"":""KXETH15M-26APR271915-15"",""trade_id"":""3b48fd9a-ac81-615a-6127-c316a05221a0"",""yes_price_dollars"":""0.1800""}"
KXETH15M-26APR271915-15,31526ec2-66c1-6246-da52-e7cbc4097150,1777331300,0.18,1.0,yes,"{""count_fp"":""1.00"",""created_time"":""2026-04-27T23:08:20.314283Z"",""no_price_dollars"":""0.8200"",""taker_side"":""yes"",""ticker"":""KXETH15M-26APR271915-15"",""trade_id"":""31526ec2-66c1-6246-da52-e7cbc4097150"",""yes_price_dollars"":""0.1800""}"
