ticker,trade_id,ts,yes_price,count,taker_side,raw_json
KXETH15M-26APR280430-30,c146826f-f38e-6b26-2ac6-af6877baeee9,1777364114,0.5,1.0,yes,"{""count_fp"":""1.00"",""created_time"":""2026-04-28T08:15:14.274099Z"",""no_price_dollars"":""0.5000"",""taker_side"":""yes"",""ticker"":""KXETH15M-26APR280430-30"",""trade_id"":""c146826f-f38e-6b26-2ac6-af6877baeee9"",""yes_price_dollars"":""0.5000""}"
KXETH15M-26APR280430-30,a193c668-b1fb-7dbb-bce2-7b196615d503,1777364117,0.6,2.0,no,"{""count_fp"":""2.00"",""created_time"":""2026-04-28T08:15:17.868394Z"",""no_price_dollars"":""0.4000"",""taker_side"":""no"",""ticker"":""KXETH15M-26APR280430-30"",""trade_id"":""a193c668-b1fb-7dbb-bce2-7b196615d503"",""yes_price_dollars"":""0.6000""}"
KXETH15M-26APR280430-30,51682331-b53d-688e-e3b7-c016d4bca1de,1777364117,0.6,10.0,yes,"{""count_fp"":""10.00"",""created_time"":""2026-04-28T08:15:17.773971Z"",""no_price_dollars"":""0.4000"",""taker_side"":""yes"",""ticker"":""KXETH15M-26APR280430-30"",""trade_id"":""51682331-b53d-688e-e3b7-c016d4bca1de"",""yes_price_dollars"":""0.6000""}"
KXETH15M-26APR280430-30,823459a4-d3cf-42f1-884f-bd5dec67445c,1777364122,0.58,5.0,yes,"{""count_fp"":""5.00"",""created_time"":""2026-04-28T08:15:22.656575Z"",""no_price_dollars"":""0.4200"",""taker_side"":""yes"",""ticker"":""KXETH15M-26APR280430-30"",""trade_id"":""823459a4-d3cf-42f1-884f-bd5dec67445c"",""yes_price_dollars"":""0.5800""}"
KXETH15M-26APR280430-30,3dac2ebb-e88b-6fc3-2f02-72887d2088f4,1777364123,0.56,1.0,no,"{""count_fp"":""1.00"",""created_time"":""2026-04-28T08:15:23.323583Z"",""no_price_dollars"":""0.4400"",""taker_side"":""no"",""ticker"":""KXETH15M-26APR280430-30"",""trade_id"":""3dac2ebb-e88b-6fc3-2f02-72887d2088f4"",""yes_price_dollars"":""0.5600""}"
KXETH15M-26APR280430-30,129989f2-4233-6093-4c45-2ed84072abf4,1777364124,0.56,59.0,no,"{""count_fp"":""59.00"",""created_time"":""2026-04-28T08:15:24.045445Z"",""no_price_dollars"":""0.4400"",""taker_side"":""no"",""ticker"":""KXETH15M-26APR280430-30"",""trade_id"":""129989f2-4233-6093-4c45-2ed84072abf4"",""yes_price_dollars"":""0.5600""}"
KXETH15M-26APR280430-30,efe5809f-a9fe-6322-6398-bacb8288e0e3,1777364130,0.54,3.94,no,"{""count_fp"":""3.94"",""created_time"":""2026-04-28T08:15:30.536768Z"",""no_price_dollars"":""0.4600"",""taker_side"":""no"",""ticker"":""KXETH15M-26APR280430-30"",""trade_id"":""efe5809f-a9fe-6322-6398-bacb8288e0e3"",""yes_price_dollars"":""0.5400""}"
KXETH15M-26APR280430-30,741ae573-3d5a-6b6e-655e-162a367f9b27,1777364133,0.54,11.0,no,"{""count_fp"":""11.00"",""created_time"":""2026-04-28T08:15:33.254182Z"",""no_price_dollars"":""0.4600"",""taker_side"":""no"",""ticker"":""KXETH15M-26APR280430-30"",""trade_id"":""741ae573-3d5a-6b6e-655e-162a367f9b27"",""yes_price_dollars"":""0.5400""}"
KXETH15M-26APR280430-30,52a547cd-656a-59a2-4b9b-7704de2bd1f3,1777364137,0.54,5.0,no,"{""count_fp"":""5.00"",""created_time"":""2026-04-28T08:15:37.885947Z"",""no_price_dollars"":""0.4600"",""taker_side"":""no"",""ticker"":""KXETH15M-26APR280430-30"",""trade_id"":""52a547cd-656a-59a2-4b9b-7704de2bd1f3"",""yes_price_dollars"":""0.5400""}"
KXETH15M-26APR280430-30,6dbcb785-476a-62b7-6af2-99adcc81ed3f,1777364138,0.56,2.0,yes,"{""count_fp"":""2.00"",""created_time"":""2026-04-28T08:15:38.985974Z"",""no_price_dollars"":""0.4400"",""taker_side"":""yes"",""ticker"":""KXETH15M-26APR280430-30"",""trade_id"":""6dbcb785-476a-62b7-6af2-99adcc81ed3f"",""yes_price_dollars"":""0.5600""}"
KXETH15M-26APR280430-30,0f199cb8-0675-6dad-69d6-c657691e2276,1777364138,0.56,1.0,yes,"{""count_fp"":""1.00"",""created_time"":""2026-04-28T08:15:38.985974Z"",""no_price_dollars"":""0.4400"",""taker_side"":""yes"",""ticker"":""KXETH15M-26APR280430-30"",""trade_id"":""0f199cb8-0675-6dad-69d6-c657691e2276"",""yes_price_dollars"":""0.5600""}"
KXETH15M-26APR280430-30,9affccdb-53ec-4abf-d6ee-ee010d3f3370,1777364138,0.55,1.0,yes,"{""count_fp"":""1.00"",""created_time"":""2026-04-28T08:15:38.032743Z"",""no_price_dollars"":""0.4500"",""taker_side"":""yes"",""ticker"":""KXETH15M-26APR280430-30"",""trade_id"":""9affccdb-53ec-4abf-d6ee-ee010d3f3370"",""yes_price_dollars"":""0.5500""}"
KXETH15M-26APR280430-30,3a6334fb-db2c-4883-fa2b-c3f5c968545f,1777364138,0.55,60.0,yes,"{""count_fp"":""60.00"",""created_time"":""2026-04-28T08:15:38.032743Z"",""no_price_dollars"":""0.4500"",""taker_side"":""yes"",""ticker"":""KXETH15M-26APR280430-30"",""trade_id"":""3a6334fb-db2c-4883-fa2b-c3f5c968545f"",""yes_price_dollars"":""0.5500""}"
KXETH15M-26APR280430-30,75b7d2cf-d5ef-5bf7-1e17-8a302b83cba0,1777364143,0.57,1.0,no,"{""count_fp"":""1.00"",""created_time"":""2026-04-28T08:15:43.372359Z"",""no_price_dollars"":""0.4300"",""taker_side"":""no"",""ticker"":""KXETH15M-26APR280430-30"",""trade_id"":""75b7d2cf-d5ef-5bf7-1e17-8a302b83cba0"",""yes_price_dollars"":""0.5700""}"
KXETH15M-26APR280430-30,dfe1b1bf-8370-48b0-87cd-d0cd018eb28d,1777364144,0.56,1.0,no,"{""count_fp"":""1.00"",""created_time"":""2026-04-28T08:15:44.909832Z"",""no_price_dollars"":""0.4400"",""taker_side"":""no"",""ticker"":""KXETH15M-26APR280430-30"",""trade_id"":""dfe1b1bf-8370-48b0-87cd-d0cd018eb28d"",""yes_price_dollars"":""0.5600""}"
KXETH15M-26APR280430-30,9c91c047-d528-6850-3d1b-85345e53e3e5,1777364162,0.64,20.24,no,"{""count_fp"":""20.24"",""created_time"":""2026-04-28T08:16:02.769042Z"",""no_price_dollars"":""0.3600"",""taker_side"":""no"",""ticker"":""KXETH15M-26APR280430-30"",""trade_id"":""9c91c047-d528-6850-3d1b-85345e53e3e5"",""yes_price_dollars"":""0.6400""}"
KXETH15M-26APR280430-30,7213015b-a496-690c-09a0-9698631d5ae6,1777364162,0.65,10.82,no,"{""count_fp"":""10.82"",""created_time"":""2026-04-28T08:16:02.769042Z"",""no_price_dollars"":""0.3500"",""taker_side"":""no"",""ticker"":""KXETH15M-26APR280430-30"",""trade_id"":""7213015b-a496-690c-09a0-9698631d5ae6"",""yes_price_dollars"":""0.6500""}"
KXETH15M-26APR280430-30,bfb0e907-92e7-718b-fbdd-0ed954794ec1,1777364163,0.66,1.0,yes,"{""count_fp"":""1.00"",""created_time"":""2026-04-28T08:16:03.527594Z"",""no_price_dollars"":""0.3400"",""taker_side"":""yes"",""ticker"":""KXETH15M-26APR280430-30"",""trade_id"":""bfb0e907-92e7-718b-fbdd-0ed954794ec1"",""yes_price_dollars"":""0.6600""}"
KXETH15M-26APR280430-30,554bf110-f8cd-7db1-efc3-1aa4a33f5bf4,1777364163,0.65,4.0,yes,"{""count_fp"":""4.00"",""created_time"":""2026-04-28T08:16:03.527594Z"",""no_price_dollars"":""0.3500"",""taker_side"":""yes"",""ticker"":""KXETH15M-26APR280430-30"",""trade_id"":""554bf110-f8cd-7db1-efc3-1aa4a33f5bf4"",""yes_price_dollars"":""0.6500""}"
KXETH15M-26APR280430-30,09471cd0-2661-7914-c32f-5e9df91b814e,1777364163,0.68,4.0,yes,"{""count_fp"":""4.00"",""created_time"":""2026-04-28T08:16:03.527594Z"",""no_price_dollars"":""0.3200"",""taker_side"":""yes"",""ticker"":""KXETH15M-26APR280430-30"",""trade_id"":""09471cd0-2661-7914-c32f-5e9df91b814e"",""yes_price_dollars"":""0.6800""}"
KXETH15M-26APR280430-30,02bf1f2b-307f-7d1d-c5a5-7c61ba66451c,1777364163,0.66,10.0,yes,"{""count_fp"":""10.00"",""created_time"":""2026-04-28T08:16:03.527594Z"",""no_price_dollars"":""0.3400"",""taker_side"":""yes"",""ticker"":""KXETH15M-26APR280430-30"",""trade_id"":""02bf1f2b-307f-7d1d-c5a5-7c61ba66451c"",""yes_price_dollars"":""0.6600""}"
KXETH15M-26APR280430-30,7363ba13-b311-6e7d-dcfe-2e409babf798,1777364163,0.65,1.0,yes,"{""count_fp"":""1.00"",""created_time"":""2026-04-28T08:16:03.250171Z"",""no_price_dollars"":""0.3500"",""taker_side"":""yes"",""ticker"":""KXETH15M-26APR280430-30"",""trade_id"":""7363ba13-b311-6e7d-dcfe-2e409babf798"",""yes_price_dollars"":""0.6500""}"
KXETH15M-26APR280430-30,c92e97f4-68b4-7b41-e872-9004501ccd87,1777364166,0.71,22.72,yes,"{""count_fp"":""22.72"",""created_time"":""2026-04-28T08:16:06.152579Z"",""no_price_dollars"":""0.2900"",""taker_side"":""yes"",""ticker"":""KXETH15M-26APR280430-30"",""trade_id"":""c92e97f4-68b4-7b41-e872-9004501ccd87"",""yes_price_dollars"":""0.7100""}"
KXETH15M-26APR280430-30,bb05df7e-5e9d-70c1-e922-4abf92e00eb5,1777364166,0.7,1.0,yes,"{""count_fp"":""1.00"",""created_time"":""2026-04-28T08:16:06.152579Z"",""no_price_dollars"":""0.3000"",""taker_side"":""yes"",""ticker"":""KXETH15M-26APR280430-30"",""trade_id"":""bb05df7e-5e9d-70c1-e922-4abf92e00eb5"",""yes_price_dollars"":""0.7000""}"
KXETH15M-26APR280430-30,9a5d5fef-c6e9-7fbf-c207-b579c28af822,1777364166,0.69,10.0,yes,"{""count_fp"":""10.00"",""created_time"":""2026-04-28T08:16:06.152579Z"",""no_price_dollars"":""0.3100"",""taker_side"":""yes"",""ticker"":""KXETH15M-26APR280430-30"",""trade_id"":""9a5d5fef-c6e9-7fbf-c207-b579c28af822"",""yes_price_dollars"":""0.6900""}"
KXETH15M-26APR280430-30,5bde0cfd-bf2b-7c4c-1551-c475ab65ca87,1777364167,0.67,1.0,no,"{""count_fp"":""1.00"",""created_time"":""2026-04-28T08:16:07.401098Z"",""no_price_dollars"":""0.3300"",""taker_side"":""no"",""ticker"":""KXETH15M-26APR280430-30"",""trade_id"":""5bde0cfd-bf2b-7c4c-1551-c475ab65ca87"",""yes_price_dollars"":""0.6700""}"
KXETH15M-26APR280430-30,4c2ca1bc-4431-7122-3fa0-6ff59809aaba,1777364167,0.67,8.5,no,"{""count_fp"":""8.50"",""created_time"":""2026-04-28T08:16:07.401098Z"",""no_price_dollars"":""0.3300"",""taker_side"":""no"",""ticker"":""KXETH15M-26APR280430-30"",""trade_id"":""4c2ca1bc-4431-7122-3fa0-6ff59809aaba"",""yes_price_dollars"":""0.6700""}"
KXETH15M-26APR280430-30,3bbd193f-f398-74b6-0ab8-b2f71587ae48,1777364167,0.67,10.5,no,"{""count_fp"":""10.50"",""created_time"":""2026-04-28T08:16:07.401098Z"",""no_price_dollars"":""0.3300"",""taker_side"":""no"",""ticker"":""KXETH15M-26APR280430-30"",""trade_id"":""3bbd193f-f398-74b6-0ab8-b2f71587ae48"",""yes_price_dollars"":""0.6700""}"
KXETH15M-26APR280430-30,f33a8b77-f611-6293-b80a-35a2e78eee55,1777364169,0.7,1.0,yes,"{""count_fp"":""1.00"",""created_time"":""2026-04-28T08:16:09.347625Z"",""no_price_dollars"":""0.3000"",""taker_side"":""yes"",""ticker"":""KXETH15M-26APR280430-30"",""trade_id"":""f33a8b77-f611-6293-b80a-35a2e78eee55"",""yes_price_dollars"":""0.7000""}"
KXETH15M-26APR280430-30,ac4ab465-c622-6e7d-a945-f47c4a2a4818,1777364169,0.71,1.0,yes,"{""count_fp"":""1.00"",""created_time"":""2026-04-28T08:16:09.347625Z"",""no_price_dollars"":""0.2900"",""taker_side"":""yes"",""ticker"":""KXETH15M-26APR280430-30"",""trade_id"":""ac4ab465-c622-6e7d-a945-f47c4a2a4818"",""yes_price_dollars"":""0.7100""}"
KXETH15M-26APR280430-30,86643e4f-6122-7135-54a8-17b0b9a9df8f,1777364172,0.73,1.0,yes,"{""count_fp"":""1.00"",""created_time"":""2026-04-28T08:16:12.418984Z"",""no_price_dollars"":""0.2700"",""taker_side"":""yes"",""ticker"":""KXETH15M-26APR280430-30"",""trade_id"":""86643e4f-6122-7135-54a8-17b0b9a9df8f"",""yes_price_dollars"":""0.7300""}"
KXETH15M-26APR280430-30,0e2af3b2-065c-59d8-73bc-15e90385be0d,1777364175,0.75,180.0,no,"{""count_fp"":""180.00"",""created_time"":""2026-04-28T08:16:15.467162Z"",""no_price_dollars"":""0.2500"",""taker_side"":""no"",""ticker"":""KXETH15M-26APR280430-30"",""trade_id"":""0e2af3b2-065c-59d8-73bc-15e90385be0d"",""yes_price_dollars"":""0.7500""}"
KXETH15M-26APR280430-30,c81772b7-e2e9-465a-b5b7-23153bb70568,1777364175,0.76,1.0,yes,"{""count_fp"":""1.00"",""created_time"":""2026-04-28T08:16:15.375023Z"",""no_price_dollars"":""0.2400"",""taker_side"":""yes"",""ticker"":""KXETH15M-26APR280430-30"",""trade_id"":""c81772b7-e2e9-465a-b5b7-23153bb70568"",""yes_price_dollars"":""0.7600""}"
KXETH15M-26APR280430-30,be43b1ae-1eb1-759e-1d5d-5a20d70dafaa,1777364175,0.73,0.2,no,"{""count_fp"":""0.20"",""created_time"":""2026-04-28T08:16:15.009034Z"",""no_price_dollars"":""0.2700"",""taker_side"":""no"",""ticker"":""KXETH15M-26APR280430-30"",""trade_id"":""be43b1ae-1eb1-759e-1d5d-5a20d70dafaa"",""yes_price_dollars"":""0.7300""}"
KXETH15M-26APR280430-30,609b20c3-81b9-798d-341d-c00aa9b189ea,1777364175,0.73,10.0,no,"{""count_fp"":""10.00"",""created_time"":""2026-04-28T08:16:15.009034Z"",""no_price_dollars"":""0.2700"",""taker_side"":""no"",""ticker"":""KXETH15M-26APR280430-30"",""trade_id"":""609b20c3-81b9-798d-341d-c00aa9b189ea"",""yes_price_dollars"":""0.7300""}"
KXETH15M-26APR280430-30,be1f89b6-f59c-7ced-6a2d-9d174aaaf541,1777364176,0.81,8.0,yes,"{""count_fp"":""8.00"",""created_time"":""2026-04-28T08:16:16.224746Z"",""no_price_dollars"":""0.1900"",""taker_side"":""yes"",""ticker"":""KXETH15M-26APR280430-30"",""trade_id"":""be1f89b6-f59c-7ced-6a2d-9d174aaaf541"",""yes_price_dollars"":""0.8100""}"
KXETH15M-26APR280430-30,736e4093-c045-7576-619b-9f2406b8c225,1777364176,0.81,68.0,yes,"{""count_fp"":""68.00"",""created_time"":""2026-04-28T08:16:16.224746Z"",""no_price_dollars"":""0.1900"",""taker_side"":""yes"",""ticker"":""KXETH15M-26APR280430-30"",""trade_id"":""736e4093-c045-7576-619b-9f2406b8c225"",""yes_price_dollars"":""0.8100""}"
KXETH15M-26APR280430-30,a5056ec4-ebca-6ba1-6d99-144bfca73593,1777364178,0.81,60.91,yes,"{""count_fp"":""60.91"",""created_time"":""2026-04-28T08:16:18.115765Z"",""no_price_dollars"":""0.1900"",""taker_side"":""yes"",""ticker"":""KXETH15M-26APR280430-30"",""trade_id"":""a5056ec4-ebca-6ba1-6d99-144bfca73593"",""yes_price_dollars"":""0.8100""}"
KXETH15M-26APR280430-30,bfa4460c-3fbc-4338-200a-7122d325fb80,1777364179,0.8,10.0,no,"{""count_fp"":""10.00"",""created_time"":""2026-04-28T08:16:19.305205Z"",""no_price_dollars"":""0.2000"",""taker_side"":""no"",""ticker"":""KXETH15M-26APR280430-30"",""trade_id"":""bfa4460c-3fbc-4338-200a-7122d325fb80"",""yes_price_dollars"":""0.8000""}"
KXETH15M-26APR280430-30,1dd078c1-4112-47e1-4938-3c58f0d388a3,1777364181,0.81,12.18,yes,"{""count_fp"":""12.18"",""created_time"":""2026-04-28T08:16:21.172566Z"",""no_price_dollars"":""0.1900"",""taker_side"":""yes"",""ticker"":""KXETH15M-26APR280430-30"",""trade_id"":""1dd078c1-4112-47e1-4938-3c58f0d388a3"",""yes_price_dollars"":""0.8100""}"
KXETH15M-26APR280430-30,897922c7-8132-5f29-8a82-24ca82a3976f,1777364183,0.79,5.0,yes,"{""count_fp"":""5.00"",""created_time"":""2026-04-28T08:16:23.525924Z"",""no_price_dollars"":""0.2100"",""taker_side"":""yes"",""ticker"":""KXETH15M-26APR280430-30"",""trade_id"":""897922c7-8132-5f29-8a82-24ca82a3976f"",""yes_price_dollars"":""0.7900""}"
KXETH15M-26APR280430-30,6cb7462e-1347-5f7e-bb7f-a91ab7eb00a7,1777364186,0.77,1.27,yes,"{""count_fp"":""1.27"",""created_time"":""2026-04-28T08:16:26.562588Z"",""no_price_dollars"":""0.2300"",""taker_side"":""yes"",""ticker"":""KXETH15M-26APR280430-30"",""trade_id"":""6cb7462e-1347-5f7e-bb7f-a91ab7eb00a7"",""yes_price_dollars"":""0.7700""}"
KXETH15M-26APR280430-30,e67f271a-61c6-44f1-fee1-b8bfa6ac099b,1777364194,0.81,50.0,yes,"{""count_fp"":""50.00"",""created_time"":""2026-04-28T08:16:34.833233Z"",""no_price_dollars"":""0.1900"",""taker_side"":""yes"",""ticker"":""KXETH15M-26APR280430-30"",""trade_id"":""e67f271a-61c6-44f1-fee1-b8bfa6ac099b"",""yes_price_dollars"":""0.8100""}"
KXETH15M-26APR280430-30,d35be632-9ece-41ee-da6d-fb3479347ac9,1777364194,0.83,7.0,yes,"{""count_fp"":""7.00"",""created_time"":""2026-04-28T08:16:34.833233Z"",""no_price_dollars"":""0.1700"",""taker_side"":""yes"",""ticker"":""KXETH15M-26APR280430-30"",""trade_id"":""d35be632-9ece-41ee-da6d-fb3479347ac9"",""yes_price_dollars"":""0.8300""}"
KXETH15M-26APR280430-30,cf476d69-73d2-40f5-d53a-395487af543b,1777364194,0.79,550.91,yes,"{""count_fp"":""550.91"",""created_time"":""2026-04-28T08:16:34.833233Z"",""no_price_dollars"":""0.2100"",""taker_side"":""yes"",""ticker"":""KXETH15M-26APR280430-30"",""trade_id"":""cf476d69-73d2-40f5-d53a-395487af543b"",""yes_price_dollars"":""0.7900""}"
KXETH15M-26APR280430-30,b7441d01-3501-4989-dd69-06873a048ef0,1777364194,0.8,200.0,yes,"{""count_fp"":""200.00"",""created_time"":""2026-04-28T08:16:34.833233Z"",""no_price_dollars"":""0.2000"",""taker_side"":""yes"",""ticker"":""KXETH15M-26APR280430-30"",""trade_id"":""b7441d01-3501-4989-dd69-06873a048ef0"",""yes_price_dollars"":""0.8000""}"
KXETH15M-26APR280430-30,b677349f-182f-4caa-cab2-4a7a0fe7a8db,1777364194,0.79,10.0,yes,"{""count_fp"":""10.00"",""created_time"":""2026-04-28T08:16:34.833233Z"",""no_price_dollars"":""0.2100"",""taker_side"":""yes"",""ticker"":""KXETH15M-26APR280430-30"",""trade_id"":""b677349f-182f-4caa-cab2-4a7a0fe7a8db"",""yes_price_dollars"":""0.7900""}"
KXETH15M-26APR280430-30,b4ee3f12-eba2-4400-f18c-f204257a186e,1777364194,0.78,10.0,yes,"{""count_fp"":""10.00"",""created_time"":""2026-04-28T08:16:34.833233Z"",""no_price_dollars"":""0.2200"",""taker_side"":""yes"",""ticker"":""KXETH15M-26APR280430-30"",""trade_id"":""b4ee3f12-eba2-4400-f18c-f204257a186e"",""yes_price_dollars"":""0.7800""}"
KXETH15M-26APR280430-30,a60fbca3-b42d-4e40-e0f3-5e43d361b7c1,1777364194,0.85,68.0,yes,"{""count_fp"":""68.00"",""created_time"":""2026-04-28T08:16:34.833233Z"",""no_price_dollars"":""0.1500"",""taker_side"":""yes"",""ticker"":""KXETH15M-26APR280430-30"",""trade_id"":""a60fbca3-b42d-4e40-e0f3-5e43d361b7c1"",""yes_price_dollars"":""0.8500""}"
KXETH15M-26APR280430-30,94162084-30c1-47f0-eee4-80df8b1f07ca,1777364194,0.85,8.0,yes,"{""count_fp"":""8.00"",""created_time"":""2026-04-28T08:16:34.833233Z"",""no_price_dollars"":""0.1500"",""taker_side"":""yes"",""ticker"":""KXETH15M-26APR280430-30"",""trade_id"":""94162084-30c1-47f0-eee4-80df8b1f07ca"",""yes_price_dollars"":""0.8500""}"
KXETH15M-26APR280430-30,8b2c1335-a3c6-4962-c29e-2668297e0c3b,1777364194,0.84,52.0,yes,"{""count_fp"":""52.00"",""created_time"":""2026-04-28T08:16:34.833233Z"",""no_price_dollars"":""0.1600"",""taker_side"":""yes"",""ticker"":""KXETH15M-26APR280430-30"",""trade_id"":""8b2c1335-a3c6-4962-c29e-2668297e0c3b"",""yes_price_dollars"":""0.8400""}"
KXETH15M-26APR280430-30,502c1613-a57c-4352-f2f6-cbb752116f80,1777364194,0.78,9.09,yes,"{""count_fp"":""9.09"",""created_time"":""2026-04-28T08:16:34.833233Z"",""no_price_dollars"":""0.2200"",""taker_side"":""yes"",""ticker"":""KXETH15M-26APR280430-30"",""trade_id"":""502c1613-a57c-4352-f2f6-cbb752116f80"",""yes_price_dollars"":""0.7800""}"
KXETH15M-26APR280430-30,4cd39e37-4a86-440f-c2e7-a9915e525ec0,1777364194,0.8,19.0,yes,"{""count_fp"":""19.00"",""created_time"":""2026-04-28T08:16:34.833233Z"",""no_price_dollars"":""0.2000"",""taker_side"":""yes"",""ticker"":""KXETH15M-26APR280430-30"",""trade_id"":""4cd39e37-4a86-440f-c2e7-a9915e525ec0"",""yes_price_dollars"":""0.8000""}"
KXETH15M-26APR280430-30,3ff5b03d-8673-45a3-fdb4-2f3d066cb2d3,1777364194,0.84,2.0,yes,"{""count_fp"":""2.00"",""created_time"":""2026-04-28T08:16:34.833233Z"",""no_price_dollars"":""0.1600"",""taker_side"":""yes"",""ticker"":""KXETH15M-26APR280430-30"",""trade_id"":""3ff5b03d-8673-45a3-fdb4-2f3d066cb2d3"",""yes_price_dollars"":""0.8400""}"
KXETH15M-26APR280430-30,22a8d053-4d21-4e59-eadd-98c0356bb39c,1777364194,0.84,1.0,yes,"{""count_fp"":""1.00"",""created_time"":""2026-04-28T08:16:34.833233Z"",""no_price_dollars"":""0.1600"",""taker_side"":""yes"",""ticker"":""KXETH15M-26APR280430-30"",""trade_id"":""22a8d053-4d21-4e59-eadd-98c0356bb39c"",""yes_price_dollars"":""0.8400""}"
KXETH15M-26APR280430-30,20b6048e-31f8-4ed7-d176-5098c2656a77,1777364194,0.87,60.58,yes,"{""count_fp"":""60.58"",""created_time"":""2026-04-28T08:16:34.833233Z"",""no_price_dollars"":""0.1300"",""taker_side"":""yes"",""ticker"":""KXETH15M-26APR280430-30"",""trade_id"":""20b6048e-31f8-4ed7-d176-5098c2656a77"",""yes_price_dollars"":""0.8700""}"
KXETH15M-26APR280430-30,1ec5385b-b92a-4df4-f131-60b1cd56a60b,1777364194,0.84,60.0,yes,"{""count_fp"":""60.00"",""created_time"":""2026-04-28T08:16:34.833233Z"",""no_price_dollars"":""0.1600"",""taker_side"":""yes"",""ticker"":""KXETH15M-26APR280430-30"",""trade_id"":""1ec5385b-b92a-4df4-f131-60b1cd56a60b"",""yes_price_dollars"":""0.8400""}"
KXETH15M-26APR280430-30,14e528f6-0cae-4485-e3f9-2b91d8ad38f8,1777364194,0.81,100.0,yes,"{""count_fp"":""100.00"",""created_time"":""2026-04-28T08:16:34.833233Z"",""no_price_dollars"":""0.1900"",""taker_side"":""yes"",""ticker"":""KXETH15M-26APR280430-30"",""trade_id"":""14e528f6-0cae-4485-e3f9-2b91d8ad38f8"",""yes_price_dollars"":""0.8100""}"
KXETH15M-26APR280430-30,04bb930e-f648-4e43-ff71-92e9bff4611a,1777364194,0.83,1.0,yes,"{""count_fp"":""1.00"",""created_time"":""2026-04-28T08:16:34.833233Z"",""no_price_dollars"":""0.1700"",""taker_side"":""yes"",""ticker"":""KXETH15M-26APR280430-30"",""trade_id"":""04bb930e-f648-4e43-ff71-92e9bff4611a"",""yes_price_dollars"":""0.8300""}"
KXETH15M-26APR280430-30,78a7f5f5-8088-7fef-093e-a2c1881fc44f,1777364194,0.75,19.0,no,"{""count_fp"":""19.00"",""created_time"":""2026-04-28T08:16:34.426196Z"",""no_price_dollars"":""0.2500"",""taker_side"":""no"",""ticker"":""KXETH15M-26APR280430-30"",""trade_id"":""78a7f5f5-8088-7fef-093e-a2c1881fc44f"",""yes_price_dollars"":""0.7500""}"
KXETH15M-26APR280430-30,46d667ac-d376-57c2-cc72-3b4e9717edb3,1777364196,0.75,3.65,no,"{""count_fp"":""3.65"",""created_time"":""2026-04-28T08:16:36.244669Z"",""no_price_dollars"":""0.2500"",""taker_side"":""no"",""ticker"":""KXETH15M-26APR280430-30"",""trade_id"":""46d667ac-d376-57c2-cc72-3b4e9717edb3"",""yes_price_dollars"":""0.7500""}"
KXETH15M-26APR280430-30,7ed86395-a7cb-5f9a-a8ea-d5990b19143c,1777364221,0.84,1.0,yes,"{""count_fp"":""1.00"",""created_time"":""2026-04-28T08:17:01.859051Z"",""no_price_dollars"":""0.1600"",""taker_side"":""yes"",""ticker"":""KXETH15M-26APR280430-30"",""trade_id"":""7ed86395-a7cb-5f9a-a8ea-d5990b19143c"",""yes_price_dollars"":""0.8400""}"
KXETH15M-26APR280430-30,f3608f3c-005b-7ca7-eaa1-605f08d8b3d8,1777364222,0.78,10.0,no,"{""count_fp"":""10.00"",""created_time"":""2026-04-28T08:17:02.265184Z"",""no_price_dollars"":""0.2200"",""taker_side"":""no"",""ticker"":""KXETH15M-26APR280430-30"",""trade_id"":""f3608f3c-005b-7ca7-eaa1-605f08d8b3d8"",""yes_price_dollars"":""0.7800""}"
KXETH15M-26APR280430-30,bd12786f-6a8e-7376-ce54-a46d897fd0b6,1777364222,0.77,10.0,no,"{""count_fp"":""10.00"",""created_time"":""2026-04-28T08:17:02.265184Z"",""no_price_dollars"":""0.2300"",""taker_side"":""no"",""ticker"":""KXETH15M-26APR280430-30"",""trade_id"":""bd12786f-6a8e-7376-ce54-a46d897fd0b6"",""yes_price_dollars"":""0.7700""}"
KXETH15M-26APR280430-30,958e61bd-df2a-7274-c990-37888f56bf56,1777364222,0.8,14.0,no,"{""count_fp"":""14.00"",""created_time"":""2026-04-28T08:17:02.265184Z"",""no_price_dollars"":""0.2000"",""taker_side"":""no"",""ticker"":""KXETH15M-26APR280430-30"",""trade_id"":""958e61bd-df2a-7274-c990-37888f56bf56"",""yes_price_dollars"":""0.8000""}"
KXETH15M-26APR280430-30,69ac2f05-8cb2-7993-f531-20de2192aef9,1777364222,0.76,5.66,no,"{""count_fp"":""5.66"",""created_time"":""2026-04-28T08:17:02.265184Z"",""no_price_dollars"":""0.2400"",""taker_side"":""no"",""ticker"":""KXETH15M-26APR280430-30"",""trade_id"":""69ac2f05-8cb2-7993-f531-20de2192aef9"",""yes_price_dollars"":""0.7600""}"
KXETH15M-26APR280430-30,684d94b0-22f5-71d8-c28b-e82d804a4fcf,1777364222,0.83,1.0,no,"{""count_fp"":""1.00"",""created_time"":""2026-04-28T08:17:02.265184Z"",""no_price_dollars"":""0.1700"",""taker_side"":""no"",""ticker"":""KXETH15M-26APR280430-30"",""trade_id"":""684d94b0-22f5-71d8-c28b-e82d804a4fcf"",""yes_price_dollars"":""0.8300""}"
KXETH15M-26APR280430-30,136c18ba-2ab8-724c-c2c6-b019fa849a59,1777364222,0.82,1.0,no,"{""count_fp"":""1.00"",""created_time"":""2026-04-28T08:17:02.265184Z"",""no_price_dollars"":""0.1800"",""taker_side"":""no"",""ticker"":""KXETH15M-26APR280430-30"",""trade_id"":""136c18ba-2ab8-724c-c2c6-b019fa849a59"",""yes_price_dollars"":""0.8200""}"
KXETH15M-26APR280430-30,03ba466c-b569-7d76-eed2-04d4749caec8,1777364222,0.8,1.0,no,"{""count_fp"":""1.00"",""created_time"":""2026-04-28T08:17:02.265184Z"",""no_price_dollars"":""0.2000"",""taker_side"":""no"",""ticker"":""KXETH15M-26APR280430-30"",""trade_id"":""03ba466c-b569-7d76-eed2-04d4749caec8"",""yes_price_dollars"":""0.8000""}"
KXETH15M-26APR280430-30,74db0d3c-9106-45da-fade-39efe2625eeb,1777364226,0.77,25.0,no,"{""count_fp"":""25.00"",""created_time"":""2026-04-28T08:17:06.801588Z"",""no_price_dollars"":""0.2300"",""taker_side"":""no"",""ticker"":""KXETH15M-26APR280430-30"",""trade_id"":""74db0d3c-9106-45da-fade-39efe2625eeb"",""yes_price_dollars"":""0.7700""}"
KXETH15M-26APR280430-30,f3909679-9329-711c-7225-a47609dd1eb7,1777364248,0.75,10.0,yes,"{""count_fp"":""10.00"",""created_time"":""2026-04-28T08:17:28.192685Z"",""no_price_dollars"":""0.2500"",""taker_side"":""yes"",""ticker"":""KXETH15M-26APR280430-30"",""trade_id"":""f3909679-9329-711c-7225-a47609dd1eb7"",""yes_price_dollars"":""0.7500""}"
KXETH15M-26APR280430-30,278e4f7c-b779-7d4f-70d1-c416cdd8ca2b,1777364248,0.75,10.0,yes,"{""count_fp"":""10.00"",""created_time"":""2026-04-28T08:17:28.192685Z"",""no_price_dollars"":""0.2500"",""taker_side"":""yes"",""ticker"":""KXETH15M-26APR280430-30"",""trade_id"":""278e4f7c-b779-7d4f-70d1-c416cdd8ca2b"",""yes_price_dollars"":""0.7500""}"
KXETH15M-26APR280430-30,bb92ca50-e398-598a-3479-de3eb73d394d,1777364255,0.78,62.07,yes,"{""count_fp"":""62.07"",""created_time"":""2026-04-28T08:17:35.748399Z"",""no_price_dollars"":""0.2200"",""taker_side"":""yes"",""ticker"":""KXETH15M-26APR280430-30"",""trade_id"":""bb92ca50-e398-598a-3479-de3eb73d394d"",""yes_price_dollars"":""0.7800""}"
KXETH15M-26APR280430-30,2efd8d49-bb1a-5e18-b554-347e059731e5,1777364259,0.75,2.0,no,"{""count_fp"":""2.00"",""created_time"":""2026-04-28T08:17:39.659073Z"",""no_price_dollars"":""0.2500"",""taker_side"":""no"",""ticker"":""KXETH15M-26APR280430-30"",""trade_id"":""2efd8d49-bb1a-5e18-b554-347e059731e5"",""yes_price_dollars"":""0.7500""}"
KXETH15M-26APR280430-30,02cb3db1-4b8b-6eaa-6e77-22ffea93bae8,1777364262,0.78,3.78,yes,"{""count_fp"":""3.78"",""created_time"":""2026-04-28T08:17:42.080408Z"",""no_price_dollars"":""0.2200"",""taker_side"":""yes"",""ticker"":""KXETH15M-26APR280430-30"",""trade_id"":""02cb3db1-4b8b-6eaa-6e77-22ffea93bae8"",""yes_price_dollars"":""0.7800""}"
KXETH15M-26APR280430-30,173b6f01-71ce-5a80-3af7-0be49a31c365,1777364264,0.75,7.6,no,"{""count_fp"":""7.60"",""created_time"":""2026-04-28T08:17:44.258703Z"",""no_price_dollars"":""0.2500"",""taker_side"":""no"",""ticker"":""KXETH15M-26APR280430-30"",""trade_id"":""173b6f01-71ce-5a80-3af7-0be49a31c365"",""yes_price_dollars"":""0.7500""}"
KXETH15M-26APR280430-30,ba3a70e6-fbe7-6f52-1370-ac0dd2771ec6,1777364268,0.77,2.0,no,"{""count_fp"":""2.00"",""created_time"":""2026-04-28T08:17:48.823031Z"",""no_price_dollars"":""0.2300"",""taker_side"":""no"",""ticker"":""KXETH15M-26APR280430-30"",""trade_id"":""ba3a70e6-fbe7-6f52-1370-ac0dd2771ec6"",""yes_price_dollars"":""0.7700""}"
KXETH15M-26APR280430-30,4e1a1e0b-f8a1-7c7e-ea5b-eda78f94420b,1777364274,0.82,5.94,yes,"{""count_fp"":""5.94"",""created_time"":""2026-04-28T08:17:54.899228Z"",""no_price_dollars"":""0.1800"",""taker_side"":""yes"",""ticker"":""KXETH15M-26APR280430-30"",""trade_id"":""4e1a1e0b-f8a1-7c7e-ea5b-eda78f94420b"",""yes_price_dollars"":""0.8200""}"
KXETH15M-26APR280430-30,f2bb71f2-7d0a-70b0-c2ee-a73d21a810db,1777364274,0.79,10.0,no,"{""count_fp"":""10.00"",""created_time"":""2026-04-28T08:17:54.688621Z"",""no_price_dollars"":""0.2100"",""taker_side"":""no"",""ticker"":""KXETH15M-26APR280430-30"",""trade_id"":""f2bb71f2-7d0a-70b0-c2ee-a73d21a810db"",""yes_price_dollars"":""0.7900""}"
KXETH15M-26APR280430-30,bdfa4a5e-763a-7d9f-fc2f-abbc51a52788,1777364274,0.79,21.58,no,"{""count_fp"":""21.58"",""created_time"":""2026-04-28T08:17:54.688621Z"",""no_price_dollars"":""0.2100"",""taker_side"":""no"",""ticker"":""KXETH15M-26APR280430-30"",""trade_id"":""bdfa4a5e-763a-7d9f-fc2f-abbc51a52788"",""yes_price_dollars"":""0.7900""}"
KXETH15M-26APR280430-30,c3e50ab2-f3e8-6220-e028-ab704a122551,1777364277,0.79,140.0,no,"{""count_fp"":""140.00"",""created_time"":""2026-04-28T08:17:57.306384Z"",""no_price_dollars"":""0.2100"",""taker_side"":""no"",""ticker"":""KXETH15M-26APR280430-30"",""trade_id"":""c3e50ab2-f3e8-6220-e028-ab704a122551"",""yes_price_dollars"":""0.7900""}"
KXETH15M-26APR280430-30,b62e15a9-aa9e-68e3-f686-bcc3f1503340,1777364277,0.8,100.0,no,"{""count_fp"":""100.00"",""created_time"":""2026-04-28T08:17:57.306384Z"",""no_price_dollars"":""0.2000"",""taker_side"":""no"",""ticker"":""KXETH15M-26APR280430-30"",""trade_id"":""b62e15a9-aa9e-68e3-f686-bcc3f1503340"",""yes_price_dollars"":""0.8000""}"
KXETH15M-26APR280430-30,5316aa4b-9df2-62dc-d179-f09ce90d0000,1777364277,0.8,60.0,no,"{""count_fp"":""60.00"",""created_time"":""2026-04-28T08:17:57.306384Z"",""no_price_dollars"":""0.2000"",""taker_side"":""no"",""ticker"":""KXETH15M-26APR280430-30"",""trade_id"":""5316aa4b-9df2-62dc-d179-f09ce90d0000"",""yes_price_dollars"":""0.8000""}"
KXETH15M-26APR280430-30,177efafb-d800-419a-5b20-708a79bb6add,1777364279,0.85,1.0,yes,"{""count_fp"":""1.00"",""created_time"":""2026-04-28T08:17:59.482543Z"",""no_price_dollars"":""0.1500"",""taker_side"":""yes"",""ticker"":""KXETH15M-26APR280430-30"",""trade_id"":""177efafb-d800-419a-5b20-708a79bb6add"",""yes_price_dollars"":""0.8500""}"
KXETH15M-26APR280430-30,6fe5be7e-e299-6c30-0ee8-4f8ef80a4eb2,1777364279,0.8,2.0,no,"{""count_fp"":""2.00"",""created_time"":""2026-04-28T08:17:59.203007Z"",""no_price_dollars"":""0.2000"",""taker_side"":""no"",""ticker"":""KXETH15M-26APR280430-30"",""trade_id"":""6fe5be7e-e299-6c30-0ee8-4f8ef80a4eb2"",""yes_price_dollars"":""0.8000""}"
KXETH15M-26APR280430-30,a2fcd3e2-9134-5ca4-802c-ae172b2b1f33,1777364282,0.88,3.58,yes,"{""count_fp"":""3.58"",""created_time"":""2026-04-28T08:18:02.686067Z"",""no_price_dollars"":""0.1200"",""taker_side"":""yes"",""ticker"":""KXETH15M-26APR280430-30"",""trade_id"":""a2fcd3e2-9134-5ca4-802c-ae172b2b1f33"",""yes_price_dollars"":""0.8800""}"
KXETH15M-26APR280430-30,85bc2a11-017c-57c3-85c5-314392e51e83,1777364282,0.87,0.42,yes,"{""count_fp"":""0.42"",""created_time"":""2026-04-28T08:18:02.686067Z"",""no_price_dollars"":""0.1300"",""taker_side"":""yes"",""ticker"":""KXETH15M-26APR280430-30"",""trade_id"":""85bc2a11-017c-57c3-85c5-314392e51e83"",""yes_price_dollars"":""0.8700""}"
KXETH15M-26APR280430-30,06af8a6e-c9aa-568d-a579-6c9f6788fd1b,1777364282,0.87,1.0,yes,"{""count_fp"":""1.00"",""created_time"":""2026-04-28T08:18:02.686067Z"",""no_price_dollars"":""0.1300"",""taker_side"":""yes"",""ticker"":""KXETH15M-26APR280430-30"",""trade_id"":""06af8a6e-c9aa-568d-a579-6c9f6788fd1b"",""yes_price_dollars"":""0.8700""}"
KXETH15M-26APR280430-30,47e3c3dd-1191-75f8-30f2-3ff9c8ee715b,1777364288,0.88,1.0,yes,"{""count_fp"":""1.00"",""created_time"":""2026-04-28T08:18:08.374249Z"",""no_price_dollars"":""0.1200"",""taker_side"":""yes"",""ticker"":""KXETH15M-26APR280430-30"",""trade_id"":""47e3c3dd-1191-75f8-30f2-3ff9c8ee715b"",""yes_price_dollars"":""0.8800""}"
KXETH15M-26APR280430-30,8e0c561d-da1d-5ad9-16bb-eac3cd1f10bd,1777364301,0.83,27.0,yes,"{""count_fp"":""27.00"",""created_time"":""2026-04-28T08:18:21.528574Z"",""no_price_dollars"":""0.1700"",""taker_side"":""yes"",""ticker"":""KXETH15M-26APR280430-30"",""trade_id"":""8e0c561d-da1d-5ad9-16bb-eac3cd1f10bd"",""yes_price_dollars"":""0.8300""}"
KXETH15M-26APR280430-30,e413a966-17d2-4382-c4a8-04a73cf244d7,1777364306,0.82,10.0,no,"{""count_fp"":""10.00"",""created_time"":""2026-04-28T08:18:26.812548Z"",""no_price_dollars"":""0.1800"",""taker_side"":""no"",""ticker"":""KXETH15M-26APR280430-30"",""trade_id"":""e413a966-17d2-4382-c4a8-04a73cf244d7"",""yes_price_dollars"":""0.8200""}"
KXETH15M-26APR280430-30,016560b7-6b11-4122-f5d0-ac970b97ba77,1777364306,0.83,1.0,no,"{""count_fp"":""1.00"",""created_time"":""2026-04-28T08:18:26.812548Z"",""no_price_dollars"":""0.1700"",""taker_side"":""no"",""ticker"":""KXETH15M-26APR280430-30"",""trade_id"":""016560b7-6b11-4122-f5d0-ac970b97ba77"",""yes_price_dollars"":""0.8300""}"
KXETH15M-26APR280430-30,d397d868-74cf-778c-5c29-044eed80136d,1777364313,0.77,1.0,yes,"{""count_fp"":""1.00"",""created_time"":""2026-04-28T08:18:33.761072Z"",""no_price_dollars"":""0.2300"",""taker_side"":""yes"",""ticker"":""KXETH15M-26APR280430-30"",""trade_id"":""d397d868-74cf-778c-5c29-044eed80136d"",""yes_price_dollars"":""0.7700""}"
KXETH15M-26APR280430-30,5df21d27-0ae9-40f5-afdb-732269f760d2,1777364315,0.76,1.0,yes,"{""count_fp"":""1.00"",""created_time"":""2026-04-28T08:18:35.593466Z"",""no_price_dollars"":""0.2400"",""taker_side"":""yes"",""ticker"":""KXETH15M-26APR280430-30"",""trade_id"":""5df21d27-0ae9-40f5-afdb-732269f760d2"",""yes_price_dollars"":""0.7600""}"
KXETH15M-26APR280430-30,639a1703-e309-7b05-d998-9144dbfaf946,1777364321,0.76,4.0,yes,"{""count_fp"":""4.00"",""created_time"":""2026-04-28T08:18:41.235248Z"",""no_price_dollars"":""0.2400"",""taker_side"":""yes"",""ticker"":""KXETH15M-26APR280430-30"",""trade_id"":""639a1703-e309-7b05-d998-9144dbfaf946"",""yes_price_dollars"":""0.7600""}"
KXETH15M-26APR280430-30,023ab42c-9b54-59ff-a782-c1d9f1fa6821,1777364336,0.77,1.27,yes,"{""count_fp"":""1.27"",""created_time"":""2026-04-28T08:18:56.705164Z"",""no_price_dollars"":""0.2300"",""taker_side"":""yes"",""ticker"":""KXETH15M-26APR280430-30"",""trade_id"":""023ab42c-9b54-59ff-a782-c1d9f1fa6821"",""yes_price_dollars"":""0.7700""}"
KXETH15M-26APR280430-30,db7b10af-f08e-6f6c-dd03-ceafeb2aaf78,1777364341,0.76,10.0,yes,"{""count_fp"":""10.00"",""created_time"":""2026-04-28T08:19:01.197916Z"",""no_price_dollars"":""0.2400"",""taker_side"":""yes"",""ticker"":""KXETH15M-26APR280430-30"",""trade_id"":""db7b10af-f08e-6f6c-dd03-ceafeb2aaf78"",""yes_price_dollars"":""0.7600""}"
KXETH15M-26APR280430-30,77bdc26d-38b8-6842-f77a-0440ab5433ae,1777364341,0.76,8.33,yes,"{""count_fp"":""8.33"",""created_time"":""2026-04-28T08:19:01.197916Z"",""no_price_dollars"":""0.2400"",""taker_side"":""yes"",""ticker"":""KXETH15M-26APR280430-30"",""trade_id"":""77bdc26d-38b8-6842-f77a-0440ab5433ae"",""yes_price_dollars"":""0.7600""}"
KXETH15M-26APR280430-30,04e6cf30-1b38-6f46-ee5b-23dea87853b9,1777364341,0.78,62.67,yes,"{""count_fp"":""62.67"",""created_time"":""2026-04-28T08:19:01.197916Z"",""no_price_dollars"":""0.2200"",""taker_side"":""yes"",""ticker"":""KXETH15M-26APR280430-30"",""trade_id"":""04e6cf30-1b38-6f46-ee5b-23dea87853b9"",""yes_price_dollars"":""0.7800""}"
KXETH15M-26APR280430-30,20c8e62f-410e-7152-daa5-18d152efd7cd,1777364342,0.72,5.0,no,"{""count_fp"":""5.00"",""created_time"":""2026-04-28T08:19:02.572258Z"",""no_price_dollars"":""0.2800"",""taker_side"":""no"",""ticker"":""KXETH15M-26APR280430-30"",""trade_id"":""20c8e62f-410e-7152-daa5-18d152efd7cd"",""yes_price_dollars"":""0.7200""}"
KXETH15M-26APR280430-30,af984b0e-bf22-5778-6a4e-d4888bf863ed,1777364342,0.75,3.4,no,"{""count_fp"":""3.40"",""created_time"":""2026-04-28T08:19:02.542935Z"",""no_price_dollars"":""0.2500"",""taker_side"":""no"",""ticker"":""KXETH15M-26APR280430-30"",""trade_id"":""af984b0e-bf22-5778-6a4e-d4888bf863ed"",""yes_price_dollars"":""0.7500""}"
KXETH15M-26APR280430-30,5b77e321-f976-5113-4190-59d43a519e34,1777364342,0.74,1.6,no,"{""count_fp"":""1.60"",""created_time"":""2026-04-28T08:19:02.542935Z"",""no_price_dollars"":""0.2600"",""taker_side"":""no"",""ticker"":""KXETH15M-26APR280430-30"",""trade_id"":""5b77e321-f976-5113-4190-59d43a519e34"",""yes_price_dollars"":""0.7400""}"
KXETH15M-26APR280430-30,8506b297-7bba-4618-95e1-8f625e900100,1777364357,0.7,7.0,no,"{""count_fp"":""7.00"",""created_time"":""2026-04-28T08:19:17.632914Z"",""no_price_dollars"":""0.3000"",""taker_side"":""no"",""ticker"":""KXETH15M-26APR280430-30"",""trade_id"":""8506b297-7bba-4618-95e1-8f625e900100"",""yes_price_dollars"":""0.7000""}"
KXETH15M-26APR280430-30,5a86f948-2bce-4672-9702-b48823018da9,1777364357,0.72,1.0,no,"{""count_fp"":""1.00"",""created_time"":""2026-04-28T08:19:17.632914Z"",""no_price_dollars"":""0.2800"",""taker_side"":""no"",""ticker"":""KXETH15M-26APR280430-30"",""trade_id"":""5a86f948-2bce-4672-9702-b48823018da9"",""yes_price_dollars"":""0.7200""}"
KXETH15M-26APR280430-30,90c434fc-466e-5ce8-769e-37b62479fb84,1777364358,0.72,10.0,yes,"{""count_fp"":""10.00"",""created_time"":""2026-04-28T08:19:18.741756Z"",""no_price_dollars"":""0.2800"",""taker_side"":""yes"",""ticker"":""KXETH15M-26APR280430-30"",""trade_id"":""90c434fc-466e-5ce8-769e-37b62479fb84"",""yes_price_dollars"":""0.7200""}"
KXETH15M-26APR280430-30,297a8876-5dba-54e1-5c84-14ef6e0edd2c,1777364358,0.73,22.0,yes,"{""count_fp"":""22.00"",""created_time"":""2026-04-28T08:19:18.741756Z"",""no_price_dollars"":""0.2700"",""taker_side"":""yes"",""ticker"":""KXETH15M-26APR280430-30"",""trade_id"":""297a8876-5dba-54e1-5c84-14ef6e0edd2c"",""yes_price_dollars"":""0.7300""}"
KXETH15M-26APR280430-30,9dba68af-e3ec-4f83-5ef7-1c713978fa61,1777364362,0.7,10.0,no,"{""count_fp"":""10.00"",""created_time"":""2026-04-28T08:19:22.693944Z"",""no_price_dollars"":""0.3000"",""taker_side"":""no"",""ticker"":""KXETH15M-26APR280430-30"",""trade_id"":""9dba68af-e3ec-4f83-5ef7-1c713978fa61"",""yes_price_dollars"":""0.7000""}"
KXETH15M-26APR280430-30,227e4478-3f32-7ba8-bc2d-a84e04890c84,1777364362,0.7,33.0,no,"{""count_fp"":""33.00"",""created_time"":""2026-04-28T08:19:22.689029Z"",""no_price_dollars"":""0.3000"",""taker_side"":""no"",""ticker"":""KXETH15M-26APR280430-30"",""trade_id"":""227e4478-3f32-7ba8-bc2d-a84e04890c84"",""yes_price_dollars"":""0.7000""}"
KXETH15M-26APR280430-30,d25aa37e-c3c1-4d6e-4da3-df74726a6cb9,1777364380,0.6,20.0,no,"{""count_fp"":""20.00"",""created_time"":""2026-04-28T08:19:40.598862Z"",""no_price_dollars"":""0.4000"",""taker_side"":""no"",""ticker"":""KXETH15M-26APR280430-30"",""trade_id"":""d25aa37e-c3c1-4d6e-4da3-df74726a6cb9"",""yes_price_dollars"":""0.6000""}"
KXETH15M-26APR280430-30,acd8a464-6cf1-62e5-aa0f-f3a81131c4df,1777364386,0.62,3.0,yes,"{""count_fp"":""3.00"",""created_time"":""2026-04-28T08:19:46.539742Z"",""no_price_dollars"":""0.3800"",""taker_side"":""yes"",""ticker"":""KXETH15M-26APR280430-30"",""trade_id"":""acd8a464-6cf1-62e5-aa0f-f3a81131c4df"",""yes_price_dollars"":""0.6200""}"
KXETH15M-26APR280430-30,af0a4f78-c3e9-6025-a5af-d89313523c82,1777364393,0.65,30.0,yes,"{""count_fp"":""30.00"",""created_time"":""2026-04-28T08:19:53.830388Z"",""no_price_dollars"":""0.3500"",""taker_side"":""yes"",""ticker"":""KXETH15M-26APR280430-30"",""trade_id"":""af0a4f78-c3e9-6025-a5af-d89313523c82"",""yes_price_dollars"":""0.6500""}"
KXETH15M-26APR280430-30,b9a42d85-9b79-725d-1053-ff8a4f063c3e,1777364395,0.65,1.0,yes,"{""count_fp"":""1.00"",""created_time"":""2026-04-28T08:19:55.198404Z"",""no_price_dollars"":""0.3500"",""taker_side"":""yes"",""ticker"":""KXETH15M-26APR280430-30"",""trade_id"":""b9a42d85-9b79-725d-1053-ff8a4f063c3e"",""yes_price_dollars"":""0.6500""}"
KXETH15M-26APR280430-30,4e426d0d-ef01-4841-c3e3-787b0c6c5652,1777364396,0.61,4.91,no,"{""count_fp"":""4.91"",""created_time"":""2026-04-28T08:19:56.666704Z"",""no_price_dollars"":""0.3900"",""taker_side"":""no"",""ticker"":""KXETH15M-26APR280430-30"",""trade_id"":""4e426d0d-ef01-4841-c3e3-787b0c6c5652"",""yes_price_dollars"":""0.6100""}"
KXETH15M-26APR280430-30,15abdbe8-f04e-5991-e679-94aa4851b730,1777364398,0.63,16.93,yes,"{""count_fp"":""16.93"",""created_time"":""2026-04-28T08:19:58.908713Z"",""no_price_dollars"":""0.3700"",""taker_side"":""yes"",""ticker"":""KXETH15M-26APR280430-30"",""trade_id"":""15abdbe8-f04e-5991-e679-94aa4851b730"",""yes_price_dollars"":""0.6300""}"
KXETH15M-26APR280430-30,dd23f048-5eea-5c61-7cc7-083c571a0684,1777364399,0.63,1.0,yes,"{""count_fp"":""1.00"",""created_time"":""2026-04-28T08:19:59.562111Z"",""no_price_dollars"":""0.3700"",""taker_side"":""yes"",""ticker"":""KXETH15M-26APR280430-30"",""trade_id"":""dd23f048-5eea-5c61-7cc7-083c571a0684"",""yes_price_dollars"":""0.6300""}"
KXETH15M-26APR280430-30,b23cc542-a1cd-6d5d-db36-57cfe26f1f7a,1777364400,0.64,100.0,yes,"{""count_fp"":""100.00"",""created_time"":""2026-04-28T08:20:00.719105Z"",""no_price_dollars"":""0.3600"",""taker_side"":""yes"",""ticker"":""KXETH15M-26APR280430-30"",""trade_id"":""b23cc542-a1cd-6d5d-db36-57cfe26f1f7a"",""yes_price_dollars"":""0.6400""}"
KXETH15M-26APR280430-30,81614ad2-0bbd-6696-d210-4a032c89c7fa,1777364400,0.64,10.0,yes,"{""count_fp"":""10.00"",""created_time"":""2026-04-28T08:20:00.719105Z"",""no_price_dollars"":""0.3600"",""taker_side"":""yes"",""ticker"":""KXETH15M-26APR280430-30"",""trade_id"":""81614ad2-0bbd-6696-d210-4a032c89c7fa"",""yes_price_dollars"":""0.6400""}"
KXETH15M-26APR280430-30,7a548c40-b526-6fdd-d8f5-e2ccd56f358c,1777364400,0.64,20.07,yes,"{""count_fp"":""20.07"",""created_time"":""2026-04-28T08:20:00.719105Z"",""no_price_dollars"":""0.3600"",""taker_side"":""yes"",""ticker"":""KXETH15M-26APR280430-30"",""trade_id"":""7a548c40-b526-6fdd-d8f5-e2ccd56f358c"",""yes_price_dollars"":""0.6400""}"
KXETH15M-26APR280430-30,4f57e5d1-85dc-67a2-cdef-fc1890930ef1,1777364400,0.65,69.93,yes,"{""count_fp"":""69.93"",""created_time"":""2026-04-28T08:20:00.719105Z"",""no_price_dollars"":""0.3500"",""taker_side"":""yes"",""ticker"":""KXETH15M-26APR280430-30"",""trade_id"":""4f57e5d1-85dc-67a2-cdef-fc1890930ef1"",""yes_price_dollars"":""0.6500""}"
KXETH15M-26APR280430-30,5df690f8-1f29-7ab2-a368-9bc8f93bd4e2,1777364405,0.61,1.0,yes,"{""count_fp"":""1.00"",""created_time"":""2026-04-28T08:20:05.392352Z"",""no_price_dollars"":""0.3900"",""taker_side"":""yes"",""ticker"":""KXETH15M-26APR280430-30"",""trade_id"":""5df690f8-1f29-7ab2-a368-9bc8f93bd4e2"",""yes_price_dollars"":""0.6100""}"
KXETH15M-26APR280430-30,f2eba7cd-e1e4-6791-a95f-9cc093036853,1777364406,0.63,10.0,yes,"{""count_fp"":""10.00"",""created_time"":""2026-04-28T08:20:06.967398Z"",""no_price_dollars"":""0.3700"",""taker_side"":""yes"",""ticker"":""KXETH15M-26APR280430-30"",""trade_id"":""f2eba7cd-e1e4-6791-a95f-9cc093036853"",""yes_price_dollars"":""0.6300""}"
KXETH15M-26APR280430-30,d66b1263-d11f-607a-a23d-96279938a1d0,1777364406,0.63,1.0,yes,"{""count_fp"":""1.00"",""created_time"":""2026-04-28T08:20:06.967398Z"",""no_price_dollars"":""0.3700"",""taker_side"":""yes"",""ticker"":""KXETH15M-26APR280430-30"",""trade_id"":""d66b1263-d11f-607a-a23d-96279938a1d0"",""yes_price_dollars"":""0.6300""}"
KXETH15M-26APR280430-30,d43a021b-09cf-67eb-b979-cb3cffb24573,1777364406,0.63,41.63,yes,"{""count_fp"":""41.63"",""created_time"":""2026-04-28T08:20:06.967398Z"",""no_price_dollars"":""0.3700"",""taker_side"":""yes"",""ticker"":""KXETH15M-26APR280430-30"",""trade_id"":""d43a021b-09cf-67eb-b979-cb3cffb24573"",""yes_price_dollars"":""0.6300""}"
KXETH15M-26APR280430-30,a71a56ce-9f77-653b-9d07-8b7066c014df,1777364413,0.62,15.0,yes,"{""count_fp"":""15.00"",""created_time"":""2026-04-28T08:20:13.110923Z"",""no_price_dollars"":""0.3800"",""taker_side"":""yes"",""ticker"":""KXETH15M-26APR280430-30"",""trade_id"":""a71a56ce-9f77-653b-9d07-8b7066c014df"",""yes_price_dollars"":""0.6200""}"
KXETH15M-26APR280430-30,fe2fb48d-d8dc-5e46-81ca-7098d9767d6f,1777364428,0.69,10.0,yes,"{""count_fp"":""10.00"",""created_time"":""2026-04-28T08:20:28.249613Z"",""no_price_dollars"":""0.3100"",""taker_side"":""yes"",""ticker"":""KXETH15M-26APR280430-30"",""trade_id"":""fe2fb48d-d8dc-5e46-81ca-7098d9767d6f"",""yes_price_dollars"":""0.6900""}"
KXETH15M-26APR280430-30,605a3fd1-208f-53a9-b2bd-606655260a00,1777364429,0.72,2.0,yes,"{""count_fp"":""2.00"",""created_time"":""2026-04-28T08:20:29.162652Z"",""no_price_dollars"":""0.2800"",""taker_side"":""yes"",""ticker"":""KXETH15M-26APR280430-30"",""trade_id"":""605a3fd1-208f-53a9-b2bd-606655260a00"",""yes_price_dollars"":""0.7200""}"
KXETH15M-26APR280430-30,a141fdf0-135b-6431-efe5-b99fd7c9ce9c,1777364432,0.72,8.0,yes,"{""count_fp"":""8.00"",""created_time"":""2026-04-28T08:20:32.415951Z"",""no_price_dollars"":""0.2800"",""taker_side"":""yes"",""ticker"":""KXETH15M-26APR280430-30"",""trade_id"":""a141fdf0-135b-6431-efe5-b99fd7c9ce9c"",""yes_price_dollars"":""0.7200""}"
KXETH15M-26APR280430-30,9b180920-29b1-6532-dffa-7c843f1f0994,1777364432,0.72,100.0,yes,"{""count_fp"":""100.00"",""created_time"":""2026-04-28T08:20:32.415951Z"",""no_price_dollars"":""0.2800"",""taker_side"":""yes"",""ticker"":""KXETH15M-26APR280430-30"",""trade_id"":""9b180920-29b1-6532-dffa-7c843f1f0994"",""yes_price_dollars"":""0.7200""}"
KXETH15M-26APR280430-30,4cd896ed-5426-6f66-eb1d-59a4f1db6c1c,1777364432,0.72,19.0,yes,"{""count_fp"":""19.00"",""created_time"":""2026-04-28T08:20:32.415951Z"",""no_price_dollars"":""0.2800"",""taker_side"":""yes"",""ticker"":""KXETH15M-26APR280430-30"",""trade_id"":""4cd896ed-5426-6f66-eb1d-59a4f1db6c1c"",""yes_price_dollars"":""0.7200""}"
KXETH15M-26APR280430-30,e370f45c-8bcb-550a-7c28-25c9cc0a9d7c,1777364434,0.73,1.0,yes,"{""count_fp"":""1.00"",""created_time"":""2026-04-28T08:20:34.229689Z"",""no_price_dollars"":""0.2700"",""taker_side"":""yes"",""ticker"":""KXETH15M-26APR280430-30"",""trade_id"":""e370f45c-8bcb-550a-7c28-25c9cc0a9d7c"",""yes_price_dollars"":""0.7300""}"
KXETH15M-26APR280430-30,8d650b22-eaff-4dbe-91bf-8e9acf8300f4,1777364434,0.73,68.0,yes,"{""count_fp"":""68.00"",""created_time"":""2026-04-28T08:20:34.214878Z"",""no_price_dollars"":""0.2700"",""taker_side"":""yes"",""ticker"":""KXETH15M-26APR280430-30"",""trade_id"":""8d650b22-eaff-4dbe-91bf-8e9acf8300f4"",""yes_price_dollars"":""0.7300""}"
KXETH15M-26APR280430-30,366db6b1-91ee-454e-af5d-e9b4e16e2e18,1777364434,0.72,1.0,yes,"{""count_fp"":""1.00"",""created_time"":""2026-04-28T08:20:34.214878Z"",""no_price_dollars"":""0.2800"",""taker_side"":""yes"",""ticker"":""KXETH15M-26APR280430-30"",""trade_id"":""366db6b1-91ee-454e-af5d-e9b4e16e2e18"",""yes_price_dollars"":""0.7200""}"
KXETH15M-26APR280430-30,fefb3df2-7130-66c3-b2c6-2f409a65acda,1777364454,0.82,6.0,yes,"{""count_fp"":""6.00"",""created_time"":""2026-04-28T08:20:54.332733Z"",""no_price_dollars"":""0.1800"",""taker_side"":""yes"",""ticker"":""KXETH15M-26APR280430-30"",""trade_id"":""fefb3df2-7130-66c3-b2c6-2f409a65acda"",""yes_price_dollars"":""0.8200""}"
KXETH15M-26APR280430-30,38acd8b2-79a0-6dbc-e630-d376a6aa41cd,1777364455,0.8,10.0,no,"{""count_fp"":""10.00"",""created_time"":""2026-04-28T08:20:55.524197Z"",""no_price_dollars"":""0.2000"",""taker_side"":""no"",""ticker"":""KXETH15M-26APR280430-30"",""trade_id"":""38acd8b2-79a0-6dbc-e630-d376a6aa41cd"",""yes_price_dollars"":""0.8000""}"
KXETH15M-26APR280430-30,722d5fb2-6d26-77ac-5cda-4a2ef5c3705b,1777364459,0.79,1.0,yes,"{""count_fp"":""1.00"",""created_time"":""2026-04-28T08:20:59.890247Z"",""no_price_dollars"":""0.2100"",""taker_side"":""yes"",""ticker"":""KXETH15M-26APR280430-30"",""trade_id"":""722d5fb2-6d26-77ac-5cda-4a2ef5c3705b"",""yes_price_dollars"":""0.7900""}"
KXETH15M-26APR280430-30,3ac54960-04bb-7dbf-07bb-0a3ba14f0c22,1777364460,0.8,5.0,yes,"{""count_fp"":""5.00"",""created_time"":""2026-04-28T08:21:00.874797Z"",""no_price_dollars"":""0.2000"",""taker_side"":""yes"",""ticker"":""KXETH15M-26APR280430-30"",""trade_id"":""3ac54960-04bb-7dbf-07bb-0a3ba14f0c22"",""yes_price_dollars"":""0.8000""}"
KXETH15M-26APR280430-30,94e37660-2fb9-74b5-30a7-fe51b907d2ed,1777364465,0.79,1.0,yes,"{""count_fp"":""1.00"",""created_time"":""2026-04-28T08:21:05.109983Z"",""no_price_dollars"":""0.2100"",""taker_side"":""yes"",""ticker"":""KXETH15M-26APR280430-30"",""trade_id"":""94e37660-2fb9-74b5-30a7-fe51b907d2ed"",""yes_price_dollars"":""0.7900""}"
KXETH15M-26APR280430-30,a9cec108-3e56-4b4a-4c68-280660b0966c,1777364473,0.79,50.0,no,"{""count_fp"":""50.00"",""created_time"":""2026-04-28T08:21:13.638267Z"",""no_price_dollars"":""0.2100"",""taker_side"":""no"",""ticker"":""KXETH15M-26APR280430-30"",""trade_id"":""a9cec108-3e56-4b4a-4c68-280660b0966c"",""yes_price_dollars"":""0.7900""}"
KXETH15M-26APR280430-30,98811c37-fcef-7da8-9db0-13c4ee512e7d,1777364477,0.75,7.0,no,"{""count_fp"":""7.00"",""created_time"":""2026-04-28T08:21:17.006055Z"",""no_price_dollars"":""0.2500"",""taker_side"":""no"",""ticker"":""KXETH15M-26APR280430-30"",""trade_id"":""98811c37-fcef-7da8-9db0-13c4ee512e7d"",""yes_price_dollars"":""0.7500""}"
KXETH15M-26APR280430-30,d45f94bb-2a4f-5f7b-6ec7-83811f7332e4,1777364494,0.81,6.57,yes,"{""count_fp"":""6.57"",""created_time"":""2026-04-28T08:21:34.898468Z"",""no_price_dollars"":""0.1900"",""taker_side"":""yes"",""ticker"":""KXETH15M-26APR280430-30"",""trade_id"":""d45f94bb-2a4f-5f7b-6ec7-83811f7332e4"",""yes_price_dollars"":""0.8100""}"
KXETH15M-26APR280430-30,5fb732a1-db67-6383-be3a-a0e66c511712,1777364503,0.77,12.0,yes,"{""count_fp"":""12.00"",""created_time"":""2026-04-28T08:21:43.442853Z"",""no_price_dollars"":""0.2300"",""taker_side"":""yes"",""ticker"":""KXETH15M-26APR280430-30"",""trade_id"":""5fb732a1-db67-6383-be3a-a0e66c511712"",""yes_price_dollars"":""0.7700""}"
KXETH15M-26APR280430-30,062511a4-310f-4506-f088-e92e2e32f784,1777364506,0.73,10.0,no,"{""count_fp"":""10.00"",""created_time"":""2026-04-28T08:21:46.175385Z"",""no_price_dollars"":""0.2700"",""taker_side"":""no"",""ticker"":""KXETH15M-26APR280430-30"",""trade_id"":""062511a4-310f-4506-f088-e92e2e32f784"",""yes_price_dollars"":""0.7300""}"
KXETH15M-26APR280430-30,f72abbc9-0f64-50ff-fab4-d925f93c1a63,1777364508,0.74,5.0,yes,"{""count_fp"":""5.00"",""created_time"":""2026-04-28T08:21:48.308749Z"",""no_price_dollars"":""0.2600"",""taker_side"":""yes"",""ticker"":""KXETH15M-26APR280430-30"",""trade_id"":""f72abbc9-0f64-50ff-fab4-d925f93c1a63"",""yes_price_dollars"":""0.7400""}"
KXETH15M-26APR280430-30,b39f08da-6bcf-5cb4-e5be-8df78482e36b,1777364508,0.71,5.0,yes,"{""count_fp"":""5.00"",""created_time"":""2026-04-28T08:21:48.308749Z"",""no_price_dollars"":""0.2900"",""taker_side"":""yes"",""ticker"":""KXETH15M-26APR280430-30"",""trade_id"":""b39f08da-6bcf-5cb4-e5be-8df78482e36b"",""yes_price_dollars"":""0.7100""}"
KXETH15M-26APR280430-30,6997fd00-6c48-5a6e-b6be-540cca9b8e12,1777364513,0.66,10.0,no,"{""count_fp"":""10.00"",""created_time"":""2026-04-28T08:21:53.433214Z"",""no_price_dollars"":""0.3400"",""taker_side"":""no"",""ticker"":""KXETH15M-26APR280430-30"",""trade_id"":""6997fd00-6c48-5a6e-b6be-540cca9b8e12"",""yes_price_dollars"":""0.6600""}"
KXETH15M-26APR280430-30,11a3eff9-8dd5-5971-a4be-c89202a3142e,1777364513,0.66,17.39,no,"{""count_fp"":""17.39"",""created_time"":""2026-04-28T08:21:53.433214Z"",""no_price_dollars"":""0.3400"",""taker_side"":""no"",""ticker"":""KXETH15M-26APR280430-30"",""trade_id"":""11a3eff9-8dd5-5971-a4be-c89202a3142e"",""yes_price_dollars"":""0.6600""}"
KXETH15M-26APR280430-30,082245e9-9d0c-557b-0437-89443539b0b0,1777364518,0.65,1.0,yes,"{""count_fp"":""1.00"",""created_time"":""2026-04-28T08:21:58.689009Z"",""no_price_dollars"":""0.3500"",""taker_side"":""yes"",""ticker"":""KXETH15M-26APR280430-30"",""trade_id"":""082245e9-9d0c-557b-0437-89443539b0b0"",""yes_price_dollars"":""0.6500""}"
KXETH15M-26APR280430-30,676f51e0-7d25-783a-fde7-5681c01683e9,1777364528,0.6,8.0,no,"{""count_fp"":""8.00"",""created_time"":""2026-04-28T08:22:08.689359Z"",""no_price_dollars"":""0.4000"",""taker_side"":""no"",""ticker"":""KXETH15M-26APR280430-30"",""trade_id"":""676f51e0-7d25-783a-fde7-5681c01683e9"",""yes_price_dollars"":""0.6000""}"
KXETH15M-26APR280430-30,6ea3a4cf-f84d-5b62-3df6-05ff1b91f5f1,1777364528,0.6,1.0,no,"{""count_fp"":""1.00"",""created_time"":""2026-04-28T08:22:08.197711Z"",""no_price_dollars"":""0.4000"",""taker_side"":""no"",""ticker"":""KXETH15M-26APR280430-30"",""trade_id"":""6ea3a4cf-f84d-5b62-3df6-05ff1b91f5f1"",""yes_price_dollars"":""0.6000""}"
KXETH15M-26APR280430-30,be2bf36b-8e8c-4900-3aae-2c9f38dcf075,1777364529,0.56,1.0,no,"{""count_fp"":""1.00"",""created_time"":""2026-04-28T08:22:09.204624Z"",""no_price_dollars"":""0.4400"",""taker_side"":""no"",""ticker"":""KXETH15M-26APR280430-30"",""trade_id"":""be2bf36b-8e8c-4900-3aae-2c9f38dcf075"",""yes_price_dollars"":""0.5600""}"
KXETH15M-26APR280430-30,2cc6dbc4-0cce-424e-03ce-7d0a8ad12c6c,1777364529,0.54,7.0,no,"{""count_fp"":""7.00"",""created_time"":""2026-04-28T08:22:09.204624Z"",""no_price_dollars"":""0.4600"",""taker_side"":""no"",""ticker"":""KXETH15M-26APR280430-30"",""trade_id"":""2cc6dbc4-0cce-424e-03ce-7d0a8ad12c6c"",""yes_price_dollars"":""0.5400""}"
KXETH15M-26APR280430-30,c3eadda2-478f-62f3-26ba-957a9cf871af,1777364530,0.54,4.0,yes,"{""count_fp"":""4.00"",""created_time"":""2026-04-28T08:22:10.664471Z"",""no_price_dollars"":""0.4600"",""taker_side"":""yes"",""ticker"":""KXETH15M-26APR280430-30"",""trade_id"":""c3eadda2-478f-62f3-26ba-957a9cf871af"",""yes_price_dollars"":""0.5400""}"
KXETH15M-26APR280430-30,7241693a-1489-66e4-133f-68eda139e6d3,1777364530,0.54,10.0,yes,"{""count_fp"":""10.00"",""created_time"":""2026-04-28T08:22:10.664471Z"",""no_price_dollars"":""0.4600"",""taker_side"":""yes"",""ticker"":""KXETH15M-26APR280430-30"",""trade_id"":""7241693a-1489-66e4-133f-68eda139e6d3"",""yes_price_dollars"":""0.5400""}"
KXETH15M-26APR280430-30,59823a65-12e0-56ca-68ad-daa5a379b5f0,1777364535,0.57,60.0,yes,"{""count_fp"":""60.00"",""created_time"":""2026-04-28T08:22:15.546312Z"",""no_price_dollars"":""0.4300"",""taker_side"":""yes"",""ticker"":""KXETH15M-26APR280430-30"",""trade_id"":""59823a65-12e0-56ca-68ad-daa5a379b5f0"",""yes_price_dollars"":""0.5700""}"
KXETH15M-26APR280430-30,16bff387-eb65-4e63-c74f-82ac4edba368,1777364535,0.56,10.0,yes,"{""count_fp"":""10.00"",""created_time"":""2026-04-28T08:22:15.369818Z"",""no_price_dollars"":""0.4400"",""taker_side"":""yes"",""ticker"":""KXETH15M-26APR280430-30"",""trade_id"":""16bff387-eb65-4e63-c74f-82ac4edba368"",""yes_price_dollars"":""0.5600""}"
KXETH15M-26APR280430-30,845a1ebe-592b-5c8b-1128-50f2f641cb93,1777364535,0.56,0.37,yes,"{""count_fp"":""0.37"",""created_time"":""2026-04-28T08:22:15.331611Z"",""no_price_dollars"":""0.4400"",""taker_side"":""yes"",""ticker"":""KXETH15M-26APR280430-30"",""trade_id"":""845a1ebe-592b-5c8b-1128-50f2f641cb93"",""yes_price_dollars"":""0.5600""}"
KXETH15M-26APR280430-30,c2ecab8d-267b-553b-7a5c-3f48c3c46233,1777364535,0.56,18.0,yes,"{""count_fp"":""18.00"",""created_time"":""2026-04-28T08:22:15.314119Z"",""no_price_dollars"":""0.4400"",""taker_side"":""yes"",""ticker"":""KXETH15M-26APR280430-30"",""trade_id"":""c2ecab8d-267b-553b-7a5c-3f48c3c46233"",""yes_price_dollars"":""0.5600""}"
KXETH15M-26APR280430-30,752f88b0-9658-5e97-6f50-495c279c60a6,1777364535,0.55,100.0,yes,"{""count_fp"":""100.00"",""created_time"":""2026-04-28T08:22:15.314119Z"",""no_price_dollars"":""0.4500"",""taker_side"":""yes"",""ticker"":""KXETH15M-26APR280430-30"",""trade_id"":""752f88b0-9658-5e97-6f50-495c279c60a6"",""yes_price_dollars"":""0.5500""}"
KXETH15M-26APR280430-30,308546a1-a7a8-5517-40b1-8ee6a2a24bca,1777364535,0.56,10.0,yes,"{""count_fp"":""10.00"",""created_time"":""2026-04-28T08:22:15.314119Z"",""no_price_dollars"":""0.4400"",""taker_side"":""yes"",""ticker"":""KXETH15M-26APR280430-30"",""trade_id"":""308546a1-a7a8-5517-40b1-8ee6a2a24bca"",""yes_price_dollars"":""0.5600""}"
KXETH15M-26APR280430-30,a7409fc8-5f4d-7163-5c40-7a9433e82395,1777364535,0.56,1.0,no,"{""count_fp"":""1.00"",""created_time"":""2026-04-28T08:22:15.114254Z"",""no_price_dollars"":""0.4400"",""taker_side"":""no"",""ticker"":""KXETH15M-26APR280430-30"",""trade_id"":""a7409fc8-5f4d-7163-5c40-7a9433e82395"",""yes_price_dollars"":""0.5600""}"
KXETH15M-26APR280430-30,8581d38d-86c0-614c-f7a2-49f2aeb9ba4b,1777364538,0.57,1.0,no,"{""count_fp"":""1.00"",""created_time"":""2026-04-28T08:22:18.733648Z"",""no_price_dollars"":""0.4300"",""taker_side"":""no"",""ticker"":""KXETH15M-26APR280430-30"",""trade_id"":""8581d38d-86c0-614c-f7a2-49f2aeb9ba4b"",""yes_price_dollars"":""0.5700""}"
KXETH15M-26APR280430-30,9d2eb7c3-1038-51f5-bc70-1c09dc49bee5,1777364542,0.62,10.0,yes,"{""count_fp"":""10.00"",""created_time"":""2026-04-28T08:22:22.782072Z"",""no_price_dollars"":""0.3800"",""taker_side"":""yes"",""ticker"":""KXETH15M-26APR280430-30"",""trade_id"":""9d2eb7c3-1038-51f5-bc70-1c09dc49bee5"",""yes_price_dollars"":""0.6200""}"
KXETH15M-26APR280430-30,bfac4f5b-7d78-7845-9b7c-50d852de60d1,1777364542,0.6,1.0,yes,"{""count_fp"":""1.00"",""created_time"":""2026-04-28T08:22:22.779924Z"",""no_price_dollars"":""0.4000"",""taker_side"":""yes"",""ticker"":""KXETH15M-26APR280430-30"",""trade_id"":""bfac4f5b-7d78-7845-9b7c-50d852de60d1"",""yes_price_dollars"":""0.6000""}"
KXETH15M-26APR280430-30,861b8896-dc44-59ed-25a5-6db115d388d1,1777364542,0.6,44.0,yes,"{""count_fp"":""44.00"",""created_time"":""2026-04-28T08:22:22.769027Z"",""no_price_dollars"":""0.4000"",""taker_side"":""yes"",""ticker"":""KXETH15M-26APR280430-30"",""trade_id"":""861b8896-dc44-59ed-25a5-6db115d388d1"",""yes_price_dollars"":""0.6000""}"
KXETH15M-26APR280430-30,8bde8b68-7025-7d45-8520-46b9c2c195ee,1777364550,0.64,29.24,no,"{""count_fp"":""29.24"",""created_time"":""2026-04-28T08:22:30.937927Z"",""no_price_dollars"":""0.3600"",""taker_side"":""no"",""ticker"":""KXETH15M-26APR280430-30"",""trade_id"":""8bde8b68-7025-7d45-8520-46b9c2c195ee"",""yes_price_dollars"":""0.6400""}"
KXETH15M-26APR280430-30,606d5705-e907-62f7-1446-ce94e9d81432,1777364553,0.68,9.0,yes,"{""count_fp"":""9.00"",""created_time"":""2026-04-28T08:22:33.190518Z"",""no_price_dollars"":""0.3200"",""taker_side"":""yes"",""ticker"":""KXETH15M-26APR280430-30"",""trade_id"":""606d5705-e907-62f7-1446-ce94e9d81432"",""yes_price_dollars"":""0.6800""}"
KXETH15M-26APR280430-30,5486c850-2c53-63f3-10e5-6c7e1b81aca7,1777364553,0.68,10.0,yes,"{""count_fp"":""10.00"",""created_time"":""2026-04-28T08:22:33.190518Z"",""no_price_dollars"":""0.3200"",""taker_side"":""yes"",""ticker"":""KXETH15M-26APR280430-30"",""trade_id"":""5486c850-2c53-63f3-10e5-6c7e1b81aca7"",""yes_price_dollars"":""0.6800""}"
KXETH15M-26APR280430-30,273f13f0-d4bb-6aaf-0095-2f6071e163f2,1777364562,0.63,1.1,yes,"{""count_fp"":""1.10"",""created_time"":""2026-04-28T08:22:42.487967Z"",""no_price_dollars"":""0.3700"",""taker_side"":""yes"",""ticker"":""KXETH15M-26APR280430-30"",""trade_id"":""273f13f0-d4bb-6aaf-0095-2f6071e163f2"",""yes_price_dollars"":""0.6300""}"
KXETH15M-26APR280430-30,8c388cac-99ab-7a8f-07dd-ba41fef805d6,1777364563,0.63,6.17,yes,"{""count_fp"":""6.17"",""created_time"":""2026-04-28T08:22:43.460813Z"",""no_price_dollars"":""0.3700"",""taker_side"":""yes"",""ticker"":""KXETH15M-26APR280430-30"",""trade_id"":""8c388cac-99ab-7a8f-07dd-ba41fef805d6"",""yes_price_dollars"":""0.6300""}"
KXETH15M-26APR280430-30,8cf8ef87-c7a3-4e27-dcde-a4e4774f93b2,1777364565,0.63,17.0,yes,"{""count_fp"":""17.00"",""created_time"":""2026-04-28T08:22:45.254571Z"",""no_price_dollars"":""0.3700"",""taker_side"":""yes"",""ticker"":""KXETH15M-26APR280430-30"",""trade_id"":""8cf8ef87-c7a3-4e27-dcde-a4e4774f93b2"",""yes_price_dollars"":""0.6300""}"
KXETH15M-26APR280430-30,e79a117f-bf6f-5e4b-a97d-50c879c9fb4e,1777364566,0.73,10.0,yes,"{""count_fp"":""10.00"",""created_time"":""2026-04-28T08:22:46.340933Z"",""no_price_dollars"":""0.2700"",""taker_side"":""yes"",""ticker"":""KXETH15M-26APR280430-30"",""trade_id"":""e79a117f-bf6f-5e4b-a97d-50c879c9fb4e"",""yes_price_dollars"":""0.7300""}"
KXETH15M-26APR280430-30,98397611-06ea-5469-b3c5-d208448986dc,1777364566,0.74,133.0,yes,"{""count_fp"":""133.00"",""created_time"":""2026-04-28T08:22:46.340933Z"",""no_price_dollars"":""0.2600"",""taker_side"":""yes"",""ticker"":""KXETH15M-26APR280430-30"",""trade_id"":""98397611-06ea-5469-b3c5-d208448986dc"",""yes_price_dollars"":""0.7400""}"
KXETH15M-26APR280430-30,2f7d4083-43ec-5f23-a6be-0fb8e16efcb7,1777364566,0.73,7.0,yes,"{""count_fp"":""7.00"",""created_time"":""2026-04-28T08:22:46.340933Z"",""no_price_dollars"":""0.2700"",""taker_side"":""yes"",""ticker"":""KXETH15M-26APR280430-30"",""trade_id"":""2f7d4083-43ec-5f23-a6be-0fb8e16efcb7"",""yes_price_dollars"":""0.7300""}"
KXETH15M-26APR280430-30,7556e957-a433-6519-0d55-af583d5df90d,1777364566,0.67,10.0,yes,"{""count_fp"":""10.00"",""created_time"":""2026-04-28T08:22:46.068891Z"",""no_price_dollars"":""0.3300"",""taker_side"":""yes"",""ticker"":""KXETH15M-26APR280430-30"",""trade_id"":""7556e957-a433-6519-0d55-af583d5df90d"",""yes_price_dollars"":""0.6700""}"
KXETH15M-26APR280430-30,9a9c9f96-543b-5463-4a90-7d89a0bfffb2,1777364566,0.63,0.73,yes,"{""count_fp"":""0.73"",""created_time"":""2026-04-28T08:22:46.043972Z"",""no_price_dollars"":""0.3700"",""taker_side"":""yes"",""ticker"":""KXETH15M-26APR280430-30"",""trade_id"":""9a9c9f96-543b-5463-4a90-7d89a0bfffb2"",""yes_price_dollars"":""0.6300""}"
KXETH15M-26APR280430-30,09d579cd-99fd-6421-4ac0-f500b69e3b3f,1777364568,0.74,10.0,no,"{""count_fp"":""10.00"",""created_time"":""2026-04-28T08:22:48.768842Z"",""no_price_dollars"":""0.2600"",""taker_side"":""no"",""ticker"":""KXETH15M-26APR280430-30"",""trade_id"":""09d579cd-99fd-6421-4ac0-f500b69e3b3f"",""yes_price_dollars"":""0.7400""}"
KXETH15M-26APR280430-30,e368346a-542e-76d2-2675-033460e480f2,1777364575,0.62,10.0,no,"{""count_fp"":""10.00"",""created_time"":""2026-04-28T08:22:55.410977Z"",""no_price_dollars"":""0.3800"",""taker_side"":""no"",""ticker"":""KXETH15M-26APR280430-30"",""trade_id"":""e368346a-542e-76d2-2675-033460e480f2"",""yes_price_dollars"":""0.6200""}"
KXETH15M-26APR280430-30,b88eaad5-8c39-77db-f387-2306c083ea86,1777364575,0.63,5.0,no,"{""count_fp"":""5.00"",""created_time"":""2026-04-28T08:22:55.378212Z"",""no_price_dollars"":""0.3700"",""taker_side"":""no"",""ticker"":""KXETH15M-26APR280430-30"",""trade_id"":""b88eaad5-8c39-77db-f387-2306c083ea86"",""yes_price_dollars"":""0.6300""}"
KXETH15M-26APR280430-30,4760d8e8-dbb4-7ab0-f18e-7f658dea3907,1777364575,0.64,10.0,no,"{""count_fp"":""10.00"",""created_time"":""2026-04-28T08:22:55.378212Z"",""no_price_dollars"":""0.3600"",""taker_side"":""no"",""ticker"":""KXETH15M-26APR280430-30"",""trade_id"":""4760d8e8-dbb4-7ab0-f18e-7f658dea3907"",""yes_price_dollars"":""0.6400""}"
KXETH15M-26APR280430-30,640c8fa6-bd68-6439-4f6f-77afb9e357db,1777364578,0.58,8.66,yes,"{""count_fp"":""8.66"",""created_time"":""2026-04-28T08:22:58.593089Z"",""no_price_dollars"":""0.4200"",""taker_side"":""yes"",""ticker"":""KXETH15M-26APR280430-30"",""trade_id"":""640c8fa6-bd68-6439-4f6f-77afb9e357db"",""yes_price_dollars"":""0.5800""}"
KXETH15M-26APR280430-30,c54db3ba-01fc-440e-5b58-b443b8e1b359,1777364587,0.56,10.0,yes,"{""count_fp"":""10.00"",""created_time"":""2026-04-28T08:23:07.147019Z"",""no_price_dollars"":""0.4400"",""taker_side"":""yes"",""ticker"":""KXETH15M-26APR280430-30"",""trade_id"":""c54db3ba-01fc-440e-5b58-b443b8e1b359"",""yes_price_dollars"":""0.5600""}"
KXETH15M-26APR280430-30,31afe9d1-fdf7-7e55-8645-b68a8edaac1d,1777364588,0.61,1.0,yes,"{""count_fp"":""1.00"",""created_time"":""2026-04-28T08:23:08.575771Z"",""no_price_dollars"":""0.3900"",""taker_side"":""yes"",""ticker"":""KXETH15M-26APR280430-30"",""trade_id"":""31afe9d1-fdf7-7e55-8645-b68a8edaac1d"",""yes_price_dollars"":""0.6100""}"
KXETH15M-26APR280430-30,196359b2-5655-42c1-5a19-947375440eb6,1777364589,0.58,4.52,no,"{""count_fp"":""4.52"",""created_time"":""2026-04-28T08:23:09.949031Z"",""no_price_dollars"":""0.4200"",""taker_side"":""no"",""ticker"":""KXETH15M-26APR280430-30"",""trade_id"":""196359b2-5655-42c1-5a19-947375440eb6"",""yes_price_dollars"":""0.5800""}"
KXETH15M-26APR280430-30,0dd12e7f-cdc9-73b1-2b5a-783ac027904e,1777364589,0.58,10.25,no,"{""count_fp"":""10.25"",""created_time"":""2026-04-28T08:23:09.750729Z"",""no_price_dollars"":""0.4200"",""taker_side"":""no"",""ticker"":""KXETH15M-26APR280430-30"",""trade_id"":""0dd12e7f-cdc9-73b1-2b5a-783ac027904e"",""yes_price_dollars"":""0.5800""}"
KXETH15M-26APR280430-30,944c5c50-adc2-7818-5b3f-f051f8214e00,1777364592,0.58,1.0,no,"{""count_fp"":""1.00"",""created_time"":""2026-04-28T08:23:12.516957Z"",""no_price_dollars"":""0.4200"",""taker_side"":""no"",""ticker"":""KXETH15M-26APR280430-30"",""trade_id"":""944c5c50-adc2-7818-5b3f-f051f8214e00"",""yes_price_dollars"":""0.5800""}"
KXETH15M-26APR280430-30,afb28bd4-e1f0-6acd-043c-9e22ff82d71f,1777364597,0.6,16.21,yes,"{""count_fp"":""16.21"",""created_time"":""2026-04-28T08:23:17.896191Z"",""no_price_dollars"":""0.4000"",""taker_side"":""yes"",""ticker"":""KXETH15M-26APR280430-30"",""trade_id"":""afb28bd4-e1f0-6acd-043c-9e22ff82d71f"",""yes_price_dollars"":""0.6000""}"
KXETH15M-26APR280430-30,8d0710ef-f190-443d-4ace-e2a78dc8eefb,1777364599,0.6,40.53,yes,"{""count_fp"":""40.53"",""created_time"":""2026-04-28T08:23:19.611365Z"",""no_price_dollars"":""0.4000"",""taker_side"":""yes"",""ticker"":""KXETH15M-26APR280430-30"",""trade_id"":""8d0710ef-f190-443d-4ace-e2a78dc8eefb"",""yes_price_dollars"":""0.6000""}"
KXETH15M-26APR280430-30,ad7ae1c2-b1c0-46fd-9654-f78c1070751f,1777364600,0.6,3.71,yes,"{""count_fp"":""3.71"",""created_time"":""2026-04-28T08:23:20.021306Z"",""no_price_dollars"":""0.4000"",""taker_side"":""yes"",""ticker"":""KXETH15M-26APR280430-30"",""trade_id"":""ad7ae1c2-b1c0-46fd-9654-f78c1070751f"",""yes_price_dollars"":""0.6000""}"
KXETH15M-26APR280430-30,a0f91f01-7e00-79c1-81bc-66b57a45a3cf,1777364602,0.56,1.0,yes,"{""count_fp"":""1.00"",""created_time"":""2026-04-28T08:23:22.438522Z"",""no_price_dollars"":""0.4400"",""taker_side"":""yes"",""ticker"":""KXETH15M-26APR280430-30"",""trade_id"":""a0f91f01-7e00-79c1-81bc-66b57a45a3cf"",""yes_price_dollars"":""0.5600""}"
KXETH15M-26APR280430-30,f9ea5f64-3f14-4cbb-632e-bb3b68cfdb4d,1777364604,0.55,1.0,no,"{""count_fp"":""1.00"",""created_time"":""2026-04-28T08:23:24.148031Z"",""no_price_dollars"":""0.4500"",""taker_side"":""no"",""ticker"":""KXETH15M-26APR280430-30"",""trade_id"":""f9ea5f64-3f14-4cbb-632e-bb3b68cfdb4d"",""yes_price_dollars"":""0.5500""}"
KXETH15M-26APR280430-30,86963b2b-e8ec-452b-473f-1d41e73aa7bf,1777364604,0.55,10.0,no,"{""count_fp"":""10.00"",""created_time"":""2026-04-28T08:23:24.148031Z"",""no_price_dollars"":""0.4500"",""taker_side"":""no"",""ticker"":""KXETH15M-26APR280430-30"",""trade_id"":""86963b2b-e8ec-452b-473f-1d41e73aa7bf"",""yes_price_dollars"":""0.5500""}"
KXETH15M-26APR280430-30,0cb920c2-9f85-58a8-72c5-324f68238bbb,1777364612,0.55,2.13,no,"{""count_fp"":""2.13"",""created_time"":""2026-04-28T08:23:32.086709Z"",""no_price_dollars"":""0.4500"",""taker_side"":""no"",""ticker"":""KXETH15M-26APR280430-30"",""trade_id"":""0cb920c2-9f85-58a8-72c5-324f68238bbb"",""yes_price_dollars"":""0.5500""}"
KXETH15M-26APR280430-30,e29f6df4-2cc0-4541-403f-ef1db0f488cb,1777364615,0.54,1.17,yes,"{""count_fp"":""1.17"",""created_time"":""2026-04-28T08:23:35.990994Z"",""no_price_dollars"":""0.4600"",""taker_side"":""yes"",""ticker"":""KXETH15M-26APR280430-30"",""trade_id"":""e29f6df4-2cc0-4541-403f-ef1db0f488cb"",""yes_price_dollars"":""0.5400""}"
KXETH15M-26APR280430-30,ff269cce-a0b2-5d64-2a18-1e7051cf0bc6,1777364634,0.57,10.0,no,"{""count_fp"":""10.00"",""created_time"":""2026-04-28T08:23:54.650478Z"",""no_price_dollars"":""0.4300"",""taker_side"":""no"",""ticker"":""KXETH15M-26APR280430-30"",""trade_id"":""ff269cce-a0b2-5d64-2a18-1e7051cf0bc6"",""yes_price_dollars"":""0.5700""}"
KXETH15M-26APR280430-30,9b8ceb7d-e758-5e98-9b62-55803de283e9,1777364646,0.53,8.46,no,"{""count_fp"":""8.46"",""created_time"":""2026-04-28T08:24:06.968133Z"",""no_price_dollars"":""0.4700"",""taker_side"":""no"",""ticker"":""KXETH15M-26APR280430-30"",""trade_id"":""9b8ceb7d-e758-5e98-9b62-55803de283e9"",""yes_price_dollars"":""0.5300""}"
KXETH15M-26APR280430-30,58ba0f4a-8464-53e0-8fe0-25f86dc7a97f,1777364646,0.53,10.0,no,"{""count_fp"":""10.00"",""created_time"":""2026-04-28T08:24:06.968133Z"",""no_price_dollars"":""0.4700"",""taker_side"":""no"",""ticker"":""KXETH15M-26APR280430-30"",""trade_id"":""58ba0f4a-8464-53e0-8fe0-25f86dc7a97f"",""yes_price_dollars"":""0.5300""}"
KXETH15M-26APR280430-30,7d83a525-6ddf-42fa-f70b-8a07d41ccaeb,1777364656,0.5,2.0,no,"{""count_fp"":""2.00"",""created_time"":""2026-04-28T08:24:16.283336Z"",""no_price_dollars"":""0.5000"",""taker_side"":""no"",""ticker"":""KXETH15M-26APR280430-30"",""trade_id"":""7d83a525-6ddf-42fa-f70b-8a07d41ccaeb"",""yes_price_dollars"":""0.5000""}"
KXETH15M-26APR280430-30,b90ac0bf-8d5f-551d-dd88-1fd04d4a6645,1777364657,0.5,3.0,no,"{""count_fp"":""3.00"",""created_time"":""2026-04-28T08:24:17.710997Z"",""no_price_dollars"":""0.5000"",""taker_side"":""no"",""ticker"":""KXETH15M-26APR280430-30"",""trade_id"":""b90ac0bf-8d5f-551d-dd88-1fd04d4a6645"",""yes_price_dollars"":""0.5000""}"
KXETH15M-26APR280430-30,702a3491-0daf-47e1-a9b9-25af290b1431,1777364658,0.5,25.0,no,"{""count_fp"":""25.00"",""created_time"":""2026-04-28T08:24:18.648909Z"",""no_price_dollars"":""0.5000"",""taker_side"":""no"",""ticker"":""KXETH15M-26APR280430-30"",""trade_id"":""702a3491-0daf-47e1-a9b9-25af290b1431"",""yes_price_dollars"":""0.5000""}"
KXETH15M-26APR280430-30,b29bd204-582f-57dd-789f-e2f277fc4915,1777364661,0.5,5.79,no,"{""count_fp"":""5.79"",""created_time"":""2026-04-28T08:24:21.513653Z"",""no_price_dollars"":""0.5000"",""taker_side"":""no"",""ticker"":""KXETH15M-26APR280430-30"",""trade_id"":""b29bd204-582f-57dd-789f-e2f277fc4915"",""yes_price_dollars"":""0.5000""}"
KXETH15M-26APR280430-30,4ad9094f-88e0-6f49-5212-bd6abba0b57a,1777364663,0.51,3.65,yes,"{""count_fp"":""3.65"",""created_time"":""2026-04-28T08:24:23.775384Z"",""no_price_dollars"":""0.4900"",""taker_side"":""yes"",""ticker"":""KXETH15M-26APR280430-30"",""trade_id"":""4ad9094f-88e0-6f49-5212-bd6abba0b57a"",""yes_price_dollars"":""0.5100""}"
KXETH15M-26APR280430-30,55ac922d-92af-6b25-f759-cf366055d441,1777364666,0.5,3.0,no,"{""count_fp"":""3.00"",""created_time"":""2026-04-28T08:24:26.609072Z"",""no_price_dollars"":""0.5000"",""taker_side"":""no"",""ticker"":""KXETH15M-26APR280430-30"",""trade_id"":""55ac922d-92af-6b25-f759-cf366055d441"",""yes_price_dollars"":""0.5000""}"
KXETH15M-26APR280430-30,c1d26274-9bef-5ed1-574f-a7a596cbc67d,1777364666,0.5,2.0,no,"{""count_fp"":""2.00"",""created_time"":""2026-04-28T08:24:26.389337Z"",""no_price_dollars"":""0.5000"",""taker_side"":""no"",""ticker"":""KXETH15M-26APR280430-30"",""trade_id"":""c1d26274-9bef-5ed1-574f-a7a596cbc67d"",""yes_price_dollars"":""0.5000""}"
KXETH15M-26APR280430-30,bf85fa47-40d7-4aed-a53c-86c1359abd19,1777364669,0.5,0.21,no,"{""count_fp"":""0.21"",""created_time"":""2026-04-28T08:24:29.218799Z"",""no_price_dollars"":""0.5000"",""taker_side"":""no"",""ticker"":""KXETH15M-26APR280430-30"",""trade_id"":""bf85fa47-40d7-4aed-a53c-86c1359abd19"",""yes_price_dollars"":""0.5000""}"
KXETH15M-26APR280430-30,599bef85-74a3-5f45-ea3d-9e07eaa3bc35,1777364669,0.5,16.0,no,"{""count_fp"":""16.00"",""created_time"":""2026-04-28T08:24:29.190321Z"",""no_price_dollars"":""0.5000"",""taker_side"":""no"",""ticker"":""KXETH15M-26APR280430-30"",""trade_id"":""599bef85-74a3-5f45-ea3d-9e07eaa3bc35"",""yes_price_dollars"":""0.5000""}"
KXETH15M-26APR280430-30,f147dd42-4020-68a9-8bb0-bc3059c8b87b,1777364671,0.5,43.08,yes,"{""count_fp"":""43.08"",""created_time"":""2026-04-28T08:24:31.354872Z"",""no_price_dollars"":""0.5000"",""taker_side"":""yes"",""ticker"":""KXETH15M-26APR280430-30"",""trade_id"":""f147dd42-4020-68a9-8bb0-bc3059c8b87b"",""yes_price_dollars"":""0.5000""}"
KXETH15M-26APR280430-30,81289778-8312-6ec3-a68f-4f2c5da7c8dc,1777364671,0.5,10.0,yes,"{""count_fp"":""10.00"",""created_time"":""2026-04-28T08:24:31.354872Z"",""no_price_dollars"":""0.5000"",""taker_side"":""yes"",""ticker"":""KXETH15M-26APR280430-30"",""trade_id"":""81289778-8312-6ec3-a68f-4f2c5da7c8dc"",""yes_price_dollars"":""0.5000""}"
KXETH15M-26APR280430-30,8c23836b-a630-7878-e81f-1d51e8617245,1777364672,0.47,6.57,no,"{""count_fp"":""6.57"",""created_time"":""2026-04-28T08:24:32.753147Z"",""no_price_dollars"":""0.5300"",""taker_side"":""no"",""ticker"":""KXETH15M-26APR280430-30"",""trade_id"":""8c23836b-a630-7878-e81f-1d51e8617245"",""yes_price_dollars"":""0.4700""}"
KXETH15M-26APR280430-30,4b064d0f-52b1-42be-05e4-ec79745b39e7,1777364674,0.47,1.0,no,"{""count_fp"":""1.00"",""created_time"":""2026-04-28T08:24:34.910662Z"",""no_price_dollars"":""0.5300"",""taker_side"":""no"",""ticker"":""KXETH15M-26APR280430-30"",""trade_id"":""4b064d0f-52b1-42be-05e4-ec79745b39e7"",""yes_price_dollars"":""0.4700""}"
KXETH15M-26APR280430-30,26e06370-b445-7d9e-b686-2a6ddf2a1b0f,1777364674,0.47,12.0,no,"{""count_fp"":""12.00"",""created_time"":""2026-04-28T08:24:34.006662Z"",""no_price_dollars"":""0.5300"",""taker_side"":""no"",""ticker"":""KXETH15M-26APR280430-30"",""trade_id"":""26e06370-b445-7d9e-b686-2a6ddf2a1b0f"",""yes_price_dollars"":""0.4700""}"
KXETH15M-26APR280430-30,ef138f16-8297-62c9-6552-b890c93b39ed,1777364675,0.53,10.0,yes,"{""count_fp"":""10.00"",""created_time"":""2026-04-28T08:24:35.658098Z"",""no_price_dollars"":""0.4700"",""taker_side"":""yes"",""ticker"":""KXETH15M-26APR280430-30"",""trade_id"":""ef138f16-8297-62c9-6552-b890c93b39ed"",""yes_price_dollars"":""0.5300""}"
KXETH15M-26APR280430-30,4e2319c7-8d97-52c3-85a7-bffdc05817a5,1777364684,0.51,1.0,no,"{""count_fp"":""1.00"",""created_time"":""2026-04-28T08:24:44.503323Z"",""no_price_dollars"":""0.4900"",""taker_side"":""no"",""ticker"":""KXETH15M-26APR280430-30"",""trade_id"":""4e2319c7-8d97-52c3-85a7-bffdc05817a5"",""yes_price_dollars"":""0.5100""}"
KXETH15M-26APR280430-30,3eb87980-6ac0-7dd8-2086-414bbf3423f9,1777364687,0.46,10.0,no,"{""count_fp"":""10.00"",""created_time"":""2026-04-28T08:24:47.483555Z"",""no_price_dollars"":""0.5400"",""taker_side"":""no"",""ticker"":""KXETH15M-26APR280430-30"",""trade_id"":""3eb87980-6ac0-7dd8-2086-414bbf3423f9"",""yes_price_dollars"":""0.4600""}"
KXETH15M-26APR280430-30,c079e998-836b-4806-6ee0-10ff944ec61a,1777364688,0.45,10.0,no,"{""count_fp"":""10.00"",""created_time"":""2026-04-28T08:24:48.496069Z"",""no_price_dollars"":""0.5500"",""taker_side"":""no"",""ticker"":""KXETH15M-26APR280430-30"",""trade_id"":""c079e998-836b-4806-6ee0-10ff944ec61a"",""yes_price_dollars"":""0.4500""}"
KXETH15M-26APR280430-30,7badc737-00ff-4086-473f-f101c2c4e235,1777364688,0.45,10.0,no,"{""count_fp"":""10.00"",""created_time"":""2026-04-28T08:24:48.496069Z"",""no_price_dollars"":""0.5500"",""taker_side"":""no"",""ticker"":""KXETH15M-26APR280430-30"",""trade_id"":""7badc737-00ff-4086-473f-f101c2c4e235"",""yes_price_dollars"":""0.4500""}"
KXETH15M-26APR280430-30,bcdd9a2e-7284-411f-29f8-ef21e853be52,1777364689,0.44,1.0,no,"{""count_fp"":""1.00"",""created_time"":""2026-04-28T08:24:49.433493Z"",""no_price_dollars"":""0.5600"",""taker_side"":""no"",""ticker"":""KXETH15M-26APR280430-30"",""trade_id"":""bcdd9a2e-7284-411f-29f8-ef21e853be52"",""yes_price_dollars"":""0.4400""}"
KXETH15M-26APR280430-30,835330ad-4c08-4813-e0d8-4ac9499e5602,1777364690,0.45,1.0,no,"{""count_fp"":""1.00"",""created_time"":""2026-04-28T08:24:50.880329Z"",""no_price_dollars"":""0.5500"",""taker_side"":""no"",""ticker"":""KXETH15M-26APR280430-30"",""trade_id"":""835330ad-4c08-4813-e0d8-4ac9499e5602"",""yes_price_dollars"":""0.4500""}"
KXETH15M-26APR280430-30,6d8d153d-7d10-4659-e446-c4376ed21196,1777364690,0.4,5.0,no,"{""count_fp"":""5.00"",""created_time"":""2026-04-28T08:24:50.880329Z"",""no_price_dollars"":""0.6000"",""taker_side"":""no"",""ticker"":""KXETH15M-26APR280430-30"",""trade_id"":""6d8d153d-7d10-4659-e446-c4376ed21196"",""yes_price_dollars"":""0.4000""}"
KXETH15M-26APR280430-30,3f05edf2-8c78-4c38-c107-c200184a10d0,1777364690,0.41,10.0,no,"{""count_fp"":""10.00"",""created_time"":""2026-04-28T08:24:50.880329Z"",""no_price_dollars"":""0.5900"",""taker_side"":""no"",""ticker"":""KXETH15M-26APR280430-30"",""trade_id"":""3f05edf2-8c78-4c38-c107-c200184a10d0"",""yes_price_dollars"":""0.4100""}"
KXETH15M-26APR280430-30,2fbe8e67-1249-439c-e7f0-30828e9b9aef,1777364690,0.4,12.0,no,"{""count_fp"":""12.00"",""created_time"":""2026-04-28T08:24:50.880329Z"",""no_price_dollars"":""0.6000"",""taker_side"":""no"",""ticker"":""KXETH15M-26APR280430-30"",""trade_id"":""2fbe8e67-1249-439c-e7f0-30828e9b9aef"",""yes_price_dollars"":""0.4000""}"
KXETH15M-26APR280430-30,6fefea79-d7ab-4e74-4209-12b36167cd86,1777364693,0.42,100.0,yes,"{""count_fp"":""100.00"",""created_time"":""2026-04-28T08:24:53.957928Z"",""no_price_dollars"":""0.5800"",""taker_side"":""yes"",""ticker"":""KXETH15M-26APR280430-30"",""trade_id"":""6fefea79-d7ab-4e74-4209-12b36167cd86"",""yes_price_dollars"":""0.4200""}"
KXETH15M-26APR280430-30,91d263b8-62b1-58cb-1abc-cb03e25818d9,1777364697,0.42,1.0,no,"{""count_fp"":""1.00"",""created_time"":""2026-04-28T08:24:57.235414Z"",""no_price_dollars"":""0.5800"",""taker_side"":""no"",""ticker"":""KXETH15M-26APR280430-30"",""trade_id"":""91d263b8-62b1-58cb-1abc-cb03e25818d9"",""yes_price_dollars"":""0.4200""}"
KXETH15M-26APR280430-30,ed6e3a93-75fb-6b58-24e9-2cc63c59a383,1777364699,0.41,1.0,yes,"{""count_fp"":""1.00"",""created_time"":""2026-04-28T08:24:59.642793Z"",""no_price_dollars"":""0.5900"",""taker_side"":""yes"",""ticker"":""KXETH15M-26APR280430-30"",""trade_id"":""ed6e3a93-75fb-6b58-24e9-2cc63c59a383"",""yes_price_dollars"":""0.4100""}"
KXETH15M-26APR280430-30,335c5fc1-b8c4-5795-eef9-4f96c01e2f91,1777364699,0.41,3.0,no,"{""count_fp"":""3.00"",""created_time"":""2026-04-28T08:24:59.011774Z"",""no_price_dollars"":""0.5900"",""taker_side"":""no"",""ticker"":""KXETH15M-26APR280430-30"",""trade_id"":""335c5fc1-b8c4-5795-eef9-4f96c01e2f91"",""yes_price_dollars"":""0.4100""}"
KXETH15M-26APR280430-30,33441033-39ed-623a-8dc8-56124f0a63bb,1777364700,0.41,1.0,no,"{""count_fp"":""1.00"",""created_time"":""2026-04-28T08:25:00.913474Z"",""no_price_dollars"":""0.5900"",""taker_side"":""no"",""ticker"":""KXETH15M-26APR280430-30"",""trade_id"":""33441033-39ed-623a-8dc8-56124f0a63bb"",""yes_price_dollars"":""0.4100""}"
KXETH15M-26APR280430-30,db59c01f-ebcd-74de-1840-fe7d7cf7edab,1777364700,0.4,1.0,no,"{""count_fp"":""1.00"",""created_time"":""2026-04-28T08:25:00.722407Z"",""no_price_dollars"":""0.6000"",""taker_side"":""no"",""ticker"":""KXETH15M-26APR280430-30"",""trade_id"":""db59c01f-ebcd-74de-1840-fe7d7cf7edab"",""yes_price_dollars"":""0.4000""}"
KXETH15M-26APR280430-30,e0234302-3627-40a8-a663-e943fbfe5d4f,1777364700,0.39,100.0,yes,"{""count_fp"":""100.00"",""created_time"":""2026-04-28T08:25:00.643114Z"",""no_price_dollars"":""0.6100"",""taker_side"":""yes"",""ticker"":""KXETH15M-26APR280430-30"",""trade_id"":""e0234302-3627-40a8-a663-e943fbfe5d4f"",""yes_price_dollars"":""0.3900""}"
KXETH15M-26APR280430-30,2591db18-162e-4784-ad57-7c524c7e5f56,1777364700,0.39,10.0,yes,"{""count_fp"":""10.00"",""created_time"":""2026-04-28T08:25:00.643114Z"",""no_price_dollars"":""0.6100"",""taker_side"":""yes"",""ticker"":""KXETH15M-26APR280430-30"",""trade_id"":""2591db18-162e-4784-ad57-7c524c7e5f56"",""yes_price_dollars"":""0.3900""}"
KXETH15M-26APR280430-30,4c3da933-848d-7176-0338-0ec4ae22df58,1777364701,0.45,0.56,yes,"{""count_fp"":""0.56"",""created_time"":""2026-04-28T08:25:01.533535Z"",""no_price_dollars"":""0.5500"",""taker_side"":""yes"",""ticker"":""KXETH15M-26APR280430-30"",""trade_id"":""4c3da933-848d-7176-0338-0ec4ae22df58"",""yes_price_dollars"":""0.4500""}"
KXETH15M-26APR280430-30,7f619423-3061-4576-715e-ae4373048703,1777364702,0.41,8.23,no,"{""count_fp"":""8.23"",""created_time"":""2026-04-28T08:25:02.427195Z"",""no_price_dollars"":""0.5900"",""taker_side"":""no"",""ticker"":""KXETH15M-26APR280430-30"",""trade_id"":""7f619423-3061-4576-715e-ae4373048703"",""yes_price_dollars"":""0.4100""}"
KXETH15M-26APR280430-30,2a346929-13a1-72fa-ac48-56f2a233314c,1777364702,0.43,5.0,yes,"{""count_fp"":""5.00"",""created_time"":""2026-04-28T08:25:02.189538Z"",""no_price_dollars"":""0.5700"",""taker_side"":""yes"",""ticker"":""KXETH15M-26APR280430-30"",""trade_id"":""2a346929-13a1-72fa-ac48-56f2a233314c"",""yes_price_dollars"":""0.4300""}"
KXETH15M-26APR280430-30,0e0ebca7-dbe1-4c32-e74d-42bc5500079b,1777364703,0.44,1.0,no,"{""count_fp"":""1.00"",""created_time"":""2026-04-28T08:25:03.967877Z"",""no_price_dollars"":""0.5600"",""taker_side"":""no"",""ticker"":""KXETH15M-26APR280430-30"",""trade_id"":""0e0ebca7-dbe1-4c32-e74d-42bc5500079b"",""yes_price_dollars"":""0.4400""}"
KXETH15M-26APR280430-30,85a23813-4db7-6308-7387-de1088b8a1b7,1777364703,0.45,10.0,yes,"{""count_fp"":""10.00"",""created_time"":""2026-04-28T08:25:03.814466Z"",""no_price_dollars"":""0.5500"",""taker_side"":""yes"",""ticker"":""KXETH15M-26APR280430-30"",""trade_id"":""85a23813-4db7-6308-7387-de1088b8a1b7"",""yes_price_dollars"":""0.4500""}"
KXETH15M-26APR280430-30,f34c7816-c8a9-426e-d0c5-0b953d87845b,1777364704,0.45,5.0,no,"{""count_fp"":""5.00"",""created_time"":""2026-04-28T08:25:04.999148Z"",""no_price_dollars"":""0.5500"",""taker_side"":""no"",""ticker"":""KXETH15M-26APR280430-30"",""trade_id"":""f34c7816-c8a9-426e-d0c5-0b953d87845b"",""yes_price_dollars"":""0.4500""}"
KXETH15M-26APR280430-30,6d0c8466-f9cd-5282-d3ab-37b3eebb43e7,1777364704,0.45,36.0,no,"{""count_fp"":""36.00"",""created_time"":""2026-04-28T08:25:04.938615Z"",""no_price_dollars"":""0.5500"",""taker_side"":""no"",""ticker"":""KXETH15M-26APR280430-30"",""trade_id"":""6d0c8466-f9cd-5282-d3ab-37b3eebb43e7"",""yes_price_dollars"":""0.4500""}"
KXETH15M-26APR280430-30,5eddd139-5ae1-661a-5342-6ecc2feba7f7,1777364704,0.45,1.0,no,"{""count_fp"":""1.00"",""created_time"":""2026-04-28T08:25:04.378007Z"",""no_price_dollars"":""0.5500"",""taker_side"":""no"",""ticker"":""KXETH15M-26APR280430-30"",""trade_id"":""5eddd139-5ae1-661a-5342-6ecc2feba7f7"",""yes_price_dollars"":""0.4500""}"
KXETH15M-26APR280430-30,e3672191-fa4d-7b22-26b6-4b5ce4d1b09f,1777364705,0.45,33.0,no,"{""count_fp"":""33.00"",""created_time"":""2026-04-28T08:25:05.759104Z"",""no_price_dollars"":""0.5500"",""taker_side"":""no"",""ticker"":""KXETH15M-26APR280430-30"",""trade_id"":""e3672191-fa4d-7b22-26b6-4b5ce4d1b09f"",""yes_price_dollars"":""0.4500""}"
KXETH15M-26APR280430-30,f4f39b15-a04d-6c5a-acd0-dffb1c0cf6a7,1777364707,0.45,1.76,no,"{""count_fp"":""1.76"",""created_time"":""2026-04-28T08:25:07.081195Z"",""no_price_dollars"":""0.5500"",""taker_side"":""no"",""ticker"":""KXETH15M-26APR280430-30"",""trade_id"":""f4f39b15-a04d-6c5a-acd0-dffb1c0cf6a7"",""yes_price_dollars"":""0.4500""}"
KXETH15M-26APR280430-30,9e6fe244-e04b-7fee-8b93-dcc96135c685,1777364708,0.48,10.0,yes,"{""count_fp"":""10.00"",""created_time"":""2026-04-28T08:25:08.677973Z"",""no_price_dollars"":""0.5200"",""taker_side"":""yes"",""ticker"":""KXETH15M-26APR280430-30"",""trade_id"":""9e6fe244-e04b-7fee-8b93-dcc96135c685"",""yes_price_dollars"":""0.4800""}"
KXETH15M-26APR280430-30,eb54a207-b5dc-7948-df01-b6efcd07411f,1777364708,0.48,10.0,yes,"{""count_fp"":""10.00"",""created_time"":""2026-04-28T08:25:08.665282Z"",""no_price_dollars"":""0.5200"",""taker_side"":""yes"",""ticker"":""KXETH15M-26APR280430-30"",""trade_id"":""eb54a207-b5dc-7948-df01-b6efcd07411f"",""yes_price_dollars"":""0.4800""}"
KXETH15M-26APR280430-30,c6a46b32-8c2a-795c-dbdc-24513317c8a6,1777364708,0.47,2.0,yes,"{""count_fp"":""2.00"",""created_time"":""2026-04-28T08:25:08.665282Z"",""no_price_dollars"":""0.5300"",""taker_side"":""yes"",""ticker"":""KXETH15M-26APR280430-30"",""trade_id"":""c6a46b32-8c2a-795c-dbdc-24513317c8a6"",""yes_price_dollars"":""0.4700""}"
KXETH15M-26APR280430-30,9088ad2d-1695-705e-f831-47414d248878,1777364708,0.47,100.0,yes,"{""count_fp"":""100.00"",""created_time"":""2026-04-28T08:25:08.665282Z"",""no_price_dollars"":""0.5300"",""taker_side"":""yes"",""ticker"":""KXETH15M-26APR280430-30"",""trade_id"":""9088ad2d-1695-705e-f831-47414d248878"",""yes_price_dollars"":""0.4700""}"
KXETH15M-26APR280430-30,93f74854-b691-58aa-3f4e-e464d54c4a97,1777364712,0.51,1.0,no,"{""count_fp"":""1.00"",""created_time"":""2026-04-28T08:25:12.965171Z"",""no_price_dollars"":""0.4900"",""taker_side"":""no"",""ticker"":""KXETH15M-26APR280430-30"",""trade_id"":""93f74854-b691-58aa-3f4e-e464d54c4a97"",""yes_price_dollars"":""0.5100""}"
KXETH15M-26APR280430-30,3ce456bc-369d-72fa-a440-e431fcf690af,1777364713,0.51,124.0,no,"{""count_fp"":""124.00"",""created_time"":""2026-04-28T08:25:13.747892Z"",""no_price_dollars"":""0.4900"",""taker_side"":""no"",""ticker"":""KXETH15M-26APR280430-30"",""trade_id"":""3ce456bc-369d-72fa-a440-e431fcf690af"",""yes_price_dollars"":""0.5100""}"
KXETH15M-26APR280430-30,c6273a63-ecc9-5576-f597-9477c3b3e6cf,1777364713,0.51,4.0,no,"{""count_fp"":""4.00"",""created_time"":""2026-04-28T08:25:13.411344Z"",""no_price_dollars"":""0.4900"",""taker_side"":""no"",""ticker"":""KXETH15M-26APR280430-30"",""trade_id"":""c6273a63-ecc9-5576-f597-9477c3b3e6cf"",""yes_price_dollars"":""0.5100""}"
KXETH15M-26APR280430-30,013ca29f-d3c5-472a-3c31-e11fa25527a7,1777364713,0.51,94.0,no,"{""count_fp"":""94.00"",""created_time"":""2026-04-28T08:25:13.083222Z"",""no_price_dollars"":""0.4900"",""taker_side"":""no"",""ticker"":""KXETH15M-26APR280430-30"",""trade_id"":""013ca29f-d3c5-472a-3c31-e11fa25527a7"",""yes_price_dollars"":""0.5100""}"
KXETH15M-26APR280430-30,63cc6a81-749a-4123-1ff5-5551d2d31cff,1777364714,0.46,10.0,no,"{""count_fp"":""10.00"",""created_time"":""2026-04-28T08:25:14.727203Z"",""no_price_dollars"":""0.5400"",""taker_side"":""no"",""ticker"":""KXETH15M-26APR280430-30"",""trade_id"":""63cc6a81-749a-4123-1ff5-5551d2d31cff"",""yes_price_dollars"":""0.4600""}"
KXETH15M-26APR280430-30,3bfaebc0-e649-42ce-2a76-0ed84e289197,1777364714,0.43,73.0,no,"{""count_fp"":""73.00"",""created_time"":""2026-04-28T08:25:14.727203Z"",""no_price_dollars"":""0.5700"",""taker_side"":""no"",""ticker"":""KXETH15M-26APR280430-30"",""trade_id"":""3bfaebc0-e649-42ce-2a76-0ed84e289197"",""yes_price_dollars"":""0.4300""}"
KXETH15M-26APR280430-30,0e3b101c-d156-6e00-80ae-9fc02a01fdbc,1777364718,0.43,3.4,no,"{""count_fp"":""3.40"",""created_time"":""2026-04-28T08:25:18.003326Z"",""no_price_dollars"":""0.5700"",""taker_side"":""no"",""ticker"":""KXETH15M-26APR280430-30"",""trade_id"":""0e3b101c-d156-6e00-80ae-9fc02a01fdbc"",""yes_price_dollars"":""0.4300""}"
KXETH15M-26APR280430-30,c37439f9-4b53-573f-ed83-da652e7ab6ee,1777364724,0.44,10.0,no,"{""count_fp"":""10.00"",""created_time"":""2026-04-28T08:25:24.096277Z"",""no_price_dollars"":""0.5600"",""taker_side"":""no"",""ticker"":""KXETH15M-26APR280430-30"",""trade_id"":""c37439f9-4b53-573f-ed83-da652e7ab6ee"",""yes_price_dollars"":""0.4400""}"
KXETH15M-26APR280430-30,36a8cef9-9f6c-5d77-635a-a3c2e7abac5f,1777364725,0.34,2.0,no,"{""count_fp"":""2.00"",""created_time"":""2026-04-28T08:25:25.686477Z"",""no_price_dollars"":""0.6600"",""taker_side"":""no"",""ticker"":""KXETH15M-26APR280430-30"",""trade_id"":""36a8cef9-9f6c-5d77-635a-a3c2e7abac5f"",""yes_price_dollars"":""0.3400""}"
KXETH15M-26APR280430-30,c935ff9b-a3f7-479b-9ca1-49eeecee5488,1777364725,0.35,317.99,yes,"{""count_fp"":""317.99"",""created_time"":""2026-04-28T08:25:25.662785Z"",""no_price_dollars"":""0.6500"",""taker_side"":""yes"",""ticker"":""KXETH15M-26APR280430-30"",""trade_id"":""c935ff9b-a3f7-479b-9ca1-49eeecee5488"",""yes_price_dollars"":""0.3500""}"
KXETH15M-26APR280430-30,2d2b0aa3-8407-535c-1e67-012976024aa4,1777364727,0.37,2.13,yes,"{""count_fp"":""2.13"",""created_time"":""2026-04-28T08:25:27.172729Z"",""no_price_dollars"":""0.6300"",""taker_side"":""yes"",""ticker"":""KXETH15M-26APR280430-30"",""trade_id"":""2d2b0aa3-8407-535c-1e67-012976024aa4"",""yes_price_dollars"":""0.3700""}"
KXETH15M-26APR280430-30,53d147b5-112e-4302-6dbb-05cefcce6174,1777364731,0.3,1.0,no,"{""count_fp"":""1.00"",""created_time"":""2026-04-28T08:25:31.147439Z"",""no_price_dollars"":""0.7000"",""taker_side"":""no"",""ticker"":""KXETH15M-26APR280430-30"",""trade_id"":""53d147b5-112e-4302-6dbb-05cefcce6174"",""yes_price_dollars"":""0.3000""}"
KXETH15M-26APR280430-30,bfebe27c-aa7d-72ca-94cc-6fd5988a41c6,1777364733,0.3,10.0,no,"{""count_fp"":""10.00"",""created_time"":""2026-04-28T08:25:33.608272Z"",""no_price_dollars"":""0.7000"",""taker_side"":""no"",""ticker"":""KXETH15M-26APR280430-30"",""trade_id"":""bfebe27c-aa7d-72ca-94cc-6fd5988a41c6"",""yes_price_dollars"":""0.3000""}"
KXETH15M-26APR280430-30,411d3eca-b387-5a3c-f5cc-cc8f53cbab84,1777364736,0.28,5.58,yes,"{""count_fp"":""5.58"",""created_time"":""2026-04-28T08:25:36.862299Z"",""no_price_dollars"":""0.7200"",""taker_side"":""yes"",""ticker"":""KXETH15M-26APR280430-30"",""trade_id"":""411d3eca-b387-5a3c-f5cc-cc8f53cbab84"",""yes_price_dollars"":""0.2800""}"
KXETH15M-26APR280430-30,586c52b7-06cc-4f82-2948-b74e4c02f6b4,1777364736,0.24,6.17,no,"{""count_fp"":""6.17"",""created_time"":""2026-04-28T08:25:36.805616Z"",""no_price_dollars"":""0.7600"",""taker_side"":""no"",""ticker"":""KXETH15M-26APR280430-30"",""trade_id"":""586c52b7-06cc-4f82-2948-b74e4c02f6b4"",""yes_price_dollars"":""0.2400""}"
KXETH15M-26APR280430-30,3127ddbd-0305-7502-c0da-5f4b317015ab,1777364740,0.26,4.0,no,"{""count_fp"":""4.00"",""created_time"":""2026-04-28T08:25:40.750274Z"",""no_price_dollars"":""0.7400"",""taker_side"":""no"",""ticker"":""KXETH15M-26APR280430-30"",""trade_id"":""3127ddbd-0305-7502-c0da-5f4b317015ab"",""yes_price_dollars"":""0.2600""}"
KXETH15M-26APR280430-30,f4a1dc86-38dc-587b-f866-d809096dfcd4,1777364744,0.23,10.0,no,"{""count_fp"":""10.00"",""created_time"":""2026-04-28T08:25:44.280128Z"",""no_price_dollars"":""0.7700"",""taker_side"":""no"",""ticker"":""KXETH15M-26APR280430-30"",""trade_id"":""f4a1dc86-38dc-587b-f866-d809096dfcd4"",""yes_price_dollars"":""0.2300""}"
KXETH15M-26APR280430-30,75bef5fc-68e5-5812-e0dc-9f9744ba2493,1777364744,0.23,15.55,no,"{""count_fp"":""15.55"",""created_time"":""2026-04-28T08:25:44.280128Z"",""no_price_dollars"":""0.7700"",""taker_side"":""no"",""ticker"":""KXETH15M-26APR280430-30"",""trade_id"":""75bef5fc-68e5-5812-e0dc-9f9744ba2493"",""yes_price_dollars"":""0.2300""}"
KXETH15M-26APR280430-30,924810da-7d37-7fe4-0cfe-4b84f8522220,1777364746,0.28,45.0,yes,"{""count_fp"":""45.00"",""created_time"":""2026-04-28T08:25:46.261266Z"",""no_price_dollars"":""0.7200"",""taker_side"":""yes"",""ticker"":""KXETH15M-26APR280430-30"",""trade_id"":""924810da-7d37-7fe4-0cfe-4b84f8522220"",""yes_price_dollars"":""0.2800""}"
KXETH15M-26APR280430-30,cd1c322b-383b-62ec-694c-4e8cc5881e60,1777364748,0.28,1.0,yes,"{""count_fp"":""1.00"",""created_time"":""2026-04-28T08:25:48.789961Z"",""no_price_dollars"":""0.7200"",""taker_side"":""yes"",""ticker"":""KXETH15M-26APR280430-30"",""trade_id"":""cd1c322b-383b-62ec-694c-4e8cc5881e60"",""yes_price_dollars"":""0.2800""}"
KXETH15M-26APR280430-30,dd7791d9-3ec9-7536-98d7-0e430e4f7dea,1777364754,0.28,10.0,yes,"{""count_fp"":""10.00"",""created_time"":""2026-04-28T08:25:54.188361Z"",""no_price_dollars"":""0.7200"",""taker_side"":""yes"",""ticker"":""KXETH15M-26APR280430-30"",""trade_id"":""dd7791d9-3ec9-7536-98d7-0e430e4f7dea"",""yes_price_dollars"":""0.2800""}"
KXETH15M-26APR280430-30,3dd28415-4f4e-76ea-bdb8-000b5101ea88,1777364754,0.28,10.13,yes,"{""count_fp"":""10.13"",""created_time"":""2026-04-28T08:25:54.188361Z"",""no_price_dollars"":""0.7200"",""taker_side"":""yes"",""ticker"":""KXETH15M-26APR280430-30"",""trade_id"":""3dd28415-4f4e-76ea-bdb8-000b5101ea88"",""yes_price_dollars"":""0.2800""}"
KXETH15M-26APR280430-30,122ade62-9e6c-7153-ce61-5fb25ee846f7,1777364756,0.32,1.0,no,"{""count_fp"":""1.00"",""created_time"":""2026-04-28T08:25:56.509125Z"",""no_price_dollars"":""0.6800"",""taker_side"":""no"",""ticker"":""KXETH15M-26APR280430-30"",""trade_id"":""122ade62-9e6c-7153-ce61-5fb25ee846f7"",""yes_price_dollars"":""0.3200""}"
KXETH15M-26APR280430-30,97223598-fce8-6d03-b8ac-eaf4f24aadfb,1777364756,0.32,1.0,no,"{""count_fp"":""1.00"",""created_time"":""2026-04-28T08:25:56.417307Z"",""no_price_dollars"":""0.6800"",""taker_side"":""no"",""ticker"":""KXETH15M-26APR280430-30"",""trade_id"":""97223598-fce8-6d03-b8ac-eaf4f24aadfb"",""yes_price_dollars"":""0.3200""}"
KXETH15M-26APR280430-30,b3a89819-f335-500e-5cc8-89948fa5662f,1777364759,0.3,1.0,no,"{""count_fp"":""1.00"",""created_time"":""2026-04-28T08:25:59.033573Z"",""no_price_dollars"":""0.7000"",""taker_side"":""no"",""ticker"":""KXETH15M-26APR280430-30"",""trade_id"":""b3a89819-f335-500e-5cc8-89948fa5662f"",""yes_price_dollars"":""0.3000""}"
KXETH15M-26APR280430-30,beb43c80-034e-5745-8d29-eb2aa77a5247,1777364764,0.3,3.0,no,"{""count_fp"":""3.00"",""created_time"":""2026-04-28T08:26:04.243893Z"",""no_price_dollars"":""0.7000"",""taker_side"":""no"",""ticker"":""KXETH15M-26APR280430-30"",""trade_id"":""beb43c80-034e-5745-8d29-eb2aa77a5247"",""yes_price_dollars"":""0.3000""}"
KXETH15M-26APR280430-30,638c0e2e-fbb2-68b6-c5ce-bccf25945977,1777364767,0.3,10.0,no,"{""count_fp"":""10.00"",""created_time"":""2026-04-28T08:26:07.972706Z"",""no_price_dollars"":""0.7000"",""taker_side"":""no"",""ticker"":""KXETH15M-26APR280430-30"",""trade_id"":""638c0e2e-fbb2-68b6-c5ce-bccf25945977"",""yes_price_dollars"":""0.3000""}"
KXETH15M-26APR280430-30,9be8053a-73c9-798e-405c-f779b25fe51f,1777364780,0.23,15.79,no,"{""count_fp"":""15.79"",""created_time"":""2026-04-28T08:26:20.885596Z"",""no_price_dollars"":""0.7700"",""taker_side"":""no"",""ticker"":""KXETH15M-26APR280430-30"",""trade_id"":""9be8053a-73c9-798e-405c-f779b25fe51f"",""yes_price_dollars"":""0.2300""}"
KXETH15M-26APR280430-30,5ae70bc9-dbff-79fe-421d-d80862b61335,1777364780,0.25,10.0,no,"{""count_fp"":""10.00"",""created_time"":""2026-04-28T08:26:20.885596Z"",""no_price_dollars"":""0.7500"",""taker_side"":""no"",""ticker"":""KXETH15M-26APR280430-30"",""trade_id"":""5ae70bc9-dbff-79fe-421d-d80862b61335"",""yes_price_dollars"":""0.2500""}"
KXETH15M-26APR280430-30,242afff9-b938-77cb-51f1-f6c5447ede49,1777364782,0.21,1.0,no,"{""count_fp"":""1.00"",""created_time"":""2026-04-28T08:26:22.621428Z"",""no_price_dollars"":""0.7900"",""taker_side"":""no"",""ticker"":""KXETH15M-26APR280430-30"",""trade_id"":""242afff9-b938-77cb-51f1-f6c5447ede49"",""yes_price_dollars"":""0.2100""}"
KXETH15M-26APR280430-30,70d401c4-f8e4-4557-018e-38e0feefa5c4,1777364782,0.21,1.0,no,"{""count_fp"":""1.00"",""created_time"":""2026-04-28T08:26:22.331525Z"",""no_price_dollars"":""0.7900"",""taker_side"":""no"",""ticker"":""KXETH15M-26APR280430-30"",""trade_id"":""70d401c4-f8e4-4557-018e-38e0feefa5c4"",""yes_price_dollars"":""0.2100""}"
KXETH15M-26APR280430-30,6d1a3e35-9b8c-6ea7-0028-67088cb91240,1777364782,0.21,11.5,no,"{""count_fp"":""11.50"",""created_time"":""2026-04-28T08:26:22.188253Z"",""no_price_dollars"":""0.7900"",""taker_side"":""no"",""ticker"":""KXETH15M-26APR280430-30"",""trade_id"":""6d1a3e35-9b8c-6ea7-0028-67088cb91240"",""yes_price_dollars"":""0.2100""}"
KXETH15M-26APR280430-30,9828b501-6229-4754-e559-1a0e60eb1151,1777364784,0.2,1.0,no,"{""count_fp"":""1.00"",""created_time"":""2026-04-28T08:26:24.652781Z"",""no_price_dollars"":""0.8000"",""taker_side"":""no"",""ticker"":""KXETH15M-26APR280430-30"",""trade_id"":""9828b501-6229-4754-e559-1a0e60eb1151"",""yes_price_dollars"":""0.2000""}"
KXETH15M-26APR280430-30,8928d5ba-bee6-461d-d562-a6450261a1bf,1777364784,0.2,10.0,no,"{""count_fp"":""10.00"",""created_time"":""2026-04-28T08:26:24.652781Z"",""no_price_dollars"":""0.8000"",""taker_side"":""no"",""ticker"":""KXETH15M-26APR280430-30"",""trade_id"":""8928d5ba-bee6-461d-d562-a6450261a1bf"",""yes_price_dollars"":""0.2000""}"
KXETH15M-26APR280430-30,5a69fcd9-81ad-49b0-dbfd-9410499edd64,1777364784,0.2,11.0,no,"{""count_fp"":""11.00"",""created_time"":""2026-04-28T08:26:24.652781Z"",""no_price_dollars"":""0.8000"",""taker_side"":""no"",""ticker"":""KXETH15M-26APR280430-30"",""trade_id"":""5a69fcd9-81ad-49b0-dbfd-9410499edd64"",""yes_price_dollars"":""0.2000""}"
KXETH15M-26APR280430-30,619c9a06-dbe9-6f9a-d6fd-d73212cd7e36,1777364785,0.19,2.0,no,"{""count_fp"":""2.00"",""created_time"":""2026-04-28T08:26:25.776054Z"",""no_price_dollars"":""0.8100"",""taker_side"":""no"",""ticker"":""KXETH15M-26APR280430-30"",""trade_id"":""619c9a06-dbe9-6f9a-d6fd-d73212cd7e36"",""yes_price_dollars"":""0.1900""}"
KXETH15M-26APR280430-30,08865d49-a3f1-5c2e-2b94-5d9bb2a303b6,1777364785,0.19,1.0,no,"{""count_fp"":""1.00"",""created_time"":""2026-04-28T08:26:25.480867Z"",""no_price_dollars"":""0.8100"",""taker_side"":""no"",""ticker"":""KXETH15M-26APR280430-30"",""trade_id"":""08865d49-a3f1-5c2e-2b94-5d9bb2a303b6"",""yes_price_dollars"":""0.1900""}"
KXETH15M-26APR280430-30,5dec9fa9-b2d7-44c8-7a81-d008e9d9f164,1777364789,0.19,100.0,yes,"{""count_fp"":""100.00"",""created_time"":""2026-04-28T08:26:29.944682Z"",""no_price_dollars"":""0.8100"",""taker_side"":""yes"",""ticker"":""KXETH15M-26APR280430-30"",""trade_id"":""5dec9fa9-b2d7-44c8-7a81-d008e9d9f164"",""yes_price_dollars"":""0.1900""}"
KXETH15M-26APR280430-30,e694877d-8b78-6bd7-06fa-d27b3cd2a649,1777364789,0.19,52.55,no,"{""count_fp"":""52.55"",""created_time"":""2026-04-28T08:26:29.377385Z"",""no_price_dollars"":""0.8100"",""taker_side"":""no"",""ticker"":""KXETH15M-26APR280430-30"",""trade_id"":""e694877d-8b78-6bd7-06fa-d27b3cd2a649"",""yes_price_dollars"":""0.1900""}"
KXETH15M-26APR280430-30,e309b239-af49-6ae0-0cba-b969229c3211,1777364789,0.17,7.0,no,"{""count_fp"":""7.00"",""created_time"":""2026-04-28T08:26:29.377385Z"",""no_price_dollars"":""0.8300"",""taker_side"":""no"",""ticker"":""KXETH15M-26APR280430-30"",""trade_id"":""e309b239-af49-6ae0-0cba-b969229c3211"",""yes_price_dollars"":""0.1700""}"
KXETH15M-26APR280430-30,dc4ef455-038d-6d5e-106e-e5918196c1a0,1777364789,0.17,1.0,no,"{""count_fp"":""1.00"",""created_time"":""2026-04-28T08:26:29.377385Z"",""no_price_dollars"":""0.8300"",""taker_side"":""no"",""ticker"":""KXETH15M-26APR280430-30"",""trade_id"":""dc4ef455-038d-6d5e-106e-e5918196c1a0"",""yes_price_dollars"":""0.1700""}"
KXETH15M-26APR280430-30,d8d911c3-8955-66d2-0b9d-1c969ab668b7,1777364789,0.16,218.34,no,"{""count_fp"":""218.34"",""created_time"":""2026-04-28T08:26:29.377385Z"",""no_price_dollars"":""0.8400"",""taker_side"":""no"",""ticker"":""KXETH15M-26APR280430-30"",""trade_id"":""d8d911c3-8955-66d2-0b9d-1c969ab668b7"",""yes_price_dollars"":""0.1600""}"
KXETH15M-26APR280430-30,d4d122a7-a776-6cb4-382a-c5850d21a0fc,1777364789,0.16,1.0,no,"{""count_fp"":""1.00"",""created_time"":""2026-04-28T08:26:29.377385Z"",""no_price_dollars"":""0.8400"",""taker_side"":""no"",""ticker"":""KXETH15M-26APR280430-30"",""trade_id"":""d4d122a7-a776-6cb4-382a-c5850d21a0fc"",""yes_price_dollars"":""0.1600""}"
KXETH15M-26APR280430-30,76f6db2b-191a-67fc-3513-1659193d0678,1777364789,0.19,1.0,no,"{""count_fp"":""1.00"",""created_time"":""2026-04-28T08:26:29.377385Z"",""no_price_dollars"":""0.8100"",""taker_side"":""no"",""ticker"":""KXETH15M-26APR280430-30"",""trade_id"":""76f6db2b-191a-67fc-3513-1659193d0678"",""yes_price_dollars"":""0.1900""}"
KXETH15M-26APR280430-30,75fdfe09-5fbe-67a8-2869-1e276dc98c1f,1777364789,0.16,52.0,no,"{""count_fp"":""52.00"",""created_time"":""2026-04-28T08:26:29.377385Z"",""no_price_dollars"":""0.8400"",""taker_side"":""no"",""ticker"":""KXETH15M-26APR280430-30"",""trade_id"":""75fdfe09-5fbe-67a8-2869-1e276dc98c1f"",""yes_price_dollars"":""0.1600""}"
KXETH15M-26APR280430-30,4c033e75-bad4-6c24-1a74-7a9792147e6c,1777364789,0.17,200.0,no,"{""count_fp"":""200.00"",""created_time"":""2026-04-28T08:26:29.377385Z"",""no_price_dollars"":""0.8300"",""taker_side"":""no"",""ticker"":""KXETH15M-26APR280430-30"",""trade_id"":""4c033e75-bad4-6c24-1a74-7a9792147e6c"",""yes_price_dollars"":""0.1700""}"
KXETH15M-26APR280430-30,270315c2-9ede-6386-3a4e-2f9cfd8ea247,1777364789,0.16,1.0,no,"{""count_fp"":""1.00"",""created_time"":""2026-04-28T08:26:29.377385Z"",""no_price_dollars"":""0.8400"",""taker_side"":""no"",""ticker"":""KXETH15M-26APR280430-30"",""trade_id"":""270315c2-9ede-6386-3a4e-2f9cfd8ea247"",""yes_price_dollars"":""0.1600""}"
KXETH15M-26APR280430-30,0880d7be-ec01-6ea6-0ccd-476c317a4df5,1777364789,0.16,2.0,no,"{""count_fp"":""2.00"",""created_time"":""2026-04-28T08:26:29.377385Z"",""no_price_dollars"":""0.8400"",""taker_side"":""no"",""ticker"":""KXETH15M-26APR280430-30"",""trade_id"":""0880d7be-ec01-6ea6-0ccd-476c317a4df5"",""yes_price_dollars"":""0.1600""}"
KXETH15M-26APR280430-30,c5e8b130-a0b9-4eca-de31-3cf17302a43a,1777364789,0.19,5.0,no,"{""count_fp"":""5.00"",""created_time"":""2026-04-28T08:26:29.307741Z"",""no_price_dollars"":""0.8100"",""taker_side"":""no"",""ticker"":""KXETH15M-26APR280430-30"",""trade_id"":""c5e8b130-a0b9-4eca-de31-3cf17302a43a"",""yes_price_dollars"":""0.1900""}"
KXETH15M-26APR280430-30,3fa4f41f-2c3c-4480-d617-5ec1ed50d14e,1777364789,0.2,10.0,no,"{""count_fp"":""10.00"",""created_time"":""2026-04-28T08:26:29.307741Z"",""no_price_dollars"":""0.8000"",""taker_side"":""no"",""ticker"":""KXETH15M-26APR280430-30"",""trade_id"":""3fa4f41f-2c3c-4480-d617-5ec1ed50d14e"",""yes_price_dollars"":""0.2000""}"
KXETH15M-26APR280430-30,394c1633-6298-476b-df10-8b6d800037b1,1777364789,0.19,15.45,no,"{""count_fp"":""15.45"",""created_time"":""2026-04-28T08:26:29.307741Z"",""no_price_dollars"":""0.8100"",""taker_side"":""no"",""ticker"":""KXETH15M-26APR280430-30"",""trade_id"":""394c1633-6298-476b-df10-8b6d800037b1"",""yes_price_dollars"":""0.1900""}"
