ticker,trade_id,ts,yes_price,count,taker_side,raw_json
KXETH15M-26APR272215-15,407f4825-76c1-7edf-3da6-8e63239dfd07,1777341616,0.49,39.0,yes,"{""count_fp"":""39.00"",""created_time"":""2026-04-28T02:00:16.981894Z"",""no_price_dollars"":""0.5100"",""taker_side"":""yes"",""ticker"":""KXETH15M-26APR272215-15"",""trade_id"":""407f4825-76c1-7edf-3da6-8e63239dfd07"",""yes_price_dollars"":""0.4900""}"
KXETH15M-26APR272215-15,88dd4cda-0742-4969-71b0-b274b70dc6a8,1777341616,0.5,1.0,no,"{""count_fp"":""1.00"",""created_time"":""2026-04-28T02:00:16.813143Z"",""no_price_dollars"":""0.5000"",""taker_side"":""no"",""ticker"":""KXETH15M-26APR272215-15"",""trade_id"":""88dd4cda-0742-4969-71b0-b274b70dc6a8"",""yes_price_dollars"":""0.5000""}"
KXETH15M-26APR272215-15,3f4cd9fa-6893-6a97-1fe5-ceb89c0f0070,1777341617,0.41,4.0,no,"{""count_fp"":""4.00"",""created_time"":""2026-04-28T02:00:17.493691Z"",""no_price_dollars"":""0.5900"",""taker_side"":""no"",""ticker"":""KXETH15M-26APR272215-15"",""trade_id"":""3f4cd9fa-6893-6a97-1fe5-ceb89c0f0070"",""yes_price_dollars"":""0.4100""}"
KXETH15M-26APR272215-15,9b92196d-de80-53e9-99be-aaa48f89106c,1777341626,0.42,5.0,no,"{""count_fp"":""5.00"",""created_time"":""2026-04-28T02:00:26.572852Z"",""no_price_dollars"":""0.5800"",""taker_side"":""no"",""ticker"":""KXETH15M-26APR272215-15"",""trade_id"":""9b92196d-de80-53e9-99be-aaa48f89106c"",""yes_price_dollars"":""0.4200""}"
KXETH15M-26APR272215-15,41b31322-da46-796a-2fd2-399e89dfd9a1,1777341629,0.43,2.0,yes,"{""count_fp"":""2.00"",""created_time"":""2026-04-28T02:00:29.919047Z"",""no_price_dollars"":""0.5700"",""taker_side"":""yes"",""ticker"":""KXETH15M-26APR272215-15"",""trade_id"":""41b31322-da46-796a-2fd2-399e89dfd9a1"",""yes_price_dollars"":""0.4300""}"
KXETH15M-26APR272215-15,129e77dd-af39-4bd3-3296-b5aac1f8f8c2,1777341630,0.45,60.0,yes,"{""count_fp"":""60.00"",""created_time"":""2026-04-28T02:00:30.977674Z"",""no_price_dollars"":""0.5500"",""taker_side"":""yes"",""ticker"":""KXETH15M-26APR272215-15"",""trade_id"":""129e77dd-af39-4bd3-3296-b5aac1f8f8c2"",""yes_price_dollars"":""0.4500""}"
KXETH15M-26APR272215-15,99f53db9-6985-568b-46d2-6e3a71bf7d96,1777341630,0.45,4.0,yes,"{""count_fp"":""4.00"",""created_time"":""2026-04-28T02:00:30.690426Z"",""no_price_dollars"":""0.5500"",""taker_side"":""yes"",""ticker"":""KXETH15M-26APR272215-15"",""trade_id"":""99f53db9-6985-568b-46d2-6e3a71bf7d96"",""yes_price_dollars"":""0.4500""}"
KXETH15M-26APR272215-15,1a64f332-5159-6bb7-759b-dc8cf5587686,1777341630,0.45,13.0,yes,"{""count_fp"":""13.00"",""created_time"":""2026-04-28T02:00:30.665641Z"",""no_price_dollars"":""0.5500"",""taker_side"":""yes"",""ticker"":""KXETH15M-26APR272215-15"",""trade_id"":""1a64f332-5159-6bb7-759b-dc8cf5587686"",""yes_price_dollars"":""0.4500""}"
KXETH15M-26APR272215-15,1ba81ba3-61dd-4153-476a-50f392e668ae,1777341632,0.45,20.0,yes,"{""count_fp"":""20.00"",""created_time"":""2026-04-28T02:00:32.764045Z"",""no_price_dollars"":""0.5500"",""taker_side"":""yes"",""ticker"":""KXETH15M-26APR272215-15"",""trade_id"":""1ba81ba3-61dd-4153-476a-50f392e668ae"",""yes_price_dollars"":""0.4500""}"
KXETH15M-26APR272215-15,cb3036e3-6895-5823-b41e-587de134923e,1777341632,0.45,10.0,yes,"{""count_fp"":""10.00"",""created_time"":""2026-04-28T02:00:32.462263Z"",""no_price_dollars"":""0.5500"",""taker_side"":""yes"",""ticker"":""KXETH15M-26APR272215-15"",""trade_id"":""cb3036e3-6895-5823-b41e-587de134923e"",""yes_price_dollars"":""0.4500""}"
KXETH15M-26APR272215-15,291085cd-6981-7cfb-105e-a309ca07bb02,1777341632,0.45,2.0,yes,"{""count_fp"":""2.00"",""created_time"":""2026-04-28T02:00:32.218525Z"",""no_price_dollars"":""0.5500"",""taker_side"":""yes"",""ticker"":""KXETH15M-26APR272215-15"",""trade_id"":""291085cd-6981-7cfb-105e-a309ca07bb02"",""yes_price_dollars"":""0.4500""}"
KXETH15M-26APR272215-15,86d6dc49-3fa5-611f-e29f-00ae836bcde2,1777341633,0.46,60.0,yes,"{""count_fp"":""60.00"",""created_time"":""2026-04-28T02:00:33.585368Z"",""no_price_dollars"":""0.5400"",""taker_side"":""yes"",""ticker"":""KXETH15M-26APR272215-15"",""trade_id"":""86d6dc49-3fa5-611f-e29f-00ae836bcde2"",""yes_price_dollars"":""0.4600""}"
KXETH15M-26APR272215-15,62529e02-f238-5ff1-c35e-6c2b0720b844,1777341634,0.44,1.0,no,"{""count_fp"":""1.00"",""created_time"":""2026-04-28T02:00:34.032267Z"",""no_price_dollars"":""0.5600"",""taker_side"":""no"",""ticker"":""KXETH15M-26APR272215-15"",""trade_id"":""62529e02-f238-5ff1-c35e-6c2b0720b844"",""yes_price_dollars"":""0.4400""}"
KXETH15M-26APR272215-15,da46c6a8-2b1d-7713-a199-4cdb19f5fd86,1777341637,0.49,1.0,yes,"{""count_fp"":""1.00"",""created_time"":""2026-04-28T02:00:37.940008Z"",""no_price_dollars"":""0.5100"",""taker_side"":""yes"",""ticker"":""KXETH15M-26APR272215-15"",""trade_id"":""da46c6a8-2b1d-7713-a199-4cdb19f5fd86"",""yes_price_dollars"":""0.4900""}"
KXETH15M-26APR272215-15,7fb8f2ac-1665-6aaa-3cca-b17f5f7a5ed0,1777341638,0.46,74.0,no,"{""count_fp"":""74.00"",""created_time"":""2026-04-28T02:00:38.817018Z"",""no_price_dollars"":""0.5400"",""taker_side"":""no"",""ticker"":""KXETH15M-26APR272215-15"",""trade_id"":""7fb8f2ac-1665-6aaa-3cca-b17f5f7a5ed0"",""yes_price_dollars"":""0.4600""}"
KXETH15M-26APR272215-15,031d339f-b41f-6179-1a75-85025e3c6938,1777341638,0.47,10.0,no,"{""count_fp"":""10.00"",""created_time"":""2026-04-28T02:00:38.817018Z"",""no_price_dollars"":""0.5300"",""taker_side"":""no"",""ticker"":""KXETH15M-26APR272215-15"",""trade_id"":""031d339f-b41f-6179-1a75-85025e3c6938"",""yes_price_dollars"":""0.4700""}"
KXETH15M-26APR272215-15,9451e816-f515-5763-83a4-498334770822,1777341638,0.49,98.52,yes,"{""count_fp"":""98.52"",""created_time"":""2026-04-28T02:00:38.695363Z"",""no_price_dollars"":""0.5100"",""taker_side"":""yes"",""ticker"":""KXETH15M-26APR272215-15"",""trade_id"":""9451e816-f515-5763-83a4-498334770822"",""yes_price_dollars"":""0.4900""}"
KXETH15M-26APR272215-15,b9e5277a-c835-6402-a1da-b45df9fa7eeb,1777341642,0.47,1.0,yes,"{""count_fp"":""1.00"",""created_time"":""2026-04-28T02:00:42.262985Z"",""no_price_dollars"":""0.5300"",""taker_side"":""yes"",""ticker"":""KXETH15M-26APR272215-15"",""trade_id"":""b9e5277a-c835-6402-a1da-b45df9fa7eeb"",""yes_price_dollars"":""0.4700""}"
KXETH15M-26APR272215-15,9c129998-f11e-6fbc-b220-1cf0ae79c7d0,1777341642,0.49,2.97,yes,"{""count_fp"":""2.97"",""created_time"":""2026-04-28T02:00:42.262985Z"",""no_price_dollars"":""0.5100"",""taker_side"":""yes"",""ticker"":""KXETH15M-26APR272215-15"",""trade_id"":""9c129998-f11e-6fbc-b220-1cf0ae79c7d0"",""yes_price_dollars"":""0.4900""}"
KXETH15M-26APR272215-15,e066e3cb-0f34-4ed9-021b-cb1b07e7f520,1777341643,0.44,2.0,no,"{""count_fp"":""2.00"",""created_time"":""2026-04-28T02:00:43.317575Z"",""no_price_dollars"":""0.5600"",""taker_side"":""no"",""ticker"":""KXETH15M-26APR272215-15"",""trade_id"":""e066e3cb-0f34-4ed9-021b-cb1b07e7f520"",""yes_price_dollars"":""0.4400""}"
KXETH15M-26APR272215-15,25a125c0-2754-4b35-d814-41996a24ae90,1777341646,0.43,10.0,no,"{""count_fp"":""10.00"",""created_time"":""2026-04-28T02:00:46.790109Z"",""no_price_dollars"":""0.5700"",""taker_side"":""no"",""ticker"":""KXETH15M-26APR272215-15"",""trade_id"":""25a125c0-2754-4b35-d814-41996a24ae90"",""yes_price_dollars"":""0.4300""}"
KXETH15M-26APR272215-15,11f43ad3-4611-4912-c7b5-f760bbac6438,1777341646,0.42,6.9,no,"{""count_fp"":""6.90"",""created_time"":""2026-04-28T02:00:46.790109Z"",""no_price_dollars"":""0.5800"",""taker_side"":""no"",""ticker"":""KXETH15M-26APR272215-15"",""trade_id"":""11f43ad3-4611-4912-c7b5-f760bbac6438"",""yes_price_dollars"":""0.4200""}"
KXETH15M-26APR272215-15,ab50936c-baa6-61a0-4a05-307c3e5aa358,1777341647,0.49,10.0,yes,"{""count_fp"":""10.00"",""created_time"":""2026-04-28T02:00:47.949619Z"",""no_price_dollars"":""0.5100"",""taker_side"":""yes"",""ticker"":""KXETH15M-26APR272215-15"",""trade_id"":""ab50936c-baa6-61a0-4a05-307c3e5aa358"",""yes_price_dollars"":""0.4900""}"
KXETH15M-26APR272215-15,bcb7ce78-a7b1-649e-f85f-382629930b8c,1777341647,0.46,4.0,no,"{""count_fp"":""4.00"",""created_time"":""2026-04-28T02:00:47.948683Z"",""no_price_dollars"":""0.5400"",""taker_side"":""no"",""ticker"":""KXETH15M-26APR272215-15"",""trade_id"":""bcb7ce78-a7b1-649e-f85f-382629930b8c"",""yes_price_dollars"":""0.4600""}"
KXETH15M-26APR272215-15,cafd3c42-1c48-4e0c-1dd2-25d1b3fe8162,1777341661,0.47,9.66,yes,"{""count_fp"":""9.66"",""created_time"":""2026-04-28T02:01:01.990056Z"",""no_price_dollars"":""0.5300"",""taker_side"":""yes"",""ticker"":""KXETH15M-26APR272215-15"",""trade_id"":""cafd3c42-1c48-4e0c-1dd2-25d1b3fe8162"",""yes_price_dollars"":""0.4700""}"
KXETH15M-26APR272215-15,b5874f27-9b01-57b7-bc4d-6d8aa01fb68a,1777341661,0.48,88.0,yes,"{""count_fp"":""88.00"",""created_time"":""2026-04-28T02:01:01.019764Z"",""no_price_dollars"":""0.5200"",""taker_side"":""yes"",""ticker"":""KXETH15M-26APR272215-15"",""trade_id"":""b5874f27-9b01-57b7-bc4d-6d8aa01fb68a"",""yes_price_dollars"":""0.4800""}"
KXETH15M-26APR272215-15,82f5797a-2354-5acb-a6e6-edf940c6b482,1777341661,0.47,10.0,yes,"{""count_fp"":""10.00"",""created_time"":""2026-04-28T02:01:01.019764Z"",""no_price_dollars"":""0.5300"",""taker_side"":""yes"",""ticker"":""KXETH15M-26APR272215-15"",""trade_id"":""82f5797a-2354-5acb-a6e6-edf940c6b482"",""yes_price_dollars"":""0.4700""}"
KXETH15M-26APR272215-15,93db37b9-3ff4-686c-fa71-c4444e5c9976,1777341662,0.47,0.27,yes,"{""count_fp"":""0.27"",""created_time"":""2026-04-28T02:01:02.595679Z"",""no_price_dollars"":""0.5300"",""taker_side"":""yes"",""ticker"":""KXETH15M-26APR272215-15"",""trade_id"":""93db37b9-3ff4-686c-fa71-c4444e5c9976"",""yes_price_dollars"":""0.4700""}"
KXETH15M-26APR272215-15,9278a5ec-5498-6944-cac1-42a528fe84e6,1777341662,0.47,22.0,yes,"{""count_fp"":""22.00"",""created_time"":""2026-04-28T02:01:02.592536Z"",""no_price_dollars"":""0.5300"",""taker_side"":""yes"",""ticker"":""KXETH15M-26APR272215-15"",""trade_id"":""9278a5ec-5498-6944-cac1-42a528fe84e6"",""yes_price_dollars"":""0.4700""}"
KXETH15M-26APR272215-15,3558a92a-895c-7cbc-aeaf-ac894b2b0f72,1777341662,0.47,3.07,yes,"{""count_fp"":""3.07"",""created_time"":""2026-04-28T02:01:02.489859Z"",""no_price_dollars"":""0.5300"",""taker_side"":""yes"",""ticker"":""KXETH15M-26APR272215-15"",""trade_id"":""3558a92a-895c-7cbc-aeaf-ac894b2b0f72"",""yes_price_dollars"":""0.4700""}"
KXETH15M-26APR272215-15,00ad7b80-aaf6-74e5-6b32-e7cf0412e371,1777341665,0.52,10.0,yes,"{""count_fp"":""10.00"",""created_time"":""2026-04-28T02:01:05.292756Z"",""no_price_dollars"":""0.4800"",""taker_side"":""yes"",""ticker"":""KXETH15M-26APR272215-15"",""trade_id"":""00ad7b80-aaf6-74e5-6b32-e7cf0412e371"",""yes_price_dollars"":""0.5200""}"
KXETH15M-26APR272215-15,a10b4da4-96d4-40b5-d4a0-a53d64f5f09f,1777341676,0.51,10.0,yes,"{""count_fp"":""10.00"",""created_time"":""2026-04-28T02:01:16.125333Z"",""no_price_dollars"":""0.4900"",""taker_side"":""yes"",""ticker"":""KXETH15M-26APR272215-15"",""trade_id"":""a10b4da4-96d4-40b5-d4a0-a53d64f5f09f"",""yes_price_dollars"":""0.5100""}"
KXETH15M-26APR272215-15,75078364-696a-5cfd-451f-30e7b43590c3,1777341684,0.51,0.94,yes,"{""count_fp"":""0.94"",""created_time"":""2026-04-28T02:01:24.391606Z"",""no_price_dollars"":""0.4900"",""taker_side"":""yes"",""ticker"":""KXETH15M-26APR272215-15"",""trade_id"":""75078364-696a-5cfd-451f-30e7b43590c3"",""yes_price_dollars"":""0.5100""}"
KXETH15M-26APR272215-15,a8bade22-5a48-5b35-1ace-369e123652c3,1777341690,0.52,1.0,yes,"{""count_fp"":""1.00"",""created_time"":""2026-04-28T02:01:30.647448Z"",""no_price_dollars"":""0.4800"",""taker_side"":""yes"",""ticker"":""KXETH15M-26APR272215-15"",""trade_id"":""a8bade22-5a48-5b35-1ace-369e123652c3"",""yes_price_dollars"":""0.5200""}"
KXETH15M-26APR272215-15,704166ea-bc1a-592e-5923-b23407c413b6,1777341697,0.53,0.93,yes,"{""count_fp"":""0.93"",""created_time"":""2026-04-28T02:01:37.326302Z"",""no_price_dollars"":""0.4700"",""taker_side"":""yes"",""ticker"":""KXETH15M-26APR272215-15"",""trade_id"":""704166ea-bc1a-592e-5923-b23407c413b6"",""yes_price_dollars"":""0.5300""}"
KXETH15M-26APR272215-15,831cc04e-c690-67cf-12ea-b980d0bcedf7,1777341698,0.5,1.0,no,"{""count_fp"":""1.00"",""created_time"":""2026-04-28T02:01:38.262721Z"",""no_price_dollars"":""0.5000"",""taker_side"":""no"",""ticker"":""KXETH15M-26APR272215-15"",""trade_id"":""831cc04e-c690-67cf-12ea-b980d0bcedf7"",""yes_price_dollars"":""0.5000""}"
KXETH15M-26APR272215-15,779aab1e-a201-6fde-3e62-a14330ab3f20,1777341698,0.48,37.0,no,"{""count_fp"":""37.00"",""created_time"":""2026-04-28T02:01:38.262721Z"",""no_price_dollars"":""0.5200"",""taker_side"":""no"",""ticker"":""KXETH15M-26APR272215-15"",""trade_id"":""779aab1e-a201-6fde-3e62-a14330ab3f20"",""yes_price_dollars"":""0.4800""}"
KXETH15M-26APR272215-15,686e5d33-2368-6926-1a95-4c9bc47b5e95,1777341698,0.48,1.0,no,"{""count_fp"":""1.00"",""created_time"":""2026-04-28T02:01:38.262721Z"",""no_price_dollars"":""0.5200"",""taker_side"":""no"",""ticker"":""KXETH15M-26APR272215-15"",""trade_id"":""686e5d33-2368-6926-1a95-4c9bc47b5e95"",""yes_price_dollars"":""0.4800""}"
KXETH15M-26APR272215-15,5d01158a-2fe6-69a1-2aab-642847053121,1777341698,0.49,1.0,no,"{""count_fp"":""1.00"",""created_time"":""2026-04-28T02:01:38.262721Z"",""no_price_dollars"":""0.5100"",""taker_side"":""no"",""ticker"":""KXETH15M-26APR272215-15"",""trade_id"":""5d01158a-2fe6-69a1-2aab-642847053121"",""yes_price_dollars"":""0.4900""}"
KXETH15M-26APR272215-15,314d6975-bd0a-6f19-1bde-415aa5bd60fd,1777341698,0.49,10.0,no,"{""count_fp"":""10.00"",""created_time"":""2026-04-28T02:01:38.262721Z"",""no_price_dollars"":""0.5100"",""taker_side"":""no"",""ticker"":""KXETH15M-26APR272215-15"",""trade_id"":""314d6975-bd0a-6f19-1bde-415aa5bd60fd"",""yes_price_dollars"":""0.4900""}"
KXETH15M-26APR272215-15,995cf290-75ee-42cf-38e3-bb003d258696,1777341703,0.49,1.97,yes,"{""count_fp"":""1.97"",""created_time"":""2026-04-28T02:01:43.669443Z"",""no_price_dollars"":""0.5100"",""taker_side"":""yes"",""ticker"":""KXETH15M-26APR272215-15"",""trade_id"":""995cf290-75ee-42cf-38e3-bb003d258696"",""yes_price_dollars"":""0.4900""}"
KXETH15M-26APR272215-15,3ce4c4c6-e70b-5943-074d-dcf69496ec89,1777341708,0.47,1.0,no,"{""count_fp"":""1.00"",""created_time"":""2026-04-28T02:01:48.366269Z"",""no_price_dollars"":""0.5300"",""taker_side"":""no"",""ticker"":""KXETH15M-26APR272215-15"",""trade_id"":""3ce4c4c6-e70b-5943-074d-dcf69496ec89"",""yes_price_dollars"":""0.4700""}"
KXETH15M-26APR272215-15,f4804269-2a99-5635-e3a5-b59ea79da817,1777341709,0.44,3.0,no,"{""count_fp"":""3.00"",""created_time"":""2026-04-28T02:01:49.571697Z"",""no_price_dollars"":""0.5600"",""taker_side"":""no"",""ticker"":""KXETH15M-26APR272215-15"",""trade_id"":""f4804269-2a99-5635-e3a5-b59ea79da817"",""yes_price_dollars"":""0.4400""}"
KXETH15M-26APR272215-15,679b2174-cbcf-653d-7f8f-e97b859e13ed,1777341713,0.47,2.0,yes,"{""count_fp"":""2.00"",""created_time"":""2026-04-28T02:01:53.274293Z"",""no_price_dollars"":""0.5300"",""taker_side"":""yes"",""ticker"":""KXETH15M-26APR272215-15"",""trade_id"":""679b2174-cbcf-653d-7f8f-e97b859e13ed"",""yes_price_dollars"":""0.4700""}"
KXETH15M-26APR272215-15,c208388a-3a79-55c9-caee-9a157f99b26b,1777341715,0.43,10.0,no,"{""count_fp"":""10.00"",""created_time"":""2026-04-28T02:01:55.109264Z"",""no_price_dollars"":""0.5700"",""taker_side"":""no"",""ticker"":""KXETH15M-26APR272215-15"",""trade_id"":""c208388a-3a79-55c9-caee-9a157f99b26b"",""yes_price_dollars"":""0.4300""}"
KXETH15M-26APR272215-15,700fed98-b839-5dc0-ee5c-6b9848774a9d,1777341715,0.43,10.0,no,"{""count_fp"":""10.00"",""created_time"":""2026-04-28T02:01:55.109264Z"",""no_price_dollars"":""0.5700"",""taker_side"":""no"",""ticker"":""KXETH15M-26APR272215-15"",""trade_id"":""700fed98-b839-5dc0-ee5c-6b9848774a9d"",""yes_price_dollars"":""0.4300""}"
KXETH15M-26APR272215-15,61432fdd-c4f0-500e-eebf-843020415c2f,1777341715,0.42,5.27,no,"{""count_fp"":""5.27"",""created_time"":""2026-04-28T02:01:55.109264Z"",""no_price_dollars"":""0.5800"",""taker_side"":""no"",""ticker"":""KXETH15M-26APR272215-15"",""trade_id"":""61432fdd-c4f0-500e-eebf-843020415c2f"",""yes_price_dollars"":""0.4200""}"
KXETH15M-26APR272215-15,cd532627-ce33-5f65-762f-2576d9bd986d,1777341716,0.46,4.18,yes,"{""count_fp"":""4.18"",""created_time"":""2026-04-28T02:01:56.164989Z"",""no_price_dollars"":""0.5400"",""taker_side"":""yes"",""ticker"":""KXETH15M-26APR272215-15"",""trade_id"":""cd532627-ce33-5f65-762f-2576d9bd986d"",""yes_price_dollars"":""0.4600""}"
KXETH15M-26APR272215-15,b126e103-7813-7af6-ab9b-6a18a6d7688f,1777341717,0.42,2.0,no,"{""count_fp"":""2.00"",""created_time"":""2026-04-28T02:01:57.814405Z"",""no_price_dollars"":""0.5800"",""taker_side"":""no"",""ticker"":""KXETH15M-26APR272215-15"",""trade_id"":""b126e103-7813-7af6-ab9b-6a18a6d7688f"",""yes_price_dollars"":""0.4200""}"
KXETH15M-26APR272215-15,8f82c490-2963-762d-9964-76f4b92eb32c,1777341717,0.42,3.0,no,"{""count_fp"":""3.00"",""created_time"":""2026-04-28T02:01:57.814405Z"",""no_price_dollars"":""0.5800"",""taker_side"":""no"",""ticker"":""KXETH15M-26APR272215-15"",""trade_id"":""8f82c490-2963-762d-9964-76f4b92eb32c"",""yes_price_dollars"":""0.4200""}"
KXETH15M-26APR272215-15,6b905ba8-6155-434f-65cd-277133f8ffe2,1777341717,0.44,7.0,yes,"{""count_fp"":""7.00"",""created_time"":""2026-04-28T02:01:57.794098Z"",""no_price_dollars"":""0.5600"",""taker_side"":""yes"",""ticker"":""KXETH15M-26APR272215-15"",""trade_id"":""6b905ba8-6155-434f-65cd-277133f8ffe2"",""yes_price_dollars"":""0.4400""}"
KXETH15M-26APR272215-15,e281efa0-880f-6973-d02d-afce0c971ff7,1777341720,0.44,9.93,yes,"{""count_fp"":""9.93"",""created_time"":""2026-04-28T02:02:00.203009Z"",""no_price_dollars"":""0.5600"",""taker_side"":""yes"",""ticker"":""KXETH15M-26APR272215-15"",""trade_id"":""e281efa0-880f-6973-d02d-afce0c971ff7"",""yes_price_dollars"":""0.4400""}"
KXETH15M-26APR272215-15,49790a9b-7513-6b6e-ce5c-cd3c08d9d71d,1777341720,0.43,1.0,yes,"{""count_fp"":""1.00"",""created_time"":""2026-04-28T02:02:00.203009Z"",""no_price_dollars"":""0.5700"",""taker_side"":""yes"",""ticker"":""KXETH15M-26APR272215-15"",""trade_id"":""49790a9b-7513-6b6e-ce5c-cd3c08d9d71d"",""yes_price_dollars"":""0.4300""}"
KXETH15M-26APR272215-15,fb24cf99-2bce-4cda-fc7f-3e1ea006b857,1777341722,0.41,9.66,no,"{""count_fp"":""9.66"",""created_time"":""2026-04-28T02:02:02.955331Z"",""no_price_dollars"":""0.5900"",""taker_side"":""no"",""ticker"":""KXETH15M-26APR272215-15"",""trade_id"":""fb24cf99-2bce-4cda-fc7f-3e1ea006b857"",""yes_price_dollars"":""0.4100""}"
KXETH15M-26APR272215-15,a1f9c24c-b29d-4153-ccb7-04242a3be46e,1777341725,0.44,0.17,yes,"{""count_fp"":""0.17"",""created_time"":""2026-04-28T02:02:05.916688Z"",""no_price_dollars"":""0.5600"",""taker_side"":""yes"",""ticker"":""KXETH15M-26APR272215-15"",""trade_id"":""a1f9c24c-b29d-4153-ccb7-04242a3be46e"",""yes_price_dollars"":""0.4400""}"
KXETH15M-26APR272215-15,25405523-f5af-4ad0-da6f-6f067d263647,1777341725,0.44,2.0,yes,"{""count_fp"":""2.00"",""created_time"":""2026-04-28T02:02:05.916688Z"",""no_price_dollars"":""0.5600"",""taker_side"":""yes"",""ticker"":""KXETH15M-26APR272215-15"",""trade_id"":""25405523-f5af-4ad0-da6f-6f067d263647"",""yes_price_dollars"":""0.4400""}"
KXETH15M-26APR272215-15,d1e7c35c-a303-7b0a-dad9-2ae0f30f385d,1777341727,0.41,8.23,no,"{""count_fp"":""8.23"",""created_time"":""2026-04-28T02:02:07.589537Z"",""no_price_dollars"":""0.5900"",""taker_side"":""no"",""ticker"":""KXETH15M-26APR272215-15"",""trade_id"":""d1e7c35c-a303-7b0a-dad9-2ae0f30f385d"",""yes_price_dollars"":""0.4100""}"
KXETH15M-26APR272215-15,56c887d6-001f-455d-beae-30c6d0d8ca9d,1777341728,0.41,6.56,yes,"{""count_fp"":""6.56"",""created_time"":""2026-04-28T02:02:08.491213Z"",""no_price_dollars"":""0.5900"",""taker_side"":""yes"",""ticker"":""KXETH15M-26APR272215-15"",""trade_id"":""56c887d6-001f-455d-beae-30c6d0d8ca9d"",""yes_price_dollars"":""0.4100""}"
KXETH15M-26APR272215-15,8f1ffa92-c070-4297-508e-0df96eb30167,1777341728,0.37,10.0,no,"{""count_fp"":""10.00"",""created_time"":""2026-04-28T02:02:08.343675Z"",""no_price_dollars"":""0.6300"",""taker_side"":""no"",""ticker"":""KXETH15M-26APR272215-15"",""trade_id"":""8f1ffa92-c070-4297-508e-0df96eb30167"",""yes_price_dollars"":""0.3700""}"
KXETH15M-26APR272215-15,24994c2c-01e9-409a-62dd-bba705b4b570,1777341728,0.36,5.0,no,"{""count_fp"":""5.00"",""created_time"":""2026-04-28T02:02:08.343675Z"",""no_price_dollars"":""0.6400"",""taker_side"":""no"",""ticker"":""KXETH15M-26APR272215-15"",""trade_id"":""24994c2c-01e9-409a-62dd-bba705b4b570"",""yes_price_dollars"":""0.3600""}"
KXETH15M-26APR272215-15,21f90a82-e57d-4743-29f4-8366c8c28a0c,1777341728,0.4,5.0,no,"{""count_fp"":""5.00"",""created_time"":""2026-04-28T02:02:08.192615Z"",""no_price_dollars"":""0.6000"",""taker_side"":""no"",""ticker"":""KXETH15M-26APR272215-15"",""trade_id"":""21f90a82-e57d-4743-29f4-8366c8c28a0c"",""yes_price_dollars"":""0.4000""}"
KXETH15M-26APR272215-15,08fd5ee2-e2d3-44af-c29e-d50ab277fd71,1777341729,0.34,0.15,no,"{""count_fp"":""0.15"",""created_time"":""2026-04-28T02:02:09.668208Z"",""no_price_dollars"":""0.6600"",""taker_side"":""no"",""ticker"":""KXETH15M-26APR272215-15"",""trade_id"":""08fd5ee2-e2d3-44af-c29e-d50ab277fd71"",""yes_price_dollars"":""0.3400""}"
KXETH15M-26APR272215-15,e822abc7-439a-7646-2b04-5f1367450355,1777341729,0.35,1.0,no,"{""count_fp"":""1.00"",""created_time"":""2026-04-28T02:02:09.478612Z"",""no_price_dollars"":""0.6500"",""taker_side"":""no"",""ticker"":""KXETH15M-26APR272215-15"",""trade_id"":""e822abc7-439a-7646-2b04-5f1367450355"",""yes_price_dollars"":""0.3500""}"
KXETH15M-26APR272215-15,c0b4b988-7a4c-7498-17d1-0748c36ebe83,1777341729,0.33,50.0,no,"{""count_fp"":""50.00"",""created_time"":""2026-04-28T02:02:09.478612Z"",""no_price_dollars"":""0.6700"",""taker_side"":""no"",""ticker"":""KXETH15M-26APR272215-15"",""trade_id"":""c0b4b988-7a4c-7498-17d1-0748c36ebe83"",""yes_price_dollars"":""0.3300""}"
KXETH15M-26APR272215-15,936d1d59-ea04-7f1d-0f8c-ffe0962f2b24,1777341729,0.33,100.0,no,"{""count_fp"":""100.00"",""created_time"":""2026-04-28T02:02:09.478612Z"",""no_price_dollars"":""0.6700"",""taker_side"":""no"",""ticker"":""KXETH15M-26APR272215-15"",""trade_id"":""936d1d59-ea04-7f1d-0f8c-ffe0962f2b24"",""yes_price_dollars"":""0.3300""}"
KXETH15M-26APR272215-15,1864bb51-3fd1-7120-0eda-a49356a2e171,1777341729,0.34,10.0,no,"{""count_fp"":""10.00"",""created_time"":""2026-04-28T02:02:09.478612Z"",""no_price_dollars"":""0.6600"",""taker_side"":""no"",""ticker"":""KXETH15M-26APR272215-15"",""trade_id"":""1864bb51-3fd1-7120-0eda-a49356a2e171"",""yes_price_dollars"":""0.3400""}"
KXETH15M-26APR272215-15,0d2a70c7-bd37-703b-0e48-676b06afe660,1777341729,0.32,39.0,no,"{""count_fp"":""39.00"",""created_time"":""2026-04-28T02:02:09.478612Z"",""no_price_dollars"":""0.6800"",""taker_side"":""no"",""ticker"":""KXETH15M-26APR272215-15"",""trade_id"":""0d2a70c7-bd37-703b-0e48-676b06afe660"",""yes_price_dollars"":""0.3200""}"
KXETH15M-26APR272215-15,d7dd3a39-04d1-59f7-56a9-537b624fb0ee,1777341730,0.35,4.0,yes,"{""count_fp"":""4.00"",""created_time"":""2026-04-28T02:02:10.854673Z"",""no_price_dollars"":""0.6500"",""taker_side"":""yes"",""ticker"":""KXETH15M-26APR272215-15"",""trade_id"":""d7dd3a39-04d1-59f7-56a9-537b624fb0ee"",""yes_price_dollars"":""0.3500""}"
KXETH15M-26APR272215-15,c41e521d-60be-70da-a9f4-a5a91ef91248,1777341731,0.3,1.0,no,"{""count_fp"":""1.00"",""created_time"":""2026-04-28T02:02:11.388072Z"",""no_price_dollars"":""0.7000"",""taker_side"":""no"",""ticker"":""KXETH15M-26APR272215-15"",""trade_id"":""c41e521d-60be-70da-a9f4-a5a91ef91248"",""yes_price_dollars"":""0.3000""}"
KXETH15M-26APR272215-15,1cbbc6f5-fb17-711f-a8ad-e171eba5e940,1777341731,0.3,3.0,no,"{""count_fp"":""3.00"",""created_time"":""2026-04-28T02:02:11.388072Z"",""no_price_dollars"":""0.7000"",""taker_side"":""no"",""ticker"":""KXETH15M-26APR272215-15"",""trade_id"":""1cbbc6f5-fb17-711f-a8ad-e171eba5e940"",""yes_price_dollars"":""0.3000""}"
KXETH15M-26APR272215-15,b29baf72-e079-57e7-b966-8a649db2101a,1777341732,0.35,5.0,yes,"{""count_fp"":""5.00"",""created_time"":""2026-04-28T02:02:12.735907Z"",""no_price_dollars"":""0.6500"",""taker_side"":""yes"",""ticker"":""KXETH15M-26APR272215-15"",""trade_id"":""b29baf72-e079-57e7-b966-8a649db2101a"",""yes_price_dollars"":""0.3500""}"
KXETH15M-26APR272215-15,ff662c1c-24d4-5ce1-86a1-ebea157a6e58,1777341736,0.37,6.0,no,"{""count_fp"":""6.00"",""created_time"":""2026-04-28T02:02:16.290648Z"",""no_price_dollars"":""0.6300"",""taker_side"":""no"",""ticker"":""KXETH15M-26APR272215-15"",""trade_id"":""ff662c1c-24d4-5ce1-86a1-ebea157a6e58"",""yes_price_dollars"":""0.3700""}"
KXETH15M-26APR272215-15,433fd5d2-2510-5bda-883a-3e7a967aa421,1777341736,0.34,1.39,no,"{""count_fp"":""1.39"",""created_time"":""2026-04-28T02:02:16.290648Z"",""no_price_dollars"":""0.6600"",""taker_side"":""no"",""ticker"":""KXETH15M-26APR272215-15"",""trade_id"":""433fd5d2-2510-5bda-883a-3e7a967aa421"",""yes_price_dollars"":""0.3400""}"
KXETH15M-26APR272215-15,b542c3b7-5d41-6d49-ef5a-ed49511b7e16,1777341742,0.36,5.0,no,"{""count_fp"":""5.00"",""created_time"":""2026-04-28T02:02:22.737619Z"",""no_price_dollars"":""0.6400"",""taker_side"":""no"",""ticker"":""KXETH15M-26APR272215-15"",""trade_id"":""b542c3b7-5d41-6d49-ef5a-ed49511b7e16"",""yes_price_dollars"":""0.3600""}"
KXETH15M-26APR272215-15,3e31b077-593b-6025-d23d-ba4fa00d6037,1777341742,0.35,10.0,no,"{""count_fp"":""10.00"",""created_time"":""2026-04-28T02:02:22.737619Z"",""no_price_dollars"":""0.6500"",""taker_side"":""no"",""ticker"":""KXETH15M-26APR272215-15"",""trade_id"":""3e31b077-593b-6025-d23d-ba4fa00d6037"",""yes_price_dollars"":""0.3500""}"
KXETH15M-26APR272215-15,f60ddbc4-f615-4807-b23a-0790350da642,1777341742,0.37,1.29,yes,"{""count_fp"":""1.29"",""created_time"":""2026-04-28T02:02:22.126307Z"",""no_price_dollars"":""0.6300"",""taker_side"":""yes"",""ticker"":""KXETH15M-26APR272215-15"",""trade_id"":""f60ddbc4-f615-4807-b23a-0790350da642"",""yes_price_dollars"":""0.3700""}"
KXETH15M-26APR272215-15,8df7a069-0e17-6843-4861-337010c42524,1777341744,0.29,14.0,no,"{""count_fp"":""14.00"",""created_time"":""2026-04-28T02:02:24.022926Z"",""no_price_dollars"":""0.7100"",""taker_side"":""no"",""ticker"":""KXETH15M-26APR272215-15"",""trade_id"":""8df7a069-0e17-6843-4861-337010c42524"",""yes_price_dollars"":""0.2900""}"
KXETH15M-26APR272215-15,3554881c-4b51-6a08-93b6-9b0638f4482d,1777341746,0.27,141.0,no,"{""count_fp"":""141.00"",""created_time"":""2026-04-28T02:02:26.307897Z"",""no_price_dollars"":""0.7300"",""taker_side"":""no"",""ticker"":""KXETH15M-26APR272215-15"",""trade_id"":""3554881c-4b51-6a08-93b6-9b0638f4482d"",""yes_price_dollars"":""0.2700""}"
KXETH15M-26APR272215-15,29be92ea-cd15-7834-e8e5-471aaae1b385,1777341746,0.27,59.0,no,"{""count_fp"":""59.00"",""created_time"":""2026-04-28T02:02:26.216644Z"",""no_price_dollars"":""0.7300"",""taker_side"":""no"",""ticker"":""KXETH15M-26APR272215-15"",""trade_id"":""29be92ea-cd15-7834-e8e5-471aaae1b385"",""yes_price_dollars"":""0.2700""}"
KXETH15M-26APR272215-15,8e838c91-5a54-601f-b484-f2b991f1a474,1777341749,0.25,3.0,no,"{""count_fp"":""3.00"",""created_time"":""2026-04-28T02:02:29.859224Z"",""no_price_dollars"":""0.7500"",""taker_side"":""no"",""ticker"":""KXETH15M-26APR272215-15"",""trade_id"":""8e838c91-5a54-601f-b484-f2b991f1a474"",""yes_price_dollars"":""0.2500""}"
KXETH15M-26APR272215-15,8c2e2970-e844-4ff3-b772-73c55035e714,1777341750,0.25,1.0,no,"{""count_fp"":""1.00"",""created_time"":""2026-04-28T02:02:30.718358Z"",""no_price_dollars"":""0.7500"",""taker_side"":""no"",""ticker"":""KXETH15M-26APR272215-15"",""trade_id"":""8c2e2970-e844-4ff3-b772-73c55035e714"",""yes_price_dollars"":""0.2500""}"
KXETH15M-26APR272215-15,f791420e-675a-612d-ea14-3b379ef06bbf,1777341754,0.25,10.0,no,"{""count_fp"":""10.00"",""created_time"":""2026-04-28T02:02:34.225061Z"",""no_price_dollars"":""0.7500"",""taker_side"":""no"",""ticker"":""KXETH15M-26APR272215-15"",""trade_id"":""f791420e-675a-612d-ea14-3b379ef06bbf"",""yes_price_dollars"":""0.2500""}"
KXETH15M-26APR272215-15,ec16bb32-e9ad-6e26-dac1-09ca1836a823,1777341754,0.25,10.0,no,"{""count_fp"":""10.00"",""created_time"":""2026-04-28T02:02:34.225061Z"",""no_price_dollars"":""0.7500"",""taker_side"":""no"",""ticker"":""KXETH15M-26APR272215-15"",""trade_id"":""ec16bb32-e9ad-6e26-dac1-09ca1836a823"",""yes_price_dollars"":""0.2500""}"
KXETH15M-26APR272215-15,10635789-bce9-6daa-c337-10efbe2025aa,1777341754,0.24,44.81,no,"{""count_fp"":""44.81"",""created_time"":""2026-04-28T02:02:34.225061Z"",""no_price_dollars"":""0.7600"",""taker_side"":""no"",""ticker"":""KXETH15M-26APR272215-15"",""trade_id"":""10635789-bce9-6daa-c337-10efbe2025aa"",""yes_price_dollars"":""0.2400""}"
KXETH15M-26APR272215-15,31a65172-812f-76c9-bcd7-be099a41b5d4,1777341756,0.28,3.4,yes,"{""count_fp"":""3.40"",""created_time"":""2026-04-28T02:02:36.854753Z"",""no_price_dollars"":""0.7200"",""taker_side"":""yes"",""ticker"":""KXETH15M-26APR272215-15"",""trade_id"":""31a65172-812f-76c9-bcd7-be099a41b5d4"",""yes_price_dollars"":""0.2800""}"
KXETH15M-26APR272215-15,2cd6d6c0-f7f7-4198-ce95-50591d001b58,1777341762,0.41,1.0,yes,"{""count_fp"":""1.00"",""created_time"":""2026-04-28T02:02:42.845971Z"",""no_price_dollars"":""0.5900"",""taker_side"":""yes"",""ticker"":""KXETH15M-26APR272215-15"",""trade_id"":""2cd6d6c0-f7f7-4198-ce95-50591d001b58"",""yes_price_dollars"":""0.4100""}"
KXETH15M-26APR272215-15,64128f48-209f-4c68-e8ff-86be7e548c87,1777341762,0.38,10.0,yes,"{""count_fp"":""10.00"",""created_time"":""2026-04-28T02:02:42.387068Z"",""no_price_dollars"":""0.6200"",""taker_side"":""yes"",""ticker"":""KXETH15M-26APR272215-15"",""trade_id"":""64128f48-209f-4c68-e8ff-86be7e548c87"",""yes_price_dollars"":""0.3800""}"
KXETH15M-26APR272215-15,1f58de60-9c34-49f8-d81b-c3f705dc06ef,1777341762,0.37,10.0,yes,"{""count_fp"":""10.00"",""created_time"":""2026-04-28T02:02:42.387068Z"",""no_price_dollars"":""0.6300"",""taker_side"":""yes"",""ticker"":""KXETH15M-26APR272215-15"",""trade_id"":""1f58de60-9c34-49f8-d81b-c3f705dc06ef"",""yes_price_dollars"":""0.3700""}"
KXETH15M-26APR272215-15,757aa34a-069b-488d-d72e-7564441016cc,1777341762,0.34,10.0,yes,"{""count_fp"":""10.00"",""created_time"":""2026-04-28T02:02:42.076669Z"",""no_price_dollars"":""0.6600"",""taker_side"":""yes"",""ticker"":""KXETH15M-26APR272215-15"",""trade_id"":""757aa34a-069b-488d-d72e-7564441016cc"",""yes_price_dollars"":""0.3400""}"
KXETH15M-26APR272215-15,74396191-d8fe-4dd4-fbdf-0917281b30e2,1777341762,0.34,13.0,yes,"{""count_fp"":""13.00"",""created_time"":""2026-04-28T02:02:42.076669Z"",""no_price_dollars"":""0.6600"",""taker_side"":""yes"",""ticker"":""KXETH15M-26APR272215-15"",""trade_id"":""74396191-d8fe-4dd4-fbdf-0917281b30e2"",""yes_price_dollars"":""0.3400""}"
KXETH15M-26APR272215-15,2661d292-5bf2-4bf4-8208-0406634ccd56,1777341762,0.34,6.0,yes,"{""count_fp"":""6.00"",""created_time"":""2026-04-28T02:02:42.060986Z"",""no_price_dollars"":""0.6600"",""taker_side"":""yes"",""ticker"":""KXETH15M-26APR272215-15"",""trade_id"":""2661d292-5bf2-4bf4-8208-0406634ccd56"",""yes_price_dollars"":""0.3400""}"
KXETH15M-26APR272215-15,2834da4f-943b-5f00-2cf7-4487249d63e0,1777341764,0.41,1.0,yes,"{""count_fp"":""1.00"",""created_time"":""2026-04-28T02:02:44.589057Z"",""no_price_dollars"":""0.5900"",""taker_side"":""yes"",""ticker"":""KXETH15M-26APR272215-15"",""trade_id"":""2834da4f-943b-5f00-2cf7-4487249d63e0"",""yes_price_dollars"":""0.4100""}"
KXETH15M-26APR272215-15,035dcb9d-df8c-59a4-19a5-dea13ad700fd,1777341764,0.42,10.0,yes,"{""count_fp"":""10.00"",""created_time"":""2026-04-28T02:02:44.589057Z"",""no_price_dollars"":""0.5800"",""taker_side"":""yes"",""ticker"":""KXETH15M-26APR272215-15"",""trade_id"":""035dcb9d-df8c-59a4-19a5-dea13ad700fd"",""yes_price_dollars"":""0.4200""}"
KXETH15M-26APR272215-15,7003619a-302b-5d88-cbd0-d63870b9f084,1777341764,0.41,20.0,yes,"{""count_fp"":""20.00"",""created_time"":""2026-04-28T02:02:44.564732Z"",""no_price_dollars"":""0.5900"",""taker_side"":""yes"",""ticker"":""KXETH15M-26APR272215-15"",""trade_id"":""7003619a-302b-5d88-cbd0-d63870b9f084"",""yes_price_dollars"":""0.4100""}"
KXETH15M-26APR272215-15,f8f26057-1423-5a19-fd5d-7400cfaeb218,1777341765,0.45,2.0,yes,"{""count_fp"":""2.00"",""created_time"":""2026-04-28T02:02:45.851644Z"",""no_price_dollars"":""0.5500"",""taker_side"":""yes"",""ticker"":""KXETH15M-26APR272215-15"",""trade_id"":""f8f26057-1423-5a19-fd5d-7400cfaeb218"",""yes_price_dollars"":""0.4500""}"
KXETH15M-26APR272215-15,c0421564-dbe2-5900-ccf1-b1e7fd17da39,1777341765,0.45,10.0,yes,"{""count_fp"":""10.00"",""created_time"":""2026-04-28T02:02:45.851644Z"",""no_price_dollars"":""0.5500"",""taker_side"":""yes"",""ticker"":""KXETH15M-26APR272215-15"",""trade_id"":""c0421564-dbe2-5900-ccf1-b1e7fd17da39"",""yes_price_dollars"":""0.4500""}"
KXETH15M-26APR272215-15,9b6a82ca-6597-6647-d1b5-dff56d91081f,1777341765,0.44,2.0,yes,"{""count_fp"":""2.00"",""created_time"":""2026-04-28T02:02:45.379377Z"",""no_price_dollars"":""0.5600"",""taker_side"":""yes"",""ticker"":""KXETH15M-26APR272215-15"",""trade_id"":""9b6a82ca-6597-6647-d1b5-dff56d91081f"",""yes_price_dollars"":""0.4400""}"
KXETH15M-26APR272215-15,72c14f77-9c5d-508e-cf22-e9ed78763155,1777341765,0.43,10.0,yes,"{""count_fp"":""10.00"",""created_time"":""2026-04-28T02:02:45.364887Z"",""no_price_dollars"":""0.5700"",""taker_side"":""yes"",""ticker"":""KXETH15M-26APR272215-15"",""trade_id"":""72c14f77-9c5d-508e-cf22-e9ed78763155"",""yes_price_dollars"":""0.4300""}"
KXETH15M-26APR272215-15,ca69f1c4-074f-5943-b52a-5e80c8b11563,1777341766,0.5,19.32,yes,"{""count_fp"":""19.32"",""created_time"":""2026-04-28T02:02:46.999508Z"",""no_price_dollars"":""0.5000"",""taker_side"":""yes"",""ticker"":""KXETH15M-26APR272215-15"",""trade_id"":""ca69f1c4-074f-5943-b52a-5e80c8b11563"",""yes_price_dollars"":""0.5000""}"
KXETH15M-26APR272215-15,f91d3e05-5125-4168-5106-7ac6f0e1052e,1777341766,0.47,6.0,no,"{""count_fp"":""6.00"",""created_time"":""2026-04-28T02:02:46.679627Z"",""no_price_dollars"":""0.5300"",""taker_side"":""no"",""ticker"":""KXETH15M-26APR272215-15"",""trade_id"":""f91d3e05-5125-4168-5106-7ac6f0e1052e"",""yes_price_dollars"":""0.4700""}"
KXETH15M-26APR272215-15,618c2b04-b0df-5923-bc43-dc42be45adf7,1777341770,0.5,5.0,yes,"{""count_fp"":""5.00"",""created_time"":""2026-04-28T02:02:50.841663Z"",""no_price_dollars"":""0.5000"",""taker_side"":""yes"",""ticker"":""KXETH15M-26APR272215-15"",""trade_id"":""618c2b04-b0df-5923-bc43-dc42be45adf7"",""yes_price_dollars"":""0.5000""}"
KXETH15M-26APR272215-15,f5589bec-4c83-4bdb-34d3-056861eed0ff,1777341770,0.5,1.0,yes,"{""count_fp"":""1.00"",""created_time"":""2026-04-28T02:02:50.748163Z"",""no_price_dollars"":""0.5000"",""taker_side"":""yes"",""ticker"":""KXETH15M-26APR272215-15"",""trade_id"":""f5589bec-4c83-4bdb-34d3-056861eed0ff"",""yes_price_dollars"":""0.5000""}"
KXETH15M-26APR272215-15,3c89b890-a8a9-442c-99e6-d209885a901e,1777341775,0.49,14.0,no,"{""count_fp"":""14.00"",""created_time"":""2026-04-28T02:02:55.152257Z"",""no_price_dollars"":""0.5100"",""taker_side"":""no"",""ticker"":""KXETH15M-26APR272215-15"",""trade_id"":""3c89b890-a8a9-442c-99e6-d209885a901e"",""yes_price_dollars"":""0.4900""}"
KXETH15M-26APR272215-15,eb5049d9-102c-5388-1185-702ffcafefbc,1777341776,0.5,10.0,yes,"{""count_fp"":""10.00"",""created_time"":""2026-04-28T02:02:56.327783Z"",""no_price_dollars"":""0.5000"",""taker_side"":""yes"",""ticker"":""KXETH15M-26APR272215-15"",""trade_id"":""eb5049d9-102c-5388-1185-702ffcafefbc"",""yes_price_dollars"":""0.5000""}"
KXETH15M-26APR272215-15,892dd1a0-14cc-578b-0398-46f0cf57811f,1777341776,0.5,44.29,yes,"{""count_fp"":""44.29"",""created_time"":""2026-04-28T02:02:56.327783Z"",""no_price_dollars"":""0.5000"",""taker_side"":""yes"",""ticker"":""KXETH15M-26APR272215-15"",""trade_id"":""892dd1a0-14cc-578b-0398-46f0cf57811f"",""yes_price_dollars"":""0.5000""}"
KXETH15M-26APR272215-15,87cad64d-fc23-5077-25c9-c22a39746f33,1777341776,0.5,3.68,yes,"{""count_fp"":""3.68"",""created_time"":""2026-04-28T02:02:56.327783Z"",""no_price_dollars"":""0.5000"",""taker_side"":""yes"",""ticker"":""KXETH15M-26APR272215-15"",""trade_id"":""87cad64d-fc23-5077-25c9-c22a39746f33"",""yes_price_dollars"":""0.5000""}"
KXETH15M-26APR272215-15,e14390d9-6ad4-64a5-025e-0e587760a0cd,1777341777,0.5,4.0,yes,"{""count_fp"":""4.00"",""created_time"":""2026-04-28T02:02:57.256639Z"",""no_price_dollars"":""0.5000"",""taker_side"":""yes"",""ticker"":""KXETH15M-26APR272215-15"",""trade_id"":""e14390d9-6ad4-64a5-025e-0e587760a0cd"",""yes_price_dollars"":""0.5000""}"
KXETH15M-26APR272215-15,2718288f-0f7d-5d88-fd72-a2938e4ccb3a,1777341779,0.49,5.68,no,"{""count_fp"":""5.68"",""created_time"":""2026-04-28T02:02:59.844405Z"",""no_price_dollars"":""0.5100"",""taker_side"":""no"",""ticker"":""KXETH15M-26APR272215-15"",""trade_id"":""2718288f-0f7d-5d88-fd72-a2938e4ccb3a"",""yes_price_dollars"":""0.4900""}"
KXETH15M-26APR272215-15,468ae2a0-2c51-46e8-f79d-1379ce4bafe6,1777341779,0.49,0.47,no,"{""count_fp"":""0.47"",""created_time"":""2026-04-28T02:02:59.484033Z"",""no_price_dollars"":""0.5100"",""taker_side"":""no"",""ticker"":""KXETH15M-26APR272215-15"",""trade_id"":""468ae2a0-2c51-46e8-f79d-1379ce4bafe6"",""yes_price_dollars"":""0.4900""}"
KXETH15M-26APR272215-15,9e41b7fc-220c-5371-a84d-b7f2d81cb599,1777341779,0.5,48.05,yes,"{""count_fp"":""48.05"",""created_time"":""2026-04-28T02:02:59.090694Z"",""no_price_dollars"":""0.5000"",""taker_side"":""yes"",""ticker"":""KXETH15M-26APR272215-15"",""trade_id"":""9e41b7fc-220c-5371-a84d-b7f2d81cb599"",""yes_price_dollars"":""0.5000""}"
KXETH15M-26APR272215-15,6be7814a-87fd-6098-c862-b95dadfa1886,1777341783,0.49,1.97,no,"{""count_fp"":""1.97"",""created_time"":""2026-04-28T02:03:03.506723Z"",""no_price_dollars"":""0.5100"",""taker_side"":""no"",""ticker"":""KXETH15M-26APR272215-15"",""trade_id"":""6be7814a-87fd-6098-c862-b95dadfa1886"",""yes_price_dollars"":""0.4900""}"
KXETH15M-26APR272215-15,b75f997f-188d-4d74-34a4-65a465cc2962,1777341783,0.49,8.0,no,"{""count_fp"":""8.00"",""created_time"":""2026-04-28T02:03:03.109776Z"",""no_price_dollars"":""0.5100"",""taker_side"":""no"",""ticker"":""KXETH15M-26APR272215-15"",""trade_id"":""b75f997f-188d-4d74-34a4-65a465cc2962"",""yes_price_dollars"":""0.4900""}"
KXETH15M-26APR272215-15,f4d4e251-0fdf-60bf-0521-f714f61abbda,1777341787,0.49,30.0,yes,"{""count_fp"":""30.00"",""created_time"":""2026-04-28T02:03:07.970789Z"",""no_price_dollars"":""0.5100"",""taker_side"":""yes"",""ticker"":""KXETH15M-26APR272215-15"",""trade_id"":""f4d4e251-0fdf-60bf-0521-f714f61abbda"",""yes_price_dollars"":""0.4900""}"
KXETH15M-26APR272215-15,59ac2a4e-12c9-5c0c-b582-f4fb6c37abd2,1777341788,0.49,3.0,no,"{""count_fp"":""3.00"",""created_time"":""2026-04-28T02:03:08.358438Z"",""no_price_dollars"":""0.5100"",""taker_side"":""no"",""ticker"":""KXETH15M-26APR272215-15"",""trade_id"":""59ac2a4e-12c9-5c0c-b582-f4fb6c37abd2"",""yes_price_dollars"":""0.4900""}"
KXETH15M-26APR272215-15,7718941d-d547-7058-fde3-a66d84d53144,1777341789,0.52,10.0,yes,"{""count_fp"":""10.00"",""created_time"":""2026-04-28T02:03:09.667139Z"",""no_price_dollars"":""0.4800"",""taker_side"":""yes"",""ticker"":""KXETH15M-26APR272215-15"",""trade_id"":""7718941d-d547-7058-fde3-a66d84d53144"",""yes_price_dollars"":""0.5200""}"
KXETH15M-26APR272215-15,fb240f5a-aef0-5894-d8b1-bcba71eecdef,1777341792,0.55,200.0,yes,"{""count_fp"":""200.00"",""created_time"":""2026-04-28T02:03:12.321181Z"",""no_price_dollars"":""0.4500"",""taker_side"":""yes"",""ticker"":""KXETH15M-26APR272215-15"",""trade_id"":""fb240f5a-aef0-5894-d8b1-bcba71eecdef"",""yes_price_dollars"":""0.5500""}"
KXETH15M-26APR272215-15,d61f00d6-1232-510b-d65a-8d48461e3c64,1777341792,0.55,9.0,yes,"{""count_fp"":""9.00"",""created_time"":""2026-04-28T02:03:12.321181Z"",""no_price_dollars"":""0.4500"",""taker_side"":""yes"",""ticker"":""KXETH15M-26APR272215-15"",""trade_id"":""d61f00d6-1232-510b-d65a-8d48461e3c64"",""yes_price_dollars"":""0.5500""}"
KXETH15M-26APR272215-15,3cf669cb-0799-4790-2899-5e9b9bc47f4e,1777341792,0.53,3.0,no,"{""count_fp"":""3.00"",""created_time"":""2026-04-28T02:03:12.230639Z"",""no_price_dollars"":""0.4700"",""taker_side"":""no"",""ticker"":""KXETH15M-26APR272215-15"",""trade_id"":""3cf669cb-0799-4790-2899-5e9b9bc47f4e"",""yes_price_dollars"":""0.5300""}"
KXETH15M-26APR272215-15,a44d8032-34e4-70a1-afa2-97aae006b0cb,1777341793,0.56,1.0,yes,"{""count_fp"":""1.00"",""created_time"":""2026-04-28T02:03:13.823911Z"",""no_price_dollars"":""0.4400"",""taker_side"":""yes"",""ticker"":""KXETH15M-26APR272215-15"",""trade_id"":""a44d8032-34e4-70a1-afa2-97aae006b0cb"",""yes_price_dollars"":""0.5600""}"
KXETH15M-26APR272215-15,930dc2fc-d529-7200-2a4b-cd6e05c1cafa,1777341793,0.54,15.0,no,"{""count_fp"":""15.00"",""created_time"":""2026-04-28T02:03:13.393424Z"",""no_price_dollars"":""0.4600"",""taker_side"":""no"",""ticker"":""KXETH15M-26APR272215-15"",""trade_id"":""930dc2fc-d529-7200-2a4b-cd6e05c1cafa"",""yes_price_dollars"":""0.5400""}"
KXETH15M-26APR272215-15,6acf21e9-c8e1-7878-f579-25f8bc95f036,1777341793,0.54,1.0,no,"{""count_fp"":""1.00"",""created_time"":""2026-04-28T02:03:13.079329Z"",""no_price_dollars"":""0.4600"",""taker_side"":""no"",""ticker"":""KXETH15M-26APR272215-15"",""trade_id"":""6acf21e9-c8e1-7878-f579-25f8bc95f036"",""yes_price_dollars"":""0.5400""}"
KXETH15M-26APR272215-15,772e4215-8a66-66f7-37f4-19322faadab9,1777341795,0.56,4.0,yes,"{""count_fp"":""4.00"",""created_time"":""2026-04-28T02:03:15.641173Z"",""no_price_dollars"":""0.4400"",""taker_side"":""yes"",""ticker"":""KXETH15M-26APR272215-15"",""trade_id"":""772e4215-8a66-66f7-37f4-19322faadab9"",""yes_price_dollars"":""0.5600""}"
KXETH15M-26APR272215-15,daf8a5ef-32c5-5a48-de9f-5fd311e275e6,1777341796,0.56,9.32,no,"{""count_fp"":""9.32"",""created_time"":""2026-04-28T02:03:16.280618Z"",""no_price_dollars"":""0.4400"",""taker_side"":""no"",""ticker"":""KXETH15M-26APR272215-15"",""trade_id"":""daf8a5ef-32c5-5a48-de9f-5fd311e275e6"",""yes_price_dollars"":""0.5600""}"
KXETH15M-26APR272215-15,a37e37fe-a58f-5ed2-cd74-996c3da33c41,1777341796,0.56,10.0,no,"{""count_fp"":""10.00"",""created_time"":""2026-04-28T02:03:16.280618Z"",""no_price_dollars"":""0.4400"",""taker_side"":""no"",""ticker"":""KXETH15M-26APR272215-15"",""trade_id"":""a37e37fe-a58f-5ed2-cd74-996c3da33c41"",""yes_price_dollars"":""0.5600""}"
KXETH15M-26APR272215-15,a1ca52a4-5c64-5611-6dad-48857fabf26e,1777341796,0.58,1.66,yes,"{""count_fp"":""1.66"",""created_time"":""2026-04-28T02:03:16.211072Z"",""no_price_dollars"":""0.4200"",""taker_side"":""yes"",""ticker"":""KXETH15M-26APR272215-15"",""trade_id"":""a1ca52a4-5c64-5611-6dad-48857fabf26e"",""yes_price_dollars"":""0.5800""}"
KXETH15M-26APR272215-15,adef7a26-045c-6441-b0cb-2f9539fb4666,1777341796,0.58,5.0,yes,"{""count_fp"":""5.00"",""created_time"":""2026-04-28T02:03:16.176159Z"",""no_price_dollars"":""0.4200"",""taker_side"":""yes"",""ticker"":""KXETH15M-26APR272215-15"",""trade_id"":""adef7a26-045c-6441-b0cb-2f9539fb4666"",""yes_price_dollars"":""0.5800""}"
KXETH15M-26APR272215-15,7447c88b-a8e8-61ef-0941-93018a159833,1777341797,0.58,2.0,yes,"{""count_fp"":""2.00"",""created_time"":""2026-04-28T02:03:17.722821Z"",""no_price_dollars"":""0.4200"",""taker_side"":""yes"",""ticker"":""KXETH15M-26APR272215-15"",""trade_id"":""7447c88b-a8e8-61ef-0941-93018a159833"",""yes_price_dollars"":""0.5800""}"
KXETH15M-26APR272215-15,4dc00e75-a459-6fbd-f4fa-864f7921023d,1777341801,0.54,2.0,yes,"{""count_fp"":""2.00"",""created_time"":""2026-04-28T02:03:21.418592Z"",""no_price_dollars"":""0.4600"",""taker_side"":""yes"",""ticker"":""KXETH15M-26APR272215-15"",""trade_id"":""4dc00e75-a459-6fbd-f4fa-864f7921023d"",""yes_price_dollars"":""0.5400""}"
KXETH15M-26APR272215-15,8d2dc6d5-cf71-4781-a67e-1e27a625e759,1777341801,0.54,1.0,yes,"{""count_fp"":""1.00"",""created_time"":""2026-04-28T02:03:21.102577Z"",""no_price_dollars"":""0.4600"",""taker_side"":""yes"",""ticker"":""KXETH15M-26APR272215-15"",""trade_id"":""8d2dc6d5-cf71-4781-a67e-1e27a625e759"",""yes_price_dollars"":""0.5400""}"
KXETH15M-26APR272215-15,6edcdf8e-7c1d-7bfc-415c-0ccf3bb08ba2,1777341803,0.52,3.0,no,"{""count_fp"":""3.00"",""created_time"":""2026-04-28T02:03:23.936106Z"",""no_price_dollars"":""0.4800"",""taker_side"":""no"",""ticker"":""KXETH15M-26APR272215-15"",""trade_id"":""6edcdf8e-7c1d-7bfc-415c-0ccf3bb08ba2"",""yes_price_dollars"":""0.5200""}"
KXETH15M-26APR272215-15,e28cf48e-41bf-7fad-78a2-c43c42121172,1777341803,0.52,3.0,no,"{""count_fp"":""3.00"",""created_time"":""2026-04-28T02:03:23.407157Z"",""no_price_dollars"":""0.4800"",""taker_side"":""no"",""ticker"":""KXETH15M-26APR272215-15"",""trade_id"":""e28cf48e-41bf-7fad-78a2-c43c42121172"",""yes_price_dollars"":""0.5200""}"
KXETH15M-26APR272215-15,1e92c433-8a2f-5f31-b58d-2d6a24d10512,1777341803,0.52,3.0,no,"{""count_fp"":""3.00"",""created_time"":""2026-04-28T02:03:23.406323Z"",""no_price_dollars"":""0.4800"",""taker_side"":""no"",""ticker"":""KXETH15M-26APR272215-15"",""trade_id"":""1e92c433-8a2f-5f31-b58d-2d6a24d10512"",""yes_price_dollars"":""0.5200""}"
KXETH15M-26APR272215-15,f44acbcf-1464-664b-4455-087a8385dd3e,1777341804,0.55,2.0,yes,"{""count_fp"":""2.00"",""created_time"":""2026-04-28T02:03:24.881013Z"",""no_price_dollars"":""0.4500"",""taker_side"":""yes"",""ticker"":""KXETH15M-26APR272215-15"",""trade_id"":""f44acbcf-1464-664b-4455-087a8385dd3e"",""yes_price_dollars"":""0.5500""}"
KXETH15M-26APR272215-15,231cbdcc-4b69-7934-8595-6c1731af4a96,1777341804,0.52,98.52,no,"{""count_fp"":""98.52"",""created_time"":""2026-04-28T02:03:24.463712Z"",""no_price_dollars"":""0.4800"",""taker_side"":""no"",""ticker"":""KXETH15M-26APR272215-15"",""trade_id"":""231cbdcc-4b69-7934-8595-6c1731af4a96"",""yes_price_dollars"":""0.5200""}"
KXETH15M-26APR272215-15,26be3b71-2839-4a1c-ff8b-cc58d68f5f3a,1777341804,0.52,3.0,no,"{""count_fp"":""3.00"",""created_time"":""2026-04-28T02:03:24.137936Z"",""no_price_dollars"":""0.4800"",""taker_side"":""no"",""ticker"":""KXETH15M-26APR272215-15"",""trade_id"":""26be3b71-2839-4a1c-ff8b-cc58d68f5f3a"",""yes_price_dollars"":""0.5200""}"
KXETH15M-26APR272215-15,ed279f9f-e4b8-4169-7536-aff3cf275961,1777341808,0.5,4.0,no,"{""count_fp"":""4.00"",""created_time"":""2026-04-28T02:03:28.789331Z"",""no_price_dollars"":""0.5000"",""taker_side"":""no"",""ticker"":""KXETH15M-26APR272215-15"",""trade_id"":""ed279f9f-e4b8-4169-7536-aff3cf275961"",""yes_price_dollars"":""0.5000""}"
KXETH15M-26APR272215-15,75e2a916-0073-7839-e717-1e500efd65cd,1777341808,0.5,3.0,no,"{""count_fp"":""3.00"",""created_time"":""2026-04-28T02:03:28.644488Z"",""no_price_dollars"":""0.5000"",""taker_side"":""no"",""ticker"":""KXETH15M-26APR272215-15"",""trade_id"":""75e2a916-0073-7839-e717-1e500efd65cd"",""yes_price_dollars"":""0.5000""}"
KXETH15M-26APR272215-15,def85ffd-cf4d-6588-36d8-caa5fc2ee122,1777341809,0.5,3.0,no,"{""count_fp"":""3.00"",""created_time"":""2026-04-28T02:03:29.093143Z"",""no_price_dollars"":""0.5000"",""taker_side"":""no"",""ticker"":""KXETH15M-26APR272215-15"",""trade_id"":""def85ffd-cf4d-6588-36d8-caa5fc2ee122"",""yes_price_dollars"":""0.5000""}"
KXETH15M-26APR272215-15,eb72aa13-8b78-4d0b-3956-5b175a886b57,1777341813,0.54,12.1,yes,"{""count_fp"":""12.10"",""created_time"":""2026-04-28T02:03:33.556167Z"",""no_price_dollars"":""0.4600"",""taker_side"":""yes"",""ticker"":""KXETH15M-26APR272215-15"",""trade_id"":""eb72aa13-8b78-4d0b-3956-5b175a886b57"",""yes_price_dollars"":""0.5400""}"
KXETH15M-26APR272215-15,cb1315d1-e2c7-4353-13e5-2a2ff9aba945,1777341813,0.54,2.0,yes,"{""count_fp"":""2.00"",""created_time"":""2026-04-28T02:03:33.556167Z"",""no_price_dollars"":""0.4600"",""taker_side"":""yes"",""ticker"":""KXETH15M-26APR272215-15"",""trade_id"":""cb1315d1-e2c7-4353-13e5-2a2ff9aba945"",""yes_price_dollars"":""0.5400""}"
KXETH15M-26APR272215-15,f4e09470-a2ed-534b-0283-4099ff9265ce,1777341815,0.51,2.0,no,"{""count_fp"":""2.00"",""created_time"":""2026-04-28T02:03:35.708134Z"",""no_price_dollars"":""0.4900"",""taker_side"":""no"",""ticker"":""KXETH15M-26APR272215-15"",""trade_id"":""f4e09470-a2ed-534b-0283-4099ff9265ce"",""yes_price_dollars"":""0.5100""}"
KXETH15M-26APR272215-15,ebac9cdf-e8c9-5b45-0870-d9fbbd71c4f3,1777341815,0.51,10.98,no,"{""count_fp"":""10.98"",""created_time"":""2026-04-28T02:03:35.708134Z"",""no_price_dollars"":""0.4900"",""taker_side"":""no"",""ticker"":""KXETH15M-26APR272215-15"",""trade_id"":""ebac9cdf-e8c9-5b45-0870-d9fbbd71c4f3"",""yes_price_dollars"":""0.5100""}"
KXETH15M-26APR272215-15,7a2ff59f-c3a0-5e35-374c-cd2dbd84b512,1777341815,0.51,10.0,no,"{""count_fp"":""10.00"",""created_time"":""2026-04-28T02:03:35.708134Z"",""no_price_dollars"":""0.4900"",""taker_side"":""no"",""ticker"":""KXETH15M-26APR272215-15"",""trade_id"":""7a2ff59f-c3a0-5e35-374c-cd2dbd84b512"",""yes_price_dollars"":""0.5100""}"
KXETH15M-26APR272215-15,1b0e168f-5ce2-4a43-45b4-16e62e98a664,1777341815,0.54,1.79,yes,"{""count_fp"":""1.79"",""created_time"":""2026-04-28T02:03:35.269809Z"",""no_price_dollars"":""0.4600"",""taker_side"":""yes"",""ticker"":""KXETH15M-26APR272215-15"",""trade_id"":""1b0e168f-5ce2-4a43-45b4-16e62e98a664"",""yes_price_dollars"":""0.5400""}"
KXETH15M-26APR272215-15,774866a9-8e4b-5932-fb6f-7b3821f40471,1777341823,0.48,9.3,no,"{""count_fp"":""9.30"",""created_time"":""2026-04-28T02:03:43.168527Z"",""no_price_dollars"":""0.5200"",""taker_side"":""no"",""ticker"":""KXETH15M-26APR272215-15"",""trade_id"":""774866a9-8e4b-5932-fb6f-7b3821f40471"",""yes_price_dollars"":""0.4800""}"
KXETH15M-26APR272215-15,c26c768f-3d6c-5a68-dfdf-85e55b6f0ba9,1777341824,0.51,9.3,yes,"{""count_fp"":""9.30"",""created_time"":""2026-04-28T02:03:44.601705Z"",""no_price_dollars"":""0.4900"",""taker_side"":""yes"",""ticker"":""KXETH15M-26APR272215-15"",""trade_id"":""c26c768f-3d6c-5a68-dfdf-85e55b6f0ba9"",""yes_price_dollars"":""0.5100""}"
KXETH15M-26APR272215-15,70a46d67-c944-6121-b647-50d4b4db5d4a,1777341831,0.51,10.0,yes,"{""count_fp"":""10.00"",""created_time"":""2026-04-28T02:03:51.335266Z"",""no_price_dollars"":""0.4900"",""taker_side"":""yes"",""ticker"":""KXETH15M-26APR272215-15"",""trade_id"":""70a46d67-c944-6121-b647-50d4b4db5d4a"",""yes_price_dollars"":""0.5100""}"
KXETH15M-26APR272215-15,52403315-2c99-6bd7-bd92-f9e0f47c4d1d,1777341831,0.5,2.0,yes,"{""count_fp"":""2.00"",""created_time"":""2026-04-28T02:03:51.335266Z"",""no_price_dollars"":""0.5000"",""taker_side"":""yes"",""ticker"":""KXETH15M-26APR272215-15"",""trade_id"":""52403315-2c99-6bd7-bd92-f9e0f47c4d1d"",""yes_price_dollars"":""0.5000""}"
KXETH15M-26APR272215-15,b162b426-1669-54c8-fe36-2f1ef0ba02f6,1777341838,0.51,3.86,no,"{""count_fp"":""3.86"",""created_time"":""2026-04-28T02:03:58.742599Z"",""no_price_dollars"":""0.4900"",""taker_side"":""no"",""ticker"":""KXETH15M-26APR272215-15"",""trade_id"":""b162b426-1669-54c8-fe36-2f1ef0ba02f6"",""yes_price_dollars"":""0.5100""}"
KXETH15M-26APR272215-15,b932c68c-a3a5-6d20-055d-55aaeda23ee4,1777341847,0.61,60.0,yes,"{""count_fp"":""60.00"",""created_time"":""2026-04-28T02:04:07.977053Z"",""no_price_dollars"":""0.3900"",""taker_side"":""yes"",""ticker"":""KXETH15M-26APR272215-15"",""trade_id"":""b932c68c-a3a5-6d20-055d-55aaeda23ee4"",""yes_price_dollars"":""0.6100""}"
KXETH15M-26APR272215-15,305cb214-bcae-6a09-cf9c-11eb5e3ab2ec,1777341847,0.6,3.89,yes,"{""count_fp"":""3.89"",""created_time"":""2026-04-28T02:04:07.868588Z"",""no_price_dollars"":""0.4000"",""taker_side"":""yes"",""ticker"":""KXETH15M-26APR272215-15"",""trade_id"":""305cb214-bcae-6a09-cf9c-11eb5e3ab2ec"",""yes_price_dollars"":""0.6000""}"
KXETH15M-26APR272215-15,a27abb4f-d6bc-7ff7-4883-63b5a049bd57,1777341847,0.6,1.61,yes,"{""count_fp"":""1.61"",""created_time"":""2026-04-28T02:04:07.031921Z"",""no_price_dollars"":""0.4000"",""taker_side"":""yes"",""ticker"":""KXETH15M-26APR272215-15"",""trade_id"":""a27abb4f-d6bc-7ff7-4883-63b5a049bd57"",""yes_price_dollars"":""0.6000""}"
KXETH15M-26APR272215-15,66fbc642-4114-7531-6f29-1915805a6fa2,1777341847,0.6,5.0,yes,"{""count_fp"":""5.00"",""created_time"":""2026-04-28T02:04:07.031921Z"",""no_price_dollars"":""0.4000"",""taker_side"":""yes"",""ticker"":""KXETH15M-26APR272215-15"",""trade_id"":""66fbc642-4114-7531-6f29-1915805a6fa2"",""yes_price_dollars"":""0.6000""}"
KXETH15M-26APR272215-15,4653e9c8-7d16-75df-6f2c-fdfda1cbfc8c,1777341847,0.6,9.39,yes,"{""count_fp"":""9.39"",""created_time"":""2026-04-28T02:04:07.031921Z"",""no_price_dollars"":""0.4000"",""taker_side"":""yes"",""ticker"":""KXETH15M-26APR272215-15"",""trade_id"":""4653e9c8-7d16-75df-6f2c-fdfda1cbfc8c"",""yes_price_dollars"":""0.6000""}"
KXETH15M-26APR272215-15,40b79f0e-3a61-7375-756a-532f65aee381,1777341847,0.6,100.0,yes,"{""count_fp"":""100.00"",""created_time"":""2026-04-28T02:04:07.031921Z"",""no_price_dollars"":""0.4000"",""taker_side"":""yes"",""ticker"":""KXETH15M-26APR272215-15"",""trade_id"":""40b79f0e-3a61-7375-756a-532f65aee381"",""yes_price_dollars"":""0.6000""}"
KXETH15M-26APR272215-15,47b19e49-fdae-663f-3927-8197ab2a462c,1777341848,0.62,10.0,yes,"{""count_fp"":""10.00"",""created_time"":""2026-04-28T02:04:08.248164Z"",""no_price_dollars"":""0.3800"",""taker_side"":""yes"",""ticker"":""KXETH15M-26APR272215-15"",""trade_id"":""47b19e49-fdae-663f-3927-8197ab2a462c"",""yes_price_dollars"":""0.6200""}"
KXETH15M-26APR272215-15,032bb903-1771-6600-52d5-00df935c8f6a,1777341849,0.61,1.79,no,"{""count_fp"":""1.79"",""created_time"":""2026-04-28T02:04:09.887871Z"",""no_price_dollars"":""0.3900"",""taker_side"":""no"",""ticker"":""KXETH15M-26APR272215-15"",""trade_id"":""032bb903-1771-6600-52d5-00df935c8f6a"",""yes_price_dollars"":""0.6100""}"
KXETH15M-26APR272215-15,4860b9b6-8a46-5102-bda3-dd5dcd172e3c,1777341852,0.79,3.0,yes,"{""count_fp"":""3.00"",""created_time"":""2026-04-28T02:04:12.911447Z"",""no_price_dollars"":""0.2100"",""taker_side"":""yes"",""ticker"":""KXETH15M-26APR272215-15"",""trade_id"":""4860b9b6-8a46-5102-bda3-dd5dcd172e3c"",""yes_price_dollars"":""0.7900""}"
KXETH15M-26APR272215-15,311bd214-fb35-4878-3cd3-f6a0e2b33662,1777341852,0.75,10.0,no,"{""count_fp"":""10.00"",""created_time"":""2026-04-28T02:04:12.583426Z"",""no_price_dollars"":""0.2500"",""taker_side"":""no"",""ticker"":""KXETH15M-26APR272215-15"",""trade_id"":""311bd214-fb35-4878-3cd3-f6a0e2b33662"",""yes_price_dollars"":""0.7500""}"
KXETH15M-26APR272215-15,b565359a-72ab-40bb-c023-e413e389aa54,1777341852,0.66,40.0,yes,"{""count_fp"":""40.00"",""created_time"":""2026-04-28T02:04:12.483459Z"",""no_price_dollars"":""0.3400"",""taker_side"":""yes"",""ticker"":""KXETH15M-26APR272215-15"",""trade_id"":""b565359a-72ab-40bb-c023-e413e389aa54"",""yes_price_dollars"":""0.6600""}"
KXETH15M-26APR272215-15,2f0662d3-a8f3-7d83-77db-ca968201952c,1777341852,0.66,10.0,yes,"{""count_fp"":""10.00"",""created_time"":""2026-04-28T02:04:12.482882Z"",""no_price_dollars"":""0.3400"",""taker_side"":""yes"",""ticker"":""KXETH15M-26APR272215-15"",""trade_id"":""2f0662d3-a8f3-7d83-77db-ca968201952c"",""yes_price_dollars"":""0.6600""}"
KXETH15M-26APR272215-15,3b1cac4c-5ae9-7459-933d-fc70bf1f8da8,1777341852,0.73,10.0,yes,"{""count_fp"":""10.00"",""created_time"":""2026-04-28T02:04:12.462846Z"",""no_price_dollars"":""0.2700"",""taker_side"":""yes"",""ticker"":""KXETH15M-26APR272215-15"",""trade_id"":""3b1cac4c-5ae9-7459-933d-fc70bf1f8da8"",""yes_price_dollars"":""0.7300""}"
KXETH15M-26APR272215-15,1299e453-5398-7ea8-85d4-d92710018ebf,1777341852,0.71,40.0,yes,"{""count_fp"":""40.00"",""created_time"":""2026-04-28T02:04:12.462846Z"",""no_price_dollars"":""0.2900"",""taker_side"":""yes"",""ticker"":""KXETH15M-26APR272215-15"",""trade_id"":""1299e453-5398-7ea8-85d4-d92710018ebf"",""yes_price_dollars"":""0.7100""}"
KXETH15M-26APR272215-15,9fb5e5de-d128-73d0-aa4d-06a32389efcf,1777341852,0.71,16.0,yes,"{""count_fp"":""16.00"",""created_time"":""2026-04-28T02:04:12.454669Z"",""no_price_dollars"":""0.2900"",""taker_side"":""yes"",""ticker"":""KXETH15M-26APR272215-15"",""trade_id"":""9fb5e5de-d128-73d0-aa4d-06a32389efcf"",""yes_price_dollars"":""0.7100""}"
KXETH15M-26APR272215-15,f560c3c7-30b9-4684-763d-9584a3f79b3a,1777341852,0.68,66.0,yes,"{""count_fp"":""66.00"",""created_time"":""2026-04-28T02:04:12.438753Z"",""no_price_dollars"":""0.3200"",""taker_side"":""yes"",""ticker"":""KXETH15M-26APR272215-15"",""trade_id"":""f560c3c7-30b9-4684-763d-9584a3f79b3a"",""yes_price_dollars"":""0.6800""}"
KXETH15M-26APR272215-15,c3baf1b6-ea81-6684-c2d0-4bf1e74dcb19,1777341852,0.67,66.0,yes,"{""count_fp"":""66.00"",""created_time"":""2026-04-28T02:04:12.434197Z"",""no_price_dollars"":""0.3300"",""taker_side"":""yes"",""ticker"":""KXETH15M-26APR272215-15"",""trade_id"":""c3baf1b6-ea81-6684-c2d0-4bf1e74dcb19"",""yes_price_dollars"":""0.6700""}"
KXETH15M-26APR272215-15,58087336-be85-7cab-8f5b-a0a5c4b47bd3,1777341852,0.7,5.0,yes,"{""count_fp"":""5.00"",""created_time"":""2026-04-28T02:04:12.414452Z"",""no_price_dollars"":""0.3000"",""taker_side"":""yes"",""ticker"":""KXETH15M-26APR272215-15"",""trade_id"":""58087336-be85-7cab-8f5b-a0a5c4b47bd3"",""yes_price_dollars"":""0.7000""}"
KXETH15M-26APR272215-15,016b7d5c-7604-7cb6-9465-9d953b40f288,1777341852,0.7,1.0,yes,"{""count_fp"":""1.00"",""created_time"":""2026-04-28T02:04:12.414452Z"",""no_price_dollars"":""0.3000"",""taker_side"":""yes"",""ticker"":""KXETH15M-26APR272215-15"",""trade_id"":""016b7d5c-7604-7cb6-9465-9d953b40f288"",""yes_price_dollars"":""0.7000""}"
KXETH15M-26APR272215-15,dc55eecd-7b97-4491-bda3-f735ee8174e4,1777341852,0.64,0.56,yes,"{""count_fp"":""0.56"",""created_time"":""2026-04-28T02:04:12.393369Z"",""no_price_dollars"":""0.3600"",""taker_side"":""yes"",""ticker"":""KXETH15M-26APR272215-15"",""trade_id"":""dc55eecd-7b97-4491-bda3-f735ee8174e4"",""yes_price_dollars"":""0.6400""}"
KXETH15M-26APR272215-15,268e3f72-f726-4d0c-ae69-5e2a5a8ac655,1777341852,0.68,5.0,yes,"{""count_fp"":""5.00"",""created_time"":""2026-04-28T02:04:12.393369Z"",""no_price_dollars"":""0.3200"",""taker_side"":""yes"",""ticker"":""KXETH15M-26APR272215-15"",""trade_id"":""268e3f72-f726-4d0c-ae69-5e2a5a8ac655"",""yes_price_dollars"":""0.6800""}"
KXETH15M-26APR272215-15,152133e4-2272-40ef-a7fc-690b870d63ad,1777341852,0.65,10.0,yes,"{""count_fp"":""10.00"",""created_time"":""2026-04-28T02:04:12.393369Z"",""no_price_dollars"":""0.3500"",""taker_side"":""yes"",""ticker"":""KXETH15M-26APR272215-15"",""trade_id"":""152133e4-2272-40ef-a7fc-690b870d63ad"",""yes_price_dollars"":""0.6500""}"
KXETH15M-26APR272215-15,10bd5c9e-7588-40f6-9d17-7cf2e9b7d063,1777341852,0.65,60.0,yes,"{""count_fp"":""60.00"",""created_time"":""2026-04-28T02:04:12.393369Z"",""no_price_dollars"":""0.3500"",""taker_side"":""yes"",""ticker"":""KXETH15M-26APR272215-15"",""trade_id"":""10bd5c9e-7588-40f6-9d17-7cf2e9b7d063"",""yes_price_dollars"":""0.6500""}"
KXETH15M-26APR272215-15,a647761d-3d15-67c4-5cfe-29d9283e87b6,1777341852,0.61,3.0,no,"{""count_fp"":""3.00"",""created_time"":""2026-04-28T02:04:12.350341Z"",""no_price_dollars"":""0.3900"",""taker_side"":""no"",""ticker"":""KXETH15M-26APR272215-15"",""trade_id"":""a647761d-3d15-67c4-5cfe-29d9283e87b6"",""yes_price_dollars"":""0.6100""}"
KXETH15M-26APR272215-15,16eba465-6e5b-5e64-470e-d54193d232fe,1777341853,0.76,3.0,yes,"{""count_fp"":""3.00"",""created_time"":""2026-04-28T02:04:13.998556Z"",""no_price_dollars"":""0.2400"",""taker_side"":""yes"",""ticker"":""KXETH15M-26APR272215-15"",""trade_id"":""16eba465-6e5b-5e64-470e-d54193d232fe"",""yes_price_dollars"":""0.7600""}"
KXETH15M-26APR272215-15,5058c5bc-a6c2-548c-5a5c-d3bf8e2fe464,1777341853,0.74,1.0,no,"{""count_fp"":""1.00"",""created_time"":""2026-04-28T02:04:13.879949Z"",""no_price_dollars"":""0.2600"",""taker_side"":""no"",""ticker"":""KXETH15M-26APR272215-15"",""trade_id"":""5058c5bc-a6c2-548c-5a5c-d3bf8e2fe464"",""yes_price_dollars"":""0.7400""}"
KXETH15M-26APR272215-15,a7c1a241-a0e5-7088-312e-98ed67d00f82,1777341853,0.76,4.0,no,"{""count_fp"":""4.00"",""created_time"":""2026-04-28T02:04:13.724845Z"",""no_price_dollars"":""0.2400"",""taker_side"":""no"",""ticker"":""KXETH15M-26APR272215-15"",""trade_id"":""a7c1a241-a0e5-7088-312e-98ed67d00f82"",""yes_price_dollars"":""0.7600""}"
KXETH15M-26APR272215-15,db71d3a0-d8c2-625a-8960-93b3987d079c,1777341853,0.79,1.0,yes,"{""count_fp"":""1.00"",""created_time"":""2026-04-28T02:04:13.439877Z"",""no_price_dollars"":""0.2100"",""taker_side"":""yes"",""ticker"":""KXETH15M-26APR272215-15"",""trade_id"":""db71d3a0-d8c2-625a-8960-93b3987d079c"",""yes_price_dollars"":""0.7900""}"
KXETH15M-26APR272215-15,ca55cac0-2383-4b1c-3635-51077fb6f122,1777341854,0.75,3.0,yes,"{""count_fp"":""3.00"",""created_time"":""2026-04-28T02:04:14.739723Z"",""no_price_dollars"":""0.2500"",""taker_side"":""yes"",""ticker"":""KXETH15M-26APR272215-15"",""trade_id"":""ca55cac0-2383-4b1c-3635-51077fb6f122"",""yes_price_dollars"":""0.7500""}"
KXETH15M-26APR272215-15,19e8f576-029d-44f5-13a8-d18203c591b2,1777341854,0.75,3.0,yes,"{""count_fp"":""3.00"",""created_time"":""2026-04-28T02:04:14.616311Z"",""no_price_dollars"":""0.2500"",""taker_side"":""yes"",""ticker"":""KXETH15M-26APR272215-15"",""trade_id"":""19e8f576-029d-44f5-13a8-d18203c591b2"",""yes_price_dollars"":""0.7500""}"
KXETH15M-26APR272215-15,f4cdcc20-5b05-58cd-050d-11b2332fad8e,1777341854,0.75,3.0,yes,"{""count_fp"":""3.00"",""created_time"":""2026-04-28T02:04:14.584251Z"",""no_price_dollars"":""0.2500"",""taker_side"":""yes"",""ticker"":""KXETH15M-26APR272215-15"",""trade_id"":""f4cdcc20-5b05-58cd-050d-11b2332fad8e"",""yes_price_dollars"":""0.7500""}"
KXETH15M-26APR272215-15,c5d4eaee-f529-6e1d-fe74-e029d472bcf6,1777341854,0.76,3.0,yes,"{""count_fp"":""3.00"",""created_time"":""2026-04-28T02:04:14.142984Z"",""no_price_dollars"":""0.2400"",""taker_side"":""yes"",""ticker"":""KXETH15M-26APR272215-15"",""trade_id"":""c5d4eaee-f529-6e1d-fe74-e029d472bcf6"",""yes_price_dollars"":""0.7600""}"
KXETH15M-26APR272215-15,56da103a-b6bc-500d-aafa-efda97fe7b9a,1777341854,0.73,10.0,no,"{""count_fp"":""10.00"",""created_time"":""2026-04-28T02:04:14.115986Z"",""no_price_dollars"":""0.2700"",""taker_side"":""no"",""ticker"":""KXETH15M-26APR272215-15"",""trade_id"":""56da103a-b6bc-500d-aafa-efda97fe7b9a"",""yes_price_dollars"":""0.7300""}"
KXETH15M-26APR272215-15,14029bf6-99c1-50a8-853e-800e0f2ed826,1777341854,0.72,35.0,no,"{""count_fp"":""35.00"",""created_time"":""2026-04-28T02:04:14.115986Z"",""no_price_dollars"":""0.2800"",""taker_side"":""no"",""ticker"":""KXETH15M-26APR272215-15"",""trade_id"":""14029bf6-99c1-50a8-853e-800e0f2ed826"",""yes_price_dollars"":""0.7200""}"
KXETH15M-26APR272215-15,08e2e150-fcbb-4b2c-c1b7-2f684100e386,1777341854,0.76,3.0,yes,"{""count_fp"":""3.00"",""created_time"":""2026-04-28T02:04:14.020509Z"",""no_price_dollars"":""0.2400"",""taker_side"":""yes"",""ticker"":""KXETH15M-26APR272215-15"",""trade_id"":""08e2e150-fcbb-4b2c-c1b7-2f684100e386"",""yes_price_dollars"":""0.7600""}"
KXETH15M-26APR272215-15,424e13a3-397d-4806-5e4d-91a67e7aade1,1777341855,0.75,1.0,yes,"{""count_fp"":""1.00"",""created_time"":""2026-04-28T02:04:15.827534Z"",""no_price_dollars"":""0.2500"",""taker_side"":""yes"",""ticker"":""KXETH15M-26APR272215-15"",""trade_id"":""424e13a3-397d-4806-5e4d-91a67e7aade1"",""yes_price_dollars"":""0.7500""}"
KXETH15M-26APR272215-15,2f1304cf-7b79-4cdc-f28d-b62c64eca0ca,1777341855,0.72,1.0,no,"{""count_fp"":""1.00"",""created_time"":""2026-04-28T02:04:15.611412Z"",""no_price_dollars"":""0.2800"",""taker_side"":""no"",""ticker"":""KXETH15M-26APR272215-15"",""trade_id"":""2f1304cf-7b79-4cdc-f28d-b62c64eca0ca"",""yes_price_dollars"":""0.7200""}"
KXETH15M-26APR272215-15,16e47f75-f8a9-648c-5f1c-0898fa8734d2,1777341855,0.72,5.0,no,"{""count_fp"":""5.00"",""created_time"":""2026-04-28T02:04:15.280576Z"",""no_price_dollars"":""0.2800"",""taker_side"":""no"",""ticker"":""KXETH15M-26APR272215-15"",""trade_id"":""16e47f75-f8a9-648c-5f1c-0898fa8734d2"",""yes_price_dollars"":""0.7200""}"
KXETH15M-26APR272215-15,c202c8b1-9ced-74d8-759a-03ca858a4896,1777341857,0.72,10.93,no,"{""count_fp"":""10.93"",""created_time"":""2026-04-28T02:04:17.636432Z"",""no_price_dollars"":""0.2800"",""taker_side"":""no"",""ticker"":""KXETH15M-26APR272215-15"",""trade_id"":""c202c8b1-9ced-74d8-759a-03ca858a4896"",""yes_price_dollars"":""0.7200""}"
KXETH15M-26APR272215-15,c13b3cdf-9a77-5106-1d5d-50bfbc2d2c5b,1777341857,0.74,1.0,yes,"{""count_fp"":""1.00"",""created_time"":""2026-04-28T02:04:17.190444Z"",""no_price_dollars"":""0.2600"",""taker_side"":""yes"",""ticker"":""KXETH15M-26APR272215-15"",""trade_id"":""c13b3cdf-9a77-5106-1d5d-50bfbc2d2c5b"",""yes_price_dollars"":""0.7400""}"
KXETH15M-26APR272215-15,2f4ea73f-86c3-504e-ac18-01c9ab2dac5b,1777341860,0.74,3.0,yes,"{""count_fp"":""3.00"",""created_time"":""2026-04-28T02:04:20.516968Z"",""no_price_dollars"":""0.2600"",""taker_side"":""yes"",""ticker"":""KXETH15M-26APR272215-15"",""trade_id"":""2f4ea73f-86c3-504e-ac18-01c9ab2dac5b"",""yes_price_dollars"":""0.7400""}"
KXETH15M-26APR272215-15,35ba6aca-fba1-4f10-9fad-8287b50c0306,1777341860,0.72,1.7,no,"{""count_fp"":""1.70"",""created_time"":""2026-04-28T02:04:20.475459Z"",""no_price_dollars"":""0.2800"",""taker_side"":""no"",""ticker"":""KXETH15M-26APR272215-15"",""trade_id"":""35ba6aca-fba1-4f10-9fad-8287b50c0306"",""yes_price_dollars"":""0.7200""}"
KXETH15M-26APR272215-15,771b0904-b26b-659e-6535-79b7c64bc89f,1777341861,0.74,1.0,yes,"{""count_fp"":""1.00"",""created_time"":""2026-04-28T02:04:21.681391Z"",""no_price_dollars"":""0.2600"",""taker_side"":""yes"",""ticker"":""KXETH15M-26APR272215-15"",""trade_id"":""771b0904-b26b-659e-6535-79b7c64bc89f"",""yes_price_dollars"":""0.7400""}"
KXETH15M-26APR272215-15,502addf6-a595-7ed4-a39d-21cefab5177a,1777341861,0.72,6.96,no,"{""count_fp"":""6.96"",""created_time"":""2026-04-28T02:04:21.104568Z"",""no_price_dollars"":""0.2800"",""taker_side"":""no"",""ticker"":""KXETH15M-26APR272215-15"",""trade_id"":""502addf6-a595-7ed4-a39d-21cefab5177a"",""yes_price_dollars"":""0.7200""}"
KXETH15M-26APR272215-15,dcf6ca50-288c-4e13-720e-7b2c3cb95863,1777341862,0.7,100.0,no,"{""count_fp"":""100.00"",""created_time"":""2026-04-28T02:04:22.984839Z"",""no_price_dollars"":""0.3000"",""taker_side"":""no"",""ticker"":""KXETH15M-26APR272215-15"",""trade_id"":""dcf6ca50-288c-4e13-720e-7b2c3cb95863"",""yes_price_dollars"":""0.7000""}"
KXETH15M-26APR272215-15,c0a4339c-47bf-4149-4882-d78430a2d331,1777341862,0.7,10.0,no,"{""count_fp"":""10.00"",""created_time"":""2026-04-28T02:04:22.984839Z"",""no_price_dollars"":""0.3000"",""taker_side"":""no"",""ticker"":""KXETH15M-26APR272215-15"",""trade_id"":""c0a4339c-47bf-4149-4882-d78430a2d331"",""yes_price_dollars"":""0.7000""}"
KXETH15M-26APR272215-15,2b5be5ac-1926-605f-1cc9-1c3e49feb806,1777341862,0.72,10.0,no,"{""count_fp"":""10.00"",""created_time"":""2026-04-28T02:04:22.957912Z"",""no_price_dollars"":""0.2800"",""taker_side"":""no"",""ticker"":""KXETH15M-26APR272215-15"",""trade_id"":""2b5be5ac-1926-605f-1cc9-1c3e49feb806"",""yes_price_dollars"":""0.7200""}"
KXETH15M-26APR272215-15,f1587a37-cf40-5493-5dea-6785d42d1b15,1777341862,0.74,2.0,yes,"{""count_fp"":""2.00"",""created_time"":""2026-04-28T02:04:22.156582Z"",""no_price_dollars"":""0.2600"",""taker_side"":""yes"",""ticker"":""KXETH15M-26APR272215-15"",""trade_id"":""f1587a37-cf40-5493-5dea-6785d42d1b15"",""yes_price_dollars"":""0.7400""}"
KXETH15M-26APR272215-15,605aa9f5-6bb6-76c8-8fa6-a4e92011ab38,1777341863,0.69,10.0,no,"{""count_fp"":""10.00"",""created_time"":""2026-04-28T02:04:23.000766Z"",""no_price_dollars"":""0.3100"",""taker_side"":""no"",""ticker"":""KXETH15M-26APR272215-15"",""trade_id"":""605aa9f5-6bb6-76c8-8fa6-a4e92011ab38"",""yes_price_dollars"":""0.6900""}"
KXETH15M-26APR272215-15,f4113f68-27a8-7c16-68d4-963d5d5afbe3,1777341865,0.67,4.0,no,"{""count_fp"":""4.00"",""created_time"":""2026-04-28T02:04:25.400586Z"",""no_price_dollars"":""0.3300"",""taker_side"":""no"",""ticker"":""KXETH15M-26APR272215-15"",""trade_id"":""f4113f68-27a8-7c16-68d4-963d5d5afbe3"",""yes_price_dollars"":""0.6700""}"
KXETH15M-26APR272215-15,aecd3f99-7e80-5616-afb0-b8b7f52a1741,1777341869,0.68,1.66,no,"{""count_fp"":""1.66"",""created_time"":""2026-04-28T02:04:29.889871Z"",""no_price_dollars"":""0.3200"",""taker_side"":""no"",""ticker"":""KXETH15M-26APR272215-15"",""trade_id"":""aecd3f99-7e80-5616-afb0-b8b7f52a1741"",""yes_price_dollars"":""0.6800""}"
KXETH15M-26APR272215-15,429c9257-f5e8-5dda-02ea-ec9ee7f12519,1777341869,0.68,3.4,no,"{""count_fp"":""3.40"",""created_time"":""2026-04-28T02:04:29.718638Z"",""no_price_dollars"":""0.3200"",""taker_side"":""no"",""ticker"":""KXETH15M-26APR272215-15"",""trade_id"":""429c9257-f5e8-5dda-02ea-ec9ee7f12519"",""yes_price_dollars"":""0.6800""}"
KXETH15M-26APR272215-15,0747b2fa-57e8-4cce-31ca-239533c3b349,1777341869,0.68,14.32,no,"{""count_fp"":""14.32"",""created_time"":""2026-04-28T02:04:29.451201Z"",""no_price_dollars"":""0.3200"",""taker_side"":""no"",""ticker"":""KXETH15M-26APR272215-15"",""trade_id"":""0747b2fa-57e8-4cce-31ca-239533c3b349"",""yes_price_dollars"":""0.6800""}"
KXETH15M-26APR272215-15,b575a680-a20d-5fa1-fceb-4b19dd9a9cbc,1777341872,0.7,0.4,yes,"{""count_fp"":""0.40"",""created_time"":""2026-04-28T02:04:32.302156Z"",""no_price_dollars"":""0.3000"",""taker_side"":""yes"",""ticker"":""KXETH15M-26APR272215-15"",""trade_id"":""b575a680-a20d-5fa1-fceb-4b19dd9a9cbc"",""yes_price_dollars"":""0.7000""}"
KXETH15M-26APR272215-15,9491b225-ea04-5830-e6a3-a3bff13f0680,1777341872,0.69,60.0,yes,"{""count_fp"":""60.00"",""created_time"":""2026-04-28T02:04:32.302156Z"",""no_price_dollars"":""0.3100"",""taker_side"":""yes"",""ticker"":""KXETH15M-26APR272215-15"",""trade_id"":""9491b225-ea04-5830-e6a3-a3bff13f0680"",""yes_price_dollars"":""0.6900""}"
KXETH15M-26APR272215-15,84e72bda-4385-536d-c66a-5c655dfc7ccd,1777341872,0.69,10.0,yes,"{""count_fp"":""10.00"",""created_time"":""2026-04-28T02:04:32.302156Z"",""no_price_dollars"":""0.3100"",""taker_side"":""yes"",""ticker"":""KXETH15M-26APR272215-15"",""trade_id"":""84e72bda-4385-536d-c66a-5c655dfc7ccd"",""yes_price_dollars"":""0.6900""}"
KXETH15M-26APR272215-15,75f625a0-e3ef-61cf-df15-98c1e90f2a84,1777341873,0.69,1.39,yes,"{""count_fp"":""1.39"",""created_time"":""2026-04-28T02:04:33.760959Z"",""no_price_dollars"":""0.3100"",""taker_side"":""yes"",""ticker"":""KXETH15M-26APR272215-15"",""trade_id"":""75f625a0-e3ef-61cf-df15-98c1e90f2a84"",""yes_price_dollars"":""0.6900""}"
KXETH15M-26APR272215-15,3a17e131-939f-4ef3-d702-07b9090f463c,1777341873,0.69,1.0,yes,"{""count_fp"":""1.00"",""created_time"":""2026-04-28T02:04:33.700242Z"",""no_price_dollars"":""0.3100"",""taker_side"":""yes"",""ticker"":""KXETH15M-26APR272215-15"",""trade_id"":""3a17e131-939f-4ef3-d702-07b9090f463c"",""yes_price_dollars"":""0.6900""}"
KXETH15M-26APR272215-15,75597db6-d793-5d4b-b211-4d154c2264d4,1777341874,0.69,2.12,yes,"{""count_fp"":""2.12"",""created_time"":""2026-04-28T02:04:34.726626Z"",""no_price_dollars"":""0.3100"",""taker_side"":""yes"",""ticker"":""KXETH15M-26APR272215-15"",""trade_id"":""75597db6-d793-5d4b-b211-4d154c2264d4"",""yes_price_dollars"":""0.6900""}"
KXETH15M-26APR272215-15,77857e1a-3059-742d-b0df-646f6dfc5f74,1777341875,0.67,1.0,yes,"{""count_fp"":""1.00"",""created_time"":""2026-04-28T02:04:35.848492Z"",""no_price_dollars"":""0.3300"",""taker_side"":""yes"",""ticker"":""KXETH15M-26APR272215-15"",""trade_id"":""77857e1a-3059-742d-b0df-646f6dfc5f74"",""yes_price_dollars"":""0.6700""}"
KXETH15M-26APR272215-15,d7d80ff5-4975-5f05-793a-236472039eb4,1777341876,0.65,1.0,yes,"{""count_fp"":""1.00"",""created_time"":""2026-04-28T02:04:36.626818Z"",""no_price_dollars"":""0.3500"",""taker_side"":""yes"",""ticker"":""KXETH15M-26APR272215-15"",""trade_id"":""d7d80ff5-4975-5f05-793a-236472039eb4"",""yes_price_dollars"":""0.6500""}"
KXETH15M-26APR272215-15,f0944f9f-e875-76b1-ce6c-4d130610dd28,1777341877,0.61,25.27,yes,"{""count_fp"":""25.27"",""created_time"":""2026-04-28T02:04:37.403527Z"",""no_price_dollars"":""0.3900"",""taker_side"":""yes"",""ticker"":""KXETH15M-26APR272215-15"",""trade_id"":""f0944f9f-e875-76b1-ce6c-4d130610dd28"",""yes_price_dollars"":""0.6100""}"
KXETH15M-26APR272215-15,8602bd43-1f38-6c22-b95d-7d98916c426f,1777341878,0.59,1.0,no,"{""count_fp"":""1.00"",""created_time"":""2026-04-28T02:04:38.784987Z"",""no_price_dollars"":""0.4100"",""taker_side"":""no"",""ticker"":""KXETH15M-26APR272215-15"",""trade_id"":""8602bd43-1f38-6c22-b95d-7d98916c426f"",""yes_price_dollars"":""0.5900""}"
KXETH15M-26APR272215-15,b4d74cb1-73d5-4127-dd8d-ebfeddaf84d1,1777341880,0.58,1.63,no,"{""count_fp"":""1.63"",""created_time"":""2026-04-28T02:04:40.713644Z"",""no_price_dollars"":""0.4200"",""taker_side"":""no"",""ticker"":""KXETH15M-26APR272215-15"",""trade_id"":""b4d74cb1-73d5-4127-dd8d-ebfeddaf84d1"",""yes_price_dollars"":""0.5800""}"
KXETH15M-26APR272215-15,493f5564-dc34-4bd6-dc02-4a7ce6efeadf,1777341880,0.59,10.0,no,"{""count_fp"":""10.00"",""created_time"":""2026-04-28T02:04:40.713644Z"",""no_price_dollars"":""0.4100"",""taker_side"":""no"",""ticker"":""KXETH15M-26APR272215-15"",""trade_id"":""493f5564-dc34-4bd6-dc02-4a7ce6efeadf"",""yes_price_dollars"":""0.5900""}"
KXETH15M-26APR272215-15,2bec0977-cb25-4873-2ad5-81ad356cc5fe,1777341880,0.62,1.0,yes,"{""count_fp"":""1.00"",""created_time"":""2026-04-28T02:04:40.473234Z"",""no_price_dollars"":""0.3800"",""taker_side"":""yes"",""ticker"":""KXETH15M-26APR272215-15"",""trade_id"":""2bec0977-cb25-4873-2ad5-81ad356cc5fe"",""yes_price_dollars"":""0.6200""}"
KXETH15M-26APR272215-15,df3adbf1-eb9d-42a5-b091-443f18e3270b,1777341882,0.58,3.0,no,"{""count_fp"":""3.00"",""created_time"":""2026-04-28T02:04:42.375459Z"",""no_price_dollars"":""0.4200"",""taker_side"":""no"",""ticker"":""KXETH15M-26APR272215-15"",""trade_id"":""df3adbf1-eb9d-42a5-b091-443f18e3270b"",""yes_price_dollars"":""0.5800""}"
KXETH15M-26APR272215-15,fdcd83ff-bf82-43cb-6ae7-ee75b07b3101,1777341883,0.63,60.0,yes,"{""count_fp"":""60.00"",""created_time"":""2026-04-28T02:04:43.048642Z"",""no_price_dollars"":""0.3700"",""taker_side"":""yes"",""ticker"":""KXETH15M-26APR272215-15"",""trade_id"":""fdcd83ff-bf82-43cb-6ae7-ee75b07b3101"",""yes_price_dollars"":""0.6300""}"
KXETH15M-26APR272215-15,be9c5224-d33c-61da-6e99-e304ddd629ac,1777341883,0.6,10.0,yes,"{""count_fp"":""10.00"",""created_time"":""2026-04-28T02:04:43.032825Z"",""no_price_dollars"":""0.4000"",""taker_side"":""yes"",""ticker"":""KXETH15M-26APR272215-15"",""trade_id"":""be9c5224-d33c-61da-6e99-e304ddd629ac"",""yes_price_dollars"":""0.6000""}"
KXETH15M-26APR272215-15,07d84c46-d445-6a75-790b-a800cbf0d620,1777341883,0.61,100.0,yes,"{""count_fp"":""100.00"",""created_time"":""2026-04-28T02:04:43.032825Z"",""no_price_dollars"":""0.3900"",""taker_side"":""yes"",""ticker"":""KXETH15M-26APR272215-15"",""trade_id"":""07d84c46-d445-6a75-790b-a800cbf0d620"",""yes_price_dollars"":""0.6100""}"
KXETH15M-26APR272215-15,a1ba13bd-b952-63b7-1fff-a61c4729f865,1777341886,0.66,1.45,yes,"{""count_fp"":""1.45"",""created_time"":""2026-04-28T02:04:46.871741Z"",""no_price_dollars"":""0.3400"",""taker_side"":""yes"",""ticker"":""KXETH15M-26APR272215-15"",""trade_id"":""a1ba13bd-b952-63b7-1fff-a61c4729f865"",""yes_price_dollars"":""0.6600""}"
KXETH15M-26APR272215-15,2dddbf27-4bc1-691c-9a07-a782d2c5b7e1,1777341887,0.65,1.0,yes,"{""count_fp"":""1.00"",""created_time"":""2026-04-28T02:04:47.571132Z"",""no_price_dollars"":""0.3500"",""taker_side"":""yes"",""ticker"":""KXETH15M-26APR272215-15"",""trade_id"":""2dddbf27-4bc1-691c-9a07-a782d2c5b7e1"",""yes_price_dollars"":""0.6500""}"
KXETH15M-26APR272215-15,93308c25-7656-795f-9adf-09e72fdd7ead,1777341889,0.66,72.05,yes,"{""count_fp"":""72.05"",""created_time"":""2026-04-28T02:04:49.896452Z"",""no_price_dollars"":""0.3400"",""taker_side"":""yes"",""ticker"":""KXETH15M-26APR272215-15"",""trade_id"":""93308c25-7656-795f-9adf-09e72fdd7ead"",""yes_price_dollars"":""0.6600""}"
KXETH15M-26APR272215-15,b73e6f44-cdc8-5953-3377-09027efe6db0,1777341897,0.67,10.0,yes,"{""count_fp"":""10.00"",""created_time"":""2026-04-28T02:04:57.474287Z"",""no_price_dollars"":""0.3300"",""taker_side"":""yes"",""ticker"":""KXETH15M-26APR272215-15"",""trade_id"":""b73e6f44-cdc8-5953-3377-09027efe6db0"",""yes_price_dollars"":""0.6700""}"
KXETH15M-26APR272215-15,63e40ea8-0dea-5c7f-2d1e-83e3953f7515,1777341898,0.68,0.47,yes,"{""count_fp"":""0.47"",""created_time"":""2026-04-28T02:04:58.922282Z"",""no_price_dollars"":""0.3200"",""taker_side"":""yes"",""ticker"":""KXETH15M-26APR272215-15"",""trade_id"":""63e40ea8-0dea-5c7f-2d1e-83e3953f7515"",""yes_price_dollars"":""0.6800""}"
KXETH15M-26APR272215-15,97170fda-4756-644e-143a-aa16084e2ce8,1777341899,0.66,1.0,no,"{""count_fp"":""1.00"",""created_time"":""2026-04-28T02:04:59.184555Z"",""no_price_dollars"":""0.3400"",""taker_side"":""no"",""ticker"":""KXETH15M-26APR272215-15"",""trade_id"":""97170fda-4756-644e-143a-aa16084e2ce8"",""yes_price_dollars"":""0.6600""}"
KXETH15M-26APR272215-15,1b9c7253-a135-514d-1cb4-0c9a93d9dfc2,1777341900,0.67,1.0,yes,"{""count_fp"":""1.00"",""created_time"":""2026-04-28T02:05:00.457062Z"",""no_price_dollars"":""0.3300"",""taker_side"":""yes"",""ticker"":""KXETH15M-26APR272215-15"",""trade_id"":""1b9c7253-a135-514d-1cb4-0c9a93d9dfc2"",""yes_price_dollars"":""0.6700""}"
KXETH15M-26APR272215-15,f7d0ce0d-a9ce-5a1b-2b65-d75ef15755c5,1777341901,0.67,14.58,yes,"{""count_fp"":""14.58"",""created_time"":""2026-04-28T02:05:01.011295Z"",""no_price_dollars"":""0.3300"",""taker_side"":""yes"",""ticker"":""KXETH15M-26APR272215-15"",""trade_id"":""f7d0ce0d-a9ce-5a1b-2b65-d75ef15755c5"",""yes_price_dollars"":""0.6700""}"
KXETH15M-26APR272215-15,924ebf8e-04eb-5567-3972-3693705c139d,1777341905,0.63,0.23,no,"{""count_fp"":""0.23"",""created_time"":""2026-04-28T02:05:05.995732Z"",""no_price_dollars"":""0.3700"",""taker_side"":""no"",""ticker"":""KXETH15M-26APR272215-15"",""trade_id"":""924ebf8e-04eb-5567-3972-3693705c139d"",""yes_price_dollars"":""0.6300""}"
KXETH15M-26APR272215-15,7a7a330a-0cf2-5360-1302-d2491ef30232,1777341905,0.65,1.0,no,"{""count_fp"":""1.00"",""created_time"":""2026-04-28T02:05:05.995732Z"",""no_price_dollars"":""0.3500"",""taker_side"":""no"",""ticker"":""KXETH15M-26APR272215-15"",""trade_id"":""7a7a330a-0cf2-5360-1302-d2491ef30232"",""yes_price_dollars"":""0.6500""}"
KXETH15M-26APR272215-15,5c5fb23a-353d-53eb-0627-b6b5a242cb34,1777341905,0.66,1.51,no,"{""count_fp"":""1.51"",""created_time"":""2026-04-28T02:05:05.995732Z"",""no_price_dollars"":""0.3400"",""taker_side"":""no"",""ticker"":""KXETH15M-26APR272215-15"",""trade_id"":""5c5fb23a-353d-53eb-0627-b6b5a242cb34"",""yes_price_dollars"":""0.6600""}"
KXETH15M-26APR272215-15,2c95d959-5569-5c5d-35d3-43e72a0f0326,1777341907,0.62,5.75,yes,"{""count_fp"":""5.75"",""created_time"":""2026-04-28T02:05:07.833522Z"",""no_price_dollars"":""0.3800"",""taker_side"":""yes"",""ticker"":""KXETH15M-26APR272215-15"",""trade_id"":""2c95d959-5569-5c5d-35d3-43e72a0f0326"",""yes_price_dollars"":""0.6200""}"
KXETH15M-26APR272215-15,6ccf552b-2edd-61d7-813e-002d8a8cd097,1777341907,0.64,5.0,yes,"{""count_fp"":""5.00"",""created_time"":""2026-04-28T02:05:07.693454Z"",""no_price_dollars"":""0.3600"",""taker_side"":""yes"",""ticker"":""KXETH15M-26APR272215-15"",""trade_id"":""6ccf552b-2edd-61d7-813e-002d8a8cd097"",""yes_price_dollars"":""0.6400""}"
KXETH15M-26APR272215-15,3d758347-f3af-6b64-91a3-6d21ee75c2be,1777341907,0.62,10.0,yes,"{""count_fp"":""10.00"",""created_time"":""2026-04-28T02:05:07.693454Z"",""no_price_dollars"":""0.3800"",""taker_side"":""yes"",""ticker"":""KXETH15M-26APR272215-15"",""trade_id"":""3d758347-f3af-6b64-91a3-6d21ee75c2be"",""yes_price_dollars"":""0.6200""}"
KXETH15M-26APR272215-15,34c93eeb-b7b2-6747-9808-e0eeb1a0b5cd,1777341907,0.64,39.75,yes,"{""count_fp"":""39.75"",""created_time"":""2026-04-28T02:05:07.693454Z"",""no_price_dollars"":""0.3600"",""taker_side"":""yes"",""ticker"":""KXETH15M-26APR272215-15"",""trade_id"":""34c93eeb-b7b2-6747-9808-e0eeb1a0b5cd"",""yes_price_dollars"":""0.6400""}"
KXETH15M-26APR272215-15,91e450fe-89a3-41ad-9178-e4b668535902,1777341907,0.6,26.0,no,"{""count_fp"":""26.00"",""created_time"":""2026-04-28T02:05:07.435829Z"",""no_price_dollars"":""0.4000"",""taker_side"":""no"",""ticker"":""KXETH15M-26APR272215-15"",""trade_id"":""91e450fe-89a3-41ad-9178-e4b668535902"",""yes_price_dollars"":""0.6000""}"
KXETH15M-26APR272215-15,699ab326-ffe7-44a9-bfa9-6b9a6ee81b7c,1777341907,0.6,10.0,no,"{""count_fp"":""10.00"",""created_time"":""2026-04-28T02:05:07.435829Z"",""no_price_dollars"":""0.4000"",""taker_side"":""no"",""ticker"":""KXETH15M-26APR272215-15"",""trade_id"":""699ab326-ffe7-44a9-bfa9-6b9a6ee81b7c"",""yes_price_dollars"":""0.6000""}"
KXETH15M-26APR272215-15,67cbbcd9-c877-56df-d725-d363e98ecaec,1777341907,0.61,1.43,yes,"{""count_fp"":""1.43"",""created_time"":""2026-04-28T02:05:07.413567Z"",""no_price_dollars"":""0.3900"",""taker_side"":""yes"",""ticker"":""KXETH15M-26APR272215-15"",""trade_id"":""67cbbcd9-c877-56df-d725-d363e98ecaec"",""yes_price_dollars"":""0.6100""}"
KXETH15M-26APR272215-15,89e8fcd2-0ecc-5822-5448-8f9a1ee17eef,1777341908,0.58,3.0,no,"{""count_fp"":""3.00"",""created_time"":""2026-04-28T02:05:08.733333Z"",""no_price_dollars"":""0.4200"",""taker_side"":""no"",""ticker"":""KXETH15M-26APR272215-15"",""trade_id"":""89e8fcd2-0ecc-5822-5448-8f9a1ee17eef"",""yes_price_dollars"":""0.5800""}"
KXETH15M-26APR272215-15,907af71c-aba8-7a36-a277-afcc7d29c417,1777341908,0.58,3.0,no,"{""count_fp"":""3.00"",""created_time"":""2026-04-28T02:05:08.592815Z"",""no_price_dollars"":""0.4200"",""taker_side"":""no"",""ticker"":""KXETH15M-26APR272215-15"",""trade_id"":""907af71c-aba8-7a36-a277-afcc7d29c417"",""yes_price_dollars"":""0.5800""}"
KXETH15M-26APR272215-15,e3980ec8-c70f-5d35-9e73-a2c38a113aeb,1777341908,0.62,1.0,no,"{""count_fp"":""1.00"",""created_time"":""2026-04-28T02:05:08.119393Z"",""no_price_dollars"":""0.3800"",""taker_side"":""no"",""ticker"":""KXETH15M-26APR272215-15"",""trade_id"":""e3980ec8-c70f-5d35-9e73-a2c38a113aeb"",""yes_price_dollars"":""0.6200""}"
KXETH15M-26APR272215-15,d8606c16-818c-6af2-af52-7bc9e8f0139b,1777341909,0.58,3.0,no,"{""count_fp"":""3.00"",""created_time"":""2026-04-28T02:05:09.023449Z"",""no_price_dollars"":""0.4200"",""taker_side"":""no"",""ticker"":""KXETH15M-26APR272215-15"",""trade_id"":""d8606c16-818c-6af2-af52-7bc9e8f0139b"",""yes_price_dollars"":""0.5800""}"
KXETH15M-26APR272215-15,bda4dd76-4671-6581-d6a1-6f58497f4a39,1777341911,0.63,6.0,yes,"{""count_fp"":""6.00"",""created_time"":""2026-04-28T02:05:11.609942Z"",""no_price_dollars"":""0.3700"",""taker_side"":""yes"",""ticker"":""KXETH15M-26APR272215-15"",""trade_id"":""bda4dd76-4671-6581-d6a1-6f58497f4a39"",""yes_price_dollars"":""0.6300""}"
KXETH15M-26APR272215-15,0f85d5ca-d8fd-5bdd-703e-67beb7d59f4b,1777341912,0.6,3.0,no,"{""count_fp"":""3.00"",""created_time"":""2026-04-28T02:05:12.387962Z"",""no_price_dollars"":""0.4000"",""taker_side"":""no"",""ticker"":""KXETH15M-26APR272215-15"",""trade_id"":""0f85d5ca-d8fd-5bdd-703e-67beb7d59f4b"",""yes_price_dollars"":""0.6000""}"
KXETH15M-26APR272215-15,cb89f81d-a73b-5647-c5b6-a607377e2b38,1777341912,0.64,117.26,yes,"{""count_fp"":""117.26"",""created_time"":""2026-04-28T02:05:12.148587Z"",""no_price_dollars"":""0.3600"",""taker_side"":""yes"",""ticker"":""KXETH15M-26APR272215-15"",""trade_id"":""cb89f81d-a73b-5647-c5b6-a607377e2b38"",""yes_price_dollars"":""0.6400""}"
KXETH15M-26APR272215-15,a45643e2-4fe0-584e-d7d9-93ca1bcf8029,1777341913,0.6,3.0,no,"{""count_fp"":""3.00"",""created_time"":""2026-04-28T02:05:13.161023Z"",""no_price_dollars"":""0.4000"",""taker_side"":""no"",""ticker"":""KXETH15M-26APR272215-15"",""trade_id"":""a45643e2-4fe0-584e-d7d9-93ca1bcf8029"",""yes_price_dollars"":""0.6000""}"
KXETH15M-26APR272215-15,c927190e-4479-7425-39ee-c6d7c3e0a790,1777341914,0.6,3.1,yes,"{""count_fp"":""3.10"",""created_time"":""2026-04-28T02:05:14.310092Z"",""no_price_dollars"":""0.4000"",""taker_side"":""yes"",""ticker"":""KXETH15M-26APR272215-15"",""trade_id"":""c927190e-4479-7425-39ee-c6d7c3e0a790"",""yes_price_dollars"":""0.6000""}"
KXETH15M-26APR272215-15,d8337697-74d1-6e90-c7e9-463fc128d69a,1777341914,0.56,10.0,no,"{""count_fp"":""10.00"",""created_time"":""2026-04-28T02:05:14.290963Z"",""no_price_dollars"":""0.4400"",""taker_side"":""no"",""ticker"":""KXETH15M-26APR272215-15"",""trade_id"":""d8337697-74d1-6e90-c7e9-463fc128d69a"",""yes_price_dollars"":""0.5600""}"
KXETH15M-26APR272215-15,12c3d4d9-64a8-78ca-0add-3cc50bd2224c,1777341915,0.6,6.14,yes,"{""count_fp"":""6.14"",""created_time"":""2026-04-28T02:05:15.072201Z"",""no_price_dollars"":""0.4000"",""taker_side"":""yes"",""ticker"":""KXETH15M-26APR272215-15"",""trade_id"":""12c3d4d9-64a8-78ca-0add-3cc50bd2224c"",""yes_price_dollars"":""0.6000""}"
KXETH15M-26APR272215-15,11fbee4a-e46d-7999-049d-958faba235b8,1777341915,0.6,1.9,yes,"{""count_fp"":""1.90"",""created_time"":""2026-04-28T02:05:15.072201Z"",""no_price_dollars"":""0.4000"",""taker_side"":""yes"",""ticker"":""KXETH15M-26APR272215-15"",""trade_id"":""11fbee4a-e46d-7999-049d-958faba235b8"",""yes_price_dollars"":""0.6000""}"
KXETH15M-26APR272215-15,92aebb9a-54b6-501a-0489-858c97c79ec5,1777341916,0.62,8.0,yes,"{""count_fp"":""8.00"",""created_time"":""2026-04-28T02:05:16.681437Z"",""no_price_dollars"":""0.3800"",""taker_side"":""yes"",""ticker"":""KXETH15M-26APR272215-15"",""trade_id"":""92aebb9a-54b6-501a-0489-858c97c79ec5"",""yes_price_dollars"":""0.6200""}"
KXETH15M-26APR272215-15,c70c0340-e6e2-5c33-3c62-03e51e1d8f37,1777341917,0.59,10.0,no,"{""count_fp"":""10.00"",""created_time"":""2026-04-28T02:05:17.452834Z"",""no_price_dollars"":""0.4100"",""taker_side"":""no"",""ticker"":""KXETH15M-26APR272215-15"",""trade_id"":""c70c0340-e6e2-5c33-3c62-03e51e1d8f37"",""yes_price_dollars"":""0.5900""}"
KXETH15M-26APR272215-15,a27d166a-1471-5d88-2bbd-ff99f404fe56,1777341917,0.59,47.97,no,"{""count_fp"":""47.97"",""created_time"":""2026-04-28T02:05:17.452834Z"",""no_price_dollars"":""0.4100"",""taker_side"":""no"",""ticker"":""KXETH15M-26APR272215-15"",""trade_id"":""a27d166a-1471-5d88-2bbd-ff99f404fe56"",""yes_price_dollars"":""0.5900""}"
KXETH15M-26APR272215-15,199fbc56-87cb-7dbb-1769-2e0fd9dcf6df,1777341918,0.62,11.18,no,"{""count_fp"":""11.18"",""created_time"":""2026-04-28T02:05:18.287694Z"",""no_price_dollars"":""0.3800"",""taker_side"":""no"",""ticker"":""KXETH15M-26APR272215-15"",""trade_id"":""199fbc56-87cb-7dbb-1769-2e0fd9dcf6df"",""yes_price_dollars"":""0.6200""}"
KXETH15M-26APR272215-15,d1c26c1e-7a76-642b-ff44-bab453e3afcf,1777341919,0.6,10.0,no,"{""count_fp"":""10.00"",""created_time"":""2026-04-28T02:05:19.783473Z"",""no_price_dollars"":""0.4000"",""taker_side"":""no"",""ticker"":""KXETH15M-26APR272215-15"",""trade_id"":""d1c26c1e-7a76-642b-ff44-bab453e3afcf"",""yes_price_dollars"":""0.6000""}"
KXETH15M-26APR272215-15,c5023e31-b071-6080-c28e-4db7a84768c6,1777341919,0.59,42.88,no,"{""count_fp"":""42.88"",""created_time"":""2026-04-28T02:05:19.783473Z"",""no_price_dollars"":""0.4100"",""taker_side"":""no"",""ticker"":""KXETH15M-26APR272215-15"",""trade_id"":""c5023e31-b071-6080-c28e-4db7a84768c6"",""yes_price_dollars"":""0.5900""}"
KXETH15M-26APR272215-15,423fa07f-775b-69d3-ca3a-3c4ebdc429df,1777341919,0.62,0.82,no,"{""count_fp"":""0.82"",""created_time"":""2026-04-28T02:05:19.783473Z"",""no_price_dollars"":""0.3800"",""taker_side"":""no"",""ticker"":""KXETH15M-26APR272215-15"",""trade_id"":""423fa07f-775b-69d3-ca3a-3c4ebdc429df"",""yes_price_dollars"":""0.6200""}"
KXETH15M-26APR272215-15,0327421b-aa73-64d0-fc94-51f3db7f5ffa,1777341919,0.6,5.0,no,"{""count_fp"":""5.00"",""created_time"":""2026-04-28T02:05:19.783473Z"",""no_price_dollars"":""0.4000"",""taker_side"":""no"",""ticker"":""KXETH15M-26APR272215-15"",""trade_id"":""0327421b-aa73-64d0-fc94-51f3db7f5ffa"",""yes_price_dollars"":""0.6000""}"
KXETH15M-26APR272215-15,823616c9-4ff6-6f2c-2804-bef1e38c9ecf,1777341919,0.63,1.0,yes,"{""count_fp"":""1.00"",""created_time"":""2026-04-28T02:05:19.718722Z"",""no_price_dollars"":""0.3700"",""taker_side"":""yes"",""ticker"":""KXETH15M-26APR272215-15"",""trade_id"":""823616c9-4ff6-6f2c-2804-bef1e38c9ecf"",""yes_price_dollars"":""0.6300""}"
KXETH15M-26APR272215-15,d1e486d9-8d29-50d5-2b57-2fa09790666a,1777341921,0.64,10.0,yes,"{""count_fp"":""10.00"",""created_time"":""2026-04-28T02:05:21.865825Z"",""no_price_dollars"":""0.3600"",""taker_side"":""yes"",""ticker"":""KXETH15M-26APR272215-15"",""trade_id"":""d1e486d9-8d29-50d5-2b57-2fa09790666a"",""yes_price_dollars"":""0.6400""}"
KXETH15M-26APR272215-15,c2ac3631-df38-497d-d66b-b013ca25f9ff,1777341921,0.63,5.0,no,"{""count_fp"":""5.00"",""created_time"":""2026-04-28T02:05:21.821311Z"",""no_price_dollars"":""0.3700"",""taker_side"":""no"",""ticker"":""KXETH15M-26APR272215-15"",""trade_id"":""c2ac3631-df38-497d-d66b-b013ca25f9ff"",""yes_price_dollars"":""0.6300""}"
KXETH15M-26APR272215-15,21cc7553-e489-6431-1e01-bb8b77ce296c,1777341921,0.64,10.0,yes,"{""count_fp"":""10.00"",""created_time"":""2026-04-28T02:05:21.810618Z"",""no_price_dollars"":""0.3600"",""taker_side"":""yes"",""ticker"":""KXETH15M-26APR272215-15"",""trade_id"":""21cc7553-e489-6431-1e01-bb8b77ce296c"",""yes_price_dollars"":""0.6400""}"
KXETH15M-26APR272215-15,4e943399-1829-5c40-d5d1-b8a7812c2ece,1777341921,0.59,9.3,no,"{""count_fp"":""9.30"",""created_time"":""2026-04-28T02:05:21.013534Z"",""no_price_dollars"":""0.4100"",""taker_side"":""no"",""ticker"":""KXETH15M-26APR272215-15"",""trade_id"":""4e943399-1829-5c40-d5d1-b8a7812c2ece"",""yes_price_dollars"":""0.5900""}"
KXETH15M-26APR272215-15,22b9bece-8ecb-65ea-c092-b342fda0f507,1777341922,0.69,1.0,yes,"{""count_fp"":""1.00"",""created_time"":""2026-04-28T02:05:22.907734Z"",""no_price_dollars"":""0.3100"",""taker_side"":""yes"",""ticker"":""KXETH15M-26APR272215-15"",""trade_id"":""22b9bece-8ecb-65ea-c092-b342fda0f507"",""yes_price_dollars"":""0.6900""}"
KXETH15M-26APR272215-15,dabae497-bad6-7d5a-e6c0-73ee91cfc0c1,1777341922,0.68,1.0,no,"{""count_fp"":""1.00"",""created_time"":""2026-04-28T02:05:22.784373Z"",""no_price_dollars"":""0.3200"",""taker_side"":""no"",""ticker"":""KXETH15M-26APR272215-15"",""trade_id"":""dabae497-bad6-7d5a-e6c0-73ee91cfc0c1"",""yes_price_dollars"":""0.6800""}"
KXETH15M-26APR272215-15,d9da7b7c-e585-43c7-f98e-3a25e5d2ef90,1777341923,0.71,5.0,yes,"{""count_fp"":""5.00"",""created_time"":""2026-04-28T02:05:23.737947Z"",""no_price_dollars"":""0.2900"",""taker_side"":""yes"",""ticker"":""KXETH15M-26APR272215-15"",""trade_id"":""d9da7b7c-e585-43c7-f98e-3a25e5d2ef90"",""yes_price_dollars"":""0.7100""}"
KXETH15M-26APR272215-15,b318af3b-7434-4b95-de9d-bc55a385f16a,1777341923,0.7,6.0,yes,"{""count_fp"":""6.00"",""created_time"":""2026-04-28T02:05:23.737947Z"",""no_price_dollars"":""0.3000"",""taker_side"":""yes"",""ticker"":""KXETH15M-26APR272215-15"",""trade_id"":""b318af3b-7434-4b95-de9d-bc55a385f16a"",""yes_price_dollars"":""0.7000""}"
KXETH15M-26APR272215-15,1c795d6a-a596-7b42-4579-b0fb7e655ee9,1777341923,0.68,25.88,no,"{""count_fp"":""25.88"",""created_time"":""2026-04-28T02:05:23.224733Z"",""no_price_dollars"":""0.3200"",""taker_side"":""no"",""ticker"":""KXETH15M-26APR272215-15"",""trade_id"":""1c795d6a-a596-7b42-4579-b0fb7e655ee9"",""yes_price_dollars"":""0.6800""}"
KXETH15M-26APR272215-15,6d73063e-bffa-573e-9556-7da292c38f82,1777341924,0.75,5.0,yes,"{""count_fp"":""5.00"",""created_time"":""2026-04-28T02:05:24.500184Z"",""no_price_dollars"":""0.2500"",""taker_side"":""yes"",""ticker"":""KXETH15M-26APR272215-15"",""trade_id"":""6d73063e-bffa-573e-9556-7da292c38f82"",""yes_price_dollars"":""0.7500""}"
KXETH15M-26APR272215-15,4fadd714-08fa-56da-8e28-5ab1c5156ce4,1777341924,0.75,10.0,yes,"{""count_fp"":""10.00"",""created_time"":""2026-04-28T02:05:24.500184Z"",""no_price_dollars"":""0.2500"",""taker_side"":""yes"",""ticker"":""KXETH15M-26APR272215-15"",""trade_id"":""4fadd714-08fa-56da-8e28-5ab1c5156ce4"",""yes_price_dollars"":""0.7500""}"
KXETH15M-26APR272215-15,a175fbfd-28fa-64fe-2052-b4eb66af84d1,1777341924,0.72,5.17,no,"{""count_fp"":""5.17"",""created_time"":""2026-04-28T02:05:24.152365Z"",""no_price_dollars"":""0.2800"",""taker_side"":""no"",""ticker"":""KXETH15M-26APR272215-15"",""trade_id"":""a175fbfd-28fa-64fe-2052-b4eb66af84d1"",""yes_price_dollars"":""0.7200""}"
KXETH15M-26APR272215-15,3d366d01-be1a-6417-a3ba-476b448b292f,1777341925,0.74,2.1,no,"{""count_fp"":""2.10"",""created_time"":""2026-04-28T02:05:25.055214Z"",""no_price_dollars"":""0.2600"",""taker_side"":""no"",""ticker"":""KXETH15M-26APR272215-15"",""trade_id"":""3d366d01-be1a-6417-a3ba-476b448b292f"",""yes_price_dollars"":""0.7400""}"
KXETH15M-26APR272215-15,38cedd25-5602-4a76-4a6d-55d18e045e3d,1777341926,0.75,117.26,no,"{""count_fp"":""117.26"",""created_time"":""2026-04-28T02:05:26.954716Z"",""no_price_dollars"":""0.2500"",""taker_side"":""no"",""ticker"":""KXETH15M-26APR272215-15"",""trade_id"":""38cedd25-5602-4a76-4a6d-55d18e045e3d"",""yes_price_dollars"":""0.7500""}"
KXETH15M-26APR272215-15,de829dd7-8374-44d0-7792-72aa9da0b372,1777341926,0.76,647.0,yes,"{""count_fp"":""647.00"",""created_time"":""2026-04-28T02:05:26.917773Z"",""no_price_dollars"":""0.2400"",""taker_side"":""yes"",""ticker"":""KXETH15M-26APR272215-15"",""trade_id"":""de829dd7-8374-44d0-7792-72aa9da0b372"",""yes_price_dollars"":""0.7600""}"
KXETH15M-26APR272215-15,b90cf608-5eb6-4f32-4124-13ef052a792a,1777341926,0.76,10.0,yes,"{""count_fp"":""10.00"",""created_time"":""2026-04-28T02:05:26.917773Z"",""no_price_dollars"":""0.2400"",""taker_side"":""yes"",""ticker"":""KXETH15M-26APR272215-15"",""trade_id"":""b90cf608-5eb6-4f32-4124-13ef052a792a"",""yes_price_dollars"":""0.7600""}"
KXETH15M-26APR272215-15,1a3559f7-ffc9-4044-4fd7-d1b957c7ea39,1777341926,0.76,10.0,yes,"{""count_fp"":""10.00"",""created_time"":""2026-04-28T02:05:26.917773Z"",""no_price_dollars"":""0.2400"",""taker_side"":""yes"",""ticker"":""KXETH15M-26APR272215-15"",""trade_id"":""1a3559f7-ffc9-4044-4fd7-d1b957c7ea39"",""yes_price_dollars"":""0.7600""}"
KXETH15M-26APR272215-15,70cae066-4158-48f5-6a84-b0663e177b96,1777341926,0.75,1.45,no,"{""count_fp"":""1.45"",""created_time"":""2026-04-28T02:05:26.290793Z"",""no_price_dollars"":""0.2500"",""taker_side"":""no"",""ticker"":""KXETH15M-26APR272215-15"",""trade_id"":""70cae066-4158-48f5-6a84-b0663e177b96"",""yes_price_dollars"":""0.7500""}"
KXETH15M-26APR272215-15,92d2d18a-fe70-6436-048e-2dff7659ac23,1777341927,0.77,1.0,yes,"{""count_fp"":""1.00"",""created_time"":""2026-04-28T02:05:27.628919Z"",""no_price_dollars"":""0.2300"",""taker_side"":""yes"",""ticker"":""KXETH15M-26APR272215-15"",""trade_id"":""92d2d18a-fe70-6436-048e-2dff7659ac23"",""yes_price_dollars"":""0.7700""}"
KXETH15M-26APR272215-15,ee8e35d9-7cce-4d46-218a-8933d6230535,1777341927,0.76,1.87,no,"{""count_fp"":""1.87"",""created_time"":""2026-04-28T02:05:27.263063Z"",""no_price_dollars"":""0.2400"",""taker_side"":""no"",""ticker"":""KXETH15M-26APR272215-15"",""trade_id"":""ee8e35d9-7cce-4d46-218a-8933d6230535"",""yes_price_dollars"":""0.7600""}"
KXETH15M-26APR272215-15,35540029-887a-53f2-e9a3-8f4e05b4b80d,1777341927,0.75,3.52,no,"{""count_fp"":""3.52"",""created_time"":""2026-04-28T02:05:27.243515Z"",""no_price_dollars"":""0.2500"",""taker_side"":""no"",""ticker"":""KXETH15M-26APR272215-15"",""trade_id"":""35540029-887a-53f2-e9a3-8f4e05b4b80d"",""yes_price_dollars"":""0.7500""}"
KXETH15M-26APR272215-15,f277db92-8332-6136-2375-ca5c4dab3fca,1777341928,0.77,12.92,no,"{""count_fp"":""12.92"",""created_time"":""2026-04-28T02:05:28.884383Z"",""no_price_dollars"":""0.2300"",""taker_side"":""no"",""ticker"":""KXETH15M-26APR272215-15"",""trade_id"":""f277db92-8332-6136-2375-ca5c4dab3fca"",""yes_price_dollars"":""0.7700""}"
KXETH15M-26APR272215-15,ddae2bf6-8c6c-61b4-2882-569feee41ab7,1777341928,0.77,2.0,no,"{""count_fp"":""2.00"",""created_time"":""2026-04-28T02:05:28.884383Z"",""no_price_dollars"":""0.2300"",""taker_side"":""no"",""ticker"":""KXETH15M-26APR272215-15"",""trade_id"":""ddae2bf6-8c6c-61b4-2882-569feee41ab7"",""yes_price_dollars"":""0.7700""}"
KXETH15M-26APR272215-15,b4d82f33-fefe-6600-15a7-4de43ba078d2,1777341928,0.77,4.08,no,"{""count_fp"":""4.08"",""created_time"":""2026-04-28T02:05:28.884383Z"",""no_price_dollars"":""0.2300"",""taker_side"":""no"",""ticker"":""KXETH15M-26APR272215-15"",""trade_id"":""b4d82f33-fefe-6600-15a7-4de43ba078d2"",""yes_price_dollars"":""0.7700""}"
KXETH15M-26APR272215-15,f57fcf8c-ffed-4198-f9af-d2f468425303,1777341928,0.8,3.0,yes,"{""count_fp"":""3.00"",""created_time"":""2026-04-28T02:05:28.858151Z"",""no_price_dollars"":""0.2000"",""taker_side"":""yes"",""ticker"":""KXETH15M-26APR272215-15"",""trade_id"":""f57fcf8c-ffed-4198-f9af-d2f468425303"",""yes_price_dollars"":""0.8000""}"
KXETH15M-26APR272215-15,80506749-533a-7092-a1ac-3252ffad57d3,1777341928,0.8,3.0,yes,"{""count_fp"":""3.00"",""created_time"":""2026-04-28T02:05:28.365261Z"",""no_price_dollars"":""0.2000"",""taker_side"":""yes"",""ticker"":""KXETH15M-26APR272215-15"",""trade_id"":""80506749-533a-7092-a1ac-3252ffad57d3"",""yes_price_dollars"":""0.8000""}"
KXETH15M-26APR272215-15,8dbb9573-c3f2-4c6a-d904-facaf9f9ec0f,1777341928,0.8,1.0,yes,"{""count_fp"":""1.00"",""created_time"":""2026-04-28T02:05:28.321358Z"",""no_price_dollars"":""0.2000"",""taker_side"":""yes"",""ticker"":""KXETH15M-26APR272215-15"",""trade_id"":""8dbb9573-c3f2-4c6a-d904-facaf9f9ec0f"",""yes_price_dollars"":""0.8000""}"
KXETH15M-26APR272215-15,109e62b4-a902-72ba-71d7-22d340e2ad33,1777341928,0.8,3.0,yes,"{""count_fp"":""3.00"",""created_time"":""2026-04-28T02:05:28.222955Z"",""no_price_dollars"":""0.2000"",""taker_side"":""yes"",""ticker"":""KXETH15M-26APR272215-15"",""trade_id"":""109e62b4-a902-72ba-71d7-22d340e2ad33"",""yes_price_dollars"":""0.8000""}"
KXETH15M-26APR272215-15,c40d879b-c5c3-5f9d-2273-41e9e5018654,1777341929,0.8,3.0,no,"{""count_fp"":""3.00"",""created_time"":""2026-04-28T02:05:29.146565Z"",""no_price_dollars"":""0.2000"",""taker_side"":""no"",""ticker"":""KXETH15M-26APR272215-15"",""trade_id"":""c40d879b-c5c3-5f9d-2273-41e9e5018654"",""yes_price_dollars"":""0.8000""}"
KXETH15M-26APR272215-15,92cc9149-3f42-5f96-16fa-f290054a76ad,1777341929,0.76,62.0,no,"{""count_fp"":""62.00"",""created_time"":""2026-04-28T02:05:29.146565Z"",""no_price_dollars"":""0.2400"",""taker_side"":""no"",""ticker"":""KXETH15M-26APR272215-15"",""trade_id"":""92cc9149-3f42-5f96-16fa-f290054a76ad"",""yes_price_dollars"":""0.7600""}"
KXETH15M-26APR272215-15,3fa70f7e-d4b7-4909-2064-319fca70623e,1777341931,0.79,0.62,yes,"{""count_fp"":""0.62"",""created_time"":""2026-04-28T02:05:31.498952Z"",""no_price_dollars"":""0.2100"",""taker_side"":""yes"",""ticker"":""KXETH15M-26APR272215-15"",""trade_id"":""3fa70f7e-d4b7-4909-2064-319fca70623e"",""yes_price_dollars"":""0.7900""}"
KXETH15M-26APR272215-15,b1ba125c-4a63-6e82-9493-9e8c51df2db7,1777341931,0.77,4.0,no,"{""count_fp"":""4.00"",""created_time"":""2026-04-28T02:05:31.460449Z"",""no_price_dollars"":""0.2300"",""taker_side"":""no"",""ticker"":""KXETH15M-26APR272215-15"",""trade_id"":""b1ba125c-4a63-6e82-9493-9e8c51df2db7"",""yes_price_dollars"":""0.7700""}"
KXETH15M-26APR272215-15,47e9902d-5adf-5709-c4e3-e60c8f72eb8a,1777341932,0.78,1.0,yes,"{""count_fp"":""1.00"",""created_time"":""2026-04-28T02:05:32.839119Z"",""no_price_dollars"":""0.2200"",""taker_side"":""yes"",""ticker"":""KXETH15M-26APR272215-15"",""trade_id"":""47e9902d-5adf-5709-c4e3-e60c8f72eb8a"",""yes_price_dollars"":""0.7800""}"
KXETH15M-26APR272215-15,8eef1148-a0a3-745a-9149-09696d6e7617,1777341934,0.78,3.8,no,"{""count_fp"":""3.80"",""created_time"":""2026-04-28T02:05:34.939103Z"",""no_price_dollars"":""0.2200"",""taker_side"":""no"",""ticker"":""KXETH15M-26APR272215-15"",""trade_id"":""8eef1148-a0a3-745a-9149-09696d6e7617"",""yes_price_dollars"":""0.7800""}"
KXETH15M-26APR272215-15,fcb6ad1e-f4f0-4a7a-9641-f6490e68cec6,1777341936,0.76,0.81,no,"{""count_fp"":""0.81"",""created_time"":""2026-04-28T02:05:36.439213Z"",""no_price_dollars"":""0.2400"",""taker_side"":""no"",""ticker"":""KXETH15M-26APR272215-15"",""trade_id"":""fcb6ad1e-f4f0-4a7a-9641-f6490e68cec6"",""yes_price_dollars"":""0.7600""}"
