ticker,trade_id,ts,yes_price,count,taker_side,raw_json
KXETH15M-26APR272245-45,1d385c67-767a-7a6d-9f6c-d32a143b3f0b,1777343401,0.5,1.0,yes,"{""count_fp"":""1.00"",""created_time"":""2026-04-28T02:30:01.598481Z"",""no_price_dollars"":""0.5000"",""taker_side"":""yes"",""ticker"":""KXETH15M-26APR272245-45"",""trade_id"":""1d385c67-767a-7a6d-9f6c-d32a143b3f0b"",""yes_price_dollars"":""0.5000""}"
KXETH15M-26APR272245-45,83ecadfa-ebb2-62ce-3658-99b9bebcfb0a,1777343410,0.64,1.0,no,"{""count_fp"":""1.00"",""created_time"":""2026-04-28T02:30:10.414117Z"",""no_price_dollars"":""0.3600"",""taker_side"":""no"",""ticker"":""KXETH15M-26APR272245-45"",""trade_id"":""83ecadfa-ebb2-62ce-3658-99b9bebcfb0a"",""yes_price_dollars"":""0.6400""}"
KXETH15M-26APR272245-45,2416ee97-252d-6dfa-db91-181912e42d20,1777343410,0.64,1.0,no,"{""count_fp"":""1.00"",""created_time"":""2026-04-28T02:30:10.235831Z"",""no_price_dollars"":""0.3600"",""taker_side"":""no"",""ticker"":""KXETH15M-26APR272245-45"",""trade_id"":""2416ee97-252d-6dfa-db91-181912e42d20"",""yes_price_dollars"":""0.6400""}"
KXETH15M-26APR272245-45,900a369f-c845-4553-cdab-27770eb89045,1777343410,0.64,1.0,no,"{""count_fp"":""1.00"",""created_time"":""2026-04-28T02:30:10.081636Z"",""no_price_dollars"":""0.3600"",""taker_side"":""no"",""ticker"":""KXETH15M-26APR272245-45"",""trade_id"":""900a369f-c845-4553-cdab-27770eb89045"",""yes_price_dollars"":""0.6400""}"
KXETH15M-26APR272245-45,545c5eaa-2950-632e-f965-fcf847632189,1777343415,0.6,1.0,yes,"{""count_fp"":""1.00"",""created_time"":""2026-04-28T02:30:15.470489Z"",""no_price_dollars"":""0.4000"",""taker_side"":""yes"",""ticker"":""KXETH15M-26APR272245-45"",""trade_id"":""545c5eaa-2950-632e-f965-fcf847632189"",""yes_price_dollars"":""0.6000""}"
KXETH15M-26APR272245-45,d8609f67-acb0-7d92-8c79-b91852d60676,1777343419,0.58,1.0,yes,"{""count_fp"":""1.00"",""created_time"":""2026-04-28T02:30:19.142171Z"",""no_price_dollars"":""0.4200"",""taker_side"":""yes"",""ticker"":""KXETH15M-26APR272245-45"",""trade_id"":""d8609f67-acb0-7d92-8c79-b91852d60676"",""yes_price_dollars"":""0.5800""}"
KXETH15M-26APR272245-45,742bff22-ea72-7d06-983d-fb7e9e84aa6f,1777343419,0.58,1.0,yes,"{""count_fp"":""1.00"",""created_time"":""2026-04-28T02:30:19.142171Z"",""no_price_dollars"":""0.4200"",""taker_side"":""yes"",""ticker"":""KXETH15M-26APR272245-45"",""trade_id"":""742bff22-ea72-7d06-983d-fb7e9e84aa6f"",""yes_price_dollars"":""0.5800""}"
KXETH15M-26APR272245-45,e0c624df-a0e2-7cac-17ac-e65de342a335,1777343419,0.58,1.0,yes,"{""count_fp"":""1.00"",""created_time"":""2026-04-28T02:30:19.062107Z"",""no_price_dollars"":""0.4200"",""taker_side"":""yes"",""ticker"":""KXETH15M-26APR272245-45"",""trade_id"":""e0c624df-a0e2-7cac-17ac-e65de342a335"",""yes_price_dollars"":""0.5800""}"
KXETH15M-26APR272245-45,12993032-9150-5622-ad37-6f0589d9c91a,1777343423,0.58,2.0,yes,"{""count_fp"":""2.00"",""created_time"":""2026-04-28T02:30:23.967723Z"",""no_price_dollars"":""0.4200"",""taker_side"":""yes"",""ticker"":""KXETH15M-26APR272245-45"",""trade_id"":""12993032-9150-5622-ad37-6f0589d9c91a"",""yes_price_dollars"":""0.5800""}"
KXETH15M-26APR272245-45,2a4a4f3a-86dc-6f26-9967-6883113bf77a,1777343424,0.58,2.0,yes,"{""count_fp"":""2.00"",""created_time"":""2026-04-28T02:30:24.825128Z"",""no_price_dollars"":""0.4200"",""taker_side"":""yes"",""ticker"":""KXETH15M-26APR272245-45"",""trade_id"":""2a4a4f3a-86dc-6f26-9967-6883113bf77a"",""yes_price_dollars"":""0.5800""}"
KXETH15M-26APR272245-45,a5d51e89-9e84-45c6-484f-1c14ab1c9f62,1777343424,0.58,2.0,yes,"{""count_fp"":""2.00"",""created_time"":""2026-04-28T02:30:24.072367Z"",""no_price_dollars"":""0.4200"",""taker_side"":""yes"",""ticker"":""KXETH15M-26APR272245-45"",""trade_id"":""a5d51e89-9e84-45c6-484f-1c14ab1c9f62"",""yes_price_dollars"":""0.5800""}"
KXETH15M-26APR272245-45,cd732b86-d82d-51c3-6fde-ad0bb7a9bedf,1777343426,0.57,1.0,no,"{""count_fp"":""1.00"",""created_time"":""2026-04-28T02:30:26.974003Z"",""no_price_dollars"":""0.4300"",""taker_side"":""no"",""ticker"":""KXETH15M-26APR272245-45"",""trade_id"":""cd732b86-d82d-51c3-6fde-ad0bb7a9bedf"",""yes_price_dollars"":""0.5700""}"
KXETH15M-26APR272245-45,97b0a3d2-133a-54bd-59cd-c118460908cf,1777343426,0.56,20.88,no,"{""count_fp"":""20.88"",""created_time"":""2026-04-28T02:30:26.974003Z"",""no_price_dollars"":""0.4400"",""taker_side"":""no"",""ticker"":""KXETH15M-26APR272245-45"",""trade_id"":""97b0a3d2-133a-54bd-59cd-c118460908cf"",""yes_price_dollars"":""0.5600""}"
KXETH15M-26APR272245-45,c9651d27-63ac-4fd1-786e-0b827b60149c,1777343428,0.58,1.0,yes,"{""count_fp"":""1.00"",""created_time"":""2026-04-28T02:30:28.990192Z"",""no_price_dollars"":""0.4200"",""taker_side"":""yes"",""ticker"":""KXETH15M-26APR272245-45"",""trade_id"":""c9651d27-63ac-4fd1-786e-0b827b60149c"",""yes_price_dollars"":""0.5800""}"
KXETH15M-26APR272245-45,c6da48d1-66fe-4964-4460-1220cd7b0735,1777343428,0.58,3.0,yes,"{""count_fp"":""3.00"",""created_time"":""2026-04-28T02:30:28.990192Z"",""no_price_dollars"":""0.4200"",""taker_side"":""yes"",""ticker"":""KXETH15M-26APR272245-45"",""trade_id"":""c6da48d1-66fe-4964-4460-1220cd7b0735"",""yes_price_dollars"":""0.5800""}"
KXETH15M-26APR272245-45,211224b4-8ede-6b64-8248-d10e899c3cc9,1777343428,0.57,2.0,yes,"{""count_fp"":""2.00"",""created_time"":""2026-04-28T02:30:28.822868Z"",""no_price_dollars"":""0.4300"",""taker_side"":""yes"",""ticker"":""KXETH15M-26APR272245-45"",""trade_id"":""211224b4-8ede-6b64-8248-d10e899c3cc9"",""yes_price_dollars"":""0.5700""}"
KXETH15M-26APR272245-45,667f4388-4d18-46fa-66a0-b3a27d0eee5a,1777343429,0.58,2.0,yes,"{""count_fp"":""2.00"",""created_time"":""2026-04-28T02:30:29.244726Z"",""no_price_dollars"":""0.4200"",""taker_side"":""yes"",""ticker"":""KXETH15M-26APR272245-45"",""trade_id"":""667f4388-4d18-46fa-66a0-b3a27d0eee5a"",""yes_price_dollars"":""0.5800""}"
KXETH15M-26APR272245-45,a6e843b0-7198-74aa-7d4d-e5ae11de4e4e,1777343434,0.52,4.0,yes,"{""count_fp"":""4.00"",""created_time"":""2026-04-28T02:30:34.892638Z"",""no_price_dollars"":""0.4800"",""taker_side"":""yes"",""ticker"":""KXETH15M-26APR272245-45"",""trade_id"":""a6e843b0-7198-74aa-7d4d-e5ae11de4e4e"",""yes_price_dollars"":""0.5200""}"
KXETH15M-26APR272245-45,a0883c24-0bdb-7db9-4225-c79e3ad2a294,1777343434,0.52,1.0,yes,"{""count_fp"":""1.00"",""created_time"":""2026-04-28T02:30:34.892638Z"",""no_price_dollars"":""0.4800"",""taker_side"":""yes"",""ticker"":""KXETH15M-26APR272245-45"",""trade_id"":""a0883c24-0bdb-7db9-4225-c79e3ad2a294"",""yes_price_dollars"":""0.5200""}"
KXETH15M-26APR272245-45,6176c01f-3790-42de-ebe6-3eca68b62aa8,1777343434,0.52,1.0,yes,"{""count_fp"":""1.00"",""created_time"":""2026-04-28T02:30:34.657777Z"",""no_price_dollars"":""0.4800"",""taker_side"":""yes"",""ticker"":""KXETH15M-26APR272245-45"",""trade_id"":""6176c01f-3790-42de-ebe6-3eca68b62aa8"",""yes_price_dollars"":""0.5200""}"
KXETH15M-26APR272245-45,2b62e965-a088-4826-dc7c-a2e91d6813aa,1777343434,0.52,7.0,yes,"{""count_fp"":""7.00"",""created_time"":""2026-04-28T02:30:34.657777Z"",""no_price_dollars"":""0.4800"",""taker_side"":""yes"",""ticker"":""KXETH15M-26APR272245-45"",""trade_id"":""2b62e965-a088-4826-dc7c-a2e91d6813aa"",""yes_price_dollars"":""0.5200""}"
KXETH15M-26APR272245-45,8d82d1fe-2863-793a-8777-a65ec978973d,1777343436,0.5,3.0,no,"{""count_fp"":""3.00"",""created_time"":""2026-04-28T02:30:36.583133Z"",""no_price_dollars"":""0.5000"",""taker_side"":""no"",""ticker"":""KXETH15M-26APR272245-45"",""trade_id"":""8d82d1fe-2863-793a-8777-a65ec978973d"",""yes_price_dollars"":""0.5000""}"
KXETH15M-26APR272245-45,2bcf95f5-80fa-76bd-920a-9f94d7bf764d,1777343436,0.51,1.0,no,"{""count_fp"":""1.00"",""created_time"":""2026-04-28T02:30:36.583133Z"",""no_price_dollars"":""0.4900"",""taker_side"":""no"",""ticker"":""KXETH15M-26APR272245-45"",""trade_id"":""2bcf95f5-80fa-76bd-920a-9f94d7bf764d"",""yes_price_dollars"":""0.5100""}"
KXETH15M-26APR272245-45,df0d737f-3d42-746f-2c41-8e845f0c5606,1777343439,0.52,1.0,yes,"{""count_fp"":""1.00"",""created_time"":""2026-04-28T02:30:39.826539Z"",""no_price_dollars"":""0.4800"",""taker_side"":""yes"",""ticker"":""KXETH15M-26APR272245-45"",""trade_id"":""df0d737f-3d42-746f-2c41-8e845f0c5606"",""yes_price_dollars"":""0.5200""}"
KXETH15M-26APR272245-45,7c5df015-4775-75fb-3db1-a7e5c6021841,1777343439,0.52,2.72,yes,"{""count_fp"":""2.72"",""created_time"":""2026-04-28T02:30:39.826539Z"",""no_price_dollars"":""0.4800"",""taker_side"":""yes"",""ticker"":""KXETH15M-26APR272245-45"",""trade_id"":""7c5df015-4775-75fb-3db1-a7e5c6021841"",""yes_price_dollars"":""0.5200""}"
KXETH15M-26APR272245-45,7a2a984e-12bb-75b2-cb31-9c99b9813beb,1777343440,0.52,1.0,yes,"{""count_fp"":""1.00"",""created_time"":""2026-04-28T02:30:40.460866Z"",""no_price_dollars"":""0.4800"",""taker_side"":""yes"",""ticker"":""KXETH15M-26APR272245-45"",""trade_id"":""7a2a984e-12bb-75b2-cb31-9c99b9813beb"",""yes_price_dollars"":""0.5200""}"
KXETH15M-26APR272245-45,78a79721-8629-727b-d75a-92fe413b7fd1,1777343440,0.52,97.28,yes,"{""count_fp"":""97.28"",""created_time"":""2026-04-28T02:30:40.460866Z"",""no_price_dollars"":""0.4800"",""taker_side"":""yes"",""ticker"":""KXETH15M-26APR272245-45"",""trade_id"":""78a79721-8629-727b-d75a-92fe413b7fd1"",""yes_price_dollars"":""0.5200""}"
KXETH15M-26APR272245-45,00d2dc82-2e9e-7f81-e391-7c92111c9d7f,1777343440,0.53,816.89,yes,"{""count_fp"":""816.89"",""created_time"":""2026-04-28T02:30:40.460866Z"",""no_price_dollars"":""0.4700"",""taker_side"":""yes"",""ticker"":""KXETH15M-26APR272245-45"",""trade_id"":""00d2dc82-2e9e-7f81-e391-7c92111c9d7f"",""yes_price_dollars"":""0.5300""}"
KXETH15M-26APR272245-45,b2d734b8-91d0-7baf-69ed-0189764feec5,1777343441,0.52,1.0,yes,"{""count_fp"":""1.00"",""created_time"":""2026-04-28T02:30:41.666855Z"",""no_price_dollars"":""0.4800"",""taker_side"":""yes"",""ticker"":""KXETH15M-26APR272245-45"",""trade_id"":""b2d734b8-91d0-7baf-69ed-0189764feec5"",""yes_price_dollars"":""0.5200""}"
KXETH15M-26APR272245-45,93c82c45-07fb-7772-64c3-bd2cc68f4cb9,1777343442,0.5,20.0,no,"{""count_fp"":""20.00"",""created_time"":""2026-04-28T02:30:42.364836Z"",""no_price_dollars"":""0.5000"",""taker_side"":""no"",""ticker"":""KXETH15M-26APR272245-45"",""trade_id"":""93c82c45-07fb-7772-64c3-bd2cc68f4cb9"",""yes_price_dollars"":""0.5000""}"
KXETH15M-26APR272245-45,eb165f80-98fa-6d6d-04ca-d8f8cc62f11b,1777343442,0.52,1.0,no,"{""count_fp"":""1.00"",""created_time"":""2026-04-28T02:30:42.094648Z"",""no_price_dollars"":""0.4800"",""taker_side"":""no"",""ticker"":""KXETH15M-26APR272245-45"",""trade_id"":""eb165f80-98fa-6d6d-04ca-d8f8cc62f11b"",""yes_price_dollars"":""0.5200""}"
KXETH15M-26APR272245-45,991b65fa-af94-68f5-1a13-d3a5b583ad0c,1777343442,0.51,9.0,no,"{""count_fp"":""9.00"",""created_time"":""2026-04-28T02:30:42.094648Z"",""no_price_dollars"":""0.4900"",""taker_side"":""no"",""ticker"":""KXETH15M-26APR272245-45"",""trade_id"":""991b65fa-af94-68f5-1a13-d3a5b583ad0c"",""yes_price_dollars"":""0.5100""}"
KXETH15M-26APR272245-45,d1c2fbd0-9e8b-4e8e-01e2-df5de49049bb,1777343446,0.5,10.0,no,"{""count_fp"":""10.00"",""created_time"":""2026-04-28T02:30:46.314627Z"",""no_price_dollars"":""0.5000"",""taker_side"":""no"",""ticker"":""KXETH15M-26APR272245-45"",""trade_id"":""d1c2fbd0-9e8b-4e8e-01e2-df5de49049bb"",""yes_price_dollars"":""0.5000""}"
KXETH15M-26APR272245-45,b259d578-1863-48c9-3ed0-5805a8a7efc8,1777343446,0.5,4.0,no,"{""count_fp"":""4.00"",""created_time"":""2026-04-28T02:30:46.314627Z"",""no_price_dollars"":""0.5000"",""taker_side"":""no"",""ticker"":""KXETH15M-26APR272245-45"",""trade_id"":""b259d578-1863-48c9-3ed0-5805a8a7efc8"",""yes_price_dollars"":""0.5000""}"
KXETH15M-26APR272245-45,134c238d-6963-4112-02b8-41d5c26ef4ed,1777343446,0.5,17.0,no,"{""count_fp"":""17.00"",""created_time"":""2026-04-28T02:30:46.314627Z"",""no_price_dollars"":""0.5000"",""taker_side"":""no"",""ticker"":""KXETH15M-26APR272245-45"",""trade_id"":""134c238d-6963-4112-02b8-41d5c26ef4ed"",""yes_price_dollars"":""0.5000""}"
KXETH15M-26APR272245-45,90fa7337-0b7a-7865-f152-a52edce93083,1777343449,0.45,14.54,no,"{""count_fp"":""14.54"",""created_time"":""2026-04-28T02:30:49.941588Z"",""no_price_dollars"":""0.5500"",""taker_side"":""no"",""ticker"":""KXETH15M-26APR272245-45"",""trade_id"":""90fa7337-0b7a-7865-f152-a52edce93083"",""yes_price_dollars"":""0.4500""}"
KXETH15M-26APR272245-45,803ff3c1-021e-74de-f6db-fbbf2db1e687,1777343449,0.45,10.0,no,"{""count_fp"":""10.00"",""created_time"":""2026-04-28T02:30:49.941588Z"",""no_price_dollars"":""0.5500"",""taker_side"":""no"",""ticker"":""KXETH15M-26APR272245-45"",""trade_id"":""803ff3c1-021e-74de-f6db-fbbf2db1e687"",""yes_price_dollars"":""0.4500""}"
KXETH15M-26APR272245-45,7f8b4e92-4c03-70eb-c5ea-51d9ca305be6,1777343449,0.47,10.0,no,"{""count_fp"":""10.00"",""created_time"":""2026-04-28T02:30:49.941588Z"",""no_price_dollars"":""0.5300"",""taker_side"":""no"",""ticker"":""KXETH15M-26APR272245-45"",""trade_id"":""7f8b4e92-4c03-70eb-c5ea-51d9ca305be6"",""yes_price_dollars"":""0.4700""}"
KXETH15M-26APR272245-45,409cec39-af29-72a2-e3c1-5f6dd411cfb3,1777343449,0.47,10.0,no,"{""count_fp"":""10.00"",""created_time"":""2026-04-28T02:30:49.941588Z"",""no_price_dollars"":""0.5300"",""taker_side"":""no"",""ticker"":""KXETH15M-26APR272245-45"",""trade_id"":""409cec39-af29-72a2-e3c1-5f6dd411cfb3"",""yes_price_dollars"":""0.4700""}"
KXETH15M-26APR272245-45,a91ebee7-40ff-6b6c-d983-6fd1275f1e7b,1777343449,0.48,1.0,yes,"{""count_fp"":""1.00"",""created_time"":""2026-04-28T02:30:49.701345Z"",""no_price_dollars"":""0.5200"",""taker_side"":""yes"",""ticker"":""KXETH15M-26APR272245-45"",""trade_id"":""a91ebee7-40ff-6b6c-d983-6fd1275f1e7b"",""yes_price_dollars"":""0.4800""}"
KXETH15M-26APR272245-45,63b098e8-0406-671d-881f-841b5beedb07,1777343449,0.48,0.2,yes,"{""count_fp"":""0.20"",""created_time"":""2026-04-28T02:30:49.616546Z"",""no_price_dollars"":""0.5200"",""taker_side"":""yes"",""ticker"":""KXETH15M-26APR272245-45"",""trade_id"":""63b098e8-0406-671d-881f-841b5beedb07"",""yes_price_dollars"":""0.4800""}"
KXETH15M-26APR272245-45,20a36cc0-8ce7-4c2c-6b03-8d259baa5391,1777343451,0.46,1.0,yes,"{""count_fp"":""1.00"",""created_time"":""2026-04-28T02:30:51.470393Z"",""no_price_dollars"":""0.5400"",""taker_side"":""yes"",""ticker"":""KXETH15M-26APR272245-45"",""trade_id"":""20a36cc0-8ce7-4c2c-6b03-8d259baa5391"",""yes_price_dollars"":""0.4600""}"
KXETH15M-26APR272245-45,a2bd4fa2-2d13-5876-c714-6c540c6c413f,1777343452,0.5,1.0,yes,"{""count_fp"":""1.00"",""created_time"":""2026-04-28T02:30:52.349923Z"",""no_price_dollars"":""0.5000"",""taker_side"":""yes"",""ticker"":""KXETH15M-26APR272245-45"",""trade_id"":""a2bd4fa2-2d13-5876-c714-6c540c6c413f"",""yes_price_dollars"":""0.5000""}"
KXETH15M-26APR272245-45,77dd0a45-67e2-5d3e-f2cf-736bf5818d25,1777343452,0.51,10.0,yes,"{""count_fp"":""10.00"",""created_time"":""2026-04-28T02:30:52.349923Z"",""no_price_dollars"":""0.4900"",""taker_side"":""yes"",""ticker"":""KXETH15M-26APR272245-45"",""trade_id"":""77dd0a45-67e2-5d3e-f2cf-736bf5818d25"",""yes_price_dollars"":""0.5100""}"
KXETH15M-26APR272245-45,5427fa77-ccb6-5a5f-e561-397880aa79d0,1777343452,0.51,1.0,yes,"{""count_fp"":""1.00"",""created_time"":""2026-04-28T02:30:52.349923Z"",""no_price_dollars"":""0.4900"",""taker_side"":""yes"",""ticker"":""KXETH15M-26APR272245-45"",""trade_id"":""5427fa77-ccb6-5a5f-e561-397880aa79d0"",""yes_price_dollars"":""0.5100""}"
KXETH15M-26APR272245-45,100a4a2e-eef1-5764-f321-4af03e7aeddd,1777343452,0.5,1.0,yes,"{""count_fp"":""1.00"",""created_time"":""2026-04-28T02:30:52.349923Z"",""no_price_dollars"":""0.5000"",""taker_side"":""yes"",""ticker"":""KXETH15M-26APR272245-45"",""trade_id"":""100a4a2e-eef1-5764-f321-4af03e7aeddd"",""yes_price_dollars"":""0.5000""}"
KXETH15M-26APR272245-45,c139a345-ab0a-48dd-ea9a-689c2ebb20d3,1777343456,0.52,153.0,no,"{""count_fp"":""153.00"",""created_time"":""2026-04-28T02:30:56.398679Z"",""no_price_dollars"":""0.4800"",""taker_side"":""no"",""ticker"":""KXETH15M-26APR272245-45"",""trade_id"":""c139a345-ab0a-48dd-ea9a-689c2ebb20d3"",""yes_price_dollars"":""0.5200""}"
KXETH15M-26APR272245-45,5d86fcad-e28e-4575-5690-53c2d9906670,1777343459,0.5,1.0,yes,"{""count_fp"":""1.00"",""created_time"":""2026-04-28T02:30:59.456732Z"",""no_price_dollars"":""0.5000"",""taker_side"":""yes"",""ticker"":""KXETH15M-26APR272245-45"",""trade_id"":""5d86fcad-e28e-4575-5690-53c2d9906670"",""yes_price_dollars"":""0.5000""}"
KXETH15M-26APR272245-45,18fb4cd6-e76c-43a6-7293-bf59fcafce3d,1777343459,0.52,39.0,yes,"{""count_fp"":""39.00"",""created_time"":""2026-04-28T02:30:59.456732Z"",""no_price_dollars"":""0.4800"",""taker_side"":""yes"",""ticker"":""KXETH15M-26APR272245-45"",""trade_id"":""18fb4cd6-e76c-43a6-7293-bf59fcafce3d"",""yes_price_dollars"":""0.5200""}"
KXETH15M-26APR272245-45,f7018551-8b8a-4d89-61df-b5dc47035633,1777343459,0.52,1.0,no,"{""count_fp"":""1.00"",""created_time"":""2026-04-28T02:30:59.197742Z"",""no_price_dollars"":""0.4800"",""taker_side"":""no"",""ticker"":""KXETH15M-26APR272245-45"",""trade_id"":""f7018551-8b8a-4d89-61df-b5dc47035633"",""yes_price_dollars"":""0.5200""}"
KXETH15M-26APR272245-45,accfbf26-efe5-63ae-90b7-ad46714a13f6,1777343460,0.52,33.02,yes,"{""count_fp"":""33.02"",""created_time"":""2026-04-28T02:31:00.573601Z"",""no_price_dollars"":""0.4800"",""taker_side"":""yes"",""ticker"":""KXETH15M-26APR272245-45"",""trade_id"":""accfbf26-efe5-63ae-90b7-ad46714a13f6"",""yes_price_dollars"":""0.5200""}"
KXETH15M-26APR272245-45,984b7861-f0b5-6065-894e-d1fecc105545,1777343460,0.5,1.0,yes,"{""count_fp"":""1.00"",""created_time"":""2026-04-28T02:31:00.573601Z"",""no_price_dollars"":""0.5000"",""taker_side"":""yes"",""ticker"":""KXETH15M-26APR272245-45"",""trade_id"":""984b7861-f0b5-6065-894e-d1fecc105545"",""yes_price_dollars"":""0.5000""}"
KXETH15M-26APR272245-45,10b0b698-1cca-6ca5-8455-704a3ccd66fc,1777343460,0.52,10.0,yes,"{""count_fp"":""10.00"",""created_time"":""2026-04-28T02:31:00.573601Z"",""no_price_dollars"":""0.4800"",""taker_side"":""yes"",""ticker"":""KXETH15M-26APR272245-45"",""trade_id"":""10b0b698-1cca-6ca5-8455-704a3ccd66fc"",""yes_price_dollars"":""0.5200""}"
KXETH15M-26APR272245-45,09b13936-6ae4-6032-a8f7-aba549e2b282,1777343460,0.51,36.43,yes,"{""count_fp"":""36.43"",""created_time"":""2026-04-28T02:31:00.573601Z"",""no_price_dollars"":""0.4900"",""taker_side"":""yes"",""ticker"":""KXETH15M-26APR272245-45"",""trade_id"":""09b13936-6ae4-6032-a8f7-aba549e2b282"",""yes_price_dollars"":""0.5100""}"
KXETH15M-26APR272245-45,0947b53c-3fe8-609a-bba4-3d347aa12489,1777343460,0.51,100.0,yes,"{""count_fp"":""100.00"",""created_time"":""2026-04-28T02:31:00.573601Z"",""no_price_dollars"":""0.4900"",""taker_side"":""yes"",""ticker"":""KXETH15M-26APR272245-45"",""trade_id"":""0947b53c-3fe8-609a-bba4-3d347aa12489"",""yes_price_dollars"":""0.5100""}"
KXETH15M-26APR272245-45,6e69fac0-3e2e-44a2-d095-4657febf39fd,1777343460,0.5,1.0,yes,"{""count_fp"":""1.00"",""created_time"":""2026-04-28T02:31:00.359001Z"",""no_price_dollars"":""0.5000"",""taker_side"":""yes"",""ticker"":""KXETH15M-26APR272245-45"",""trade_id"":""6e69fac0-3e2e-44a2-d095-4657febf39fd"",""yes_price_dollars"":""0.5000""}"
KXETH15M-26APR272245-45,e162feca-b617-6d01-28d6-dd7b982fc17c,1777343461,0.53,4.0,yes,"{""count_fp"":""4.00"",""created_time"":""2026-04-28T02:31:01.927693Z"",""no_price_dollars"":""0.4700"",""taker_side"":""yes"",""ticker"":""KXETH15M-26APR272245-45"",""trade_id"":""e162feca-b617-6d01-28d6-dd7b982fc17c"",""yes_price_dollars"":""0.5300""}"
KXETH15M-26APR272245-45,32588175-f1cb-4e69-1da4-233c37251274,1777343461,0.53,1.0,yes,"{""count_fp"":""1.00"",""created_time"":""2026-04-28T02:31:01.823966Z"",""no_price_dollars"":""0.4700"",""taker_side"":""yes"",""ticker"":""KXETH15M-26APR272245-45"",""trade_id"":""32588175-f1cb-4e69-1da4-233c37251274"",""yes_price_dollars"":""0.5300""}"
KXETH15M-26APR272245-45,d1ff6495-16b8-40b2-b228-c16e5fa7f089,1777343462,0.56,60.0,yes,"{""count_fp"":""60.00"",""created_time"":""2026-04-28T02:31:02.354496Z"",""no_price_dollars"":""0.4400"",""taker_side"":""yes"",""ticker"":""KXETH15M-26APR272245-45"",""trade_id"":""d1ff6495-16b8-40b2-b228-c16e5fa7f089"",""yes_price_dollars"":""0.5600""}"
KXETH15M-26APR272245-45,ed85531c-031d-41ca-dc4c-cc776ef18d94,1777343465,0.51,1.0,yes,"{""count_fp"":""1.00"",""created_time"":""2026-04-28T02:31:05.657155Z"",""no_price_dollars"":""0.4900"",""taker_side"":""yes"",""ticker"":""KXETH15M-26APR272245-45"",""trade_id"":""ed85531c-031d-41ca-dc4c-cc776ef18d94"",""yes_price_dollars"":""0.5100""}"
KXETH15M-26APR272245-45,861a2058-e323-42b9-c4ff-44203c6b9d59,1777343465,0.52,10.0,yes,"{""count_fp"":""10.00"",""created_time"":""2026-04-28T02:31:05.657155Z"",""no_price_dollars"":""0.4800"",""taker_side"":""yes"",""ticker"":""KXETH15M-26APR272245-45"",""trade_id"":""861a2058-e323-42b9-c4ff-44203c6b9d59"",""yes_price_dollars"":""0.5200""}"
KXETH15M-26APR272245-45,a849f337-2b7a-6f75-f9d7-8c0ae16c470f,1777343467,0.52,1.0,no,"{""count_fp"":""1.00"",""created_time"":""2026-04-28T02:31:07.045695Z"",""no_price_dollars"":""0.4800"",""taker_side"":""no"",""ticker"":""KXETH15M-26APR272245-45"",""trade_id"":""a849f337-2b7a-6f75-f9d7-8c0ae16c470f"",""yes_price_dollars"":""0.5200""}"
KXETH15M-26APR272245-45,02fd60d5-f52a-7db9-57cc-94f4921fc29f,1777343468,0.52,1.0,no,"{""count_fp"":""1.00"",""created_time"":""2026-04-28T02:31:08.432439Z"",""no_price_dollars"":""0.4800"",""taker_side"":""no"",""ticker"":""KXETH15M-26APR272245-45"",""trade_id"":""02fd60d5-f52a-7db9-57cc-94f4921fc29f"",""yes_price_dollars"":""0.5200""}"
KXETH15M-26APR272245-45,980a88b3-ff4e-6cf1-bfae-a2db6d164ca3,1777343470,0.52,2.0,no,"{""count_fp"":""2.00"",""created_time"":""2026-04-28T02:31:10.192677Z"",""no_price_dollars"":""0.4800"",""taker_side"":""no"",""ticker"":""KXETH15M-26APR272245-45"",""trade_id"":""980a88b3-ff4e-6cf1-bfae-a2db6d164ca3"",""yes_price_dollars"":""0.5200""}"
KXETH15M-26APR272245-45,2629b9e7-c039-7592-47a2-3e7bafb5e96e,1777343471,0.53,0.91,yes,"{""count_fp"":""0.91"",""created_time"":""2026-04-28T02:31:11.945992Z"",""no_price_dollars"":""0.4700"",""taker_side"":""yes"",""ticker"":""KXETH15M-26APR272245-45"",""trade_id"":""2629b9e7-c039-7592-47a2-3e7bafb5e96e"",""yes_price_dollars"":""0.5300""}"
KXETH15M-26APR272245-45,5136e9fb-5eea-4761-c896-314e14acf73b,1777343474,0.55,0.43,yes,"{""count_fp"":""0.43"",""created_time"":""2026-04-28T02:31:14.794815Z"",""no_price_dollars"":""0.4500"",""taker_side"":""yes"",""ticker"":""KXETH15M-26APR272245-45"",""trade_id"":""5136e9fb-5eea-4761-c896-314e14acf73b"",""yes_price_dollars"":""0.5500""}"
KXETH15M-26APR272245-45,f9bc6865-f445-5a16-c0f6-ef1a6d9afc6e,1777343474,0.53,0.09,yes,"{""count_fp"":""0.09"",""created_time"":""2026-04-28T02:31:14.474304Z"",""no_price_dollars"":""0.4700"",""taker_side"":""yes"",""ticker"":""KXETH15M-26APR272245-45"",""trade_id"":""f9bc6865-f445-5a16-c0f6-ef1a6d9afc6e"",""yes_price_dollars"":""0.5300""}"
KXETH15M-26APR272245-45,0e7e8ee5-61af-5a37-e121-b555486f35a0,1777343474,0.55,4.91,yes,"{""count_fp"":""4.91"",""created_time"":""2026-04-28T02:31:14.474304Z"",""no_price_dollars"":""0.4500"",""taker_side"":""yes"",""ticker"":""KXETH15M-26APR272245-45"",""trade_id"":""0e7e8ee5-61af-5a37-e121-b555486f35a0"",""yes_price_dollars"":""0.5500""}"
KXETH15M-26APR272245-45,030eea50-1e9d-79f3-2490-631bf00bf4e2,1777343480,0.55,3.52,yes,"{""count_fp"":""3.52"",""created_time"":""2026-04-28T02:31:20.275409Z"",""no_price_dollars"":""0.4500"",""taker_side"":""yes"",""ticker"":""KXETH15M-26APR272245-45"",""trade_id"":""030eea50-1e9d-79f3-2490-631bf00bf4e2"",""yes_price_dollars"":""0.5500""}"
KXETH15M-26APR272245-45,7620e75d-38b6-67f5-657e-215a014e82d3,1777343482,0.52,10.05,no,"{""count_fp"":""10.05"",""created_time"":""2026-04-28T02:31:22.246221Z"",""no_price_dollars"":""0.4800"",""taker_side"":""no"",""ticker"":""KXETH15M-26APR272245-45"",""trade_id"":""7620e75d-38b6-67f5-657e-215a014e82d3"",""yes_price_dollars"":""0.5200""}"
KXETH15M-26APR272245-45,a8b1211b-ea0f-5e5d-7c32-c3c669f27a07,1777343483,0.57,10.0,yes,"{""count_fp"":""10.00"",""created_time"":""2026-04-28T02:31:23.985653Z"",""no_price_dollars"":""0.4300"",""taker_side"":""yes"",""ticker"":""KXETH15M-26APR272245-45"",""trade_id"":""a8b1211b-ea0f-5e5d-7c32-c3c669f27a07"",""yes_price_dollars"":""0.5700""}"
KXETH15M-26APR272245-45,a1434a7f-4a5e-5e94-5f45-48c7ce9f9dfd,1777343483,0.57,2.0,yes,"{""count_fp"":""2.00"",""created_time"":""2026-04-28T02:31:23.985653Z"",""no_price_dollars"":""0.4300"",""taker_side"":""yes"",""ticker"":""KXETH15M-26APR272245-45"",""trade_id"":""a1434a7f-4a5e-5e94-5f45-48c7ce9f9dfd"",""yes_price_dollars"":""0.5700""}"
KXETH15M-26APR272245-45,41f7b5c1-b172-5e05-6c35-7e5593d00463,1777343483,0.57,60.0,yes,"{""count_fp"":""60.00"",""created_time"":""2026-04-28T02:31:23.985653Z"",""no_price_dollars"":""0.4300"",""taker_side"":""yes"",""ticker"":""KXETH15M-26APR272245-45"",""trade_id"":""41f7b5c1-b172-5e05-6c35-7e5593d00463"",""yes_price_dollars"":""0.5700""}"
KXETH15M-26APR272245-45,355cd0fc-1068-51e3-4e85-010d69df1fa3,1777343483,0.57,50.0,yes,"{""count_fp"":""50.00"",""created_time"":""2026-04-28T02:31:23.985653Z"",""no_price_dollars"":""0.4300"",""taker_side"":""yes"",""ticker"":""KXETH15M-26APR272245-45"",""trade_id"":""355cd0fc-1068-51e3-4e85-010d69df1fa3"",""yes_price_dollars"":""0.5700""}"
KXETH15M-26APR272245-45,12695d12-bf77-5e60-554a-d7c731ffcf5a,1777343483,0.57,25.0,yes,"{""count_fp"":""25.00"",""created_time"":""2026-04-28T02:31:23.985653Z"",""no_price_dollars"":""0.4300"",""taker_side"":""yes"",""ticker"":""KXETH15M-26APR272245-45"",""trade_id"":""12695d12-bf77-5e60-554a-d7c731ffcf5a"",""yes_price_dollars"":""0.5700""}"
KXETH15M-26APR272245-45,4fe8a5a9-9467-7740-1f11-26b01b8bbad8,1777343483,0.55,10.0,yes,"{""count_fp"":""10.00"",""created_time"":""2026-04-28T02:31:23.873347Z"",""no_price_dollars"":""0.4500"",""taker_side"":""yes"",""ticker"":""KXETH15M-26APR272245-45"",""trade_id"":""4fe8a5a9-9467-7740-1f11-26b01b8bbad8"",""yes_price_dollars"":""0.5500""}"
KXETH15M-26APR272245-45,13382ee4-0742-426d-ab88-4a4b12327583,1777343483,0.52,0.91,no,"{""count_fp"":""0.91"",""created_time"":""2026-04-28T02:31:23.296211Z"",""no_price_dollars"":""0.4800"",""taker_side"":""no"",""ticker"":""KXETH15M-26APR272245-45"",""trade_id"":""13382ee4-0742-426d-ab88-4a4b12327583"",""yes_price_dollars"":""0.5200""}"
KXETH15M-26APR272245-45,7e79ba13-56be-5ca9-0516-1844e1e2445f,1777343485,0.57,10.05,no,"{""count_fp"":""10.05"",""created_time"":""2026-04-28T02:31:25.288236Z"",""no_price_dollars"":""0.4300"",""taker_side"":""no"",""ticker"":""KXETH15M-26APR272245-45"",""trade_id"":""7e79ba13-56be-5ca9-0516-1844e1e2445f"",""yes_price_dollars"":""0.5700""}"
KXETH15M-26APR272245-45,d223f953-5fac-63b9-28d2-8a09aadb10ae,1777343487,0.6,7.97,yes,"{""count_fp"":""7.97"",""created_time"":""2026-04-28T02:31:27.607835Z"",""no_price_dollars"":""0.4000"",""taker_side"":""yes"",""ticker"":""KXETH15M-26APR272245-45"",""trade_id"":""d223f953-5fac-63b9-28d2-8a09aadb10ae"",""yes_price_dollars"":""0.6000""}"
KXETH15M-26APR272245-45,eb2208f0-f83c-7570-8573-4c9aab5e1cc7,1777343490,0.59,0.81,yes,"{""count_fp"":""0.81"",""created_time"":""2026-04-28T02:31:30.086807Z"",""no_price_dollars"":""0.4100"",""taker_side"":""yes"",""ticker"":""KXETH15M-26APR272245-45"",""trade_id"":""eb2208f0-f83c-7570-8573-4c9aab5e1cc7"",""yes_price_dollars"":""0.5900""}"
KXETH15M-26APR272245-45,80f0253b-6880-6aa8-5e5f-eba00d34e6ba,1777343493,0.58,1.0,yes,"{""count_fp"":""1.00"",""created_time"":""2026-04-28T02:31:33.648661Z"",""no_price_dollars"":""0.4200"",""taker_side"":""yes"",""ticker"":""KXETH15M-26APR272245-45"",""trade_id"":""80f0253b-6880-6aa8-5e5f-eba00d34e6ba"",""yes_price_dollars"":""0.5800""}"
KXETH15M-26APR272245-45,eec82d24-2dd8-40c9-f286-299edea53f22,1777343497,0.6,5.0,yes,"{""count_fp"":""5.00"",""created_time"":""2026-04-28T02:31:37.474032Z"",""no_price_dollars"":""0.4000"",""taker_side"":""yes"",""ticker"":""KXETH15M-26APR272245-45"",""trade_id"":""eec82d24-2dd8-40c9-f286-299edea53f22"",""yes_price_dollars"":""0.6000""}"
KXETH15M-26APR272245-45,ec022eed-8c2e-7976-2c8e-0f00635de4fb,1777343499,0.61,10.0,yes,"{""count_fp"":""10.00"",""created_time"":""2026-04-28T02:31:39.296741Z"",""no_price_dollars"":""0.3900"",""taker_side"":""yes"",""ticker"":""KXETH15M-26APR272245-45"",""trade_id"":""ec022eed-8c2e-7976-2c8e-0f00635de4fb"",""yes_price_dollars"":""0.6100""}"
KXETH15M-26APR272245-45,9ca976f7-7950-7c84-3898-6ffa6e81eea7,1777343499,0.62,100.0,yes,"{""count_fp"":""100.00"",""created_time"":""2026-04-28T02:31:39.296741Z"",""no_price_dollars"":""0.3800"",""taker_side"":""yes"",""ticker"":""KXETH15M-26APR272245-45"",""trade_id"":""9ca976f7-7950-7c84-3898-6ffa6e81eea7"",""yes_price_dollars"":""0.6200""}"
KXETH15M-26APR272245-45,67c7f20e-4f14-7605-36b7-908e921d47b6,1777343499,0.6,12.03,yes,"{""count_fp"":""12.03"",""created_time"":""2026-04-28T02:31:39.296741Z"",""no_price_dollars"":""0.4000"",""taker_side"":""yes"",""ticker"":""KXETH15M-26APR272245-45"",""trade_id"":""67c7f20e-4f14-7605-36b7-908e921d47b6"",""yes_price_dollars"":""0.6000""}"
KXETH15M-26APR272245-45,4c8b1678-661c-7eeb-213c-3ee727b2b5aa,1777343499,0.63,10.0,yes,"{""count_fp"":""10.00"",""created_time"":""2026-04-28T02:31:39.296741Z"",""no_price_dollars"":""0.3700"",""taker_side"":""yes"",""ticker"":""KXETH15M-26APR272245-45"",""trade_id"":""4c8b1678-661c-7eeb-213c-3ee727b2b5aa"",""yes_price_dollars"":""0.6300""}"
KXETH15M-26APR272245-45,4c2284bf-40cb-7670-2aa1-a754552a71f8,1777343499,0.64,253.13,yes,"{""count_fp"":""253.13"",""created_time"":""2026-04-28T02:31:39.296741Z"",""no_price_dollars"":""0.3600"",""taker_side"":""yes"",""ticker"":""KXETH15M-26APR272245-45"",""trade_id"":""4c2284bf-40cb-7670-2aa1-a754552a71f8"",""yes_price_dollars"":""0.6400""}"
KXETH15M-26APR272245-45,96b3cf11-7de0-5d70-6ecf-65bd01126dda,1777343500,0.64,1.0,yes,"{""count_fp"":""1.00"",""created_time"":""2026-04-28T02:31:40.606483Z"",""no_price_dollars"":""0.3600"",""taker_side"":""yes"",""ticker"":""KXETH15M-26APR272245-45"",""trade_id"":""96b3cf11-7de0-5d70-6ecf-65bd01126dda"",""yes_price_dollars"":""0.6400""}"
KXETH15M-26APR272245-45,3fbb2ad3-9876-7f55-3b08-614b329a4127,1777343501,0.62,116.11,no,"{""count_fp"":""116.11"",""created_time"":""2026-04-28T02:31:41.116191Z"",""no_price_dollars"":""0.3800"",""taker_side"":""no"",""ticker"":""KXETH15M-26APR272245-45"",""trade_id"":""3fbb2ad3-9876-7f55-3b08-614b329a4127"",""yes_price_dollars"":""0.6200""}"
KXETH15M-26APR272245-45,02ccfadf-40c5-7f1b-2c5c-6a1f60eaef28,1777343501,0.62,1.0,no,"{""count_fp"":""1.00"",""created_time"":""2026-04-28T02:31:41.116191Z"",""no_price_dollars"":""0.3800"",""taker_side"":""no"",""ticker"":""KXETH15M-26APR272245-45"",""trade_id"":""02ccfadf-40c5-7f1b-2c5c-6a1f60eaef28"",""yes_price_dollars"":""0.6200""}"
KXETH15M-26APR272245-45,5e66ae2c-9764-57c4-f4f7-9b7a57c629f2,1777343502,0.65,27.54,yes,"{""count_fp"":""27.54"",""created_time"":""2026-04-28T02:31:42.149341Z"",""no_price_dollars"":""0.3500"",""taker_side"":""yes"",""ticker"":""KXETH15M-26APR272245-45"",""trade_id"":""5e66ae2c-9764-57c4-f4f7-9b7a57c629f2"",""yes_price_dollars"":""0.6500""}"
KXETH15M-26APR272245-45,58797b12-4a46-5211-c0b5-72416246bd97,1777343502,0.64,10.0,yes,"{""count_fp"":""10.00"",""created_time"":""2026-04-28T02:31:42.149341Z"",""no_price_dollars"":""0.3600"",""taker_side"":""yes"",""ticker"":""KXETH15M-26APR272245-45"",""trade_id"":""58797b12-4a46-5211-c0b5-72416246bd97"",""yes_price_dollars"":""0.6400""}"
KXETH15M-26APR272245-45,99ffde66-3834-5c1c-4e35-7b1fe43023da,1777343504,0.63,4.49,yes,"{""count_fp"":""4.49"",""created_time"":""2026-04-28T02:31:44.675612Z"",""no_price_dollars"":""0.3700"",""taker_side"":""yes"",""ticker"":""KXETH15M-26APR272245-45"",""trade_id"":""99ffde66-3834-5c1c-4e35-7b1fe43023da"",""yes_price_dollars"":""0.6300""}"
KXETH15M-26APR272245-45,d944c1f1-0a20-4af0-0f1a-c6bf136b788e,1777343504,0.64,1.0,yes,"{""count_fp"":""1.00"",""created_time"":""2026-04-28T02:31:44.018091Z"",""no_price_dollars"":""0.3600"",""taker_side"":""yes"",""ticker"":""KXETH15M-26APR272245-45"",""trade_id"":""d944c1f1-0a20-4af0-0f1a-c6bf136b788e"",""yes_price_dollars"":""0.6400""}"
KXETH15M-26APR272245-45,6ee34bf7-074c-7f40-0593-d15f2a53451a,1777343506,0.6,1.0,yes,"{""count_fp"":""1.00"",""created_time"":""2026-04-28T02:31:46.823909Z"",""no_price_dollars"":""0.4000"",""taker_side"":""yes"",""ticker"":""KXETH15M-26APR272245-45"",""trade_id"":""6ee34bf7-074c-7f40-0593-d15f2a53451a"",""yes_price_dollars"":""0.6000""}"
KXETH15M-26APR272245-45,cde439e4-2044-73d4-3154-5e441213bffa,1777343507,0.59,2.19,yes,"{""count_fp"":""2.19"",""created_time"":""2026-04-28T02:31:47.388456Z"",""no_price_dollars"":""0.4100"",""taker_side"":""yes"",""ticker"":""KXETH15M-26APR272245-45"",""trade_id"":""cde439e4-2044-73d4-3154-5e441213bffa"",""yes_price_dollars"":""0.5900""}"
KXETH15M-26APR272245-45,06839d37-f758-5fec-e91d-afbc7573a146,1777343507,0.59,32.42,yes,"{""count_fp"":""32.42"",""created_time"":""2026-04-28T02:31:47.383024Z"",""no_price_dollars"":""0.4100"",""taker_side"":""yes"",""ticker"":""KXETH15M-26APR272245-45"",""trade_id"":""06839d37-f758-5fec-e91d-afbc7573a146"",""yes_price_dollars"":""0.5900""}"
KXETH15M-26APR272245-45,1e27e3b3-ae70-6a98-9d21-8a344ab7d882,1777343507,0.6,1.0,yes,"{""count_fp"":""1.00"",""created_time"":""2026-04-28T02:31:47.090663Z"",""no_price_dollars"":""0.4000"",""taker_side"":""yes"",""ticker"":""KXETH15M-26APR272245-45"",""trade_id"":""1e27e3b3-ae70-6a98-9d21-8a344ab7d882"",""yes_price_dollars"":""0.6000""}"
KXETH15M-26APR272245-45,9319cced-1b81-6ed7-7165-72607d0c237d,1777343511,0.59,4.94,yes,"{""count_fp"":""4.94"",""created_time"":""2026-04-28T02:31:51.616191Z"",""no_price_dollars"":""0.4100"",""taker_side"":""yes"",""ticker"":""KXETH15M-26APR272245-45"",""trade_id"":""9319cced-1b81-6ed7-7165-72607d0c237d"",""yes_price_dollars"":""0.5900""}"
KXETH15M-26APR272245-45,0b94912d-5730-728c-aeef-9634e537064a,1777343511,0.58,100.0,yes,"{""count_fp"":""100.00"",""created_time"":""2026-04-28T02:31:51.591745Z"",""no_price_dollars"":""0.4200"",""taker_side"":""yes"",""ticker"":""KXETH15M-26APR272245-45"",""trade_id"":""0b94912d-5730-728c-aeef-9634e537064a"",""yes_price_dollars"":""0.5800""}"
KXETH15M-26APR272245-45,0aa36d94-a1dd-4e0d-4f51-a648544c562e,1777343513,0.56,2.0,no,"{""count_fp"":""2.00"",""created_time"":""2026-04-28T02:31:53.335639Z"",""no_price_dollars"":""0.4400"",""taker_side"":""no"",""ticker"":""KXETH15M-26APR272245-45"",""trade_id"":""0aa36d94-a1dd-4e0d-4f51-a648544c562e"",""yes_price_dollars"":""0.5600""}"
KXETH15M-26APR272245-45,07a9fbc7-3ead-48e9-93f0-97f1c4fe76cb,1777343513,0.57,25.0,no,"{""count_fp"":""25.00"",""created_time"":""2026-04-28T02:31:53.289356Z"",""no_price_dollars"":""0.4300"",""taker_side"":""no"",""ticker"":""KXETH15M-26APR272245-45"",""trade_id"":""07a9fbc7-3ead-48e9-93f0-97f1c4fe76cb"",""yes_price_dollars"":""0.5700""}"
KXETH15M-26APR272245-45,6a3f6d0e-d7e7-7cc6-50e3-2581e4ee8e99,1777343514,0.57,0.82,yes,"{""count_fp"":""0.82"",""created_time"":""2026-04-28T02:31:54.209793Z"",""no_price_dollars"":""0.4300"",""taker_side"":""yes"",""ticker"":""KXETH15M-26APR272245-45"",""trade_id"":""6a3f6d0e-d7e7-7cc6-50e3-2581e4ee8e99"",""yes_price_dollars"":""0.5700""}"
KXETH15M-26APR272245-45,8eb534b3-257b-74d6-74ba-c307816a9d79,1777343523,0.57,99.18,yes,"{""count_fp"":""99.18"",""created_time"":""2026-04-28T02:32:03.331756Z"",""no_price_dollars"":""0.4300"",""taker_side"":""yes"",""ticker"":""KXETH15M-26APR272245-45"",""trade_id"":""8eb534b3-257b-74d6-74ba-c307816a9d79"",""yes_price_dollars"":""0.5700""}"
KXETH15M-26APR272245-45,86d4c024-3d10-7b16-66fd-975a21402f6e,1777343523,0.57,10.0,yes,"{""count_fp"":""10.00"",""created_time"":""2026-04-28T02:32:03.331756Z"",""no_price_dollars"":""0.4300"",""taker_side"":""yes"",""ticker"":""KXETH15M-26APR272245-45"",""trade_id"":""86d4c024-3d10-7b16-66fd-975a21402f6e"",""yes_price_dollars"":""0.5700""}"
KXETH15M-26APR272245-45,6822b618-b628-712c-5a84-e013e2854b3a,1777343523,0.57,1.0,yes,"{""count_fp"":""1.00"",""created_time"":""2026-04-28T02:32:03.331756Z"",""no_price_dollars"":""0.4300"",""taker_side"":""yes"",""ticker"":""KXETH15M-26APR272245-45"",""trade_id"":""6822b618-b628-712c-5a84-e013e2854b3a"",""yes_price_dollars"":""0.5700""}"
KXETH15M-26APR272245-45,64a320a3-c953-7da4-6103-e4afb03f7582,1777343523,0.57,60.0,yes,"{""count_fp"":""60.00"",""created_time"":""2026-04-28T02:32:03.331756Z"",""no_price_dollars"":""0.4300"",""taker_side"":""yes"",""ticker"":""KXETH15M-26APR272245-45"",""trade_id"":""64a320a3-c953-7da4-6103-e4afb03f7582"",""yes_price_dollars"":""0.5700""}"
KXETH15M-26APR272245-45,eaf63364-9fd2-6fdc-41f0-87da343c6ba7,1777343525,0.59,10.0,no,"{""count_fp"":""10.00"",""created_time"":""2026-04-28T02:32:05.575828Z"",""no_price_dollars"":""0.4100"",""taker_side"":""no"",""ticker"":""KXETH15M-26APR272245-45"",""trade_id"":""eaf63364-9fd2-6fdc-41f0-87da343c6ba7"",""yes_price_dollars"":""0.5900""}"
KXETH15M-26APR272245-45,45f38f10-fe05-6f6f-63cc-76b2b5306fe9,1777343525,0.58,0.93,no,"{""count_fp"":""0.93"",""created_time"":""2026-04-28T02:32:05.575828Z"",""no_price_dollars"":""0.4200"",""taker_side"":""no"",""ticker"":""KXETH15M-26APR272245-45"",""trade_id"":""45f38f10-fe05-6f6f-63cc-76b2b5306fe9"",""yes_price_dollars"":""0.5800""}"
KXETH15M-26APR272245-45,47895800-3f37-4003-2e89-673fb95f2669,1777343528,0.57,1.0,yes,"{""count_fp"":""1.00"",""created_time"":""2026-04-28T02:32:08.174663Z"",""no_price_dollars"":""0.4300"",""taker_side"":""yes"",""ticker"":""KXETH15M-26APR272245-45"",""trade_id"":""47895800-3f37-4003-2e89-673fb95f2669"",""yes_price_dollars"":""0.5700""}"
KXETH15M-26APR272245-45,5a85daa1-6449-6035-45cc-6bbae5d9095e,1777343529,0.56,18.58,no,"{""count_fp"":""18.58"",""created_time"":""2026-04-28T02:32:09.745963Z"",""no_price_dollars"":""0.4400"",""taker_side"":""no"",""ticker"":""KXETH15M-26APR272245-45"",""trade_id"":""5a85daa1-6449-6035-45cc-6bbae5d9095e"",""yes_price_dollars"":""0.5600""}"
KXETH15M-26APR272245-45,30693ebd-8b01-6c49-ea64-80995968b6a2,1777343534,0.56,19.42,no,"{""count_fp"":""19.42"",""created_time"":""2026-04-28T02:32:14.901712Z"",""no_price_dollars"":""0.4400"",""taker_side"":""no"",""ticker"":""KXETH15M-26APR272245-45"",""trade_id"":""30693ebd-8b01-6c49-ea64-80995968b6a2"",""yes_price_dollars"":""0.5600""}"
KXETH15M-26APR272245-45,5383079d-ee0f-54bf-85ab-9abefb0671c4,1777343535,0.54,18.73,yes,"{""count_fp"":""18.73"",""created_time"":""2026-04-28T02:32:15.245733Z"",""no_price_dollars"":""0.4600"",""taker_side"":""yes"",""ticker"":""KXETH15M-26APR272245-45"",""trade_id"":""5383079d-ee0f-54bf-85ab-9abefb0671c4"",""yes_price_dollars"":""0.5400""}"
KXETH15M-26APR272245-45,e813ef0f-75e8-6ab8-ee00-6186381a4e40,1777343536,0.53,7.16,yes,"{""count_fp"":""7.16"",""created_time"":""2026-04-28T02:32:16.627629Z"",""no_price_dollars"":""0.4700"",""taker_side"":""yes"",""ticker"":""KXETH15M-26APR272245-45"",""trade_id"":""e813ef0f-75e8-6ab8-ee00-6186381a4e40"",""yes_price_dollars"":""0.5300""}"
KXETH15M-26APR272245-45,792191be-c548-7068-dd48-abe00e6e212e,1777343547,0.5,24.0,no,"{""count_fp"":""24.00"",""created_time"":""2026-04-28T02:32:27.312674Z"",""no_price_dollars"":""0.5000"",""taker_side"":""no"",""ticker"":""KXETH15M-26APR272245-45"",""trade_id"":""792191be-c548-7068-dd48-abe00e6e212e"",""yes_price_dollars"":""0.5000""}"
KXETH15M-26APR272245-45,400ad6d5-d7fc-74dc-d65e-fa97ff5f5e9d,1777343547,0.5,1.0,no,"{""count_fp"":""1.00"",""created_time"":""2026-04-28T02:32:27.312674Z"",""no_price_dollars"":""0.5000"",""taker_side"":""no"",""ticker"":""KXETH15M-26APR272245-45"",""trade_id"":""400ad6d5-d7fc-74dc-d65e-fa97ff5f5e9d"",""yes_price_dollars"":""0.5000""}"
KXETH15M-26APR272245-45,bb98751b-772e-6cd6-9aa2-8c8fa98f6cb3,1777343547,0.51,1.0,no,"{""count_fp"":""1.00"",""created_time"":""2026-04-28T02:32:27.280744Z"",""no_price_dollars"":""0.4900"",""taker_side"":""no"",""ticker"":""KXETH15M-26APR272245-45"",""trade_id"":""bb98751b-772e-6cd6-9aa2-8c8fa98f6cb3"",""yes_price_dollars"":""0.5100""}"
KXETH15M-26APR272245-45,5a0204d7-8b25-6421-b7b9-4bcf502bbfd4,1777343547,0.51,10.0,no,"{""count_fp"":""10.00"",""created_time"":""2026-04-28T02:32:27.280744Z"",""no_price_dollars"":""0.4900"",""taker_side"":""no"",""ticker"":""KXETH15M-26APR272245-45"",""trade_id"":""5a0204d7-8b25-6421-b7b9-4bcf502bbfd4"",""yes_price_dollars"":""0.5100""}"
KXETH15M-26APR272245-45,2f6319cf-52d7-4e2f-cbe5-16cf2f748f56,1777343548,0.44,1.0,no,"{""count_fp"":""1.00"",""created_time"":""2026-04-28T02:32:28.593799Z"",""no_price_dollars"":""0.5600"",""taker_side"":""no"",""ticker"":""KXETH15M-26APR272245-45"",""trade_id"":""2f6319cf-52d7-4e2f-cbe5-16cf2f748f56"",""yes_price_dollars"":""0.4400""}"
KXETH15M-26APR272245-45,70d6b928-dbb7-5783-7c89-22af5aec1662,1777343548,0.45,1.0,yes,"{""count_fp"":""1.00"",""created_time"":""2026-04-28T02:32:28.370465Z"",""no_price_dollars"":""0.5500"",""taker_side"":""yes"",""ticker"":""KXETH15M-26APR272245-45"",""trade_id"":""70d6b928-dbb7-5783-7c89-22af5aec1662"",""yes_price_dollars"":""0.4500""}"
KXETH15M-26APR272245-45,388b22c4-862b-51af-6ab6-4d4443856089,1777343548,0.46,7.0,yes,"{""count_fp"":""7.00"",""created_time"":""2026-04-28T02:32:28.370465Z"",""no_price_dollars"":""0.5400"",""taker_side"":""yes"",""ticker"":""KXETH15M-26APR272245-45"",""trade_id"":""388b22c4-862b-51af-6ab6-4d4443856089"",""yes_price_dollars"":""0.4600""}"
KXETH15M-26APR272245-45,6b885955-5c66-7aa0-3db2-4a51df7fa327,1777343549,0.45,1.0,yes,"{""count_fp"":""1.00"",""created_time"":""2026-04-28T02:32:29.499898Z"",""no_price_dollars"":""0.5500"",""taker_side"":""yes"",""ticker"":""KXETH15M-26APR272245-45"",""trade_id"":""6b885955-5c66-7aa0-3db2-4a51df7fa327"",""yes_price_dollars"":""0.4500""}"
KXETH15M-26APR272245-45,278dc760-bae3-7267-2ba8-1228e16d791d,1777343549,0.46,19.0,yes,"{""count_fp"":""19.00"",""created_time"":""2026-04-28T02:32:29.499898Z"",""no_price_dollars"":""0.5400"",""taker_side"":""yes"",""ticker"":""KXETH15M-26APR272245-45"",""trade_id"":""278dc760-bae3-7267-2ba8-1228e16d791d"",""yes_price_dollars"":""0.4600""}"
KXETH15M-26APR272245-45,cbccc743-b2df-5180-276f-ebbbdcd4704a,1777343550,0.45,1.0,yes,"{""count_fp"":""1.00"",""created_time"":""2026-04-28T02:32:30.519774Z"",""no_price_dollars"":""0.5500"",""taker_side"":""yes"",""ticker"":""KXETH15M-26APR272245-45"",""trade_id"":""cbccc743-b2df-5180-276f-ebbbdcd4704a"",""yes_price_dollars"":""0.4500""}"
KXETH15M-26APR272245-45,36976137-9358-54c8-257e-4b231be07bf0,1777343550,0.47,6.0,yes,"{""count_fp"":""6.00"",""created_time"":""2026-04-28T02:32:30.519774Z"",""no_price_dollars"":""0.5300"",""taker_side"":""yes"",""ticker"":""KXETH15M-26APR272245-45"",""trade_id"":""36976137-9358-54c8-257e-4b231be07bf0"",""yes_price_dollars"":""0.4700""}"
KXETH15M-26APR272245-45,f694a4b8-3fe2-6cdd-261a-a82ecfe1573a,1777343553,0.43,1.63,no,"{""count_fp"":""1.63"",""created_time"":""2026-04-28T02:32:33.851645Z"",""no_price_dollars"":""0.5700"",""taker_side"":""no"",""ticker"":""KXETH15M-26APR272245-45"",""trade_id"":""f694a4b8-3fe2-6cdd-261a-a82ecfe1573a"",""yes_price_dollars"":""0.4300""}"
KXETH15M-26APR272245-45,5af8afb4-1a92-4171-fc71-6ab8b28e88f5,1777343553,0.48,19.0,yes,"{""count_fp"":""19.00"",""created_time"":""2026-04-28T02:32:33.685678Z"",""no_price_dollars"":""0.5200"",""taker_side"":""yes"",""ticker"":""KXETH15M-26APR272245-45"",""trade_id"":""5af8afb4-1a92-4171-fc71-6ab8b28e88f5"",""yes_price_dollars"":""0.4800""}"
KXETH15M-26APR272245-45,9a7f9efa-c61e-7ca1-6606-34752ba2edcf,1777343553,0.43,10.0,no,"{""count_fp"":""10.00"",""created_time"":""2026-04-28T02:32:33.445375Z"",""no_price_dollars"":""0.5700"",""taker_side"":""no"",""ticker"":""KXETH15M-26APR272245-45"",""trade_id"":""9a7f9efa-c61e-7ca1-6606-34752ba2edcf"",""yes_price_dollars"":""0.4300""}"
KXETH15M-26APR272245-45,217ce9c7-00a7-7b17-6a2e-f6f4d1eed94e,1777343553,0.44,10.0,no,"{""count_fp"":""10.00"",""created_time"":""2026-04-28T02:32:33.445375Z"",""no_price_dollars"":""0.5600"",""taker_side"":""no"",""ticker"":""KXETH15M-26APR272245-45"",""trade_id"":""217ce9c7-00a7-7b17-6a2e-f6f4d1eed94e"",""yes_price_dollars"":""0.4400""}"
KXETH15M-26APR272245-45,09ea378b-7565-70d7-7c74-776a613c533e,1777343553,0.43,31.24,no,"{""count_fp"":""31.24"",""created_time"":""2026-04-28T02:32:33.445375Z"",""no_price_dollars"":""0.5700"",""taker_side"":""no"",""ticker"":""KXETH15M-26APR272245-45"",""trade_id"":""09ea378b-7565-70d7-7c74-776a613c533e"",""yes_price_dollars"":""0.4300""}"
KXETH15M-26APR272245-45,96e986ed-cb06-4d29-81bf-ffd4edfe6b21,1777343553,0.48,0.2,yes,"{""count_fp"":""0.20"",""created_time"":""2026-04-28T02:32:33.393458Z"",""no_price_dollars"":""0.5200"",""taker_side"":""yes"",""ticker"":""KXETH15M-26APR272245-45"",""trade_id"":""96e986ed-cb06-4d29-81bf-ffd4edfe6b21"",""yes_price_dollars"":""0.4800""}"
KXETH15M-26APR272245-45,d57765c7-0452-7de9-9048-98a1193b0fd9,1777343554,0.48,31.0,yes,"{""count_fp"":""31.00"",""created_time"":""2026-04-28T02:32:34.632945Z"",""no_price_dollars"":""0.5200"",""taker_side"":""yes"",""ticker"":""KXETH15M-26APR272245-45"",""trade_id"":""d57765c7-0452-7de9-9048-98a1193b0fd9"",""yes_price_dollars"":""0.4800""}"
KXETH15M-26APR272245-45,a3569d6c-5dda-42e1-4fda-0436af2b4f5b,1777343555,0.49,1.59,no,"{""count_fp"":""1.59"",""created_time"":""2026-04-28T02:32:35.974827Z"",""no_price_dollars"":""0.5100"",""taker_side"":""no"",""ticker"":""KXETH15M-26APR272245-45"",""trade_id"":""a3569d6c-5dda-42e1-4fda-0436af2b4f5b"",""yes_price_dollars"":""0.4900""}"
KXETH15M-26APR272245-45,59b79dbc-e23a-4050-4141-c59213b55601,1777343555,0.49,0.2,no,"{""count_fp"":""0.20"",""created_time"":""2026-04-28T02:32:35.974827Z"",""no_price_dollars"":""0.5100"",""taker_side"":""no"",""ticker"":""KXETH15M-26APR272245-45"",""trade_id"":""59b79dbc-e23a-4050-4141-c59213b55601"",""yes_price_dollars"":""0.4900""}"
KXETH15M-26APR272245-45,34042283-9c2e-63a4-affb-80cd65436709,1777343555,0.52,8.0,yes,"{""count_fp"":""8.00"",""created_time"":""2026-04-28T02:32:35.270219Z"",""no_price_dollars"":""0.4800"",""taker_side"":""yes"",""ticker"":""KXETH15M-26APR272245-45"",""trade_id"":""34042283-9c2e-63a4-affb-80cd65436709"",""yes_price_dollars"":""0.5200""}"
KXETH15M-26APR272245-45,26b90cff-fe40-6a17-ab12-809b0b9a955d,1777343555,0.51,10.0,yes,"{""count_fp"":""10.00"",""created_time"":""2026-04-28T02:32:35.270219Z"",""no_price_dollars"":""0.4900"",""taker_side"":""yes"",""ticker"":""KXETH15M-26APR272245-45"",""trade_id"":""26b90cff-fe40-6a17-ab12-809b0b9a955d"",""yes_price_dollars"":""0.5100""}"
KXETH15M-26APR272245-45,94ee85d3-cc86-7bc9-63b7-99fc98643129,1777343555,0.48,0.8,yes,"{""count_fp"":""0.80"",""created_time"":""2026-04-28T02:32:35.091099Z"",""no_price_dollars"":""0.5200"",""taker_side"":""yes"",""ticker"":""KXETH15M-26APR272245-45"",""trade_id"":""94ee85d3-cc86-7bc9-63b7-99fc98643129"",""yes_price_dollars"":""0.4800""}"
KXETH15M-26APR272245-45,aa477cfe-e23a-6c45-057b-425bf4bd1c53,1777343557,0.49,1.0,no,"{""count_fp"":""1.00"",""created_time"":""2026-04-28T02:32:37.606341Z"",""no_price_dollars"":""0.5100"",""taker_side"":""no"",""ticker"":""KXETH15M-26APR272245-45"",""trade_id"":""aa477cfe-e23a-6c45-057b-425bf4bd1c53"",""yes_price_dollars"":""0.4900""}"
KXETH15M-26APR272245-45,f0a0e502-faea-6d79-ce7a-4d13f4bda5e3,1777343558,0.49,18.73,no,"{""count_fp"":""18.73"",""created_time"":""2026-04-28T02:32:38.282325Z"",""no_price_dollars"":""0.5100"",""taker_side"":""no"",""ticker"":""KXETH15M-26APR272245-45"",""trade_id"":""f0a0e502-faea-6d79-ce7a-4d13f4bda5e3"",""yes_price_dollars"":""0.4900""}"
KXETH15M-26APR272245-45,1dd248ed-4663-77ab-320e-f03520301e7d,1777343560,0.48,1.0,yes,"{""count_fp"":""1.00"",""created_time"":""2026-04-28T02:32:40.650206Z"",""no_price_dollars"":""0.5200"",""taker_side"":""yes"",""ticker"":""KXETH15M-26APR272245-45"",""trade_id"":""1dd248ed-4663-77ab-320e-f03520301e7d"",""yes_price_dollars"":""0.4800""}"
KXETH15M-26APR272245-45,f71af270-984f-7877-ab49-c75d48b73e71,1777343560,0.48,1.0,yes,"{""count_fp"":""1.00"",""created_time"":""2026-04-28T02:32:40.370062Z"",""no_price_dollars"":""0.5200"",""taker_side"":""yes"",""ticker"":""KXETH15M-26APR272245-45"",""trade_id"":""f71af270-984f-7877-ab49-c75d48b73e71"",""yes_price_dollars"":""0.4800""}"
KXETH15M-26APR272245-45,e3db0b18-b3a3-4263-641a-d89429bc5fa3,1777343562,0.44,1.0,no,"{""count_fp"":""1.00"",""created_time"":""2026-04-28T02:32:42.749773Z"",""no_price_dollars"":""0.5600"",""taker_side"":""no"",""ticker"":""KXETH15M-26APR272245-45"",""trade_id"":""e3db0b18-b3a3-4263-641a-d89429bc5fa3"",""yes_price_dollars"":""0.4400""}"
KXETH15M-26APR272245-45,6de98714-848a-428d-f656-909dc6c9e08e,1777343564,0.45,7.18,no,"{""count_fp"":""7.18"",""created_time"":""2026-04-28T02:32:44.166482Z"",""no_price_dollars"":""0.5500"",""taker_side"":""no"",""ticker"":""KXETH15M-26APR272245-45"",""trade_id"":""6de98714-848a-428d-f656-909dc6c9e08e"",""yes_price_dollars"":""0.4500""}"
KXETH15M-26APR272245-45,6717a04f-d999-7920-a24c-63cce4cc571c,1777343568,0.47,1.02,yes,"{""count_fp"":""1.02"",""created_time"":""2026-04-28T02:32:48.438741Z"",""no_price_dollars"":""0.5300"",""taker_side"":""yes"",""ticker"":""KXETH15M-26APR272245-45"",""trade_id"":""6717a04f-d999-7920-a24c-63cce4cc571c"",""yes_price_dollars"":""0.4700""}"
KXETH15M-26APR272245-45,db680e2f-a64e-7c31-66d2-abd3a6775abb,1777343569,0.46,2.0,no,"{""count_fp"":""2.00"",""created_time"":""2026-04-28T02:32:49.097412Z"",""no_price_dollars"":""0.5400"",""taker_side"":""no"",""ticker"":""KXETH15M-26APR272245-45"",""trade_id"":""db680e2f-a64e-7c31-66d2-abd3a6775abb"",""yes_price_dollars"":""0.4600""}"
KXETH15M-26APR272245-45,f09d5180-20c2-5919-d96a-18b38f58a293,1777343569,0.46,19.38,no,"{""count_fp"":""19.38"",""created_time"":""2026-04-28T02:32:49.058554Z"",""no_price_dollars"":""0.5400"",""taker_side"":""no"",""ticker"":""KXETH15M-26APR272245-45"",""trade_id"":""f09d5180-20c2-5919-d96a-18b38f58a293"",""yes_price_dollars"":""0.4600""}"
KXETH15M-26APR272245-45,eaba7312-dd29-6158-81ab-963a759707fc,1777343570,0.47,0.98,yes,"{""count_fp"":""0.98"",""created_time"":""2026-04-28T02:32:50.914225Z"",""no_price_dollars"":""0.5300"",""taker_side"":""yes"",""ticker"":""KXETH15M-26APR272245-45"",""trade_id"":""eaba7312-dd29-6158-81ab-963a759707fc"",""yes_price_dollars"":""0.4700""}"
KXETH15M-26APR272245-45,67eb275d-086b-4b14-f142-b32529cc38ba,1777343573,0.56,10.0,yes,"{""count_fp"":""10.00"",""created_time"":""2026-04-28T02:32:53.859515Z"",""no_price_dollars"":""0.4400"",""taker_side"":""yes"",""ticker"":""KXETH15M-26APR272245-45"",""trade_id"":""67eb275d-086b-4b14-f142-b32529cc38ba"",""yes_price_dollars"":""0.5600""}"
KXETH15M-26APR272245-45,132c2546-b7be-63dc-04a9-6753d486f89d,1777343573,0.55,10.0,yes,"{""count_fp"":""10.00"",""created_time"":""2026-04-28T02:32:53.596401Z"",""no_price_dollars"":""0.4500"",""taker_side"":""yes"",""ticker"":""KXETH15M-26APR272245-45"",""trade_id"":""132c2546-b7be-63dc-04a9-6753d486f89d"",""yes_price_dollars"":""0.5500""}"
KXETH15M-26APR272245-45,805eb296-cf1f-73ed-901b-56299e58ea02,1777343574,0.61,1.0,yes,"{""count_fp"":""1.00"",""created_time"":""2026-04-28T02:32:54.834174Z"",""no_price_dollars"":""0.3900"",""taker_side"":""yes"",""ticker"":""KXETH15M-26APR272245-45"",""trade_id"":""805eb296-cf1f-73ed-901b-56299e58ea02"",""yes_price_dollars"":""0.6100""}"
KXETH15M-26APR272245-45,86b79156-2ad2-77ed-54ef-e81ca06ad89f,1777343574,0.58,1.0,no,"{""count_fp"":""1.00"",""created_time"":""2026-04-28T02:32:54.520131Z"",""no_price_dollars"":""0.4200"",""taker_side"":""no"",""ticker"":""KXETH15M-26APR272245-45"",""trade_id"":""86b79156-2ad2-77ed-54ef-e81ca06ad89f"",""yes_price_dollars"":""0.5800""}"
KXETH15M-26APR272245-45,5530365b-cffe-6805-577d-f2cd402c6c1b,1777343576,0.58,3.0,no,"{""count_fp"":""3.00"",""created_time"":""2026-04-28T02:32:56.374646Z"",""no_price_dollars"":""0.4200"",""taker_side"":""no"",""ticker"":""KXETH15M-26APR272245-45"",""trade_id"":""5530365b-cffe-6805-577d-f2cd402c6c1b"",""yes_price_dollars"":""0.5800""}"
KXETH15M-26APR272245-45,b9d9f389-718a-5eb5-e255-71abe5a7b733,1777343578,0.58,508.0,no,"{""count_fp"":""508.00"",""created_time"":""2026-04-28T02:32:58.996041Z"",""no_price_dollars"":""0.4200"",""taker_side"":""no"",""ticker"":""KXETH15M-26APR272245-45"",""trade_id"":""b9d9f389-718a-5eb5-e255-71abe5a7b733"",""yes_price_dollars"":""0.5800""}"
KXETH15M-26APR272245-45,0d71c9b8-152d-4003-5360-1d684da60de2,1777343582,0.57,0.17,yes,"{""count_fp"":""0.17"",""created_time"":""2026-04-28T02:33:02.799434Z"",""no_price_dollars"":""0.4300"",""taker_side"":""yes"",""ticker"":""KXETH15M-26APR272245-45"",""trade_id"":""0d71c9b8-152d-4003-5360-1d684da60de2"",""yes_price_dollars"":""0.5700""}"
KXETH15M-26APR272245-45,b61efca0-2b82-6b3d-15fe-5ab1e3fc348b,1777343583,0.53,20.0,no,"{""count_fp"":""20.00"",""created_time"":""2026-04-28T02:33:03.790501Z"",""no_price_dollars"":""0.4700"",""taker_side"":""no"",""ticker"":""KXETH15M-26APR272245-45"",""trade_id"":""b61efca0-2b82-6b3d-15fe-5ab1e3fc348b"",""yes_price_dollars"":""0.5300""}"
KXETH15M-26APR272245-45,2e97a124-4af0-649c-3279-f7d879f454fb,1777343583,0.54,10.0,no,"{""count_fp"":""10.00"",""created_time"":""2026-04-28T02:33:03.790501Z"",""no_price_dollars"":""0.4600"",""taker_side"":""no"",""ticker"":""KXETH15M-26APR272245-45"",""trade_id"":""2e97a124-4af0-649c-3279-f7d879f454fb"",""yes_price_dollars"":""0.5400""}"
KXETH15M-26APR272245-45,4af8c98c-4bcf-55df-8aaa-ea6deda91755,1777343584,0.57,2.0,yes,"{""count_fp"":""2.00"",""created_time"":""2026-04-28T02:33:04.622005Z"",""no_price_dollars"":""0.4300"",""taker_side"":""yes"",""ticker"":""KXETH15M-26APR272245-45"",""trade_id"":""4af8c98c-4bcf-55df-8aaa-ea6deda91755"",""yes_price_dollars"":""0.5700""}"
KXETH15M-26APR272245-45,3196fe05-4f1e-5351-1ce5-86e45816492f,1777343586,0.53,51.28,no,"{""count_fp"":""51.28"",""created_time"":""2026-04-28T02:33:06.990761Z"",""no_price_dollars"":""0.4700"",""taker_side"":""no"",""ticker"":""KXETH15M-26APR272245-45"",""trade_id"":""3196fe05-4f1e-5351-1ce5-86e45816492f"",""yes_price_dollars"":""0.5300""}"
KXETH15M-26APR272245-45,f3184b2d-b55a-5711-3cd0-ab1a3a1c9797,1777343586,0.53,1.02,no,"{""count_fp"":""1.02"",""created_time"":""2026-04-28T02:33:06.295806Z"",""no_price_dollars"":""0.4700"",""taker_side"":""no"",""ticker"":""KXETH15M-26APR272245-45"",""trade_id"":""f3184b2d-b55a-5711-3cd0-ab1a3a1c9797"",""yes_price_dollars"":""0.5300""}"
KXETH15M-26APR272245-45,001e4339-309f-50c7-4772-d62a735cfe6d,1777343587,0.55,3.4,yes,"{""count_fp"":""3.40"",""created_time"":""2026-04-28T02:33:07.549825Z"",""no_price_dollars"":""0.4500"",""taker_side"":""yes"",""ticker"":""KXETH15M-26APR272245-45"",""trade_id"":""001e4339-309f-50c7-4772-d62a735cfe6d"",""yes_price_dollars"":""0.5500""}"
KXETH15M-26APR272245-45,1188c8d2-5762-43a5-6e00-b912687c50fb,1777343588,0.5,20.0,no,"{""count_fp"":""20.00"",""created_time"":""2026-04-28T02:33:08.833109Z"",""no_price_dollars"":""0.5000"",""taker_side"":""no"",""ticker"":""KXETH15M-26APR272245-45"",""trade_id"":""1188c8d2-5762-43a5-6e00-b912687c50fb"",""yes_price_dollars"":""0.5000""}"
KXETH15M-26APR272245-45,5a819e29-ce7f-614f-b7c3-ec80fd2fbddd,1777343588,0.55,1.0,yes,"{""count_fp"":""1.00"",""created_time"":""2026-04-28T02:33:08.116357Z"",""no_price_dollars"":""0.4500"",""taker_side"":""yes"",""ticker"":""KXETH15M-26APR272245-45"",""trade_id"":""5a819e29-ce7f-614f-b7c3-ec80fd2fbddd"",""yes_price_dollars"":""0.5500""}"
KXETH15M-26APR272245-45,b368abda-232a-6699-23ea-d42908079f4b,1777343589,0.54,3.0,no,"{""count_fp"":""3.00"",""created_time"":""2026-04-28T02:33:09.711912Z"",""no_price_dollars"":""0.4600"",""taker_side"":""no"",""ticker"":""KXETH15M-26APR272245-45"",""trade_id"":""b368abda-232a-6699-23ea-d42908079f4b"",""yes_price_dollars"":""0.5400""}"
KXETH15M-26APR272245-45,68763921-03c4-625c-4831-c9530b6b0e08,1777343589,0.56,9.0,yes,"{""count_fp"":""9.00"",""created_time"":""2026-04-28T02:33:09.122632Z"",""no_price_dollars"":""0.4400"",""taker_side"":""yes"",""ticker"":""KXETH15M-26APR272245-45"",""trade_id"":""68763921-03c4-625c-4831-c9530b6b0e08"",""yes_price_dollars"":""0.5600""}"
KXETH15M-26APR272245-45,bdaa9b6e-644a-7edd-c10a-a3149b8a6c55,1777343590,0.57,1.0,no,"{""count_fp"":""1.00"",""created_time"":""2026-04-28T02:33:10.734205Z"",""no_price_dollars"":""0.4300"",""taker_side"":""no"",""ticker"":""KXETH15M-26APR272245-45"",""trade_id"":""bdaa9b6e-644a-7edd-c10a-a3149b8a6c55"",""yes_price_dollars"":""0.5700""}"
KXETH15M-26APR272245-45,c34a5ec9-6c76-4cc9-8a09-c83842617693,1777343592,0.58,180.45,no,"{""count_fp"":""180.45"",""created_time"":""2026-04-28T02:33:12.923526Z"",""no_price_dollars"":""0.4200"",""taker_side"":""no"",""ticker"":""KXETH15M-26APR272245-45"",""trade_id"":""c34a5ec9-6c76-4cc9-8a09-c83842617693"",""yes_price_dollars"":""0.5800""}"
KXETH15M-26APR272245-45,6f71258b-9c1e-5b0d-a0c2-518068fd30e7,1777343593,0.58,5.79,no,"{""count_fp"":""5.79"",""created_time"":""2026-04-28T02:33:13.327489Z"",""no_price_dollars"":""0.4200"",""taker_side"":""no"",""ticker"":""KXETH15M-26APR272245-45"",""trade_id"":""6f71258b-9c1e-5b0d-a0c2-518068fd30e7"",""yes_price_dollars"":""0.5800""}"
KXETH15M-26APR272245-45,576ef3fb-03ab-46a8-8712-eb26811b74d0,1777343596,0.62,1.0,yes,"{""count_fp"":""1.00"",""created_time"":""2026-04-28T02:33:16.853009Z"",""no_price_dollars"":""0.3800"",""taker_side"":""yes"",""ticker"":""KXETH15M-26APR272245-45"",""trade_id"":""576ef3fb-03ab-46a8-8712-eb26811b74d0"",""yes_price_dollars"":""0.6200""}"
KXETH15M-26APR272245-45,6a002f23-32cd-4235-0d95-5650022c770a,1777343598,0.59,3.0,no,"{""count_fp"":""3.00"",""created_time"":""2026-04-28T02:33:18.346592Z"",""no_price_dollars"":""0.4100"",""taker_side"":""no"",""ticker"":""KXETH15M-26APR272245-45"",""trade_id"":""6a002f23-32cd-4235-0d95-5650022c770a"",""yes_price_dollars"":""0.5900""}"
KXETH15M-26APR272245-45,bc81b89e-319c-6645-4aac-dd873cff453f,1777343603,0.61,1.59,yes,"{""count_fp"":""1.59"",""created_time"":""2026-04-28T02:33:23.219132Z"",""no_price_dollars"":""0.3900"",""taker_side"":""yes"",""ticker"":""KXETH15M-26APR272245-45"",""trade_id"":""bc81b89e-319c-6645-4aac-dd873cff453f"",""yes_price_dollars"":""0.6100""}"
KXETH15M-26APR272245-45,bcc9f24b-8aeb-5553-3ac8-7f2eecc1644b,1777343606,0.59,10.8,no,"{""count_fp"":""10.80"",""created_time"":""2026-04-28T02:33:26.026533Z"",""no_price_dollars"":""0.4100"",""taker_side"":""no"",""ticker"":""KXETH15M-26APR272245-45"",""trade_id"":""bcc9f24b-8aeb-5553-3ac8-7f2eecc1644b"",""yes_price_dollars"":""0.5900""}"
KXETH15M-26APR272245-45,a3af0db8-ec9f-5f7c-2c78-69d34c24252e,1777343606,0.59,10.0,no,"{""count_fp"":""10.00"",""created_time"":""2026-04-28T02:33:26.026533Z"",""no_price_dollars"":""0.4100"",""taker_side"":""no"",""ticker"":""KXETH15M-26APR272245-45"",""trade_id"":""a3af0db8-ec9f-5f7c-2c78-69d34c24252e"",""yes_price_dollars"":""0.5900""}"
KXETH15M-26APR272245-45,823f88b8-914e-54bd-10d7-6d08a7b07dc7,1777343606,0.58,94.06,no,"{""count_fp"":""94.06"",""created_time"":""2026-04-28T02:33:26.026533Z"",""no_price_dollars"":""0.4200"",""taker_side"":""no"",""ticker"":""KXETH15M-26APR272245-45"",""trade_id"":""823f88b8-914e-54bd-10d7-6d08a7b07dc7"",""yes_price_dollars"":""0.5800""}"
KXETH15M-26APR272245-45,e837afcd-5956-6dc5-6433-a620e5421e4b,1777343607,0.58,2.29,no,"{""count_fp"":""2.29"",""created_time"":""2026-04-28T02:33:27.373647Z"",""no_price_dollars"":""0.4200"",""taker_side"":""no"",""ticker"":""KXETH15M-26APR272245-45"",""trade_id"":""e837afcd-5956-6dc5-6433-a620e5421e4b"",""yes_price_dollars"":""0.5800""}"
KXETH15M-26APR272245-45,d4b525ed-9c3e-45e1-b530-f605531384cf,1777343608,0.58,0.58,no,"{""count_fp"":""0.58"",""created_time"":""2026-04-28T02:33:28.425645Z"",""no_price_dollars"":""0.4200"",""taker_side"":""no"",""ticker"":""KXETH15M-26APR272245-45"",""trade_id"":""d4b525ed-9c3e-45e1-b530-f605531384cf"",""yes_price_dollars"":""0.5800""}"
KXETH15M-26APR272245-45,652d4721-6276-4ba1-e27c-7bfaa71714d3,1777343612,0.58,57.2,no,"{""count_fp"":""57.20"",""created_time"":""2026-04-28T02:33:32.475305Z"",""no_price_dollars"":""0.4200"",""taker_side"":""no"",""ticker"":""KXETH15M-26APR272245-45"",""trade_id"":""652d4721-6276-4ba1-e27c-7bfaa71714d3"",""yes_price_dollars"":""0.5800""}"
KXETH15M-26APR272245-45,c51bd354-97a8-7ab1-8764-1372d147312d,1777343613,0.6,10.0,yes,"{""count_fp"":""10.00"",""created_time"":""2026-04-28T02:33:33.887811Z"",""no_price_dollars"":""0.4000"",""taker_side"":""yes"",""ticker"":""KXETH15M-26APR272245-45"",""trade_id"":""c51bd354-97a8-7ab1-8764-1372d147312d"",""yes_price_dollars"":""0.6000""}"
KXETH15M-26APR272245-45,93afd757-6f94-744e-8384-35bc4e77876e,1777343613,0.59,3.0,yes,"{""count_fp"":""3.00"",""created_time"":""2026-04-28T02:33:33.887811Z"",""no_price_dollars"":""0.4100"",""taker_side"":""yes"",""ticker"":""KXETH15M-26APR272245-45"",""trade_id"":""93afd757-6f94-744e-8384-35bc4e77876e"",""yes_price_dollars"":""0.5900""}"
KXETH15M-26APR272245-45,402dece8-70a6-7fd2-a8e9-03c7196c3b6b,1777343613,0.59,3.0,yes,"{""count_fp"":""3.00"",""created_time"":""2026-04-28T02:33:33.887811Z"",""no_price_dollars"":""0.4100"",""taker_side"":""yes"",""ticker"":""KXETH15M-26APR272245-45"",""trade_id"":""402dece8-70a6-7fd2-a8e9-03c7196c3b6b"",""yes_price_dollars"":""0.5900""}"
KXETH15M-26APR272245-45,40cf5760-6c72-41b5-1809-fdd5fe85e697,1777343613,0.58,10.0,no,"{""count_fp"":""10.00"",""created_time"":""2026-04-28T02:33:33.695035Z"",""no_price_dollars"":""0.4200"",""taker_side"":""no"",""ticker"":""KXETH15M-26APR272245-45"",""trade_id"":""40cf5760-6c72-41b5-1809-fdd5fe85e697"",""yes_price_dollars"":""0.5800""}"
KXETH15M-26APR272245-45,9449c94f-bb3a-710d-79de-64d6366fcefb,1777343613,0.58,22.7,no,"{""count_fp"":""22.70"",""created_time"":""2026-04-28T02:33:33.293292Z"",""no_price_dollars"":""0.4200"",""taker_side"":""no"",""ticker"":""KXETH15M-26APR272245-45"",""trade_id"":""9449c94f-bb3a-710d-79de-64d6366fcefb"",""yes_price_dollars"":""0.5800""}"
KXETH15M-26APR272245-45,6488a3e1-13b8-4ad9-0f1a-7c05c4bc829b,1777343617,0.61,3.18,yes,"{""count_fp"":""3.18"",""created_time"":""2026-04-28T02:33:37.116408Z"",""no_price_dollars"":""0.3900"",""taker_side"":""yes"",""ticker"":""KXETH15M-26APR272245-45"",""trade_id"":""6488a3e1-13b8-4ad9-0f1a-7c05c4bc829b"",""yes_price_dollars"":""0.6100""}"
KXETH15M-26APR272245-45,1d52bffa-35b0-4fa1-52ae-3787e1ec85af,1777343618,0.61,5.23,yes,"{""count_fp"":""5.23"",""created_time"":""2026-04-28T02:33:38.691137Z"",""no_price_dollars"":""0.3900"",""taker_side"":""yes"",""ticker"":""KXETH15M-26APR272245-45"",""trade_id"":""1d52bffa-35b0-4fa1-52ae-3787e1ec85af"",""yes_price_dollars"":""0.6100""}"
KXETH15M-26APR272245-45,ad261eb0-c45c-5f58-79b5-b83a973080b8,1777343624,0.59,9.0,yes,"{""count_fp"":""9.00"",""created_time"":""2026-04-28T02:33:44.148066Z"",""no_price_dollars"":""0.4100"",""taker_side"":""yes"",""ticker"":""KXETH15M-26APR272245-45"",""trade_id"":""ad261eb0-c45c-5f58-79b5-b83a973080b8"",""yes_price_dollars"":""0.5900""}"
KXETH15M-26APR272245-45,6d5250b4-7fb8-6d40-972a-808cac7d91a4,1777343626,0.59,1.0,yes,"{""count_fp"":""1.00"",""created_time"":""2026-04-28T02:33:46.150553Z"",""no_price_dollars"":""0.4100"",""taker_side"":""yes"",""ticker"":""KXETH15M-26APR272245-45"",""trade_id"":""6d5250b4-7fb8-6d40-972a-808cac7d91a4"",""yes_price_dollars"":""0.5900""}"
KXETH15M-26APR272245-45,702c2d8b-2222-7d5d-6e96-73336b680c47,1777343626,0.58,27.34,no,"{""count_fp"":""27.34"",""created_time"":""2026-04-28T02:33:46.098825Z"",""no_price_dollars"":""0.4200"",""taker_side"":""no"",""ticker"":""KXETH15M-26APR272245-45"",""trade_id"":""702c2d8b-2222-7d5d-6e96-73336b680c47"",""yes_price_dollars"":""0.5800""}"
KXETH15M-26APR272245-45,82f4663f-7232-7835-6612-12c8fe4b5043,1777343629,0.58,2.28,no,"{""count_fp"":""2.28"",""created_time"":""2026-04-28T02:33:49.902775Z"",""no_price_dollars"":""0.4200"",""taker_side"":""no"",""ticker"":""KXETH15M-26APR272245-45"",""trade_id"":""82f4663f-7232-7835-6612-12c8fe4b5043"",""yes_price_dollars"":""0.5800""}"
KXETH15M-26APR272245-45,dcf59e52-e92c-69b0-0235-3eded04e308c,1777343630,0.59,6.57,yes,"{""count_fp"":""6.57"",""created_time"":""2026-04-28T02:33:50.781527Z"",""no_price_dollars"":""0.4100"",""taker_side"":""yes"",""ticker"":""KXETH15M-26APR272245-45"",""trade_id"":""dcf59e52-e92c-69b0-0235-3eded04e308c"",""yes_price_dollars"":""0.5900""}"
KXETH15M-26APR272245-45,dc3cbd36-49e6-6721-8542-9ea540febfd3,1777343630,0.58,11.44,no,"{""count_fp"":""11.44"",""created_time"":""2026-04-28T02:33:50.052352Z"",""no_price_dollars"":""0.4200"",""taker_side"":""no"",""ticker"":""KXETH15M-26APR272245-45"",""trade_id"":""dc3cbd36-49e6-6721-8542-9ea540febfd3"",""yes_price_dollars"":""0.5800""}"
KXETH15M-26APR272245-45,b85b0f2f-ddfa-7665-35f5-9bea221b8b5b,1777343633,0.58,365.0,no,"{""count_fp"":""365.00"",""created_time"":""2026-04-28T02:33:53.790473Z"",""no_price_dollars"":""0.4200"",""taker_side"":""no"",""ticker"":""KXETH15M-26APR272245-45"",""trade_id"":""b85b0f2f-ddfa-7665-35f5-9bea221b8b5b"",""yes_price_dollars"":""0.5800""}"
KXETH15M-26APR272245-45,045a0d2b-4a52-4901-9cc5-e9876269e647,1777343634,0.58,0.73,no,"{""count_fp"":""0.73"",""created_time"":""2026-04-28T02:33:54.092875Z"",""no_price_dollars"":""0.4200"",""taker_side"":""no"",""ticker"":""KXETH15M-26APR272245-45"",""trade_id"":""045a0d2b-4a52-4901-9cc5-e9876269e647"",""yes_price_dollars"":""0.5800""}"
KXETH15M-26APR272245-45,5aa9efe2-a5ff-76e7-130e-0f61f21c9d6d,1777343636,0.52,8.15,yes,"{""count_fp"":""8.15"",""created_time"":""2026-04-28T02:33:56.616514Z"",""no_price_dollars"":""0.4800"",""taker_side"":""yes"",""ticker"":""KXETH15M-26APR272245-45"",""trade_id"":""5aa9efe2-a5ff-76e7-130e-0f61f21c9d6d"",""yes_price_dollars"":""0.5200""}"
KXETH15M-26APR272245-45,1a95ecd1-c6f9-78ef-299e-526110c495fa,1777343636,0.52,9.79,yes,"{""count_fp"":""9.79"",""created_time"":""2026-04-28T02:33:56.616514Z"",""no_price_dollars"":""0.4800"",""taker_side"":""yes"",""ticker"":""KXETH15M-26APR272245-45"",""trade_id"":""1a95ecd1-c6f9-78ef-299e-526110c495fa"",""yes_price_dollars"":""0.5200""}"
KXETH15M-26APR272245-45,17be498c-889f-4516-45a3-31675e304376,1777343640,0.49,10.0,no,"{""count_fp"":""10.00"",""created_time"":""2026-04-28T02:34:00.651181Z"",""no_price_dollars"":""0.5100"",""taker_side"":""no"",""ticker"":""KXETH15M-26APR272245-45"",""trade_id"":""17be498c-889f-4516-45a3-31675e304376"",""yes_price_dollars"":""0.4900""}"
KXETH15M-26APR272245-45,85fabe8b-edf8-5854-4f35-198bc1f79c74,1777343641,0.46,0.05,yes,"{""count_fp"":""0.05"",""created_time"":""2026-04-28T02:34:01.654286Z"",""no_price_dollars"":""0.5400"",""taker_side"":""yes"",""ticker"":""KXETH15M-26APR272245-45"",""trade_id"":""85fabe8b-edf8-5854-4f35-198bc1f79c74"",""yes_price_dollars"":""0.4600""}"
KXETH15M-26APR272245-45,7c097ae8-880e-5b73-7185-3936b5640c70,1777343641,0.46,9.98,no,"{""count_fp"":""9.98"",""created_time"":""2026-04-28T02:34:01.046868Z"",""no_price_dollars"":""0.5400"",""taker_side"":""no"",""ticker"":""KXETH15M-26APR272245-45"",""trade_id"":""7c097ae8-880e-5b73-7185-3936b5640c70"",""yes_price_dollars"":""0.4600""}"
KXETH15M-26APR272245-45,0fdc5428-4696-5a4c-5d31-4fd68c254e31,1777343641,0.48,0.02,no,"{""count_fp"":""0.02"",""created_time"":""2026-04-28T02:34:01.046868Z"",""no_price_dollars"":""0.5200"",""taker_side"":""no"",""ticker"":""KXETH15M-26APR272245-45"",""trade_id"":""0fdc5428-4696-5a4c-5d31-4fd68c254e31"",""yes_price_dollars"":""0.4800""}"
KXETH15M-26APR272245-45,b06a72b5-214e-7249-d144-c1e661dcc3ba,1777343642,0.35,30.0,no,"{""count_fp"":""30.00"",""created_time"":""2026-04-28T02:34:02.506522Z"",""no_price_dollars"":""0.6500"",""taker_side"":""no"",""ticker"":""KXETH15M-26APR272245-45"",""trade_id"":""b06a72b5-214e-7249-d144-c1e661dcc3ba"",""yes_price_dollars"":""0.3500""}"
KXETH15M-26APR272245-45,a8219fb3-703c-7c16-e801-b90b81181e1c,1777343642,0.35,60.0,no,"{""count_fp"":""60.00"",""created_time"":""2026-04-28T02:34:02.506522Z"",""no_price_dollars"":""0.6500"",""taker_side"":""no"",""ticker"":""KXETH15M-26APR272245-45"",""trade_id"":""a8219fb3-703c-7c16-e801-b90b81181e1c"",""yes_price_dollars"":""0.3500""}"
KXETH15M-26APR272245-45,a646e66d-eb0f-7b5a-e9c4-0f811541ae6d,1777343642,0.37,10.0,no,"{""count_fp"":""10.00"",""created_time"":""2026-04-28T02:34:02.506522Z"",""no_price_dollars"":""0.6300"",""taker_side"":""no"",""ticker"":""KXETH15M-26APR272245-45"",""trade_id"":""a646e66d-eb0f-7b5a-e9c4-0f811541ae6d"",""yes_price_dollars"":""0.3700""}"
KXETH15M-26APR272245-45,4436b2be-4b5f-71c0-cebe-f7b045b5338e,1777343642,0.37,100.0,no,"{""count_fp"":""100.00"",""created_time"":""2026-04-28T02:34:02.506522Z"",""no_price_dollars"":""0.6300"",""taker_side"":""no"",""ticker"":""KXETH15M-26APR272245-45"",""trade_id"":""4436b2be-4b5f-71c0-cebe-f7b045b5338e"",""yes_price_dollars"":""0.3700""}"
KXETH15M-26APR272245-45,7b166994-cac7-5052-7b2f-d2dbe1707b1a,1777343642,0.4,5.0,no,"{""count_fp"":""5.00"",""created_time"":""2026-04-28T02:34:02.320808Z"",""no_price_dollars"":""0.6000"",""taker_side"":""no"",""ticker"":""KXETH15M-26APR272245-45"",""trade_id"":""7b166994-cac7-5052-7b2f-d2dbe1707b1a"",""yes_price_dollars"":""0.4000""}"
KXETH15M-26APR272245-45,ec352599-9f34-5f2c-d726-a2f4f87cf3c4,1777343642,0.45,0.58,yes,"{""count_fp"":""0.58"",""created_time"":""2026-04-28T02:34:02.310384Z"",""no_price_dollars"":""0.5500"",""taker_side"":""yes"",""ticker"":""KXETH15M-26APR272245-45"",""trade_id"":""ec352599-9f34-5f2c-d726-a2f4f87cf3c4"",""yes_price_dollars"":""0.4500""}"
KXETH15M-26APR272245-45,87df790b-398f-5c58-0830-5243871c1c7a,1777343642,0.42,4.31,no,"{""count_fp"":""4.31"",""created_time"":""2026-04-28T02:34:02.291741Z"",""no_price_dollars"":""0.5800"",""taker_side"":""no"",""ticker"":""KXETH15M-26APR272245-45"",""trade_id"":""87df790b-398f-5c58-0830-5243871c1c7a"",""yes_price_dollars"":""0.4200""}"
KXETH15M-26APR272245-45,6aa565d3-f3c1-541c-31a0-2c8aa49ee1d6,1777343642,0.42,54.69,no,"{""count_fp"":""54.69"",""created_time"":""2026-04-28T02:34:02.291741Z"",""no_price_dollars"":""0.5800"",""taker_side"":""no"",""ticker"":""KXETH15M-26APR272245-45"",""trade_id"":""6aa565d3-f3c1-541c-31a0-2c8aa49ee1d6"",""yes_price_dollars"":""0.4200""}"
KXETH15M-26APR272245-45,3fd9a973-9bb5-531c-04bf-17e5bbee3433,1777343642,0.43,10.0,no,"{""count_fp"":""10.00"",""created_time"":""2026-04-28T02:34:02.291741Z"",""no_price_dollars"":""0.5700"",""taker_side"":""no"",""ticker"":""KXETH15M-26APR272245-45"",""trade_id"":""3fd9a973-9bb5-531c-04bf-17e5bbee3433"",""yes_price_dollars"":""0.4300""}"
KXETH15M-26APR272245-45,98345860-b78e-584b-f77e-67156c7490c4,1777343642,0.43,10.0,no,"{""count_fp"":""10.00"",""created_time"":""2026-04-28T02:34:02.270496Z"",""no_price_dollars"":""0.5700"",""taker_side"":""no"",""ticker"":""KXETH15M-26APR272245-45"",""trade_id"":""98345860-b78e-584b-f77e-67156c7490c4"",""yes_price_dollars"":""0.4300""}"
KXETH15M-26APR272245-45,88398ec8-9dbc-7224-277d-248bf29da244,1777343643,0.42,53.0,yes,"{""count_fp"":""53.00"",""created_time"":""2026-04-28T02:34:03.128799Z"",""no_price_dollars"":""0.5800"",""taker_side"":""yes"",""ticker"":""KXETH15M-26APR272245-45"",""trade_id"":""88398ec8-9dbc-7224-277d-248bf29da244"",""yes_price_dollars"":""0.4200""}"
KXETH15M-26APR272245-45,2b5d5260-bb44-589c-7e54-9902fe87c4d4,1777343644,0.42,20.0,yes,"{""count_fp"":""20.00"",""created_time"":""2026-04-28T02:34:04.730559Z"",""no_price_dollars"":""0.5800"",""taker_side"":""yes"",""ticker"":""KXETH15M-26APR272245-45"",""trade_id"":""2b5d5260-bb44-589c-7e54-9902fe87c4d4"",""yes_price_dollars"":""0.4200""}"
KXETH15M-26APR272245-45,98da7c94-5a64-5108-9e9b-3c9a8b24efcc,1777343645,0.42,57.2,yes,"{""count_fp"":""57.20"",""created_time"":""2026-04-28T02:34:05.699489Z"",""no_price_dollars"":""0.5800"",""taker_side"":""yes"",""ticker"":""KXETH15M-26APR272245-45"",""trade_id"":""98da7c94-5a64-5108-9e9b-3c9a8b24efcc"",""yes_price_dollars"":""0.4200""}"
KXETH15M-26APR272245-45,e88d7fa7-ffb6-7b5b-b216-512d1aae2563,1777343646,0.39,1.0,no,"{""count_fp"":""1.00"",""created_time"":""2026-04-28T02:34:06.465479Z"",""no_price_dollars"":""0.6100"",""taker_side"":""no"",""ticker"":""KXETH15M-26APR272245-45"",""trade_id"":""e88d7fa7-ffb6-7b5b-b216-512d1aae2563"",""yes_price_dollars"":""0.3900""}"
KXETH15M-26APR272245-45,8e1fafc3-1d30-6483-94f1-89da2a6a1d49,1777343647,0.36,1.0,no,"{""count_fp"":""1.00"",""created_time"":""2026-04-28T02:34:07.279292Z"",""no_price_dollars"":""0.6400"",""taker_side"":""no"",""ticker"":""KXETH15M-26APR272245-45"",""trade_id"":""8e1fafc3-1d30-6483-94f1-89da2a6a1d49"",""yes_price_dollars"":""0.3600""}"
KXETH15M-26APR272245-45,9d9a11f4-4718-6a94-cbbd-0099ed445e3c,1777343648,0.33,1.0,yes,"{""count_fp"":""1.00"",""created_time"":""2026-04-28T02:34:08.998165Z"",""no_price_dollars"":""0.6700"",""taker_side"":""yes"",""ticker"":""KXETH15M-26APR272245-45"",""trade_id"":""9d9a11f4-4718-6a94-cbbd-0099ed445e3c"",""yes_price_dollars"":""0.3300""}"
KXETH15M-26APR272245-45,2b199f53-1d50-7e68-ecab-20e49b22f5e0,1777343648,0.33,4.0,yes,"{""count_fp"":""4.00"",""created_time"":""2026-04-28T02:34:08.758991Z"",""no_price_dollars"":""0.6700"",""taker_side"":""yes"",""ticker"":""KXETH15M-26APR272245-45"",""trade_id"":""2b199f53-1d50-7e68-ecab-20e49b22f5e0"",""yes_price_dollars"":""0.3300""}"
KXETH15M-26APR272245-45,d74f7fa3-e9bd-60cb-f5d4-478fd88134d1,1777343648,0.35,10.0,no,"{""count_fp"":""10.00"",""created_time"":""2026-04-28T02:34:08.124066Z"",""no_price_dollars"":""0.6500"",""taker_side"":""no"",""ticker"":""KXETH15M-26APR272245-45"",""trade_id"":""d74f7fa3-e9bd-60cb-f5d4-478fd88134d1"",""yes_price_dollars"":""0.3500""}"
KXETH15M-26APR272245-45,5d5e90cc-4534-6c00-baca-375676991c70,1777343649,0.33,46.0,yes,"{""count_fp"":""46.00"",""created_time"":""2026-04-28T02:34:09.396775Z"",""no_price_dollars"":""0.6700"",""taker_side"":""yes"",""ticker"":""KXETH15M-26APR272245-45"",""trade_id"":""5d5e90cc-4534-6c00-baca-375676991c70"",""yes_price_dollars"":""0.3300""}"
KXETH15M-26APR272245-45,e69f4550-f32c-623c-61e3-1e1e6e781d40,1777343650,0.33,38.82,yes,"{""count_fp"":""38.82"",""created_time"":""2026-04-28T02:34:10.473143Z"",""no_price_dollars"":""0.6700"",""taker_side"":""yes"",""ticker"":""KXETH15M-26APR272245-45"",""trade_id"":""e69f4550-f32c-623c-61e3-1e1e6e781d40"",""yes_price_dollars"":""0.3300""}"
KXETH15M-26APR272245-45,f82d338c-7f39-508d-cbc2-cc3f70cd2a03,1777343650,0.3,1.59,no,"{""count_fp"":""1.59"",""created_time"":""2026-04-28T02:34:10.011302Z"",""no_price_dollars"":""0.7000"",""taker_side"":""no"",""ticker"":""KXETH15M-26APR272245-45"",""trade_id"":""f82d338c-7f39-508d-cbc2-cc3f70cd2a03"",""yes_price_dollars"":""0.3000""}"
KXETH15M-26APR272245-45,fe8d2e27-cd0c-62f4-379e-fefb48b25f84,1777343651,0.33,48.0,yes,"{""count_fp"":""48.00"",""created_time"":""2026-04-28T02:34:11.115284Z"",""no_price_dollars"":""0.6700"",""taker_side"":""yes"",""ticker"":""KXETH15M-26APR272245-45"",""trade_id"":""fe8d2e27-cd0c-62f4-379e-fefb48b25f84"",""yes_price_dollars"":""0.3300""}"
KXETH15M-26APR272245-45,489ccb4c-095e-611d-3207-3e45ff4716e7,1777343651,0.32,1.0,yes,"{""count_fp"":""1.00"",""created_time"":""2026-04-28T02:34:11.115284Z"",""no_price_dollars"":""0.6800"",""taker_side"":""yes"",""ticker"":""KXETH15M-26APR272245-45"",""trade_id"":""489ccb4c-095e-611d-3207-3e45ff4716e7"",""yes_price_dollars"":""0.3200""}"
KXETH15M-26APR272245-45,024d93a0-c834-5e68-c01c-c7ed105765e4,1777343652,0.35,4.0,yes,"{""count_fp"":""4.00"",""created_time"":""2026-04-28T02:34:12.659459Z"",""no_price_dollars"":""0.6500"",""taker_side"":""yes"",""ticker"":""KXETH15M-26APR272245-45"",""trade_id"":""024d93a0-c834-5e68-c01c-c7ed105765e4"",""yes_price_dollars"":""0.3500""}"
KXETH15M-26APR272245-45,2e04c3a7-b26c-6d4a-6db8-bd057d6f3037,1777343652,0.32,1.0,no,"{""count_fp"":""1.00"",""created_time"":""2026-04-28T02:34:12.379007Z"",""no_price_dollars"":""0.6800"",""taker_side"":""no"",""ticker"":""KXETH15M-26APR272245-45"",""trade_id"":""2e04c3a7-b26c-6d4a-6db8-bd057d6f3037"",""yes_price_dollars"":""0.3200""}"
KXETH15M-26APR272245-45,41023110-4038-40d0-da25-d705cdbc99bc,1777343653,0.34,1.0,yes,"{""count_fp"":""1.00"",""created_time"":""2026-04-28T02:34:13.960742Z"",""no_price_dollars"":""0.6600"",""taker_side"":""yes"",""ticker"":""KXETH15M-26APR272245-45"",""trade_id"":""41023110-4038-40d0-da25-d705cdbc99bc"",""yes_price_dollars"":""0.3400""}"
KXETH15M-26APR272245-45,24bb9cd4-1040-4eb8-ec8b-c399c3effcfc,1777343655,0.34,168.67,yes,"{""count_fp"":""168.67"",""created_time"":""2026-04-28T02:34:15.326538Z"",""no_price_dollars"":""0.6600"",""taker_side"":""yes"",""ticker"":""KXETH15M-26APR272245-45"",""trade_id"":""24bb9cd4-1040-4eb8-ec8b-c399c3effcfc"",""yes_price_dollars"":""0.3400""}"
KXETH15M-26APR272245-45,841b7cff-27e8-46f4-b4be-579770b276c4,1777343655,0.34,6.0,yes,"{""count_fp"":""6.00"",""created_time"":""2026-04-28T02:34:15.285161Z"",""no_price_dollars"":""0.6600"",""taker_side"":""yes"",""ticker"":""KXETH15M-26APR272245-45"",""trade_id"":""841b7cff-27e8-46f4-b4be-579770b276c4"",""yes_price_dollars"":""0.3400""}"
KXETH15M-26APR272245-45,d6c4603c-9c7e-443d-ae21-ca38911b8815,1777343656,0.31,100.0,no,"{""count_fp"":""100.00"",""created_time"":""2026-04-28T02:34:16.063233Z"",""no_price_dollars"":""0.6900"",""taker_side"":""no"",""ticker"":""KXETH15M-26APR272245-45"",""trade_id"":""d6c4603c-9c7e-443d-ae21-ca38911b8815"",""yes_price_dollars"":""0.3100""}"
KXETH15M-26APR272245-45,2f3bd032-28e1-42a6-bd87-717d69d572a6,1777343656,0.31,10.0,no,"{""count_fp"":""10.00"",""created_time"":""2026-04-28T02:34:16.063233Z"",""no_price_dollars"":""0.6900"",""taker_side"":""no"",""ticker"":""KXETH15M-26APR272245-45"",""trade_id"":""2f3bd032-28e1-42a6-bd87-717d69d572a6"",""yes_price_dollars"":""0.3100""}"
KXETH15M-26APR272245-45,13bee5e7-dc76-667b-d0ed-0b00128a7cd4,1777343657,0.28,1.0,no,"{""count_fp"":""1.00"",""created_time"":""2026-04-28T02:34:17.914462Z"",""no_price_dollars"":""0.7200"",""taker_side"":""no"",""ticker"":""KXETH15M-26APR272245-45"",""trade_id"":""13bee5e7-dc76-667b-d0ed-0b00128a7cd4"",""yes_price_dollars"":""0.2800""}"
KXETH15M-26APR272245-45,eb089e8d-cc05-41f9-f996-5785e263cf1f,1777343657,0.3,0.41,no,"{""count_fp"":""0.41"",""created_time"":""2026-04-28T02:34:17.032875Z"",""no_price_dollars"":""0.7000"",""taker_side"":""no"",""ticker"":""KXETH15M-26APR272245-45"",""trade_id"":""eb089e8d-cc05-41f9-f996-5785e263cf1f"",""yes_price_dollars"":""0.3000""}"
KXETH15M-26APR272245-45,3a5f6ab2-8da4-40af-e55f-e18e05a74704,1777343657,0.29,0.96,no,"{""count_fp"":""0.96"",""created_time"":""2026-04-28T02:34:17.032875Z"",""no_price_dollars"":""0.7100"",""taker_side"":""no"",""ticker"":""KXETH15M-26APR272245-45"",""trade_id"":""3a5f6ab2-8da4-40af-e55f-e18e05a74704"",""yes_price_dollars"":""0.2900""}"
KXETH15M-26APR272245-45,b3aab512-9b17-7e3d-7e3f-8b8ca9fdc577,1777343658,0.28,1.0,no,"{""count_fp"":""1.00"",""created_time"":""2026-04-28T02:34:18.532642Z"",""no_price_dollars"":""0.7200"",""taker_side"":""no"",""ticker"":""KXETH15M-26APR272245-45"",""trade_id"":""b3aab512-9b17-7e3d-7e3f-8b8ca9fdc577"",""yes_price_dollars"":""0.2800""}"
KXETH15M-26APR272245-45,45a8e3ea-3044-4cc4-7060-ec88812b5a2c,1777343658,0.34,40.0,yes,"{""count_fp"":""40.00"",""created_time"":""2026-04-28T02:34:18.107916Z"",""no_price_dollars"":""0.6600"",""taker_side"":""yes"",""ticker"":""KXETH15M-26APR272245-45"",""trade_id"":""45a8e3ea-3044-4cc4-7060-ec88812b5a2c"",""yes_price_dollars"":""0.3400""}"
KXETH15M-26APR272245-45,d96dd8b5-cc00-7abc-96a0-737ace999ecc,1777343659,0.33,3.0,yes,"{""count_fp"":""3.00"",""created_time"":""2026-04-28T02:34:19.203078Z"",""no_price_dollars"":""0.6700"",""taker_side"":""yes"",""ticker"":""KXETH15M-26APR272245-45"",""trade_id"":""d96dd8b5-cc00-7abc-96a0-737ace999ecc"",""yes_price_dollars"":""0.3300""}"
KXETH15M-26APR272245-45,48517bcd-d89a-72a2-992f-5f6576ec367a,1777343659,0.3,1.0,yes,"{""count_fp"":""1.00"",""created_time"":""2026-04-28T02:34:19.203078Z"",""no_price_dollars"":""0.7000"",""taker_side"":""yes"",""ticker"":""KXETH15M-26APR272245-45"",""trade_id"":""48517bcd-d89a-72a2-992f-5f6576ec367a"",""yes_price_dollars"":""0.3000""}"
KXETH15M-26APR272245-45,291d8edd-6758-7d71-a0e4-bcbfe3bb75d5,1777343659,0.32,5.0,yes,"{""count_fp"":""5.00"",""created_time"":""2026-04-28T02:34:19.203078Z"",""no_price_dollars"":""0.6800"",""taker_side"":""yes"",""ticker"":""KXETH15M-26APR272245-45"",""trade_id"":""291d8edd-6758-7d71-a0e4-bcbfe3bb75d5"",""yes_price_dollars"":""0.3200""}"
KXETH15M-26APR272245-45,178f4046-de09-6a3f-f722-8d921c926695,1777343659,0.29,1.0,no,"{""count_fp"":""1.00"",""created_time"":""2026-04-28T02:34:19.152813Z"",""no_price_dollars"":""0.7100"",""taker_side"":""no"",""ticker"":""KXETH15M-26APR272245-45"",""trade_id"":""178f4046-de09-6a3f-f722-8d921c926695"",""yes_price_dollars"":""0.2900""}"
KXETH15M-26APR272245-45,f92cb4fd-9fd0-712f-6ff5-bb7cbd16a7e8,1777343661,0.32,2.0,no,"{""count_fp"":""2.00"",""created_time"":""2026-04-28T02:34:21.136931Z"",""no_price_dollars"":""0.6800"",""taker_side"":""no"",""ticker"":""KXETH15M-26APR272245-45"",""trade_id"":""f92cb4fd-9fd0-712f-6ff5-bb7cbd16a7e8"",""yes_price_dollars"":""0.3200""}"
KXETH15M-26APR272245-45,d46b8ab7-8ff6-4c05-e797-148aff38ec38,1777343664,0.31,198.0,no,"{""count_fp"":""198.00"",""created_time"":""2026-04-28T02:34:24.835671Z"",""no_price_dollars"":""0.6900"",""taker_side"":""no"",""ticker"":""KXETH15M-26APR272245-45"",""trade_id"":""d46b8ab7-8ff6-4c05-e797-148aff38ec38"",""yes_price_dollars"":""0.3100""}"
KXETH15M-26APR272245-45,15c55594-5522-5413-b036-459b0ad35e90,1777343664,0.33,10.0,no,"{""count_fp"":""10.00"",""created_time"":""2026-04-28T02:34:24.776696Z"",""no_price_dollars"":""0.6700"",""taker_side"":""no"",""ticker"":""KXETH15M-26APR272245-45"",""trade_id"":""15c55594-5522-5413-b036-459b0ad35e90"",""yes_price_dollars"":""0.3300""}"
KXETH15M-26APR272245-45,cc527add-486c-70c0-53ce-7d8ed0e3c015,1777343665,0.32,5.0,yes,"{""count_fp"":""5.00"",""created_time"":""2026-04-28T02:34:25.691563Z"",""no_price_dollars"":""0.6800"",""taker_side"":""yes"",""ticker"":""KXETH15M-26APR272245-45"",""trade_id"":""cc527add-486c-70c0-53ce-7d8ed0e3c015"",""yes_price_dollars"":""0.3200""}"
KXETH15M-26APR272245-45,0d87a3f2-3eae-77bf-5468-537760b762da,1777343665,0.33,22.32,yes,"{""count_fp"":""22.32"",""created_time"":""2026-04-28T02:34:25.691563Z"",""no_price_dollars"":""0.6700"",""taker_side"":""yes"",""ticker"":""KXETH15M-26APR272245-45"",""trade_id"":""0d87a3f2-3eae-77bf-5468-537760b762da"",""yes_price_dollars"":""0.3300""}"
KXETH15M-26APR272245-45,f98cab5d-7559-7821-ee49-8976f23c7cb9,1777343666,0.32,8.0,no,"{""count_fp"":""8.00"",""created_time"":""2026-04-28T02:34:26.150634Z"",""no_price_dollars"":""0.6800"",""taker_side"":""no"",""ticker"":""KXETH15M-26APR272245-45"",""trade_id"":""f98cab5d-7559-7821-ee49-8976f23c7cb9"",""yes_price_dollars"":""0.3200""}"
KXETH15M-26APR272245-45,83c87497-e12b-40a3-22e1-7cee7a7897ce,1777343667,0.29,14.93,yes,"{""count_fp"":""14.93"",""created_time"":""2026-04-28T02:34:27.787804Z"",""no_price_dollars"":""0.7100"",""taker_side"":""yes"",""ticker"":""KXETH15M-26APR272245-45"",""trade_id"":""83c87497-e12b-40a3-22e1-7cee7a7897ce"",""yes_price_dollars"":""0.2900""}"
KXETH15M-26APR272245-45,819b62dc-e6c3-5a33-e4fb-4518e5ffb0c2,1777343667,0.29,13.65,yes,"{""count_fp"":""13.65"",""created_time"":""2026-04-28T02:34:27.703792Z"",""no_price_dollars"":""0.7100"",""taker_side"":""yes"",""ticker"":""KXETH15M-26APR272245-45"",""trade_id"":""819b62dc-e6c3-5a33-e4fb-4518e5ffb0c2"",""yes_price_dollars"":""0.2900""}"
KXETH15M-26APR272245-45,1484ee10-b540-5104-0963-0c39d17dc46f,1777343671,0.25,4.0,no,"{""count_fp"":""4.00"",""created_time"":""2026-04-28T02:34:31.753849Z"",""no_price_dollars"":""0.7500"",""taker_side"":""no"",""ticker"":""KXETH15M-26APR272245-45"",""trade_id"":""1484ee10-b540-5104-0963-0c39d17dc46f"",""yes_price_dollars"":""0.2500""}"
KXETH15M-26APR272245-45,cf977644-80cd-7cf8-e240-bfa94223f9a6,1777343671,0.27,5.0,no,"{""count_fp"":""5.00"",""created_time"":""2026-04-28T02:34:31.085629Z"",""no_price_dollars"":""0.7300"",""taker_side"":""no"",""ticker"":""KXETH15M-26APR272245-45"",""trade_id"":""cf977644-80cd-7cf8-e240-bfa94223f9a6"",""yes_price_dollars"":""0.2700""}"
KXETH15M-26APR272245-45,362ab92d-79ff-7a48-cfde-185fea5737be,1777343673,0.28,2.0,yes,"{""count_fp"":""2.00"",""created_time"":""2026-04-28T02:34:33.855755Z"",""no_price_dollars"":""0.7200"",""taker_side"":""yes"",""ticker"":""KXETH15M-26APR272245-45"",""trade_id"":""362ab92d-79ff-7a48-cfde-185fea5737be"",""yes_price_dollars"":""0.2800""}"
KXETH15M-26APR272245-45,da1beac7-f8bf-4f15-3594-f25de73e60cf,1777343676,0.25,36.23,no,"{""count_fp"":""36.23"",""created_time"":""2026-04-28T02:34:36.835448Z"",""no_price_dollars"":""0.7500"",""taker_side"":""no"",""ticker"":""KXETH15M-26APR272245-45"",""trade_id"":""da1beac7-f8bf-4f15-3594-f25de73e60cf"",""yes_price_dollars"":""0.2500""}"
KXETH15M-26APR272245-45,a3e62781-c1dc-486b-1718-b4cee6655d16,1777343676,0.25,2.0,no,"{""count_fp"":""2.00"",""created_time"":""2026-04-28T02:34:36.835448Z"",""no_price_dollars"":""0.7500"",""taker_side"":""no"",""ticker"":""KXETH15M-26APR272245-45"",""trade_id"":""a3e62781-c1dc-486b-1718-b4cee6655d16"",""yes_price_dollars"":""0.2500""}"
KXETH15M-26APR272245-45,13ca3c63-a00d-442c-272a-4a7d39911259,1777343676,0.25,0.85,no,"{""count_fp"":""0.85"",""created_time"":""2026-04-28T02:34:36.835448Z"",""no_price_dollars"":""0.7500"",""taker_side"":""no"",""ticker"":""KXETH15M-26APR272245-45"",""trade_id"":""13ca3c63-a00d-442c-272a-4a7d39911259"",""yes_price_dollars"":""0.2500""}"
KXETH15M-26APR272245-45,b2be1dfe-dbfb-51b5-95c5-4c1b98627080,1777343676,0.27,6.0,no,"{""count_fp"":""6.00"",""created_time"":""2026-04-28T02:34:36.571116Z"",""no_price_dollars"":""0.7300"",""taker_side"":""no"",""ticker"":""KXETH15M-26APR272245-45"",""trade_id"":""b2be1dfe-dbfb-51b5-95c5-4c1b98627080"",""yes_price_dollars"":""0.2700""}"
KXETH15M-26APR272245-45,71cde190-9c35-5042-f287-5a4fbdcfe600,1777343676,0.28,0.85,yes,"{""count_fp"":""0.85"",""created_time"":""2026-04-28T02:34:36.368509Z"",""no_price_dollars"":""0.7200"",""taker_side"":""yes"",""ticker"":""KXETH15M-26APR272245-45"",""trade_id"":""71cde190-9c35-5042-f287-5a4fbdcfe600"",""yes_price_dollars"":""0.2800""}"
KXETH15M-26APR272245-45,89f2b027-a016-66c0-0d71-d9596947d356,1777343679,0.29,2.58,no,"{""count_fp"":""2.58"",""created_time"":""2026-04-28T02:34:39.467901Z"",""no_price_dollars"":""0.7100"",""taker_side"":""no"",""ticker"":""KXETH15M-26APR272245-45"",""trade_id"":""89f2b027-a016-66c0-0d71-d9596947d356"",""yes_price_dollars"":""0.2900""}"
KXETH15M-26APR272245-45,ce849f8f-1959-5614-f000-41d1dde914f5,1777343679,0.27,1.34,no,"{""count_fp"":""1.34"",""created_time"":""2026-04-28T02:34:39.132984Z"",""no_price_dollars"":""0.7300"",""taker_side"":""no"",""ticker"":""KXETH15M-26APR272245-45"",""trade_id"":""ce849f8f-1959-5614-f000-41d1dde914f5"",""yes_price_dollars"":""0.2700""}"
KXETH15M-26APR272245-45,8d09723d-289e-60a6-6f41-48f4d26b39f0,1777343682,0.34,5.0,yes,"{""count_fp"":""5.00"",""created_time"":""2026-04-28T02:34:42.535339Z"",""no_price_dollars"":""0.6600"",""taker_side"":""yes"",""ticker"":""KXETH15M-26APR272245-45"",""trade_id"":""8d09723d-289e-60a6-6f41-48f4d26b39f0"",""yes_price_dollars"":""0.3400""}"
KXETH15M-26APR272245-45,44505c70-b7e5-576c-55c6-65c73bf1cb05,1777343683,0.34,3.0,no,"{""count_fp"":""3.00"",""created_time"":""2026-04-28T02:34:43.852976Z"",""no_price_dollars"":""0.6600"",""taker_side"":""no"",""ticker"":""KXETH15M-26APR272245-45"",""trade_id"":""44505c70-b7e5-576c-55c6-65c73bf1cb05"",""yes_price_dollars"":""0.3400""}"
KXETH15M-26APR272245-45,4dffb4dc-8fe4-5178-2776-cf92f5c4c790,1777343683,0.35,5.0,yes,"{""count_fp"":""5.00"",""created_time"":""2026-04-28T02:34:43.452794Z"",""no_price_dollars"":""0.6500"",""taker_side"":""yes"",""ticker"":""KXETH15M-26APR272245-45"",""trade_id"":""4dffb4dc-8fe4-5178-2776-cf92f5c4c790"",""yes_price_dollars"":""0.3500""}"
KXETH15M-26APR272245-45,376e62f4-c051-463c-7064-04b1a28fff4d,1777343684,0.34,73.99,no,"{""count_fp"":""73.99"",""created_time"":""2026-04-28T02:34:44.772451Z"",""no_price_dollars"":""0.6600"",""taker_side"":""no"",""ticker"":""KXETH15M-26APR272245-45"",""trade_id"":""376e62f4-c051-463c-7064-04b1a28fff4d"",""yes_price_dollars"":""0.3400""}"
KXETH15M-26APR272245-45,8dde104b-139a-5c1b-3329-b8a48de1a107,1777343685,0.39,10.0,yes,"{""count_fp"":""10.00"",""created_time"":""2026-04-28T02:34:45.972636Z"",""no_price_dollars"":""0.6100"",""taker_side"":""yes"",""ticker"":""KXETH15M-26APR272245-45"",""trade_id"":""8dde104b-139a-5c1b-3329-b8a48de1a107"",""yes_price_dollars"":""0.3900""}"
KXETH15M-26APR272245-45,69d300aa-e1ed-4c84-0a5e-1d9dbcce46c9,1777343685,0.38,1.0,no,"{""count_fp"":""1.00"",""created_time"":""2026-04-28T02:34:45.767762Z"",""no_price_dollars"":""0.6200"",""taker_side"":""no"",""ticker"":""KXETH15M-26APR272245-45"",""trade_id"":""69d300aa-e1ed-4c84-0a5e-1d9dbcce46c9"",""yes_price_dollars"":""0.3800""}"
KXETH15M-26APR272245-45,674c6fe4-b29d-7e0b-383d-8fd05377c986,1777343685,0.35,0.95,yes,"{""count_fp"":""0.95"",""created_time"":""2026-04-28T02:34:45.665105Z"",""no_price_dollars"":""0.6500"",""taker_side"":""yes"",""ticker"":""KXETH15M-26APR272245-45"",""trade_id"":""674c6fe4-b29d-7e0b-383d-8fd05377c986"",""yes_price_dollars"":""0.3500""}"
KXETH15M-26APR272245-45,c965183f-7998-758c-1abe-96a1cfe91720,1777343685,0.35,243.95,yes,"{""count_fp"":""243.95"",""created_time"":""2026-04-28T02:34:45.651623Z"",""no_price_dollars"":""0.6500"",""taker_side"":""yes"",""ticker"":""KXETH15M-26APR272245-45"",""trade_id"":""c965183f-7998-758c-1abe-96a1cfe91720"",""yes_price_dollars"":""0.3500""}"
KXETH15M-26APR272245-45,c0d70e16-6971-76a3-15ec-3edeb5ac8d32,1777343685,0.35,9.05,yes,"{""count_fp"":""9.05"",""created_time"":""2026-04-28T02:34:45.651623Z"",""no_price_dollars"":""0.6500"",""taker_side"":""yes"",""ticker"":""KXETH15M-26APR272245-45"",""trade_id"":""c0d70e16-6971-76a3-15ec-3edeb5ac8d32"",""yes_price_dollars"":""0.3500""}"
KXETH15M-26APR272245-45,c6b576c1-bed9-7e98-86bc-f699c4a2d9ad,1777343685,0.34,5.91,no,"{""count_fp"":""5.91"",""created_time"":""2026-04-28T02:34:45.490912Z"",""no_price_dollars"":""0.6600"",""taker_side"":""no"",""ticker"":""KXETH15M-26APR272245-45"",""trade_id"":""c6b576c1-bed9-7e98-86bc-f699c4a2d9ad"",""yes_price_dollars"":""0.3400""}"
KXETH15M-26APR272245-45,ae235119-8fc6-5200-140e-f741b5c77b58,1777343686,0.42,5.0,yes,"{""count_fp"":""5.00"",""created_time"":""2026-04-28T02:34:46.387928Z"",""no_price_dollars"":""0.5800"",""taker_side"":""yes"",""ticker"":""KXETH15M-26APR272245-45"",""trade_id"":""ae235119-8fc6-5200-140e-f741b5c77b58"",""yes_price_dollars"":""0.4200""}"
KXETH15M-26APR272245-45,0c7250df-f328-599f-2728-05ba90e5f0d0,1777343686,0.42,60.0,yes,"{""count_fp"":""60.00"",""created_time"":""2026-04-28T02:34:46.387928Z"",""no_price_dollars"":""0.5800"",""taker_side"":""yes"",""ticker"":""KXETH15M-26APR272245-45"",""trade_id"":""0c7250df-f328-599f-2728-05ba90e5f0d0"",""yes_price_dollars"":""0.4200""}"
KXETH15M-26APR272245-45,d6f11779-1486-6ef7-b506-dee2e90e371a,1777343686,0.4,5.0,yes,"{""count_fp"":""5.00"",""created_time"":""2026-04-28T02:34:46.119333Z"",""no_price_dollars"":""0.6000"",""taker_side"":""yes"",""ticker"":""KXETH15M-26APR272245-45"",""trade_id"":""d6f11779-1486-6ef7-b506-dee2e90e371a"",""yes_price_dollars"":""0.4000""}"
KXETH15M-26APR272245-45,7c8867c5-c937-49eb-9712-fe924bd89cd6,1777343691,0.44,8.58,yes,"{""count_fp"":""8.58"",""created_time"":""2026-04-28T02:34:51.473809Z"",""no_price_dollars"":""0.5600"",""taker_side"":""yes"",""ticker"":""KXETH15M-26APR272245-45"",""trade_id"":""7c8867c5-c937-49eb-9712-fe924bd89cd6"",""yes_price_dollars"":""0.4400""}"
KXETH15M-26APR272245-45,538ba8e1-89a9-4fce-a957-42256757cd71,1777343691,0.44,10.0,yes,"{""count_fp"":""10.00"",""created_time"":""2026-04-28T02:34:51.473809Z"",""no_price_dollars"":""0.5600"",""taker_side"":""yes"",""ticker"":""KXETH15M-26APR272245-45"",""trade_id"":""538ba8e1-89a9-4fce-a957-42256757cd71"",""yes_price_dollars"":""0.4400""}"
KXETH15M-26APR272245-45,91de124b-b9b2-41bb-5e58-fd7f3b4c636c,1777343693,0.4,1.0,no,"{""count_fp"":""1.00"",""created_time"":""2026-04-28T02:34:53.175127Z"",""no_price_dollars"":""0.6000"",""taker_side"":""no"",""ticker"":""KXETH15M-26APR272245-45"",""trade_id"":""91de124b-b9b2-41bb-5e58-fd7f3b4c636c"",""yes_price_dollars"":""0.4000""}"
KXETH15M-26APR272245-45,f3cfb35b-aced-7d3d-14d6-4e59a0773ded,1777343695,0.38,1.31,no,"{""count_fp"":""1.31"",""created_time"":""2026-04-28T02:34:55.790526Z"",""no_price_dollars"":""0.6200"",""taker_side"":""no"",""ticker"":""KXETH15M-26APR272245-45"",""trade_id"":""f3cfb35b-aced-7d3d-14d6-4e59a0773ded"",""yes_price_dollars"":""0.3800""}"
KXETH15M-26APR272245-45,e44c584d-4d22-7c03-0064-0e45660a9ce7,1777343695,0.39,4.0,no,"{""count_fp"":""4.00"",""created_time"":""2026-04-28T02:34:55.790526Z"",""no_price_dollars"":""0.6100"",""taker_side"":""no"",""ticker"":""KXETH15M-26APR272245-45"",""trade_id"":""e44c584d-4d22-7c03-0064-0e45660a9ce7"",""yes_price_dollars"":""0.3900""}"
KXETH15M-26APR272245-45,8925d323-364b-545d-78b0-858b12d6c5a9,1777343699,0.42,0.43,yes,"{""count_fp"":""0.43"",""created_time"":""2026-04-28T02:34:59.797964Z"",""no_price_dollars"":""0.5800"",""taker_side"":""yes"",""ticker"":""KXETH15M-26APR272245-45"",""trade_id"":""8925d323-364b-545d-78b0-858b12d6c5a9"",""yes_price_dollars"":""0.4200""}"
KXETH15M-26APR272245-45,2551ff82-0bdf-56d7-66f5-6f21c27511c2,1777343699,0.42,89.02,yes,"{""count_fp"":""89.02"",""created_time"":""2026-04-28T02:34:59.797964Z"",""no_price_dollars"":""0.5800"",""taker_side"":""yes"",""ticker"":""KXETH15M-26APR272245-45"",""trade_id"":""2551ff82-0bdf-56d7-66f5-6f21c27511c2"",""yes_price_dollars"":""0.4200""}"
KXETH15M-26APR272245-45,d5b0a734-60d3-4933-b3fa-9675643fe39a,1777343700,0.42,6.86,yes,"{""count_fp"":""6.86"",""created_time"":""2026-04-28T02:35:00.921111Z"",""no_price_dollars"":""0.5800"",""taker_side"":""yes"",""ticker"":""KXETH15M-26APR272245-45"",""trade_id"":""d5b0a734-60d3-4933-b3fa-9675643fe39a"",""yes_price_dollars"":""0.4200""}"
KXETH15M-26APR272245-45,cd9e9e22-add7-715d-baaa-ed31ed10e1a7,1777343702,0.37,10.0,no,"{""count_fp"":""10.00"",""created_time"":""2026-04-28T02:35:02.519039Z"",""no_price_dollars"":""0.6300"",""taker_side"":""no"",""ticker"":""KXETH15M-26APR272245-45"",""trade_id"":""cd9e9e22-add7-715d-baaa-ed31ed10e1a7"",""yes_price_dollars"":""0.3700""}"
KXETH15M-26APR272245-45,c2d7855c-2558-77b7-b219-c68a6fffe9a7,1777343702,0.37,44.0,no,"{""count_fp"":""44.00"",""created_time"":""2026-04-28T02:35:02.519039Z"",""no_price_dollars"":""0.6300"",""taker_side"":""no"",""ticker"":""KXETH15M-26APR272245-45"",""trade_id"":""c2d7855c-2558-77b7-b219-c68a6fffe9a7"",""yes_price_dollars"":""0.3700""}"
KXETH15M-26APR272245-45,79d8a028-2469-7e7d-b550-ea8986200628,1777343702,0.36,5.0,no,"{""count_fp"":""5.00"",""created_time"":""2026-04-28T02:35:02.519039Z"",""no_price_dollars"":""0.6400"",""taker_side"":""no"",""ticker"":""KXETH15M-26APR272245-45"",""trade_id"":""79d8a028-2469-7e7d-b550-ea8986200628"",""yes_price_dollars"":""0.3600""}"
KXETH15M-26APR272245-45,f04dd574-b02f-4c82-a717-183ae90e9605,1777343702,0.38,10.0,no,"{""count_fp"":""10.00"",""created_time"":""2026-04-28T02:35:02.493521Z"",""no_price_dollars"":""0.6200"",""taker_side"":""no"",""ticker"":""KXETH15M-26APR272245-45"",""trade_id"":""f04dd574-b02f-4c82-a717-183ae90e9605"",""yes_price_dollars"":""0.3800""}"
KXETH15M-26APR272245-45,810d3d0f-a5f0-4b6b-af1e-55439b29b6ed,1777343702,0.38,10.0,no,"{""count_fp"":""10.00"",""created_time"":""2026-04-28T02:35:02.493521Z"",""no_price_dollars"":""0.6200"",""taker_side"":""no"",""ticker"":""KXETH15M-26APR272245-45"",""trade_id"":""810d3d0f-a5f0-4b6b-af1e-55439b29b6ed"",""yes_price_dollars"":""0.3800""}"
KXETH15M-26APR272245-45,99f30859-3e49-52d8-6360-acf46047b3ad,1777343703,0.3,5.0,no,"{""count_fp"":""5.00"",""created_time"":""2026-04-28T02:35:03.556064Z"",""no_price_dollars"":""0.7000"",""taker_side"":""no"",""ticker"":""KXETH15M-26APR272245-45"",""trade_id"":""99f30859-3e49-52d8-6360-acf46047b3ad"",""yes_price_dollars"":""0.3000""}"
KXETH15M-26APR272245-45,148cadfa-6677-5401-55ed-b4c53b856fa6,1777343703,0.29,1.0,no,"{""count_fp"":""1.00"",""created_time"":""2026-04-28T02:35:03.556064Z"",""no_price_dollars"":""0.7100"",""taker_side"":""no"",""ticker"":""KXETH15M-26APR272245-45"",""trade_id"":""148cadfa-6677-5401-55ed-b4c53b856fa6"",""yes_price_dollars"":""0.2900""}"
KXETH15M-26APR272245-45,37da8af8-2d3e-7340-db34-8ae96153c750,1777343703,0.32,10.0,no,"{""count_fp"":""10.00"",""created_time"":""2026-04-28T02:35:03.423371Z"",""no_price_dollars"":""0.6800"",""taker_side"":""no"",""ticker"":""KXETH15M-26APR272245-45"",""trade_id"":""37da8af8-2d3e-7340-db34-8ae96153c750"",""yes_price_dollars"":""0.3200""}"
KXETH15M-26APR272245-45,7fd7d811-60ab-5683-3316-2e1d7caee17e,1777343705,0.32,14.49,yes,"{""count_fp"":""14.49"",""created_time"":""2026-04-28T02:35:05.851857Z"",""no_price_dollars"":""0.6800"",""taker_side"":""yes"",""ticker"":""KXETH15M-26APR272245-45"",""trade_id"":""7fd7d811-60ab-5683-3316-2e1d7caee17e"",""yes_price_dollars"":""0.3200""}"
KXETH15M-26APR272245-45,75acbf67-cc91-59e4-0b84-b5d1c998f0ff,1777343705,0.32,10.73,yes,"{""count_fp"":""10.73"",""created_time"":""2026-04-28T02:35:05.851857Z"",""no_price_dollars"":""0.6800"",""taker_side"":""yes"",""ticker"":""KXETH15M-26APR272245-45"",""trade_id"":""75acbf67-cc91-59e4-0b84-b5d1c998f0ff"",""yes_price_dollars"":""0.3200""}"
KXETH15M-26APR272245-45,e90a8ae5-74d3-6781-b1db-c8d6616691bb,1777343707,0.27,0.01,no,"{""count_fp"":""0.01"",""created_time"":""2026-04-28T02:35:07.904282Z"",""no_price_dollars"":""0.7300"",""taker_side"":""no"",""ticker"":""KXETH15M-26APR272245-45"",""trade_id"":""e90a8ae5-74d3-6781-b1db-c8d6616691bb"",""yes_price_dollars"":""0.2700""}"
KXETH15M-26APR272245-45,b8bedfdd-cb9f-5775-7082-7efd75c60431,1777343709,0.27,10.0,no,"{""count_fp"":""10.00"",""created_time"":""2026-04-28T02:35:09.944894Z"",""no_price_dollars"":""0.7300"",""taker_side"":""no"",""ticker"":""KXETH15M-26APR272245-45"",""trade_id"":""b8bedfdd-cb9f-5775-7082-7efd75c60431"",""yes_price_dollars"":""0.2700""}"
KXETH15M-26APR272245-45,a0dd984a-9b73-50ef-dd9b-b3f3e894f91e,1777343709,0.29,0.29,yes,"{""count_fp"":""0.29"",""created_time"":""2026-04-28T02:35:09.731595Z"",""no_price_dollars"":""0.7100"",""taker_side"":""yes"",""ticker"":""KXETH15M-26APR272245-45"",""trade_id"":""a0dd984a-9b73-50ef-dd9b-b3f3e894f91e"",""yes_price_dollars"":""0.2900""}"
KXETH15M-26APR272245-45,563ea88a-cfe9-57c7-52a6-a74748ac3529,1777343713,0.3,1.0,yes,"{""count_fp"":""1.00"",""created_time"":""2026-04-28T02:35:13.819709Z"",""no_price_dollars"":""0.7000"",""taker_side"":""yes"",""ticker"":""KXETH15M-26APR272245-45"",""trade_id"":""563ea88a-cfe9-57c7-52a6-a74748ac3529"",""yes_price_dollars"":""0.3000""}"
KXETH15M-26APR272245-45,0edd26de-1d4f-5d8b-5dd7-839fa30308fe,1777343713,0.3,1.15,yes,"{""count_fp"":""1.15"",""created_time"":""2026-04-28T02:35:13.819709Z"",""no_price_dollars"":""0.7000"",""taker_side"":""yes"",""ticker"":""KXETH15M-26APR272245-45"",""trade_id"":""0edd26de-1d4f-5d8b-5dd7-839fa30308fe"",""yes_price_dollars"":""0.3000""}"
KXETH15M-26APR272245-45,5b3930c7-bbba-4d91-13ca-58a268f99d43,1777343714,0.26,10.0,no,"{""count_fp"":""10.00"",""created_time"":""2026-04-28T02:35:14.926642Z"",""no_price_dollars"":""0.7400"",""taker_side"":""no"",""ticker"":""KXETH15M-26APR272245-45"",""trade_id"":""5b3930c7-bbba-4d91-13ca-58a268f99d43"",""yes_price_dollars"":""0.2600""}"
KXETH15M-26APR272245-45,8ca72538-2dfb-40e0-d000-e43c129a7f6d,1777343714,0.28,1.0,yes,"{""count_fp"":""1.00"",""created_time"":""2026-04-28T02:35:14.736838Z"",""no_price_dollars"":""0.7200"",""taker_side"":""yes"",""ticker"":""KXETH15M-26APR272245-45"",""trade_id"":""8ca72538-2dfb-40e0-d000-e43c129a7f6d"",""yes_price_dollars"":""0.2800""}"
