ticker,trade_id,ts,yes_price,count,taker_side,raw_json
KXETH15M-26APR271630-30,3add4f5b-7b80-5655-7c44-df8ac2b51bb2,1777320915,0.51,37.0,no,"{""count_fp"":""37.00"",""created_time"":""2026-04-27T20:15:15.095917Z"",""no_price_dollars"":""0.4900"",""taker_side"":""no"",""ticker"":""KXETH15M-26APR271630-30"",""trade_id"":""3add4f5b-7b80-5655-7c44-df8ac2b51bb2"",""yes_price_dollars"":""0.5100""}"
KXETH15M-26APR271630-30,d3f16253-ab84-42e5-aa3e-217857f53cde,1777320917,0.5,5.0,no,"{""count_fp"":""5.00"",""created_time"":""2026-04-27T20:15:17.455357Z"",""no_price_dollars"":""0.5000"",""taker_side"":""no"",""ticker"":""KXETH15M-26APR271630-30"",""trade_id"":""d3f16253-ab84-42e5-aa3e-217857f53cde"",""yes_price_dollars"":""0.5000""}"
KXETH15M-26APR271630-30,2aab3d24-5b3e-4f03-9dc4-50ed99ab782c,1777320917,0.5,4.0,no,"{""count_fp"":""4.00"",""created_time"":""2026-04-27T20:15:17.455357Z"",""no_price_dollars"":""0.5000"",""taker_side"":""no"",""ticker"":""KXETH15M-26APR271630-30"",""trade_id"":""2aab3d24-5b3e-4f03-9dc4-50ed99ab782c"",""yes_price_dollars"":""0.5000""}"
KXETH15M-26APR271630-30,d99c5591-6db6-4b85-5795-879925247db3,1777320918,0.51,1.0,yes,"{""count_fp"":""1.00"",""created_time"":""2026-04-27T20:15:18.564173Z"",""no_price_dollars"":""0.4900"",""taker_side"":""yes"",""ticker"":""KXETH15M-26APR271630-30"",""trade_id"":""d99c5591-6db6-4b85-5795-879925247db3"",""yes_price_dollars"":""0.5100""}"
KXETH15M-26APR271630-30,b985b829-cd9c-6649-7609-021964c7e252,1777320918,0.5,5.0,no,"{""count_fp"":""5.00"",""created_time"":""2026-04-27T20:15:18.508912Z"",""no_price_dollars"":""0.5000"",""taker_side"":""no"",""ticker"":""KXETH15M-26APR271630-30"",""trade_id"":""b985b829-cd9c-6649-7609-021964c7e252"",""yes_price_dollars"":""0.5000""}"
KXETH15M-26APR271630-30,e33a3006-0a8a-4dc5-346f-7ddec5349064,1777320919,0.51,4.93,no,"{""count_fp"":""4.93"",""created_time"":""2026-04-27T20:15:19.132364Z"",""no_price_dollars"":""0.4900"",""taker_side"":""no"",""ticker"":""KXETH15M-26APR271630-30"",""trade_id"":""e33a3006-0a8a-4dc5-346f-7ddec5349064"",""yes_price_dollars"":""0.5100""}"
KXETH15M-26APR271630-30,00fddc4e-31e8-4405-0103-dae90cc020ee,1777320919,0.51,13.0,no,"{""count_fp"":""13.00"",""created_time"":""2026-04-27T20:15:19.132364Z"",""no_price_dollars"":""0.4900"",""taker_side"":""no"",""ticker"":""KXETH15M-26APR271630-30"",""trade_id"":""00fddc4e-31e8-4405-0103-dae90cc020ee"",""yes_price_dollars"":""0.5100""}"
KXETH15M-26APR271630-30,eee9883e-06ef-55be-ef66-ceafedffa63f,1777320920,0.56,45.83,yes,"{""count_fp"":""45.83"",""created_time"":""2026-04-27T20:15:20.124393Z"",""no_price_dollars"":""0.4400"",""taker_side"":""yes"",""ticker"":""KXETH15M-26APR271630-30"",""trade_id"":""eee9883e-06ef-55be-ef66-ceafedffa63f"",""yes_price_dollars"":""0.5600""}"
KXETH15M-26APR271630-30,1e79ceaf-c8e3-56ec-de83-87d94e532f42,1777320920,0.52,1.0,yes,"{""count_fp"":""1.00"",""created_time"":""2026-04-27T20:15:20.124393Z"",""no_price_dollars"":""0.4800"",""taker_side"":""yes"",""ticker"":""KXETH15M-26APR271630-30"",""trade_id"":""1e79ceaf-c8e3-56ec-de83-87d94e532f42"",""yes_price_dollars"":""0.5200""}"
KXETH15M-26APR271630-30,d5e71295-cc03-6086-f679-60626e54a1fb,1777320922,0.56,2.52,yes,"{""count_fp"":""2.52"",""created_time"":""2026-04-27T20:15:22.135983Z"",""no_price_dollars"":""0.4400"",""taker_side"":""yes"",""ticker"":""KXETH15M-26APR271630-30"",""trade_id"":""d5e71295-cc03-6086-f679-60626e54a1fb"",""yes_price_dollars"":""0.5600""}"
KXETH15M-26APR271630-30,bd9852cf-3dac-6bcf-d9a8-338019bee559,1777320922,0.52,1.0,yes,"{""count_fp"":""1.00"",""created_time"":""2026-04-27T20:15:22.135983Z"",""no_price_dollars"":""0.4800"",""taker_side"":""yes"",""ticker"":""KXETH15M-26APR271630-30"",""trade_id"":""bd9852cf-3dac-6bcf-d9a8-338019bee559"",""yes_price_dollars"":""0.5200""}"
KXETH15M-26APR271630-30,f3ea3c3f-42be-4edd-d800-0c6f34a0967c,1777320923,0.5,10.0,no,"{""count_fp"":""10.00"",""created_time"":""2026-04-27T20:15:23.900039Z"",""no_price_dollars"":""0.5000"",""taker_side"":""no"",""ticker"":""KXETH15M-26APR271630-30"",""trade_id"":""f3ea3c3f-42be-4edd-d800-0c6f34a0967c"",""yes_price_dollars"":""0.5000""}"
KXETH15M-26APR271630-30,dd57eb77-2e2b-4bd3-fb49-9945f4811a25,1777320923,0.5,9.32,no,"{""count_fp"":""9.32"",""created_time"":""2026-04-27T20:15:23.900039Z"",""no_price_dollars"":""0.5000"",""taker_side"":""no"",""ticker"":""KXETH15M-26APR271630-30"",""trade_id"":""dd57eb77-2e2b-4bd3-fb49-9945f4811a25"",""yes_price_dollars"":""0.5000""}"
KXETH15M-26APR271630-30,28cb1f4b-c477-53ff-9c18-04c0133a6afd,1777320924,0.5,1.0,no,"{""count_fp"":""1.00"",""created_time"":""2026-04-27T20:15:24.296897Z"",""no_price_dollars"":""0.5000"",""taker_side"":""no"",""ticker"":""KXETH15M-26APR271630-30"",""trade_id"":""28cb1f4b-c477-53ff-9c18-04c0133a6afd"",""yes_price_dollars"":""0.5000""}"
KXETH15M-26APR271630-30,9a3522ca-031f-4902-b2a6-f0610dd8f114,1777320925,0.53,1.0,no,"{""count_fp"":""1.00"",""created_time"":""2026-04-27T20:15:25.813607Z"",""no_price_dollars"":""0.4700"",""taker_side"":""no"",""ticker"":""KXETH15M-26APR271630-30"",""trade_id"":""9a3522ca-031f-4902-b2a6-f0610dd8f114"",""yes_price_dollars"":""0.5300""}"
KXETH15M-26APR271630-30,3c9d7adb-222a-5115-7e5f-8bba3426439c,1777320928,0.57,1.23,no,"{""count_fp"":""1.23"",""created_time"":""2026-04-27T20:15:28.503965Z"",""no_price_dollars"":""0.4300"",""taker_side"":""no"",""ticker"":""KXETH15M-26APR271630-30"",""trade_id"":""3c9d7adb-222a-5115-7e5f-8bba3426439c"",""yes_price_dollars"":""0.5700""}"
KXETH15M-26APR271630-30,2661e059-e10b-562b-5738-51df77c2b916,1777320928,0.58,1.0,no,"{""count_fp"":""1.00"",""created_time"":""2026-04-27T20:15:28.503965Z"",""no_price_dollars"":""0.4200"",""taker_side"":""no"",""ticker"":""KXETH15M-26APR271630-30"",""trade_id"":""2661e059-e10b-562b-5738-51df77c2b916"",""yes_price_dollars"":""0.5800""}"
KXETH15M-26APR271630-30,c467bea5-f8f7-79fe-2421-5a4bebb0b02b,1777320928,0.62,85.44,yes,"{""count_fp"":""85.44"",""created_time"":""2026-04-27T20:15:28.345625Z"",""no_price_dollars"":""0.3800"",""taker_side"":""yes"",""ticker"":""KXETH15M-26APR271630-30"",""trade_id"":""c467bea5-f8f7-79fe-2421-5a4bebb0b02b"",""yes_price_dollars"":""0.6200""}"
KXETH15M-26APR271630-30,b72c6543-bbbf-746d-17f5-95fb2f8188de,1777320928,0.61,1.0,yes,"{""count_fp"":""1.00"",""created_time"":""2026-04-27T20:15:28.345625Z"",""no_price_dollars"":""0.3900"",""taker_side"":""yes"",""ticker"":""KXETH15M-26APR271630-30"",""trade_id"":""b72c6543-bbbf-746d-17f5-95fb2f8188de"",""yes_price_dollars"":""0.6100""}"
KXETH15M-26APR271630-30,4e084e6b-f391-7713-0301-f4315a8fd174,1777320928,0.6,60.0,yes,"{""count_fp"":""60.00"",""created_time"":""2026-04-27T20:15:28.345625Z"",""no_price_dollars"":""0.4000"",""taker_side"":""yes"",""ticker"":""KXETH15M-26APR271630-30"",""trade_id"":""4e084e6b-f391-7713-0301-f4315a8fd174"",""yes_price_dollars"":""0.6000""}"
KXETH15M-26APR271630-30,0687542b-e3be-77f0-1dcc-b007493e0b68,1777320928,0.6,50.0,yes,"{""count_fp"":""50.00"",""created_time"":""2026-04-27T20:15:28.345625Z"",""no_price_dollars"":""0.4000"",""taker_side"":""yes"",""ticker"":""KXETH15M-26APR271630-30"",""trade_id"":""0687542b-e3be-77f0-1dcc-b007493e0b68"",""yes_price_dollars"":""0.6000""}"
KXETH15M-26APR271630-30,b6639dcd-1b0f-417a-9530-c302007f6a80,1777320929,0.56,11.0,no,"{""count_fp"":""11.00"",""created_time"":""2026-04-27T20:15:29.256527Z"",""no_price_dollars"":""0.4400"",""taker_side"":""no"",""ticker"":""KXETH15M-26APR271630-30"",""trade_id"":""b6639dcd-1b0f-417a-9530-c302007f6a80"",""yes_price_dollars"":""0.5600""}"
KXETH15M-26APR271630-30,e90fd4e3-4576-7725-79a4-2aaa166ce274,1777320931,0.53,2.0,no,"{""count_fp"":""2.00"",""created_time"":""2026-04-27T20:15:31.945928Z"",""no_price_dollars"":""0.4700"",""taker_side"":""no"",""ticker"":""KXETH15M-26APR271630-30"",""trade_id"":""e90fd4e3-4576-7725-79a4-2aaa166ce274"",""yes_price_dollars"":""0.5300""}"
KXETH15M-26APR271630-30,a32acb2d-042c-7ea7-70dc-6823d0c750e4,1777320931,0.53,1.0,no,"{""count_fp"":""1.00"",""created_time"":""2026-04-27T20:15:31.945928Z"",""no_price_dollars"":""0.4700"",""taker_side"":""no"",""ticker"":""KXETH15M-26APR271630-30"",""trade_id"":""a32acb2d-042c-7ea7-70dc-6823d0c750e4"",""yes_price_dollars"":""0.5300""}"
KXETH15M-26APR271630-30,f362a603-6bf6-4d29-186c-3bd7c9f2a698,1777320931,0.53,10.0,no,"{""count_fp"":""10.00"",""created_time"":""2026-04-27T20:15:31.725927Z"",""no_price_dollars"":""0.4700"",""taker_side"":""no"",""ticker"":""KXETH15M-26APR271630-30"",""trade_id"":""f362a603-6bf6-4d29-186c-3bd7c9f2a698"",""yes_price_dollars"":""0.5300""}"
KXETH15M-26APR271630-30,bb980f1c-7aff-4603-d0ec-b661acde6d89,1777320931,0.53,1.0,no,"{""count_fp"":""1.00"",""created_time"":""2026-04-27T20:15:31.714971Z"",""no_price_dollars"":""0.4700"",""taker_side"":""no"",""ticker"":""KXETH15M-26APR271630-30"",""trade_id"":""bb980f1c-7aff-4603-d0ec-b661acde6d89"",""yes_price_dollars"":""0.5300""}"
KXETH15M-26APR271630-30,62f0a331-78c2-4a85-d8f1-88c1fbd40b08,1777320931,0.53,49.0,no,"{""count_fp"":""49.00"",""created_time"":""2026-04-27T20:15:31.714971Z"",""no_price_dollars"":""0.4700"",""taker_side"":""no"",""ticker"":""KXETH15M-26APR271630-30"",""trade_id"":""62f0a331-78c2-4a85-d8f1-88c1fbd40b08"",""yes_price_dollars"":""0.5300""}"
KXETH15M-26APR271630-30,23647c7f-2487-597f-63a9-3bc192ab249f,1777320934,0.54,40.0,yes,"{""count_fp"":""40.00"",""created_time"":""2026-04-27T20:15:34.356169Z"",""no_price_dollars"":""0.4600"",""taker_side"":""yes"",""ticker"":""KXETH15M-26APR271630-30"",""trade_id"":""23647c7f-2487-597f-63a9-3bc192ab249f"",""yes_price_dollars"":""0.5400""}"
KXETH15M-26APR271630-30,0173ddc4-4b7a-715d-076f-61c7972da718,1777320936,0.56,26.24,no,"{""count_fp"":""26.24"",""created_time"":""2026-04-27T20:15:36.766462Z"",""no_price_dollars"":""0.4400"",""taker_side"":""no"",""ticker"":""KXETH15M-26APR271630-30"",""trade_id"":""0173ddc4-4b7a-715d-076f-61c7972da718"",""yes_price_dollars"":""0.5600""}"
KXETH15M-26APR271630-30,f8dc6324-97bd-4e1b-90c6-202e79a61104,1777320948,0.64,10.0,yes,"{""count_fp"":""10.00"",""created_time"":""2026-04-27T20:15:48.599155Z"",""no_price_dollars"":""0.3600"",""taker_side"":""yes"",""ticker"":""KXETH15M-26APR271630-30"",""trade_id"":""f8dc6324-97bd-4e1b-90c6-202e79a61104"",""yes_price_dollars"":""0.6400""}"
KXETH15M-26APR271630-30,242f2cda-53b3-4980-82f0-0fd1e212b120,1777320948,0.65,7.93,yes,"{""count_fp"":""7.93"",""created_time"":""2026-04-27T20:15:48.599155Z"",""no_price_dollars"":""0.3500"",""taker_side"":""yes"",""ticker"":""KXETH15M-26APR271630-30"",""trade_id"":""242f2cda-53b3-4980-82f0-0fd1e212b120"",""yes_price_dollars"":""0.6500""}"
KXETH15M-26APR271630-30,74e97b19-82a4-6d7e-7270-b357a80b8245,1777320949,0.64,1.0,no,"{""count_fp"":""1.00"",""created_time"":""2026-04-27T20:15:49.589489Z"",""no_price_dollars"":""0.3600"",""taker_side"":""no"",""ticker"":""KXETH15M-26APR271630-30"",""trade_id"":""74e97b19-82a4-6d7e-7270-b357a80b8245"",""yes_price_dollars"":""0.6400""}"
KXETH15M-26APR271630-30,9477a022-522b-7d46-3849-e270cfba5914,1777320954,0.64,1.0,yes,"{""count_fp"":""1.00"",""created_time"":""2026-04-27T20:15:54.078689Z"",""no_price_dollars"":""0.3600"",""taker_side"":""yes"",""ticker"":""KXETH15M-26APR271630-30"",""trade_id"":""9477a022-522b-7d46-3849-e270cfba5914"",""yes_price_dollars"":""0.6400""}"
KXETH15M-26APR271630-30,fe44a891-3606-7be5-e79f-2a3a9e66560c,1777320955,0.63,15.0,no,"{""count_fp"":""15.00"",""created_time"":""2026-04-27T20:15:55.882287Z"",""no_price_dollars"":""0.3700"",""taker_side"":""no"",""ticker"":""KXETH15M-26APR271630-30"",""trade_id"":""fe44a891-3606-7be5-e79f-2a3a9e66560c"",""yes_price_dollars"":""0.6300""}"
KXETH15M-26APR271630-30,1da0138e-2a2a-7653-c56a-99ef742f1d95,1777320955,0.63,1.0,no,"{""count_fp"":""1.00"",""created_time"":""2026-04-27T20:15:55.882287Z"",""no_price_dollars"":""0.3700"",""taker_side"":""no"",""ticker"":""KXETH15M-26APR271630-30"",""trade_id"":""1da0138e-2a2a-7653-c56a-99ef742f1d95"",""yes_price_dollars"":""0.6300""}"
KXETH15M-26APR271630-30,9b9dbbff-ab7f-5a52-6d94-e53027b47fd2,1777320955,0.63,0.25,no,"{""count_fp"":""0.25"",""created_time"":""2026-04-27T20:15:55.112616Z"",""no_price_dollars"":""0.3700"",""taker_side"":""no"",""ticker"":""KXETH15M-26APR271630-30"",""trade_id"":""9b9dbbff-ab7f-5a52-6d94-e53027b47fd2"",""yes_price_dollars"":""0.6300""}"
KXETH15M-26APR271630-30,c242525e-02b2-54e6-5d4e-994e953ddba0,1777320959,0.66,5.37,yes,"{""count_fp"":""5.37"",""created_time"":""2026-04-27T20:15:59.753866Z"",""no_price_dollars"":""0.3400"",""taker_side"":""yes"",""ticker"":""KXETH15M-26APR271630-30"",""trade_id"":""c242525e-02b2-54e6-5d4e-994e953ddba0"",""yes_price_dollars"":""0.6600""}"
KXETH15M-26APR271630-30,87d9c9f3-1d6b-5d96-533f-2cbd9d6f19d8,1777320959,0.64,4.0,yes,"{""count_fp"":""4.00"",""created_time"":""2026-04-27T20:15:59.753866Z"",""no_price_dollars"":""0.3600"",""taker_side"":""yes"",""ticker"":""KXETH15M-26APR271630-30"",""trade_id"":""87d9c9f3-1d6b-5d96-533f-2cbd9d6f19d8"",""yes_price_dollars"":""0.6400""}"
KXETH15M-26APR271630-30,bc035734-9e75-6003-e65f-122f7ed49aaf,1777320960,0.67,1.0,no,"{""count_fp"":""1.00"",""created_time"":""2026-04-27T20:16:00.644509Z"",""no_price_dollars"":""0.3300"",""taker_side"":""no"",""ticker"":""KXETH15M-26APR271630-30"",""trade_id"":""bc035734-9e75-6003-e65f-122f7ed49aaf"",""yes_price_dollars"":""0.6700""}"
KXETH15M-26APR271630-30,365e5db7-a175-6d42-3d4e-dfaae5589554,1777320961,0.67,1.0,no,"{""count_fp"":""1.00"",""created_time"":""2026-04-27T20:16:01.857288Z"",""no_price_dollars"":""0.3300"",""taker_side"":""no"",""ticker"":""KXETH15M-26APR271630-30"",""trade_id"":""365e5db7-a175-6d42-3d4e-dfaae5589554"",""yes_price_dollars"":""0.6700""}"
KXETH15M-26APR271630-30,10085420-e2de-6bb1-3d51-780f19d65f41,1777320961,0.67,9.0,no,"{""count_fp"":""9.00"",""created_time"":""2026-04-27T20:16:01.857288Z"",""no_price_dollars"":""0.3300"",""taker_side"":""no"",""ticker"":""KXETH15M-26APR271630-30"",""trade_id"":""10085420-e2de-6bb1-3d51-780f19d65f41"",""yes_price_dollars"":""0.6700""}"
KXETH15M-26APR271630-30,9380b4b7-2db7-783c-c63b-5311a7cad1cc,1777320965,0.68,4.0,yes,"{""count_fp"":""4.00"",""created_time"":""2026-04-27T20:16:05.095766Z"",""no_price_dollars"":""0.3200"",""taker_side"":""yes"",""ticker"":""KXETH15M-26APR271630-30"",""trade_id"":""9380b4b7-2db7-783c-c63b-5311a7cad1cc"",""yes_price_dollars"":""0.6800""}"
KXETH15M-26APR271630-30,916eed68-cca5-7e5f-d65f-a4b9ca4ffa05,1777320965,0.68,1.0,yes,"{""count_fp"":""1.00"",""created_time"":""2026-04-27T20:16:05.095766Z"",""no_price_dollars"":""0.3200"",""taker_side"":""yes"",""ticker"":""KXETH15M-26APR271630-30"",""trade_id"":""916eed68-cca5-7e5f-d65f-a4b9ca4ffa05"",""yes_price_dollars"":""0.6800""}"
KXETH15M-26APR271630-30,d0b31c07-1757-4b9c-d44c-a5f72e5d1b78,1777320966,0.66,1.87,yes,"{""count_fp"":""1.87"",""created_time"":""2026-04-27T20:16:06.347819Z"",""no_price_dollars"":""0.3400"",""taker_side"":""yes"",""ticker"":""KXETH15M-26APR271630-30"",""trade_id"":""d0b31c07-1757-4b9c-d44c-a5f72e5d1b78"",""yes_price_dollars"":""0.6600""}"
KXETH15M-26APR271630-30,804abdc5-b51e-4597-db1c-db919669212e,1777320966,0.66,1.0,yes,"{""count_fp"":""1.00"",""created_time"":""2026-04-27T20:16:06.347819Z"",""no_price_dollars"":""0.3400"",""taker_side"":""yes"",""ticker"":""KXETH15M-26APR271630-30"",""trade_id"":""804abdc5-b51e-4597-db1c-db919669212e"",""yes_price_dollars"":""0.6600""}"
KXETH15M-26APR271630-30,e63b3ad5-93ac-7549-0e96-aa4e258ae270,1777320966,0.64,1.0,no,"{""count_fp"":""1.00"",""created_time"":""2026-04-27T20:16:06.033401Z"",""no_price_dollars"":""0.3600"",""taker_side"":""no"",""ticker"":""KXETH15M-26APR271630-30"",""trade_id"":""e63b3ad5-93ac-7549-0e96-aa4e258ae270"",""yes_price_dollars"":""0.6400""}"
KXETH15M-26APR271630-30,1c85a88b-3b0c-5f78-3e8e-0773eb27c1f2,1777320966,0.65,20.0,no,"{""count_fp"":""20.00"",""created_time"":""2026-04-27T20:16:06.004386Z"",""no_price_dollars"":""0.3500"",""taker_side"":""no"",""ticker"":""KXETH15M-26APR271630-30"",""trade_id"":""1c85a88b-3b0c-5f78-3e8e-0773eb27c1f2"",""yes_price_dollars"":""0.6500""}"
KXETH15M-26APR271630-30,779122be-e814-69d9-3b2a-6c801a53cbdc,1777320967,0.65,1.0,yes,"{""count_fp"":""1.00"",""created_time"":""2026-04-27T20:16:07.534942Z"",""no_price_dollars"":""0.3500"",""taker_side"":""yes"",""ticker"":""KXETH15M-26APR271630-30"",""trade_id"":""779122be-e814-69d9-3b2a-6c801a53cbdc"",""yes_price_dollars"":""0.6500""}"
KXETH15M-26APR271630-30,69ad013f-784b-657c-0ce0-337ab5b0bddc,1777320967,0.65,6.19,yes,"{""count_fp"":""6.19"",""created_time"":""2026-04-27T20:16:07.534942Z"",""no_price_dollars"":""0.3500"",""taker_side"":""yes"",""ticker"":""KXETH15M-26APR271630-30"",""trade_id"":""69ad013f-784b-657c-0ce0-337ab5b0bddc"",""yes_price_dollars"":""0.6500""}"
KXETH15M-26APR271630-30,9a91de90-2d9e-7a19-4fde-46250e5eeaad,1777320971,0.63,24.9,no,"{""count_fp"":""24.90"",""created_time"":""2026-04-27T20:16:11.547892Z"",""no_price_dollars"":""0.3700"",""taker_side"":""no"",""ticker"":""KXETH15M-26APR271630-30"",""trade_id"":""9a91de90-2d9e-7a19-4fde-46250e5eeaad"",""yes_price_dollars"":""0.6300""}"
KXETH15M-26APR271630-30,5b78e83e-706c-77f1-6598-749900a61334,1777320971,0.64,1.0,no,"{""count_fp"":""1.00"",""created_time"":""2026-04-27T20:16:11.547892Z"",""no_price_dollars"":""0.3600"",""taker_side"":""no"",""ticker"":""KXETH15M-26APR271630-30"",""trade_id"":""5b78e83e-706c-77f1-6598-749900a61334"",""yes_price_dollars"":""0.6400""}"
KXETH15M-26APR271630-30,f0f38370-6580-724e-d793-0c483c200a6c,1777320973,0.65,1.0,yes,"{""count_fp"":""1.00"",""created_time"":""2026-04-27T20:16:13.658756Z"",""no_price_dollars"":""0.3500"",""taker_side"":""yes"",""ticker"":""KXETH15M-26APR271630-30"",""trade_id"":""f0f38370-6580-724e-d793-0c483c200a6c"",""yes_price_dollars"":""0.6500""}"
KXETH15M-26APR271630-30,56507eb0-1340-5b62-4f29-29668b54fee0,1777320974,0.65,3.0,yes,"{""count_fp"":""3.00"",""created_time"":""2026-04-27T20:16:14.604793Z"",""no_price_dollars"":""0.3500"",""taker_side"":""yes"",""ticker"":""KXETH15M-26APR271630-30"",""trade_id"":""56507eb0-1340-5b62-4f29-29668b54fee0"",""yes_price_dollars"":""0.6500""}"
KXETH15M-26APR271630-30,8677b12e-e883-6295-f9ca-43faf6c091bc,1777320975,0.64,0.35,no,"{""count_fp"":""0.35"",""created_time"":""2026-04-27T20:16:15.213072Z"",""no_price_dollars"":""0.3600"",""taker_side"":""no"",""ticker"":""KXETH15M-26APR271630-30"",""trade_id"":""8677b12e-e883-6295-f9ca-43faf6c091bc"",""yes_price_dollars"":""0.6400""}"
KXETH15M-26APR271630-30,bf1fe983-86ab-52dd-221b-3b25ccf225f4,1777320978,0.64,34.0,no,"{""count_fp"":""34.00"",""created_time"":""2026-04-27T20:16:18.972822Z"",""no_price_dollars"":""0.3600"",""taker_side"":""no"",""ticker"":""KXETH15M-26APR271630-30"",""trade_id"":""bf1fe983-86ab-52dd-221b-3b25ccf225f4"",""yes_price_dollars"":""0.6400""}"
KXETH15M-26APR271630-30,fb6dce7c-ae2b-5649-1cc0-ffd086e6fab0,1777320978,0.64,0.26,no,"{""count_fp"":""0.26"",""created_time"":""2026-04-27T20:16:18.690602Z"",""no_price_dollars"":""0.3600"",""taker_side"":""no"",""ticker"":""KXETH15M-26APR271630-30"",""trade_id"":""fb6dce7c-ae2b-5649-1cc0-ffd086e6fab0"",""yes_price_dollars"":""0.6400""}"
KXETH15M-26APR271630-30,ed47ea64-46d3-4dc4-0082-6766076dc054,1777320980,0.65,3.25,yes,"{""count_fp"":""3.25"",""created_time"":""2026-04-27T20:16:20.709534Z"",""no_price_dollars"":""0.3500"",""taker_side"":""yes"",""ticker"":""KXETH15M-26APR271630-30"",""trade_id"":""ed47ea64-46d3-4dc4-0082-6766076dc054"",""yes_price_dollars"":""0.6500""}"
KXETH15M-26APR271630-30,88729762-69a5-4f24-1418-92c8029c2739,1777320980,0.65,1.0,yes,"{""count_fp"":""1.00"",""created_time"":""2026-04-27T20:16:20.709534Z"",""no_price_dollars"":""0.3500"",""taker_side"":""yes"",""ticker"":""KXETH15M-26APR271630-30"",""trade_id"":""88729762-69a5-4f24-1418-92c8029c2739"",""yes_price_dollars"":""0.6500""}"
KXETH15M-26APR271630-30,6feb6997-0ff5-4104-20d6-e6636074c6c7,1777320980,0.65,10.0,yes,"{""count_fp"":""10.00"",""created_time"":""2026-04-27T20:16:20.709534Z"",""no_price_dollars"":""0.3500"",""taker_side"":""yes"",""ticker"":""KXETH15M-26APR271630-30"",""trade_id"":""6feb6997-0ff5-4104-20d6-e6636074c6c7"",""yes_price_dollars"":""0.6500""}"
KXETH15M-26APR271630-30,46494d40-d790-4e22-354b-ceffce5c72cc,1777320980,0.65,3.77,yes,"{""count_fp"":""3.77"",""created_time"":""2026-04-27T20:16:20.709534Z"",""no_price_dollars"":""0.3500"",""taker_side"":""yes"",""ticker"":""KXETH15M-26APR271630-30"",""trade_id"":""46494d40-d790-4e22-354b-ceffce5c72cc"",""yes_price_dollars"":""0.6500""}"
KXETH15M-26APR271630-30,8e9e8199-d65f-4f4c-3a93-18f393e3b490,1777320981,0.65,1.0,yes,"{""count_fp"":""1.00"",""created_time"":""2026-04-27T20:16:21.814662Z"",""no_price_dollars"":""0.3500"",""taker_side"":""yes"",""ticker"":""KXETH15M-26APR271630-30"",""trade_id"":""8e9e8199-d65f-4f4c-3a93-18f393e3b490"",""yes_price_dollars"":""0.6500""}"
KXETH15M-26APR271630-30,cbf00b90-e7d9-45a1-c4a3-7b9bf68fd3bc,1777320986,0.62,1.0,yes,"{""count_fp"":""1.00"",""created_time"":""2026-04-27T20:16:26.948787Z"",""no_price_dollars"":""0.3800"",""taker_side"":""yes"",""ticker"":""KXETH15M-26APR271630-30"",""trade_id"":""cbf00b90-e7d9-45a1-c4a3-7b9bf68fd3bc"",""yes_price_dollars"":""0.6200""}"
KXETH15M-26APR271630-30,c9739a9d-71f7-49ee-d626-75ce21fc3f97,1777320986,0.65,113.4,yes,"{""count_fp"":""113.40"",""created_time"":""2026-04-27T20:16:26.948787Z"",""no_price_dollars"":""0.3500"",""taker_side"":""yes"",""ticker"":""KXETH15M-26APR271630-30"",""trade_id"":""c9739a9d-71f7-49ee-d626-75ce21fc3f97"",""yes_price_dollars"":""0.6500""}"
KXETH15M-26APR271630-30,1cdf429c-bf0f-42f8-f1ce-12d8fefb8e90,1777320986,0.62,35.76,yes,"{""count_fp"":""35.76"",""created_time"":""2026-04-27T20:16:26.948787Z"",""no_price_dollars"":""0.3800"",""taker_side"":""yes"",""ticker"":""KXETH15M-26APR271630-30"",""trade_id"":""1cdf429c-bf0f-42f8-f1ce-12d8fefb8e90"",""yes_price_dollars"":""0.6200""}"
KXETH15M-26APR271630-30,b477e129-57be-496b-2f05-5767ffd1719f,1777320987,0.63,14.0,yes,"{""count_fp"":""14.00"",""created_time"":""2026-04-27T20:16:27.837148Z"",""no_price_dollars"":""0.3700"",""taker_side"":""yes"",""ticker"":""KXETH15M-26APR271630-30"",""trade_id"":""b477e129-57be-496b-2f05-5767ffd1719f"",""yes_price_dollars"":""0.6300""}"
KXETH15M-26APR271630-30,80b37b70-3cff-4ebb-075e-795570aa28b4,1777320987,0.62,1.0,yes,"{""count_fp"":""1.00"",""created_time"":""2026-04-27T20:16:27.837148Z"",""no_price_dollars"":""0.3800"",""taker_side"":""yes"",""ticker"":""KXETH15M-26APR271630-30"",""trade_id"":""80b37b70-3cff-4ebb-075e-795570aa28b4"",""yes_price_dollars"":""0.6200""}"
KXETH15M-26APR271630-30,9fbef876-a492-47d1-e008-23018ba6f841,1777320990,0.58,9.0,no,"{""count_fp"":""9.00"",""created_time"":""2026-04-27T20:16:30.052254Z"",""no_price_dollars"":""0.4200"",""taker_side"":""no"",""ticker"":""KXETH15M-26APR271630-30"",""trade_id"":""9fbef876-a492-47d1-e008-23018ba6f841"",""yes_price_dollars"":""0.5800""}"
KXETH15M-26APR271630-30,9ec3ffe5-1420-46c2-c164-627703d42387,1777320990,0.58,1.0,no,"{""count_fp"":""1.00"",""created_time"":""2026-04-27T20:16:30.052254Z"",""no_price_dollars"":""0.4200"",""taker_side"":""no"",""ticker"":""KXETH15M-26APR271630-30"",""trade_id"":""9ec3ffe5-1420-46c2-c164-627703d42387"",""yes_price_dollars"":""0.5800""}"
KXETH15M-26APR271630-30,61d46349-9682-6040-4f2c-45f17f912695,1777320993,0.62,1.0,no,"{""count_fp"":""1.00"",""created_time"":""2026-04-27T20:16:33.192009Z"",""no_price_dollars"":""0.3800"",""taker_side"":""no"",""ticker"":""KXETH15M-26APR271630-30"",""trade_id"":""61d46349-9682-6040-4f2c-45f17f912695"",""yes_price_dollars"":""0.6200""}"
KXETH15M-26APR271630-30,284d9911-61ba-6829-4512-2b5cc8b9cfe1,1777320993,0.62,1.28,no,"{""count_fp"":""1.28"",""created_time"":""2026-04-27T20:16:33.192009Z"",""no_price_dollars"":""0.3800"",""taker_side"":""no"",""ticker"":""KXETH15M-26APR271630-30"",""trade_id"":""284d9911-61ba-6829-4512-2b5cc8b9cfe1"",""yes_price_dollars"":""0.6200""}"
KXETH15M-26APR271630-30,a34f8a5b-7600-429a-2dd4-e16f4d173ebc,1777320999,0.62,1.0,yes,"{""count_fp"":""1.00"",""created_time"":""2026-04-27T20:16:39.393058Z"",""no_price_dollars"":""0.3800"",""taker_side"":""yes"",""ticker"":""KXETH15M-26APR271630-30"",""trade_id"":""a34f8a5b-7600-429a-2dd4-e16f4d173ebc"",""yes_price_dollars"":""0.6200""}"
KXETH15M-26APR271630-30,f7446ad1-78bb-48ac-64e1-aab23605762e,1777321000,0.61,1.0,no,"{""count_fp"":""1.00"",""created_time"":""2026-04-27T20:16:40.682937Z"",""no_price_dollars"":""0.3900"",""taker_side"":""no"",""ticker"":""KXETH15M-26APR271630-30"",""trade_id"":""f7446ad1-78bb-48ac-64e1-aab23605762e"",""yes_price_dollars"":""0.6100""}"
KXETH15M-26APR271630-30,87e77cb0-7996-4c51-77e4-8e5b14be61a5,1777321000,0.57,66.84,no,"{""count_fp"":""66.84"",""created_time"":""2026-04-27T20:16:40.682937Z"",""no_price_dollars"":""0.4300"",""taker_side"":""no"",""ticker"":""KXETH15M-26APR271630-30"",""trade_id"":""87e77cb0-7996-4c51-77e4-8e5b14be61a5"",""yes_price_dollars"":""0.5700""}"
KXETH15M-26APR271630-30,770ebe98-fe69-49d4-67ba-39e76c831359,1777321000,0.57,10.0,no,"{""count_fp"":""10.00"",""created_time"":""2026-04-27T20:16:40.682937Z"",""no_price_dollars"":""0.4300"",""taker_side"":""no"",""ticker"":""KXETH15M-26APR271630-30"",""trade_id"":""770ebe98-fe69-49d4-67ba-39e76c831359"",""yes_price_dollars"":""0.5700""}"
KXETH15M-26APR271630-30,29dda7e9-b904-53b0-69b2-6251f3c07717,1777321005,0.6,1.62,yes,"{""count_fp"":""1.62"",""created_time"":""2026-04-27T20:16:45.877792Z"",""no_price_dollars"":""0.4000"",""taker_side"":""yes"",""ticker"":""KXETH15M-26APR271630-30"",""trade_id"":""29dda7e9-b904-53b0-69b2-6251f3c07717"",""yes_price_dollars"":""0.6000""}"
KXETH15M-26APR271630-30,8062b623-4e6e-60c7-a382-72bd7029e9bf,1777321006,0.6,1.0,yes,"{""count_fp"":""1.00"",""created_time"":""2026-04-27T20:16:46.809708Z"",""no_price_dollars"":""0.4000"",""taker_side"":""yes"",""ticker"":""KXETH15M-26APR271630-30"",""trade_id"":""8062b623-4e6e-60c7-a382-72bd7029e9bf"",""yes_price_dollars"":""0.6000""}"
KXETH15M-26APR271630-30,50632745-319e-75e7-5d14-b91725b15357,1777321011,0.6,1.0,yes,"{""count_fp"":""1.00"",""created_time"":""2026-04-27T20:16:51.760643Z"",""no_price_dollars"":""0.4000"",""taker_side"":""yes"",""ticker"":""KXETH15M-26APR271630-30"",""trade_id"":""50632745-319e-75e7-5d14-b91725b15357"",""yes_price_dollars"":""0.6000""}"
KXETH15M-26APR271630-30,d396a385-8a2e-7e87-1d6f-646de0447143,1777321015,0.6,0.16,yes,"{""count_fp"":""0.16"",""created_time"":""2026-04-27T20:16:55.199118Z"",""no_price_dollars"":""0.4000"",""taker_side"":""yes"",""ticker"":""KXETH15M-26APR271630-30"",""trade_id"":""d396a385-8a2e-7e87-1d6f-646de0447143"",""yes_price_dollars"":""0.6000""}"
KXETH15M-26APR271630-30,07e50f1b-4d07-4ee5-0ded-d5f9f5935619,1777321018,0.58,12.0,yes,"{""count_fp"":""12.00"",""created_time"":""2026-04-27T20:16:58.781894Z"",""no_price_dollars"":""0.4200"",""taker_side"":""yes"",""ticker"":""KXETH15M-26APR271630-30"",""trade_id"":""07e50f1b-4d07-4ee5-0ded-d5f9f5935619"",""yes_price_dollars"":""0.5800""}"
KXETH15M-26APR271630-30,576b79f6-3c2d-7341-7c1a-c4ddf327432a,1777321019,0.62,10.0,yes,"{""count_fp"":""10.00"",""created_time"":""2026-04-27T20:16:59.122213Z"",""no_price_dollars"":""0.3800"",""taker_side"":""yes"",""ticker"":""KXETH15M-26APR271630-30"",""trade_id"":""576b79f6-3c2d-7341-7c1a-c4ddf327432a"",""yes_price_dollars"":""0.6200""}"
KXETH15M-26APR271630-30,23953b38-99be-537a-00e4-b9b92410e43d,1777321021,0.64,1.0,yes,"{""count_fp"":""1.00"",""created_time"":""2026-04-27T20:17:01.496628Z"",""no_price_dollars"":""0.3600"",""taker_side"":""yes"",""ticker"":""KXETH15M-26APR271630-30"",""trade_id"":""23953b38-99be-537a-00e4-b9b92410e43d"",""yes_price_dollars"":""0.6400""}"
KXETH15M-26APR271630-30,3e34bba2-fa01-5465-5027-64c38f7b0842,1777321024,0.63,7.76,no,"{""count_fp"":""7.76"",""created_time"":""2026-04-27T20:17:04.139932Z"",""no_price_dollars"":""0.3700"",""taker_side"":""no"",""ticker"":""KXETH15M-26APR271630-30"",""trade_id"":""3e34bba2-fa01-5465-5027-64c38f7b0842"",""yes_price_dollars"":""0.6300""}"
KXETH15M-26APR271630-30,3cf60747-ce85-4e8d-8fe9-991c9347421a,1777321028,0.63,40.0,no,"{""count_fp"":""40.00"",""created_time"":""2026-04-27T20:17:08.186413Z"",""no_price_dollars"":""0.3700"",""taker_side"":""no"",""ticker"":""KXETH15M-26APR271630-30"",""trade_id"":""3cf60747-ce85-4e8d-8fe9-991c9347421a"",""yes_price_dollars"":""0.6300""}"
KXETH15M-26APR271630-30,dca4b344-5be9-5481-de25-35523e08d6a2,1777321029,0.63,52.24,no,"{""count_fp"":""52.24"",""created_time"":""2026-04-27T20:17:09.151017Z"",""no_price_dollars"":""0.3700"",""taker_side"":""no"",""ticker"":""KXETH15M-26APR271630-30"",""trade_id"":""dca4b344-5be9-5481-de25-35523e08d6a2"",""yes_price_dollars"":""0.6300""}"
KXETH15M-26APR271630-30,7a57a22c-d9eb-5baa-ebf5-e98b72fbd9f4,1777321029,0.61,70.6,no,"{""count_fp"":""70.60"",""created_time"":""2026-04-27T20:17:09.151017Z"",""no_price_dollars"":""0.3900"",""taker_side"":""no"",""ticker"":""KXETH15M-26APR271630-30"",""trade_id"":""7a57a22c-d9eb-5baa-ebf5-e98b72fbd9f4"",""yes_price_dollars"":""0.6100""}"
KXETH15M-26APR271630-30,76d737a8-622f-581c-ef97-e78d1dc8b8c2,1777321029,0.63,11.16,no,"{""count_fp"":""11.16"",""created_time"":""2026-04-27T20:17:09.151017Z"",""no_price_dollars"":""0.3700"",""taker_side"":""no"",""ticker"":""KXETH15M-26APR271630-30"",""trade_id"":""76d737a8-622f-581c-ef97-e78d1dc8b8c2"",""yes_price_dollars"":""0.6300""}"
KXETH15M-26APR271630-30,3939fcea-3ff8-5485-dc4b-ead4ceabb200,1777321029,0.63,1.0,no,"{""count_fp"":""1.00"",""created_time"":""2026-04-27T20:17:09.151017Z"",""no_price_dollars"":""0.3700"",""taker_side"":""no"",""ticker"":""KXETH15M-26APR271630-30"",""trade_id"":""3939fcea-3ff8-5485-dc4b-ead4ceabb200"",""yes_price_dollars"":""0.6300""}"
KXETH15M-26APR271630-30,a00212c9-9fd3-5a46-2108-589d859c986c,1777321031,0.61,4.91,no,"{""count_fp"":""4.91"",""created_time"":""2026-04-27T20:17:11.451439Z"",""no_price_dollars"":""0.3900"",""taker_side"":""no"",""ticker"":""KXETH15M-26APR271630-30"",""trade_id"":""a00212c9-9fd3-5a46-2108-589d859c986c"",""yes_price_dollars"":""0.6100""}"
KXETH15M-26APR271630-30,2fa1f9ec-1fe7-7aba-04a9-e68516443d44,1777321036,0.62,11.71,no,"{""count_fp"":""11.71"",""created_time"":""2026-04-27T20:17:16.666184Z"",""no_price_dollars"":""0.3800"",""taker_side"":""no"",""ticker"":""KXETH15M-26APR271630-30"",""trade_id"":""2fa1f9ec-1fe7-7aba-04a9-e68516443d44"",""yes_price_dollars"":""0.6200""}"
KXETH15M-26APR271630-30,77a75637-15e1-637e-c2c5-3814a95eaf8d,1777321041,0.64,3.0,yes,"{""count_fp"":""3.00"",""created_time"":""2026-04-27T20:17:21.100685Z"",""no_price_dollars"":""0.3600"",""taker_side"":""yes"",""ticker"":""KXETH15M-26APR271630-30"",""trade_id"":""77a75637-15e1-637e-c2c5-3814a95eaf8d"",""yes_price_dollars"":""0.6400""}"
KXETH15M-26APR271630-30,c611b81b-3f8d-6dfa-317b-340928d13555,1777321046,0.64,1.0,yes,"{""count_fp"":""1.00"",""created_time"":""2026-04-27T20:17:26.907253Z"",""no_price_dollars"":""0.3600"",""taker_side"":""yes"",""ticker"":""KXETH15M-26APR271630-30"",""trade_id"":""c611b81b-3f8d-6dfa-317b-340928d13555"",""yes_price_dollars"":""0.6400""}"
KXETH15M-26APR271630-30,0c281341-119d-5a4f-c47c-fb86070bee0d,1777321049,0.63,0.3,yes,"{""count_fp"":""0.30"",""created_time"":""2026-04-27T20:17:29.595673Z"",""no_price_dollars"":""0.3700"",""taker_side"":""yes"",""ticker"":""KXETH15M-26APR271630-30"",""trade_id"":""0c281341-119d-5a4f-c47c-fb86070bee0d"",""yes_price_dollars"":""0.6300""}"
KXETH15M-26APR271630-30,b4f0088a-88a3-6d69-707c-725b80276f5f,1777321050,0.62,2.0,no,"{""count_fp"":""2.00"",""created_time"":""2026-04-27T20:17:30.664135Z"",""no_price_dollars"":""0.3800"",""taker_side"":""no"",""ticker"":""KXETH15M-26APR271630-30"",""trade_id"":""b4f0088a-88a3-6d69-707c-725b80276f5f"",""yes_price_dollars"":""0.6200""}"
KXETH15M-26APR271630-30,181e15d7-4968-6868-50e4-de290999cf33,1777321050,0.62,0.52,no,"{""count_fp"":""0.52"",""created_time"":""2026-04-27T20:17:30.664135Z"",""no_price_dollars"":""0.3800"",""taker_side"":""no"",""ticker"":""KXETH15M-26APR271630-30"",""trade_id"":""181e15d7-4968-6868-50e4-de290999cf33"",""yes_price_dollars"":""0.6200""}"
KXETH15M-26APR271630-30,ba634744-c7c2-6290-f8d4-86d8c728f57b,1777321059,0.62,1.0,no,"{""count_fp"":""1.00"",""created_time"":""2026-04-27T20:17:39.562195Z"",""no_price_dollars"":""0.3800"",""taker_side"":""no"",""ticker"":""KXETH15M-26APR271630-30"",""trade_id"":""ba634744-c7c2-6290-f8d4-86d8c728f57b"",""yes_price_dollars"":""0.6200""}"
KXETH15M-26APR271630-30,00557acf-fbe0-6ec0-eb14-25e487e13bcb,1777321059,0.62,11.61,no,"{""count_fp"":""11.61"",""created_time"":""2026-04-27T20:17:39.562195Z"",""no_price_dollars"":""0.3800"",""taker_side"":""no"",""ticker"":""KXETH15M-26APR271630-30"",""trade_id"":""00557acf-fbe0-6ec0-eb14-25e487e13bcb"",""yes_price_dollars"":""0.6200""}"
KXETH15M-26APR271630-30,fbf8577e-476b-6602-2fdf-e45a3535b19f,1777321062,0.66,92.99,yes,"{""count_fp"":""92.99"",""created_time"":""2026-04-27T20:17:42.262142Z"",""no_price_dollars"":""0.3400"",""taker_side"":""yes"",""ticker"":""KXETH15M-26APR271630-30"",""trade_id"":""fbf8577e-476b-6602-2fdf-e45a3535b19f"",""yes_price_dollars"":""0.6600""}"
KXETH15M-26APR271630-30,29b27d28-648d-6dc6-2174-1edd56680645,1777321062,0.64,16.0,yes,"{""count_fp"":""16.00"",""created_time"":""2026-04-27T20:17:42.262142Z"",""no_price_dollars"":""0.3600"",""taker_side"":""yes"",""ticker"":""KXETH15M-26APR271630-30"",""trade_id"":""29b27d28-648d-6dc6-2174-1edd56680645"",""yes_price_dollars"":""0.6400""}"
KXETH15M-26APR271630-30,095930fe-9910-6901-17b5-4543675ece6e,1777321062,0.65,10.0,yes,"{""count_fp"":""10.00"",""created_time"":""2026-04-27T20:17:42.262142Z"",""no_price_dollars"":""0.3500"",""taker_side"":""yes"",""ticker"":""KXETH15M-26APR271630-30"",""trade_id"":""095930fe-9910-6901-17b5-4543675ece6e"",""yes_price_dollars"":""0.6500""}"
KXETH15M-26APR271630-30,91f04e5d-1a8c-6fa4-bbb9-6e9c1fe9f56d,1777321066,0.63,0.26,no,"{""count_fp"":""0.26"",""created_time"":""2026-04-27T20:17:46.809926Z"",""no_price_dollars"":""0.3700"",""taker_side"":""no"",""ticker"":""KXETH15M-26APR271630-30"",""trade_id"":""91f04e5d-1a8c-6fa4-bbb9-6e9c1fe9f56d"",""yes_price_dollars"":""0.6300""}"
KXETH15M-26APR271630-30,c89d1ee0-cb21-48eb-4a26-12b0a301e817,1777321066,0.64,1.0,no,"{""count_fp"":""1.00"",""created_time"":""2026-04-27T20:17:46.157344Z"",""no_price_dollars"":""0.3600"",""taker_side"":""no"",""ticker"":""KXETH15M-26APR271630-30"",""trade_id"":""c89d1ee0-cb21-48eb-4a26-12b0a301e817"",""yes_price_dollars"":""0.6400""}"
KXETH15M-26APR271630-30,4b4b6a91-a45c-4244-51bb-64faa3fcd6b7,1777321066,0.64,100.0,no,"{""count_fp"":""100.00"",""created_time"":""2026-04-27T20:17:46.157344Z"",""no_price_dollars"":""0.3600"",""taker_side"":""no"",""ticker"":""KXETH15M-26APR271630-30"",""trade_id"":""4b4b6a91-a45c-4244-51bb-64faa3fcd6b7"",""yes_price_dollars"":""0.6400""}"
KXETH15M-26APR271630-30,3c2b919b-d69b-4c46-43b1-98afab95e6c4,1777321066,0.61,179.53,no,"{""count_fp"":""179.53"",""created_time"":""2026-04-27T20:17:46.157344Z"",""no_price_dollars"":""0.3900"",""taker_side"":""no"",""ticker"":""KXETH15M-26APR271630-30"",""trade_id"":""3c2b919b-d69b-4c46-43b1-98afab95e6c4"",""yes_price_dollars"":""0.6100""}"
KXETH15M-26APR271630-30,4ebe6bb2-8d5f-6cdd-069c-78345d96c787,1777321075,0.64,100.0,no,"{""count_fp"":""100.00"",""created_time"":""2026-04-27T20:17:55.195345Z"",""no_price_dollars"":""0.3600"",""taker_side"":""no"",""ticker"":""KXETH15M-26APR271630-30"",""trade_id"":""4ebe6bb2-8d5f-6cdd-069c-78345d96c787"",""yes_price_dollars"":""0.6400""}"
KXETH15M-26APR271630-30,338b0579-c697-6932-3834-62352dec4664,1777321075,0.61,146.61,no,"{""count_fp"":""146.61"",""created_time"":""2026-04-27T20:17:55.195345Z"",""no_price_dollars"":""0.3900"",""taker_side"":""no"",""ticker"":""KXETH15M-26APR271630-30"",""trade_id"":""338b0579-c697-6932-3834-62352dec4664"",""yes_price_dollars"":""0.6100""}"
KXETH15M-26APR271630-30,2d6c4abf-8e0b-6b6b-3b91-b74bca339bbd,1777321075,0.63,1.0,no,"{""count_fp"":""1.00"",""created_time"":""2026-04-27T20:17:55.195345Z"",""no_price_dollars"":""0.3700"",""taker_side"":""no"",""ticker"":""KXETH15M-26APR271630-30"",""trade_id"":""2d6c4abf-8e0b-6b6b-3b91-b74bca339bbd"",""yes_price_dollars"":""0.6300""}"
KXETH15M-26APR271630-30,1b916ab2-6ec6-6bed-3679-e12accf11d3c,1777321075,0.64,1.0,no,"{""count_fp"":""1.00"",""created_time"":""2026-04-27T20:17:55.195345Z"",""no_price_dollars"":""0.3600"",""taker_side"":""no"",""ticker"":""KXETH15M-26APR271630-30"",""trade_id"":""1b916ab2-6ec6-6bed-3679-e12accf11d3c"",""yes_price_dollars"":""0.6400""}"
KXETH15M-26APR271630-30,a7c238ef-8cd8-7c61-42a9-e560a5d9f6ac,1777321076,0.64,1.0,no,"{""count_fp"":""1.00"",""created_time"":""2026-04-27T20:17:56.310968Z"",""no_price_dollars"":""0.3600"",""taker_side"":""no"",""ticker"":""KXETH15M-26APR271630-30"",""trade_id"":""a7c238ef-8cd8-7c61-42a9-e560a5d9f6ac"",""yes_price_dollars"":""0.6400""}"
KXETH15M-26APR271630-30,0a9cb880-dd0a-5548-3374-8965316381e8,1777321080,0.65,10.0,yes,"{""count_fp"":""10.00"",""created_time"":""2026-04-27T20:18:00.422348Z"",""no_price_dollars"":""0.3500"",""taker_side"":""yes"",""ticker"":""KXETH15M-26APR271630-30"",""trade_id"":""0a9cb880-dd0a-5548-3374-8965316381e8"",""yes_price_dollars"":""0.6500""}"
KXETH15M-26APR271630-30,79bb74f5-6de2-4ad4-b98c-4008300f83f0,1777321080,0.65,10.0,yes,"{""count_fp"":""10.00"",""created_time"":""2026-04-27T20:18:00.353367Z"",""no_price_dollars"":""0.3500"",""taker_side"":""yes"",""ticker"":""KXETH15M-26APR271630-30"",""trade_id"":""79bb74f5-6de2-4ad4-b98c-4008300f83f0"",""yes_price_dollars"":""0.6500""}"
KXETH15M-26APR271630-30,4d846996-4c6a-667c-7025-b66158dc55ac,1777321080,0.65,12.01,yes,"{""count_fp"":""12.01"",""created_time"":""2026-04-27T20:18:00.004846Z"",""no_price_dollars"":""0.3500"",""taker_side"":""yes"",""ticker"":""KXETH15M-26APR271630-30"",""trade_id"":""4d846996-4c6a-667c-7025-b66158dc55ac"",""yes_price_dollars"":""0.6500""}"
KXETH15M-26APR271630-30,98247051-1163-7acb-9a86-5656c6ca28ed,1777321082,0.63,37.82,no,"{""count_fp"":""37.82"",""created_time"":""2026-04-27T20:18:02.537574Z"",""no_price_dollars"":""0.3700"",""taker_side"":""no"",""ticker"":""KXETH15M-26APR271630-30"",""trade_id"":""98247051-1163-7acb-9a86-5656c6ca28ed"",""yes_price_dollars"":""0.6300""}"
KXETH15M-26APR271630-30,67e6ec68-2e88-7740-97a7-b077d08729bf,1777321082,0.63,1.0,no,"{""count_fp"":""1.00"",""created_time"":""2026-04-27T20:18:02.537574Z"",""no_price_dollars"":""0.3700"",""taker_side"":""no"",""ticker"":""KXETH15M-26APR271630-30"",""trade_id"":""67e6ec68-2e88-7740-97a7-b077d08729bf"",""yes_price_dollars"":""0.6300""}"
KXETH15M-26APR271630-30,08b49eac-8f3e-5314-160a-177e1d1e3228,1777321082,0.65,1.0,yes,"{""count_fp"":""1.00"",""created_time"":""2026-04-27T20:18:02.467667Z"",""no_price_dollars"":""0.3500"",""taker_side"":""yes"",""ticker"":""KXETH15M-26APR271630-30"",""trade_id"":""08b49eac-8f3e-5314-160a-177e1d1e3228"",""yes_price_dollars"":""0.6500""}"
KXETH15M-26APR271630-30,fe7591ec-ed8f-42bb-e295-1c9e7c48dc85,1777321084,0.63,25.88,no,"{""count_fp"":""25.88"",""created_time"":""2026-04-27T20:18:04.349087Z"",""no_price_dollars"":""0.3700"",""taker_side"":""no"",""ticker"":""KXETH15M-26APR271630-30"",""trade_id"":""fe7591ec-ed8f-42bb-e295-1c9e7c48dc85"",""yes_price_dollars"":""0.6300""}"
KXETH15M-26APR271630-30,c1cdf0e6-f8d7-70eb-0b3b-e0f98097d55d,1777321090,0.63,36.3,no,"{""count_fp"":""36.30"",""created_time"":""2026-04-27T20:18:10.858551Z"",""no_price_dollars"":""0.3700"",""taker_side"":""no"",""ticker"":""KXETH15M-26APR271630-30"",""trade_id"":""c1cdf0e6-f8d7-70eb-0b3b-e0f98097d55d"",""yes_price_dollars"":""0.6300""}"
KXETH15M-26APR271630-30,5ed82ecb-cb64-7507-281d-bfedbe95901f,1777321090,0.63,11.16,no,"{""count_fp"":""11.16"",""created_time"":""2026-04-27T20:18:10.858551Z"",""no_price_dollars"":""0.3700"",""taker_side"":""no"",""ticker"":""KXETH15M-26APR271630-30"",""trade_id"":""5ed82ecb-cb64-7507-281d-bfedbe95901f"",""yes_price_dollars"":""0.6300""}"
KXETH15M-26APR271630-30,97eba4ad-e4e0-569a-b38d-3e44dc6a8935,1777321090,0.65,10.0,yes,"{""count_fp"":""10.00"",""created_time"":""2026-04-27T20:18:10.369163Z"",""no_price_dollars"":""0.3500"",""taker_side"":""yes"",""ticker"":""KXETH15M-26APR271630-30"",""trade_id"":""97eba4ad-e4e0-569a-b38d-3e44dc6a8935"",""yes_price_dollars"":""0.6500""}"
KXETH15M-26APR271630-30,926f5d64-9cc8-53f4-97f4-c6e924f62f0c,1777321090,0.64,1.0,yes,"{""count_fp"":""1.00"",""created_time"":""2026-04-27T20:18:10.369163Z"",""no_price_dollars"":""0.3600"",""taker_side"":""yes"",""ticker"":""KXETH15M-26APR271630-30"",""trade_id"":""926f5d64-9cc8-53f4-97f4-c6e924f62f0c"",""yes_price_dollars"":""0.6400""}"
KXETH15M-26APR271630-30,79c832be-05d6-5de8-8445-066f05281a74,1777321090,0.65,6.99,yes,"{""count_fp"":""6.99"",""created_time"":""2026-04-27T20:18:10.369163Z"",""no_price_dollars"":""0.3500"",""taker_side"":""yes"",""ticker"":""KXETH15M-26APR271630-30"",""trade_id"":""79c832be-05d6-5de8-8445-066f05281a74"",""yes_price_dollars"":""0.6500""}"
KXETH15M-26APR271630-30,69dadb41-49de-54ff-9435-375a5693858b,1777321090,0.65,11.84,yes,"{""count_fp"":""11.84"",""created_time"":""2026-04-27T20:18:10.369163Z"",""no_price_dollars"":""0.3500"",""taker_side"":""yes"",""ticker"":""KXETH15M-26APR271630-30"",""trade_id"":""69dadb41-49de-54ff-9435-375a5693858b"",""yes_price_dollars"":""0.6500""}"
KXETH15M-26APR271630-30,15751684-1ef5-44c9-2b81-de64c80b6aae,1777321091,0.63,3.0,yes,"{""count_fp"":""3.00"",""created_time"":""2026-04-27T20:18:11.519695Z"",""no_price_dollars"":""0.3700"",""taker_side"":""yes"",""ticker"":""KXETH15M-26APR271630-30"",""trade_id"":""15751684-1ef5-44c9-2b81-de64c80b6aae"",""yes_price_dollars"":""0.6300""}"
KXETH15M-26APR271630-30,3967144c-1a51-7cc1-01bf-ab2e1cd15cde,1777321097,0.63,4.91,yes,"{""count_fp"":""4.91"",""created_time"":""2026-04-27T20:18:17.804109Z"",""no_price_dollars"":""0.3700"",""taker_side"":""yes"",""ticker"":""KXETH15M-26APR271630-30"",""trade_id"":""3967144c-1a51-7cc1-01bf-ab2e1cd15cde"",""yes_price_dollars"":""0.6300""}"
KXETH15M-26APR271630-30,2b704b8d-e7d9-4acd-44d8-82f126e34222,1777321099,0.63,15.47,yes,"{""count_fp"":""15.47"",""created_time"":""2026-04-27T20:18:19.526727Z"",""no_price_dollars"":""0.3700"",""taker_side"":""yes"",""ticker"":""KXETH15M-26APR271630-30"",""trade_id"":""2b704b8d-e7d9-4acd-44d8-82f126e34222"",""yes_price_dollars"":""0.6300""}"
KXETH15M-26APR271630-30,23992c51-974d-5c0d-f89d-dba74939f6d6,1777321101,0.63,1.0,yes,"{""count_fp"":""1.00"",""created_time"":""2026-04-27T20:18:21.811883Z"",""no_price_dollars"":""0.3700"",""taker_side"":""yes"",""ticker"":""KXETH15M-26APR271630-30"",""trade_id"":""23992c51-974d-5c0d-f89d-dba74939f6d6"",""yes_price_dollars"":""0.6300""}"
KXETH15M-26APR271630-30,0f3e5bef-a48d-44a7-9f41-d650cb7dd0d5,1777321102,0.62,2.52,no,"{""count_fp"":""2.52"",""created_time"":""2026-04-27T20:18:22.514855Z"",""no_price_dollars"":""0.3800"",""taker_side"":""no"",""ticker"":""KXETH15M-26APR271630-30"",""trade_id"":""0f3e5bef-a48d-44a7-9f41-d650cb7dd0d5"",""yes_price_dollars"":""0.6200""}"
KXETH15M-26APR271630-30,ad8f4d01-1b3e-5249-ed22-2620d3c40877,1777321105,0.62,28.0,no,"{""count_fp"":""28.00"",""created_time"":""2026-04-27T20:18:25.119785Z"",""no_price_dollars"":""0.3800"",""taker_side"":""no"",""ticker"":""KXETH15M-26APR271630-30"",""trade_id"":""ad8f4d01-1b3e-5249-ed22-2620d3c40877"",""yes_price_dollars"":""0.6200""}"
KXETH15M-26APR271630-30,6a6667f7-e4c2-5ae9-a1c4-8e9d6c862083,1777321107,0.62,17.65,no,"{""count_fp"":""17.65"",""created_time"":""2026-04-27T20:18:27.693384Z"",""no_price_dollars"":""0.3800"",""taker_side"":""no"",""ticker"":""KXETH15M-26APR271630-30"",""trade_id"":""6a6667f7-e4c2-5ae9-a1c4-8e9d6c862083"",""yes_price_dollars"":""0.6200""}"
KXETH15M-26APR271630-30,8e4242b4-d1e6-5c81-b287-9ff4a23c7adb,1777321116,0.62,29.14,no,"{""count_fp"":""29.14"",""created_time"":""2026-04-27T20:18:36.744442Z"",""no_price_dollars"":""0.3800"",""taker_side"":""no"",""ticker"":""KXETH15M-26APR271630-30"",""trade_id"":""8e4242b4-d1e6-5c81-b287-9ff4a23c7adb"",""yes_price_dollars"":""0.6200""}"
KXETH15M-26APR271630-30,2cfd2de9-4ed3-5573-8072-12d35ff24907,1777321116,0.62,11.34,no,"{""count_fp"":""11.34"",""created_time"":""2026-04-27T20:18:36.744442Z"",""no_price_dollars"":""0.3800"",""taker_side"":""no"",""ticker"":""KXETH15M-26APR271630-30"",""trade_id"":""2cfd2de9-4ed3-5573-8072-12d35ff24907"",""yes_price_dollars"":""0.6200""}"
KXETH15M-26APR271630-30,2bed336a-9b03-5fae-aa95-623b1840f694,1777321116,0.62,19.52,no,"{""count_fp"":""19.52"",""created_time"":""2026-04-27T20:18:36.744442Z"",""no_price_dollars"":""0.3800"",""taker_side"":""no"",""ticker"":""KXETH15M-26APR271630-30"",""trade_id"":""2bed336a-9b03-5fae-aa95-623b1840f694"",""yes_price_dollars"":""0.6200""}"
KXETH15M-26APR271630-30,1d4b7114-6621-50b8-a7ae-8f2827386e11,1777321116,0.62,10.0,no,"{""count_fp"":""10.00"",""created_time"":""2026-04-27T20:18:36.744442Z"",""no_price_dollars"":""0.3800"",""taker_side"":""no"",""ticker"":""KXETH15M-26APR271630-30"",""trade_id"":""1d4b7114-6621-50b8-a7ae-8f2827386e11"",""yes_price_dollars"":""0.6200""}"
KXETH15M-26APR271630-30,9747d82f-379a-4198-5294-03af704f8c9e,1777321125,0.62,2.04,no,"{""count_fp"":""2.04"",""created_time"":""2026-04-27T20:18:45.741022Z"",""no_price_dollars"":""0.3800"",""taker_side"":""no"",""ticker"":""KXETH15M-26APR271630-30"",""trade_id"":""9747d82f-379a-4198-5294-03af704f8c9e"",""yes_price_dollars"":""0.6200""}"
KXETH15M-26APR271630-30,8040f602-aaaf-45fa-4d5d-e76e541dde30,1777321125,0.62,0.48,no,"{""count_fp"":""0.48"",""created_time"":""2026-04-27T20:18:45.741022Z"",""no_price_dollars"":""0.3800"",""taker_side"":""no"",""ticker"":""KXETH15M-26APR271630-30"",""trade_id"":""8040f602-aaaf-45fa-4d5d-e76e541dde30"",""yes_price_dollars"":""0.6200""}"
KXETH15M-26APR271630-30,72c6b5a9-e946-56c8-fc98-caef7b2ce05a,1777321126,0.62,0.25,no,"{""count_fp"":""0.25"",""created_time"":""2026-04-27T20:18:46.654Z"",""no_price_dollars"":""0.3800"",""taker_side"":""no"",""ticker"":""KXETH15M-26APR271630-30"",""trade_id"":""72c6b5a9-e946-56c8-fc98-caef7b2ce05a"",""yes_price_dollars"":""0.6200""}"
KXETH15M-26APR271630-30,a738f90d-6962-64c4-8629-a928a3678796,1777321127,0.62,12.61,no,"{""count_fp"":""12.61"",""created_time"":""2026-04-27T20:18:47.745806Z"",""no_price_dollars"":""0.3800"",""taker_side"":""no"",""ticker"":""KXETH15M-26APR271630-30"",""trade_id"":""a738f90d-6962-64c4-8629-a928a3678796"",""yes_price_dollars"":""0.6200""}"
KXETH15M-26APR271630-30,4dd4940d-f236-4008-7bb4-758a18eeab5a,1777321130,0.62,37.83,no,"{""count_fp"":""37.83"",""created_time"":""2026-04-27T20:18:50.862343Z"",""no_price_dollars"":""0.3800"",""taker_side"":""no"",""ticker"":""KXETH15M-26APR271630-30"",""trade_id"":""4dd4940d-f236-4008-7bb4-758a18eeab5a"",""yes_price_dollars"":""0.6200""}"
KXETH15M-26APR271630-30,56a22bf2-2e05-4bc5-1259-ae6028fdd57a,1777321132,0.63,1.0,yes,"{""count_fp"":""1.00"",""created_time"":""2026-04-27T20:18:52.311205Z"",""no_price_dollars"":""0.3700"",""taker_side"":""yes"",""ticker"":""KXETH15M-26APR271630-30"",""trade_id"":""56a22bf2-2e05-4bc5-1259-ae6028fdd57a"",""yes_price_dollars"":""0.6300""}"
KXETH15M-26APR271630-30,c1626e8c-ba51-56d1-9436-9f7bbb3cc126,1777321135,0.63,15.47,yes,"{""count_fp"":""15.47"",""created_time"":""2026-04-27T20:18:55.607547Z"",""no_price_dollars"":""0.3700"",""taker_side"":""yes"",""ticker"":""KXETH15M-26APR271630-30"",""trade_id"":""c1626e8c-ba51-56d1-9436-9f7bbb3cc126"",""yes_price_dollars"":""0.6300""}"
KXETH15M-26APR271630-30,71842bf0-ee2e-7264-dd2d-3093d6b2cdc6,1777321137,0.62,4.53,no,"{""count_fp"":""4.53"",""created_time"":""2026-04-27T20:18:57.285684Z"",""no_price_dollars"":""0.3800"",""taker_side"":""no"",""ticker"":""KXETH15M-26APR271630-30"",""trade_id"":""71842bf0-ee2e-7264-dd2d-3093d6b2cdc6"",""yes_price_dollars"":""0.6200""}"
KXETH15M-26APR271630-30,9de0d237-965a-6af4-99c7-7591c580f266,1777321142,0.62,24.22,no,"{""count_fp"":""24.22"",""created_time"":""2026-04-27T20:19:02.119973Z"",""no_price_dollars"":""0.3800"",""taker_side"":""no"",""ticker"":""KXETH15M-26APR271630-30"",""trade_id"":""9de0d237-965a-6af4-99c7-7591c580f266"",""yes_price_dollars"":""0.6200""}"
KXETH15M-26APR271630-30,0bd55173-bf78-6ba3-8d07-64d043fe3dda,1777321142,0.62,1.0,no,"{""count_fp"":""1.00"",""created_time"":""2026-04-27T20:19:02.119973Z"",""no_price_dollars"":""0.3800"",""taker_side"":""no"",""ticker"":""KXETH15M-26APR271630-30"",""trade_id"":""0bd55173-bf78-6ba3-8d07-64d043fe3dda"",""yes_price_dollars"":""0.6200""}"
KXETH15M-26APR271630-30,a65e60c8-369e-77f4-f570-c8d01d5852a2,1777321152,0.61,5.0,no,"{""count_fp"":""5.00"",""created_time"":""2026-04-27T20:19:12.300433Z"",""no_price_dollars"":""0.3900"",""taker_side"":""no"",""ticker"":""KXETH15M-26APR271630-30"",""trade_id"":""a65e60c8-369e-77f4-f570-c8d01d5852a2"",""yes_price_dollars"":""0.6100""}"
KXETH15M-26APR271630-30,495fd874-2591-7124-e10b-f0d444a38108,1777321152,0.61,1.0,no,"{""count_fp"":""1.00"",""created_time"":""2026-04-27T20:19:12.300433Z"",""no_price_dollars"":""0.3900"",""taker_side"":""no"",""ticker"":""KXETH15M-26APR271630-30"",""trade_id"":""495fd874-2591-7124-e10b-f0d444a38108"",""yes_price_dollars"":""0.6100""}"
KXETH15M-26APR271630-30,50236123-96a5-4421-37d3-9c2ce0bd8842,1777321155,0.63,11.0,yes,"{""count_fp"":""11.00"",""created_time"":""2026-04-27T20:19:15.870793Z"",""no_price_dollars"":""0.3700"",""taker_side"":""yes"",""ticker"":""KXETH15M-26APR271630-30"",""trade_id"":""50236123-96a5-4421-37d3-9c2ce0bd8842"",""yes_price_dollars"":""0.6300""}"
KXETH15M-26APR271630-30,46ac7c63-4162-4de7-37fa-7a9ffd772033,1777321155,0.62,2.0,yes,"{""count_fp"":""2.00"",""created_time"":""2026-04-27T20:19:15.870793Z"",""no_price_dollars"":""0.3800"",""taker_side"":""yes"",""ticker"":""KXETH15M-26APR271630-30"",""trade_id"":""46ac7c63-4162-4de7-37fa-7a9ffd772033"",""yes_price_dollars"":""0.6200""}"
KXETH15M-26APR271630-30,cada1f91-9ad1-513d-e998-177988f8243a,1777321161,0.63,0.69,yes,"{""count_fp"":""0.69"",""created_time"":""2026-04-27T20:19:21.551267Z"",""no_price_dollars"":""0.3700"",""taker_side"":""yes"",""ticker"":""KXETH15M-26APR271630-30"",""trade_id"":""cada1f91-9ad1-513d-e998-177988f8243a"",""yes_price_dollars"":""0.6300""}"
KXETH15M-26APR271630-30,6d3b9f69-edcd-5dc2-d027-ccfac3941c55,1777321161,0.64,9.31,yes,"{""count_fp"":""9.31"",""created_time"":""2026-04-27T20:19:21.551267Z"",""no_price_dollars"":""0.3600"",""taker_side"":""yes"",""ticker"":""KXETH15M-26APR271630-30"",""trade_id"":""6d3b9f69-edcd-5dc2-d027-ccfac3941c55"",""yes_price_dollars"":""0.6400""}"
KXETH15M-26APR271630-30,5e9a7ab8-4509-74b6-7b45-b747d68e0d4d,1777321163,0.64,16.0,yes,"{""count_fp"":""16.00"",""created_time"":""2026-04-27T20:19:23.930489Z"",""no_price_dollars"":""0.3600"",""taker_side"":""yes"",""ticker"":""KXETH15M-26APR271630-30"",""trade_id"":""5e9a7ab8-4509-74b6-7b45-b747d68e0d4d"",""yes_price_dollars"":""0.6400""}"
KXETH15M-26APR271630-30,e2e09b6d-1322-5a40-5aa7-cab018a71bd4,1777321168,0.68,0.71,yes,"{""count_fp"":""0.71"",""created_time"":""2026-04-27T20:19:28.351076Z"",""no_price_dollars"":""0.3200"",""taker_side"":""yes"",""ticker"":""KXETH15M-26APR271630-30"",""trade_id"":""e2e09b6d-1322-5a40-5aa7-cab018a71bd4"",""yes_price_dollars"":""0.6800""}"
KXETH15M-26APR271630-30,f8a7ceb0-6f32-6a74-5658-e14ed7e04acc,1777321169,0.66,0.54,no,"{""count_fp"":""0.54"",""created_time"":""2026-04-27T20:19:29.875681Z"",""no_price_dollars"":""0.3400"",""taker_side"":""no"",""ticker"":""KXETH15M-26APR271630-30"",""trade_id"":""f8a7ceb0-6f32-6a74-5658-e14ed7e04acc"",""yes_price_dollars"":""0.6600""}"
KXETH15M-26APR271630-30,fac59274-66e1-70dd-0704-713c0fb45ffa,1777321176,0.69,2.0,yes,"{""count_fp"":""2.00"",""created_time"":""2026-04-27T20:19:36.650522Z"",""no_price_dollars"":""0.3100"",""taker_side"":""yes"",""ticker"":""KXETH15M-26APR271630-30"",""trade_id"":""fac59274-66e1-70dd-0704-713c0fb45ffa"",""yes_price_dollars"":""0.6900""}"
KXETH15M-26APR271630-30,7d6369f8-8181-72ba-0165-7bd31c769f2e,1777321176,0.7,5.0,yes,"{""count_fp"":""5.00"",""created_time"":""2026-04-27T20:19:36.650522Z"",""no_price_dollars"":""0.3000"",""taker_side"":""yes"",""ticker"":""KXETH15M-26APR271630-30"",""trade_id"":""7d6369f8-8181-72ba-0165-7bd31c769f2e"",""yes_price_dollars"":""0.7000""}"
KXETH15M-26APR271630-30,5c8c3ada-dff2-7a43-2740-5751b35760bf,1777321176,0.71,3.0,yes,"{""count_fp"":""3.00"",""created_time"":""2026-04-27T20:19:36.650522Z"",""no_price_dollars"":""0.2900"",""taker_side"":""yes"",""ticker"":""KXETH15M-26APR271630-30"",""trade_id"":""5c8c3ada-dff2-7a43-2740-5751b35760bf"",""yes_price_dollars"":""0.7100""}"
KXETH15M-26APR271630-30,4fd1a31c-720d-7883-1b46-222fc3bb9541,1777321176,0.69,10.0,yes,"{""count_fp"":""10.00"",""created_time"":""2026-04-27T20:19:36.650522Z"",""no_price_dollars"":""0.3100"",""taker_side"":""yes"",""ticker"":""KXETH15M-26APR271630-30"",""trade_id"":""4fd1a31c-720d-7883-1b46-222fc3bb9541"",""yes_price_dollars"":""0.6900""}"
KXETH15M-26APR271630-30,7bb92167-9364-575d-f0da-8ffe09031ef5,1777321177,0.72,1.0,yes,"{""count_fp"":""1.00"",""created_time"":""2026-04-27T20:19:37.989554Z"",""no_price_dollars"":""0.2800"",""taker_side"":""yes"",""ticker"":""KXETH15M-26APR271630-30"",""trade_id"":""7bb92167-9364-575d-f0da-8ffe09031ef5"",""yes_price_dollars"":""0.7200""}"
KXETH15M-26APR271630-30,76f2ff50-1488-5a0a-e532-d2c1c56e224e,1777321177,0.72,0.8,yes,"{""count_fp"":""0.80"",""created_time"":""2026-04-27T20:19:37.989554Z"",""no_price_dollars"":""0.2800"",""taker_side"":""yes"",""ticker"":""KXETH15M-26APR271630-30"",""trade_id"":""76f2ff50-1488-5a0a-e532-d2c1c56e224e"",""yes_price_dollars"":""0.7200""}"
KXETH15M-26APR271630-30,49918a89-4a12-514c-c2c8-6d71c62b5302,1777321177,0.72,5.0,yes,"{""count_fp"":""5.00"",""created_time"":""2026-04-27T20:19:37.989554Z"",""no_price_dollars"":""0.2800"",""taker_side"":""yes"",""ticker"":""KXETH15M-26APR271630-30"",""trade_id"":""49918a89-4a12-514c-c2c8-6d71c62b5302"",""yes_price_dollars"":""0.7200""}"
KXETH15M-26APR271630-30,4ae07bff-d96a-63cb-a200-0a07bc860633,1777321180,0.72,9.53,yes,"{""count_fp"":""9.53"",""created_time"":""2026-04-27T20:19:40.191057Z"",""no_price_dollars"":""0.2800"",""taker_side"":""yes"",""ticker"":""KXETH15M-26APR271630-30"",""trade_id"":""4ae07bff-d96a-63cb-a200-0a07bc860633"",""yes_price_dollars"":""0.7200""}"
KXETH15M-26APR271630-30,dea88b26-b7ea-46d7-68f8-7913039bd337,1777321181,0.72,0.63,yes,"{""count_fp"":""0.63"",""created_time"":""2026-04-27T20:19:41.130336Z"",""no_price_dollars"":""0.2800"",""taker_side"":""yes"",""ticker"":""KXETH15M-26APR271630-30"",""trade_id"":""dea88b26-b7ea-46d7-68f8-7913039bd337"",""yes_price_dollars"":""0.7200""}"
KXETH15M-26APR271630-30,acaf9a66-a2e8-57f6-0184-d32e70fb5e8a,1777321186,0.68,1.0,no,"{""count_fp"":""1.00"",""created_time"":""2026-04-27T20:19:46.699753Z"",""no_price_dollars"":""0.3200"",""taker_side"":""no"",""ticker"":""KXETH15M-26APR271630-30"",""trade_id"":""acaf9a66-a2e8-57f6-0184-d32e70fb5e8a"",""yes_price_dollars"":""0.6800""}"
KXETH15M-26APR271630-30,388f59f3-c656-5118-32c5-d124b37360ba,1777321186,0.68,13.45,no,"{""count_fp"":""13.45"",""created_time"":""2026-04-27T20:19:46.699753Z"",""no_price_dollars"":""0.3200"",""taker_side"":""no"",""ticker"":""KXETH15M-26APR271630-30"",""trade_id"":""388f59f3-c656-5118-32c5-d124b37360ba"",""yes_price_dollars"":""0.6800""}"
KXETH15M-26APR271630-30,f2827a7c-44f4-50a3-0c33-7bff203fcad4,1777321186,0.72,4.15,yes,"{""count_fp"":""4.15"",""created_time"":""2026-04-27T20:19:46.298703Z"",""no_price_dollars"":""0.2800"",""taker_side"":""yes"",""ticker"":""KXETH15M-26APR271630-30"",""trade_id"":""f2827a7c-44f4-50a3-0c33-7bff203fcad4"",""yes_price_dollars"":""0.7200""}"
KXETH15M-26APR271630-30,65814368-ebdf-5c0c-0877-7e6278bec2ee,1777321186,0.72,1.0,yes,"{""count_fp"":""1.00"",""created_time"":""2026-04-27T20:19:46.298703Z"",""no_price_dollars"":""0.2800"",""taker_side"":""yes"",""ticker"":""KXETH15M-26APR271630-30"",""trade_id"":""65814368-ebdf-5c0c-0877-7e6278bec2ee"",""yes_price_dollars"":""0.7200""}"
KXETH15M-26APR271630-30,2417489b-ea85-5da5-2af4-7c10eccba8c4,1777321186,0.72,10.0,yes,"{""count_fp"":""10.00"",""created_time"":""2026-04-27T20:19:46.298703Z"",""no_price_dollars"":""0.2800"",""taker_side"":""yes"",""ticker"":""KXETH15M-26APR271630-30"",""trade_id"":""2417489b-ea85-5da5-2af4-7c10eccba8c4"",""yes_price_dollars"":""0.7200""}"
KXETH15M-26APR271630-30,1c5f8b5f-af06-5a83-1eae-a333653f8e77,1777321186,0.72,18.84,yes,"{""count_fp"":""18.84"",""created_time"":""2026-04-27T20:19:46.298703Z"",""no_price_dollars"":""0.2800"",""taker_side"":""yes"",""ticker"":""KXETH15M-26APR271630-30"",""trade_id"":""1c5f8b5f-af06-5a83-1eae-a333653f8e77"",""yes_price_dollars"":""0.7200""}"
KXETH15M-26APR271630-30,f6a7ea40-5bbc-4ef1-3590-8a64615c685c,1777321189,0.71,5.0,no,"{""count_fp"":""5.00"",""created_time"":""2026-04-27T20:19:49.523486Z"",""no_price_dollars"":""0.2900"",""taker_side"":""no"",""ticker"":""KXETH15M-26APR271630-30"",""trade_id"":""f6a7ea40-5bbc-4ef1-3590-8a64615c685c"",""yes_price_dollars"":""0.7100""}"
KXETH15M-26APR271630-30,cc129065-b476-4c8f-261a-fc46a3a3c4ef,1777321189,0.71,9.48,no,"{""count_fp"":""9.48"",""created_time"":""2026-04-27T20:19:49.523486Z"",""no_price_dollars"":""0.2900"",""taker_side"":""no"",""ticker"":""KXETH15M-26APR271630-30"",""trade_id"":""cc129065-b476-4c8f-261a-fc46a3a3c4ef"",""yes_price_dollars"":""0.7100""}"
KXETH15M-26APR271630-30,b8f3dc6b-61a4-7fae-2d3c-a0b42a852acc,1777321194,0.67,4.0,no,"{""count_fp"":""4.00"",""created_time"":""2026-04-27T20:19:54.419207Z"",""no_price_dollars"":""0.3300"",""taker_side"":""no"",""ticker"":""KXETH15M-26APR271630-30"",""trade_id"":""b8f3dc6b-61a4-7fae-2d3c-a0b42a852acc"",""yes_price_dollars"":""0.6700""}"
KXETH15M-26APR271630-30,f635316d-9096-4cc3-5bfd-fb3fe18b23ab,1777321194,0.68,0.46,no,"{""count_fp"":""0.46"",""created_time"":""2026-04-27T20:19:54.371274Z"",""no_price_dollars"":""0.3200"",""taker_side"":""no"",""ticker"":""KXETH15M-26APR271630-30"",""trade_id"":""f635316d-9096-4cc3-5bfd-fb3fe18b23ab"",""yes_price_dollars"":""0.6800""}"
KXETH15M-26APR271630-30,f64f0741-3c62-6873-6819-d1ea7b6ff1f3,1777321194,0.68,99.54,no,"{""count_fp"":""99.54"",""created_time"":""2026-04-27T20:19:54.366597Z"",""no_price_dollars"":""0.3200"",""taker_side"":""no"",""ticker"":""KXETH15M-26APR271630-30"",""trade_id"":""f64f0741-3c62-6873-6819-d1ea7b6ff1f3"",""yes_price_dollars"":""0.6800""}"
KXETH15M-26APR271630-30,66c0a669-6757-6b14-4167-7bf7af31b76a,1777321194,0.68,1.46,no,"{""count_fp"":""1.46"",""created_time"":""2026-04-27T20:19:54.366597Z"",""no_price_dollars"":""0.3200"",""taker_side"":""no"",""ticker"":""KXETH15M-26APR271630-30"",""trade_id"":""66c0a669-6757-6b14-4167-7bf7af31b76a"",""yes_price_dollars"":""0.6800""}"
KXETH15M-26APR271630-30,1508a9ec-0208-49e2-89e6-8e9695ab32c2,1777321195,0.62,1.0,no,"{""count_fp"":""1.00"",""created_time"":""2026-04-27T20:19:55.236693Z"",""no_price_dollars"":""0.3800"",""taker_side"":""no"",""ticker"":""KXETH15M-26APR271630-30"",""trade_id"":""1508a9ec-0208-49e2-89e6-8e9695ab32c2"",""yes_price_dollars"":""0.6200""}"
KXETH15M-26APR271630-30,fc4d8f48-e8e8-4ab4-c816-1125e5dcfb9b,1777321196,0.65,7.77,yes,"{""count_fp"":""7.77"",""created_time"":""2026-04-27T20:19:56.475695Z"",""no_price_dollars"":""0.3500"",""taker_side"":""yes"",""ticker"":""KXETH15M-26APR271630-30"",""trade_id"":""fc4d8f48-e8e8-4ab4-c816-1125e5dcfb9b"",""yes_price_dollars"":""0.6500""}"
KXETH15M-26APR271630-30,6c5760ca-b73c-4096-f9b2-e7e5d7496f24,1777321196,0.64,1.0,yes,"{""count_fp"":""1.00"",""created_time"":""2026-04-27T20:19:56.475695Z"",""no_price_dollars"":""0.3600"",""taker_side"":""yes"",""ticker"":""KXETH15M-26APR271630-30"",""trade_id"":""6c5760ca-b73c-4096-f9b2-e7e5d7496f24"",""yes_price_dollars"":""0.6400""}"
KXETH15M-26APR271630-30,52bc37fe-7c1e-49dc-eed8-648b070027a8,1777321196,0.66,15.74,yes,"{""count_fp"":""15.74"",""created_time"":""2026-04-27T20:19:56.475695Z"",""no_price_dollars"":""0.3400"",""taker_side"":""yes"",""ticker"":""KXETH15M-26APR271630-30"",""trade_id"":""52bc37fe-7c1e-49dc-eed8-648b070027a8"",""yes_price_dollars"":""0.6600""}"
KXETH15M-26APR271630-30,fb9abe72-6078-4bce-9d69-61c91b995a74,1777321198,0.64,1.0,yes,"{""count_fp"":""1.00"",""created_time"":""2026-04-27T20:19:58.308992Z"",""no_price_dollars"":""0.3600"",""taker_side"":""yes"",""ticker"":""KXETH15M-26APR271630-30"",""trade_id"":""fb9abe72-6078-4bce-9d69-61c91b995a74"",""yes_price_dollars"":""0.6400""}"
KXETH15M-26APR271630-30,da20cbd7-2a7e-4c48-7c99-4435c5d37d64,1777321200,0.63,0.35,no,"{""count_fp"":""0.35"",""created_time"":""2026-04-27T20:20:00.304783Z"",""no_price_dollars"":""0.3700"",""taker_side"":""no"",""ticker"":""KXETH15M-26APR271630-30"",""trade_id"":""da20cbd7-2a7e-4c48-7c99-4435c5d37d64"",""yes_price_dollars"":""0.6300""}"
KXETH15M-26APR271630-30,a7fe4934-0694-7c8b-b3e9-42fa21813cf5,1777321204,0.63,1.0,yes,"{""count_fp"":""1.00"",""created_time"":""2026-04-27T20:20:04.206079Z"",""no_price_dollars"":""0.3700"",""taker_side"":""yes"",""ticker"":""KXETH15M-26APR271630-30"",""trade_id"":""a7fe4934-0694-7c8b-b3e9-42fa21813cf5"",""yes_price_dollars"":""0.6300""}"
KXETH15M-26APR271630-30,616da71f-02df-7c4b-ba96-c4ae256c0142,1777321204,0.64,1.0,yes,"{""count_fp"":""1.00"",""created_time"":""2026-04-27T20:20:04.206079Z"",""no_price_dollars"":""0.3600"",""taker_side"":""yes"",""ticker"":""KXETH15M-26APR271630-30"",""trade_id"":""616da71f-02df-7c4b-ba96-c4ae256c0142"",""yes_price_dollars"":""0.6400""}"
KXETH15M-26APR271630-30,4e2ee898-c286-7bd8-913c-40ae4631d720,1777321204,0.66,11.83,yes,"{""count_fp"":""11.83"",""created_time"":""2026-04-27T20:20:04.206079Z"",""no_price_dollars"":""0.3400"",""taker_side"":""yes"",""ticker"":""KXETH15M-26APR271630-30"",""trade_id"":""4e2ee898-c286-7bd8-913c-40ae4631d720"",""yes_price_dollars"":""0.6600""}"
KXETH15M-26APR271630-30,47b95602-5d77-7f48-99ab-8df98011d0f1,1777321204,0.64,1.0,yes,"{""count_fp"":""1.00"",""created_time"":""2026-04-27T20:20:04.206079Z"",""no_price_dollars"":""0.3600"",""taker_side"":""yes"",""ticker"":""KXETH15M-26APR271630-30"",""trade_id"":""47b95602-5d77-7f48-99ab-8df98011d0f1"",""yes_price_dollars"":""0.6400""}"
KXETH15M-26APR271630-30,b8e808c7-5590-6fc9-99fc-9f621ee9ce88,1777321205,0.66,5.0,yes,"{""count_fp"":""5.00"",""created_time"":""2026-04-27T20:20:05.034922Z"",""no_price_dollars"":""0.3400"",""taker_side"":""yes"",""ticker"":""KXETH15M-26APR271630-30"",""trade_id"":""b8e808c7-5590-6fc9-99fc-9f621ee9ce88"",""yes_price_dollars"":""0.6600""}"
KXETH15M-26APR271630-30,5d100d44-d18a-6004-8c65-360922e8728d,1777321205,0.65,2.0,yes,"{""count_fp"":""2.00"",""created_time"":""2026-04-27T20:20:05.034922Z"",""no_price_dollars"":""0.3500"",""taker_side"":""yes"",""ticker"":""KXETH15M-26APR271630-30"",""trade_id"":""5d100d44-d18a-6004-8c65-360922e8728d"",""yes_price_dollars"":""0.6500""}"
KXETH15M-26APR271630-30,1028e66e-8068-6dff-8741-2abcade29212,1777321205,0.66,10.0,yes,"{""count_fp"":""10.00"",""created_time"":""2026-04-27T20:20:05.034922Z"",""no_price_dollars"":""0.3400"",""taker_side"":""yes"",""ticker"":""KXETH15M-26APR271630-30"",""trade_id"":""1028e66e-8068-6dff-8741-2abcade29212"",""yes_price_dollars"":""0.6600""}"
KXETH15M-26APR271630-30,92207bf2-45f9-5e9b-a884-d56190e953c2,1777321207,0.65,46.83,no,"{""count_fp"":""46.83"",""created_time"":""2026-04-27T20:20:07.715444Z"",""no_price_dollars"":""0.3500"",""taker_side"":""no"",""ticker"":""KXETH15M-26APR271630-30"",""trade_id"":""92207bf2-45f9-5e9b-a884-d56190e953c2"",""yes_price_dollars"":""0.6500""}"
KXETH15M-26APR271630-30,4e73c25f-9235-54c3-1d11-c64e6a81f9ee,1777321211,0.65,139.09,no,"{""count_fp"":""139.09"",""created_time"":""2026-04-27T20:20:11.806019Z"",""no_price_dollars"":""0.3500"",""taker_side"":""no"",""ticker"":""KXETH15M-26APR271630-30"",""trade_id"":""4e73c25f-9235-54c3-1d11-c64e6a81f9ee"",""yes_price_dollars"":""0.6500""}"
KXETH15M-26APR271630-30,7eab4602-fb21-645f-1ccb-ca2a0550965a,1777321213,0.65,2.45,no,"{""count_fp"":""2.45"",""created_time"":""2026-04-27T20:20:13.263874Z"",""no_price_dollars"":""0.3500"",""taker_side"":""no"",""ticker"":""KXETH15M-26APR271630-30"",""trade_id"":""7eab4602-fb21-645f-1ccb-ca2a0550965a"",""yes_price_dollars"":""0.6500""}"
KXETH15M-26APR271630-30,0f435c4c-59f8-5359-c4b8-89fc7b53deaa,1777321215,0.67,0.14,yes,"{""count_fp"":""0.14"",""created_time"":""2026-04-27T20:20:15.035271Z"",""no_price_dollars"":""0.3300"",""taker_side"":""yes"",""ticker"":""KXETH15M-26APR271630-30"",""trade_id"":""0f435c4c-59f8-5359-c4b8-89fc7b53deaa"",""yes_price_dollars"":""0.6700""}"
KXETH15M-26APR271630-30,b0c322f2-4c46-7a66-72d5-a90652cbeb75,1777321220,0.67,1.0,yes,"{""count_fp"":""1.00"",""created_time"":""2026-04-27T20:20:20.553125Z"",""no_price_dollars"":""0.3300"",""taker_side"":""yes"",""ticker"":""KXETH15M-26APR271630-30"",""trade_id"":""b0c322f2-4c46-7a66-72d5-a90652cbeb75"",""yes_price_dollars"":""0.6700""}"
KXETH15M-26APR271630-30,3afd77e4-5dd0-7075-6848-3e2841a3d531,1777321220,0.69,19.0,yes,"{""count_fp"":""19.00"",""created_time"":""2026-04-27T20:20:20.553125Z"",""no_price_dollars"":""0.3100"",""taker_side"":""yes"",""ticker"":""KXETH15M-26APR271630-30"",""trade_id"":""3afd77e4-5dd0-7075-6848-3e2841a3d531"",""yes_price_dollars"":""0.6900""}"
KXETH15M-26APR271630-30,831a4df6-0e48-7882-d2f7-c32448313886,1777321222,0.66,0.3,no,"{""count_fp"":""0.30"",""created_time"":""2026-04-27T20:20:22.736248Z"",""no_price_dollars"":""0.3400"",""taker_side"":""no"",""ticker"":""KXETH15M-26APR271630-30"",""trade_id"":""831a4df6-0e48-7882-d2f7-c32448313886"",""yes_price_dollars"":""0.6600""}"
KXETH15M-26APR271630-30,078c7399-078d-72e3-1dae-5053af310aae,1777321224,0.65,4.64,no,"{""count_fp"":""4.64"",""created_time"":""2026-04-27T20:20:24.664563Z"",""no_price_dollars"":""0.3500"",""taker_side"":""no"",""ticker"":""KXETH15M-26APR271630-30"",""trade_id"":""078c7399-078d-72e3-1dae-5053af310aae"",""yes_price_dollars"":""0.6500""}"
KXETH15M-26APR271630-30,4d62c086-5951-7391-0923-081837010413,1777321233,0.66,9.53,no,"{""count_fp"":""9.53"",""created_time"":""2026-04-27T20:20:33.882212Z"",""no_price_dollars"":""0.3400"",""taker_side"":""no"",""ticker"":""KXETH15M-26APR271630-30"",""trade_id"":""4d62c086-5951-7391-0923-081837010413"",""yes_price_dollars"":""0.6600""}"
KXETH15M-26APR271630-30,8f7b7182-4f42-5918-e0da-e86273751249,1777321240,0.69,10.0,yes,"{""count_fp"":""10.00"",""created_time"":""2026-04-27T20:20:40.352681Z"",""no_price_dollars"":""0.3100"",""taker_side"":""yes"",""ticker"":""KXETH15M-26APR271630-30"",""trade_id"":""8f7b7182-4f42-5918-e0da-e86273751249"",""yes_price_dollars"":""0.6900""}"
KXETH15M-26APR271630-30,81002a9b-af14-71a5-1e8d-050740b94b71,1777321241,0.73,41.0,yes,"{""count_fp"":""41.00"",""created_time"":""2026-04-27T20:20:41.127065Z"",""no_price_dollars"":""0.2700"",""taker_side"":""yes"",""ticker"":""KXETH15M-26APR271630-30"",""trade_id"":""81002a9b-af14-71a5-1e8d-050740b94b71"",""yes_price_dollars"":""0.7300""}"
KXETH15M-26APR271630-30,a748af4d-5921-5199-babb-39f317c14761,1777321242,0.73,1.0,no,"{""count_fp"":""1.00"",""created_time"":""2026-04-27T20:20:42.282122Z"",""no_price_dollars"":""0.2700"",""taker_side"":""no"",""ticker"":""KXETH15M-26APR271630-30"",""trade_id"":""a748af4d-5921-5199-babb-39f317c14761"",""yes_price_dollars"":""0.7300""}"
KXETH15M-26APR271630-30,9c6a0831-fb09-5149-be91-e6dd18fde70f,1777321242,0.73,4.0,no,"{""count_fp"":""4.00"",""created_time"":""2026-04-27T20:20:42.282122Z"",""no_price_dollars"":""0.2700"",""taker_side"":""no"",""ticker"":""KXETH15M-26APR271630-30"",""trade_id"":""9c6a0831-fb09-5149-be91-e6dd18fde70f"",""yes_price_dollars"":""0.7300""}"
KXETH15M-26APR271630-30,f05f11fd-fc59-79b3-1d06-edb89e19962e,1777321243,0.75,6.55,yes,"{""count_fp"":""6.55"",""created_time"":""2026-04-27T20:20:43.475926Z"",""no_price_dollars"":""0.2500"",""taker_side"":""yes"",""ticker"":""KXETH15M-26APR271630-30"",""trade_id"":""f05f11fd-fc59-79b3-1d06-edb89e19962e"",""yes_price_dollars"":""0.7500""}"
KXETH15M-26APR271630-30,f4b8591b-357a-7197-d37d-3b632150fbf8,1777321244,0.73,1.0,no,"{""count_fp"":""1.00"",""created_time"":""2026-04-27T20:20:44.470862Z"",""no_price_dollars"":""0.2700"",""taker_side"":""no"",""ticker"":""KXETH15M-26APR271630-30"",""trade_id"":""f4b8591b-357a-7197-d37d-3b632150fbf8"",""yes_price_dollars"":""0.7300""}"
KXETH15M-26APR271630-30,8bb98cc7-d3e7-76b4-f953-47d1fb647ecc,1777321244,0.73,2.52,no,"{""count_fp"":""2.52"",""created_time"":""2026-04-27T20:20:44.470862Z"",""no_price_dollars"":""0.2700"",""taker_side"":""no"",""ticker"":""KXETH15M-26APR271630-30"",""trade_id"":""8bb98cc7-d3e7-76b4-f953-47d1fb647ecc"",""yes_price_dollars"":""0.7300""}"
KXETH15M-26APR271630-30,e321aea1-7a6c-739f-f7d5-f63b5d3b7120,1777321246,0.74,1.0,yes,"{""count_fp"":""1.00"",""created_time"":""2026-04-27T20:20:46.877947Z"",""no_price_dollars"":""0.2600"",""taker_side"":""yes"",""ticker"":""KXETH15M-26APR271630-30"",""trade_id"":""e321aea1-7a6c-739f-f7d5-f63b5d3b7120"",""yes_price_dollars"":""0.7400""}"
KXETH15M-26APR271630-30,11429d70-1d95-765f-c2ea-00a98650705e,1777321246,0.75,1.62,yes,"{""count_fp"":""1.62"",""created_time"":""2026-04-27T20:20:46.877947Z"",""no_price_dollars"":""0.2500"",""taker_side"":""yes"",""ticker"":""KXETH15M-26APR271630-30"",""trade_id"":""11429d70-1d95-765f-c2ea-00a98650705e"",""yes_price_dollars"":""0.7500""}"
KXETH15M-26APR271630-30,e999db90-0515-5e5f-0023-206fe742c042,1777321248,0.75,1.83,yes,"{""count_fp"":""1.83"",""created_time"":""2026-04-27T20:20:48.914623Z"",""no_price_dollars"":""0.2500"",""taker_side"":""yes"",""ticker"":""KXETH15M-26APR271630-30"",""trade_id"":""e999db90-0515-5e5f-0023-206fe742c042"",""yes_price_dollars"":""0.7500""}"
KXETH15M-26APR271630-30,105990c5-7c5d-5f00-31eb-e9723af0e419,1777321248,0.75,7.34,yes,"{""count_fp"":""7.34"",""created_time"":""2026-04-27T20:20:48.914623Z"",""no_price_dollars"":""0.2500"",""taker_side"":""yes"",""ticker"":""KXETH15M-26APR271630-30"",""trade_id"":""105990c5-7c5d-5f00-31eb-e9723af0e419"",""yes_price_dollars"":""0.7500""}"
KXETH15M-26APR271630-30,21994dae-a3bb-538c-d3c7-600114edbb34,1777321248,0.73,17.61,no,"{""count_fp"":""17.61"",""created_time"":""2026-04-27T20:20:48.059386Z"",""no_price_dollars"":""0.2700"",""taker_side"":""no"",""ticker"":""KXETH15M-26APR271630-30"",""trade_id"":""21994dae-a3bb-538c-d3c7-600114edbb34"",""yes_price_dollars"":""0.7300""}"
KXETH15M-26APR271630-30,5e5daa7c-f615-402c-9a0a-656a3e9ca50d,1777321254,0.75,2.0,yes,"{""count_fp"":""2.00"",""created_time"":""2026-04-27T20:20:54.429878Z"",""no_price_dollars"":""0.2500"",""taker_side"":""yes"",""ticker"":""KXETH15M-26APR271630-30"",""trade_id"":""5e5daa7c-f615-402c-9a0a-656a3e9ca50d"",""yes_price_dollars"":""0.7500""}"
KXETH15M-26APR271630-30,3a006c7c-4860-53fa-73c0-03e166d322e6,1777321256,0.74,10.97,no,"{""count_fp"":""10.97"",""created_time"":""2026-04-27T20:20:56.870786Z"",""no_price_dollars"":""0.2600"",""taker_side"":""no"",""ticker"":""KXETH15M-26APR271630-30"",""trade_id"":""3a006c7c-4860-53fa-73c0-03e166d322e6"",""yes_price_dollars"":""0.7400""}"
KXETH15M-26APR271630-30,f46df3fc-8689-4328-39dc-911c112022d9,1777321256,0.75,0.66,yes,"{""count_fp"":""0.66"",""created_time"":""2026-04-27T20:20:56.095386Z"",""no_price_dollars"":""0.2500"",""taker_side"":""yes"",""ticker"":""KXETH15M-26APR271630-30"",""trade_id"":""f46df3fc-8689-4328-39dc-911c112022d9"",""yes_price_dollars"":""0.7500""}"
KXETH15M-26APR271630-30,bdde2a0f-476e-415b-2298-4092785177a4,1777321256,0.75,15.34,yes,"{""count_fp"":""15.34"",""created_time"":""2026-04-27T20:20:56.095386Z"",""no_price_dollars"":""0.2500"",""taker_side"":""yes"",""ticker"":""KXETH15M-26APR271630-30"",""trade_id"":""bdde2a0f-476e-415b-2298-4092785177a4"",""yes_price_dollars"":""0.7500""}"
KXETH15M-26APR271630-30,d134406a-c920-4e96-0073-9d64117fe192,1777321259,0.74,0.36,no,"{""count_fp"":""0.36"",""created_time"":""2026-04-27T20:20:59.032418Z"",""no_price_dollars"":""0.2600"",""taker_side"":""no"",""ticker"":""KXETH15M-26APR271630-30"",""trade_id"":""d134406a-c920-4e96-0073-9d64117fe192"",""yes_price_dollars"":""0.7400""}"
KXETH15M-26APR271630-30,cd593088-6f91-4f66-f2ba-c9191aca75bd,1777321260,0.75,1.87,no,"{""count_fp"":""1.87"",""created_time"":""2026-04-27T20:21:00.381497Z"",""no_price_dollars"":""0.2500"",""taker_side"":""no"",""ticker"":""KXETH15M-26APR271630-30"",""trade_id"":""cd593088-6f91-4f66-f2ba-c9191aca75bd"",""yes_price_dollars"":""0.7500""}"
KXETH15M-26APR271630-30,3843f6fd-a513-4bf4-f1ff-7d6003577558,1777321260,0.75,100.0,no,"{""count_fp"":""100.00"",""created_time"":""2026-04-27T20:21:00.381497Z"",""no_price_dollars"":""0.2500"",""taker_side"":""no"",""ticker"":""KXETH15M-26APR271630-30"",""trade_id"":""3843f6fd-a513-4bf4-f1ff-7d6003577558"",""yes_price_dollars"":""0.7500""}"
KXETH15M-26APR271630-30,165e4426-4164-468e-e184-0512e8e1181e,1777321260,0.74,61.67,no,"{""count_fp"":""61.67"",""created_time"":""2026-04-27T20:21:00.381497Z"",""no_price_dollars"":""0.2600"",""taker_side"":""no"",""ticker"":""KXETH15M-26APR271630-30"",""trade_id"":""165e4426-4164-468e-e184-0512e8e1181e"",""yes_price_dollars"":""0.7400""}"
KXETH15M-26APR271630-30,73debf43-4c8e-4363-dcff-2c42a0c65d20,1777321260,0.75,0.13,yes,"{""count_fp"":""0.13"",""created_time"":""2026-04-27T20:21:00.305841Z"",""no_price_dollars"":""0.2500"",""taker_side"":""yes"",""ticker"":""KXETH15M-26APR271630-30"",""trade_id"":""73debf43-4c8e-4363-dcff-2c42a0c65d20"",""yes_price_dollars"":""0.7500""}"
KXETH15M-26APR271630-30,1367065b-6aca-46fc-0383-aa8aab1566f5,1777321266,0.74,5.0,yes,"{""count_fp"":""5.00"",""created_time"":""2026-04-27T20:21:06.084618Z"",""no_price_dollars"":""0.2600"",""taker_side"":""yes"",""ticker"":""KXETH15M-26APR271630-30"",""trade_id"":""1367065b-6aca-46fc-0383-aa8aab1566f5"",""yes_price_dollars"":""0.7400""}"
KXETH15M-26APR271630-30,a1d639d4-84e5-460f-c628-bfc32a9750d6,1777321270,0.73,0.46,no,"{""count_fp"":""0.46"",""created_time"":""2026-04-27T20:21:10.831734Z"",""no_price_dollars"":""0.2700"",""taker_side"":""no"",""ticker"":""KXETH15M-26APR271630-30"",""trade_id"":""a1d639d4-84e5-460f-c628-bfc32a9750d6"",""yes_price_dollars"":""0.7300""}"
KXETH15M-26APR271630-30,af04b58f-e80e-6482-c855-c70198997f21,1777321271,0.76,1.0,no,"{""count_fp"":""1.00"",""created_time"":""2026-04-27T20:21:11.748388Z"",""no_price_dollars"":""0.2400"",""taker_side"":""no"",""ticker"":""KXETH15M-26APR271630-30"",""trade_id"":""af04b58f-e80e-6482-c855-c70198997f21"",""yes_price_dollars"":""0.7600""}"
KXETH15M-26APR271630-30,2a3693a4-9802-67b7-c262-edb62e1309ce,1777321271,0.76,4.0,no,"{""count_fp"":""4.00"",""created_time"":""2026-04-27T20:21:11.748388Z"",""no_price_dollars"":""0.2400"",""taker_side"":""no"",""ticker"":""KXETH15M-26APR271630-30"",""trade_id"":""2a3693a4-9802-67b7-c262-edb62e1309ce"",""yes_price_dollars"":""0.7600""}"
KXETH15M-26APR271630-30,e4ccdb38-121f-56cf-6fb3-8e37496968b3,1777321271,0.79,1.0,yes,"{""count_fp"":""1.00"",""created_time"":""2026-04-27T20:21:11.430052Z"",""no_price_dollars"":""0.2100"",""taker_side"":""yes"",""ticker"":""KXETH15M-26APR271630-30"",""trade_id"":""e4ccdb38-121f-56cf-6fb3-8e37496968b3"",""yes_price_dollars"":""0.7900""}"
KXETH15M-26APR271630-30,820b8ef6-3154-5206-a257-9e9731238d71,1777321272,0.79,4.51,yes,"{""count_fp"":""4.51"",""created_time"":""2026-04-27T20:21:12.776591Z"",""no_price_dollars"":""0.2100"",""taker_side"":""yes"",""ticker"":""KXETH15M-26APR271630-30"",""trade_id"":""820b8ef6-3154-5206-a257-9e9731238d71"",""yes_price_dollars"":""0.7900""}"
KXETH15M-26APR271630-30,c2ec1db5-660e-5ee4-43cb-83bb548e6294,1777321274,0.8,0.28,yes,"{""count_fp"":""0.28"",""created_time"":""2026-04-27T20:21:14.154014Z"",""no_price_dollars"":""0.2000"",""taker_side"":""yes"",""ticker"":""KXETH15M-26APR271630-30"",""trade_id"":""c2ec1db5-660e-5ee4-43cb-83bb548e6294"",""yes_price_dollars"":""0.8000""}"
KXETH15M-26APR271630-30,971158a8-10be-67da-e95f-0ee3492cadfa,1777321275,0.78,1.0,no,"{""count_fp"":""1.00"",""created_time"":""2026-04-27T20:21:15.183238Z"",""no_price_dollars"":""0.2200"",""taker_side"":""no"",""ticker"":""KXETH15M-26APR271630-30"",""trade_id"":""971158a8-10be-67da-e95f-0ee3492cadfa"",""yes_price_dollars"":""0.7800""}"
KXETH15M-26APR271630-30,7907c615-a3aa-5050-e1b4-500e75dfe5e7,1777321277,0.81,1.0,yes,"{""count_fp"":""1.00"",""created_time"":""2026-04-27T20:21:17.142752Z"",""no_price_dollars"":""0.1900"",""taker_side"":""yes"",""ticker"":""KXETH15M-26APR271630-30"",""trade_id"":""7907c615-a3aa-5050-e1b4-500e75dfe5e7"",""yes_price_dollars"":""0.8100""}"
KXETH15M-26APR271630-30,2228a2eb-8526-4334-65ec-bfdcd18a8128,1777321278,0.82,2.41,yes,"{""count_fp"":""2.41"",""created_time"":""2026-04-27T20:21:18.268332Z"",""no_price_dollars"":""0.1800"",""taker_side"":""yes"",""ticker"":""KXETH15M-26APR271630-30"",""trade_id"":""2228a2eb-8526-4334-65ec-bfdcd18a8128"",""yes_price_dollars"":""0.8200""}"
KXETH15M-26APR271630-30,ed639392-7eb6-5643-606a-86bea8ad1b82,1777321282,0.8,89.25,no,"{""count_fp"":""89.25"",""created_time"":""2026-04-27T20:21:22.606868Z"",""no_price_dollars"":""0.2000"",""taker_side"":""no"",""ticker"":""KXETH15M-26APR271630-30"",""trade_id"":""ed639392-7eb6-5643-606a-86bea8ad1b82"",""yes_price_dollars"":""0.8000""}"
KXETH15M-26APR271630-30,9228e96d-d0e8-57af-41c7-dc618c68e162,1777321282,0.8,1.0,no,"{""count_fp"":""1.00"",""created_time"":""2026-04-27T20:21:22.606868Z"",""no_price_dollars"":""0.2000"",""taker_side"":""no"",""ticker"":""KXETH15M-26APR271630-30"",""trade_id"":""9228e96d-d0e8-57af-41c7-dc618c68e162"",""yes_price_dollars"":""0.8000""}"
KXETH15M-26APR271630-30,88682285-f556-488c-9e2c-e82e0daec604,1777321283,0.83,21.12,yes,"{""count_fp"":""21.12"",""created_time"":""2026-04-27T20:21:23.140585Z"",""no_price_dollars"":""0.1700"",""taker_side"":""yes"",""ticker"":""KXETH15M-26APR271630-30"",""trade_id"":""88682285-f556-488c-9e2c-e82e0daec604"",""yes_price_dollars"":""0.8300""}"
KXETH15M-26APR271630-30,7ebe060c-9370-435b-9724-dfc333fc25b7,1777321283,0.81,10.0,yes,"{""count_fp"":""10.00"",""created_time"":""2026-04-27T20:21:23.140585Z"",""no_price_dollars"":""0.1900"",""taker_side"":""yes"",""ticker"":""KXETH15M-26APR271630-30"",""trade_id"":""7ebe060c-9370-435b-9724-dfc333fc25b7"",""yes_price_dollars"":""0.8100""}"
KXETH15M-26APR271630-30,67360629-7ab6-4e87-9841-f11c8c335c92,1777321283,0.83,60.0,yes,"{""count_fp"":""60.00"",""created_time"":""2026-04-27T20:21:23.140585Z"",""no_price_dollars"":""0.1700"",""taker_side"":""yes"",""ticker"":""KXETH15M-26APR271630-30"",""trade_id"":""67360629-7ab6-4e87-9841-f11c8c335c92"",""yes_price_dollars"":""0.8300""}"
KXETH15M-26APR271630-30,5d4e77e5-46b5-452b-b721-16845e893791,1777321283,0.83,23.0,yes,"{""count_fp"":""23.00"",""created_time"":""2026-04-27T20:21:23.140585Z"",""no_price_dollars"":""0.1700"",""taker_side"":""yes"",""ticker"":""KXETH15M-26APR271630-30"",""trade_id"":""5d4e77e5-46b5-452b-b721-16845e893791"",""yes_price_dollars"":""0.8300""}"
KXETH15M-26APR271630-30,1fbfc8cc-fcb9-446e-8115-7b886f8df104,1777321283,0.83,3.0,yes,"{""count_fp"":""3.00"",""created_time"":""2026-04-27T20:21:23.140585Z"",""no_price_dollars"":""0.1700"",""taker_side"":""yes"",""ticker"":""KXETH15M-26APR271630-30"",""trade_id"":""1fbfc8cc-fcb9-446e-8115-7b886f8df104"",""yes_price_dollars"":""0.8300""}"
KXETH15M-26APR271630-30,077bc7b5-3289-4549-b0f3-f5233fe92bcc,1777321283,0.83,1.0,yes,"{""count_fp"":""1.00"",""created_time"":""2026-04-27T20:21:23.140585Z"",""no_price_dollars"":""0.1700"",""taker_side"":""yes"",""ticker"":""KXETH15M-26APR271630-30"",""trade_id"":""077bc7b5-3289-4549-b0f3-f5233fe92bcc"",""yes_price_dollars"":""0.8300""}"
KXETH15M-26APR271630-30,6b1b19b6-8d84-6165-d2fb-1c9226ca6851,1777321286,0.83,4.0,yes,"{""count_fp"":""4.00"",""created_time"":""2026-04-27T20:21:26.826198Z"",""no_price_dollars"":""0.1700"",""taker_side"":""yes"",""ticker"":""KXETH15M-26APR271630-30"",""trade_id"":""6b1b19b6-8d84-6165-d2fb-1c9226ca6851"",""yes_price_dollars"":""0.8300""}"
KXETH15M-26APR271630-30,0cd8e98e-589d-6a74-e132-850682d6636f,1777321286,0.83,1.0,yes,"{""count_fp"":""1.00"",""created_time"":""2026-04-27T20:21:26.826198Z"",""no_price_dollars"":""0.1700"",""taker_side"":""yes"",""ticker"":""KXETH15M-26APR271630-30"",""trade_id"":""0cd8e98e-589d-6a74-e132-850682d6636f"",""yes_price_dollars"":""0.8300""}"
KXETH15M-26APR271630-30,b485f909-641c-77ba-4b8e-ed36e52949e1,1777321289,0.8,1.0,no,"{""count_fp"":""1.00"",""created_time"":""2026-04-27T20:21:29.811873Z"",""no_price_dollars"":""0.2000"",""taker_side"":""no"",""ticker"":""KXETH15M-26APR271630-30"",""trade_id"":""b485f909-641c-77ba-4b8e-ed36e52949e1"",""yes_price_dollars"":""0.8000""}"
KXETH15M-26APR271630-30,d7d5c112-f6d2-6158-3c28-108835399392,1777321289,0.83,10.0,yes,"{""count_fp"":""10.00"",""created_time"":""2026-04-27T20:21:29.158902Z"",""no_price_dollars"":""0.1700"",""taker_side"":""yes"",""ticker"":""KXETH15M-26APR271630-30"",""trade_id"":""d7d5c112-f6d2-6158-3c28-108835399392"",""yes_price_dollars"":""0.8300""}"
KXETH15M-26APR271630-30,b9f274f8-facc-6f34-2d1b-113840b65f21,1777321289,0.83,8.27,yes,"{""count_fp"":""8.27"",""created_time"":""2026-04-27T20:21:29.158902Z"",""no_price_dollars"":""0.1700"",""taker_side"":""yes"",""ticker"":""KXETH15M-26APR271630-30"",""trade_id"":""b9f274f8-facc-6f34-2d1b-113840b65f21"",""yes_price_dollars"":""0.8300""}"
KXETH15M-26APR271630-30,93d22a34-5d9c-6f67-372a-98dd09e7dacb,1777321289,0.84,4.37,yes,"{""count_fp"":""4.37"",""created_time"":""2026-04-27T20:21:29.158902Z"",""no_price_dollars"":""0.1600"",""taker_side"":""yes"",""ticker"":""KXETH15M-26APR271630-30"",""trade_id"":""93d22a34-5d9c-6f67-372a-98dd09e7dacb"",""yes_price_dollars"":""0.8400""}"
KXETH15M-26APR271630-30,2224061f-01f1-6340-1235-a1fd015fead0,1777321289,0.84,1.0,yes,"{""count_fp"":""1.00"",""created_time"":""2026-04-27T20:21:29.158902Z"",""no_price_dollars"":""0.1600"",""taker_side"":""yes"",""ticker"":""KXETH15M-26APR271630-30"",""trade_id"":""2224061f-01f1-6340-1235-a1fd015fead0"",""yes_price_dollars"":""0.8400""}"
KXETH15M-26APR271630-30,a2e6cc89-c28b-758f-ee7b-d6a519076b8c,1777321290,0.8,1.0,no,"{""count_fp"":""1.00"",""created_time"":""2026-04-27T20:21:30.629775Z"",""no_price_dollars"":""0.2000"",""taker_side"":""no"",""ticker"":""KXETH15M-26APR271630-30"",""trade_id"":""a2e6cc89-c28b-758f-ee7b-d6a519076b8c"",""yes_price_dollars"":""0.8000""}"
KXETH15M-26APR271630-30,5e45a40b-6876-72cf-c0e1-d5576e121056,1777321290,0.8,22.67,no,"{""count_fp"":""22.67"",""created_time"":""2026-04-27T20:21:30.629775Z"",""no_price_dollars"":""0.2000"",""taker_side"":""no"",""ticker"":""KXETH15M-26APR271630-30"",""trade_id"":""5e45a40b-6876-72cf-c0e1-d5576e121056"",""yes_price_dollars"":""0.8000""}"
KXETH15M-26APR271630-30,1a02547d-9872-5a94-f2fe-8fecbce3ab58,1777321292,0.84,32.76,yes,"{""count_fp"":""32.76"",""created_time"":""2026-04-27T20:21:32.878689Z"",""no_price_dollars"":""0.1600"",""taker_side"":""yes"",""ticker"":""KXETH15M-26APR271630-30"",""trade_id"":""1a02547d-9872-5a94-f2fe-8fecbce3ab58"",""yes_price_dollars"":""0.8400""}"
KXETH15M-26APR271630-30,1706df8c-fbf4-51e3-f3f2-d8a14364e027,1777321292,0.84,55.63,yes,"{""count_fp"":""55.63"",""created_time"":""2026-04-27T20:21:32.878689Z"",""no_price_dollars"":""0.1600"",""taker_side"":""yes"",""ticker"":""KXETH15M-26APR271630-30"",""trade_id"":""1706df8c-fbf4-51e3-f3f2-d8a14364e027"",""yes_price_dollars"":""0.8400""}"
KXETH15M-26APR271630-30,b1d8dab1-cb74-57fb-9d42-2e3e3d49f2a3,1777321295,0.8,8.17,no,"{""count_fp"":""8.17"",""created_time"":""2026-04-27T20:21:35.704892Z"",""no_price_dollars"":""0.2000"",""taker_side"":""no"",""ticker"":""KXETH15M-26APR271630-30"",""trade_id"":""b1d8dab1-cb74-57fb-9d42-2e3e3d49f2a3"",""yes_price_dollars"":""0.8000""}"
KXETH15M-26APR271630-30,6dbc4bcc-147e-5757-88e7-7cd0bd996228,1777321295,0.8,1.0,no,"{""count_fp"":""1.00"",""created_time"":""2026-04-27T20:21:35.704892Z"",""no_price_dollars"":""0.2000"",""taker_side"":""no"",""ticker"":""KXETH15M-26APR271630-30"",""trade_id"":""6dbc4bcc-147e-5757-88e7-7cd0bd996228"",""yes_price_dollars"":""0.8000""}"
KXETH15M-26APR271630-30,1efd05ae-5d86-4f4c-8278-5aafee5e6aae,1777321296,0.84,1.0,yes,"{""count_fp"":""1.00"",""created_time"":""2026-04-27T20:21:36.773136Z"",""no_price_dollars"":""0.1600"",""taker_side"":""yes"",""ticker"":""KXETH15M-26APR271630-30"",""trade_id"":""1efd05ae-5d86-4f4c-8278-5aafee5e6aae"",""yes_price_dollars"":""0.8400""}"
KXETH15M-26APR271630-30,d1d44529-e47a-6774-a985-9a568221e2c2,1777321299,0.84,7.06,yes,"{""count_fp"":""7.06"",""created_time"":""2026-04-27T20:21:39.875463Z"",""no_price_dollars"":""0.1600"",""taker_side"":""yes"",""ticker"":""KXETH15M-26APR271630-30"",""trade_id"":""d1d44529-e47a-6774-a985-9a568221e2c2"",""yes_price_dollars"":""0.8400""}"
KXETH15M-26APR271630-30,f409d673-46c6-55cc-7579-46b4c3a5df4c,1777321301,0.85,29.0,yes,"{""count_fp"":""29.00"",""created_time"":""2026-04-27T20:21:41.901128Z"",""no_price_dollars"":""0.1500"",""taker_side"":""yes"",""ticker"":""KXETH15M-26APR271630-30"",""trade_id"":""f409d673-46c6-55cc-7579-46b4c3a5df4c"",""yes_price_dollars"":""0.8500""}"
KXETH15M-26APR271630-30,ef09a422-e567-69c9-bc28-b65c8573855d,1777321301,0.84,3.23,yes,"{""count_fp"":""3.23"",""created_time"":""2026-04-27T20:21:41.717222Z"",""no_price_dollars"":""0.1600"",""taker_side"":""yes"",""ticker"":""KXETH15M-26APR271630-30"",""trade_id"":""ef09a422-e567-69c9-bc28-b65c8573855d"",""yes_price_dollars"":""0.8400""}"
KXETH15M-26APR271630-30,88dd73ec-d4d8-6683-a913-b3a73e589ca7,1777321301,0.82,1.0,yes,"{""count_fp"":""1.00"",""created_time"":""2026-04-27T20:21:41.717222Z"",""no_price_dollars"":""0.1800"",""taker_side"":""yes"",""ticker"":""KXETH15M-26APR271630-30"",""trade_id"":""88dd73ec-d4d8-6683-a913-b3a73e589ca7"",""yes_price_dollars"":""0.8200""}"
KXETH15M-26APR271630-30,83838d58-381e-431b-ccb1-e44ac0de12cb,1777321302,0.83,1.0,yes,"{""count_fp"":""1.00"",""created_time"":""2026-04-27T20:21:42.922394Z"",""no_price_dollars"":""0.1700"",""taker_side"":""yes"",""ticker"":""KXETH15M-26APR271630-30"",""trade_id"":""83838d58-381e-431b-ccb1-e44ac0de12cb"",""yes_price_dollars"":""0.8300""}"
KXETH15M-26APR271630-30,1d97c224-eb47-46b1-f868-ce03b5bc2e42,1777321302,0.84,0.17,yes,"{""count_fp"":""0.17"",""created_time"":""2026-04-27T20:21:42.922394Z"",""no_price_dollars"":""0.1600"",""taker_side"":""yes"",""ticker"":""KXETH15M-26APR271630-30"",""trade_id"":""1d97c224-eb47-46b1-f868-ce03b5bc2e42"",""yes_price_dollars"":""0.8400""}"
KXETH15M-26APR271630-30,27456dd2-553d-453d-f3ab-5583b9f19684,1777321309,0.8,12.0,no,"{""count_fp"":""12.00"",""created_time"":""2026-04-27T20:21:49.897247Z"",""no_price_dollars"":""0.2000"",""taker_side"":""no"",""ticker"":""KXETH15M-26APR271630-30"",""trade_id"":""27456dd2-553d-453d-f3ab-5583b9f19684"",""yes_price_dollars"":""0.8000""}"
KXETH15M-26APR271630-30,9f6f4d6d-17ec-54a6-14a9-38a7323aab40,1777321310,0.79,9.52,yes,"{""count_fp"":""9.52"",""created_time"":""2026-04-27T20:21:50.144827Z"",""no_price_dollars"":""0.2100"",""taker_side"":""yes"",""ticker"":""KXETH15M-26APR271630-30"",""trade_id"":""9f6f4d6d-17ec-54a6-14a9-38a7323aab40"",""yes_price_dollars"":""0.7900""}"
KXETH15M-26APR271630-30,efb3ce21-33e3-6d20-7b83-97530bd48e40,1777321310,0.77,1.0,yes,"{""count_fp"":""1.00"",""created_time"":""2026-04-27T20:21:50.099604Z"",""no_price_dollars"":""0.2300"",""taker_side"":""yes"",""ticker"":""KXETH15M-26APR271630-30"",""trade_id"":""efb3ce21-33e3-6d20-7b83-97530bd48e40"",""yes_price_dollars"":""0.7700""}"
KXETH15M-26APR271630-30,d6f5bf60-0a6f-4025-5c36-7015765f1507,1777321316,0.79,10.52,yes,"{""count_fp"":""10.52"",""created_time"":""2026-04-27T20:21:56.875004Z"",""no_price_dollars"":""0.2100"",""taker_side"":""yes"",""ticker"":""KXETH15M-26APR271630-30"",""trade_id"":""d6f5bf60-0a6f-4025-5c36-7015765f1507"",""yes_price_dollars"":""0.7900""}"
KXETH15M-26APR271630-30,c6f06b10-1d66-4584-41e4-dd97c8624340,1777321316,0.8,1.12,yes,"{""count_fp"":""1.12"",""created_time"":""2026-04-27T20:21:56.875004Z"",""no_price_dollars"":""0.2000"",""taker_side"":""yes"",""ticker"":""KXETH15M-26APR271630-30"",""trade_id"":""c6f06b10-1d66-4584-41e4-dd97c8624340"",""yes_price_dollars"":""0.8000""}"
KXETH15M-26APR271630-30,50b2d9a9-c8e7-47bf-68b6-933aece2d10b,1777321316,0.79,9.52,yes,"{""count_fp"":""9.52"",""created_time"":""2026-04-27T20:21:56.875004Z"",""no_price_dollars"":""0.2100"",""taker_side"":""yes"",""ticker"":""KXETH15M-26APR271630-30"",""trade_id"":""50b2d9a9-c8e7-47bf-68b6-933aece2d10b"",""yes_price_dollars"":""0.7900""}"
KXETH15M-26APR271630-30,1f58b02a-d01d-4c13-7533-aed3b3a65754,1777321316,0.79,10.0,yes,"{""count_fp"":""10.00"",""created_time"":""2026-04-27T20:21:56.875004Z"",""no_price_dollars"":""0.2100"",""taker_side"":""yes"",""ticker"":""KXETH15M-26APR271630-30"",""trade_id"":""1f58b02a-d01d-4c13-7533-aed3b3a65754"",""yes_price_dollars"":""0.7900""}"
KXETH15M-26APR271630-30,962dcc7a-5a98-48ff-00cb-6584c36f51bf,1777321317,0.76,2.91,no,"{""count_fp"":""2.91"",""created_time"":""2026-04-27T20:21:57.980309Z"",""no_price_dollars"":""0.2400"",""taker_side"":""no"",""ticker"":""KXETH15M-26APR271630-30"",""trade_id"":""962dcc7a-5a98-48ff-00cb-6584c36f51bf"",""yes_price_dollars"":""0.7600""}"
KXETH15M-26APR271630-30,09aab895-e015-4538-1604-83caf2ee7097,1777321317,0.76,5.0,no,"{""count_fp"":""5.00"",""created_time"":""2026-04-27T20:21:57.980309Z"",""no_price_dollars"":""0.2400"",""taker_side"":""no"",""ticker"":""KXETH15M-26APR271630-30"",""trade_id"":""09aab895-e015-4538-1604-83caf2ee7097"",""yes_price_dollars"":""0.7600""}"
KXETH15M-26APR271630-30,73c7daa8-4cf4-5e5f-643e-1d7a232dbfd3,1777321318,0.76,22.88,no,"{""count_fp"":""22.88"",""created_time"":""2026-04-27T20:21:58.930344Z"",""no_price_dollars"":""0.2400"",""taker_side"":""no"",""ticker"":""KXETH15M-26APR271630-30"",""trade_id"":""73c7daa8-4cf4-5e5f-643e-1d7a232dbfd3"",""yes_price_dollars"":""0.7600""}"
KXETH15M-26APR271630-30,d34e0937-37c6-6506-871e-610e1e83f2aa,1777321320,0.79,0.52,yes,"{""count_fp"":""0.52"",""created_time"":""2026-04-27T20:22:00.666421Z"",""no_price_dollars"":""0.2100"",""taker_side"":""yes"",""ticker"":""KXETH15M-26APR271630-30"",""trade_id"":""d34e0937-37c6-6506-871e-610e1e83f2aa"",""yes_price_dollars"":""0.7900""}"
KXETH15M-26APR271630-30,9fd6abe2-845b-641a-a3dd-e89eb715fdb6,1777321320,0.79,8.48,yes,"{""count_fp"":""8.48"",""created_time"":""2026-04-27T20:22:00.666421Z"",""no_price_dollars"":""0.2100"",""taker_side"":""yes"",""ticker"":""KXETH15M-26APR271630-30"",""trade_id"":""9fd6abe2-845b-641a-a3dd-e89eb715fdb6"",""yes_price_dollars"":""0.7900""}"
KXETH15M-26APR271630-30,27d29249-3720-66b1-95a3-28fefaab12f7,1777321320,0.79,1.0,yes,"{""count_fp"":""1.00"",""created_time"":""2026-04-27T20:22:00.666421Z"",""no_price_dollars"":""0.2100"",""taker_side"":""yes"",""ticker"":""KXETH15M-26APR271630-30"",""trade_id"":""27d29249-3720-66b1-95a3-28fefaab12f7"",""yes_price_dollars"":""0.7900""}"
KXETH15M-26APR271630-30,f6dfaebe-030a-56ec-5cf0-053145e52f95,1777321320,0.79,3.0,yes,"{""count_fp"":""3.00"",""created_time"":""2026-04-27T20:22:00.553655Z"",""no_price_dollars"":""0.2100"",""taker_side"":""yes"",""ticker"":""KXETH15M-26APR271630-30"",""trade_id"":""f6dfaebe-030a-56ec-5cf0-053145e52f95"",""yes_price_dollars"":""0.7900""}"
KXETH15M-26APR271630-30,c8558737-6076-567e-7546-9d0ea6403062,1777321320,0.79,9.0,yes,"{""count_fp"":""9.00"",""created_time"":""2026-04-27T20:22:00.553655Z"",""no_price_dollars"":""0.2100"",""taker_side"":""yes"",""ticker"":""KXETH15M-26APR271630-30"",""trade_id"":""c8558737-6076-567e-7546-9d0ea6403062"",""yes_price_dollars"":""0.7900""}"
KXETH15M-26APR271630-30,4d63c168-ab4a-5d90-7375-7d2febac86cd,1777321320,0.79,2.0,yes,"{""count_fp"":""2.00"",""created_time"":""2026-04-27T20:22:00.315425Z"",""no_price_dollars"":""0.2100"",""taker_side"":""yes"",""ticker"":""KXETH15M-26APR271630-30"",""trade_id"":""4d63c168-ab4a-5d90-7375-7d2febac86cd"",""yes_price_dollars"":""0.7900""}"
KXETH15M-26APR271630-30,f81b4b3d-e722-65fc-f198-ed3de474cc9c,1777321322,0.76,1.0,yes,"{""count_fp"":""1.00"",""created_time"":""2026-04-27T20:22:02.970701Z"",""no_price_dollars"":""0.2400"",""taker_side"":""yes"",""ticker"":""KXETH15M-26APR271630-30"",""trade_id"":""f81b4b3d-e722-65fc-f198-ed3de474cc9c"",""yes_price_dollars"":""0.7600""}"
KXETH15M-26APR271630-30,06b5f474-b932-6e7a-df0a-ee7cabe92b66,1777321322,0.76,1.0,yes,"{""count_fp"":""1.00"",""created_time"":""2026-04-27T20:22:02.970701Z"",""no_price_dollars"":""0.2400"",""taker_side"":""yes"",""ticker"":""KXETH15M-26APR271630-30"",""trade_id"":""06b5f474-b932-6e7a-df0a-ee7cabe92b66"",""yes_price_dollars"":""0.7600""}"
KXETH15M-26APR271630-30,b96e889e-3144-5cd3-6339-21e91b4d9893,1777321322,0.75,2.87,no,"{""count_fp"":""2.87"",""created_time"":""2026-04-27T20:22:02.502569Z"",""no_price_dollars"":""0.2500"",""taker_side"":""no"",""ticker"":""KXETH15M-26APR271630-30"",""trade_id"":""b96e889e-3144-5cd3-6339-21e91b4d9893"",""yes_price_dollars"":""0.7500""}"
KXETH15M-26APR271630-30,63a62f30-83d4-417f-d156-968ad3786e5b,1777321323,0.75,0.13,no,"{""count_fp"":""0.13"",""created_time"":""2026-04-27T20:22:03.543318Z"",""no_price_dollars"":""0.2500"",""taker_side"":""no"",""ticker"":""KXETH15M-26APR271630-30"",""trade_id"":""63a62f30-83d4-417f-d156-968ad3786e5b"",""yes_price_dollars"":""0.7500""}"
KXETH15M-26APR271630-30,b108b2a5-6fa0-4b37-992a-5884789b5c1b,1777321323,0.75,130.0,no,"{""count_fp"":""130.00"",""created_time"":""2026-04-27T20:22:03.528782Z"",""no_price_dollars"":""0.2500"",""taker_side"":""no"",""ticker"":""KXETH15M-26APR271630-30"",""trade_id"":""b108b2a5-6fa0-4b37-992a-5884789b5c1b"",""yes_price_dollars"":""0.7500""}"
KXETH15M-26APR271630-30,59c000dd-da7e-5a90-17e5-a04ec34f71ac,1777321324,0.75,1.0,yes,"{""count_fp"":""1.00"",""created_time"":""2026-04-27T20:22:04.010009Z"",""no_price_dollars"":""0.2500"",""taker_side"":""yes"",""ticker"":""KXETH15M-26APR271630-30"",""trade_id"":""59c000dd-da7e-5a90-17e5-a04ec34f71ac"",""yes_price_dollars"":""0.7500""}"
KXETH15M-26APR271630-30,11c9831e-2e3b-537d-aa32-636d92065799,1777321325,0.74,0.54,no,"{""count_fp"":""0.54"",""created_time"":""2026-04-27T20:22:05.313115Z"",""no_price_dollars"":""0.2600"",""taker_side"":""no"",""ticker"":""KXETH15M-26APR271630-30"",""trade_id"":""11c9831e-2e3b-537d-aa32-636d92065799"",""yes_price_dollars"":""0.7400""}"
KXETH15M-26APR271630-30,f65a9c70-2d6b-7229-64d3-e671071903b5,1777321327,0.7,4.09,no,"{""count_fp"":""4.09"",""created_time"":""2026-04-27T20:22:07.327329Z"",""no_price_dollars"":""0.3000"",""taker_side"":""no"",""ticker"":""KXETH15M-26APR271630-30"",""trade_id"":""f65a9c70-2d6b-7229-64d3-e671071903b5"",""yes_price_dollars"":""0.7000""}"
KXETH15M-26APR271630-30,e67b0b11-f1ab-734d-6e0f-8695e24d5f4d,1777321327,0.74,2.46,no,"{""count_fp"":""2.46"",""created_time"":""2026-04-27T20:22:07.327329Z"",""no_price_dollars"":""0.2600"",""taker_side"":""no"",""ticker"":""KXETH15M-26APR271630-30"",""trade_id"":""e67b0b11-f1ab-734d-6e0f-8695e24d5f4d"",""yes_price_dollars"":""0.7400""}"
KXETH15M-26APR271630-30,98cf36e2-6662-4e90-e4bf-4c8bf7a14390,1777321331,0.72,10.0,yes,"{""count_fp"":""10.00"",""created_time"":""2026-04-27T20:22:11.306688Z"",""no_price_dollars"":""0.2800"",""taker_side"":""yes"",""ticker"":""KXETH15M-26APR271630-30"",""trade_id"":""98cf36e2-6662-4e90-e4bf-4c8bf7a14390"",""yes_price_dollars"":""0.7200""}"
KXETH15M-26APR271630-30,ee89fd74-f2ca-6dc8-4045-336c4897f98c,1777321331,0.71,1.0,yes,"{""count_fp"":""1.00"",""created_time"":""2026-04-27T20:22:11.043246Z"",""no_price_dollars"":""0.2900"",""taker_side"":""yes"",""ticker"":""KXETH15M-26APR271630-30"",""trade_id"":""ee89fd74-f2ca-6dc8-4045-336c4897f98c"",""yes_price_dollars"":""0.7100""}"
KXETH15M-26APR271630-30,d40006b6-f826-6720-4d73-41e9214c5618,1777321331,0.72,5.38,yes,"{""count_fp"":""5.38"",""created_time"":""2026-04-27T20:22:11.043246Z"",""no_price_dollars"":""0.2800"",""taker_side"":""yes"",""ticker"":""KXETH15M-26APR271630-30"",""trade_id"":""d40006b6-f826-6720-4d73-41e9214c5618"",""yes_price_dollars"":""0.7200""}"
KXETH15M-26APR271630-30,b45caf21-8dd8-6ac6-7f5f-269b8127e465,1777321331,0.71,8.62,yes,"{""count_fp"":""8.62"",""created_time"":""2026-04-27T20:22:11.043246Z"",""no_price_dollars"":""0.2900"",""taker_side"":""yes"",""ticker"":""KXETH15M-26APR271630-30"",""trade_id"":""b45caf21-8dd8-6ac6-7f5f-269b8127e465"",""yes_price_dollars"":""0.7100""}"
KXETH15M-26APR271630-30,fe9398a8-83ed-7d35-edb0-84dc72eafd12,1777321334,0.68,10.0,no,"{""count_fp"":""10.00"",""created_time"":""2026-04-27T20:22:14.169938Z"",""no_price_dollars"":""0.3200"",""taker_side"":""no"",""ticker"":""KXETH15M-26APR271630-30"",""trade_id"":""fe9398a8-83ed-7d35-edb0-84dc72eafd12"",""yes_price_dollars"":""0.6800""}"
KXETH15M-26APR271630-30,ee080d42-ce69-7a2f-e627-7edbfa8d6ffa,1777321334,0.65,107.42,no,"{""count_fp"":""107.42"",""created_time"":""2026-04-27T20:22:14.169938Z"",""no_price_dollars"":""0.3500"",""taker_side"":""no"",""ticker"":""KXETH15M-26APR271630-30"",""trade_id"":""ee080d42-ce69-7a2f-e627-7edbfa8d6ffa"",""yes_price_dollars"":""0.6500""}"
KXETH15M-26APR271630-30,e51bef7e-48f0-7047-ca72-270ef5058afb,1777321334,0.68,100.0,no,"{""count_fp"":""100.00"",""created_time"":""2026-04-27T20:22:14.169938Z"",""no_price_dollars"":""0.3200"",""taker_side"":""no"",""ticker"":""KXETH15M-26APR271630-30"",""trade_id"":""e51bef7e-48f0-7047-ca72-270ef5058afb"",""yes_price_dollars"":""0.6800""}"
KXETH15M-26APR271630-30,7ffd9e09-fc88-71c3-cef8-52c6e4d8d494,1777321334,0.66,5.0,no,"{""count_fp"":""5.00"",""created_time"":""2026-04-27T20:22:14.169938Z"",""no_price_dollars"":""0.3400"",""taker_side"":""no"",""ticker"":""KXETH15M-26APR271630-30"",""trade_id"":""7ffd9e09-fc88-71c3-cef8-52c6e4d8d494"",""yes_price_dollars"":""0.6600""}"
KXETH15M-26APR271630-30,1a42bdec-10c7-7953-e66f-61b2f6478cc4,1777321334,0.68,5.0,no,"{""count_fp"":""5.00"",""created_time"":""2026-04-27T20:22:14.169938Z"",""no_price_dollars"":""0.3200"",""taker_side"":""no"",""ticker"":""KXETH15M-26APR271630-30"",""trade_id"":""1a42bdec-10c7-7953-e66f-61b2f6478cc4"",""yes_price_dollars"":""0.6800""}"
KXETH15M-26APR271630-30,0a7fc611-589b-71dd-ccd8-673918c216b8,1777321334,0.67,1.0,no,"{""count_fp"":""1.00"",""created_time"":""2026-04-27T20:22:14.169938Z"",""no_price_dollars"":""0.3300"",""taker_side"":""no"",""ticker"":""KXETH15M-26APR271630-30"",""trade_id"":""0a7fc611-589b-71dd-ccd8-673918c216b8"",""yes_price_dollars"":""0.6700""}"
KXETH15M-26APR271630-30,fc07d6d2-cd75-504f-c15f-6575c2a8b802,1777321338,0.58,59.44,no,"{""count_fp"":""59.44"",""created_time"":""2026-04-27T20:22:18.094471Z"",""no_price_dollars"":""0.4200"",""taker_side"":""no"",""ticker"":""KXETH15M-26APR271630-30"",""trade_id"":""fc07d6d2-cd75-504f-c15f-6575c2a8b802"",""yes_price_dollars"":""0.5800""}"
KXETH15M-26APR271630-30,d56f236c-4ba3-5505-ca10-69176daf2f11,1777321338,0.59,26.0,no,"{""count_fp"":""26.00"",""created_time"":""2026-04-27T20:22:18.094471Z"",""no_price_dollars"":""0.4100"",""taker_side"":""no"",""ticker"":""KXETH15M-26APR271630-30"",""trade_id"":""d56f236c-4ba3-5505-ca10-69176daf2f11"",""yes_price_dollars"":""0.5900""}"
KXETH15M-26APR271630-30,bcf6fe35-fb25-550f-cac4-ba86cbc92c25,1777321338,0.63,10.0,no,"{""count_fp"":""10.00"",""created_time"":""2026-04-27T20:22:18.094471Z"",""no_price_dollars"":""0.3700"",""taker_side"":""no"",""ticker"":""KXETH15M-26APR271630-30"",""trade_id"":""bcf6fe35-fb25-550f-cac4-ba86cbc92c25"",""yes_price_dollars"":""0.6300""}"
KXETH15M-26APR271630-30,095e9e99-8ccf-58c5-c39f-54a1edafedfd,1777321338,0.59,1.0,no,"{""count_fp"":""1.00"",""created_time"":""2026-04-27T20:22:18.094471Z"",""no_price_dollars"":""0.4100"",""taker_side"":""no"",""ticker"":""KXETH15M-26APR271630-30"",""trade_id"":""095e9e99-8ccf-58c5-c39f-54a1edafedfd"",""yes_price_dollars"":""0.5900""}"
