ticker,trade_id,ts,yes_price,count,taker_side,raw_json
KXETH15M-26APR281430-30,fe729a2d-1c48-56d2-d463-23fc5863e698,1777400119,0.49,0.98,yes,"{""count_fp"":""0.98"",""created_time"":""2026-04-28T18:15:19.877536Z"",""no_price_dollars"":""0.5100"",""taker_side"":""yes"",""ticker"":""KXETH15M-26APR281430-30"",""trade_id"":""fe729a2d-1c48-56d2-d463-23fc5863e698"",""yes_price_dollars"":""0.4900""}"
KXETH15M-26APR281430-30,fdeb9f70-63da-5f38-ce62-621f5a409b3e,1777400120,0.45,1.0,no,"{""count_fp"":""1.00"",""created_time"":""2026-04-28T18:15:20.024889Z"",""no_price_dollars"":""0.5500"",""taker_side"":""no"",""ticker"":""KXETH15M-26APR281430-30"",""trade_id"":""fdeb9f70-63da-5f38-ce62-621f5a409b3e"",""yes_price_dollars"":""0.4500""}"
KXETH15M-26APR281430-30,612b5830-9198-4be2-89f5-800ba31122c0,1777400123,0.49,40.0,yes,"{""count_fp"":""40.00"",""created_time"":""2026-04-28T18:15:23.669167Z"",""no_price_dollars"":""0.5100"",""taker_side"":""yes"",""ticker"":""KXETH15M-26APR281430-30"",""trade_id"":""612b5830-9198-4be2-89f5-800ba31122c0"",""yes_price_dollars"":""0.4900""}"
KXETH15M-26APR281430-30,e551f2e5-3372-41f2-30e6-fa188370cb80,1777400123,0.48,2.0,no,"{""count_fp"":""2.00"",""created_time"":""2026-04-28T18:15:23.005255Z"",""no_price_dollars"":""0.5200"",""taker_side"":""no"",""ticker"":""KXETH15M-26APR281430-30"",""trade_id"":""e551f2e5-3372-41f2-30e6-fa188370cb80"",""yes_price_dollars"":""0.4800""}"
KXETH15M-26APR281430-30,1c1d2a76-e550-427a-0e1c-88ca72392ee4,1777400125,0.49,7.88,yes,"{""count_fp"":""7.88"",""created_time"":""2026-04-28T18:15:25.804037Z"",""no_price_dollars"":""0.5100"",""taker_side"":""yes"",""ticker"":""KXETH15M-26APR281430-30"",""trade_id"":""1c1d2a76-e550-427a-0e1c-88ca72392ee4"",""yes_price_dollars"":""0.4900""}"
KXETH15M-26APR281430-30,e67f2186-4354-730a-45bc-36251395de6c,1777400128,0.49,2.0,yes,"{""count_fp"":""2.00"",""created_time"":""2026-04-28T18:15:28.116136Z"",""no_price_dollars"":""0.5100"",""taker_side"":""yes"",""ticker"":""KXETH15M-26APR281430-30"",""trade_id"":""e67f2186-4354-730a-45bc-36251395de6c"",""yes_price_dollars"":""0.4900""}"
KXETH15M-26APR281430-30,b5dbeaff-1a1c-743c-677d-c1702b8add65,1777400128,0.48,2.0,yes,"{""count_fp"":""2.00"",""created_time"":""2026-04-28T18:15:28.116136Z"",""no_price_dollars"":""0.5200"",""taker_side"":""yes"",""ticker"":""KXETH15M-26APR281430-30"",""trade_id"":""b5dbeaff-1a1c-743c-677d-c1702b8add65"",""yes_price_dollars"":""0.4800""}"
KXETH15M-26APR281430-30,88ecdeb8-44b7-6dc8-7a1c-1a18f744d6ca,1777400134,0.49,3.93,yes,"{""count_fp"":""3.93"",""created_time"":""2026-04-28T18:15:34.670027Z"",""no_price_dollars"":""0.5100"",""taker_side"":""yes"",""ticker"":""KXETH15M-26APR281430-30"",""trade_id"":""88ecdeb8-44b7-6dc8-7a1c-1a18f744d6ca"",""yes_price_dollars"":""0.4900""}"
KXETH15M-26APR281430-30,6a6e4acc-2b5c-5341-80c0-d55e55c88ce2,1777400135,0.45,1.0,no,"{""count_fp"":""1.00"",""created_time"":""2026-04-28T18:15:35.432131Z"",""no_price_dollars"":""0.5500"",""taker_side"":""no"",""ticker"":""KXETH15M-26APR281430-30"",""trade_id"":""6a6e4acc-2b5c-5341-80c0-d55e55c88ce2"",""yes_price_dollars"":""0.4500""}"
KXETH15M-26APR281430-30,9d0f2151-e233-479a-1c49-8cc4186f7c6d,1777400136,0.45,1.0,no,"{""count_fp"":""1.00"",""created_time"":""2026-04-28T18:15:36.169171Z"",""no_price_dollars"":""0.5500"",""taker_side"":""no"",""ticker"":""KXETH15M-26APR281430-30"",""trade_id"":""9d0f2151-e233-479a-1c49-8cc4186f7c6d"",""yes_price_dollars"":""0.4500""}"
KXETH15M-26APR281430-30,314537c2-1dfc-4abd-3ee4-20622fa48dd8,1777400136,0.44,2.48,no,"{""count_fp"":""2.48"",""created_time"":""2026-04-28T18:15:36.169171Z"",""no_price_dollars"":""0.5600"",""taker_side"":""no"",""ticker"":""KXETH15M-26APR281430-30"",""trade_id"":""314537c2-1dfc-4abd-3ee4-20622fa48dd8"",""yes_price_dollars"":""0.4400""}"
KXETH15M-26APR281430-30,1704281e-dba0-5df1-11f3-db355babc8c0,1777400139,0.44,1.73,no,"{""count_fp"":""1.73"",""created_time"":""2026-04-28T18:15:39.422427Z"",""no_price_dollars"":""0.5600"",""taker_side"":""no"",""ticker"":""KXETH15M-26APR281430-30"",""trade_id"":""1704281e-dba0-5df1-11f3-db355babc8c0"",""yes_price_dollars"":""0.4400""}"
KXETH15M-26APR281430-30,5be1dfe9-f0d3-42ec-7be8-25ce579f3ca6,1777400140,0.5,10.0,yes,"{""count_fp"":""10.00"",""created_time"":""2026-04-28T18:15:40.810658Z"",""no_price_dollars"":""0.5000"",""taker_side"":""yes"",""ticker"":""KXETH15M-26APR281430-30"",""trade_id"":""5be1dfe9-f0d3-42ec-7be8-25ce579f3ca6"",""yes_price_dollars"":""0.5000""}"
KXETH15M-26APR281430-30,326f23d0-7d35-48de-53ca-7415aeeaab13,1777400140,0.48,5.0,yes,"{""count_fp"":""5.00"",""created_time"":""2026-04-28T18:15:40.810658Z"",""no_price_dollars"":""0.5200"",""taker_side"":""yes"",""ticker"":""KXETH15M-26APR281430-30"",""trade_id"":""326f23d0-7d35-48de-53ca-7415aeeaab13"",""yes_price_dollars"":""0.4800""}"
KXETH15M-26APR281430-30,23092b1d-9adf-4e65-6fd6-cefea22478b4,1777400140,0.51,70.0,yes,"{""count_fp"":""70.00"",""created_time"":""2026-04-28T18:15:40.810658Z"",""no_price_dollars"":""0.4900"",""taker_side"":""yes"",""ticker"":""KXETH15M-26APR281430-30"",""trade_id"":""23092b1d-9adf-4e65-6fd6-cefea22478b4"",""yes_price_dollars"":""0.5100""}"
KXETH15M-26APR281430-30,044d1007-b167-40c8-5249-b3fda103e2f8,1777400140,0.5,40.0,yes,"{""count_fp"":""40.00"",""created_time"":""2026-04-28T18:15:40.810658Z"",""no_price_dollars"":""0.5000"",""taker_side"":""yes"",""ticker"":""KXETH15M-26APR281430-30"",""trade_id"":""044d1007-b167-40c8-5249-b3fda103e2f8"",""yes_price_dollars"":""0.5000""}"
KXETH15M-26APR281430-30,63751c35-24e4-57e1-a3f2-a33c748df93c,1777400140,0.44,17.32,no,"{""count_fp"":""17.32"",""created_time"":""2026-04-28T18:15:40.800992Z"",""no_price_dollars"":""0.5600"",""taker_side"":""no"",""ticker"":""KXETH15M-26APR281430-30"",""trade_id"":""63751c35-24e4-57e1-a3f2-a33c748df93c"",""yes_price_dollars"":""0.4400""}"
KXETH15M-26APR281430-30,af22536d-de97-61c0-943f-fde3c5e67cc7,1777400141,0.56,10.0,no,"{""count_fp"":""10.00"",""created_time"":""2026-04-28T18:15:41.851968Z"",""no_price_dollars"":""0.4400"",""taker_side"":""no"",""ticker"":""KXETH15M-26APR281430-30"",""trade_id"":""af22536d-de97-61c0-943f-fde3c5e67cc7"",""yes_price_dollars"":""0.5600""}"
KXETH15M-26APR281430-30,9a0f54bb-7836-645f-82be-5eb35212b4be,1777400141,0.56,4.0,no,"{""count_fp"":""4.00"",""created_time"":""2026-04-28T18:15:41.851968Z"",""no_price_dollars"":""0.4400"",""taker_side"":""no"",""ticker"":""KXETH15M-26APR281430-30"",""trade_id"":""9a0f54bb-7836-645f-82be-5eb35212b4be"",""yes_price_dollars"":""0.5600""}"
KXETH15M-26APR281430-30,a180605c-73d8-530e-d400-7f0e37a5e5a4,1777400141,0.61,5.0,yes,"{""count_fp"":""5.00"",""created_time"":""2026-04-28T18:15:41.456084Z"",""no_price_dollars"":""0.3900"",""taker_side"":""yes"",""ticker"":""KXETH15M-26APR281430-30"",""trade_id"":""a180605c-73d8-530e-d400-7f0e37a5e5a4"",""yes_price_dollars"":""0.6100""}"
KXETH15M-26APR281430-30,e2719a8b-19cc-56a8-429b-fd5a43fbb9e4,1777400141,0.57,2.0,yes,"{""count_fp"":""2.00"",""created_time"":""2026-04-28T18:15:41.014934Z"",""no_price_dollars"":""0.4300"",""taker_side"":""yes"",""ticker"":""KXETH15M-26APR281430-30"",""trade_id"":""e2719a8b-19cc-56a8-429b-fd5a43fbb9e4"",""yes_price_dollars"":""0.5700""}"
KXETH15M-26APR281430-30,354616db-b8dc-701d-c02c-f9289794a3f0,1777400152,0.57,50.0,no,"{""count_fp"":""50.00"",""created_time"":""2026-04-28T18:15:52.325089Z"",""no_price_dollars"":""0.4300"",""taker_side"":""no"",""ticker"":""KXETH15M-26APR281430-30"",""trade_id"":""354616db-b8dc-701d-c02c-f9289794a3f0"",""yes_price_dollars"":""0.5700""}"
KXETH15M-26APR281430-30,71d51e82-8978-6d1d-613d-109946936ec0,1777400153,0.57,1.0,no,"{""count_fp"":""1.00"",""created_time"":""2026-04-28T18:15:53.259141Z"",""no_price_dollars"":""0.4300"",""taker_side"":""no"",""ticker"":""KXETH15M-26APR281430-30"",""trade_id"":""71d51e82-8978-6d1d-613d-109946936ec0"",""yes_price_dollars"":""0.5700""}"
KXETH15M-26APR281430-30,ef4b516f-c9da-788e-8400-7d20735b89f0,1777400160,0.61,3.93,no,"{""count_fp"":""3.93"",""created_time"":""2026-04-28T18:16:00.941181Z"",""no_price_dollars"":""0.3900"",""taker_side"":""no"",""ticker"":""KXETH15M-26APR281430-30"",""trade_id"":""ef4b516f-c9da-788e-8400-7d20735b89f0"",""yes_price_dollars"":""0.6100""}"
KXETH15M-26APR281430-30,7b896c39-d5b0-656c-db25-6e8645ee27a3,1777400160,0.58,1.0,yes,"{""count_fp"":""1.00"",""created_time"":""2026-04-28T18:16:00.640845Z"",""no_price_dollars"":""0.4200"",""taker_side"":""yes"",""ticker"":""KXETH15M-26APR281430-30"",""trade_id"":""7b896c39-d5b0-656c-db25-6e8645ee27a3"",""yes_price_dollars"":""0.5800""}"
KXETH15M-26APR281430-30,c3a5f1c7-8ae0-7166-0981-b6b7cb7982f8,1777400163,0.64,21.0,yes,"{""count_fp"":""21.00"",""created_time"":""2026-04-28T18:16:03.183458Z"",""no_price_dollars"":""0.3600"",""taker_side"":""yes"",""ticker"":""KXETH15M-26APR281430-30"",""trade_id"":""c3a5f1c7-8ae0-7166-0981-b6b7cb7982f8"",""yes_price_dollars"":""0.6400""}"
KXETH15M-26APR281430-30,0cb15fe0-6168-4aca-39f7-bee4fc37bddf,1777400165,0.62,10.0,no,"{""count_fp"":""10.00"",""created_time"":""2026-04-28T18:16:05.234166Z"",""no_price_dollars"":""0.3800"",""taker_side"":""no"",""ticker"":""KXETH15M-26APR281430-30"",""trade_id"":""0cb15fe0-6168-4aca-39f7-bee4fc37bddf"",""yes_price_dollars"":""0.6200""}"
KXETH15M-26APR281430-30,f858f05c-9472-70a3-fb24-51e72ec51dc4,1777400165,0.63,2.0,no,"{""count_fp"":""2.00"",""created_time"":""2026-04-28T18:16:05.128842Z"",""no_price_dollars"":""0.3700"",""taker_side"":""no"",""ticker"":""KXETH15M-26APR281430-30"",""trade_id"":""f858f05c-9472-70a3-fb24-51e72ec51dc4"",""yes_price_dollars"":""0.6300""}"
KXETH15M-26APR281430-30,04a42cb2-b3c2-6274-f3c4-4920027e335d,1777400166,0.68,3.0,yes,"{""count_fp"":""3.00"",""created_time"":""2026-04-28T18:16:06.224419Z"",""no_price_dollars"":""0.3200"",""taker_side"":""yes"",""ticker"":""KXETH15M-26APR281430-30"",""trade_id"":""04a42cb2-b3c2-6274-f3c4-4920027e335d"",""yes_price_dollars"":""0.6800""}"
KXETH15M-26APR281430-30,cab63048-84e2-5c5c-d9f9-dddbb7b48b1d,1777400167,0.68,1.0,yes,"{""count_fp"":""1.00"",""created_time"":""2026-04-28T18:16:07.246257Z"",""no_price_dollars"":""0.3200"",""taker_side"":""yes"",""ticker"":""KXETH15M-26APR281430-30"",""trade_id"":""cab63048-84e2-5c5c-d9f9-dddbb7b48b1d"",""yes_price_dollars"":""0.6800""}"
KXETH15M-26APR281430-30,ef8e0b39-d379-7e53-9f43-da1b80aa0ea1,1777400168,0.64,10.0,no,"{""count_fp"":""10.00"",""created_time"":""2026-04-28T18:16:08.232866Z"",""no_price_dollars"":""0.3600"",""taker_side"":""no"",""ticker"":""KXETH15M-26APR281430-30"",""trade_id"":""ef8e0b39-d379-7e53-9f43-da1b80aa0ea1"",""yes_price_dollars"":""0.6400""}"
KXETH15M-26APR281430-30,e29db7e3-0a1a-7443-a52d-dd793a265cc6,1777400168,0.64,13.99,no,"{""count_fp"":""13.99"",""created_time"":""2026-04-28T18:16:08.232866Z"",""no_price_dollars"":""0.3600"",""taker_side"":""no"",""ticker"":""KXETH15M-26APR281430-30"",""trade_id"":""e29db7e3-0a1a-7443-a52d-dd793a265cc6"",""yes_price_dollars"":""0.6400""}"
KXETH15M-26APR281430-30,f8aac8f7-1235-6d6e-17e2-7740d34462de,1777400173,0.64,10.0,no,"{""count_fp"":""10.00"",""created_time"":""2026-04-28T18:16:13.636444Z"",""no_price_dollars"":""0.3600"",""taker_side"":""no"",""ticker"":""KXETH15M-26APR281430-30"",""trade_id"":""f8aac8f7-1235-6d6e-17e2-7740d34462de"",""yes_price_dollars"":""0.6400""}"
KXETH15M-26APR281430-30,e306d435-abd6-6af7-22bc-84446d9fd66a,1777400173,0.64,3.29,no,"{""count_fp"":""3.29"",""created_time"":""2026-04-28T18:16:13.636444Z"",""no_price_dollars"":""0.3600"",""taker_side"":""no"",""ticker"":""KXETH15M-26APR281430-30"",""trade_id"":""e306d435-abd6-6af7-22bc-84446d9fd66a"",""yes_price_dollars"":""0.6400""}"
KXETH15M-26APR281430-30,9a77c694-36c5-53a1-e38b-fad6c07cd5a4,1777400174,0.65,5.0,yes,"{""count_fp"":""5.00"",""created_time"":""2026-04-28T18:16:14.024531Z"",""no_price_dollars"":""0.3500"",""taker_side"":""yes"",""ticker"":""KXETH15M-26APR281430-30"",""trade_id"":""9a77c694-36c5-53a1-e38b-fad6c07cd5a4"",""yes_price_dollars"":""0.6500""}"
KXETH15M-26APR281430-30,b1114114-e1e2-786b-3315-07c3f90cf362,1777400177,0.66,30.0,no,"{""count_fp"":""30.00"",""created_time"":""2026-04-28T18:16:17.275369Z"",""no_price_dollars"":""0.3400"",""taker_side"":""no"",""ticker"":""KXETH15M-26APR281430-30"",""trade_id"":""b1114114-e1e2-786b-3315-07c3f90cf362"",""yes_price_dollars"":""0.6600""}"
KXETH15M-26APR281430-30,68992cf7-c7eb-757d-00c3-66922d1ee01c,1777400177,0.66,10.0,no,"{""count_fp"":""10.00"",""created_time"":""2026-04-28T18:16:17.275369Z"",""no_price_dollars"":""0.3400"",""taker_side"":""no"",""ticker"":""KXETH15M-26APR281430-30"",""trade_id"":""68992cf7-c7eb-757d-00c3-66922d1ee01c"",""yes_price_dollars"":""0.6600""}"
KXETH15M-26APR281430-30,ebadc60d-c1cf-6ead-c733-fee927620ec5,1777400178,0.65,7.0,no,"{""count_fp"":""7.00"",""created_time"":""2026-04-28T18:16:18.339096Z"",""no_price_dollars"":""0.3500"",""taker_side"":""no"",""ticker"":""KXETH15M-26APR281430-30"",""trade_id"":""ebadc60d-c1cf-6ead-c733-fee927620ec5"",""yes_price_dollars"":""0.6500""}"
KXETH15M-26APR281430-30,3beb517d-440b-696d-e61e-d6688b02ce3d,1777400178,0.65,6.66,no,"{""count_fp"":""6.66"",""created_time"":""2026-04-28T18:16:18.339096Z"",""no_price_dollars"":""0.3500"",""taker_side"":""no"",""ticker"":""KXETH15M-26APR281430-30"",""trade_id"":""3beb517d-440b-696d-e61e-d6688b02ce3d"",""yes_price_dollars"":""0.6500""}"
KXETH15M-26APR281430-30,356864f8-a5b4-74d6-ee2b-da239104ae34,1777400178,0.69,0.7,yes,"{""count_fp"":""0.70"",""created_time"":""2026-04-28T18:16:18.331044Z"",""no_price_dollars"":""0.3100"",""taker_side"":""yes"",""ticker"":""KXETH15M-26APR281430-30"",""trade_id"":""356864f8-a5b4-74d6-ee2b-da239104ae34"",""yes_price_dollars"":""0.6900""}"
KXETH15M-26APR281430-30,e7c24780-b4f6-6b70-39bc-f367c89e4e8e,1777400183,0.67,1.4,no,"{""count_fp"":""1.40"",""created_time"":""2026-04-28T18:16:23.771628Z"",""no_price_dollars"":""0.3300"",""taker_side"":""no"",""ticker"":""KXETH15M-26APR281430-30"",""trade_id"":""e7c24780-b4f6-6b70-39bc-f367c89e4e8e"",""yes_price_dollars"":""0.6700""}"
KXETH15M-26APR281430-30,fb981069-0b94-658a-b6d0-7225a88edd3c,1777400189,0.7,0.4,yes,"{""count_fp"":""0.40"",""created_time"":""2026-04-28T18:16:29.629649Z"",""no_price_dollars"":""0.3000"",""taker_side"":""yes"",""ticker"":""KXETH15M-26APR281430-30"",""trade_id"":""fb981069-0b94-658a-b6d0-7225a88edd3c"",""yes_price_dollars"":""0.7000""}"
KXETH15M-26APR281430-30,02fe9b6a-f0be-6ead-9e8a-0057c2c8e862,1777400189,0.7,1.0,yes,"{""count_fp"":""1.00"",""created_time"":""2026-04-28T18:16:29.629649Z"",""no_price_dollars"":""0.3000"",""taker_side"":""yes"",""ticker"":""KXETH15M-26APR281430-30"",""trade_id"":""02fe9b6a-f0be-6ead-9e8a-0057c2c8e862"",""yes_price_dollars"":""0.7000""}"
KXETH15M-26APR281430-30,eceebe55-919c-5382-11c8-a33176f3811c,1777400190,0.7,0.6,yes,"{""count_fp"":""0.60"",""created_time"":""2026-04-28T18:16:30.014139Z"",""no_price_dollars"":""0.3000"",""taker_side"":""yes"",""ticker"":""KXETH15M-26APR281430-30"",""trade_id"":""eceebe55-919c-5382-11c8-a33176f3811c"",""yes_price_dollars"":""0.7000""}"
KXETH15M-26APR281430-30,1540019f-ef2a-531c-279e-3e383a5d509f,1777400190,0.7,1.0,yes,"{""count_fp"":""1.00"",""created_time"":""2026-04-28T18:16:30.014139Z"",""no_price_dollars"":""0.3000"",""taker_side"":""yes"",""ticker"":""KXETH15M-26APR281430-30"",""trade_id"":""1540019f-ef2a-531c-279e-3e383a5d509f"",""yes_price_dollars"":""0.7000""}"
KXETH15M-26APR281430-30,15033d20-06a4-548e-1995-6f72af623ec8,1777400190,0.71,9.47,yes,"{""count_fp"":""9.47"",""created_time"":""2026-04-28T18:16:30.014139Z"",""no_price_dollars"":""0.2900"",""taker_side"":""yes"",""ticker"":""KXETH15M-26APR281430-30"",""trade_id"":""15033d20-06a4-548e-1995-6f72af623ec8"",""yes_price_dollars"":""0.7100""}"
KXETH15M-26APR281430-30,b2b2905a-39bf-6b1d-dad7-cec7a36e8105,1777400191,0.69,5.36,no,"{""count_fp"":""5.36"",""created_time"":""2026-04-28T18:16:31.932555Z"",""no_price_dollars"":""0.3100"",""taker_side"":""no"",""ticker"":""KXETH15M-26APR281430-30"",""trade_id"":""b2b2905a-39bf-6b1d-dad7-cec7a36e8105"",""yes_price_dollars"":""0.6900""}"
KXETH15M-26APR281430-30,3b4d27a9-c3fe-6300-e77f-721ceab14d39,1777400191,0.69,10.0,no,"{""count_fp"":""10.00"",""created_time"":""2026-04-28T18:16:31.932555Z"",""no_price_dollars"":""0.3100"",""taker_side"":""no"",""ticker"":""KXETH15M-26APR281430-30"",""trade_id"":""3b4d27a9-c3fe-6300-e77f-721ceab14d39"",""yes_price_dollars"":""0.6900""}"
KXETH15M-26APR281430-30,eb9832a1-fcf7-725f-5f6d-bbc01d251fee,1777400194,0.7,5.0,no,"{""count_fp"":""5.00"",""created_time"":""2026-04-28T18:16:34.206649Z"",""no_price_dollars"":""0.3000"",""taker_side"":""no"",""ticker"":""KXETH15M-26APR281430-30"",""trade_id"":""eb9832a1-fcf7-725f-5f6d-bbc01d251fee"",""yes_price_dollars"":""0.7000""}"
KXETH15M-26APR281430-30,574c8300-81bb-7dad-4687-a8f57b18a865,1777400194,0.7,45.0,no,"{""count_fp"":""45.00"",""created_time"":""2026-04-28T18:16:34.206649Z"",""no_price_dollars"":""0.3000"",""taker_side"":""no"",""ticker"":""KXETH15M-26APR281430-30"",""trade_id"":""574c8300-81bb-7dad-4687-a8f57b18a865"",""yes_price_dollars"":""0.7000""}"
KXETH15M-26APR281430-30,889eeafe-a237-5d01-edaa-8d3a7f3e3b8d,1777400196,0.69,100.0,no,"{""count_fp"":""100.00"",""created_time"":""2026-04-28T18:16:36.235836Z"",""no_price_dollars"":""0.3100"",""taker_side"":""no"",""ticker"":""KXETH15M-26APR281430-30"",""trade_id"":""889eeafe-a237-5d01-edaa-8d3a7f3e3b8d"",""yes_price_dollars"":""0.6900""}"
KXETH15M-26APR281430-30,1e1ba90a-d427-5d0c-f803-b345035101e6,1777400196,0.69,5.0,no,"{""count_fp"":""5.00"",""created_time"":""2026-04-28T18:16:36.235836Z"",""no_price_dollars"":""0.3100"",""taker_side"":""no"",""ticker"":""KXETH15M-26APR281430-30"",""trade_id"":""1e1ba90a-d427-5d0c-f803-b345035101e6"",""yes_price_dollars"":""0.6900""}"
KXETH15M-26APR281430-30,c8dc61b8-fa94-7b86-bf90-cca3faf6d7ec,1777400200,0.7,1.39,yes,"{""count_fp"":""1.39"",""created_time"":""2026-04-28T18:16:40.592081Z"",""no_price_dollars"":""0.3000"",""taker_side"":""yes"",""ticker"":""KXETH15M-26APR281430-30"",""trade_id"":""c8dc61b8-fa94-7b86-bf90-cca3faf6d7ec"",""yes_price_dollars"":""0.7000""}"
KXETH15M-26APR281430-30,505bb91a-c9c8-7f12-d905-1777b6758e48,1777400201,0.68,2.0,yes,"{""count_fp"":""2.00"",""created_time"":""2026-04-28T18:16:41.785125Z"",""no_price_dollars"":""0.3200"",""taker_side"":""yes"",""ticker"":""KXETH15M-26APR281430-30"",""trade_id"":""505bb91a-c9c8-7f12-d905-1777b6758e48"",""yes_price_dollars"":""0.6800""}"
KXETH15M-26APR281430-30,e71b78c8-e0e4-4f35-7e10-71e0ce71fef1,1777400201,0.68,10.0,no,"{""count_fp"":""10.00"",""created_time"":""2026-04-28T18:16:41.244615Z"",""no_price_dollars"":""0.3200"",""taker_side"":""no"",""ticker"":""KXETH15M-26APR281430-30"",""trade_id"":""e71b78c8-e0e4-4f35-7e10-71e0ce71fef1"",""yes_price_dollars"":""0.6800""}"
KXETH15M-26APR281430-30,1eba837d-4ebf-4d46-4806-c86c1c5e32ba,1777400201,0.69,5.0,no,"{""count_fp"":""5.00"",""created_time"":""2026-04-28T18:16:41.244615Z"",""no_price_dollars"":""0.3100"",""taker_side"":""no"",""ticker"":""KXETH15M-26APR281430-30"",""trade_id"":""1eba837d-4ebf-4d46-4806-c86c1c5e32ba"",""yes_price_dollars"":""0.6900""}"
KXETH15M-26APR281430-30,587f401c-1db8-5162-cbe5-ac73b2e67bdc,1777400206,0.68,7.19,yes,"{""count_fp"":""7.19"",""created_time"":""2026-04-28T18:16:46.144554Z"",""no_price_dollars"":""0.3200"",""taker_side"":""yes"",""ticker"":""KXETH15M-26APR281430-30"",""trade_id"":""587f401c-1db8-5162-cbe5-ac73b2e67bdc"",""yes_price_dollars"":""0.6800""}"
KXETH15M-26APR281430-30,d792af5e-c0ce-7370-97a8-7f694e440cb5,1777400207,0.76,5.0,yes,"{""count_fp"":""5.00"",""created_time"":""2026-04-28T18:16:47.181901Z"",""no_price_dollars"":""0.2400"",""taker_side"":""yes"",""ticker"":""KXETH15M-26APR281430-30"",""trade_id"":""d792af5e-c0ce-7370-97a8-7f694e440cb5"",""yes_price_dollars"":""0.7600""}"
KXETH15M-26APR281430-30,fc80ae73-5a77-7fab-762e-7d451ff39716,1777400207,0.77,88.0,yes,"{""count_fp"":""88.00"",""created_time"":""2026-04-28T18:16:47.099482Z"",""no_price_dollars"":""0.2300"",""taker_side"":""yes"",""ticker"":""KXETH15M-26APR281430-30"",""trade_id"":""fc80ae73-5a77-7fab-762e-7d451ff39716"",""yes_price_dollars"":""0.7700""}"
KXETH15M-26APR281430-30,d62a5806-f5f9-755c-7858-d71e4b05877a,1777400207,0.76,1.0,yes,"{""count_fp"":""1.00"",""created_time"":""2026-04-28T18:16:47.099482Z"",""no_price_dollars"":""0.2400"",""taker_side"":""yes"",""ticker"":""KXETH15M-26APR281430-30"",""trade_id"":""d62a5806-f5f9-755c-7858-d71e4b05877a"",""yes_price_dollars"":""0.7600""}"
KXETH15M-26APR281430-30,3a0955a7-e41d-7b78-6304-7e7aa1cb8430,1777400207,0.77,1.0,yes,"{""count_fp"":""1.00"",""created_time"":""2026-04-28T18:16:47.099482Z"",""no_price_dollars"":""0.2300"",""taker_side"":""yes"",""ticker"":""KXETH15M-26APR281430-30"",""trade_id"":""3a0955a7-e41d-7b78-6304-7e7aa1cb8430"",""yes_price_dollars"":""0.7700""}"
KXETH15M-26APR281430-30,e2fecf3c-5d2f-750d-5712-048e57538eda,1777400207,0.72,223.0,yes,"{""count_fp"":""223.00"",""created_time"":""2026-04-28T18:16:47.082003Z"",""no_price_dollars"":""0.2800"",""taker_side"":""yes"",""ticker"":""KXETH15M-26APR281430-30"",""trade_id"":""e2fecf3c-5d2f-750d-5712-048e57538eda"",""yes_price_dollars"":""0.7200""}"
KXETH15M-26APR281430-30,7a5cb7a5-8e5c-6f90-c29e-41563da716b9,1777400207,0.75,1.0,yes,"{""count_fp"":""1.00"",""created_time"":""2026-04-28T18:16:47.078941Z"",""no_price_dollars"":""0.2500"",""taker_side"":""yes"",""ticker"":""KXETH15M-26APR281430-30"",""trade_id"":""7a5cb7a5-8e5c-6f90-c29e-41563da716b9"",""yes_price_dollars"":""0.7500""}"
KXETH15M-26APR281430-30,54408270-5c53-6a49-c8a9-601cbfea750c,1777400207,0.75,5.0,yes,"{""count_fp"":""5.00"",""created_time"":""2026-04-28T18:16:47.078941Z"",""no_price_dollars"":""0.2500"",""taker_side"":""yes"",""ticker"":""KXETH15M-26APR281430-30"",""trade_id"":""54408270-5c53-6a49-c8a9-601cbfea750c"",""yes_price_dollars"":""0.7500""}"
KXETH15M-26APR281430-30,cb38567d-37c8-47a8-e804-4e62bb422df5,1777400207,0.7,70.0,yes,"{""count_fp"":""70.00"",""created_time"":""2026-04-28T18:16:47.051068Z"",""no_price_dollars"":""0.3000"",""taker_side"":""yes"",""ticker"":""KXETH15M-26APR281430-30"",""trade_id"":""cb38567d-37c8-47a8-e804-4e62bb422df5"",""yes_price_dollars"":""0.7000""}"
KXETH15M-26APR281430-30,b8aa42bb-1606-498c-dd82-7e386b829c4d,1777400207,0.7,10.0,yes,"{""count_fp"":""10.00"",""created_time"":""2026-04-28T18:16:47.051068Z"",""no_price_dollars"":""0.3000"",""taker_side"":""yes"",""ticker"":""KXETH15M-26APR281430-30"",""trade_id"":""b8aa42bb-1606-498c-dd82-7e386b829c4d"",""yes_price_dollars"":""0.7000""}"
KXETH15M-26APR281430-30,4e571732-a1ce-43aa-c92d-5ab5644beb8a,1777400207,0.68,10.0,yes,"{""count_fp"":""10.00"",""created_time"":""2026-04-28T18:16:47.051068Z"",""no_price_dollars"":""0.3200"",""taker_side"":""yes"",""ticker"":""KXETH15M-26APR281430-30"",""trade_id"":""4e571732-a1ce-43aa-c92d-5ab5644beb8a"",""yes_price_dollars"":""0.6800""}"
KXETH15M-26APR281430-30,5211e160-c924-6d95-4a09-424e96ea3863,1777400208,0.79,2.0,no,"{""count_fp"":""2.00"",""created_time"":""2026-04-28T18:16:48.216793Z"",""no_price_dollars"":""0.2100"",""taker_side"":""no"",""ticker"":""KXETH15M-26APR281430-30"",""trade_id"":""5211e160-c924-6d95-4a09-424e96ea3863"",""yes_price_dollars"":""0.7900""}"
KXETH15M-26APR281430-30,56d5278c-9ee6-7488-dbec-b49bd82c0722,1777400208,0.79,1.0,yes,"{""count_fp"":""1.00"",""created_time"":""2026-04-28T18:16:48.200517Z"",""no_price_dollars"":""0.2100"",""taker_side"":""yes"",""ticker"":""KXETH15M-26APR281430-30"",""trade_id"":""56d5278c-9ee6-7488-dbec-b49bd82c0722"",""yes_price_dollars"":""0.7900""}"
KXETH15M-26APR281430-30,82df4ae0-3209-6b7e-ef67-163f7d70b801,1777400209,0.79,3.0,no,"{""count_fp"":""3.00"",""created_time"":""2026-04-28T18:16:49.160354Z"",""no_price_dollars"":""0.2100"",""taker_side"":""no"",""ticker"":""KXETH15M-26APR281430-30"",""trade_id"":""82df4ae0-3209-6b7e-ef67-163f7d70b801"",""yes_price_dollars"":""0.7900""}"
KXETH15M-26APR281430-30,150da1ba-23a0-66b5-dd38-d879342308ab,1777400209,0.79,7.0,no,"{""count_fp"":""7.00"",""created_time"":""2026-04-28T18:16:49.160354Z"",""no_price_dollars"":""0.2100"",""taker_side"":""no"",""ticker"":""KXETH15M-26APR281430-30"",""trade_id"":""150da1ba-23a0-66b5-dd38-d879342308ab"",""yes_price_dollars"":""0.7900""}"
KXETH15M-26APR281430-30,99210355-a771-4d4d-5b95-d85183e9d1e2,1777400211,0.8,0.23,yes,"{""count_fp"":""0.23"",""created_time"":""2026-04-28T18:16:51.419847Z"",""no_price_dollars"":""0.2000"",""taker_side"":""yes"",""ticker"":""KXETH15M-26APR281430-30"",""trade_id"":""99210355-a771-4d4d-5b95-d85183e9d1e2"",""yes_price_dollars"":""0.8000""}"
KXETH15M-26APR281430-30,8064041d-a2c4-4c3d-561a-5fae878868af,1777400211,0.8,1.0,yes,"{""count_fp"":""1.00"",""created_time"":""2026-04-28T18:16:51.419847Z"",""no_price_dollars"":""0.2000"",""taker_side"":""yes"",""ticker"":""KXETH15M-26APR281430-30"",""trade_id"":""8064041d-a2c4-4c3d-561a-5fae878868af"",""yes_price_dollars"":""0.8000""}"
KXETH15M-26APR281430-30,48a29841-44c3-5fae-0c83-f5d4873551da,1777400212,0.79,3.48,yes,"{""count_fp"":""3.48"",""created_time"":""2026-04-28T18:16:52.929657Z"",""no_price_dollars"":""0.2100"",""taker_side"":""yes"",""ticker"":""KXETH15M-26APR281430-30"",""trade_id"":""48a29841-44c3-5fae-0c83-f5d4873551da"",""yes_price_dollars"":""0.7900""}"
KXETH15M-26APR281430-30,894d3af3-1b0f-4e9d-9bd0-9a066fd54219,1777400214,0.78,4.57,no,"{""count_fp"":""4.57"",""created_time"":""2026-04-28T18:16:54.142212Z"",""no_price_dollars"":""0.2200"",""taker_side"":""no"",""ticker"":""KXETH15M-26APR281430-30"",""trade_id"":""894d3af3-1b0f-4e9d-9bd0-9a066fd54219"",""yes_price_dollars"":""0.7800""}"
KXETH15M-26APR281430-30,2118ea9c-de51-496e-9226-9fd411f2d2c1,1777400214,0.78,16.98,no,"{""count_fp"":""16.98"",""created_time"":""2026-04-28T18:16:54.142212Z"",""no_price_dollars"":""0.2200"",""taker_side"":""no"",""ticker"":""KXETH15M-26APR281430-30"",""trade_id"":""2118ea9c-de51-496e-9226-9fd411f2d2c1"",""yes_price_dollars"":""0.7800""}"
KXETH15M-26APR281430-30,cb54a0cd-256b-734d-f073-ef501cbd854d,1777400214,0.78,0.43,no,"{""count_fp"":""0.43"",""created_time"":""2026-04-28T18:16:54.063533Z"",""no_price_dollars"":""0.2200"",""taker_side"":""no"",""ticker"":""KXETH15M-26APR281430-30"",""trade_id"":""cb54a0cd-256b-734d-f073-ef501cbd854d"",""yes_price_dollars"":""0.7800""}"
KXETH15M-26APR281430-30,df0259db-6437-684e-f522-4e6a37db1f8a,1777400216,0.79,1.0,yes,"{""count_fp"":""1.00"",""created_time"":""2026-04-28T18:16:56.209704Z"",""no_price_dollars"":""0.2100"",""taker_side"":""yes"",""ticker"":""KXETH15M-26APR281430-30"",""trade_id"":""df0259db-6437-684e-f522-4e6a37db1f8a"",""yes_price_dollars"":""0.7900""}"
KXETH15M-26APR281430-30,952bd296-2f30-4c4f-775e-5b76718452d2,1777400218,0.78,5.0,no,"{""count_fp"":""5.00"",""created_time"":""2026-04-28T18:16:58.855168Z"",""no_price_dollars"":""0.2200"",""taker_side"":""no"",""ticker"":""KXETH15M-26APR281430-30"",""trade_id"":""952bd296-2f30-4c4f-775e-5b76718452d2"",""yes_price_dollars"":""0.7800""}"
KXETH15M-26APR281430-30,a528e628-ffac-658a-d56c-1da76b1c25ec,1777400218,0.79,5.48,yes,"{""count_fp"":""5.48"",""created_time"":""2026-04-28T18:16:58.428186Z"",""no_price_dollars"":""0.2100"",""taker_side"":""yes"",""ticker"":""KXETH15M-26APR281430-30"",""trade_id"":""a528e628-ffac-658a-d56c-1da76b1c25ec"",""yes_price_dollars"":""0.7900""}"
KXETH15M-26APR281430-30,4f9f720b-cb2b-6f1e-d544-ac1eaecd1db2,1777400218,0.79,0.52,yes,"{""count_fp"":""0.52"",""created_time"":""2026-04-28T18:16:58.428186Z"",""no_price_dollars"":""0.2100"",""taker_side"":""yes"",""ticker"":""KXETH15M-26APR281430-30"",""trade_id"":""4f9f720b-cb2b-6f1e-d544-ac1eaecd1db2"",""yes_price_dollars"":""0.7900""}"
KXETH15M-26APR281430-30,804597bf-d435-7bc6-5389-4a2ed34abc61,1777400218,0.78,1.0,no,"{""count_fp"":""1.00"",""created_time"":""2026-04-28T18:16:58.212405Z"",""no_price_dollars"":""0.2200"",""taker_side"":""no"",""ticker"":""KXETH15M-26APR281430-30"",""trade_id"":""804597bf-d435-7bc6-5389-4a2ed34abc61"",""yes_price_dollars"":""0.7800""}"
KXETH15M-26APR281430-30,dbde1d0c-5ad0-50a6-5587-083f2b2021bc,1777400220,0.79,1.0,yes,"{""count_fp"":""1.00"",""created_time"":""2026-04-28T18:17:00.527421Z"",""no_price_dollars"":""0.2100"",""taker_side"":""yes"",""ticker"":""KXETH15M-26APR281430-30"",""trade_id"":""dbde1d0c-5ad0-50a6-5587-083f2b2021bc"",""yes_price_dollars"":""0.7900""}"
KXETH15M-26APR281430-30,d10f0c01-cdba-72b4-0cfc-54bac1c7196a,1777400220,0.78,10.0,no,"{""count_fp"":""10.00"",""created_time"":""2026-04-28T18:17:00.088562Z"",""no_price_dollars"":""0.2200"",""taker_side"":""no"",""ticker"":""KXETH15M-26APR281430-30"",""trade_id"":""d10f0c01-cdba-72b4-0cfc-54bac1c7196a"",""yes_price_dollars"":""0.7800""}"
KXETH15M-26APR281430-30,38e103ad-bf5a-7c25-341a-899ef06aa9af,1777400220,0.78,5.0,no,"{""count_fp"":""5.00"",""created_time"":""2026-04-28T18:17:00.088562Z"",""no_price_dollars"":""0.2200"",""taker_side"":""no"",""ticker"":""KXETH15M-26APR281430-30"",""trade_id"":""38e103ad-bf5a-7c25-341a-899ef06aa9af"",""yes_price_dollars"":""0.7800""}"
KXETH15M-26APR281430-30,c2c66f61-9954-627e-85f0-5e2bef48f3f4,1777400222,0.79,18.71,yes,"{""count_fp"":""18.71"",""created_time"":""2026-04-28T18:17:02.980698Z"",""no_price_dollars"":""0.2100"",""taker_side"":""yes"",""ticker"":""KXETH15M-26APR281430-30"",""trade_id"":""c2c66f61-9954-627e-85f0-5e2bef48f3f4"",""yes_price_dollars"":""0.7900""}"
KXETH15M-26APR281430-30,d1bb4723-d884-7b0b-8d6d-7f3e23375ae7,1777400222,0.77,10.0,no,"{""count_fp"":""10.00"",""created_time"":""2026-04-28T18:17:02.835294Z"",""no_price_dollars"":""0.2300"",""taker_side"":""no"",""ticker"":""KXETH15M-26APR281430-30"",""trade_id"":""d1bb4723-d884-7b0b-8d6d-7f3e23375ae7"",""yes_price_dollars"":""0.7700""}"
KXETH15M-26APR281430-30,496df696-528d-71e6-b98e-b7ca33cb7f29,1777400222,0.77,30.0,no,"{""count_fp"":""30.00"",""created_time"":""2026-04-28T18:17:02.835294Z"",""no_price_dollars"":""0.2300"",""taker_side"":""no"",""ticker"":""KXETH15M-26APR281430-30"",""trade_id"":""496df696-528d-71e6-b98e-b7ca33cb7f29"",""yes_price_dollars"":""0.7700""}"
KXETH15M-26APR281430-30,8c33aaff-3dd4-4486-815f-69fd4103e140,1777400222,0.79,264.09,yes,"{""count_fp"":""264.09"",""created_time"":""2026-04-28T18:17:02.552873Z"",""no_price_dollars"":""0.2100"",""taker_side"":""yes"",""ticker"":""KXETH15M-26APR281430-30"",""trade_id"":""8c33aaff-3dd4-4486-815f-69fd4103e140"",""yes_price_dollars"":""0.7900""}"
KXETH15M-26APR281430-30,17c44676-c5db-42db-8654-9d1704fa1b4c,1777400222,0.78,5.0,yes,"{""count_fp"":""5.00"",""created_time"":""2026-04-28T18:17:02.448223Z"",""no_price_dollars"":""0.2200"",""taker_side"":""yes"",""ticker"":""KXETH15M-26APR281430-30"",""trade_id"":""17c44676-c5db-42db-8654-9d1704fa1b4c"",""yes_price_dollars"":""0.7800""}"
KXETH15M-26APR281430-30,e65beb8d-7cff-72fa-468a-5199fd588db4,1777400222,0.77,7.91,no,"{""count_fp"":""7.91"",""created_time"":""2026-04-28T18:17:02.196783Z"",""no_price_dollars"":""0.2300"",""taker_side"":""no"",""ticker"":""KXETH15M-26APR281430-30"",""trade_id"":""e65beb8d-7cff-72fa-468a-5199fd588db4"",""yes_price_dollars"":""0.7700""}"
KXETH15M-26APR281430-30,ef920446-bf42-4f26-5d38-13ff65189fef,1777400223,0.79,5.0,yes,"{""count_fp"":""5.00"",""created_time"":""2026-04-28T18:17:03.856272Z"",""no_price_dollars"":""0.2100"",""taker_side"":""yes"",""ticker"":""KXETH15M-26APR281430-30"",""trade_id"":""ef920446-bf42-4f26-5d38-13ff65189fef"",""yes_price_dollars"":""0.7900""}"
KXETH15M-26APR281430-30,6ddceaeb-e15f-4180-5ef7-be5964318eaa,1777400223,0.76,5.0,no,"{""count_fp"":""5.00"",""created_time"":""2026-04-28T18:17:03.412899Z"",""no_price_dollars"":""0.2400"",""taker_side"":""no"",""ticker"":""KXETH15M-26APR281430-30"",""trade_id"":""6ddceaeb-e15f-4180-5ef7-be5964318eaa"",""yes_price_dollars"":""0.7600""}"
KXETH15M-26APR281430-30,6a6d3034-890e-702e-e6df-cd8d5d23b30b,1777400225,0.79,43.0,yes,"{""count_fp"":""43.00"",""created_time"":""2026-04-28T18:17:05.247537Z"",""no_price_dollars"":""0.2100"",""taker_side"":""yes"",""ticker"":""KXETH15M-26APR281430-30"",""trade_id"":""6a6d3034-890e-702e-e6df-cd8d5d23b30b"",""yes_price_dollars"":""0.7900""}"
KXETH15M-26APR281430-30,f831ce40-2993-4d50-a1f6-aab4d7a77cd0,1777400227,0.79,4.51,no,"{""count_fp"":""4.51"",""created_time"":""2026-04-28T18:17:07.209205Z"",""no_price_dollars"":""0.2100"",""taker_side"":""no"",""ticker"":""KXETH15M-26APR281430-30"",""trade_id"":""f831ce40-2993-4d50-a1f6-aab4d7a77cd0"",""yes_price_dollars"":""0.7900""}"
KXETH15M-26APR281430-30,ba9b42a7-d25e-5427-517f-113ef0555e32,1777400229,0.8,5.0,yes,"{""count_fp"":""5.00"",""created_time"":""2026-04-28T18:17:09.430723Z"",""no_price_dollars"":""0.2000"",""taker_side"":""yes"",""ticker"":""KXETH15M-26APR281430-30"",""trade_id"":""ba9b42a7-d25e-5427-517f-113ef0555e32"",""yes_price_dollars"":""0.8000""}"
KXETH15M-26APR281430-30,aae501b8-79bf-5fc8-51b8-e5cd61164eae,1777400229,0.81,1.0,yes,"{""count_fp"":""1.00"",""created_time"":""2026-04-28T18:17:09.430723Z"",""no_price_dollars"":""0.1900"",""taker_side"":""yes"",""ticker"":""KXETH15M-26APR281430-30"",""trade_id"":""aae501b8-79bf-5fc8-51b8-e5cd61164eae"",""yes_price_dollars"":""0.8100""}"
KXETH15M-26APR281430-30,9fe46021-c841-5581-6c25-a64f97497f4e,1777400229,0.8,18.77,yes,"{""count_fp"":""18.77"",""created_time"":""2026-04-28T18:17:09.430723Z"",""no_price_dollars"":""0.2000"",""taker_side"":""yes"",""ticker"":""KXETH15M-26APR281430-30"",""trade_id"":""9fe46021-c841-5581-6c25-a64f97497f4e"",""yes_price_dollars"":""0.8000""}"
KXETH15M-26APR281430-30,665ce793-35e8-5c73-7336-8ac49ff5972c,1777400229,0.82,1.0,yes,"{""count_fp"":""1.00"",""created_time"":""2026-04-28T18:17:09.430723Z"",""no_price_dollars"":""0.1800"",""taker_side"":""yes"",""ticker"":""KXETH15M-26APR281430-30"",""trade_id"":""665ce793-35e8-5c73-7336-8ac49ff5972c"",""yes_price_dollars"":""0.8200""}"
KXETH15M-26APR281430-30,0db0e180-21d0-552a-5a7d-efcb2079c78c,1777400229,0.82,74.02,yes,"{""count_fp"":""74.02"",""created_time"":""2026-04-28T18:17:09.430723Z"",""no_price_dollars"":""0.1800"",""taker_side"":""yes"",""ticker"":""KXETH15M-26APR281430-30"",""trade_id"":""0db0e180-21d0-552a-5a7d-efcb2079c78c"",""yes_price_dollars"":""0.8200""}"
KXETH15M-26APR281430-30,092ab6fb-4b5c-5c53-6d5f-5df51ef427c1,1777400229,0.81,6.84,yes,"{""count_fp"":""6.84"",""created_time"":""2026-04-28T18:17:09.430723Z"",""no_price_dollars"":""0.1900"",""taker_side"":""yes"",""ticker"":""KXETH15M-26APR281430-30"",""trade_id"":""092ab6fb-4b5c-5c53-6d5f-5df51ef427c1"",""yes_price_dollars"":""0.8100""}"
KXETH15M-26APR281430-30,eb74a0d5-2941-7ad1-0a57-8b6845004f1a,1777400229,0.8,1.0,yes,"{""count_fp"":""1.00"",""created_time"":""2026-04-28T18:17:09.282208Z"",""no_price_dollars"":""0.2000"",""taker_side"":""yes"",""ticker"":""KXETH15M-26APR281430-30"",""trade_id"":""eb74a0d5-2941-7ad1-0a57-8b6845004f1a"",""yes_price_dollars"":""0.8000""}"
KXETH15M-26APR281430-30,487edfcd-3c82-7a66-a479-ab0b4d35e0f1,1777400236,0.8,10.0,no,"{""count_fp"":""10.00"",""created_time"":""2026-04-28T18:17:16.646417Z"",""no_price_dollars"":""0.2000"",""taker_side"":""no"",""ticker"":""KXETH15M-26APR281430-30"",""trade_id"":""487edfcd-3c82-7a66-a479-ab0b4d35e0f1"",""yes_price_dollars"":""0.8000""}"
KXETH15M-26APR281430-30,1e822089-d66b-749c-acae-3e7226494042,1777400236,0.81,5.0,no,"{""count_fp"":""5.00"",""created_time"":""2026-04-28T18:17:16.646417Z"",""no_price_dollars"":""0.1900"",""taker_side"":""no"",""ticker"":""KXETH15M-26APR281430-30"",""trade_id"":""1e822089-d66b-749c-acae-3e7226494042"",""yes_price_dollars"":""0.8100""}"
KXETH15M-26APR281430-30,cc543e2f-9002-660a-8ddb-1cd68a7ec371,1777400238,0.79,4.51,no,"{""count_fp"":""4.51"",""created_time"":""2026-04-28T18:17:18.430236Z"",""no_price_dollars"":""0.2100"",""taker_side"":""no"",""ticker"":""KXETH15M-26APR281430-30"",""trade_id"":""cc543e2f-9002-660a-8ddb-1cd68a7ec371"",""yes_price_dollars"":""0.7900""}"
KXETH15M-26APR281430-30,5e6625e2-d9c7-67c8-81f4-b3982a3011f4,1777400238,0.79,78.49,no,"{""count_fp"":""78.49"",""created_time"":""2026-04-28T18:17:18.430236Z"",""no_price_dollars"":""0.2100"",""taker_side"":""no"",""ticker"":""KXETH15M-26APR281430-30"",""trade_id"":""5e6625e2-d9c7-67c8-81f4-b3982a3011f4"",""yes_price_dollars"":""0.7900""}"
KXETH15M-26APR281430-30,efbbba58-ce59-5aee-954a-38aa7ed0ec59,1777400242,0.79,3.36,no,"{""count_fp"":""3.36"",""created_time"":""2026-04-28T18:17:22.740624Z"",""no_price_dollars"":""0.2100"",""taker_side"":""no"",""ticker"":""KXETH15M-26APR281430-30"",""trade_id"":""efbbba58-ce59-5aee-954a-38aa7ed0ec59"",""yes_price_dollars"":""0.7900""}"
KXETH15M-26APR281430-30,d522f297-a75a-541e-a1bf-4769bd7b5bc9,1777400242,0.79,0.49,no,"{""count_fp"":""0.49"",""created_time"":""2026-04-28T18:17:22.740624Z"",""no_price_dollars"":""0.2100"",""taker_side"":""no"",""ticker"":""KXETH15M-26APR281430-30"",""trade_id"":""d522f297-a75a-541e-a1bf-4769bd7b5bc9"",""yes_price_dollars"":""0.7900""}"
KXETH15M-26APR281430-30,2cf4a6a4-acda-5d92-94ed-5dcabded63bf,1777400242,0.79,5.0,no,"{""count_fp"":""5.00"",""created_time"":""2026-04-28T18:17:22.740624Z"",""no_price_dollars"":""0.2100"",""taker_side"":""no"",""ticker"":""KXETH15M-26APR281430-30"",""trade_id"":""2cf4a6a4-acda-5d92-94ed-5dcabded63bf"",""yes_price_dollars"":""0.7900""}"
KXETH15M-26APR281430-30,d6ac49c0-2fc8-4932-e400-4ec1e6460714,1777400244,0.8,5.0,yes,"{""count_fp"":""5.00"",""created_time"":""2026-04-28T18:17:24.466434Z"",""no_price_dollars"":""0.2000"",""taker_side"":""yes"",""ticker"":""KXETH15M-26APR281430-30"",""trade_id"":""d6ac49c0-2fc8-4932-e400-4ec1e6460714"",""yes_price_dollars"":""0.8000""}"
KXETH15M-26APR281430-30,9bc83469-fce1-5e96-5c1d-60460fd26c85,1777400245,0.78,3.83,no,"{""count_fp"":""3.83"",""created_time"":""2026-04-28T18:17:25.382338Z"",""no_price_dollars"":""0.2200"",""taker_side"":""no"",""ticker"":""KXETH15M-26APR281430-30"",""trade_id"":""9bc83469-fce1-5e96-5c1d-60460fd26c85"",""yes_price_dollars"":""0.7800""}"
KXETH15M-26APR281430-30,03900b8e-1dad-5a3e-708e-6d1a15d5b80b,1777400245,0.79,5.0,no,"{""count_fp"":""5.00"",""created_time"":""2026-04-28T18:17:25.382338Z"",""no_price_dollars"":""0.2100"",""taker_side"":""no"",""ticker"":""KXETH15M-26APR281430-30"",""trade_id"":""03900b8e-1dad-5a3e-708e-6d1a15d5b80b"",""yes_price_dollars"":""0.7900""}"
KXETH15M-26APR281430-30,b3fad6bd-f3f4-75c6-17a4-2fdd2d483518,1777400246,0.8,30.81,yes,"{""count_fp"":""30.81"",""created_time"":""2026-04-28T18:17:26.601965Z"",""no_price_dollars"":""0.2000"",""taker_side"":""yes"",""ticker"":""KXETH15M-26APR281430-30"",""trade_id"":""b3fad6bd-f3f4-75c6-17a4-2fdd2d483518"",""yes_price_dollars"":""0.8000""}"
KXETH15M-26APR281430-30,fbc6ce65-4e29-51e6-3aa4-c85c66ca0651,1777400248,0.77,41.25,no,"{""count_fp"":""41.25"",""created_time"":""2026-04-28T18:17:28.410346Z"",""no_price_dollars"":""0.2300"",""taker_side"":""no"",""ticker"":""KXETH15M-26APR281430-30"",""trade_id"":""fbc6ce65-4e29-51e6-3aa4-c85c66ca0651"",""yes_price_dollars"":""0.7700""}"
KXETH15M-26APR281430-30,6662fc32-9830-5f62-8bb1-e658d86832d0,1777400248,0.8,1.23,yes,"{""count_fp"":""1.23"",""created_time"":""2026-04-28T18:17:28.111399Z"",""no_price_dollars"":""0.2000"",""taker_side"":""yes"",""ticker"":""KXETH15M-26APR281430-30"",""trade_id"":""6662fc32-9830-5f62-8bb1-e658d86832d0"",""yes_price_dollars"":""0.8000""}"
KXETH15M-26APR281430-30,ed54da8a-2355-7263-0c02-c63cc29b8165,1777400250,0.79,5.0,no,"{""count_fp"":""5.00"",""created_time"":""2026-04-28T18:17:30.682003Z"",""no_price_dollars"":""0.2100"",""taker_side"":""no"",""ticker"":""KXETH15M-26APR281430-30"",""trade_id"":""ed54da8a-2355-7263-0c02-c63cc29b8165"",""yes_price_dollars"":""0.7900""}"
KXETH15M-26APR281430-30,c17edd6a-7d12-7dd7-3d6e-686d57318d6b,1777400250,0.79,100.0,no,"{""count_fp"":""100.00"",""created_time"":""2026-04-28T18:17:30.682003Z"",""no_price_dollars"":""0.2100"",""taker_side"":""no"",""ticker"":""KXETH15M-26APR281430-30"",""trade_id"":""c17edd6a-7d12-7dd7-3d6e-686d57318d6b"",""yes_price_dollars"":""0.7900""}"
KXETH15M-26APR281430-30,c284c392-8ccc-7036-423b-0c95d249b4d0,1777400250,0.8,6.16,yes,"{""count_fp"":""6.16"",""created_time"":""2026-04-28T18:17:30.208171Z"",""no_price_dollars"":""0.2000"",""taker_side"":""yes"",""ticker"":""KXETH15M-26APR281430-30"",""trade_id"":""c284c392-8ccc-7036-423b-0c95d249b4d0"",""yes_price_dollars"":""0.8000""}"
KXETH15M-26APR281430-30,470c5c65-9768-56a6-9627-c2f11dcefe08,1777400252,0.8,1.23,yes,"{""count_fp"":""1.23"",""created_time"":""2026-04-28T18:17:32.402855Z"",""no_price_dollars"":""0.2000"",""taker_side"":""yes"",""ticker"":""KXETH15M-26APR281430-30"",""trade_id"":""470c5c65-9768-56a6-9627-c2f11dcefe08"",""yes_price_dollars"":""0.8000""}"
KXETH15M-26APR281430-30,c7782af5-4a09-7af2-2dbb-fb33fe27f11c,1777400254,0.77,50.0,no,"{""count_fp"":""50.00"",""created_time"":""2026-04-28T18:17:34.643738Z"",""no_price_dollars"":""0.2300"",""taker_side"":""no"",""ticker"":""KXETH15M-26APR281430-30"",""trade_id"":""c7782af5-4a09-7af2-2dbb-fb33fe27f11c"",""yes_price_dollars"":""0.7700""}"
KXETH15M-26APR281430-30,c65e1e08-b3bf-7364-0b39-df96c4c84562,1777400254,0.77,10.0,no,"{""count_fp"":""10.00"",""created_time"":""2026-04-28T18:17:34.643738Z"",""no_price_dollars"":""0.2300"",""taker_side"":""no"",""ticker"":""KXETH15M-26APR281430-30"",""trade_id"":""c65e1e08-b3bf-7364-0b39-df96c4c84562"",""yes_price_dollars"":""0.7700""}"
KXETH15M-26APR281430-30,b1f8c413-2fe0-77c7-0033-c2cdd108f9f0,1777400254,0.78,10.0,no,"{""count_fp"":""10.00"",""created_time"":""2026-04-28T18:17:34.643738Z"",""no_price_dollars"":""0.2200"",""taker_side"":""no"",""ticker"":""KXETH15M-26APR281430-30"",""trade_id"":""b1f8c413-2fe0-77c7-0033-c2cdd108f9f0"",""yes_price_dollars"":""0.7800""}"
KXETH15M-26APR281430-30,a947fded-23ec-7511-15c4-048b3b1b37dc,1777400254,0.76,26.11,no,"{""count_fp"":""26.11"",""created_time"":""2026-04-28T18:17:34.643738Z"",""no_price_dollars"":""0.2400"",""taker_side"":""no"",""ticker"":""KXETH15M-26APR281430-30"",""trade_id"":""a947fded-23ec-7511-15c4-048b3b1b37dc"",""yes_price_dollars"":""0.7600""}"
KXETH15M-26APR281430-30,57c0da03-c766-73e2-1331-f63f2ebd2d4a,1777400254,0.78,100.0,no,"{""count_fp"":""100.00"",""created_time"":""2026-04-28T18:17:34.643738Z"",""no_price_dollars"":""0.2200"",""taker_side"":""no"",""ticker"":""KXETH15M-26APR281430-30"",""trade_id"":""57c0da03-c766-73e2-1331-f63f2ebd2d4a"",""yes_price_dollars"":""0.7800""}"
KXETH15M-26APR281430-30,2d2c5a73-45a5-6a71-700a-9b3f41edf241,1777400257,0.77,2.0,no,"{""count_fp"":""2.00"",""created_time"":""2026-04-28T18:17:37.424854Z"",""no_price_dollars"":""0.2300"",""taker_side"":""no"",""ticker"":""KXETH15M-26APR281430-30"",""trade_id"":""2d2c5a73-45a5-6a71-700a-9b3f41edf241"",""yes_price_dollars"":""0.7700""}"
KXETH15M-26APR281430-30,8578e339-5d5c-4795-dca6-aab1582dcaff,1777400257,0.79,13.04,no,"{""count_fp"":""13.04"",""created_time"":""2026-04-28T18:17:37.218218Z"",""no_price_dollars"":""0.2100"",""taker_side"":""no"",""ticker"":""KXETH15M-26APR281430-30"",""trade_id"":""8578e339-5d5c-4795-dca6-aab1582dcaff"",""yes_price_dollars"":""0.7900""}"
KXETH15M-26APR281430-30,09e7eb22-d51c-46d9-f5de-fb63fb493a77,1777400257,0.79,5.0,no,"{""count_fp"":""5.00"",""created_time"":""2026-04-28T18:17:37.218218Z"",""no_price_dollars"":""0.2100"",""taker_side"":""no"",""ticker"":""KXETH15M-26APR281430-30"",""trade_id"":""09e7eb22-d51c-46d9-f5de-fb63fb493a77"",""yes_price_dollars"":""0.7900""}"
KXETH15M-26APR281430-30,54a5ecd5-e609-433e-0ba5-74fea7c31871,1777400268,0.8,10.0,yes,"{""count_fp"":""10.00"",""created_time"":""2026-04-28T18:17:48.380539Z"",""no_price_dollars"":""0.2000"",""taker_side"":""yes"",""ticker"":""KXETH15M-26APR281430-30"",""trade_id"":""54a5ecd5-e609-433e-0ba5-74fea7c31871"",""yes_price_dollars"":""0.8000""}"
KXETH15M-26APR281430-30,cc65a28a-da74-5839-63f8-e27a8b40ca37,1777400273,0.79,40.0,no,"{""count_fp"":""40.00"",""created_time"":""2026-04-28T18:17:53.390483Z"",""no_price_dollars"":""0.2100"",""taker_side"":""no"",""ticker"":""KXETH15M-26APR281430-30"",""trade_id"":""cc65a28a-da74-5839-63f8-e27a8b40ca37"",""yes_price_dollars"":""0.7900""}"
KXETH15M-26APR281430-30,690b0cad-9180-43ad-4620-c2d7041c8d3f,1777400273,0.79,17.56,no,"{""count_fp"":""17.56"",""created_time"":""2026-04-28T18:17:53.258285Z"",""no_price_dollars"":""0.2100"",""taker_side"":""no"",""ticker"":""KXETH15M-26APR281430-30"",""trade_id"":""690b0cad-9180-43ad-4620-c2d7041c8d3f"",""yes_price_dollars"":""0.7900""}"
KXETH15M-26APR281430-30,271c3132-0366-4604-7653-7e615f846e68,1777400273,0.79,5.0,no,"{""count_fp"":""5.00"",""created_time"":""2026-04-28T18:17:53.258285Z"",""no_price_dollars"":""0.2100"",""taker_side"":""no"",""ticker"":""KXETH15M-26APR281430-30"",""trade_id"":""271c3132-0366-4604-7653-7e615f846e68"",""yes_price_dollars"":""0.7900""}"
KXETH15M-26APR281430-30,43f20ef3-e458-6d7e-3b66-a5939bfffa6c,1777400275,0.81,2.0,yes,"{""count_fp"":""2.00"",""created_time"":""2026-04-28T18:17:55.414651Z"",""no_price_dollars"":""0.1900"",""taker_side"":""yes"",""ticker"":""KXETH15M-26APR281430-30"",""trade_id"":""43f20ef3-e458-6d7e-3b66-a5939bfffa6c"",""yes_price_dollars"":""0.8100""}"
KXETH15M-26APR281430-30,55956694-7dd4-7396-03cd-d61d57e35008,1777400277,0.81,2.41,yes,"{""count_fp"":""2.41"",""created_time"":""2026-04-28T18:17:57.909983Z"",""no_price_dollars"":""0.1900"",""taker_side"":""yes"",""ticker"":""KXETH15M-26APR281430-30"",""trade_id"":""55956694-7dd4-7396-03cd-d61d57e35008"",""yes_price_dollars"":""0.8100""}"
KXETH15M-26APR281430-30,b0c4e629-063a-689f-66dc-f270f85e78be,1777400281,0.8,3.0,no,"{""count_fp"":""3.00"",""created_time"":""2026-04-28T18:18:01.734144Z"",""no_price_dollars"":""0.2000"",""taker_side"":""no"",""ticker"":""KXETH15M-26APR281430-30"",""trade_id"":""b0c4e629-063a-689f-66dc-f270f85e78be"",""yes_price_dollars"":""0.8000""}"
KXETH15M-26APR281430-30,21022c63-f420-58f2-4111-7fc968e30ac0,1777400281,0.81,18.27,yes,"{""count_fp"":""18.27"",""created_time"":""2026-04-28T18:18:01.047099Z"",""no_price_dollars"":""0.1900"",""taker_side"":""yes"",""ticker"":""KXETH15M-26APR281430-30"",""trade_id"":""21022c63-f420-58f2-4111-7fc968e30ac0"",""yes_price_dollars"":""0.8100""}"
KXETH15M-26APR281430-30,d761a5ad-fb61-528c-4022-b257c1510212,1777400282,0.8,4.73,no,"{""count_fp"":""4.73"",""created_time"":""2026-04-28T18:18:02.882659Z"",""no_price_dollars"":""0.2000"",""taker_side"":""no"",""ticker"":""KXETH15M-26APR281430-30"",""trade_id"":""d761a5ad-fb61-528c-4022-b257c1510212"",""yes_price_dollars"":""0.8000""}"
KXETH15M-26APR281430-30,85db2871-ad1c-7f65-0261-87015e8c25b3,1777400284,0.8,89.97,no,"{""count_fp"":""89.97"",""created_time"":""2026-04-28T18:18:04.401462Z"",""no_price_dollars"":""0.2000"",""taker_side"":""no"",""ticker"":""KXETH15M-26APR281430-30"",""trade_id"":""85db2871-ad1c-7f65-0261-87015e8c25b3"",""yes_price_dollars"":""0.8000""}"
KXETH15M-26APR281430-30,0e210734-caa5-794c-25fc-9767a7e6206e,1777400284,0.8,0.27,no,"{""count_fp"":""0.27"",""created_time"":""2026-04-28T18:18:04.401462Z"",""no_price_dollars"":""0.2000"",""taker_side"":""no"",""ticker"":""KXETH15M-26APR281430-30"",""trade_id"":""0e210734-caa5-794c-25fc-9767a7e6206e"",""yes_price_dollars"":""0.8000""}"
KXETH15M-26APR281430-30,e717af36-7e94-730c-90da-f5141b961038,1777400286,0.8,1.0,no,"{""count_fp"":""1.00"",""created_time"":""2026-04-28T18:18:06.961085Z"",""no_price_dollars"":""0.2000"",""taker_side"":""no"",""ticker"":""KXETH15M-26APR281430-30"",""trade_id"":""e717af36-7e94-730c-90da-f5141b961038"",""yes_price_dollars"":""0.8000""}"
KXETH15M-26APR281430-30,43931a3f-9326-72ea-a0cb-afda140b4285,1777400286,0.8,3.73,no,"{""count_fp"":""3.73"",""created_time"":""2026-04-28T18:18:06.961085Z"",""no_price_dollars"":""0.2000"",""taker_side"":""no"",""ticker"":""KXETH15M-26APR281430-30"",""trade_id"":""43931a3f-9326-72ea-a0cb-afda140b4285"",""yes_price_dollars"":""0.8000""}"
KXETH15M-26APR281430-30,d94c2df8-fc78-48ce-8980-7a8e1f1eb5a4,1777400286,0.81,20.0,yes,"{""count_fp"":""20.00"",""created_time"":""2026-04-28T18:18:06.481545Z"",""no_price_dollars"":""0.1900"",""taker_side"":""yes"",""ticker"":""KXETH15M-26APR281430-30"",""trade_id"":""d94c2df8-fc78-48ce-8980-7a8e1f1eb5a4"",""yes_price_dollars"":""0.8100""}"
KXETH15M-26APR281430-30,b763baca-99b8-5c4a-15fa-a56ece25be8c,1777400286,0.81,20.0,yes,"{""count_fp"":""20.00"",""created_time"":""2026-04-28T18:18:06.476986Z"",""no_price_dollars"":""0.1900"",""taker_side"":""yes"",""ticker"":""KXETH15M-26APR281430-30"",""trade_id"":""b763baca-99b8-5c4a-15fa-a56ece25be8c"",""yes_price_dollars"":""0.8100""}"
KXETH15M-26APR281430-30,ad154d90-52f2-5932-11a6-c1fbb6ebea65,1777400295,0.8,18.67,no,"{""count_fp"":""18.67"",""created_time"":""2026-04-28T18:18:15.706109Z"",""no_price_dollars"":""0.2000"",""taker_side"":""no"",""ticker"":""KXETH15M-26APR281430-30"",""trade_id"":""ad154d90-52f2-5932-11a6-c1fbb6ebea65"",""yes_price_dollars"":""0.8000""}"
KXETH15M-26APR281430-30,9b83d0a3-5f4c-5fb8-1382-e59255ec71ae,1777400295,0.8,5.0,no,"{""count_fp"":""5.00"",""created_time"":""2026-04-28T18:18:15.706109Z"",""no_price_dollars"":""0.2000"",""taker_side"":""no"",""ticker"":""KXETH15M-26APR281430-30"",""trade_id"":""9b83d0a3-5f4c-5fb8-1382-e59255ec71ae"",""yes_price_dollars"":""0.8000""}"
KXETH15M-26APR281430-30,e0922a4d-243d-40d3-0aa1-709916b2e43b,1777400298,0.79,50.0,no,"{""count_fp"":""50.00"",""created_time"":""2026-04-28T18:18:18.332112Z"",""no_price_dollars"":""0.2100"",""taker_side"":""no"",""ticker"":""KXETH15M-26APR281430-30"",""trade_id"":""e0922a4d-243d-40d3-0aa1-709916b2e43b"",""yes_price_dollars"":""0.7900""}"
KXETH15M-26APR281430-30,d1541e8c-c408-4806-30c0-547ee6b6d5b3,1777400298,0.8,12.0,no,"{""count_fp"":""12.00"",""created_time"":""2026-04-28T18:18:18.332112Z"",""no_price_dollars"":""0.2000"",""taker_side"":""no"",""ticker"":""KXETH15M-26APR281430-30"",""trade_id"":""d1541e8c-c408-4806-30c0-547ee6b6d5b3"",""yes_price_dollars"":""0.8000""}"
KXETH15M-26APR281430-30,9d114735-2b4a-4ad6-146c-e4bb480e7e11,1777400298,0.8,100.0,no,"{""count_fp"":""100.00"",""created_time"":""2026-04-28T18:18:18.332112Z"",""no_price_dollars"":""0.2000"",""taker_side"":""no"",""ticker"":""KXETH15M-26APR281430-30"",""trade_id"":""9d114735-2b4a-4ad6-146c-e4bb480e7e11"",""yes_price_dollars"":""0.8000""}"
KXETH15M-26APR281430-30,77329dd0-2dff-46e1-276d-4d509cfc7914,1777400298,0.8,5.0,no,"{""count_fp"":""5.00"",""created_time"":""2026-04-28T18:18:18.332112Z"",""no_price_dollars"":""0.2000"",""taker_side"":""no"",""ticker"":""KXETH15M-26APR281430-30"",""trade_id"":""77329dd0-2dff-46e1-276d-4d509cfc7914"",""yes_price_dollars"":""0.8000""}"
KXETH15M-26APR281430-30,6e9d8e33-7266-45bd-26b0-64b889af09b7,1777400298,0.77,10.0,no,"{""count_fp"":""10.00"",""created_time"":""2026-04-28T18:18:18.332112Z"",""no_price_dollars"":""0.2300"",""taker_side"":""no"",""ticker"":""KXETH15M-26APR281430-30"",""trade_id"":""6e9d8e33-7266-45bd-26b0-64b889af09b7"",""yes_price_dollars"":""0.7700""}"
KXETH15M-26APR281430-30,5fe583a9-2528-4175-373e-9fab23b1679c,1777400298,0.75,3.83,no,"{""count_fp"":""3.83"",""created_time"":""2026-04-28T18:18:18.332112Z"",""no_price_dollars"":""0.2500"",""taker_side"":""no"",""ticker"":""KXETH15M-26APR281430-30"",""trade_id"":""5fe583a9-2528-4175-373e-9fab23b1679c"",""yes_price_dollars"":""0.7500""}"
KXETH15M-26APR281430-30,52025607-5bf3-4821-3d95-64b0db469053,1777400298,0.75,2.0,no,"{""count_fp"":""2.00"",""created_time"":""2026-04-28T18:18:18.332112Z"",""no_price_dollars"":""0.2500"",""taker_side"":""no"",""ticker"":""KXETH15M-26APR281430-30"",""trade_id"":""52025607-5bf3-4821-3d95-64b0db469053"",""yes_price_dollars"":""0.7500""}"
KXETH15M-26APR281430-30,2ba30292-726b-422b-25e1-5da57ba30513,1777400298,0.79,5.0,no,"{""count_fp"":""5.00"",""created_time"":""2026-04-28T18:18:18.332112Z"",""no_price_dollars"":""0.2100"",""taker_side"":""no"",""ticker"":""KXETH15M-26APR281430-30"",""trade_id"":""2ba30292-726b-422b-25e1-5da57ba30513"",""yes_price_dollars"":""0.7900""}"
KXETH15M-26APR281430-30,0e23b5b7-5025-4c8b-3c6a-702929e0085c,1777400298,0.77,20.0,no,"{""count_fp"":""20.00"",""created_time"":""2026-04-28T18:18:18.332112Z"",""no_price_dollars"":""0.2300"",""taker_side"":""no"",""ticker"":""KXETH15M-26APR281430-30"",""trade_id"":""0e23b5b7-5025-4c8b-3c6a-702929e0085c"",""yes_price_dollars"":""0.7700""}"
KXETH15M-26APR281430-30,096c6123-57bb-4021-222f-7eb4bbf9dbf3,1777400298,0.76,10.0,no,"{""count_fp"":""10.00"",""created_time"":""2026-04-28T18:18:18.332112Z"",""no_price_dollars"":""0.2400"",""taker_side"":""no"",""ticker"":""KXETH15M-26APR281430-30"",""trade_id"":""096c6123-57bb-4021-222f-7eb4bbf9dbf3"",""yes_price_dollars"":""0.7600""}"
KXETH15M-26APR281430-30,03554e74-16f7-4740-26a1-5793d4b4d8ae,1777400298,0.79,5.0,no,"{""count_fp"":""5.00"",""created_time"":""2026-04-28T18:18:18.332112Z"",""no_price_dollars"":""0.2100"",""taker_side"":""no"",""ticker"":""KXETH15M-26APR281430-30"",""trade_id"":""03554e74-16f7-4740-26a1-5793d4b4d8ae"",""yes_price_dollars"":""0.7900""}"
KXETH15M-26APR281430-30,840cf618-aa1f-7e9b-ea86-9c05522fdcf6,1777400300,0.8,10.0,yes,"{""count_fp"":""10.00"",""created_time"":""2026-04-28T18:18:20.176447Z"",""no_price_dollars"":""0.2000"",""taker_side"":""yes"",""ticker"":""KXETH15M-26APR281430-30"",""trade_id"":""840cf618-aa1f-7e9b-ea86-9c05522fdcf6"",""yes_price_dollars"":""0.8000""}"
KXETH15M-26APR281430-30,0ff3a929-ea9b-7944-c1b8-e117ba827dff,1777400300,0.8,10.0,yes,"{""count_fp"":""10.00"",""created_time"":""2026-04-28T18:18:20.176447Z"",""no_price_dollars"":""0.2000"",""taker_side"":""yes"",""ticker"":""KXETH15M-26APR281430-30"",""trade_id"":""0ff3a929-ea9b-7944-c1b8-e117ba827dff"",""yes_price_dollars"":""0.8000""}"
KXETH15M-26APR281430-30,f101c074-2d86-4115-0ccd-63a2b9c6db58,1777400301,0.82,10.0,yes,"{""count_fp"":""10.00"",""created_time"":""2026-04-28T18:18:21.104436Z"",""no_price_dollars"":""0.1800"",""taker_side"":""yes"",""ticker"":""KXETH15M-26APR281430-30"",""trade_id"":""f101c074-2d86-4115-0ccd-63a2b9c6db58"",""yes_price_dollars"":""0.8200""}"
KXETH15M-26APR281430-30,b57e38f7-a9c1-4c24-1830-0c2ae55c04c0,1777400301,0.82,70.0,yes,"{""count_fp"":""70.00"",""created_time"":""2026-04-28T18:18:21.104436Z"",""no_price_dollars"":""0.1800"",""taker_side"":""yes"",""ticker"":""KXETH15M-26APR281430-30"",""trade_id"":""b57e38f7-a9c1-4c24-1830-0c2ae55c04c0"",""yes_price_dollars"":""0.8200""}"
KXETH15M-26APR281430-30,d508c8f1-65b5-6322-cc85-dc30f1ff5286,1777400302,0.82,5.0,no,"{""count_fp"":""5.00"",""created_time"":""2026-04-28T18:18:22.493539Z"",""no_price_dollars"":""0.1800"",""taker_side"":""no"",""ticker"":""KXETH15M-26APR281430-30"",""trade_id"":""d508c8f1-65b5-6322-cc85-dc30f1ff5286"",""yes_price_dollars"":""0.8200""}"
KXETH15M-26APR281430-30,1413e676-a229-695a-dd9b-7fe340dbaae4,1777400302,0.82,100.0,no,"{""count_fp"":""100.00"",""created_time"":""2026-04-28T18:18:22.493539Z"",""no_price_dollars"":""0.1800"",""taker_side"":""no"",""ticker"":""KXETH15M-26APR281430-30"",""trade_id"":""1413e676-a229-695a-dd9b-7fe340dbaae4"",""yes_price_dollars"":""0.8200""}"
KXETH15M-26APR281430-30,254b5e10-c702-7944-1925-6c276d557f86,1777400307,0.8,1.0,yes,"{""count_fp"":""1.00"",""created_time"":""2026-04-28T18:18:27.166269Z"",""no_price_dollars"":""0.2000"",""taker_side"":""yes"",""ticker"":""KXETH15M-26APR281430-30"",""trade_id"":""254b5e10-c702-7944-1925-6c276d557f86"",""yes_price_dollars"":""0.8000""}"
KXETH15M-26APR281430-30,ff956093-7208-4ad4-dd0f-fb2fb8707673,1777400307,0.78,5.0,no,"{""count_fp"":""5.00"",""created_time"":""2026-04-28T18:18:27.122929Z"",""no_price_dollars"":""0.2200"",""taker_side"":""no"",""ticker"":""KXETH15M-26APR281430-30"",""trade_id"":""ff956093-7208-4ad4-dd0f-fb2fb8707673"",""yes_price_dollars"":""0.7800""}"
KXETH15M-26APR281430-30,e1b2def0-e889-4a73-d790-3f5a904b9612,1777400307,0.78,15.0,no,"{""count_fp"":""15.00"",""created_time"":""2026-04-28T18:18:27.122929Z"",""no_price_dollars"":""0.2200"",""taker_side"":""no"",""ticker"":""KXETH15M-26APR281430-30"",""trade_id"":""e1b2def0-e889-4a73-d790-3f5a904b9612"",""yes_price_dollars"":""0.7800""}"
KXETH15M-26APR281430-30,ea17e414-60a5-61b9-4c13-5fe2ba5f39bc,1777400308,0.83,1.0,yes,"{""count_fp"":""1.00"",""created_time"":""2026-04-28T18:18:28.679584Z"",""no_price_dollars"":""0.1700"",""taker_side"":""yes"",""ticker"":""KXETH15M-26APR281430-30"",""trade_id"":""ea17e414-60a5-61b9-4c13-5fe2ba5f39bc"",""yes_price_dollars"":""0.8300""}"
KXETH15M-26APR281430-30,e792cd53-9ef0-63c2-6e4b-af1d7f29b908,1777400308,0.81,550.0,yes,"{""count_fp"":""550.00"",""created_time"":""2026-04-28T18:18:28.679584Z"",""no_price_dollars"":""0.1900"",""taker_side"":""yes"",""ticker"":""KXETH15M-26APR281430-30"",""trade_id"":""e792cd53-9ef0-63c2-6e4b-af1d7f29b908"",""yes_price_dollars"":""0.8100""}"
KXETH15M-26APR281430-30,d8b2baa0-3dce-6b71-5c05-1548e13f9a48,1777400308,0.83,3.0,yes,"{""count_fp"":""3.00"",""created_time"":""2026-04-28T18:18:28.679584Z"",""no_price_dollars"":""0.1700"",""taker_side"":""yes"",""ticker"":""KXETH15M-26APR281430-30"",""trade_id"":""d8b2baa0-3dce-6b71-5c05-1548e13f9a48"",""yes_price_dollars"":""0.8300""}"
KXETH15M-26APR281430-30,97fdd847-3544-6a4c-708a-58f59870c96a,1777400308,0.84,1.0,yes,"{""count_fp"":""1.00"",""created_time"":""2026-04-28T18:18:28.679584Z"",""no_price_dollars"":""0.1600"",""taker_side"":""yes"",""ticker"":""KXETH15M-26APR281430-30"",""trade_id"":""97fdd847-3544-6a4c-708a-58f59870c96a"",""yes_price_dollars"":""0.8400""}"
KXETH15M-26APR281430-30,7fc3adde-2cdf-65ea-7163-07f74326bac9,1777400308,0.84,5.0,yes,"{""count_fp"":""5.00"",""created_time"":""2026-04-28T18:18:28.679584Z"",""no_price_dollars"":""0.1600"",""taker_side"":""yes"",""ticker"":""KXETH15M-26APR281430-30"",""trade_id"":""7fc3adde-2cdf-65ea-7163-07f74326bac9"",""yes_price_dollars"":""0.8400""}"
KXETH15M-26APR281430-30,74f1bb88-530f-6a71-6c91-5937aa24f7c5,1777400308,0.81,10.0,yes,"{""count_fp"":""10.00"",""created_time"":""2026-04-28T18:18:28.679584Z"",""no_price_dollars"":""0.1900"",""taker_side"":""yes"",""ticker"":""KXETH15M-26APR281430-30"",""trade_id"":""74f1bb88-530f-6a71-6c91-5937aa24f7c5"",""yes_price_dollars"":""0.8100""}"
KXETH15M-26APR281430-30,64fe650f-c3ee-66e8-767a-b848b23235b1,1777400308,0.84,70.0,yes,"{""count_fp"":""70.00"",""created_time"":""2026-04-28T18:18:28.679584Z"",""no_price_dollars"":""0.1600"",""taker_side"":""yes"",""ticker"":""KXETH15M-26APR281430-30"",""trade_id"":""64fe650f-c3ee-66e8-767a-b848b23235b1"",""yes_price_dollars"":""0.8400""}"
KXETH15M-26APR281430-30,6348a587-43ea-6c28-6b78-c55d2067c985,1777400308,0.84,1.0,yes,"{""count_fp"":""1.00"",""created_time"":""2026-04-28T18:18:28.679584Z"",""no_price_dollars"":""0.1600"",""taker_side"":""yes"",""ticker"":""KXETH15M-26APR281430-30"",""trade_id"":""6348a587-43ea-6c28-6b78-c55d2067c985"",""yes_price_dollars"":""0.8400""}"
KXETH15M-26APR281430-30,53d30da9-18df-6505-50c8-2bada90931d4,1777400308,0.81,352.0,yes,"{""count_fp"":""352.00"",""created_time"":""2026-04-28T18:18:28.679584Z"",""no_price_dollars"":""0.1900"",""taker_side"":""yes"",""ticker"":""KXETH15M-26APR281430-30"",""trade_id"":""53d30da9-18df-6505-50c8-2bada90931d4"",""yes_price_dollars"":""0.8100""}"
KXETH15M-26APR281430-30,1893a2d0-c7e0-6110-40d1-e973b8f1fbbd,1777400308,0.81,10.0,yes,"{""count_fp"":""10.00"",""created_time"":""2026-04-28T18:18:28.679584Z"",""no_price_dollars"":""0.1900"",""taker_side"":""yes"",""ticker"":""KXETH15M-26APR281430-30"",""trade_id"":""1893a2d0-c7e0-6110-40d1-e973b8f1fbbd"",""yes_price_dollars"":""0.8100""}"
KXETH15M-26APR281430-30,0e5eac21-1d42-64bf-718a-9788679d6790,1777400308,0.83,7.0,yes,"{""count_fp"":""7.00"",""created_time"":""2026-04-28T18:18:28.679584Z"",""no_price_dollars"":""0.1700"",""taker_side"":""yes"",""ticker"":""KXETH15M-26APR281430-30"",""trade_id"":""0e5eac21-1d42-64bf-718a-9788679d6790"",""yes_price_dollars"":""0.8300""}"
KXETH15M-26APR281430-30,7b672937-1968-5995-0ab9-cb1c5bdcd3d3,1777400309,0.84,8.25,no,"{""count_fp"":""8.25"",""created_time"":""2026-04-28T18:18:29.201289Z"",""no_price_dollars"":""0.1600"",""taker_side"":""no"",""ticker"":""KXETH15M-26APR281430-30"",""trade_id"":""7b672937-1968-5995-0ab9-cb1c5bdcd3d3"",""yes_price_dollars"":""0.8400""}"
KXETH15M-26APR281430-30,a00e07f2-9fe1-6dda-d48a-1fd8d4520d1d,1777400311,0.83,5.0,no,"{""count_fp"":""5.00"",""created_time"":""2026-04-28T18:18:31.758487Z"",""no_price_dollars"":""0.1700"",""taker_side"":""no"",""ticker"":""KXETH15M-26APR281430-30"",""trade_id"":""a00e07f2-9fe1-6dda-d48a-1fd8d4520d1d"",""yes_price_dollars"":""0.8300""}"
KXETH15M-26APR281430-30,38ba4566-9e41-610f-e22a-ea66a6e46cd2,1777400311,0.83,16.27,no,"{""count_fp"":""16.27"",""created_time"":""2026-04-28T18:18:31.758487Z"",""no_price_dollars"":""0.1700"",""taker_side"":""no"",""ticker"":""KXETH15M-26APR281430-30"",""trade_id"":""38ba4566-9e41-610f-e22a-ea66a6e46cd2"",""yes_price_dollars"":""0.8300""}"
KXETH15M-26APR281430-30,31cc7852-1bd8-76a4-1d76-56fb9695b639,1777400313,0.84,1.0,yes,"{""count_fp"":""1.00"",""created_time"":""2026-04-28T18:18:33.251038Z"",""no_price_dollars"":""0.1600"",""taker_side"":""yes"",""ticker"":""KXETH15M-26APR281430-30"",""trade_id"":""31cc7852-1bd8-76a4-1d76-56fb9695b639"",""yes_price_dollars"":""0.8400""}"
KXETH15M-26APR281430-30,c0d052f6-f429-6247-5536-7d142d91861e,1777400321,0.83,8.0,no,"{""count_fp"":""8.00"",""created_time"":""2026-04-28T18:18:41.406516Z"",""no_price_dollars"":""0.1700"",""taker_side"":""no"",""ticker"":""KXETH15M-26APR281430-30"",""trade_id"":""c0d052f6-f429-6247-5536-7d142d91861e"",""yes_price_dollars"":""0.8300""}"
KXETH15M-26APR281430-30,4be65cef-f881-6c0d-6365-f8b2cae11e96,1777400321,0.83,5.0,no,"{""count_fp"":""5.00"",""created_time"":""2026-04-28T18:18:41.406516Z"",""no_price_dollars"":""0.1700"",""taker_side"":""no"",""ticker"":""KXETH15M-26APR281430-30"",""trade_id"":""4be65cef-f881-6c0d-6365-f8b2cae11e96"",""yes_price_dollars"":""0.8300""}"
KXETH15M-26APR281430-30,9135d010-c03d-692f-3411-38c8f962a43e,1777400325,0.83,4.0,no,"{""count_fp"":""4.00"",""created_time"":""2026-04-28T18:18:45.427303Z"",""no_price_dollars"":""0.1700"",""taker_side"":""no"",""ticker"":""KXETH15M-26APR281430-30"",""trade_id"":""9135d010-c03d-692f-3411-38c8f962a43e"",""yes_price_dollars"":""0.8300""}"
KXETH15M-26APR281430-30,7ce44d8b-cfef-67b1-051c-1af0b9695c69,1777400326,0.84,10.0,yes,"{""count_fp"":""10.00"",""created_time"":""2026-04-28T18:18:46.123319Z"",""no_price_dollars"":""0.1600"",""taker_side"":""yes"",""ticker"":""KXETH15M-26APR281430-30"",""trade_id"":""7ce44d8b-cfef-67b1-051c-1af0b9695c69"",""yes_price_dollars"":""0.8400""}"
KXETH15M-26APR281430-30,ec1c0c88-ed48-57cc-e205-4a55e5ea0c76,1777400328,0.85,1.0,yes,"{""count_fp"":""1.00"",""created_time"":""2026-04-28T18:18:48.665984Z"",""no_price_dollars"":""0.1500"",""taker_side"":""yes"",""ticker"":""KXETH15M-26APR281430-30"",""trade_id"":""ec1c0c88-ed48-57cc-e205-4a55e5ea0c76"",""yes_price_dollars"":""0.8500""}"
KXETH15M-26APR281430-30,d2f5533b-fffc-5dde-ea12-b5d0af49440e,1777400328,0.85,1.0,yes,"{""count_fp"":""1.00"",""created_time"":""2026-04-28T18:18:48.665984Z"",""no_price_dollars"":""0.1500"",""taker_side"":""yes"",""ticker"":""KXETH15M-26APR281430-30"",""trade_id"":""d2f5533b-fffc-5dde-ea12-b5d0af49440e"",""yes_price_dollars"":""0.8500""}"
KXETH15M-26APR281430-30,bcded395-bf8f-5448-c028-59139cd886df,1777400328,0.85,1.0,yes,"{""count_fp"":""1.00"",""created_time"":""2026-04-28T18:18:48.665984Z"",""no_price_dollars"":""0.1500"",""taker_side"":""yes"",""ticker"":""KXETH15M-26APR281430-30"",""trade_id"":""bcded395-bf8f-5448-c028-59139cd886df"",""yes_price_dollars"":""0.8500""}"
KXETH15M-26APR281430-30,91151d70-7ccc-5424-c154-5722e4f11a75,1777400328,0.85,1.0,yes,"{""count_fp"":""1.00"",""created_time"":""2026-04-28T18:18:48.665984Z"",""no_price_dollars"":""0.1500"",""taker_side"":""yes"",""ticker"":""KXETH15M-26APR281430-30"",""trade_id"":""91151d70-7ccc-5424-c154-5722e4f11a75"",""yes_price_dollars"":""0.8500""}"
KXETH15M-26APR281430-30,88122191-712c-5ff1-cb68-048b45ae254e,1777400328,0.85,1.0,yes,"{""count_fp"":""1.00"",""created_time"":""2026-04-28T18:18:48.665984Z"",""no_price_dollars"":""0.1500"",""taker_side"":""yes"",""ticker"":""KXETH15M-26APR281430-30"",""trade_id"":""88122191-712c-5ff1-cb68-048b45ae254e"",""yes_price_dollars"":""0.8500""}"
KXETH15M-26APR281430-30,67988ac8-622a-5116-dbd5-8b591ad2a146,1777400328,0.85,1.0,yes,"{""count_fp"":""1.00"",""created_time"":""2026-04-28T18:18:48.665984Z"",""no_price_dollars"":""0.1500"",""taker_side"":""yes"",""ticker"":""KXETH15M-26APR281430-30"",""trade_id"":""67988ac8-622a-5116-dbd5-8b591ad2a146"",""yes_price_dollars"":""0.8500""}"
KXETH15M-26APR281430-30,5f6e3171-0667-54aa-c567-bf3f778627d5,1777400328,0.85,1.0,yes,"{""count_fp"":""1.00"",""created_time"":""2026-04-28T18:18:48.665984Z"",""no_price_dollars"":""0.1500"",""taker_side"":""yes"",""ticker"":""KXETH15M-26APR281430-30"",""trade_id"":""5f6e3171-0667-54aa-c567-bf3f778627d5"",""yes_price_dollars"":""0.8500""}"
KXETH15M-26APR281430-30,581de317-d501-5a23-ef12-dd398f5f563c,1777400328,0.85,1.0,yes,"{""count_fp"":""1.00"",""created_time"":""2026-04-28T18:18:48.665984Z"",""no_price_dollars"":""0.1500"",""taker_side"":""yes"",""ticker"":""KXETH15M-26APR281430-30"",""trade_id"":""581de317-d501-5a23-ef12-dd398f5f563c"",""yes_price_dollars"":""0.8500""}"
KXETH15M-26APR281430-30,4c9623bc-47e9-5e66-e447-14e4976fe8b0,1777400328,0.85,1.0,yes,"{""count_fp"":""1.00"",""created_time"":""2026-04-28T18:18:48.665984Z"",""no_price_dollars"":""0.1500"",""taker_side"":""yes"",""ticker"":""KXETH15M-26APR281430-30"",""trade_id"":""4c9623bc-47e9-5e66-e447-14e4976fe8b0"",""yes_price_dollars"":""0.8500""}"
KXETH15M-26APR281430-30,1127dec7-a6d9-5b75-da17-ae871cf4eff7,1777400328,0.85,1.0,yes,"{""count_fp"":""1.00"",""created_time"":""2026-04-28T18:18:48.665984Z"",""no_price_dollars"":""0.1500"",""taker_side"":""yes"",""ticker"":""KXETH15M-26APR281430-30"",""trade_id"":""1127dec7-a6d9-5b75-da17-ae871cf4eff7"",""yes_price_dollars"":""0.8500""}"
KXETH15M-26APR281430-30,470889c5-564b-6743-af73-9bab00bdb817,1777400330,0.84,50.0,no,"{""count_fp"":""50.00"",""created_time"":""2026-04-28T18:18:50.412812Z"",""no_price_dollars"":""0.1600"",""taker_side"":""no"",""ticker"":""KXETH15M-26APR281430-30"",""trade_id"":""470889c5-564b-6743-af73-9bab00bdb817"",""yes_price_dollars"":""0.8400""}"
KXETH15M-26APR281430-30,ff270eaf-51d1-65ac-b3e0-c1393bd71867,1777400335,0.85,1.0,yes,"{""count_fp"":""1.00"",""created_time"":""2026-04-28T18:18:55.037945Z"",""no_price_dollars"":""0.1500"",""taker_side"":""yes"",""ticker"":""KXETH15M-26APR281430-30"",""trade_id"":""ff270eaf-51d1-65ac-b3e0-c1393bd71867"",""yes_price_dollars"":""0.8500""}"
KXETH15M-26APR281430-30,f58ec346-500f-6aec-b2a7-53077a19dfc5,1777400335,0.85,0.28,yes,"{""count_fp"":""0.28"",""created_time"":""2026-04-28T18:18:55.037945Z"",""no_price_dollars"":""0.1500"",""taker_side"":""yes"",""ticker"":""KXETH15M-26APR281430-30"",""trade_id"":""f58ec346-500f-6aec-b2a7-53077a19dfc5"",""yes_price_dollars"":""0.8500""}"
KXETH15M-26APR281430-30,f16af2cc-c8bd-6061-a6f3-7a3fa342841b,1777400335,0.85,1.0,yes,"{""count_fp"":""1.00"",""created_time"":""2026-04-28T18:18:55.037945Z"",""no_price_dollars"":""0.1500"",""taker_side"":""yes"",""ticker"":""KXETH15M-26APR281430-30"",""trade_id"":""f16af2cc-c8bd-6061-a6f3-7a3fa342841b"",""yes_price_dollars"":""0.8500""}"
KXETH15M-26APR281430-30,e9ebbd53-deab-67d1-9eaa-10d052a9ee3e,1777400335,0.85,1.0,yes,"{""count_fp"":""1.00"",""created_time"":""2026-04-28T18:18:55.037945Z"",""no_price_dollars"":""0.1500"",""taker_side"":""yes"",""ticker"":""KXETH15M-26APR281430-30"",""trade_id"":""e9ebbd53-deab-67d1-9eaa-10d052a9ee3e"",""yes_price_dollars"":""0.8500""}"
KXETH15M-26APR281430-30,e471dce4-d064-6fd4-aed1-cbfab5661bc9,1777400335,0.85,1.0,yes,"{""count_fp"":""1.00"",""created_time"":""2026-04-28T18:18:55.037945Z"",""no_price_dollars"":""0.1500"",""taker_side"":""yes"",""ticker"":""KXETH15M-26APR281430-30"",""trade_id"":""e471dce4-d064-6fd4-aed1-cbfab5661bc9"",""yes_price_dollars"":""0.8500""}"
KXETH15M-26APR281430-30,e3f9959c-91ef-6dca-94cd-a2d0640260ba,1777400335,0.85,1.0,yes,"{""count_fp"":""1.00"",""created_time"":""2026-04-28T18:18:55.037945Z"",""no_price_dollars"":""0.1500"",""taker_side"":""yes"",""ticker"":""KXETH15M-26APR281430-30"",""trade_id"":""e3f9959c-91ef-6dca-94cd-a2d0640260ba"",""yes_price_dollars"":""0.8500""}"
KXETH15M-26APR281430-30,d5f73f1b-4f80-6d54-839c-0837e82aeb9e,1777400335,0.85,1.0,yes,"{""count_fp"":""1.00"",""created_time"":""2026-04-28T18:18:55.037945Z"",""no_price_dollars"":""0.1500"",""taker_side"":""yes"",""ticker"":""KXETH15M-26APR281430-30"",""trade_id"":""d5f73f1b-4f80-6d54-839c-0837e82aeb9e"",""yes_price_dollars"":""0.8500""}"
KXETH15M-26APR281430-30,d5783942-faf8-665a-aeac-de09a01efe24,1777400335,0.85,1.0,yes,"{""count_fp"":""1.00"",""created_time"":""2026-04-28T18:18:55.037945Z"",""no_price_dollars"":""0.1500"",""taker_side"":""yes"",""ticker"":""KXETH15M-26APR281430-30"",""trade_id"":""d5783942-faf8-665a-aeac-de09a01efe24"",""yes_price_dollars"":""0.8500""}"
KXETH15M-26APR281430-30,d498a3db-76eb-65ac-a73d-343166279ab8,1777400335,0.85,1.0,yes,"{""count_fp"":""1.00"",""created_time"":""2026-04-28T18:18:55.037945Z"",""no_price_dollars"":""0.1500"",""taker_side"":""yes"",""ticker"":""KXETH15M-26APR281430-30"",""trade_id"":""d498a3db-76eb-65ac-a73d-343166279ab8"",""yes_price_dollars"":""0.8500""}"
KXETH15M-26APR281430-30,d02b1a35-b10b-6203-b59f-8c8c7cf143bf,1777400335,0.85,1.0,yes,"{""count_fp"":""1.00"",""created_time"":""2026-04-28T18:18:55.037945Z"",""no_price_dollars"":""0.1500"",""taker_side"":""yes"",""ticker"":""KXETH15M-26APR281430-30"",""trade_id"":""d02b1a35-b10b-6203-b59f-8c8c7cf143bf"",""yes_price_dollars"":""0.8500""}"
KXETH15M-26APR281430-30,cd2dfae6-f030-6242-a783-b7898dec5bf3,1777400335,0.85,1.0,yes,"{""count_fp"":""1.00"",""created_time"":""2026-04-28T18:18:55.037945Z"",""no_price_dollars"":""0.1500"",""taker_side"":""yes"",""ticker"":""KXETH15M-26APR281430-30"",""trade_id"":""cd2dfae6-f030-6242-a783-b7898dec5bf3"",""yes_price_dollars"":""0.8500""}"
KXETH15M-26APR281430-30,ca2dcf0e-730d-641d-afe5-184fa299df41,1777400335,0.85,1.0,yes,"{""count_fp"":""1.00"",""created_time"":""2026-04-28T18:18:55.037945Z"",""no_price_dollars"":""0.1500"",""taker_side"":""yes"",""ticker"":""KXETH15M-26APR281430-30"",""trade_id"":""ca2dcf0e-730d-641d-afe5-184fa299df41"",""yes_price_dollars"":""0.8500""}"
KXETH15M-26APR281430-30,bc19d41f-9037-68ed-a3aa-4739009ba581,1777400335,0.85,1.0,yes,"{""count_fp"":""1.00"",""created_time"":""2026-04-28T18:18:55.037945Z"",""no_price_dollars"":""0.1500"",""taker_side"":""yes"",""ticker"":""KXETH15M-26APR281430-30"",""trade_id"":""bc19d41f-9037-68ed-a3aa-4739009ba581"",""yes_price_dollars"":""0.8500""}"
KXETH15M-26APR281430-30,bb09b63a-0e90-6dd0-8be5-805edf9e93cb,1777400335,0.85,1.0,yes,"{""count_fp"":""1.00"",""created_time"":""2026-04-28T18:18:55.037945Z"",""no_price_dollars"":""0.1500"",""taker_side"":""yes"",""ticker"":""KXETH15M-26APR281430-30"",""trade_id"":""bb09b63a-0e90-6dd0-8be5-805edf9e93cb"",""yes_price_dollars"":""0.8500""}"
KXETH15M-26APR281430-30,b625447b-87eb-60f0-883b-79eb211405db,1777400335,0.85,1.0,yes,"{""count_fp"":""1.00"",""created_time"":""2026-04-28T18:18:55.037945Z"",""no_price_dollars"":""0.1500"",""taker_side"":""yes"",""ticker"":""KXETH15M-26APR281430-30"",""trade_id"":""b625447b-87eb-60f0-883b-79eb211405db"",""yes_price_dollars"":""0.8500""}"
KXETH15M-26APR281430-30,b40661fe-193b-6acd-9fe3-e24d7d811a92,1777400335,0.85,1.0,yes,"{""count_fp"":""1.00"",""created_time"":""2026-04-28T18:18:55.037945Z"",""no_price_dollars"":""0.1500"",""taker_side"":""yes"",""ticker"":""KXETH15M-26APR281430-30"",""trade_id"":""b40661fe-193b-6acd-9fe3-e24d7d811a92"",""yes_price_dollars"":""0.8500""}"
KXETH15M-26APR281430-30,b3233cfb-5cd4-6ab9-9d32-74e156a18027,1777400335,0.85,1.0,yes,"{""count_fp"":""1.00"",""created_time"":""2026-04-28T18:18:55.037945Z"",""no_price_dollars"":""0.1500"",""taker_side"":""yes"",""ticker"":""KXETH15M-26APR281430-30"",""trade_id"":""b3233cfb-5cd4-6ab9-9d32-74e156a18027"",""yes_price_dollars"":""0.8500""}"
KXETH15M-26APR281430-30,b2fe1875-2def-6205-a49d-5d2c926e8ad4,1777400335,0.85,1.0,yes,"{""count_fp"":""1.00"",""created_time"":""2026-04-28T18:18:55.037945Z"",""no_price_dollars"":""0.1500"",""taker_side"":""yes"",""ticker"":""KXETH15M-26APR281430-30"",""trade_id"":""b2fe1875-2def-6205-a49d-5d2c926e8ad4"",""yes_price_dollars"":""0.8500""}"
KXETH15M-26APR281430-30,a7ac32d2-0c47-66a9-b92f-03bbb9a1af7c,1777400335,0.85,1.0,yes,"{""count_fp"":""1.00"",""created_time"":""2026-04-28T18:18:55.037945Z"",""no_price_dollars"":""0.1500"",""taker_side"":""yes"",""ticker"":""KXETH15M-26APR281430-30"",""trade_id"":""a7ac32d2-0c47-66a9-b92f-03bbb9a1af7c"",""yes_price_dollars"":""0.8500""}"
KXETH15M-26APR281430-30,a46587c6-7d9b-68be-b8e9-51fe0df0350f,1777400335,0.85,1.0,yes,"{""count_fp"":""1.00"",""created_time"":""2026-04-28T18:18:55.037945Z"",""no_price_dollars"":""0.1500"",""taker_side"":""yes"",""ticker"":""KXETH15M-26APR281430-30"",""trade_id"":""a46587c6-7d9b-68be-b8e9-51fe0df0350f"",""yes_price_dollars"":""0.8500""}"
KXETH15M-26APR281430-30,9fa4c013-af7a-6d2c-b67d-da7350b9f7c9,1777400335,0.85,1.0,yes,"{""count_fp"":""1.00"",""created_time"":""2026-04-28T18:18:55.037945Z"",""no_price_dollars"":""0.1500"",""taker_side"":""yes"",""ticker"":""KXETH15M-26APR281430-30"",""trade_id"":""9fa4c013-af7a-6d2c-b67d-da7350b9f7c9"",""yes_price_dollars"":""0.8500""}"
KXETH15M-26APR281430-30,9e4c02a4-d6ff-6a2b-ac9d-48d3f572d763,1777400335,0.85,1.0,yes,"{""count_fp"":""1.00"",""created_time"":""2026-04-28T18:18:55.037945Z"",""no_price_dollars"":""0.1500"",""taker_side"":""yes"",""ticker"":""KXETH15M-26APR281430-30"",""trade_id"":""9e4c02a4-d6ff-6a2b-ac9d-48d3f572d763"",""yes_price_dollars"":""0.8500""}"
KXETH15M-26APR281430-30,9dacf6d5-cc15-6f39-8ae8-8586c2522ee8,1777400335,0.85,1.0,yes,"{""count_fp"":""1.00"",""created_time"":""2026-04-28T18:18:55.037945Z"",""no_price_dollars"":""0.1500"",""taker_side"":""yes"",""ticker"":""KXETH15M-26APR281430-30"",""trade_id"":""9dacf6d5-cc15-6f39-8ae8-8586c2522ee8"",""yes_price_dollars"":""0.8500""}"
KXETH15M-26APR281430-30,991f9805-9a75-6e4a-b0bb-4f37df8cd1b4,1777400335,0.85,1.0,yes,"{""count_fp"":""1.00"",""created_time"":""2026-04-28T18:18:55.037945Z"",""no_price_dollars"":""0.1500"",""taker_side"":""yes"",""ticker"":""KXETH15M-26APR281430-30"",""trade_id"":""991f9805-9a75-6e4a-b0bb-4f37df8cd1b4"",""yes_price_dollars"":""0.8500""}"
KXETH15M-26APR281430-30,8ae3ca7c-b2d8-6b5d-a98b-a0ab4eca3e32,1777400335,0.85,1.0,yes,"{""count_fp"":""1.00"",""created_time"":""2026-04-28T18:18:55.037945Z"",""no_price_dollars"":""0.1500"",""taker_side"":""yes"",""ticker"":""KXETH15M-26APR281430-30"",""trade_id"":""8ae3ca7c-b2d8-6b5d-a98b-a0ab4eca3e32"",""yes_price_dollars"":""0.8500""}"
KXETH15M-26APR281430-30,856a5a52-dab9-6605-aab3-aee054fe93fa,1777400335,0.85,1.0,yes,"{""count_fp"":""1.00"",""created_time"":""2026-04-28T18:18:55.037945Z"",""no_price_dollars"":""0.1500"",""taker_side"":""yes"",""ticker"":""KXETH15M-26APR281430-30"",""trade_id"":""856a5a52-dab9-6605-aab3-aee054fe93fa"",""yes_price_dollars"":""0.8500""}"
KXETH15M-26APR281430-30,84664b03-6e5f-623d-8fc3-670b8fb1da03,1777400335,0.85,1.0,yes,"{""count_fp"":""1.00"",""created_time"":""2026-04-28T18:18:55.037945Z"",""no_price_dollars"":""0.1500"",""taker_side"":""yes"",""ticker"":""KXETH15M-26APR281430-30"",""trade_id"":""84664b03-6e5f-623d-8fc3-670b8fb1da03"",""yes_price_dollars"":""0.8500""}"
KXETH15M-26APR281430-30,8203dc17-11f8-6fac-ad0b-bf8c3ab02f0b,1777400335,0.85,1.0,yes,"{""count_fp"":""1.00"",""created_time"":""2026-04-28T18:18:55.037945Z"",""no_price_dollars"":""0.1500"",""taker_side"":""yes"",""ticker"":""KXETH15M-26APR281430-30"",""trade_id"":""8203dc17-11f8-6fac-ad0b-bf8c3ab02f0b"",""yes_price_dollars"":""0.8500""}"
KXETH15M-26APR281430-30,8143b313-bf6c-600b-89e3-8ad56d156bcc,1777400335,0.85,1.0,yes,"{""count_fp"":""1.00"",""created_time"":""2026-04-28T18:18:55.037945Z"",""no_price_dollars"":""0.1500"",""taker_side"":""yes"",""ticker"":""KXETH15M-26APR281430-30"",""trade_id"":""8143b313-bf6c-600b-89e3-8ad56d156bcc"",""yes_price_dollars"":""0.8500""}"
KXETH15M-26APR281430-30,7d31bb3c-5a32-61ae-bd3b-c7ea1c2ee000,1777400335,0.85,1.0,yes,"{""count_fp"":""1.00"",""created_time"":""2026-04-28T18:18:55.037945Z"",""no_price_dollars"":""0.1500"",""taker_side"":""yes"",""ticker"":""KXETH15M-26APR281430-30"",""trade_id"":""7d31bb3c-5a32-61ae-bd3b-c7ea1c2ee000"",""yes_price_dollars"":""0.8500""}"
KXETH15M-26APR281430-30,79cf4df5-10af-6c7b-b0eb-2e6b0ab28964,1777400335,0.85,1.0,yes,"{""count_fp"":""1.00"",""created_time"":""2026-04-28T18:18:55.037945Z"",""no_price_dollars"":""0.1500"",""taker_side"":""yes"",""ticker"":""KXETH15M-26APR281430-30"",""trade_id"":""79cf4df5-10af-6c7b-b0eb-2e6b0ab28964"",""yes_price_dollars"":""0.8500""}"
KXETH15M-26APR281430-30,71ffa0e7-ec9a-6f6b-946d-a1d0ebca812b,1777400335,0.85,1.0,yes,"{""count_fp"":""1.00"",""created_time"":""2026-04-28T18:18:55.037945Z"",""no_price_dollars"":""0.1500"",""taker_side"":""yes"",""ticker"":""KXETH15M-26APR281430-30"",""trade_id"":""71ffa0e7-ec9a-6f6b-946d-a1d0ebca812b"",""yes_price_dollars"":""0.8500""}"
KXETH15M-26APR281430-30,6ecd622b-7413-6357-ab47-bab54cd42a04,1777400335,0.85,1.0,yes,"{""count_fp"":""1.00"",""created_time"":""2026-04-28T18:18:55.037945Z"",""no_price_dollars"":""0.1500"",""taker_side"":""yes"",""ticker"":""KXETH15M-26APR281430-30"",""trade_id"":""6ecd622b-7413-6357-ab47-bab54cd42a04"",""yes_price_dollars"":""0.8500""}"
KXETH15M-26APR281430-30,6a7d2691-9a59-6453-86d3-9a3de2eeea79,1777400335,0.85,0.72,yes,"{""count_fp"":""0.72"",""created_time"":""2026-04-28T18:18:55.037945Z"",""no_price_dollars"":""0.1500"",""taker_side"":""yes"",""ticker"":""KXETH15M-26APR281430-30"",""trade_id"":""6a7d2691-9a59-6453-86d3-9a3de2eeea79"",""yes_price_dollars"":""0.8500""}"
KXETH15M-26APR281430-30,696dcaf9-e1b7-643e-95e8-183b4eda4513,1777400335,0.85,1.0,yes,"{""count_fp"":""1.00"",""created_time"":""2026-04-28T18:18:55.037945Z"",""no_price_dollars"":""0.1500"",""taker_side"":""yes"",""ticker"":""KXETH15M-26APR281430-30"",""trade_id"":""696dcaf9-e1b7-643e-95e8-183b4eda4513"",""yes_price_dollars"":""0.8500""}"
KXETH15M-26APR281430-30,5b5a4f75-9562-6351-8cb4-808f62861e68,1777400335,0.85,1.0,yes,"{""count_fp"":""1.00"",""created_time"":""2026-04-28T18:18:55.037945Z"",""no_price_dollars"":""0.1500"",""taker_side"":""yes"",""ticker"":""KXETH15M-26APR281430-30"",""trade_id"":""5b5a4f75-9562-6351-8cb4-808f62861e68"",""yes_price_dollars"":""0.8500""}"
KXETH15M-26APR281430-30,57760186-20ed-6c4d-a992-04cb8b4f5228,1777400335,0.85,1.0,yes,"{""count_fp"":""1.00"",""created_time"":""2026-04-28T18:18:55.037945Z"",""no_price_dollars"":""0.1500"",""taker_side"":""yes"",""ticker"":""KXETH15M-26APR281430-30"",""trade_id"":""57760186-20ed-6c4d-a992-04cb8b4f5228"",""yes_price_dollars"":""0.8500""}"
KXETH15M-26APR281430-30,4fa993ce-8c9a-6ea6-8a9d-f532d6a39aed,1777400335,0.85,1.0,yes,"{""count_fp"":""1.00"",""created_time"":""2026-04-28T18:18:55.037945Z"",""no_price_dollars"":""0.1500"",""taker_side"":""yes"",""ticker"":""KXETH15M-26APR281430-30"",""trade_id"":""4fa993ce-8c9a-6ea6-8a9d-f532d6a39aed"",""yes_price_dollars"":""0.8500""}"
KXETH15M-26APR281430-30,48c73fab-4232-6fdc-af59-5f5353468419,1777400335,0.85,1.0,yes,"{""count_fp"":""1.00"",""created_time"":""2026-04-28T18:18:55.037945Z"",""no_price_dollars"":""0.1500"",""taker_side"":""yes"",""ticker"":""KXETH15M-26APR281430-30"",""trade_id"":""48c73fab-4232-6fdc-af59-5f5353468419"",""yes_price_dollars"":""0.8500""}"
KXETH15M-26APR281430-30,43d6f785-1d82-6ee4-8348-32c43cb21d04,1777400335,0.85,1.0,yes,"{""count_fp"":""1.00"",""created_time"":""2026-04-28T18:18:55.037945Z"",""no_price_dollars"":""0.1500"",""taker_side"":""yes"",""ticker"":""KXETH15M-26APR281430-30"",""trade_id"":""43d6f785-1d82-6ee4-8348-32c43cb21d04"",""yes_price_dollars"":""0.8500""}"
KXETH15M-26APR281430-30,33af3229-fac8-66ac-a99a-3901dc927efd,1777400335,0.85,1.0,yes,"{""count_fp"":""1.00"",""created_time"":""2026-04-28T18:18:55.037945Z"",""no_price_dollars"":""0.1500"",""taker_side"":""yes"",""ticker"":""KXETH15M-26APR281430-30"",""trade_id"":""33af3229-fac8-66ac-a99a-3901dc927efd"",""yes_price_dollars"":""0.8500""}"
KXETH15M-26APR281430-30,31bd1519-bcb2-6467-b50b-fd733929c3d0,1777400335,0.85,1.0,yes,"{""count_fp"":""1.00"",""created_time"":""2026-04-28T18:18:55.037945Z"",""no_price_dollars"":""0.1500"",""taker_side"":""yes"",""ticker"":""KXETH15M-26APR281430-30"",""trade_id"":""31bd1519-bcb2-6467-b50b-fd733929c3d0"",""yes_price_dollars"":""0.8500""}"
KXETH15M-26APR281430-30,25510d7a-cc97-62d7-9a40-f3b2bb10f34a,1777400335,0.85,1.0,yes,"{""count_fp"":""1.00"",""created_time"":""2026-04-28T18:18:55.037945Z"",""no_price_dollars"":""0.1500"",""taker_side"":""yes"",""ticker"":""KXETH15M-26APR281430-30"",""trade_id"":""25510d7a-cc97-62d7-9a40-f3b2bb10f34a"",""yes_price_dollars"":""0.8500""}"
KXETH15M-26APR281430-30,1c97689f-bf7f-64b6-9512-31ca8356456b,1777400335,0.85,1.0,yes,"{""count_fp"":""1.00"",""created_time"":""2026-04-28T18:18:55.037945Z"",""no_price_dollars"":""0.1500"",""taker_side"":""yes"",""ticker"":""KXETH15M-26APR281430-30"",""trade_id"":""1c97689f-bf7f-64b6-9512-31ca8356456b"",""yes_price_dollars"":""0.8500""}"
KXETH15M-26APR281430-30,18319a30-4aad-6946-b055-e5c0bf486d7e,1777400335,0.85,1.0,yes,"{""count_fp"":""1.00"",""created_time"":""2026-04-28T18:18:55.037945Z"",""no_price_dollars"":""0.1500"",""taker_side"":""yes"",""ticker"":""KXETH15M-26APR281430-30"",""trade_id"":""18319a30-4aad-6946-b055-e5c0bf486d7e"",""yes_price_dollars"":""0.8500""}"
KXETH15M-26APR281430-30,13a1f640-e5f2-6742-a950-ab2ab42f26d2,1777400335,0.85,1.0,yes,"{""count_fp"":""1.00"",""created_time"":""2026-04-28T18:18:55.037945Z"",""no_price_dollars"":""0.1500"",""taker_side"":""yes"",""ticker"":""KXETH15M-26APR281430-30"",""trade_id"":""13a1f640-e5f2-6742-a950-ab2ab42f26d2"",""yes_price_dollars"":""0.8500""}"
KXETH15M-26APR281430-30,1007a162-3b3d-6c77-9b74-1a0b0fe7248d,1777400335,0.85,1.0,yes,"{""count_fp"":""1.00"",""created_time"":""2026-04-28T18:18:55.037945Z"",""no_price_dollars"":""0.1500"",""taker_side"":""yes"",""ticker"":""KXETH15M-26APR281430-30"",""trade_id"":""1007a162-3b3d-6c77-9b74-1a0b0fe7248d"",""yes_price_dollars"":""0.8500""}"
KXETH15M-26APR281430-30,0dbed9e2-b340-6b1a-9795-b8739ffeae27,1777400335,0.85,1.0,yes,"{""count_fp"":""1.00"",""created_time"":""2026-04-28T18:18:55.037945Z"",""no_price_dollars"":""0.1500"",""taker_side"":""yes"",""ticker"":""KXETH15M-26APR281430-30"",""trade_id"":""0dbed9e2-b340-6b1a-9795-b8739ffeae27"",""yes_price_dollars"":""0.8500""}"
KXETH15M-26APR281430-30,0508c0d1-b952-6e41-8760-15e504e83a4c,1777400335,0.85,1.0,yes,"{""count_fp"":""1.00"",""created_time"":""2026-04-28T18:18:55.037945Z"",""no_price_dollars"":""0.1500"",""taker_side"":""yes"",""ticker"":""KXETH15M-26APR281430-30"",""trade_id"":""0508c0d1-b952-6e41-8760-15e504e83a4c"",""yes_price_dollars"":""0.8500""}"
KXETH15M-26APR281430-30,012c4c53-47dd-6321-83f0-6a8a9da493c2,1777400335,0.85,1.0,yes,"{""count_fp"":""1.00"",""created_time"":""2026-04-28T18:18:55.037945Z"",""no_price_dollars"":""0.1500"",""taker_side"":""yes"",""ticker"":""KXETH15M-26APR281430-30"",""trade_id"":""012c4c53-47dd-6321-83f0-6a8a9da493c2"",""yes_price_dollars"":""0.8500""}"
KXETH15M-26APR281430-30,0067b8d6-6ac2-601f-bbb9-e538207de747,1777400335,0.85,1.0,yes,"{""count_fp"":""1.00"",""created_time"":""2026-04-28T18:18:55.037945Z"",""no_price_dollars"":""0.1500"",""taker_side"":""yes"",""ticker"":""KXETH15M-26APR281430-30"",""trade_id"":""0067b8d6-6ac2-601f-bbb9-e538207de747"",""yes_price_dollars"":""0.8500""}"
KXETH15M-26APR281430-30,7a767bc5-2c99-74bb-aafd-593117b535da,1777400336,0.84,1.0,no,"{""count_fp"":""1.00"",""created_time"":""2026-04-28T18:18:56.205054Z"",""no_price_dollars"":""0.1600"",""taker_side"":""no"",""ticker"":""KXETH15M-26APR281430-30"",""trade_id"":""7a767bc5-2c99-74bb-aafd-593117b535da"",""yes_price_dollars"":""0.8400""}"
KXETH15M-26APR281430-30,77507475-94f3-6d13-be9b-2e0fb7a530b3,1777400340,0.84,2.49,no,"{""count_fp"":""2.49"",""created_time"":""2026-04-28T18:19:00.297091Z"",""no_price_dollars"":""0.1600"",""taker_side"":""no"",""ticker"":""KXETH15M-26APR281430-30"",""trade_id"":""77507475-94f3-6d13-be9b-2e0fb7a530b3"",""yes_price_dollars"":""0.8400""}"
KXETH15M-26APR281430-30,5b444fc6-beb9-6663-ac42-ab455339273a,1777400340,0.84,4.0,no,"{""count_fp"":""4.00"",""created_time"":""2026-04-28T18:19:00.297091Z"",""no_price_dollars"":""0.1600"",""taker_side"":""no"",""ticker"":""KXETH15M-26APR281430-30"",""trade_id"":""5b444fc6-beb9-6663-ac42-ab455339273a"",""yes_price_dollars"":""0.8400""}"
KXETH15M-26APR281430-30,deb46b24-d0cb-6f7b-913c-6194cc2d42d7,1777400343,0.84,2.51,no,"{""count_fp"":""2.51"",""created_time"":""2026-04-28T18:19:03.139223Z"",""no_price_dollars"":""0.1600"",""taker_side"":""no"",""ticker"":""KXETH15M-26APR281430-30"",""trade_id"":""deb46b24-d0cb-6f7b-913c-6194cc2d42d7"",""yes_price_dollars"":""0.8400""}"
KXETH15M-26APR281430-30,d6933476-23ef-619f-a8ef-e0887a308c84,1777400343,0.84,1.0,no,"{""count_fp"":""1.00"",""created_time"":""2026-04-28T18:19:03.139223Z"",""no_price_dollars"":""0.1600"",""taker_side"":""no"",""ticker"":""KXETH15M-26APR281430-30"",""trade_id"":""d6933476-23ef-619f-a8ef-e0887a308c84"",""yes_price_dollars"":""0.8400""}"
KXETH15M-26APR281430-30,2694233f-890e-6c19-82cd-8e5b7fdd8438,1777400343,0.84,5.0,no,"{""count_fp"":""5.00"",""created_time"":""2026-04-28T18:19:03.139223Z"",""no_price_dollars"":""0.1600"",""taker_side"":""no"",""ticker"":""KXETH15M-26APR281430-30"",""trade_id"":""2694233f-890e-6c19-82cd-8e5b7fdd8438"",""yes_price_dollars"":""0.8400""}"
KXETH15M-26APR281430-30,b419e295-4308-5b42-fc6d-4d09f339b662,1777400346,0.83,5.0,no,"{""count_fp"":""5.00"",""created_time"":""2026-04-28T18:19:06.359958Z"",""no_price_dollars"":""0.1700"",""taker_side"":""no"",""ticker"":""KXETH15M-26APR281430-30"",""trade_id"":""b419e295-4308-5b42-fc6d-4d09f339b662"",""yes_price_dollars"":""0.8300""}"
KXETH15M-26APR281430-30,af33e9d8-4c27-58e0-eb9f-2ac4bc4004a7,1777400346,0.83,17.76,no,"{""count_fp"":""17.76"",""created_time"":""2026-04-28T18:19:06.359958Z"",""no_price_dollars"":""0.1700"",""taker_side"":""no"",""ticker"":""KXETH15M-26APR281430-30"",""trade_id"":""af33e9d8-4c27-58e0-eb9f-2ac4bc4004a7"",""yes_price_dollars"":""0.8300""}"
KXETH15M-26APR281430-30,7e2e8acc-92e7-56a7-ddbd-b770709926fd,1777400346,0.83,5.0,no,"{""count_fp"":""5.00"",""created_time"":""2026-04-28T18:19:06.359958Z"",""no_price_dollars"":""0.1700"",""taker_side"":""no"",""ticker"":""KXETH15M-26APR281430-30"",""trade_id"":""7e2e8acc-92e7-56a7-ddbd-b770709926fd"",""yes_price_dollars"":""0.8300""}"
KXETH15M-26APR281430-30,ff7b5a6d-ce27-6e82-5100-b4ae6f6bcd64,1777400347,0.85,1.0,yes,"{""count_fp"":""1.00"",""created_time"":""2026-04-28T18:19:07.168051Z"",""no_price_dollars"":""0.1500"",""taker_side"":""yes"",""ticker"":""KXETH15M-26APR281430-30"",""trade_id"":""ff7b5a6d-ce27-6e82-5100-b4ae6f6bcd64"",""yes_price_dollars"":""0.8500""}"
KXETH15M-26APR281430-30,fedf2ea0-1ab1-61d2-5b2f-27a65f2febf6,1777400347,0.85,1.0,yes,"{""count_fp"":""1.00"",""created_time"":""2026-04-28T18:19:07.168051Z"",""no_price_dollars"":""0.1500"",""taker_side"":""yes"",""ticker"":""KXETH15M-26APR281430-30"",""trade_id"":""fedf2ea0-1ab1-61d2-5b2f-27a65f2febf6"",""yes_price_dollars"":""0.8500""}"
KXETH15M-26APR281430-30,fd973883-8951-6cc3-7611-f0a2e0a7c878,1777400347,0.85,1.0,yes,"{""count_fp"":""1.00"",""created_time"":""2026-04-28T18:19:07.168051Z"",""no_price_dollars"":""0.1500"",""taker_side"":""yes"",""ticker"":""KXETH15M-26APR281430-30"",""trade_id"":""fd973883-8951-6cc3-7611-f0a2e0a7c878"",""yes_price_dollars"":""0.8500""}"
KXETH15M-26APR281430-30,fd8cba1c-d995-6cba-5c63-35853cab1314,1777400347,0.85,1.0,yes,"{""count_fp"":""1.00"",""created_time"":""2026-04-28T18:19:07.168051Z"",""no_price_dollars"":""0.1500"",""taker_side"":""yes"",""ticker"":""KXETH15M-26APR281430-30"",""trade_id"":""fd8cba1c-d995-6cba-5c63-35853cab1314"",""yes_price_dollars"":""0.8500""}"
KXETH15M-26APR281430-30,fcc3b7a8-26ca-6a90-4ff6-6d02e0ecea11,1777400347,0.85,1.0,yes,"{""count_fp"":""1.00"",""created_time"":""2026-04-28T18:19:07.168051Z"",""no_price_dollars"":""0.1500"",""taker_side"":""yes"",""ticker"":""KXETH15M-26APR281430-30"",""trade_id"":""fcc3b7a8-26ca-6a90-4ff6-6d02e0ecea11"",""yes_price_dollars"":""0.8500""}"
KXETH15M-26APR281430-30,fcb009f9-7d4e-6461-6399-3b3765e4811f,1777400347,0.85,1.0,yes,"{""count_fp"":""1.00"",""created_time"":""2026-04-28T18:19:07.168051Z"",""no_price_dollars"":""0.1500"",""taker_side"":""yes"",""ticker"":""KXETH15M-26APR281430-30"",""trade_id"":""fcb009f9-7d4e-6461-6399-3b3765e4811f"",""yes_price_dollars"":""0.8500""}"
KXETH15M-26APR281430-30,fbcc66ba-8a8f-62ee-631e-861390eed73d,1777400347,0.85,1.0,yes,"{""count_fp"":""1.00"",""created_time"":""2026-04-28T18:19:07.168051Z"",""no_price_dollars"":""0.1500"",""taker_side"":""yes"",""ticker"":""KXETH15M-26APR281430-30"",""trade_id"":""fbcc66ba-8a8f-62ee-631e-861390eed73d"",""yes_price_dollars"":""0.8500""}"
KXETH15M-26APR281430-30,fb6e473e-523a-6a9b-51d0-1608a756f302,1777400347,0.85,1.0,yes,"{""count_fp"":""1.00"",""created_time"":""2026-04-28T18:19:07.168051Z"",""no_price_dollars"":""0.1500"",""taker_side"":""yes"",""ticker"":""KXETH15M-26APR281430-30"",""trade_id"":""fb6e473e-523a-6a9b-51d0-1608a756f302"",""yes_price_dollars"":""0.8500""}"
KXETH15M-26APR281430-30,fb504a40-b0b1-65b9-6ad1-c930fe07f135,1777400347,0.85,1.0,yes,"{""count_fp"":""1.00"",""created_time"":""2026-04-28T18:19:07.168051Z"",""no_price_dollars"":""0.1500"",""taker_side"":""yes"",""ticker"":""KXETH15M-26APR281430-30"",""trade_id"":""fb504a40-b0b1-65b9-6ad1-c930fe07f135"",""yes_price_dollars"":""0.8500""}"
KXETH15M-26APR281430-30,faf5782b-25d1-6491-4180-af9ef8ffe984,1777400347,0.85,1.0,yes,"{""count_fp"":""1.00"",""created_time"":""2026-04-28T18:19:07.168051Z"",""no_price_dollars"":""0.1500"",""taker_side"":""yes"",""ticker"":""KXETH15M-26APR281430-30"",""trade_id"":""faf5782b-25d1-6491-4180-af9ef8ffe984"",""yes_price_dollars"":""0.8500""}"
KXETH15M-26APR281430-30,fa6487e0-9f1a-639d-59b3-9366ba7f03c6,1777400347,0.85,1.0,yes,"{""count_fp"":""1.00"",""created_time"":""2026-04-28T18:19:07.168051Z"",""no_price_dollars"":""0.1500"",""taker_side"":""yes"",""ticker"":""KXETH15M-26APR281430-30"",""trade_id"":""fa6487e0-9f1a-639d-59b3-9366ba7f03c6"",""yes_price_dollars"":""0.8500""}"
KXETH15M-26APR281430-30,fa15d465-30fc-6370-6aa2-c504119a49a5,1777400347,0.85,1.0,yes,"{""count_fp"":""1.00"",""created_time"":""2026-04-28T18:19:07.168051Z"",""no_price_dollars"":""0.1500"",""taker_side"":""yes"",""ticker"":""KXETH15M-26APR281430-30"",""trade_id"":""fa15d465-30fc-6370-6aa2-c504119a49a5"",""yes_price_dollars"":""0.8500""}"
KXETH15M-26APR281430-30,f8fa2977-effa-69eb-4cca-fe3c4b6c7887,1777400347,0.85,1.0,yes,"{""count_fp"":""1.00"",""created_time"":""2026-04-28T18:19:07.168051Z"",""no_price_dollars"":""0.1500"",""taker_side"":""yes"",""ticker"":""KXETH15M-26APR281430-30"",""trade_id"":""f8fa2977-effa-69eb-4cca-fe3c4b6c7887"",""yes_price_dollars"":""0.8500""}"
KXETH15M-26APR281430-30,f8f3d6cd-25cf-6a7a-6e08-8f19aff6a795,1777400347,0.85,1.0,yes,"{""count_fp"":""1.00"",""created_time"":""2026-04-28T18:19:07.168051Z"",""no_price_dollars"":""0.1500"",""taker_side"":""yes"",""ticker"":""KXETH15M-26APR281430-30"",""trade_id"":""f8f3d6cd-25cf-6a7a-6e08-8f19aff6a795"",""yes_price_dollars"":""0.8500""}"
KXETH15M-26APR281430-30,f87485d3-7cec-6e98-7420-0593a901ef9b,1777400347,0.85,1.0,yes,"{""count_fp"":""1.00"",""created_time"":""2026-04-28T18:19:07.168051Z"",""no_price_dollars"":""0.1500"",""taker_side"":""yes"",""ticker"":""KXETH15M-26APR281430-30"",""trade_id"":""f87485d3-7cec-6e98-7420-0593a901ef9b"",""yes_price_dollars"":""0.8500""}"
KXETH15M-26APR281430-30,f7b58e96-94d0-6e60-6529-cd1c61ca1fdd,1777400347,0.85,1.0,yes,"{""count_fp"":""1.00"",""created_time"":""2026-04-28T18:19:07.168051Z"",""no_price_dollars"":""0.1500"",""taker_side"":""yes"",""ticker"":""KXETH15M-26APR281430-30"",""trade_id"":""f7b58e96-94d0-6e60-6529-cd1c61ca1fdd"",""yes_price_dollars"":""0.8500""}"
KXETH15M-26APR281430-30,f78f054b-e99d-68e0-711c-42b17afe7eff,1777400347,0.85,1.0,yes,"{""count_fp"":""1.00"",""created_time"":""2026-04-28T18:19:07.168051Z"",""no_price_dollars"":""0.1500"",""taker_side"":""yes"",""ticker"":""KXETH15M-26APR281430-30"",""trade_id"":""f78f054b-e99d-68e0-711c-42b17afe7eff"",""yes_price_dollars"":""0.8500""}"
KXETH15M-26APR281430-30,f70b504a-ce2b-6f3a-6b88-a79f2dfb0dea,1777400347,0.85,1.0,yes,"{""count_fp"":""1.00"",""created_time"":""2026-04-28T18:19:07.168051Z"",""no_price_dollars"":""0.1500"",""taker_side"":""yes"",""ticker"":""KXETH15M-26APR281430-30"",""trade_id"":""f70b504a-ce2b-6f3a-6b88-a79f2dfb0dea"",""yes_price_dollars"":""0.8500""}"
KXETH15M-26APR281430-30,f6c7209b-f42e-642a-7054-74fc3fe86443,1777400347,0.85,1.0,yes,"{""count_fp"":""1.00"",""created_time"":""2026-04-28T18:19:07.168051Z"",""no_price_dollars"":""0.1500"",""taker_side"":""yes"",""ticker"":""KXETH15M-26APR281430-30"",""trade_id"":""f6c7209b-f42e-642a-7054-74fc3fe86443"",""yes_price_dollars"":""0.8500""}"
KXETH15M-26APR281430-30,f60e62bc-f9e7-66a1-44f3-07955b7f2fbe,1777400347,0.85,1.0,yes,"{""count_fp"":""1.00"",""created_time"":""2026-04-28T18:19:07.168051Z"",""no_price_dollars"":""0.1500"",""taker_side"":""yes"",""ticker"":""KXETH15M-26APR281430-30"",""trade_id"":""f60e62bc-f9e7-66a1-44f3-07955b7f2fbe"",""yes_price_dollars"":""0.8500""}"
KXETH15M-26APR281430-30,f5d6e069-7145-6549-6a56-b0faa2291740,1777400347,0.85,1.0,yes,"{""count_fp"":""1.00"",""created_time"":""2026-04-28T18:19:07.168051Z"",""no_price_dollars"":""0.1500"",""taker_side"":""yes"",""ticker"":""KXETH15M-26APR281430-30"",""trade_id"":""f5d6e069-7145-6549-6a56-b0faa2291740"",""yes_price_dollars"":""0.8500""}"
KXETH15M-26APR281430-30,f55aad87-a0a8-6aea-6a6c-5d00750ff635,1777400347,0.85,1.0,yes,"{""count_fp"":""1.00"",""created_time"":""2026-04-28T18:19:07.168051Z"",""no_price_dollars"":""0.1500"",""taker_side"":""yes"",""ticker"":""KXETH15M-26APR281430-30"",""trade_id"":""f55aad87-a0a8-6aea-6a6c-5d00750ff635"",""yes_price_dollars"":""0.8500""}"
KXETH15M-26APR281430-30,f53b7217-f698-61d5-4227-76f453158cde,1777400347,0.85,1.0,yes,"{""count_fp"":""1.00"",""created_time"":""2026-04-28T18:19:07.168051Z"",""no_price_dollars"":""0.1500"",""taker_side"":""yes"",""ticker"":""KXETH15M-26APR281430-30"",""trade_id"":""f53b7217-f698-61d5-4227-76f453158cde"",""yes_price_dollars"":""0.8500""}"
KXETH15M-26APR281430-30,f4763c43-00c6-6ebf-5f9a-9ad729dd7007,1777400347,0.85,1.0,yes,"{""count_fp"":""1.00"",""created_time"":""2026-04-28T18:19:07.168051Z"",""no_price_dollars"":""0.1500"",""taker_side"":""yes"",""ticker"":""KXETH15M-26APR281430-30"",""trade_id"":""f4763c43-00c6-6ebf-5f9a-9ad729dd7007"",""yes_price_dollars"":""0.8500""}"
KXETH15M-26APR281430-30,f44540bb-d826-6bd2-4b3c-3073f91e833a,1777400347,0.85,1.0,yes,"{""count_fp"":""1.00"",""created_time"":""2026-04-28T18:19:07.168051Z"",""no_price_dollars"":""0.1500"",""taker_side"":""yes"",""ticker"":""KXETH15M-26APR281430-30"",""trade_id"":""f44540bb-d826-6bd2-4b3c-3073f91e833a"",""yes_price_dollars"":""0.8500""}"
KXETH15M-26APR281430-30,f20eb604-1a5a-6522-588d-b406b7ee71c4,1777400347,0.85,1.0,yes,"{""count_fp"":""1.00"",""created_time"":""2026-04-28T18:19:07.168051Z"",""no_price_dollars"":""0.1500"",""taker_side"":""yes"",""ticker"":""KXETH15M-26APR281430-30"",""trade_id"":""f20eb604-1a5a-6522-588d-b406b7ee71c4"",""yes_price_dollars"":""0.8500""}"
KXETH15M-26APR281430-30,f1506959-5cc6-66b3-5273-ac1d9f0bc77c,1777400347,0.85,1.0,yes,"{""count_fp"":""1.00"",""created_time"":""2026-04-28T18:19:07.168051Z"",""no_price_dollars"":""0.1500"",""taker_side"":""yes"",""ticker"":""KXETH15M-26APR281430-30"",""trade_id"":""f1506959-5cc6-66b3-5273-ac1d9f0bc77c"",""yes_price_dollars"":""0.8500""}"
KXETH15M-26APR281430-30,f1328531-e723-698c-7b5e-86f38c726797,1777400347,0.85,1.0,yes,"{""count_fp"":""1.00"",""created_time"":""2026-04-28T18:19:07.168051Z"",""no_price_dollars"":""0.1500"",""taker_side"":""yes"",""ticker"":""KXETH15M-26APR281430-30"",""trade_id"":""f1328531-e723-698c-7b5e-86f38c726797"",""yes_price_dollars"":""0.8500""}"
KXETH15M-26APR281430-30,f07c8554-fc9f-6a7c-6821-015882413b40,1777400347,0.85,1.0,yes,"{""count_fp"":""1.00"",""created_time"":""2026-04-28T18:19:07.168051Z"",""no_price_dollars"":""0.1500"",""taker_side"":""yes"",""ticker"":""KXETH15M-26APR281430-30"",""trade_id"":""f07c8554-fc9f-6a7c-6821-015882413b40"",""yes_price_dollars"":""0.8500""}"
KXETH15M-26APR281430-30,f019d34b-45a6-68c8-5f10-95f11f83d1f6,1777400347,0.85,1.0,yes,"{""count_fp"":""1.00"",""created_time"":""2026-04-28T18:19:07.168051Z"",""no_price_dollars"":""0.1500"",""taker_side"":""yes"",""ticker"":""KXETH15M-26APR281430-30"",""trade_id"":""f019d34b-45a6-68c8-5f10-95f11f83d1f6"",""yes_price_dollars"":""0.8500""}"
KXETH15M-26APR281430-30,f016b547-bf61-6adc-7870-db7e3836772c,1777400347,0.85,1.0,yes,"{""count_fp"":""1.00"",""created_time"":""2026-04-28T18:19:07.168051Z"",""no_price_dollars"":""0.1500"",""taker_side"":""yes"",""ticker"":""KXETH15M-26APR281430-30"",""trade_id"":""f016b547-bf61-6adc-7870-db7e3836772c"",""yes_price_dollars"":""0.8500""}"
KXETH15M-26APR281430-30,f00767b0-6e7b-6daf-6acc-991d769afa9e,1777400347,0.85,1.0,yes,"{""count_fp"":""1.00"",""created_time"":""2026-04-28T18:19:07.168051Z"",""no_price_dollars"":""0.1500"",""taker_side"":""yes"",""ticker"":""KXETH15M-26APR281430-30"",""trade_id"":""f00767b0-6e7b-6daf-6acc-991d769afa9e"",""yes_price_dollars"":""0.8500""}"
KXETH15M-26APR281430-30,efc39af7-4101-620b-45bd-2b02cfb71a6c,1777400347,0.85,1.0,yes,"{""count_fp"":""1.00"",""created_time"":""2026-04-28T18:19:07.168051Z"",""no_price_dollars"":""0.1500"",""taker_side"":""yes"",""ticker"":""KXETH15M-26APR281430-30"",""trade_id"":""efc39af7-4101-620b-45bd-2b02cfb71a6c"",""yes_price_dollars"":""0.8500""}"
KXETH15M-26APR281430-30,ef8cde56-584d-68b4-60c1-e04d275875db,1777400347,0.85,1.0,yes,"{""count_fp"":""1.00"",""created_time"":""2026-04-28T18:19:07.168051Z"",""no_price_dollars"":""0.1500"",""taker_side"":""yes"",""ticker"":""KXETH15M-26APR281430-30"",""trade_id"":""ef8cde56-584d-68b4-60c1-e04d275875db"",""yes_price_dollars"":""0.8500""}"
KXETH15M-26APR281430-30,eeee6578-dc6b-6a6b-4de9-695bab284087,1777400347,0.85,1.0,yes,"{""count_fp"":""1.00"",""created_time"":""2026-04-28T18:19:07.168051Z"",""no_price_dollars"":""0.1500"",""taker_side"":""yes"",""ticker"":""KXETH15M-26APR281430-30"",""trade_id"":""eeee6578-dc6b-6a6b-4de9-695bab284087"",""yes_price_dollars"":""0.8500""}"
KXETH15M-26APR281430-30,eeb994d4-2aa8-605b-7a1a-e31c18733599,1777400347,0.85,1.0,yes,"{""count_fp"":""1.00"",""created_time"":""2026-04-28T18:19:07.168051Z"",""no_price_dollars"":""0.1500"",""taker_side"":""yes"",""ticker"":""KXETH15M-26APR281430-30"",""trade_id"":""eeb994d4-2aa8-605b-7a1a-e31c18733599"",""yes_price_dollars"":""0.8500""}"
KXETH15M-26APR281430-30,ee94ab2c-f452-6fe5-418e-3e174fd0b42c,1777400347,0.85,1.0,yes,"{""count_fp"":""1.00"",""created_time"":""2026-04-28T18:19:07.168051Z"",""no_price_dollars"":""0.1500"",""taker_side"":""yes"",""ticker"":""KXETH15M-26APR281430-30"",""trade_id"":""ee94ab2c-f452-6fe5-418e-3e174fd0b42c"",""yes_price_dollars"":""0.8500""}"
KXETH15M-26APR281430-30,ed4ca4c1-6ad0-63b3-77f6-90ac88e9b98d,1777400347,0.85,1.0,yes,"{""count_fp"":""1.00"",""created_time"":""2026-04-28T18:19:07.168051Z"",""no_price_dollars"":""0.1500"",""taker_side"":""yes"",""ticker"":""KXETH15M-26APR281430-30"",""trade_id"":""ed4ca4c1-6ad0-63b3-77f6-90ac88e9b98d"",""yes_price_dollars"":""0.8500""}"
KXETH15M-26APR281430-30,ed4b7280-ae5c-6f0a-7753-108b02072a09,1777400347,0.85,1.0,yes,"{""count_fp"":""1.00"",""created_time"":""2026-04-28T18:19:07.168051Z"",""no_price_dollars"":""0.1500"",""taker_side"":""yes"",""ticker"":""KXETH15M-26APR281430-30"",""trade_id"":""ed4b7280-ae5c-6f0a-7753-108b02072a09"",""yes_price_dollars"":""0.8500""}"
