ticker,trade_id,ts,yes_price,count,taker_side,raw_json
KXETH15M-26APR280115-15,7c10e3c6-75dd-6f37-7541-355ccc8f96cb,1777352405,0.6,22.0,no,"{""count_fp"":""22.00"",""created_time"":""2026-04-28T05:00:05.908147Z"",""no_price_dollars"":""0.4000"",""taker_side"":""no"",""ticker"":""KXETH15M-26APR280115-15"",""trade_id"":""7c10e3c6-75dd-6f37-7541-355ccc8f96cb"",""yes_price_dollars"":""0.6000""}"
KXETH15M-26APR280115-15,7d90a612-3b8b-50c4-688b-ca570a71a8e9,1777352405,0.6,5.0,no,"{""count_fp"":""5.00"",""created_time"":""2026-04-28T05:00:05.670898Z"",""no_price_dollars"":""0.4000"",""taker_side"":""no"",""ticker"":""KXETH15M-26APR280115-15"",""trade_id"":""7d90a612-3b8b-50c4-688b-ca570a71a8e9"",""yes_price_dollars"":""0.6000""}"
KXETH15M-26APR280115-15,936265a0-64c8-41f2-09de-b993054bc7d3,1777352406,0.55,60.0,no,"{""count_fp"":""60.00"",""created_time"":""2026-04-28T05:00:06.586134Z"",""no_price_dollars"":""0.4500"",""taker_side"":""no"",""ticker"":""KXETH15M-26APR280115-15"",""trade_id"":""936265a0-64c8-41f2-09de-b993054bc7d3"",""yes_price_dollars"":""0.5500""}"
KXETH15M-26APR280115-15,00004f7d-ab1c-4352-126a-143d12ac6279,1777352406,0.54,6.0,no,"{""count_fp"":""6.00"",""created_time"":""2026-04-28T05:00:06.586134Z"",""no_price_dollars"":""0.4600"",""taker_side"":""no"",""ticker"":""KXETH15M-26APR280115-15"",""trade_id"":""00004f7d-ab1c-4352-126a-143d12ac6279"",""yes_price_dollars"":""0.5400""}"
KXETH15M-26APR280115-15,c60eeced-5826-4b74-6dde-e315a70c5071,1777352413,0.63,1.0,yes,"{""count_fp"":""1.00"",""created_time"":""2026-04-28T05:00:13.603785Z"",""no_price_dollars"":""0.3700"",""taker_side"":""yes"",""ticker"":""KXETH15M-26APR280115-15"",""trade_id"":""c60eeced-5826-4b74-6dde-e315a70c5071"",""yes_price_dollars"":""0.6300""}"
KXETH15M-26APR280115-15,2ebadbfa-68ee-6c14-72ff-29f965d59bd9,1777352414,0.63,5.0,yes,"{""count_fp"":""5.00"",""created_time"":""2026-04-28T05:00:14.099196Z"",""no_price_dollars"":""0.3700"",""taker_side"":""yes"",""ticker"":""KXETH15M-26APR280115-15"",""trade_id"":""2ebadbfa-68ee-6c14-72ff-29f965d59bd9"",""yes_price_dollars"":""0.6300""}"
KXETH15M-26APR280115-15,e1c25529-9c0c-51d4-99c9-9a57801e0f3e,1777352415,0.64,1.0,yes,"{""count_fp"":""1.00"",""created_time"":""2026-04-28T05:00:15.484873Z"",""no_price_dollars"":""0.3600"",""taker_side"":""yes"",""ticker"":""KXETH15M-26APR280115-15"",""trade_id"":""e1c25529-9c0c-51d4-99c9-9a57801e0f3e"",""yes_price_dollars"":""0.6400""}"
KXETH15M-26APR280115-15,26d1e7d3-50cd-529b-bd84-d98bb2d625d5,1777352415,0.66,20.0,yes,"{""count_fp"":""20.00"",""created_time"":""2026-04-28T05:00:15.484873Z"",""no_price_dollars"":""0.3400"",""taker_side"":""yes"",""ticker"":""KXETH15M-26APR280115-15"",""trade_id"":""26d1e7d3-50cd-529b-bd84-d98bb2d625d5"",""yes_price_dollars"":""0.6600""}"
KXETH15M-26APR280115-15,64727641-5159-46c3-d85e-f24ee49cb9aa,1777352420,0.62,0.25,no,"{""count_fp"":""0.25"",""created_time"":""2026-04-28T05:00:20.282557Z"",""no_price_dollars"":""0.3800"",""taker_side"":""no"",""ticker"":""KXETH15M-26APR280115-15"",""trade_id"":""64727641-5159-46c3-d85e-f24ee49cb9aa"",""yes_price_dollars"":""0.6200""}"
KXETH15M-26APR280115-15,55d36c8c-3a4e-5d25-8965-d84ef6b40a3a,1777352421,0.62,1.0,no,"{""count_fp"":""1.00"",""created_time"":""2026-04-28T05:00:21.931859Z"",""no_price_dollars"":""0.3800"",""taker_side"":""no"",""ticker"":""KXETH15M-26APR280115-15"",""trade_id"":""55d36c8c-3a4e-5d25-8965-d84ef6b40a3a"",""yes_price_dollars"":""0.6200""}"
KXETH15M-26APR280115-15,3f22de85-32d2-4dc1-7720-d2f420006812,1777352421,0.62,1.26,no,"{""count_fp"":""1.26"",""created_time"":""2026-04-28T05:00:21.898701Z"",""no_price_dollars"":""0.3800"",""taker_side"":""no"",""ticker"":""KXETH15M-26APR280115-15"",""trade_id"":""3f22de85-32d2-4dc1-7720-d2f420006812"",""yes_price_dollars"":""0.6200""}"
KXETH15M-26APR280115-15,f4434b6c-8bfb-7659-a20e-33ea457bff6b,1777352421,0.65,1.0,yes,"{""count_fp"":""1.00"",""created_time"":""2026-04-28T05:00:21.635211Z"",""no_price_dollars"":""0.3500"",""taker_side"":""yes"",""ticker"":""KXETH15M-26APR280115-15"",""trade_id"":""f4434b6c-8bfb-7659-a20e-33ea457bff6b"",""yes_price_dollars"":""0.6500""}"
KXETH15M-26APR280115-15,712f51a6-5766-4f79-b0b0-deafac8c5a3e,1777352421,0.62,0.75,no,"{""count_fp"":""0.75"",""created_time"":""2026-04-28T05:00:21.574697Z"",""no_price_dollars"":""0.3800"",""taker_side"":""no"",""ticker"":""KXETH15M-26APR280115-15"",""trade_id"":""712f51a6-5766-4f79-b0b0-deafac8c5a3e"",""yes_price_dollars"":""0.6200""}"
KXETH15M-26APR280115-15,e39dd3a9-b29a-691d-85e0-0e06bc8d5d26,1777352422,0.62,16.33,no,"{""count_fp"":""16.33"",""created_time"":""2026-04-28T05:00:22.905247Z"",""no_price_dollars"":""0.3800"",""taker_side"":""no"",""ticker"":""KXETH15M-26APR280115-15"",""trade_id"":""e39dd3a9-b29a-691d-85e0-0e06bc8d5d26"",""yes_price_dollars"":""0.6200""}"
KXETH15M-26APR280115-15,d8f32335-15c2-6f85-ba12-244ef37ef15a,1777352422,0.62,4.33,no,"{""count_fp"":""4.33"",""created_time"":""2026-04-28T05:00:22.905247Z"",""no_price_dollars"":""0.3800"",""taker_side"":""no"",""ticker"":""KXETH15M-26APR280115-15"",""trade_id"":""d8f32335-15c2-6f85-ba12-244ef37ef15a"",""yes_price_dollars"":""0.6200""}"
KXETH15M-26APR280115-15,e28a6321-ab78-4186-89e7-31e78381db68,1777352422,0.66,1.0,yes,"{""count_fp"":""1.00"",""created_time"":""2026-04-28T05:00:22.355524Z"",""no_price_dollars"":""0.3400"",""taker_side"":""yes"",""ticker"":""KXETH15M-26APR280115-15"",""trade_id"":""e28a6321-ab78-4186-89e7-31e78381db68"",""yes_price_dollars"":""0.6600""}"
KXETH15M-26APR280115-15,80cf94a8-be76-4fcc-95e7-2c83fd4b4a8b,1777352422,0.67,2.0,yes,"{""count_fp"":""2.00"",""created_time"":""2026-04-28T05:00:22.355524Z"",""no_price_dollars"":""0.3300"",""taker_side"":""yes"",""ticker"":""KXETH15M-26APR280115-15"",""trade_id"":""80cf94a8-be76-4fcc-95e7-2c83fd4b4a8b"",""yes_price_dollars"":""0.6700""}"
KXETH15M-26APR280115-15,2cfac093-fc2e-498d-1340-fb280465c74a,1777352422,0.62,4.0,no,"{""count_fp"":""4.00"",""created_time"":""2026-04-28T05:00:22.179951Z"",""no_price_dollars"":""0.3800"",""taker_side"":""no"",""ticker"":""KXETH15M-26APR280115-15"",""trade_id"":""2cfac093-fc2e-498d-1340-fb280465c74a"",""yes_price_dollars"":""0.6200""}"
KXETH15M-26APR280115-15,33735c86-30aa-4b79-4e30-b8dad928c5d2,1777352425,0.62,2.52,no,"{""count_fp"":""2.52"",""created_time"":""2026-04-28T05:00:25.964565Z"",""no_price_dollars"":""0.3800"",""taker_side"":""no"",""ticker"":""KXETH15M-26APR280115-15"",""trade_id"":""33735c86-30aa-4b79-4e30-b8dad928c5d2"",""yes_price_dollars"":""0.6200""}"
KXETH15M-26APR280115-15,50293a65-b29d-58d7-7bb4-35e374bc6681,1777352426,0.66,4.0,yes,"{""count_fp"":""4.00"",""created_time"":""2026-04-28T05:00:26.383685Z"",""no_price_dollars"":""0.3400"",""taker_side"":""yes"",""ticker"":""KXETH15M-26APR280115-15"",""trade_id"":""50293a65-b29d-58d7-7bb4-35e374bc6681"",""yes_price_dollars"":""0.6600""}"
KXETH15M-26APR280115-15,2a10afdf-56bd-5924-45f4-dc2a23cd698d,1777352426,0.66,1.0,yes,"{""count_fp"":""1.00"",""created_time"":""2026-04-28T05:00:26.383685Z"",""no_price_dollars"":""0.3400"",""taker_side"":""yes"",""ticker"":""KXETH15M-26APR280115-15"",""trade_id"":""2a10afdf-56bd-5924-45f4-dc2a23cd698d"",""yes_price_dollars"":""0.6600""}"
KXETH15M-26APR280115-15,7ae4d24d-d396-6a49-9c77-fc7d443bb8da,1777352428,0.64,3.0,no,"{""count_fp"":""3.00"",""created_time"":""2026-04-28T05:00:28.557058Z"",""no_price_dollars"":""0.3600"",""taker_side"":""no"",""ticker"":""KXETH15M-26APR280115-15"",""trade_id"":""7ae4d24d-d396-6a49-9c77-fc7d443bb8da"",""yes_price_dollars"":""0.6400""}"
KXETH15M-26APR280115-15,1c1ece7c-12af-6e90-a388-eebbde286c13,1777352428,0.64,1.0,no,"{""count_fp"":""1.00"",""created_time"":""2026-04-28T05:00:28.557058Z"",""no_price_dollars"":""0.3600"",""taker_side"":""no"",""ticker"":""KXETH15M-26APR280115-15"",""trade_id"":""1c1ece7c-12af-6e90-a388-eebbde286c13"",""yes_price_dollars"":""0.6400""}"
KXETH15M-26APR280115-15,52b0f160-fb16-6ba4-07c6-d26d0d7bfd3d,1777352430,0.63,203.0,no,"{""count_fp"":""203.00"",""created_time"":""2026-04-28T05:00:30.895545Z"",""no_price_dollars"":""0.3700"",""taker_side"":""no"",""ticker"":""KXETH15M-26APR280115-15"",""trade_id"":""52b0f160-fb16-6ba4-07c6-d26d0d7bfd3d"",""yes_price_dollars"":""0.6300""}"
KXETH15M-26APR280115-15,39b8bbd4-1342-6abd-31f2-0e5944b29f92,1777352430,0.64,100.0,no,"{""count_fp"":""100.00"",""created_time"":""2026-04-28T05:00:30.895545Z"",""no_price_dollars"":""0.3600"",""taker_side"":""no"",""ticker"":""KXETH15M-26APR280115-15"",""trade_id"":""39b8bbd4-1342-6abd-31f2-0e5944b29f92"",""yes_price_dollars"":""0.6400""}"
KXETH15M-26APR280115-15,18f27c03-7e2a-618d-0b2c-aed7bd8be744,1777352430,0.64,1.0,no,"{""count_fp"":""1.00"",""created_time"":""2026-04-28T05:00:30.895545Z"",""no_price_dollars"":""0.3600"",""taker_side"":""no"",""ticker"":""KXETH15M-26APR280115-15"",""trade_id"":""18f27c03-7e2a-618d-0b2c-aed7bd8be744"",""yes_price_dollars"":""0.6400""}"
KXETH15M-26APR280115-15,be19cac0-478e-5194-1b83-7f8efd7da9bf,1777352431,0.68,10.0,yes,"{""count_fp"":""10.00"",""created_time"":""2026-04-28T05:00:31.413076Z"",""no_price_dollars"":""0.3200"",""taker_side"":""yes"",""ticker"":""KXETH15M-26APR280115-15"",""trade_id"":""be19cac0-478e-5194-1b83-7f8efd7da9bf"",""yes_price_dollars"":""0.6800""}"
KXETH15M-26APR280115-15,17a2ee77-9759-5c97-136e-6616d284ba29,1777352431,0.68,11.57,yes,"{""count_fp"":""11.57"",""created_time"":""2026-04-28T05:00:31.413076Z"",""no_price_dollars"":""0.3200"",""taker_side"":""yes"",""ticker"":""KXETH15M-26APR280115-15"",""trade_id"":""17a2ee77-9759-5c97-136e-6616d284ba29"",""yes_price_dollars"":""0.6800""}"
KXETH15M-26APR280115-15,1728b528-3f3a-57d1-f284-171d0244288f,1777352433,0.65,5.46,no,"{""count_fp"":""5.46"",""created_time"":""2026-04-28T05:00:33.910576Z"",""no_price_dollars"":""0.3500"",""taker_side"":""no"",""ticker"":""KXETH15M-26APR280115-15"",""trade_id"":""1728b528-3f3a-57d1-f284-171d0244288f"",""yes_price_dollars"":""0.6500""}"
KXETH15M-26APR280115-15,b13d6596-f79d-483f-a42b-7512a01e3171,1777352435,0.68,1.0,yes,"{""count_fp"":""1.00"",""created_time"":""2026-04-28T05:00:35.697314Z"",""no_price_dollars"":""0.3200"",""taker_side"":""yes"",""ticker"":""KXETH15M-26APR280115-15"",""trade_id"":""b13d6596-f79d-483f-a42b-7512a01e3171"",""yes_price_dollars"":""0.6800""}"
KXETH15M-26APR280115-15,b7b532af-00a9-70c2-c307-4a28bd83b95b,1777352436,0.64,1.0,no,"{""count_fp"":""1.00"",""created_time"":""2026-04-28T05:00:36.405069Z"",""no_price_dollars"":""0.3600"",""taker_side"":""no"",""ticker"":""KXETH15M-26APR280115-15"",""trade_id"":""b7b532af-00a9-70c2-c307-4a28bd83b95b"",""yes_price_dollars"":""0.6400""}"
KXETH15M-26APR280115-15,0c081157-e70b-726b-f589-f0f069fd0a54,1777352436,0.64,17.61,no,"{""count_fp"":""17.61"",""created_time"":""2026-04-28T05:00:36.405069Z"",""no_price_dollars"":""0.3600"",""taker_side"":""no"",""ticker"":""KXETH15M-26APR280115-15"",""trade_id"":""0c081157-e70b-726b-f589-f0f069fd0a54"",""yes_price_dollars"":""0.6400""}"
KXETH15M-26APR280115-15,2531b3b2-513e-4a82-bdd0-d62acaeb6c37,1777352441,0.64,2.0,no,"{""count_fp"":""2.00"",""created_time"":""2026-04-28T05:00:41.958312Z"",""no_price_dollars"":""0.3600"",""taker_side"":""no"",""ticker"":""KXETH15M-26APR280115-15"",""trade_id"":""2531b3b2-513e-4a82-bdd0-d62acaeb6c37"",""yes_price_dollars"":""0.6400""}"
KXETH15M-26APR280115-15,1ddab7b6-fa37-4363-8a93-658c802400ec,1777352441,0.64,100.0,no,"{""count_fp"":""100.00"",""created_time"":""2026-04-28T05:00:41.958312Z"",""no_price_dollars"":""0.3600"",""taker_side"":""no"",""ticker"":""KXETH15M-26APR280115-15"",""trade_id"":""1ddab7b6-fa37-4363-8a93-658c802400ec"",""yes_price_dollars"":""0.6400""}"
KXETH15M-26APR280115-15,e4bb754c-dce9-62f7-541f-9e80e68c5266,1777352443,0.66,3.0,yes,"{""count_fp"":""3.00"",""created_time"":""2026-04-28T05:00:43.779063Z"",""no_price_dollars"":""0.3400"",""taker_side"":""yes"",""ticker"":""KXETH15M-26APR280115-15"",""trade_id"":""e4bb754c-dce9-62f7-541f-9e80e68c5266"",""yes_price_dollars"":""0.6600""}"
KXETH15M-26APR280115-15,de8cb149-349d-6f03-67e6-052e32c2d2d9,1777352443,0.66,2.0,yes,"{""count_fp"":""2.00"",""created_time"":""2026-04-28T05:00:43.779063Z"",""no_price_dollars"":""0.3400"",""taker_side"":""yes"",""ticker"":""KXETH15M-26APR280115-15"",""trade_id"":""de8cb149-349d-6f03-67e6-052e32c2d2d9"",""yes_price_dollars"":""0.6600""}"
KXETH15M-26APR280115-15,7a6d5bb9-c3b9-55fb-5b45-f76443c3220c,1777352444,0.63,63.71,no,"{""count_fp"":""63.71"",""created_time"":""2026-04-28T05:00:44.628515Z"",""no_price_dollars"":""0.3700"",""taker_side"":""no"",""ticker"":""KXETH15M-26APR280115-15"",""trade_id"":""7a6d5bb9-c3b9-55fb-5b45-f76443c3220c"",""yes_price_dollars"":""0.6300""}"
KXETH15M-26APR280115-15,0f02718c-4980-5447-566a-90583e497f2c,1777352444,0.63,1.0,no,"{""count_fp"":""1.00"",""created_time"":""2026-04-28T05:00:44.628515Z"",""no_price_dollars"":""0.3700"",""taker_side"":""no"",""ticker"":""KXETH15M-26APR280115-15"",""trade_id"":""0f02718c-4980-5447-566a-90583e497f2c"",""yes_price_dollars"":""0.6300""}"
KXETH15M-26APR280115-15,c95d27b6-ea37-4118-74d0-9b3bfc7a8dbe,1777352448,0.67,2.83,yes,"{""count_fp"":""2.83"",""created_time"":""2026-04-28T05:00:48.802852Z"",""no_price_dollars"":""0.3300"",""taker_side"":""yes"",""ticker"":""KXETH15M-26APR280115-15"",""trade_id"":""c95d27b6-ea37-4118-74d0-9b3bfc7a8dbe"",""yes_price_dollars"":""0.6700""}"
KXETH15M-26APR280115-15,33151f33-23d1-4c5a-2c72-a96cffb9f150,1777352448,0.62,1.0,no,"{""count_fp"":""1.00"",""created_time"":""2026-04-28T05:00:48.267018Z"",""no_price_dollars"":""0.3800"",""taker_side"":""no"",""ticker"":""KXETH15M-26APR280115-15"",""trade_id"":""33151f33-23d1-4c5a-2c72-a96cffb9f150"",""yes_price_dollars"":""0.6200""}"
KXETH15M-26APR280115-15,57b867f6-fae2-6ea1-e7ed-cce54f3b1c6c,1777352450,0.68,1.0,yes,"{""count_fp"":""1.00"",""created_time"":""2026-04-28T05:00:50.468919Z"",""no_price_dollars"":""0.3200"",""taker_side"":""yes"",""ticker"":""KXETH15M-26APR280115-15"",""trade_id"":""57b867f6-fae2-6ea1-e7ed-cce54f3b1c6c"",""yes_price_dollars"":""0.6800""}"
KXETH15M-26APR280115-15,54ef9877-a0c6-619c-dd69-fe9dfa9b410d,1777352450,0.68,2.97,yes,"{""count_fp"":""2.97"",""created_time"":""2026-04-28T05:00:50.468919Z"",""no_price_dollars"":""0.3200"",""taker_side"":""yes"",""ticker"":""KXETH15M-26APR280115-15"",""trade_id"":""54ef9877-a0c6-619c-dd69-fe9dfa9b410d"",""yes_price_dollars"":""0.6800""}"
KXETH15M-26APR280115-15,5e6e2d6b-5305-5ccb-c3ef-bf97ee827904,1777352450,0.65,2.61,no,"{""count_fp"":""2.61"",""created_time"":""2026-04-28T05:00:50.419892Z"",""no_price_dollars"":""0.3500"",""taker_side"":""no"",""ticker"":""KXETH15M-26APR280115-15"",""trade_id"":""5e6e2d6b-5305-5ccb-c3ef-bf97ee827904"",""yes_price_dollars"":""0.6500""}"
KXETH15M-26APR280115-15,3c4c54d7-f9d2-5fa0-db77-c0d138efe4e6,1777352450,0.65,10.0,no,"{""count_fp"":""10.00"",""created_time"":""2026-04-28T05:00:50.419892Z"",""no_price_dollars"":""0.3500"",""taker_side"":""no"",""ticker"":""KXETH15M-26APR280115-15"",""trade_id"":""3c4c54d7-f9d2-5fa0-db77-c0d138efe4e6"",""yes_price_dollars"":""0.6500""}"
KXETH15M-26APR280115-15,20de21ef-93f2-70b4-f20c-16fd7b75a475,1777352451,0.68,35.95,yes,"{""count_fp"":""35.95"",""created_time"":""2026-04-28T05:00:51.799667Z"",""no_price_dollars"":""0.3200"",""taker_side"":""yes"",""ticker"":""KXETH15M-26APR280115-15"",""trade_id"":""20de21ef-93f2-70b4-f20c-16fd7b75a475"",""yes_price_dollars"":""0.6800""}"
KXETH15M-26APR280115-15,932e9149-9206-6bd7-e760-67271942aff0,1777352460,0.72,1.0,yes,"{""count_fp"":""1.00"",""created_time"":""2026-04-28T05:01:00.903959Z"",""no_price_dollars"":""0.2800"",""taker_side"":""yes"",""ticker"":""KXETH15M-26APR280115-15"",""trade_id"":""932e9149-9206-6bd7-e760-67271942aff0"",""yes_price_dollars"":""0.7200""}"
KXETH15M-26APR280115-15,df3da95c-8df9-7147-abc2-3ae83820f441,1777352460,0.69,8.43,yes,"{""count_fp"":""8.43"",""created_time"":""2026-04-28T05:01:00.863122Z"",""no_price_dollars"":""0.3100"",""taker_side"":""yes"",""ticker"":""KXETH15M-26APR280115-15"",""trade_id"":""df3da95c-8df9-7147-abc2-3ae83820f441"",""yes_price_dollars"":""0.6900""}"
KXETH15M-26APR280115-15,8b6bf7ef-f049-591c-c3eb-df27f859efd4,1777352460,0.69,1.0,yes,"{""count_fp"":""1.00"",""created_time"":""2026-04-28T05:01:00.155818Z"",""no_price_dollars"":""0.3100"",""taker_side"":""yes"",""ticker"":""KXETH15M-26APR280115-15"",""trade_id"":""8b6bf7ef-f049-591c-c3eb-df27f859efd4"",""yes_price_dollars"":""0.6900""}"
KXETH15M-26APR280115-15,880acc7f-a39d-55b3-cc0f-5db2573eed1d,1777352460,0.69,11.0,yes,"{""count_fp"":""11.00"",""created_time"":""2026-04-28T05:01:00.155818Z"",""no_price_dollars"":""0.3100"",""taker_side"":""yes"",""ticker"":""KXETH15M-26APR280115-15"",""trade_id"":""880acc7f-a39d-55b3-cc0f-5db2573eed1d"",""yes_price_dollars"":""0.6900""}"
KXETH15M-26APR280115-15,b81e5fce-6cf8-5b6f-ddb1-5367388dafa9,1777352462,0.72,10.0,yes,"{""count_fp"":""10.00"",""created_time"":""2026-04-28T05:01:02.088726Z"",""no_price_dollars"":""0.2800"",""taker_side"":""yes"",""ticker"":""KXETH15M-26APR280115-15"",""trade_id"":""b81e5fce-6cf8-5b6f-ddb1-5367388dafa9"",""yes_price_dollars"":""0.7200""}"
KXETH15M-26APR280115-15,8e7fb92c-2cb5-5968-e4fb-630bf1345488,1777352462,0.72,1.0,yes,"{""count_fp"":""1.00"",""created_time"":""2026-04-28T05:01:02.088726Z"",""no_price_dollars"":""0.2800"",""taker_side"":""yes"",""ticker"":""KXETH15M-26APR280115-15"",""trade_id"":""8e7fb92c-2cb5-5968-e4fb-630bf1345488"",""yes_price_dollars"":""0.7200""}"
KXETH15M-26APR280115-15,40b34814-4424-4003-acfa-f17c2b805f4d,1777352463,0.72,8.0,yes,"{""count_fp"":""8.00"",""created_time"":""2026-04-28T05:01:03.114971Z"",""no_price_dollars"":""0.2800"",""taker_side"":""yes"",""ticker"":""KXETH15M-26APR280115-15"",""trade_id"":""40b34814-4424-4003-acfa-f17c2b805f4d"",""yes_price_dollars"":""0.7200""}"
KXETH15M-26APR280115-15,e04cd8d2-f08b-6f1c-d951-64ce3ccc2ed6,1777352464,0.73,4.0,yes,"{""count_fp"":""4.00"",""created_time"":""2026-04-28T05:01:04.301108Z"",""no_price_dollars"":""0.2700"",""taker_side"":""yes"",""ticker"":""KXETH15M-26APR280115-15"",""trade_id"":""e04cd8d2-f08b-6f1c-d951-64ce3ccc2ed6"",""yes_price_dollars"":""0.7300""}"
KXETH15M-26APR280115-15,c911c7d6-007b-6eba-ed69-0cea78235923,1777352464,0.72,1.0,yes,"{""count_fp"":""1.00"",""created_time"":""2026-04-28T05:01:04.301108Z"",""no_price_dollars"":""0.2800"",""taker_side"":""yes"",""ticker"":""KXETH15M-26APR280115-15"",""trade_id"":""c911c7d6-007b-6eba-ed69-0cea78235923"",""yes_price_dollars"":""0.7200""}"
KXETH15M-26APR280115-15,1f55eed0-869f-7e80-5b02-eda48b611b56,1777352464,0.72,8.0,yes,"{""count_fp"":""8.00"",""created_time"":""2026-04-28T05:01:04.138737Z"",""no_price_dollars"":""0.2800"",""taker_side"":""yes"",""ticker"":""KXETH15M-26APR280115-15"",""trade_id"":""1f55eed0-869f-7e80-5b02-eda48b611b56"",""yes_price_dollars"":""0.7200""}"
KXETH15M-26APR280115-15,f544e38e-5842-7dac-117c-5675dea73620,1777352465,0.71,9.0,no,"{""count_fp"":""9.00"",""created_time"":""2026-04-28T05:01:05.993248Z"",""no_price_dollars"":""0.2900"",""taker_side"":""no"",""ticker"":""KXETH15M-26APR280115-15"",""trade_id"":""f544e38e-5842-7dac-117c-5675dea73620"",""yes_price_dollars"":""0.7100""}"
KXETH15M-26APR280115-15,8dbfcb25-1e9d-7003-05c6-9b8974e77100,1777352465,0.71,100.0,no,"{""count_fp"":""100.00"",""created_time"":""2026-04-28T05:01:05.993248Z"",""no_price_dollars"":""0.2900"",""taker_side"":""no"",""ticker"":""KXETH15M-26APR280115-15"",""trade_id"":""8dbfcb25-1e9d-7003-05c6-9b8974e77100"",""yes_price_dollars"":""0.7100""}"
KXETH15M-26APR280115-15,43efef92-9292-5360-37f0-ca1039440a82,1777352466,0.7,1.0,yes,"{""count_fp"":""1.00"",""created_time"":""2026-04-28T05:01:06.114588Z"",""no_price_dollars"":""0.3000"",""taker_side"":""yes"",""ticker"":""KXETH15M-26APR280115-15"",""trade_id"":""43efef92-9292-5360-37f0-ca1039440a82"",""yes_price_dollars"":""0.7000""}"
KXETH15M-26APR280115-15,30bfe18f-4d2e-58e8-29ff-339ffcde3381,1777352466,0.72,5.0,yes,"{""count_fp"":""5.00"",""created_time"":""2026-04-28T05:01:06.114588Z"",""no_price_dollars"":""0.2800"",""taker_side"":""yes"",""ticker"":""KXETH15M-26APR280115-15"",""trade_id"":""30bfe18f-4d2e-58e8-29ff-339ffcde3381"",""yes_price_dollars"":""0.7200""}"
KXETH15M-26APR280115-15,6953ffd2-2f9f-4775-0807-ada3fdd64276,1777352467,0.69,3.07,no,"{""count_fp"":""3.07"",""created_time"":""2026-04-28T05:01:07.648218Z"",""no_price_dollars"":""0.3100"",""taker_side"":""no"",""ticker"":""KXETH15M-26APR280115-15"",""trade_id"":""6953ffd2-2f9f-4775-0807-ada3fdd64276"",""yes_price_dollars"":""0.6900""}"
KXETH15M-26APR280115-15,e94143c9-408a-4cca-3e79-bfef74cd2349,1777352469,0.71,1.0,yes,"{""count_fp"":""1.00"",""created_time"":""2026-04-28T05:01:09.083579Z"",""no_price_dollars"":""0.2900"",""taker_side"":""yes"",""ticker"":""KXETH15M-26APR280115-15"",""trade_id"":""e94143c9-408a-4cca-3e79-bfef74cd2349"",""yes_price_dollars"":""0.7100""}"
KXETH15M-26APR280115-15,e72a8655-39ab-4e15-0f1e-6fa788c425b9,1777352469,0.7,5.0,yes,"{""count_fp"":""5.00"",""created_time"":""2026-04-28T05:01:09.083579Z"",""no_price_dollars"":""0.3000"",""taker_side"":""yes"",""ticker"":""KXETH15M-26APR280115-15"",""trade_id"":""e72a8655-39ab-4e15-0f1e-6fa788c425b9"",""yes_price_dollars"":""0.7000""}"
KXETH15M-26APR280115-15,e00b8e07-cd0e-6035-8244-a0b909ad49af,1777352475,0.69,10.0,no,"{""count_fp"":""10.00"",""created_time"":""2026-04-28T05:01:15.584664Z"",""no_price_dollars"":""0.3100"",""taker_side"":""no"",""ticker"":""KXETH15M-26APR280115-15"",""trade_id"":""e00b8e07-cd0e-6035-8244-a0b909ad49af"",""yes_price_dollars"":""0.6900""}"
KXETH15M-26APR280115-15,6ffe237f-cb61-6acf-aa23-e4b6dce393ce,1777352475,0.68,3.0,no,"{""count_fp"":""3.00"",""created_time"":""2026-04-28T05:01:15.584664Z"",""no_price_dollars"":""0.3200"",""taker_side"":""no"",""ticker"":""KXETH15M-26APR280115-15"",""trade_id"":""6ffe237f-cb61-6acf-aa23-e4b6dce393ce"",""yes_price_dollars"":""0.6800""}"
KXETH15M-26APR280115-15,5a46fc3a-13ec-6052-92f0-8382dd24ce61,1777352475,0.69,100.0,no,"{""count_fp"":""100.00"",""created_time"":""2026-04-28T05:01:15.584664Z"",""no_price_dollars"":""0.3100"",""taker_side"":""no"",""ticker"":""KXETH15M-26APR280115-15"",""trade_id"":""5a46fc3a-13ec-6052-92f0-8382dd24ce61"",""yes_price_dollars"":""0.6900""}"
KXETH15M-26APR280115-15,34ef1b58-c01d-6d6f-adff-94dab54f4fc3,1777352475,0.68,1.0,no,"{""count_fp"":""1.00"",""created_time"":""2026-04-28T05:01:15.584664Z"",""no_price_dollars"":""0.3200"",""taker_side"":""no"",""ticker"":""KXETH15M-26APR280115-15"",""trade_id"":""34ef1b58-c01d-6d6f-adff-94dab54f4fc3"",""yes_price_dollars"":""0.6800""}"
KXETH15M-26APR280115-15,104e3e19-bb96-6877-b727-29b189da5965,1777352475,0.68,57.0,no,"{""count_fp"":""57.00"",""created_time"":""2026-04-28T05:01:15.584664Z"",""no_price_dollars"":""0.3200"",""taker_side"":""no"",""ticker"":""KXETH15M-26APR280115-15"",""trade_id"":""104e3e19-bb96-6877-b727-29b189da5965"",""yes_price_dollars"":""0.6800""}"
KXETH15M-26APR280115-15,0e9904c6-040e-6d8c-bbc9-cbcef2f482fd,1777352475,0.66,107.78,no,"{""count_fp"":""107.78"",""created_time"":""2026-04-28T05:01:15.584664Z"",""no_price_dollars"":""0.3400"",""taker_side"":""no"",""ticker"":""KXETH15M-26APR280115-15"",""trade_id"":""0e9904c6-040e-6d8c-bbc9-cbcef2f482fd"",""yes_price_dollars"":""0.6600""}"
KXETH15M-26APR280115-15,0d088df9-49b4-6ae8-bf0b-d5b7c2af623c,1777352475,0.69,10.0,no,"{""count_fp"":""10.00"",""created_time"":""2026-04-28T05:01:15.584664Z"",""no_price_dollars"":""0.3100"",""taker_side"":""no"",""ticker"":""KXETH15M-26APR280115-15"",""trade_id"":""0d088df9-49b4-6ae8-bf0b-d5b7c2af623c"",""yes_price_dollars"":""0.6900""}"
KXETH15M-26APR280115-15,07e265dd-051d-62cb-8fce-db8ee0b59a34,1777352475,0.68,3.0,no,"{""count_fp"":""3.00"",""created_time"":""2026-04-28T05:01:15.584664Z"",""no_price_dollars"":""0.3200"",""taker_side"":""no"",""ticker"":""KXETH15M-26APR280115-15"",""trade_id"":""07e265dd-051d-62cb-8fce-db8ee0b59a34"",""yes_price_dollars"":""0.6800""}"
KXETH15M-26APR280115-15,1cb97775-af99-6468-15cd-4c0f6185de22,1777352476,0.71,3.0,no,"{""count_fp"":""3.00"",""created_time"":""2026-04-28T05:01:16.799882Z"",""no_price_dollars"":""0.2900"",""taker_side"":""no"",""ticker"":""KXETH15M-26APR280115-15"",""trade_id"":""1cb97775-af99-6468-15cd-4c0f6185de22"",""yes_price_dollars"":""0.7100""}"
KXETH15M-26APR280115-15,588d3055-1fd4-70b8-0242-61df3d0e6e29,1777352476,0.68,1.0,no,"{""count_fp"":""1.00"",""created_time"":""2026-04-28T05:01:16.117549Z"",""no_price_dollars"":""0.3200"",""taker_side"":""no"",""ticker"":""KXETH15M-26APR280115-15"",""trade_id"":""588d3055-1fd4-70b8-0242-61df3d0e6e29"",""yes_price_dollars"":""0.6800""}"
KXETH15M-26APR280115-15,f6955928-927b-4ab6-4203-dd6cefb7289e,1777352477,0.69,1.0,no,"{""count_fp"":""1.00"",""created_time"":""2026-04-28T05:01:17.925156Z"",""no_price_dollars"":""0.3100"",""taker_side"":""no"",""ticker"":""KXETH15M-26APR280115-15"",""trade_id"":""f6955928-927b-4ab6-4203-dd6cefb7289e"",""yes_price_dollars"":""0.6900""}"
KXETH15M-26APR280115-15,92c9b638-1279-4c9c-5832-07d3b504d12e,1777352477,0.69,3.0,no,"{""count_fp"":""3.00"",""created_time"":""2026-04-28T05:01:17.925156Z"",""no_price_dollars"":""0.3100"",""taker_side"":""no"",""ticker"":""KXETH15M-26APR280115-15"",""trade_id"":""92c9b638-1279-4c9c-5832-07d3b504d12e"",""yes_price_dollars"":""0.6900""}"
KXETH15M-26APR280115-15,bf8754b4-231f-7bb8-a3bf-58d9ab8dac5b,1777352480,0.69,2.0,no,"{""count_fp"":""2.00"",""created_time"":""2026-04-28T05:01:20.827183Z"",""no_price_dollars"":""0.3100"",""taker_side"":""no"",""ticker"":""KXETH15M-26APR280115-15"",""trade_id"":""bf8754b4-231f-7bb8-a3bf-58d9ab8dac5b"",""yes_price_dollars"":""0.6900""}"
KXETH15M-26APR280115-15,07d03bf8-1bfe-7cd4-9757-9a5e6ae693f9,1777352480,0.69,12.26,no,"{""count_fp"":""12.26"",""created_time"":""2026-04-28T05:01:20.827183Z"",""no_price_dollars"":""0.3100"",""taker_side"":""no"",""ticker"":""KXETH15M-26APR280115-15"",""trade_id"":""07d03bf8-1bfe-7cd4-9757-9a5e6ae693f9"",""yes_price_dollars"":""0.6900""}"
KXETH15M-26APR280115-15,e5b27cde-d6d4-794d-2d67-6b493712cd18,1777352482,0.71,2.72,yes,"{""count_fp"":""2.72"",""created_time"":""2026-04-28T05:01:22.948707Z"",""no_price_dollars"":""0.2900"",""taker_side"":""yes"",""ticker"":""KXETH15M-26APR280115-15"",""trade_id"":""e5b27cde-d6d4-794d-2d67-6b493712cd18"",""yes_price_dollars"":""0.7100""}"
KXETH15M-26APR280115-15,a695376c-5e91-4d9d-c94f-038c4fa4f7b7,1777352484,0.7,29.96,yes,"{""count_fp"":""29.96"",""created_time"":""2026-04-28T05:01:24.900487Z"",""no_price_dollars"":""0.3000"",""taker_side"":""yes"",""ticker"":""KXETH15M-26APR280115-15"",""trade_id"":""a695376c-5e91-4d9d-c94f-038c4fa4f7b7"",""yes_price_dollars"":""0.7000""}"
KXETH15M-26APR280115-15,12ea443b-7982-6335-8700-628dcd92fb6b,1777352491,0.65,2.73,no,"{""count_fp"":""2.73"",""created_time"":""2026-04-28T05:01:31.652729Z"",""no_price_dollars"":""0.3500"",""taker_side"":""no"",""ticker"":""KXETH15M-26APR280115-15"",""trade_id"":""12ea443b-7982-6335-8700-628dcd92fb6b"",""yes_price_dollars"":""0.6500""}"
KXETH15M-26APR280115-15,fb367fe4-7a58-79dd-9438-5c519d2a57cf,1777352492,0.69,1.0,yes,"{""count_fp"":""1.00"",""created_time"":""2026-04-28T05:01:32.610082Z"",""no_price_dollars"":""0.3100"",""taker_side"":""yes"",""ticker"":""KXETH15M-26APR280115-15"",""trade_id"":""fb367fe4-7a58-79dd-9438-5c519d2a57cf"",""yes_price_dollars"":""0.6900""}"
KXETH15M-26APR280115-15,5701e616-1f6a-7f43-a77f-b7000645b97d,1777352492,0.68,1.0,yes,"{""count_fp"":""1.00"",""created_time"":""2026-04-28T05:01:32.610082Z"",""no_price_dollars"":""0.3200"",""taker_side"":""yes"",""ticker"":""KXETH15M-26APR280115-15"",""trade_id"":""5701e616-1f6a-7f43-a77f-b7000645b97d"",""yes_price_dollars"":""0.6800""}"
KXETH15M-26APR280115-15,82a8f108-d5ce-5234-9458-a9c68bc5b9cd,1777352493,0.66,1.0,yes,"{""count_fp"":""1.00"",""created_time"":""2026-04-28T05:01:33.174767Z"",""no_price_dollars"":""0.3400"",""taker_side"":""yes"",""ticker"":""KXETH15M-26APR280115-15"",""trade_id"":""82a8f108-d5ce-5234-9458-a9c68bc5b9cd"",""yes_price_dollars"":""0.6600""}"
KXETH15M-26APR280115-15,e7a63dd7-7b66-7106-d79a-ecfe8b9f4021,1777352494,0.64,1.0,yes,"{""count_fp"":""1.00"",""created_time"":""2026-04-28T05:01:34.885984Z"",""no_price_dollars"":""0.3600"",""taker_side"":""yes"",""ticker"":""KXETH15M-26APR280115-15"",""trade_id"":""e7a63dd7-7b66-7106-d79a-ecfe8b9f4021"",""yes_price_dollars"":""0.6400""}"
KXETH15M-26APR280115-15,4ecd2fa9-5a3e-413a-ac05-462c1c33c905,1777352494,0.64,1.0,yes,"{""count_fp"":""1.00"",""created_time"":""2026-04-28T05:01:34.261368Z"",""no_price_dollars"":""0.3600"",""taker_side"":""yes"",""ticker"":""KXETH15M-26APR280115-15"",""trade_id"":""4ecd2fa9-5a3e-413a-ac05-462c1c33c905"",""yes_price_dollars"":""0.6400""}"
KXETH15M-26APR280115-15,3b765db5-469e-48b2-0d12-52323643dd81,1777352496,0.64,6.0,yes,"{""count_fp"":""6.00"",""created_time"":""2026-04-28T05:01:36.086016Z"",""no_price_dollars"":""0.3600"",""taker_side"":""yes"",""ticker"":""KXETH15M-26APR280115-15"",""trade_id"":""3b765db5-469e-48b2-0d12-52323643dd81"",""yes_price_dollars"":""0.6400""}"
KXETH15M-26APR280115-15,50f00b9f-be38-7e13-dfba-e2c9d71aa3c1,1777352497,0.67,4.0,yes,"{""count_fp"":""4.00"",""created_time"":""2026-04-28T05:01:37.381019Z"",""no_price_dollars"":""0.3300"",""taker_side"":""yes"",""ticker"":""KXETH15M-26APR280115-15"",""trade_id"":""50f00b9f-be38-7e13-dfba-e2c9d71aa3c1"",""yes_price_dollars"":""0.6700""}"
KXETH15M-26APR280115-15,2e94cd00-0800-7df3-ca7b-f580ed5f5bf3,1777352497,0.67,1.0,yes,"{""count_fp"":""1.00"",""created_time"":""2026-04-28T05:01:37.381019Z"",""no_price_dollars"":""0.3300"",""taker_side"":""yes"",""ticker"":""KXETH15M-26APR280115-15"",""trade_id"":""2e94cd00-0800-7df3-ca7b-f580ed5f5bf3"",""yes_price_dollars"":""0.6700""}"
KXETH15M-26APR280115-15,e67ab1db-d99e-4166-ee29-c86797f020c5,1777352497,0.64,2.0,yes,"{""count_fp"":""2.00"",""created_time"":""2026-04-28T05:01:37.083515Z"",""no_price_dollars"":""0.3600"",""taker_side"":""yes"",""ticker"":""KXETH15M-26APR280115-15"",""trade_id"":""e67ab1db-d99e-4166-ee29-c86797f020c5"",""yes_price_dollars"":""0.6400""}"
KXETH15M-26APR280115-15,a4df25da-18d0-4c0d-d587-713bf23e45b9,1777352497,0.66,4.0,yes,"{""count_fp"":""4.00"",""created_time"":""2026-04-28T05:01:37.083515Z"",""no_price_dollars"":""0.3400"",""taker_side"":""yes"",""ticker"":""KXETH15M-26APR280115-15"",""trade_id"":""a4df25da-18d0-4c0d-d587-713bf23e45b9"",""yes_price_dollars"":""0.6600""}"
KXETH15M-26APR280115-15,c081de5b-a553-71cb-21e2-231da55414fa,1777352498,0.64,1.0,no,"{""count_fp"":""1.00"",""created_time"":""2026-04-28T05:01:38.882214Z"",""no_price_dollars"":""0.3600"",""taker_side"":""no"",""ticker"":""KXETH15M-26APR280115-15"",""trade_id"":""c081de5b-a553-71cb-21e2-231da55414fa"",""yes_price_dollars"":""0.6400""}"
KXETH15M-26APR280115-15,2082d9a8-26d1-7298-10b9-3e3ebaab915a,1777352498,0.64,25.58,no,"{""count_fp"":""25.58"",""created_time"":""2026-04-28T05:01:38.882214Z"",""no_price_dollars"":""0.3600"",""taker_side"":""no"",""ticker"":""KXETH15M-26APR280115-15"",""trade_id"":""2082d9a8-26d1-7298-10b9-3e3ebaab915a"",""yes_price_dollars"":""0.6400""}"
KXETH15M-26APR280115-15,4fee58bd-ea51-68a4-00cf-98795850f06a,1777352502,0.64,0.26,no,"{""count_fp"":""0.26"",""created_time"":""2026-04-28T05:01:42.055763Z"",""no_price_dollars"":""0.3600"",""taker_side"":""no"",""ticker"":""KXETH15M-26APR280115-15"",""trade_id"":""4fee58bd-ea51-68a4-00cf-98795850f06a"",""yes_price_dollars"":""0.6400""}"
KXETH15M-26APR280115-15,9fba10ce-9854-747e-f61d-8154909bf23c,1777352502,0.68,1.0,yes,"{""count_fp"":""1.00"",""created_time"":""2026-04-28T05:01:42.021971Z"",""no_price_dollars"":""0.3200"",""taker_side"":""yes"",""ticker"":""KXETH15M-26APR280115-15"",""trade_id"":""9fba10ce-9854-747e-f61d-8154909bf23c"",""yes_price_dollars"":""0.6800""}"
KXETH15M-26APR280115-15,6139a624-ae58-75e7-cf80-099139f26469,1777352502,0.68,13.38,yes,"{""count_fp"":""13.38"",""created_time"":""2026-04-28T05:01:42.021971Z"",""no_price_dollars"":""0.3200"",""taker_side"":""yes"",""ticker"":""KXETH15M-26APR280115-15"",""trade_id"":""6139a624-ae58-75e7-cf80-099139f26469"",""yes_price_dollars"":""0.6800""}"
KXETH15M-26APR280115-15,ab71754b-af6e-60be-4c09-e8d886e7609e,1777352507,0.72,6.71,yes,"{""count_fp"":""6.71"",""created_time"":""2026-04-28T05:01:47.498534Z"",""no_price_dollars"":""0.2800"",""taker_side"":""yes"",""ticker"":""KXETH15M-26APR280115-15"",""trade_id"":""ab71754b-af6e-60be-4c09-e8d886e7609e"",""yes_price_dollars"":""0.7200""}"
KXETH15M-26APR280115-15,c6b59a8f-b633-76d0-bb66-bc9f13f733d7,1777352507,0.71,1.0,yes,"{""count_fp"":""1.00"",""created_time"":""2026-04-28T05:01:47.414637Z"",""no_price_dollars"":""0.2900"",""taker_side"":""yes"",""ticker"":""KXETH15M-26APR280115-15"",""trade_id"":""c6b59a8f-b633-76d0-bb66-bc9f13f733d7"",""yes_price_dollars"":""0.7100""}"
KXETH15M-26APR280115-15,a327afce-7d63-75f4-a959-b77bfd623c66,1777352507,0.7,10.0,yes,"{""count_fp"":""10.00"",""created_time"":""2026-04-28T05:01:47.414637Z"",""no_price_dollars"":""0.3000"",""taker_side"":""yes"",""ticker"":""KXETH15M-26APR280115-15"",""trade_id"":""a327afce-7d63-75f4-a959-b77bfd623c66"",""yes_price_dollars"":""0.7000""}"
KXETH15M-26APR280115-15,92830309-9675-70ce-9de7-6759dbd68912,1777352507,0.7,2.0,yes,"{""count_fp"":""2.00"",""created_time"":""2026-04-28T05:01:47.414637Z"",""no_price_dollars"":""0.3000"",""taker_side"":""yes"",""ticker"":""KXETH15M-26APR280115-15"",""trade_id"":""92830309-9675-70ce-9de7-6759dbd68912"",""yes_price_dollars"":""0.7000""}"
KXETH15M-26APR280115-15,6d751302-e524-786f-9431-e6a3461261e5,1777352507,0.7,8.62,yes,"{""count_fp"":""8.62"",""created_time"":""2026-04-28T05:01:47.414637Z"",""no_price_dollars"":""0.3000"",""taker_side"":""yes"",""ticker"":""KXETH15M-26APR280115-15"",""trade_id"":""6d751302-e524-786f-9431-e6a3461261e5"",""yes_price_dollars"":""0.7000""}"
KXETH15M-26APR280115-15,1f659a19-3325-782f-98a5-a00963f8afdd,1777352507,0.72,6.04,yes,"{""count_fp"":""6.04"",""created_time"":""2026-04-28T05:01:47.414637Z"",""no_price_dollars"":""0.2800"",""taker_side"":""yes"",""ticker"":""KXETH15M-26APR280115-15"",""trade_id"":""1f659a19-3325-782f-98a5-a00963f8afdd"",""yes_price_dollars"":""0.7200""}"
KXETH15M-26APR280115-15,f0b72b9e-715d-7ebc-5657-094ff1ab5412,1777352514,0.72,8.0,no,"{""count_fp"":""8.00"",""created_time"":""2026-04-28T05:01:54.736954Z"",""no_price_dollars"":""0.2800"",""taker_side"":""no"",""ticker"":""KXETH15M-26APR280115-15"",""trade_id"":""f0b72b9e-715d-7ebc-5657-094ff1ab5412"",""yes_price_dollars"":""0.7200""}"
KXETH15M-26APR280115-15,05a5c9f5-fcd8-7757-4943-5b1c8e87f6d9,1777352514,0.72,5.0,no,"{""count_fp"":""5.00"",""created_time"":""2026-04-28T05:01:54.736954Z"",""no_price_dollars"":""0.2800"",""taker_side"":""no"",""ticker"":""KXETH15M-26APR280115-15"",""trade_id"":""05a5c9f5-fcd8-7757-4943-5b1c8e87f6d9"",""yes_price_dollars"":""0.7200""}"
KXETH15M-26APR280115-15,e6142446-a5f5-6a6c-60ff-b6acba34ae0e,1777352516,0.71,5.52,no,"{""count_fp"":""5.52"",""created_time"":""2026-04-28T05:01:56.453062Z"",""no_price_dollars"":""0.2900"",""taker_side"":""no"",""ticker"":""KXETH15M-26APR280115-15"",""trade_id"":""e6142446-a5f5-6a6c-60ff-b6acba34ae0e"",""yes_price_dollars"":""0.7100""}"
KXETH15M-26APR280115-15,4b5aa1e9-3f59-6436-63e9-3873a9558a2e,1777352516,0.71,1.0,no,"{""count_fp"":""1.00"",""created_time"":""2026-04-28T05:01:56.453062Z"",""no_price_dollars"":""0.2900"",""taker_side"":""no"",""ticker"":""KXETH15M-26APR280115-15"",""trade_id"":""4b5aa1e9-3f59-6436-63e9-3873a9558a2e"",""yes_price_dollars"":""0.7100""}"
KXETH15M-26APR280115-15,24d2815a-93de-661c-092d-57e35a5a797d,1777352517,0.73,1.0,yes,"{""count_fp"":""1.00"",""created_time"":""2026-04-28T05:01:57.098802Z"",""no_price_dollars"":""0.2700"",""taker_side"":""yes"",""ticker"":""KXETH15M-26APR280115-15"",""trade_id"":""24d2815a-93de-661c-092d-57e35a5a797d"",""yes_price_dollars"":""0.7300""}"
KXETH15M-26APR280115-15,f415e88f-c802-4d94-0d4c-e133256862d1,1777352520,0.73,1.0,yes,"{""count_fp"":""1.00"",""created_time"":""2026-04-28T05:02:00.327083Z"",""no_price_dollars"":""0.2700"",""taker_side"":""yes"",""ticker"":""KXETH15M-26APR280115-15"",""trade_id"":""f415e88f-c802-4d94-0d4c-e133256862d1"",""yes_price_dollars"":""0.7300""}"
KXETH15M-26APR280115-15,f4547386-f0c5-6054-9d06-27e9bb8946b5,1777352523,0.71,1.0,no,"{""count_fp"":""1.00"",""created_time"":""2026-04-28T05:02:03.174729Z"",""no_price_dollars"":""0.2900"",""taker_side"":""no"",""ticker"":""KXETH15M-26APR280115-15"",""trade_id"":""f4547386-f0c5-6054-9d06-27e9bb8946b5"",""yes_price_dollars"":""0.7100""}"
KXETH15M-26APR280115-15,11163157-48fd-428e-9634-791f427d30b9,1777352525,0.71,4.96,yes,"{""count_fp"":""4.96"",""created_time"":""2026-04-28T05:02:05.989562Z"",""no_price_dollars"":""0.2900"",""taker_side"":""yes"",""ticker"":""KXETH15M-26APR280115-15"",""trade_id"":""11163157-48fd-428e-9634-791f427d30b9"",""yes_price_dollars"":""0.7100""}"
KXETH15M-26APR280115-15,9fff84d0-7225-55e7-20e2-e3acd6feef84,1777352529,0.7,1.0,no,"{""count_fp"":""1.00"",""created_time"":""2026-04-28T05:02:09.290017Z"",""no_price_dollars"":""0.3000"",""taker_side"":""no"",""ticker"":""KXETH15M-26APR280115-15"",""trade_id"":""9fff84d0-7225-55e7-20e2-e3acd6feef84"",""yes_price_dollars"":""0.7000""}"
KXETH15M-26APR280115-15,50ac3c0c-bd29-5434-3c43-28781a04cd96,1777352529,0.7,61.55,no,"{""count_fp"":""61.55"",""created_time"":""2026-04-28T05:02:09.290017Z"",""no_price_dollars"":""0.3000"",""taker_side"":""no"",""ticker"":""KXETH15M-26APR280115-15"",""trade_id"":""50ac3c0c-bd29-5434-3c43-28781a04cd96"",""yes_price_dollars"":""0.7000""}"
KXETH15M-26APR280115-15,498146ac-290e-5157-1305-b10b9ac6f03c,1777352529,0.7,1.0,no,"{""count_fp"":""1.00"",""created_time"":""2026-04-28T05:02:09.290017Z"",""no_price_dollars"":""0.3000"",""taker_side"":""no"",""ticker"":""KXETH15M-26APR280115-15"",""trade_id"":""498146ac-290e-5157-1305-b10b9ac6f03c"",""yes_price_dollars"":""0.7000""}"
KXETH15M-26APR280115-15,4bf5f409-8086-541c-a900-de08d59aefd5,1777352530,0.73,32.0,yes,"{""count_fp"":""32.00"",""created_time"":""2026-04-28T05:02:10.310773Z"",""no_price_dollars"":""0.2700"",""taker_side"":""yes"",""ticker"":""KXETH15M-26APR280115-15"",""trade_id"":""4bf5f409-8086-541c-a900-de08d59aefd5"",""yes_price_dollars"":""0.7300""}"
KXETH15M-26APR280115-15,fa5d468f-c85c-5917-dac0-808c996ecbd9,1777352530,0.71,10.0,yes,"{""count_fp"":""10.00"",""created_time"":""2026-04-28T05:02:10.124861Z"",""no_price_dollars"":""0.2900"",""taker_side"":""yes"",""ticker"":""KXETH15M-26APR280115-15"",""trade_id"":""fa5d468f-c85c-5917-dac0-808c996ecbd9"",""yes_price_dollars"":""0.7100""}"
KXETH15M-26APR280115-15,8b97b431-34d6-5dca-d894-9afa2c66758e,1777352530,0.72,4.0,yes,"{""count_fp"":""4.00"",""created_time"":""2026-04-28T05:02:10.124861Z"",""no_price_dollars"":""0.2800"",""taker_side"":""yes"",""ticker"":""KXETH15M-26APR280115-15"",""trade_id"":""8b97b431-34d6-5dca-d894-9afa2c66758e"",""yes_price_dollars"":""0.7200""}"
KXETH15M-26APR280115-15,7f817cc0-1b56-47ec-9fcb-686d4262ad35,1777352532,0.73,67.22,yes,"{""count_fp"":""67.22"",""created_time"":""2026-04-28T05:02:12.776916Z"",""no_price_dollars"":""0.2700"",""taker_side"":""yes"",""ticker"":""KXETH15M-26APR280115-15"",""trade_id"":""7f817cc0-1b56-47ec-9fcb-686d4262ad35"",""yes_price_dollars"":""0.7300""}"
KXETH15M-26APR280115-15,ee314f09-ad82-4fad-6ab4-7dfc4a070c70,1777352535,0.72,8.92,yes,"{""count_fp"":""8.92"",""created_time"":""2026-04-28T05:02:15.190055Z"",""no_price_dollars"":""0.2800"",""taker_side"":""yes"",""ticker"":""KXETH15M-26APR280115-15"",""trade_id"":""ee314f09-ad82-4fad-6ab4-7dfc4a070c70"",""yes_price_dollars"":""0.7200""}"
KXETH15M-26APR280115-15,df104f7a-281b-4e30-44aa-9ddabd5bf764,1777352535,0.72,1.0,yes,"{""count_fp"":""1.00"",""created_time"":""2026-04-28T05:02:15.190055Z"",""no_price_dollars"":""0.2800"",""taker_side"":""yes"",""ticker"":""KXETH15M-26APR280115-15"",""trade_id"":""df104f7a-281b-4e30-44aa-9ddabd5bf764"",""yes_price_dollars"":""0.7200""}"
KXETH15M-26APR280115-15,c57cfc1e-81f2-55e9-4e88-ff5900d51e6f,1777352541,0.72,1.0,yes,"{""count_fp"":""1.00"",""created_time"":""2026-04-28T05:02:21.576488Z"",""no_price_dollars"":""0.2800"",""taker_side"":""yes"",""ticker"":""KXETH15M-26APR280115-15"",""trade_id"":""c57cfc1e-81f2-55e9-4e88-ff5900d51e6f"",""yes_price_dollars"":""0.7200""}"
KXETH15M-26APR280115-15,ee9dc512-6aca-649f-10ee-077eade00a3a,1777352542,0.7,3.17,no,"{""count_fp"":""3.17"",""created_time"":""2026-04-28T05:02:22.149572Z"",""no_price_dollars"":""0.3000"",""taker_side"":""no"",""ticker"":""KXETH15M-26APR280115-15"",""trade_id"":""ee9dc512-6aca-649f-10ee-077eade00a3a"",""yes_price_dollars"":""0.7000""}"
KXETH15M-26APR280115-15,df2c1218-c334-5df6-06e9-d1b20e1966ea,1777352547,0.7,28.13,no,"{""count_fp"":""28.13"",""created_time"":""2026-04-28T05:02:27.394099Z"",""no_price_dollars"":""0.3000"",""taker_side"":""no"",""ticker"":""KXETH15M-26APR280115-15"",""trade_id"":""df2c1218-c334-5df6-06e9-d1b20e1966ea"",""yes_price_dollars"":""0.7000""}"
KXETH15M-26APR280115-15,350f93f6-96c6-582b-1a12-e44c03c5f0e2,1777352547,0.7,1.83,no,"{""count_fp"":""1.83"",""created_time"":""2026-04-28T05:02:27.394099Z"",""no_price_dollars"":""0.3000"",""taker_side"":""no"",""ticker"":""KXETH15M-26APR280115-15"",""trade_id"":""350f93f6-96c6-582b-1a12-e44c03c5f0e2"",""yes_price_dollars"":""0.7000""}"
KXETH15M-26APR280115-15,d7d072e1-9b16-4a1b-4642-a588f18e1384,1777352559,0.68,1.0,no,"{""count_fp"":""1.00"",""created_time"":""2026-04-28T05:02:39.296706Z"",""no_price_dollars"":""0.3200"",""taker_side"":""no"",""ticker"":""KXETH15M-26APR280115-15"",""trade_id"":""d7d072e1-9b16-4a1b-4642-a588f18e1384"",""yes_price_dollars"":""0.6800""}"
KXETH15M-26APR280115-15,fe692235-8cbb-7d2d-80f8-f841095e79a1,1777352560,0.69,1.0,yes,"{""count_fp"":""1.00"",""created_time"":""2026-04-28T05:02:40.150436Z"",""no_price_dollars"":""0.3100"",""taker_side"":""yes"",""ticker"":""KXETH15M-26APR280115-15"",""trade_id"":""fe692235-8cbb-7d2d-80f8-f841095e79a1"",""yes_price_dollars"":""0.6900""}"
KXETH15M-26APR280115-15,6733e19c-abeb-5106-6dc6-4ea21d4653a3,1777352561,0.69,10.0,yes,"{""count_fp"":""10.00"",""created_time"":""2026-04-28T05:02:41.119322Z"",""no_price_dollars"":""0.3100"",""taker_side"":""yes"",""ticker"":""KXETH15M-26APR280115-15"",""trade_id"":""6733e19c-abeb-5106-6dc6-4ea21d4653a3"",""yes_price_dollars"":""0.6900""}"
KXETH15M-26APR280115-15,25424053-6b3a-5d72-4ccf-8224cbad582a,1777352561,0.7,4.0,yes,"{""count_fp"":""4.00"",""created_time"":""2026-04-28T05:02:41.119322Z"",""no_price_dollars"":""0.3000"",""taker_side"":""yes"",""ticker"":""KXETH15M-26APR280115-15"",""trade_id"":""25424053-6b3a-5d72-4ccf-8224cbad582a"",""yes_price_dollars"":""0.7000""}"
KXETH15M-26APR280115-15,ca01be8d-be21-4a1b-0c36-c2047ac42edc,1777352569,0.7,10.0,yes,"{""count_fp"":""10.00"",""created_time"":""2026-04-28T05:02:49.186774Z"",""no_price_dollars"":""0.3000"",""taker_side"":""yes"",""ticker"":""KXETH15M-26APR280115-15"",""trade_id"":""ca01be8d-be21-4a1b-0c36-c2047ac42edc"",""yes_price_dollars"":""0.7000""}"
KXETH15M-26APR280115-15,54253e4b-d39a-44aa-3d6c-03499c922eaa,1777352569,0.7,6.58,yes,"{""count_fp"":""6.58"",""created_time"":""2026-04-28T05:02:49.186774Z"",""no_price_dollars"":""0.3000"",""taker_side"":""yes"",""ticker"":""KXETH15M-26APR280115-15"",""trade_id"":""54253e4b-d39a-44aa-3d6c-03499c922eaa"",""yes_price_dollars"":""0.7000""}"
KXETH15M-26APR280115-15,09fe77c3-18f7-43b0-1826-d4502e65ffdb,1777352569,0.7,10.0,yes,"{""count_fp"":""10.00"",""created_time"":""2026-04-28T05:02:49.186774Z"",""no_price_dollars"":""0.3000"",""taker_side"":""yes"",""ticker"":""KXETH15M-26APR280115-15"",""trade_id"":""09fe77c3-18f7-43b0-1826-d4502e65ffdb"",""yes_price_dollars"":""0.7000""}"
KXETH15M-26APR280115-15,e54ea974-164f-55d2-2721-b1563780c22c,1777352574,0.7,10.0,yes,"{""count_fp"":""10.00"",""created_time"":""2026-04-28T05:02:54.093339Z"",""no_price_dollars"":""0.3000"",""taker_side"":""yes"",""ticker"":""KXETH15M-26APR280115-15"",""trade_id"":""e54ea974-164f-55d2-2721-b1563780c22c"",""yes_price_dollars"":""0.7000""}"
KXETH15M-26APR280115-15,0d7ebe2b-ac32-521e-2f0b-d1e18e502562,1777352574,0.7,4.0,yes,"{""count_fp"":""4.00"",""created_time"":""2026-04-28T05:02:54.093339Z"",""no_price_dollars"":""0.3000"",""taker_side"":""yes"",""ticker"":""KXETH15M-26APR280115-15"",""trade_id"":""0d7ebe2b-ac32-521e-2f0b-d1e18e502562"",""yes_price_dollars"":""0.7000""}"
KXETH15M-26APR280115-15,fb94c535-9979-6e8e-4283-055ec37e780b,1777352580,0.72,1.0,no,"{""count_fp"":""1.00"",""created_time"":""2026-04-28T05:03:00.171096Z"",""no_price_dollars"":""0.2800"",""taker_side"":""no"",""ticker"":""KXETH15M-26APR280115-15"",""trade_id"":""fb94c535-9979-6e8e-4283-055ec37e780b"",""yes_price_dollars"":""0.7200""}"
KXETH15M-26APR280115-15,2d0c5688-0cae-6be7-777a-d1abfaf32f16,1777352580,0.72,5.8,no,"{""count_fp"":""5.80"",""created_time"":""2026-04-28T05:03:00.171096Z"",""no_price_dollars"":""0.2800"",""taker_side"":""no"",""ticker"":""KXETH15M-26APR280115-15"",""trade_id"":""2d0c5688-0cae-6be7-777a-d1abfaf32f16"",""yes_price_dollars"":""0.7200""}"
KXETH15M-26APR280115-15,86e7f2fb-b05a-6874-97ec-d82b65b91f19,1777352581,0.73,26.0,yes,"{""count_fp"":""26.00"",""created_time"":""2026-04-28T05:03:01.098383Z"",""no_price_dollars"":""0.2700"",""taker_side"":""yes"",""ticker"":""KXETH15M-26APR280115-15"",""trade_id"":""86e7f2fb-b05a-6874-97ec-d82b65b91f19"",""yes_price_dollars"":""0.7300""}"
KXETH15M-26APR280115-15,8a98187e-de0e-67cc-8100-1edd759cc77d,1777352582,0.73,1.0,yes,"{""count_fp"":""1.00"",""created_time"":""2026-04-28T05:03:02.339123Z"",""no_price_dollars"":""0.2700"",""taker_side"":""yes"",""ticker"":""KXETH15M-26APR280115-15"",""trade_id"":""8a98187e-de0e-67cc-8100-1edd759cc77d"",""yes_price_dollars"":""0.7300""}"
KXETH15M-26APR280115-15,bccc9d10-d19a-4e68-9f41-e817627d3281,1777352582,0.73,31.0,yes,"{""count_fp"":""31.00"",""created_time"":""2026-04-28T05:03:02.201481Z"",""no_price_dollars"":""0.2700"",""taker_side"":""yes"",""ticker"":""KXETH15M-26APR280115-15"",""trade_id"":""bccc9d10-d19a-4e68-9f41-e817627d3281"",""yes_price_dollars"":""0.7300""}"
KXETH15M-26APR280115-15,d4280b21-38fe-7780-e104-cfcbd097dcfd,1777352583,0.73,67.22,yes,"{""count_fp"":""67.22"",""created_time"":""2026-04-28T05:03:03.685406Z"",""no_price_dollars"":""0.2700"",""taker_side"":""yes"",""ticker"":""KXETH15M-26APR280115-15"",""trade_id"":""d4280b21-38fe-7780-e104-cfcbd097dcfd"",""yes_price_dollars"":""0.7300""}"
KXETH15M-26APR280115-15,74926e37-9ba2-5176-4d73-b1f6d14409e2,1777352590,0.79,35.0,yes,"{""count_fp"":""35.00"",""created_time"":""2026-04-28T05:03:10.244949Z"",""no_price_dollars"":""0.2100"",""taker_side"":""yes"",""ticker"":""KXETH15M-26APR280115-15"",""trade_id"":""74926e37-9ba2-5176-4d73-b1f6d14409e2"",""yes_price_dollars"":""0.7900""}"
KXETH15M-26APR280115-15,02caa98e-58ef-6911-3b71-a4ff1dd8f937,1777352590,0.76,208.0,yes,"{""count_fp"":""208.00"",""created_time"":""2026-04-28T05:03:10.231329Z"",""no_price_dollars"":""0.2400"",""taker_side"":""yes"",""ticker"":""KXETH15M-26APR280115-15"",""trade_id"":""02caa98e-58ef-6911-3b71-a4ff1dd8f937"",""yes_price_dollars"":""0.7600""}"
KXETH15M-26APR280115-15,f9a7be79-b73b-79da-3340-a81d95e2246f,1777352590,0.76,1.0,yes,"{""count_fp"":""1.00"",""created_time"":""2026-04-28T05:03:10.212727Z"",""no_price_dollars"":""0.2400"",""taker_side"":""yes"",""ticker"":""KXETH15M-26APR280115-15"",""trade_id"":""f9a7be79-b73b-79da-3340-a81d95e2246f"",""yes_price_dollars"":""0.7600""}"
KXETH15M-26APR280115-15,f56746e8-9296-7266-06f8-98c36e46021d,1777352590,0.74,0.96,yes,"{""count_fp"":""0.96"",""created_time"":""2026-04-28T05:03:10.212727Z"",""no_price_dollars"":""0.2600"",""taker_side"":""yes"",""ticker"":""KXETH15M-26APR280115-15"",""trade_id"":""f56746e8-9296-7266-06f8-98c36e46021d"",""yes_price_dollars"":""0.7400""}"
KXETH15M-26APR280115-15,3d951ce3-b6ea-71a2-1fdf-56e725630262,1777352590,0.75,34.71,yes,"{""count_fp"":""34.71"",""created_time"":""2026-04-28T05:03:10.212727Z"",""no_price_dollars"":""0.2500"",""taker_side"":""yes"",""ticker"":""KXETH15M-26APR280115-15"",""trade_id"":""3d951ce3-b6ea-71a2-1fdf-56e725630262"",""yes_price_dollars"":""0.7500""}"
KXETH15M-26APR280115-15,d63ffe7f-337e-5aa0-a80e-3405f0270999,1777352590,0.73,295.96,yes,"{""count_fp"":""295.96"",""created_time"":""2026-04-28T05:03:10.199706Z"",""no_price_dollars"":""0.2700"",""taker_side"":""yes"",""ticker"":""KXETH15M-26APR280115-15"",""trade_id"":""d63ffe7f-337e-5aa0-a80e-3405f0270999"",""yes_price_dollars"":""0.7300""}"
KXETH15M-26APR280115-15,166f4616-d4b6-57ee-8460-610e692a6bc1,1777352590,0.74,9.04,yes,"{""count_fp"":""9.04"",""created_time"":""2026-04-28T05:03:10.199706Z"",""no_price_dollars"":""0.2600"",""taker_side"":""yes"",""ticker"":""KXETH15M-26APR280115-15"",""trade_id"":""166f4616-d4b6-57ee-8460-610e692a6bc1"",""yes_price_dollars"":""0.7400""}"
KXETH15M-26APR280115-15,de1ad1aa-cd9a-58f0-ad4d-d475fa66177d,1777352590,0.73,25.0,yes,"{""count_fp"":""25.00"",""created_time"":""2026-04-28T05:03:10.118679Z"",""no_price_dollars"":""0.2700"",""taker_side"":""yes"",""ticker"":""KXETH15M-26APR280115-15"",""trade_id"":""de1ad1aa-cd9a-58f0-ad4d-d475fa66177d"",""yes_price_dollars"":""0.7300""}"
KXETH15M-26APR280115-15,050f1a1f-7131-6483-8134-b62492c3d76f,1777352591,0.87,1.0,yes,"{""count_fp"":""1.00"",""created_time"":""2026-04-28T05:03:11.336406Z"",""no_price_dollars"":""0.1300"",""taker_side"":""yes"",""ticker"":""KXETH15M-26APR280115-15"",""trade_id"":""050f1a1f-7131-6483-8134-b62492c3d76f"",""yes_price_dollars"":""0.8700""}"
KXETH15M-26APR280115-15,a41959b9-42b8-5e9d-6eb1-ff52df92f1d1,1777352591,0.85,7.0,yes,"{""count_fp"":""7.00"",""created_time"":""2026-04-28T05:03:11.078966Z"",""no_price_dollars"":""0.1500"",""taker_side"":""yes"",""ticker"":""KXETH15M-26APR280115-15"",""trade_id"":""a41959b9-42b8-5e9d-6eb1-ff52df92f1d1"",""yes_price_dollars"":""0.8500""}"
KXETH15M-26APR280115-15,47922d11-0331-50c4-7ba2-3592bf9ecf7e,1777352591,0.83,17.0,yes,"{""count_fp"":""17.00"",""created_time"":""2026-04-28T05:03:11.078966Z"",""no_price_dollars"":""0.1700"",""taker_side"":""yes"",""ticker"":""KXETH15M-26APR280115-15"",""trade_id"":""47922d11-0331-50c4-7ba2-3592bf9ecf7e"",""yes_price_dollars"":""0.8300""}"
KXETH15M-26APR280115-15,44682544-b791-5ed5-6fbc-691118b0312d,1777352591,0.83,3.0,yes,"{""count_fp"":""3.00"",""created_time"":""2026-04-28T05:03:11.078966Z"",""no_price_dollars"":""0.1700"",""taker_side"":""yes"",""ticker"":""KXETH15M-26APR280115-15"",""trade_id"":""44682544-b791-5ed5-6fbc-691118b0312d"",""yes_price_dollars"":""0.8300""}"
KXETH15M-26APR280115-15,20ded928-b8c1-5f63-7963-1437c872a70b,1777352591,0.87,12.0,yes,"{""count_fp"":""12.00"",""created_time"":""2026-04-28T05:03:11.078966Z"",""no_price_dollars"":""0.1300"",""taker_side"":""yes"",""ticker"":""KXETH15M-26APR280115-15"",""trade_id"":""20ded928-b8c1-5f63-7963-1437c872a70b"",""yes_price_dollars"":""0.8700""}"
KXETH15M-26APR280115-15,129e3574-a093-5a4c-6edf-42dd243fd897,1777352591,0.84,1.0,yes,"{""count_fp"":""1.00"",""created_time"":""2026-04-28T05:03:11.078966Z"",""no_price_dollars"":""0.1600"",""taker_side"":""yes"",""ticker"":""KXETH15M-26APR280115-15"",""trade_id"":""129e3574-a093-5a4c-6edf-42dd243fd897"",""yes_price_dollars"":""0.8400""}"
KXETH15M-26APR280115-15,c335ffdf-e077-7668-4d2b-c42913b2ff42,1777352592,0.84,10.0,no,"{""count_fp"":""10.00"",""created_time"":""2026-04-28T05:03:12.201877Z"",""no_price_dollars"":""0.1600"",""taker_side"":""no"",""ticker"":""KXETH15M-26APR280115-15"",""trade_id"":""c335ffdf-e077-7668-4d2b-c42913b2ff42"",""yes_price_dollars"":""0.8400""}"
KXETH15M-26APR280115-15,32fe2756-a7da-7500-4ed5-45ba68ac3301,1777352592,0.83,2.14,no,"{""count_fp"":""2.14"",""created_time"":""2026-04-28T05:03:12.201877Z"",""no_price_dollars"":""0.1700"",""taker_side"":""no"",""ticker"":""KXETH15M-26APR280115-15"",""trade_id"":""32fe2756-a7da-7500-4ed5-45ba68ac3301"",""yes_price_dollars"":""0.8300""}"
KXETH15M-26APR280115-15,2f803211-bfb5-7c40-40e2-1cf802a85551,1777352592,0.85,1.0,no,"{""count_fp"":""1.00"",""created_time"":""2026-04-28T05:03:12.201877Z"",""no_price_dollars"":""0.1500"",""taker_side"":""no"",""ticker"":""KXETH15M-26APR280115-15"",""trade_id"":""2f803211-bfb5-7c40-40e2-1cf802a85551"",""yes_price_dollars"":""0.8500""}"
KXETH15M-26APR280115-15,a78aa450-fe9d-679b-99b3-7150995a9ca7,1777352592,0.87,20.0,yes,"{""count_fp"":""20.00"",""created_time"":""2026-04-28T05:03:12.098757Z"",""no_price_dollars"":""0.1300"",""taker_side"":""yes"",""ticker"":""KXETH15M-26APR280115-15"",""trade_id"":""a78aa450-fe9d-679b-99b3-7150995a9ca7"",""yes_price_dollars"":""0.8700""}"
KXETH15M-26APR280115-15,6f94be68-db45-6a90-b383-39dd72f3be63,1777352592,0.86,10.0,yes,"{""count_fp"":""10.00"",""created_time"":""2026-04-28T05:03:12.098757Z"",""no_price_dollars"":""0.1400"",""taker_side"":""yes"",""ticker"":""KXETH15M-26APR280115-15"",""trade_id"":""6f94be68-db45-6a90-b383-39dd72f3be63"",""yes_price_dollars"":""0.8600""}"
KXETH15M-26APR280115-15,45b0b918-82ea-57a8-98ba-37070a6c60bd,1777352593,0.83,54.7,no,"{""count_fp"":""54.70"",""created_time"":""2026-04-28T05:03:13.655081Z"",""no_price_dollars"":""0.1700"",""taker_side"":""no"",""ticker"":""KXETH15M-26APR280115-15"",""trade_id"":""45b0b918-82ea-57a8-98ba-37070a6c60bd"",""yes_price_dollars"":""0.8300""}"
KXETH15M-26APR280115-15,199f0b49-7f2e-5968-aeca-bc60f43b97c2,1777352593,0.84,1.0,no,"{""count_fp"":""1.00"",""created_time"":""2026-04-28T05:03:13.655081Z"",""no_price_dollars"":""0.1600"",""taker_side"":""no"",""ticker"":""KXETH15M-26APR280115-15"",""trade_id"":""199f0b49-7f2e-5968-aeca-bc60f43b97c2"",""yes_price_dollars"":""0.8400""}"
KXETH15M-26APR280115-15,f74fc679-4c86-73c9-7e80-f28d98342c95,1777352599,0.84,1.0,no,"{""count_fp"":""1.00"",""created_time"":""2026-04-28T05:03:19.559921Z"",""no_price_dollars"":""0.1600"",""taker_side"":""no"",""ticker"":""KXETH15M-26APR280115-15"",""trade_id"":""f74fc679-4c86-73c9-7e80-f28d98342c95"",""yes_price_dollars"":""0.8400""}"
KXETH15M-26APR280115-15,bd08c12a-9fc2-7eb3-55d0-7760dec317b2,1777352599,0.83,9.61,no,"{""count_fp"":""9.61"",""created_time"":""2026-04-28T05:03:19.559921Z"",""no_price_dollars"":""0.1700"",""taker_side"":""no"",""ticker"":""KXETH15M-26APR280115-15"",""trade_id"":""bd08c12a-9fc2-7eb3-55d0-7760dec317b2"",""yes_price_dollars"":""0.8300""}"
KXETH15M-26APR280115-15,98d581e6-3a24-4e90-e524-a696687b88cd,1777352607,0.86,5.0,yes,"{""count_fp"":""5.00"",""created_time"":""2026-04-28T05:03:27.083698Z"",""no_price_dollars"":""0.1400"",""taker_side"":""yes"",""ticker"":""KXETH15M-26APR280115-15"",""trade_id"":""98d581e6-3a24-4e90-e524-a696687b88cd"",""yes_price_dollars"":""0.8600""}"
KXETH15M-26APR280115-15,f2e80c2b-a8c7-49de-5525-a5fb1ca555cb,1777352610,0.86,1.0,yes,"{""count_fp"":""1.00"",""created_time"":""2026-04-28T05:03:30.871697Z"",""no_price_dollars"":""0.1400"",""taker_side"":""yes"",""ticker"":""KXETH15M-26APR280115-15"",""trade_id"":""f2e80c2b-a8c7-49de-5525-a5fb1ca555cb"",""yes_price_dollars"":""0.8600""}"
KXETH15M-26APR280115-15,75da6c0c-cba3-6add-4009-96187ad8fd40,1777352618,0.8,10.0,no,"{""count_fp"":""10.00"",""created_time"":""2026-04-28T05:03:38.537414Z"",""no_price_dollars"":""0.2000"",""taker_side"":""no"",""ticker"":""KXETH15M-26APR280115-15"",""trade_id"":""75da6c0c-cba3-6add-4009-96187ad8fd40"",""yes_price_dollars"":""0.8000""}"
KXETH15M-26APR280115-15,bd9ba82b-0e32-58fc-12ad-703242fc6bdf,1777352618,0.82,4.3,no,"{""count_fp"":""4.30"",""created_time"":""2026-04-28T05:03:38.165025Z"",""no_price_dollars"":""0.1800"",""taker_side"":""no"",""ticker"":""KXETH15M-26APR280115-15"",""trade_id"":""bd9ba82b-0e32-58fc-12ad-703242fc6bdf"",""yes_price_dollars"":""0.8200""}"
KXETH15M-26APR280115-15,4dc5227a-a290-5494-3d47-ff3b6b2d7d35,1777352618,0.83,1.0,no,"{""count_fp"":""1.00"",""created_time"":""2026-04-28T05:03:38.165025Z"",""no_price_dollars"":""0.1700"",""taker_side"":""no"",""ticker"":""KXETH15M-26APR280115-15"",""trade_id"":""4dc5227a-a290-5494-3d47-ff3b6b2d7d35"",""yes_price_dollars"":""0.8300""}"
KXETH15M-26APR280115-15,defc6827-1118-7477-1d32-18a133cd82f3,1777352621,0.8,10.0,yes,"{""count_fp"":""10.00"",""created_time"":""2026-04-28T05:03:41.297485Z"",""no_price_dollars"":""0.2000"",""taker_side"":""yes"",""ticker"":""KXETH15M-26APR280115-15"",""trade_id"":""defc6827-1118-7477-1d32-18a133cd82f3"",""yes_price_dollars"":""0.8000""}"
KXETH15M-26APR280115-15,b73c8601-aa3d-7459-1eff-cabb63049082,1777352621,0.8,10.0,yes,"{""count_fp"":""10.00"",""created_time"":""2026-04-28T05:03:41.297485Z"",""no_price_dollars"":""0.2000"",""taker_side"":""yes"",""ticker"":""KXETH15M-26APR280115-15"",""trade_id"":""b73c8601-aa3d-7459-1eff-cabb63049082"",""yes_price_dollars"":""0.8000""}"
KXETH15M-26APR280115-15,e489ba61-4219-562a-3480-09dbdf761c69,1777352622,0.8,3.7,yes,"{""count_fp"":""3.70"",""created_time"":""2026-04-28T05:03:42.092669Z"",""no_price_dollars"":""0.2000"",""taker_side"":""yes"",""ticker"":""KXETH15M-26APR280115-15"",""trade_id"":""e489ba61-4219-562a-3480-09dbdf761c69"",""yes_price_dollars"":""0.8000""}"
KXETH15M-26APR280115-15,2a487851-5dc1-55c6-1c06-57b7fd659702,1777352622,0.8,1.0,yes,"{""count_fp"":""1.00"",""created_time"":""2026-04-28T05:03:42.092669Z"",""no_price_dollars"":""0.2000"",""taker_side"":""yes"",""ticker"":""KXETH15M-26APR280115-15"",""trade_id"":""2a487851-5dc1-55c6-1c06-57b7fd659702"",""yes_price_dollars"":""0.8000""}"
KXETH15M-26APR280115-15,ed09aa2c-6866-6cf3-6b6c-06819f470684,1777352623,0.8,10.0,yes,"{""count_fp"":""10.00"",""created_time"":""2026-04-28T05:03:43.245935Z"",""no_price_dollars"":""0.2000"",""taker_side"":""yes"",""ticker"":""KXETH15M-26APR280115-15"",""trade_id"":""ed09aa2c-6866-6cf3-6b6c-06819f470684"",""yes_price_dollars"":""0.8000""}"
KXETH15M-26APR280115-15,6586a67d-66fd-6eb1-4707-8d56d65d1f93,1777352623,0.81,18.1,yes,"{""count_fp"":""18.10"",""created_time"":""2026-04-28T05:03:43.245935Z"",""no_price_dollars"":""0.1900"",""taker_side"":""yes"",""ticker"":""KXETH15M-26APR280115-15"",""trade_id"":""6586a67d-66fd-6eb1-4707-8d56d65d1f93"",""yes_price_dollars"":""0.8100""}"
KXETH15M-26APR280115-15,100689d5-de1d-67c4-4750-e251d820740e,1777352623,0.8,1.0,yes,"{""count_fp"":""1.00"",""created_time"":""2026-04-28T05:03:43.245935Z"",""no_price_dollars"":""0.2000"",""taker_side"":""yes"",""ticker"":""KXETH15M-26APR280115-15"",""trade_id"":""100689d5-de1d-67c4-4750-e251d820740e"",""yes_price_dollars"":""0.8000""}"
KXETH15M-26APR280115-15,71f6cbcc-69c8-4f0f-4810-adef0307e271,1777352629,0.8,1.0,yes,"{""count_fp"":""1.00"",""created_time"":""2026-04-28T05:03:49.150601Z"",""no_price_dollars"":""0.2000"",""taker_side"":""yes"",""ticker"":""KXETH15M-26APR280115-15"",""trade_id"":""71f6cbcc-69c8-4f0f-4810-adef0307e271"",""yes_price_dollars"":""0.8000""}"
KXETH15M-26APR280115-15,2aa500ee-41d7-6d5e-222d-8ca728dc3892,1777352631,0.77,9.13,no,"{""count_fp"":""9.13"",""created_time"":""2026-04-28T05:03:51.151946Z"",""no_price_dollars"":""0.2300"",""taker_side"":""no"",""ticker"":""KXETH15M-26APR280115-15"",""trade_id"":""2aa500ee-41d7-6d5e-222d-8ca728dc3892"",""yes_price_dollars"":""0.7700""}"
KXETH15M-26APR280115-15,08a5bce9-2224-6859-2a49-5a35cce84346,1777352631,0.77,1.0,no,"{""count_fp"":""1.00"",""created_time"":""2026-04-28T05:03:51.151946Z"",""no_price_dollars"":""0.2300"",""taker_side"":""no"",""ticker"":""KXETH15M-26APR280115-15"",""trade_id"":""08a5bce9-2224-6859-2a49-5a35cce84346"",""yes_price_dollars"":""0.7700""}"
KXETH15M-26APR280115-15,219a0765-3e74-4d8c-2d26-93d062ab5aad,1777352640,0.78,10.0,yes,"{""count_fp"":""10.00"",""created_time"":""2026-04-28T05:04:00.959195Z"",""no_price_dollars"":""0.2200"",""taker_side"":""yes"",""ticker"":""KXETH15M-26APR280115-15"",""trade_id"":""219a0765-3e74-4d8c-2d26-93d062ab5aad"",""yes_price_dollars"":""0.7800""}"
KXETH15M-26APR280115-15,bb42fc6c-9fc5-526e-675f-eb837c68568a,1777352641,0.79,10.0,yes,"{""count_fp"":""10.00"",""created_time"":""2026-04-28T05:04:01.328564Z"",""no_price_dollars"":""0.2100"",""taker_side"":""yes"",""ticker"":""KXETH15M-26APR280115-15"",""trade_id"":""bb42fc6c-9fc5-526e-675f-eb837c68568a"",""yes_price_dollars"":""0.7900""}"
KXETH15M-26APR280115-15,9b523ff6-c1cb-5197-77da-f70a4492e444,1777352641,0.79,5.0,yes,"{""count_fp"":""5.00"",""created_time"":""2026-04-28T05:04:01.328564Z"",""no_price_dollars"":""0.2100"",""taker_side"":""yes"",""ticker"":""KXETH15M-26APR280115-15"",""trade_id"":""9b523ff6-c1cb-5197-77da-f70a4492e444"",""yes_price_dollars"":""0.7900""}"
KXETH15M-26APR280115-15,58c4ef4c-e215-53e5-4632-8d49f17ac63b,1777352641,0.79,58.0,yes,"{""count_fp"":""58.00"",""created_time"":""2026-04-28T05:04:01.328564Z"",""no_price_dollars"":""0.2100"",""taker_side"":""yes"",""ticker"":""KXETH15M-26APR280115-15"",""trade_id"":""58c4ef4c-e215-53e5-4632-8d49f17ac63b"",""yes_price_dollars"":""0.7900""}"
KXETH15M-26APR280115-15,127c373e-0ac2-54b8-5437-b863bd90f4a9,1777352641,0.79,1.0,yes,"{""count_fp"":""1.00"",""created_time"":""2026-04-28T05:04:01.328564Z"",""no_price_dollars"":""0.2100"",""taker_side"":""yes"",""ticker"":""KXETH15M-26APR280115-15"",""trade_id"":""127c373e-0ac2-54b8-5437-b863bd90f4a9"",""yes_price_dollars"":""0.7900""}"
KXETH15M-26APR280115-15,58264422-66d8-6e93-51eb-b8f215fda997,1777352641,0.75,1.0,no,"{""count_fp"":""1.00"",""created_time"":""2026-04-28T05:04:01.009312Z"",""no_price_dollars"":""0.2500"",""taker_side"":""no"",""ticker"":""KXETH15M-26APR280115-15"",""trade_id"":""58264422-66d8-6e93-51eb-b8f215fda997"",""yes_price_dollars"":""0.7500""}"
KXETH15M-26APR280115-15,c51ab2b5-24da-72cc-cf65-1f6b03d2a735,1777352645,0.77,1.0,no,"{""count_fp"":""1.00"",""created_time"":""2026-04-28T05:04:05.996013Z"",""no_price_dollars"":""0.2300"",""taker_side"":""no"",""ticker"":""KXETH15M-26APR280115-15"",""trade_id"":""c51ab2b5-24da-72cc-cf65-1f6b03d2a735"",""yes_price_dollars"":""0.7700""}"
KXETH15M-26APR280115-15,ae5155a6-a026-7808-faac-831f7acc4393,1777352645,0.77,30.26,no,"{""count_fp"":""30.26"",""created_time"":""2026-04-28T05:04:05.996013Z"",""no_price_dollars"":""0.2300"",""taker_side"":""no"",""ticker"":""KXETH15M-26APR280115-15"",""trade_id"":""ae5155a6-a026-7808-faac-831f7acc4393"",""yes_price_dollars"":""0.7700""}"
KXETH15M-26APR280115-15,4e59c9a1-1775-72c7-ce98-5eda975b285c,1777352645,0.77,10.0,no,"{""count_fp"":""10.00"",""created_time"":""2026-04-28T05:04:05.996013Z"",""no_price_dollars"":""0.2300"",""taker_side"":""no"",""ticker"":""KXETH15M-26APR280115-15"",""trade_id"":""4e59c9a1-1775-72c7-ce98-5eda975b285c"",""yes_price_dollars"":""0.7700""}"
KXETH15M-26APR280115-15,eb95abdd-35a9-4ae1-2e1a-59ba08c5dce3,1777352645,0.81,1.0,yes,"{""count_fp"":""1.00"",""created_time"":""2026-04-28T05:04:05.062385Z"",""no_price_dollars"":""0.1900"",""taker_side"":""yes"",""ticker"":""KXETH15M-26APR280115-15"",""trade_id"":""eb95abdd-35a9-4ae1-2e1a-59ba08c5dce3"",""yes_price_dollars"":""0.8100""}"
KXETH15M-26APR280115-15,594722f0-9784-4ee8-0343-4bf99a8cfacb,1777352645,0.81,1.0,yes,"{""count_fp"":""1.00"",""created_time"":""2026-04-28T05:04:05.062385Z"",""no_price_dollars"":""0.1900"",""taker_side"":""yes"",""ticker"":""KXETH15M-26APR280115-15"",""trade_id"":""594722f0-9784-4ee8-0343-4bf99a8cfacb"",""yes_price_dollars"":""0.8100""}"
KXETH15M-26APR280115-15,a04bd0c3-7675-630d-cb0e-683b45b3229b,1777352646,0.81,2.0,yes,"{""count_fp"":""2.00"",""created_time"":""2026-04-28T05:04:06.708371Z"",""no_price_dollars"":""0.1900"",""taker_side"":""yes"",""ticker"":""KXETH15M-26APR280115-15"",""trade_id"":""a04bd0c3-7675-630d-cb0e-683b45b3229b"",""yes_price_dollars"":""0.8100""}"
KXETH15M-26APR280115-15,5f9875a4-a2fb-7698-e519-85f54830d3dc,1777352651,0.79,8.25,no,"{""count_fp"":""8.25"",""created_time"":""2026-04-28T05:04:11.063986Z"",""no_price_dollars"":""0.2100"",""taker_side"":""no"",""ticker"":""KXETH15M-26APR280115-15"",""trade_id"":""5f9875a4-a2fb-7698-e519-85f54830d3dc"",""yes_price_dollars"":""0.7900""}"
KXETH15M-26APR280115-15,eb1b4565-95a3-6e2c-ffa8-14a4be85343c,1777352654,0.79,3.75,no,"{""count_fp"":""3.75"",""created_time"":""2026-04-28T05:04:14.284017Z"",""no_price_dollars"":""0.2100"",""taker_side"":""no"",""ticker"":""KXETH15M-26APR280115-15"",""trade_id"":""eb1b4565-95a3-6e2c-ffa8-14a4be85343c"",""yes_price_dollars"":""0.7900""}"
KXETH15M-26APR280115-15,90286b35-9c9e-62c8-e2d0-b6d4b770ed7b,1777352654,0.78,1.25,no,"{""count_fp"":""1.25"",""created_time"":""2026-04-28T05:04:14.284017Z"",""no_price_dollars"":""0.2200"",""taker_side"":""no"",""ticker"":""KXETH15M-26APR280115-15"",""trade_id"":""90286b35-9c9e-62c8-e2d0-b6d4b770ed7b"",""yes_price_dollars"":""0.7800""}"
KXETH15M-26APR280115-15,879d3d7d-5668-78ba-c667-993cf5fe8c09,1777352658,0.79,0.45,no,"{""count_fp"":""0.45"",""created_time"":""2026-04-28T05:04:18.940857Z"",""no_price_dollars"":""0.2100"",""taker_side"":""no"",""ticker"":""KXETH15M-26APR280115-15"",""trade_id"":""879d3d7d-5668-78ba-c667-993cf5fe8c09"",""yes_price_dollars"":""0.7900""}"
KXETH15M-26APR280115-15,5adfa6e8-ac22-48ac-6dc8-7ce2e2b93b67,1777352660,0.8,2.25,no,"{""count_fp"":""2.25"",""created_time"":""2026-04-28T05:04:20.861876Z"",""no_price_dollars"":""0.2000"",""taker_side"":""no"",""ticker"":""KXETH15M-26APR280115-15"",""trade_id"":""5adfa6e8-ac22-48ac-6dc8-7ce2e2b93b67"",""yes_price_dollars"":""0.8000""}"
KXETH15M-26APR280115-15,5adff682-e6af-6225-e64f-62e0b12cadab,1777352660,0.81,42.64,yes,"{""count_fp"":""42.64"",""created_time"":""2026-04-28T05:04:20.291814Z"",""no_price_dollars"":""0.1900"",""taker_side"":""yes"",""ticker"":""KXETH15M-26APR280115-15"",""trade_id"":""5adff682-e6af-6225-e64f-62e0b12cadab"",""yes_price_dollars"":""0.8100""}"
KXETH15M-26APR280115-15,b170b1d0-a37a-5a00-9949-3a0f7e24ef13,1777352660,0.8,8.02,no,"{""count_fp"":""8.02"",""created_time"":""2026-04-28T05:04:20.198808Z"",""no_price_dollars"":""0.2000"",""taker_side"":""no"",""ticker"":""KXETH15M-26APR280115-15"",""trade_id"":""b170b1d0-a37a-5a00-9949-3a0f7e24ef13"",""yes_price_dollars"":""0.8000""}"
KXETH15M-26APR280115-15,4d24bd37-974e-5970-9bd4-9d652c202b99,1777352660,0.8,1.0,no,"{""count_fp"":""1.00"",""created_time"":""2026-04-28T05:04:20.198808Z"",""no_price_dollars"":""0.2000"",""taker_side"":""no"",""ticker"":""KXETH15M-26APR280115-15"",""trade_id"":""4d24bd37-974e-5970-9bd4-9d652c202b99"",""yes_price_dollars"":""0.8000""}"
KXETH15M-26APR280115-15,26357f2f-9179-54b5-333a-490dee0191ab,1777352660,0.8,10.0,no,"{""count_fp"":""10.00"",""created_time"":""2026-04-28T05:04:20.083309Z"",""no_price_dollars"":""0.2000"",""taker_side"":""no"",""ticker"":""KXETH15M-26APR280115-15"",""trade_id"":""26357f2f-9179-54b5-333a-490dee0191ab"",""yes_price_dollars"":""0.8000""}"
KXETH15M-26APR280115-15,0474e4ec-b077-41dd-cfa2-d8bea622dd3f,1777352661,0.81,51.0,yes,"{""count_fp"":""51.00"",""created_time"":""2026-04-28T05:04:21.105955Z"",""no_price_dollars"":""0.1900"",""taker_side"":""yes"",""ticker"":""KXETH15M-26APR280115-15"",""trade_id"":""0474e4ec-b077-41dd-cfa2-d8bea622dd3f"",""yes_price_dollars"":""0.8100""}"
KXETH15M-26APR280115-15,e4d7fd77-4a33-55b1-ce69-9e01ec82b4e7,1777352662,0.81,0.59,yes,"{""count_fp"":""0.59"",""created_time"":""2026-04-28T05:04:22.941739Z"",""no_price_dollars"":""0.1900"",""taker_side"":""yes"",""ticker"":""KXETH15M-26APR280115-15"",""trade_id"":""e4d7fd77-4a33-55b1-ce69-9e01ec82b4e7"",""yes_price_dollars"":""0.8100""}"
KXETH15M-26APR280115-15,80e0a514-583f-54f5-4dab-123705bed237,1777352663,0.81,20.0,yes,"{""count_fp"":""20.00"",""created_time"":""2026-04-28T05:04:23.246849Z"",""no_price_dollars"":""0.1900"",""taker_side"":""yes"",""ticker"":""KXETH15M-26APR280115-15"",""trade_id"":""80e0a514-583f-54f5-4dab-123705bed237"",""yes_price_dollars"":""0.8100""}"
KXETH15M-26APR280115-15,0495757a-9057-5ea9-f3de-a2f4a10e45f3,1777352663,0.81,41.0,yes,"{""count_fp"":""41.00"",""created_time"":""2026-04-28T05:04:23.101635Z"",""no_price_dollars"":""0.1900"",""taker_side"":""yes"",""ticker"":""KXETH15M-26APR280115-15"",""trade_id"":""0495757a-9057-5ea9-f3de-a2f4a10e45f3"",""yes_price_dollars"":""0.8100""}"
KXETH15M-26APR280115-15,d2abdab5-2255-7e2b-fd32-bd2cf1fd45d1,1777352664,0.8,1.0,no,"{""count_fp"":""1.00"",""created_time"":""2026-04-28T05:04:24.798425Z"",""no_price_dollars"":""0.2000"",""taker_side"":""no"",""ticker"":""KXETH15M-26APR280115-15"",""trade_id"":""d2abdab5-2255-7e2b-fd32-bd2cf1fd45d1"",""yes_price_dollars"":""0.8000""}"
KXETH15M-26APR280115-15,b1b38f6b-08ce-7b07-c36e-1aa1505dd053,1777352664,0.8,10.0,no,"{""count_fp"":""10.00"",""created_time"":""2026-04-28T05:04:24.798425Z"",""no_price_dollars"":""0.2000"",""taker_side"":""no"",""ticker"":""KXETH15M-26APR280115-15"",""trade_id"":""b1b38f6b-08ce-7b07-c36e-1aa1505dd053"",""yes_price_dollars"":""0.8000""}"
KXETH15M-26APR280115-15,ad8566ae-9f47-7d56-dbeb-95dba288cb46,1777352664,0.8,3.2,no,"{""count_fp"":""3.20"",""created_time"":""2026-04-28T05:04:24.798425Z"",""no_price_dollars"":""0.2000"",""taker_side"":""no"",""ticker"":""KXETH15M-26APR280115-15"",""trade_id"":""ad8566ae-9f47-7d56-dbeb-95dba288cb46"",""yes_price_dollars"":""0.8000""}"
KXETH15M-26APR280115-15,b06a5b11-f443-4955-5a1f-4dbde3f0570e,1777352664,0.82,43.23,yes,"{""count_fp"":""43.23"",""created_time"":""2026-04-28T05:04:24.102844Z"",""no_price_dollars"":""0.1800"",""taker_side"":""yes"",""ticker"":""KXETH15M-26APR280115-15"",""trade_id"":""b06a5b11-f443-4955-5a1f-4dbde3f0570e"",""yes_price_dollars"":""0.8200""}"
KXETH15M-26APR280115-15,a2766e9f-05a3-4a61-5126-ce661d64ad7b,1777352664,0.81,0.77,yes,"{""count_fp"":""0.77"",""created_time"":""2026-04-28T05:04:24.102844Z"",""no_price_dollars"":""0.1900"",""taker_side"":""yes"",""ticker"":""KXETH15M-26APR280115-15"",""trade_id"":""a2766e9f-05a3-4a61-5126-ce661d64ad7b"",""yes_price_dollars"":""0.8100""}"
KXETH15M-26APR280115-15,d4cf2d18-8b26-4e38-a0df-9aac8d26462f,1777352665,0.82,5.0,no,"{""count_fp"":""5.00"",""created_time"":""2026-04-28T05:04:25.240501Z"",""no_price_dollars"":""0.1800"",""taker_side"":""no"",""ticker"":""KXETH15M-26APR280115-15"",""trade_id"":""d4cf2d18-8b26-4e38-a0df-9aac8d26462f"",""yes_price_dollars"":""0.8200""}"
KXETH15M-26APR280115-15,718c96af-ba75-7793-48c5-82b6169b94b9,1777352669,0.83,1.0,no,"{""count_fp"":""1.00"",""created_time"":""2026-04-28T05:04:29.427881Z"",""no_price_dollars"":""0.1700"",""taker_side"":""no"",""ticker"":""KXETH15M-26APR280115-15"",""trade_id"":""718c96af-ba75-7793-48c5-82b6169b94b9"",""yes_price_dollars"":""0.8300""}"
KXETH15M-26APR280115-15,33f901d2-29ee-78a0-7e19-2c77c445b007,1777352669,0.83,4.55,no,"{""count_fp"":""4.55"",""created_time"":""2026-04-28T05:04:29.427881Z"",""no_price_dollars"":""0.1700"",""taker_side"":""no"",""ticker"":""KXETH15M-26APR280115-15"",""trade_id"":""33f901d2-29ee-78a0-7e19-2c77c445b007"",""yes_price_dollars"":""0.8300""}"
KXETH15M-26APR280115-15,ff3c7dcf-5100-49d9-8ce5-f883eb1f2123,1777352672,0.87,250.0,yes,"{""count_fp"":""250.00"",""created_time"":""2026-04-28T05:04:32.640536Z"",""no_price_dollars"":""0.1300"",""taker_side"":""yes"",""ticker"":""KXETH15M-26APR280115-15"",""trade_id"":""ff3c7dcf-5100-49d9-8ce5-f883eb1f2123"",""yes_price_dollars"":""0.8700""}"
KXETH15M-26APR280115-15,a22171a8-d983-4bb1-a858-56f6fa568171,1777352672,0.87,7.0,yes,"{""count_fp"":""7.00"",""created_time"":""2026-04-28T05:04:32.640536Z"",""no_price_dollars"":""0.1300"",""taker_side"":""yes"",""ticker"":""KXETH15M-26APR280115-15"",""trade_id"":""a22171a8-d983-4bb1-a858-56f6fa568171"",""yes_price_dollars"":""0.8700""}"
KXETH15M-26APR280115-15,7924656b-38a9-458a-8f53-d32ee462ef96,1777352672,0.87,1.0,yes,"{""count_fp"":""1.00"",""created_time"":""2026-04-28T05:04:32.640536Z"",""no_price_dollars"":""0.1300"",""taker_side"":""yes"",""ticker"":""KXETH15M-26APR280115-15"",""trade_id"":""7924656b-38a9-458a-8f53-d32ee462ef96"",""yes_price_dollars"":""0.8700""}"
KXETH15M-26APR280115-15,3b4b3fe0-d28f-4010-9666-9a53de335753,1777352672,0.87,59.0,yes,"{""count_fp"":""59.00"",""created_time"":""2026-04-28T05:04:32.640536Z"",""no_price_dollars"":""0.1300"",""taker_side"":""yes"",""ticker"":""KXETH15M-26APR280115-15"",""trade_id"":""3b4b3fe0-d28f-4010-9666-9a53de335753"",""yes_price_dollars"":""0.8700""}"
KXETH15M-26APR280115-15,b2c4bdd1-e273-636a-beaf-bb24736582f9,1777352672,0.86,10.0,yes,"{""count_fp"":""10.00"",""created_time"":""2026-04-28T05:04:32.639604Z"",""no_price_dollars"":""0.1400"",""taker_side"":""yes"",""ticker"":""KXETH15M-26APR280115-15"",""trade_id"":""b2c4bdd1-e273-636a-beaf-bb24736582f9"",""yes_price_dollars"":""0.8600""}"
KXETH15M-26APR280115-15,b2427cb7-9798-6464-9dee-a0a04e177438,1777352672,0.86,1.0,yes,"{""count_fp"":""1.00"",""created_time"":""2026-04-28T05:04:32.639604Z"",""no_price_dollars"":""0.1400"",""taker_side"":""yes"",""ticker"":""KXETH15M-26APR280115-15"",""trade_id"":""b2427cb7-9798-6464-9dee-a0a04e177438"",""yes_price_dollars"":""0.8600""}"
KXETH15M-26APR280115-15,8166fddf-83be-63ea-9c0e-a477d4d28abb,1777352672,0.86,10.04,yes,"{""count_fp"":""10.04"",""created_time"":""2026-04-28T05:04:32.639604Z"",""no_price_dollars"":""0.1400"",""taker_side"":""yes"",""ticker"":""KXETH15M-26APR280115-15"",""trade_id"":""8166fddf-83be-63ea-9c0e-a477d4d28abb"",""yes_price_dollars"":""0.8600""}"
KXETH15M-26APR280115-15,7f53818b-47b8-43b5-61eb-adfa53f64f40,1777352673,0.89,1.0,yes,"{""count_fp"":""1.00"",""created_time"":""2026-04-28T05:04:33.393904Z"",""no_price_dollars"":""0.1100"",""taker_side"":""yes"",""ticker"":""KXETH15M-26APR280115-15"",""trade_id"":""7f53818b-47b8-43b5-61eb-adfa53f64f40"",""yes_price_dollars"":""0.8900""}"
KXETH15M-26APR280115-15,b8a8c9d7-77bb-4754-e4f8-002c593eb2b6,1777352676,0.87,10.66,no,"{""count_fp"":""10.66"",""created_time"":""2026-04-28T05:04:36.042365Z"",""no_price_dollars"":""0.1300"",""taker_side"":""no"",""ticker"":""KXETH15M-26APR280115-15"",""trade_id"":""b8a8c9d7-77bb-4754-e4f8-002c593eb2b6"",""yes_price_dollars"":""0.8700""}"
KXETH15M-26APR280115-15,67658670-beab-4503-c8dc-cadd38764084,1777352676,0.88,10.0,no,"{""count_fp"":""10.00"",""created_time"":""2026-04-28T05:04:36.042365Z"",""no_price_dollars"":""0.1200"",""taker_side"":""no"",""ticker"":""KXETH15M-26APR280115-15"",""trade_id"":""67658670-beab-4503-c8dc-cadd38764084"",""yes_price_dollars"":""0.8800""}"
KXETH15M-26APR280115-15,457965cc-fd8d-4801-c491-d8018e3b748a,1777352676,0.88,1.0,no,"{""count_fp"":""1.00"",""created_time"":""2026-04-28T05:04:36.042365Z"",""no_price_dollars"":""0.1200"",""taker_side"":""no"",""ticker"":""KXETH15M-26APR280115-15"",""trade_id"":""457965cc-fd8d-4801-c491-d8018e3b748a"",""yes_price_dollars"":""0.8800""}"
KXETH15M-26APR280115-15,206314c3-3523-5b44-f698-f8f42f406dce,1777352677,0.87,35.3,no,"{""count_fp"":""35.30"",""created_time"":""2026-04-28T05:04:37.982013Z"",""no_price_dollars"":""0.1300"",""taker_side"":""no"",""ticker"":""KXETH15M-26APR280115-15"",""trade_id"":""206314c3-3523-5b44-f698-f8f42f406dce"",""yes_price_dollars"":""0.8700""}"
KXETH15M-26APR280115-15,00bf024b-f94c-5260-d8b0-4a72dcf4d67b,1777352677,0.88,1.0,no,"{""count_fp"":""1.00"",""created_time"":""2026-04-28T05:04:37.982013Z"",""no_price_dollars"":""0.1200"",""taker_side"":""no"",""ticker"":""KXETH15M-26APR280115-15"",""trade_id"":""00bf024b-f94c-5260-d8b0-4a72dcf4d67b"",""yes_price_dollars"":""0.8800""}"
KXETH15M-26APR280115-15,347289da-a979-65c9-e326-b6188f90513a,1777352679,0.89,1.11,yes,"{""count_fp"":""1.11"",""created_time"":""2026-04-28T05:04:39.489289Z"",""no_price_dollars"":""0.1100"",""taker_side"":""yes"",""ticker"":""KXETH15M-26APR280115-15"",""trade_id"":""347289da-a979-65c9-e326-b6188f90513a"",""yes_price_dollars"":""0.8900""}"
KXETH15M-26APR280115-15,e8ec0577-9c12-7231-6576-6ecb525b21ed,1777352690,0.88,7.3,no,"{""count_fp"":""7.30"",""created_time"":""2026-04-28T05:04:50.063164Z"",""no_price_dollars"":""0.1200"",""taker_side"":""no"",""ticker"":""KXETH15M-26APR280115-15"",""trade_id"":""e8ec0577-9c12-7231-6576-6ecb525b21ed"",""yes_price_dollars"":""0.8800""}"
KXETH15M-26APR280115-15,f79ba27d-6148-4ed5-fff0-8b8966eaf327,1777352695,0.89,1.0,no,"{""count_fp"":""1.00"",""created_time"":""2026-04-28T05:04:55.281916Z"",""no_price_dollars"":""0.1100"",""taker_side"":""no"",""ticker"":""KXETH15M-26APR280115-15"",""trade_id"":""f79ba27d-6148-4ed5-fff0-8b8966eaf327"",""yes_price_dollars"":""0.8900""}"
KXETH15M-26APR280115-15,c7054dc0-1609-4005-d63e-9ff7e906d2c3,1777352695,0.89,0.76,no,"{""count_fp"":""0.76"",""created_time"":""2026-04-28T05:04:55.281916Z"",""no_price_dollars"":""0.1100"",""taker_side"":""no"",""ticker"":""KXETH15M-26APR280115-15"",""trade_id"":""c7054dc0-1609-4005-d63e-9ff7e906d2c3"",""yes_price_dollars"":""0.8900""}"
KXETH15M-26APR280115-15,bb294853-e724-43c7-e135-f3930016256c,1777352695,0.89,12.62,no,"{""count_fp"":""12.62"",""created_time"":""2026-04-28T05:04:55.281916Z"",""no_price_dollars"":""0.1100"",""taker_side"":""no"",""ticker"":""KXETH15M-26APR280115-15"",""trade_id"":""bb294853-e724-43c7-e135-f3930016256c"",""yes_price_dollars"":""0.8900""}"
KXETH15M-26APR280115-15,aff27506-ff21-59ec-ede7-d3fe29fb821a,1777352698,0.9,1.0,yes,"{""count_fp"":""1.00"",""created_time"":""2026-04-28T05:04:58.148647Z"",""no_price_dollars"":""0.1000"",""taker_side"":""yes"",""ticker"":""KXETH15M-26APR280115-15"",""trade_id"":""aff27506-ff21-59ec-ede7-d3fe29fb821a"",""yes_price_dollars"":""0.9000""}"
KXETH15M-26APR280115-15,e844a8b5-cd25-6def-3512-f029701e7fd0,1777352700,0.91,4.0,yes,"{""count_fp"":""4.00"",""created_time"":""2026-04-28T05:05:00.117796Z"",""no_price_dollars"":""0.0900"",""taker_side"":""yes"",""ticker"":""KXETH15M-26APR280115-15"",""trade_id"":""e844a8b5-cd25-6def-3512-f029701e7fd0"",""yes_price_dollars"":""0.9100""}"
KXETH15M-26APR280115-15,e7eab091-34a7-61e1-13ff-234456ca8c6e,1777352700,0.916,10.0,yes,"{""count_fp"":""10.00"",""created_time"":""2026-04-28T05:05:00.117796Z"",""no_price_dollars"":""0.0840"",""taker_side"":""yes"",""ticker"":""KXETH15M-26APR280115-15"",""trade_id"":""e7eab091-34a7-61e1-13ff-234456ca8c6e"",""yes_price_dollars"":""0.9160""}"
KXETH15M-26APR280115-15,d61b9cf2-c68f-63d4-2a1b-1eb1eef14ffe,1777352700,0.92,1.0,yes,"{""count_fp"":""1.00"",""created_time"":""2026-04-28T05:05:00.117796Z"",""no_price_dollars"":""0.0800"",""taker_side"":""yes"",""ticker"":""KXETH15M-26APR280115-15"",""trade_id"":""d61b9cf2-c68f-63d4-2a1b-1eb1eef14ffe"",""yes_price_dollars"":""0.9200""}"
KXETH15M-26APR280115-15,d2d2c08a-1656-694c-34c2-106160c513ea,1777352700,0.91,1.0,yes,"{""count_fp"":""1.00"",""created_time"":""2026-04-28T05:05:00.117796Z"",""no_price_dollars"":""0.0900"",""taker_side"":""yes"",""ticker"":""KXETH15M-26APR280115-15"",""trade_id"":""d2d2c08a-1656-694c-34c2-106160c513ea"",""yes_price_dollars"":""0.9100""}"
KXETH15M-26APR280115-15,ce6f7f2e-040f-6633-2d2d-641bdf98f03d,1777352700,0.9,3.0,yes,"{""count_fp"":""3.00"",""created_time"":""2026-04-28T05:05:00.117796Z"",""no_price_dollars"":""0.1000"",""taker_side"":""yes"",""ticker"":""KXETH15M-26APR280115-15"",""trade_id"":""ce6f7f2e-040f-6633-2d2d-641bdf98f03d"",""yes_price_dollars"":""0.9000""}"
KXETH15M-26APR280115-15,c62ffe57-dc3a-6f42-3141-0ab4a22f703f,1777352700,0.92,5.77,yes,"{""count_fp"":""5.77"",""created_time"":""2026-04-28T05:05:00.117796Z"",""no_price_dollars"":""0.0800"",""taker_side"":""yes"",""ticker"":""KXETH15M-26APR280115-15"",""trade_id"":""c62ffe57-dc3a-6f42-3141-0ab4a22f703f"",""yes_price_dollars"":""0.9200""}"
KXETH15M-26APR280115-15,7568a706-89da-6937-3c35-95e34892d2cf,1777352700,0.9,1.0,yes,"{""count_fp"":""1.00"",""created_time"":""2026-04-28T05:05:00.117796Z"",""no_price_dollars"":""0.1000"",""taker_side"":""yes"",""ticker"":""KXETH15M-26APR280115-15"",""trade_id"":""7568a706-89da-6937-3c35-95e34892d2cf"",""yes_price_dollars"":""0.9000""}"
KXETH15M-26APR280115-15,596df26a-1014-6694-2893-187981baf087,1777352700,0.9,4.0,yes,"{""count_fp"":""4.00"",""created_time"":""2026-04-28T05:05:00.117796Z"",""no_price_dollars"":""0.1000"",""taker_side"":""yes"",""ticker"":""KXETH15M-26APR280115-15"",""trade_id"":""596df26a-1014-6694-2893-187981baf087"",""yes_price_dollars"":""0.9000""}"
KXETH15M-26APR280115-15,4c3f3740-a094-6ca3-13e7-ae0f7d5d862a,1777352700,0.919,10.0,yes,"{""count_fp"":""10.00"",""created_time"":""2026-04-28T05:05:00.117796Z"",""no_price_dollars"":""0.0810"",""taker_side"":""yes"",""ticker"":""KXETH15M-26APR280115-15"",""trade_id"":""4c3f3740-a094-6ca3-13e7-ae0f7d5d862a"",""yes_price_dollars"":""0.9190""}"
KXETH15M-26APR280115-15,34b52dfe-b023-691e-0461-2fad8e1d1310,1777352700,0.9,1.0,yes,"{""count_fp"":""1.00"",""created_time"":""2026-04-28T05:05:00.117796Z"",""no_price_dollars"":""0.1000"",""taker_side"":""yes"",""ticker"":""KXETH15M-26APR280115-15"",""trade_id"":""34b52dfe-b023-691e-0461-2fad8e1d1310"",""yes_price_dollars"":""0.9000""}"
KXETH15M-26APR280115-15,2eb61679-88cd-6f45-1b5b-4233225d79d1,1777352700,0.9,15.23,yes,"{""count_fp"":""15.23"",""created_time"":""2026-04-28T05:05:00.117796Z"",""no_price_dollars"":""0.1000"",""taker_side"":""yes"",""ticker"":""KXETH15M-26APR280115-15"",""trade_id"":""2eb61679-88cd-6f45-1b5b-4233225d79d1"",""yes_price_dollars"":""0.9000""}"
KXETH15M-26APR280115-15,2e059330-f0fd-6d1b-25f6-f24012f9bfbf,1777352700,0.917,1.0,yes,"{""count_fp"":""1.00"",""created_time"":""2026-04-28T05:05:00.117796Z"",""no_price_dollars"":""0.0830"",""taker_side"":""yes"",""ticker"":""KXETH15M-26APR280115-15"",""trade_id"":""2e059330-f0fd-6d1b-25f6-f24012f9bfbf"",""yes_price_dollars"":""0.9170""}"
KXETH15M-26APR280115-15,2180ce19-4ce7-64e4-1e4b-5cc949de9acc,1777352700,0.91,3.0,yes,"{""count_fp"":""3.00"",""created_time"":""2026-04-28T05:05:00.117796Z"",""no_price_dollars"":""0.0900"",""taker_side"":""yes"",""ticker"":""KXETH15M-26APR280115-15"",""trade_id"":""2180ce19-4ce7-64e4-1e4b-5cc949de9acc"",""yes_price_dollars"":""0.9100""}"
KXETH15M-26APR280115-15,18e995f3-3a4d-6679-fe30-04ecf603802f,1777352701,0.92,10.0,yes,"{""count_fp"":""10.00"",""created_time"":""2026-04-28T05:05:01.943228Z"",""no_price_dollars"":""0.0800"",""taker_side"":""yes"",""ticker"":""KXETH15M-26APR280115-15"",""trade_id"":""18e995f3-3a4d-6679-fe30-04ecf603802f"",""yes_price_dollars"":""0.9200""}"
KXETH15M-26APR280115-15,ed5d2aa5-7a39-40b1-fa5a-74164ab59057,1777352702,0.92,9.0,yes,"{""count_fp"":""9.00"",""created_time"":""2026-04-28T05:05:02.654472Z"",""no_price_dollars"":""0.0800"",""taker_side"":""yes"",""ticker"":""KXETH15M-26APR280115-15"",""trade_id"":""ed5d2aa5-7a39-40b1-fa5a-74164ab59057"",""yes_price_dollars"":""0.9200""}"
KXETH15M-26APR280115-15,4317cf9b-3fe8-4ad2-cdbf-5bb5197e0fc7,1777352702,0.918,1.0,yes,"{""count_fp"":""1.00"",""created_time"":""2026-04-28T05:05:02.654472Z"",""no_price_dollars"":""0.0820"",""taker_side"":""yes"",""ticker"":""KXETH15M-26APR280115-15"",""trade_id"":""4317cf9b-3fe8-4ad2-cdbf-5bb5197e0fc7"",""yes_price_dollars"":""0.9180""}"
KXETH15M-26APR280115-15,ed0c7f11-800d-5bf2-db93-3758d76624aa,1777352704,0.85,200.0,no,"{""count_fp"":""200.00"",""created_time"":""2026-04-28T05:05:04.369774Z"",""no_price_dollars"":""0.1500"",""taker_side"":""no"",""ticker"":""KXETH15M-26APR280115-15"",""trade_id"":""ed0c7f11-800d-5bf2-db93-3758d76624aa"",""yes_price_dollars"":""0.8500""}"
KXETH15M-26APR280115-15,e4dab666-602e-5b41-c398-e324ff6c7c6a,1777352704,0.84,1500.0,no,"{""count_fp"":""1500.00"",""created_time"":""2026-04-28T05:05:04.369774Z"",""no_price_dollars"":""0.1600"",""taker_side"":""no"",""ticker"":""KXETH15M-26APR280115-15"",""trade_id"":""e4dab666-602e-5b41-c398-e324ff6c7c6a"",""yes_price_dollars"":""0.8400""}"
KXETH15M-26APR280115-15,d781aee3-4316-56d0-e0f0-5dfded0526c3,1777352704,0.89,10.0,no,"{""count_fp"":""10.00"",""created_time"":""2026-04-28T05:05:04.369774Z"",""no_price_dollars"":""0.1100"",""taker_side"":""no"",""ticker"":""KXETH15M-26APR280115-15"",""trade_id"":""d781aee3-4316-56d0-e0f0-5dfded0526c3"",""yes_price_dollars"":""0.8900""}"
KXETH15M-26APR280115-15,b99dc789-6236-5560-ce64-d49c25c7a45b,1777352704,0.89,100.0,no,"{""count_fp"":""100.00"",""created_time"":""2026-04-28T05:05:04.369774Z"",""no_price_dollars"":""0.1100"",""taker_side"":""no"",""ticker"":""KXETH15M-26APR280115-15"",""trade_id"":""b99dc789-6236-5560-ce64-d49c25c7a45b"",""yes_price_dollars"":""0.8900""}"
KXETH15M-26APR280115-15,b1fa09a3-bfe9-5ea7-f982-5ed144d355b7,1777352704,0.88,10.0,no,"{""count_fp"":""10.00"",""created_time"":""2026-04-28T05:05:04.369774Z"",""no_price_dollars"":""0.1200"",""taker_side"":""no"",""ticker"":""KXETH15M-26APR280115-15"",""trade_id"":""b1fa09a3-bfe9-5ea7-f982-5ed144d355b7"",""yes_price_dollars"":""0.8800""}"
KXETH15M-26APR280115-15,a83f2f66-45e1-50c2-f584-d6c7d9e340f8,1777352704,0.86,60.0,no,"{""count_fp"":""60.00"",""created_time"":""2026-04-28T05:05:04.369774Z"",""no_price_dollars"":""0.1400"",""taker_side"":""no"",""ticker"":""KXETH15M-26APR280115-15"",""trade_id"":""a83f2f66-45e1-50c2-f584-d6c7d9e340f8"",""yes_price_dollars"":""0.8600""}"
KXETH15M-26APR280115-15,7f1eb31c-1b40-5aaf-c4a8-9db0155d49ec,1777352704,0.9,12.47,no,"{""count_fp"":""12.47"",""created_time"":""2026-04-28T05:05:04.369774Z"",""no_price_dollars"":""0.1000"",""taker_side"":""no"",""ticker"":""KXETH15M-26APR280115-15"",""trade_id"":""7f1eb31c-1b40-5aaf-c4a8-9db0155d49ec"",""yes_price_dollars"":""0.9000""}"
KXETH15M-26APR280115-15,7289a766-d176-53ad-c387-d1eaa0e427bc,1777352704,0.9,1.0,no,"{""count_fp"":""1.00"",""created_time"":""2026-04-28T05:05:04.369774Z"",""no_price_dollars"":""0.1000"",""taker_side"":""no"",""ticker"":""KXETH15M-26APR280115-15"",""trade_id"":""7289a766-d176-53ad-c387-d1eaa0e427bc"",""yes_price_dollars"":""0.9000""}"
KXETH15M-26APR280115-15,37d49ba6-7ac3-5d8e-f41a-e77fde9d5f9b,1777352704,0.89,182.44,no,"{""count_fp"":""182.44"",""created_time"":""2026-04-28T05:05:04.369774Z"",""no_price_dollars"":""0.1100"",""taker_side"":""no"",""ticker"":""KXETH15M-26APR280115-15"",""trade_id"":""37d49ba6-7ac3-5d8e-f41a-e77fde9d5f9b"",""yes_price_dollars"":""0.8900""}"
KXETH15M-26APR280115-15,3616458e-656f-5b68-fb53-42b3f909928f,1777352704,0.83,260.42,no,"{""count_fp"":""260.42"",""created_time"":""2026-04-28T05:05:04.369774Z"",""no_price_dollars"":""0.1700"",""taker_side"":""no"",""ticker"":""KXETH15M-26APR280115-15"",""trade_id"":""3616458e-656f-5b68-fb53-42b3f909928f"",""yes_price_dollars"":""0.8300""}"
KXETH15M-26APR280115-15,350776cd-388f-5196-f3bc-11e18b755e36,1777352704,0.85,550.8,no,"{""count_fp"":""550.80"",""created_time"":""2026-04-28T05:05:04.369774Z"",""no_price_dollars"":""0.1500"",""taker_side"":""no"",""ticker"":""KXETH15M-26APR280115-15"",""trade_id"":""350776cd-388f-5196-f3bc-11e18b755e36"",""yes_price_dollars"":""0.8500""}"
KXETH15M-26APR280115-15,26a8b610-187c-5b01-ed58-71ebb63f700c,1777352704,0.86,14.0,no,"{""count_fp"":""14.00"",""created_time"":""2026-04-28T05:05:04.369774Z"",""no_price_dollars"":""0.1400"",""taker_side"":""no"",""ticker"":""KXETH15M-26APR280115-15"",""trade_id"":""26a8b610-187c-5b01-ed58-71ebb63f700c"",""yes_price_dollars"":""0.8600""}"
KXETH15M-26APR280115-15,e38470b5-a7ec-6b5d-e4e5-66c3912748e9,1777352705,0.89,7.61,no,"{""count_fp"":""7.61"",""created_time"":""2026-04-28T05:05:05.936898Z"",""no_price_dollars"":""0.1100"",""taker_side"":""no"",""ticker"":""KXETH15M-26APR280115-15"",""trade_id"":""e38470b5-a7ec-6b5d-e4e5-66c3912748e9"",""yes_price_dollars"":""0.8900""}"
KXETH15M-26APR280115-15,c4de73e9-615c-6983-c2be-76dd4e7b3284,1777352705,0.9,1.0,no,"{""count_fp"":""1.00"",""created_time"":""2026-04-28T05:05:05.936898Z"",""no_price_dollars"":""0.1000"",""taker_side"":""no"",""ticker"":""KXETH15M-26APR280115-15"",""trade_id"":""c4de73e9-615c-6983-c2be-76dd4e7b3284"",""yes_price_dollars"":""0.9000""}"
KXETH15M-26APR280115-15,2a0aa6da-7e55-7dad-3468-7e91335f56af,1777352705,0.91,0.57,yes,"{""count_fp"":""0.57"",""created_time"":""2026-04-28T05:05:05.466416Z"",""no_price_dollars"":""0.0900"",""taker_side"":""yes"",""ticker"":""KXETH15M-26APR280115-15"",""trade_id"":""2a0aa6da-7e55-7dad-3468-7e91335f56af"",""yes_price_dollars"":""0.9100""}"
KXETH15M-26APR280115-15,e846d12f-05f9-5c29-6f94-d413bcfcf9eb,1777352706,0.91,57.0,yes,"{""count_fp"":""57.00"",""created_time"":""2026-04-28T05:05:06.094015Z"",""no_price_dollars"":""0.0900"",""taker_side"":""yes"",""ticker"":""KXETH15M-26APR280115-15"",""trade_id"":""e846d12f-05f9-5c29-6f94-d413bcfcf9eb"",""yes_price_dollars"":""0.9100""}"
KXETH15M-26APR280115-15,4a563f9f-2901-5e61-7abf-f96a00f48f47,1777352709,0.91,54.0,yes,"{""count_fp"":""54.00"",""created_time"":""2026-04-28T05:05:09.101303Z"",""no_price_dollars"":""0.0900"",""taker_side"":""yes"",""ticker"":""KXETH15M-26APR280115-15"",""trade_id"":""4a563f9f-2901-5e61-7abf-f96a00f48f47"",""yes_price_dollars"":""0.9100""}"
KXETH15M-26APR280115-15,2e443d15-37d0-41fd-c353-b2a2054aa1dd,1777352711,0.902,15.38,no,"{""count_fp"":""15.38"",""created_time"":""2026-04-28T05:05:11.235756Z"",""no_price_dollars"":""0.0980"",""taker_side"":""no"",""ticker"":""KXETH15M-26APR280115-15"",""trade_id"":""2e443d15-37d0-41fd-c353-b2a2054aa1dd"",""yes_price_dollars"":""0.9020""}"
KXETH15M-26APR280115-15,971be7ea-d512-5ac6-13eb-8877ad813b3b,1777352712,0.923,10.0,no,"{""count_fp"":""10.00"",""created_time"":""2026-04-28T05:05:12.454779Z"",""no_price_dollars"":""0.0770"",""taker_side"":""no"",""ticker"":""KXETH15M-26APR280115-15"",""trade_id"":""971be7ea-d512-5ac6-13eb-8877ad813b3b"",""yes_price_dollars"":""0.9230""}"
KXETH15M-26APR280115-15,9410937f-1d20-5de9-2edd-5e4803f22491,1777352712,0.922,40.0,no,"{""count_fp"":""40.00"",""created_time"":""2026-04-28T05:05:12.454779Z"",""no_price_dollars"":""0.0780"",""taker_side"":""no"",""ticker"":""KXETH15M-26APR280115-15"",""trade_id"":""9410937f-1d20-5de9-2edd-5e4803f22491"",""yes_price_dollars"":""0.9220""}"
KXETH15M-26APR280115-15,ec4f1dc6-5b9a-4581-39c0-8dde5442dcb9,1777352712,0.93,12.0,yes,"{""count_fp"":""12.00"",""created_time"":""2026-04-28T05:05:12.111931Z"",""no_price_dollars"":""0.0700"",""taker_side"":""yes"",""ticker"":""KXETH15M-26APR280115-15"",""trade_id"":""ec4f1dc6-5b9a-4581-39c0-8dde5442dcb9"",""yes_price_dollars"":""0.9300""}"
KXETH15M-26APR280115-15,a2d1b1b4-9693-4970-0777-b98652fc8279,1777352712,0.93,1.0,yes,"{""count_fp"":""1.00"",""created_time"":""2026-04-28T05:05:12.111931Z"",""no_price_dollars"":""0.0700"",""taker_side"":""yes"",""ticker"":""KXETH15M-26APR280115-15"",""trade_id"":""a2d1b1b4-9693-4970-0777-b98652fc8279"",""yes_price_dollars"":""0.9300""}"
KXETH15M-26APR280115-15,3a775d98-a128-439d-0530-5eac09b2ae33,1777352712,0.93,3.0,yes,"{""count_fp"":""3.00"",""created_time"":""2026-04-28T05:05:12.111931Z"",""no_price_dollars"":""0.0700"",""taker_side"":""yes"",""ticker"":""KXETH15M-26APR280115-15"",""trade_id"":""3a775d98-a128-439d-0530-5eac09b2ae33"",""yes_price_dollars"":""0.9300""}"
KXETH15M-26APR280115-15,37f1982a-bf45-4c48-137a-9443847cafd5,1777352712,0.93,44.0,yes,"{""count_fp"":""44.00"",""created_time"":""2026-04-28T05:05:12.111931Z"",""no_price_dollars"":""0.0700"",""taker_side"":""yes"",""ticker"":""KXETH15M-26APR280115-15"",""trade_id"":""37f1982a-bf45-4c48-137a-9443847cafd5"",""yes_price_dollars"":""0.9300""}"
KXETH15M-26APR280115-15,378a1420-a5d8-4bd6-3f8f-dd2d16177f73,1777352712,0.93,8.0,yes,"{""count_fp"":""8.00"",""created_time"":""2026-04-28T05:05:12.111931Z"",""no_price_dollars"":""0.0700"",""taker_side"":""yes"",""ticker"":""KXETH15M-26APR280115-15"",""trade_id"":""378a1420-a5d8-4bd6-3f8f-dd2d16177f73"",""yes_price_dollars"":""0.9300""}"
KXETH15M-26APR280115-15,075de2d0-31f9-451b-0d7c-a24fd79c6017,1777352712,0.93,1.0,yes,"{""count_fp"":""1.00"",""created_time"":""2026-04-28T05:05:12.111931Z"",""no_price_dollars"":""0.0700"",""taker_side"":""yes"",""ticker"":""KXETH15M-26APR280115-15"",""trade_id"":""075de2d0-31f9-451b-0d7c-a24fd79c6017"",""yes_price_dollars"":""0.9300""}"
KXETH15M-26APR280115-15,199a701d-d4f5-7e8c-76dc-88fe6cbc5db1,1777352720,0.93,10.0,yes,"{""count_fp"":""10.00"",""created_time"":""2026-04-28T05:05:20.843643Z"",""no_price_dollars"":""0.0700"",""taker_side"":""yes"",""ticker"":""KXETH15M-26APR280115-15"",""trade_id"":""199a701d-d4f5-7e8c-76dc-88fe6cbc5db1"",""yes_price_dollars"":""0.9300""}"
KXETH15M-26APR280115-15,2a96a804-5809-74b4-9fd8-666981c46d05,1777352721,0.93,55.0,yes,"{""count_fp"":""55.00"",""created_time"":""2026-04-28T05:05:21.145049Z"",""no_price_dollars"":""0.0700"",""taker_side"":""yes"",""ticker"":""KXETH15M-26APR280115-15"",""trade_id"":""2a96a804-5809-74b4-9fd8-666981c46d05"",""yes_price_dollars"":""0.9300""}"
KXETH15M-26APR280115-15,4d714084-f077-483f-36a1-d068af4fec31,1777352722,0.923,10.0,no,"{""count_fp"":""10.00"",""created_time"":""2026-04-28T05:05:22.401678Z"",""no_price_dollars"":""0.0770"",""taker_side"":""no"",""ticker"":""KXETH15M-26APR280115-15"",""trade_id"":""4d714084-f077-483f-36a1-d068af4fec31"",""yes_price_dollars"":""0.9230""}"
KXETH15M-26APR280115-15,4298336f-1364-49a1-2bcd-9dd5dcdb2e59,1777352722,0.922,1.05,no,"{""count_fp"":""1.05"",""created_time"":""2026-04-28T05:05:22.401678Z"",""no_price_dollars"":""0.0780"",""taker_side"":""no"",""ticker"":""KXETH15M-26APR280115-15"",""trade_id"":""4298336f-1364-49a1-2bcd-9dd5dcdb2e59"",""yes_price_dollars"":""0.9220""}"
KXETH15M-26APR280115-15,3ea69062-fbf5-48da-29ad-0d21dff46dd9,1777352722,0.929,1.0,no,"{""count_fp"":""1.00"",""created_time"":""2026-04-28T05:05:22.401678Z"",""no_price_dollars"":""0.0710"",""taker_side"":""no"",""ticker"":""KXETH15M-26APR280115-15"",""trade_id"":""3ea69062-fbf5-48da-29ad-0d21dff46dd9"",""yes_price_dollars"":""0.9290""}"
KXETH15M-26APR280115-15,23b2586d-12bb-7757-b5d8-63c6450673e3,1777352723,0.922,11.05,no,"{""count_fp"":""11.05"",""created_time"":""2026-04-28T05:05:23.728344Z"",""no_price_dollars"":""0.0780"",""taker_side"":""no"",""ticker"":""KXETH15M-26APR280115-15"",""trade_id"":""23b2586d-12bb-7757-b5d8-63c6450673e3"",""yes_price_dollars"":""0.9220""}"
KXETH15M-26APR280115-15,1ee80cf3-3fce-7bc2-8e7b-5ae72f147b17,1777352723,0.929,1.0,no,"{""count_fp"":""1.00"",""created_time"":""2026-04-28T05:05:23.728344Z"",""no_price_dollars"":""0.0710"",""taker_side"":""no"",""ticker"":""KXETH15M-26APR280115-15"",""trade_id"":""1ee80cf3-3fce-7bc2-8e7b-5ae72f147b17"",""yes_price_dollars"":""0.9290""}"
KXETH15M-26APR280115-15,6c9b8d7f-b2e5-7500-d8c7-db306250bf59,1777352723,0.93,64.0,yes,"{""count_fp"":""64.00"",""created_time"":""2026-04-28T05:05:23.079373Z"",""no_price_dollars"":""0.0700"",""taker_side"":""yes"",""ticker"":""KXETH15M-26APR280115-15"",""trade_id"":""6c9b8d7f-b2e5-7500-d8c7-db306250bf59"",""yes_price_dollars"":""0.9300""}"
KXETH15M-26APR280115-15,bccc5d40-dc51-5398-4e60-0c310741f2e9,1777352726,0.93,27.0,yes,"{""count_fp"":""27.00"",""created_time"":""2026-04-28T05:05:26.078576Z"",""no_price_dollars"":""0.0700"",""taker_side"":""yes"",""ticker"":""KXETH15M-26APR280115-15"",""trade_id"":""bccc5d40-dc51-5398-4e60-0c310741f2e9"",""yes_price_dollars"":""0.9300""}"
KXETH15M-26APR280115-15,1f1fc48b-31bf-55bd-6d19-20abb134276b,1777352726,0.93,29.0,yes,"{""count_fp"":""29.00"",""created_time"":""2026-04-28T05:05:26.078576Z"",""no_price_dollars"":""0.0700"",""taker_side"":""yes"",""ticker"":""KXETH15M-26APR280115-15"",""trade_id"":""1f1fc48b-31bf-55bd-6d19-20abb134276b"",""yes_price_dollars"":""0.9300""}"
KXETH15M-26APR280115-15,dcc6b84c-80b4-5c4d-151f-62a36577e991,1777352733,0.922,1.92,no,"{""count_fp"":""1.92"",""created_time"":""2026-04-28T05:05:33.214132Z"",""no_price_dollars"":""0.0780"",""taker_side"":""no"",""ticker"":""KXETH15M-26APR280115-15"",""trade_id"":""dcc6b84c-80b4-5c4d-151f-62a36577e991"",""yes_price_dollars"":""0.9220""}"
KXETH15M-26APR280115-15,73b2fbaa-9035-5524-19f5-d0d26f2e20a3,1777352733,0.923,10.0,no,"{""count_fp"":""10.00"",""created_time"":""2026-04-28T05:05:33.214132Z"",""no_price_dollars"":""0.0770"",""taker_side"":""no"",""ticker"":""KXETH15M-26APR280115-15"",""trade_id"":""73b2fbaa-9035-5524-19f5-d0d26f2e20a3"",""yes_price_dollars"":""0.9230""}"
KXETH15M-26APR280115-15,97398410-b5b8-4d35-19b3-33b3322ba9d9,1777352736,0.922,1.07,no,"{""count_fp"":""1.07"",""created_time"":""2026-04-28T05:05:36.180512Z"",""no_price_dollars"":""0.0780"",""taker_side"":""no"",""ticker"":""KXETH15M-26APR280115-15"",""trade_id"":""97398410-b5b8-4d35-19b3-33b3322ba9d9"",""yes_price_dollars"":""0.9220""}"
KXETH15M-26APR280115-15,58f66aa4-5d81-4120-2f67-166d369f933f,1777352736,0.923,10.0,no,"{""count_fp"":""10.00"",""created_time"":""2026-04-28T05:05:36.180512Z"",""no_price_dollars"":""0.0770"",""taker_side"":""no"",""ticker"":""KXETH15M-26APR280115-15"",""trade_id"":""58f66aa4-5d81-4120-2f67-166d369f933f"",""yes_price_dollars"":""0.9230""}"
KXETH15M-26APR280115-15,192bed93-4a68-48c9-a7c3-41619d5d6e15,1777352738,0.922,11.92,no,"{""count_fp"":""11.92"",""created_time"":""2026-04-28T05:05:38.274622Z"",""no_price_dollars"":""0.0780"",""taker_side"":""no"",""ticker"":""KXETH15M-26APR280115-15"",""trade_id"":""192bed93-4a68-48c9-a7c3-41619d5d6e15"",""yes_price_dollars"":""0.9220""}"
KXETH15M-26APR280115-15,7661f8e0-a1d0-6215-5cd4-e88f777a7459,1777352739,0.922,4.96,no,"{""count_fp"":""4.96"",""created_time"":""2026-04-28T05:05:39.168662Z"",""no_price_dollars"":""0.0780"",""taker_side"":""no"",""ticker"":""KXETH15M-26APR280115-15"",""trade_id"":""7661f8e0-a1d0-6215-5cd4-e88f777a7459"",""yes_price_dollars"":""0.9220""}"
KXETH15M-26APR280115-15,be3ddf56-d344-7044-c273-b7a786e0cd39,1777352740,0.929,1.0,yes,"{""count_fp"":""1.00"",""created_time"":""2026-04-28T05:05:40.106288Z"",""no_price_dollars"":""0.0710"",""taker_side"":""yes"",""ticker"":""KXETH15M-26APR280115-15"",""trade_id"":""be3ddf56-d344-7044-c273-b7a786e0cd39"",""yes_price_dollars"":""0.9290""}"
KXETH15M-26APR280115-15,20e37f8c-e2cf-710d-f248-99d729649fbf,1777352740,0.93,68.0,yes,"{""count_fp"":""68.00"",""created_time"":""2026-04-28T05:05:40.106288Z"",""no_price_dollars"":""0.0700"",""taker_side"":""yes"",""ticker"":""KXETH15M-26APR280115-15"",""trade_id"":""20e37f8c-e2cf-710d-f248-99d729649fbf"",""yes_price_dollars"":""0.9300""}"
KXETH15M-26APR280115-15,a0c98d7b-2bc2-635a-a465-1865da2a342c,1777352745,0.905,1.0,yes,"{""count_fp"":""1.00"",""created_time"":""2026-04-28T05:05:45.642637Z"",""no_price_dollars"":""0.0950"",""taker_side"":""yes"",""ticker"":""KXETH15M-26APR280115-15"",""trade_id"":""a0c98d7b-2bc2-635a-a465-1865da2a342c"",""yes_price_dollars"":""0.9050""}"
KXETH15M-26APR280115-15,61937566-4abd-6939-a05e-d29a8a25f092,1777352752,0.917,1.0,yes,"{""count_fp"":""1.00"",""created_time"":""2026-04-28T05:05:52.474346Z"",""no_price_dollars"":""0.0830"",""taker_side"":""yes"",""ticker"":""KXETH15M-26APR280115-15"",""trade_id"":""61937566-4abd-6939-a05e-d29a8a25f092"",""yes_price_dollars"":""0.9170""}"
KXETH15M-26APR280115-15,599ff080-0a40-637a-a034-bf9ec6922187,1777352752,0.923,2.0,yes,"{""count_fp"":""2.00"",""created_time"":""2026-04-28T05:05:52.474346Z"",""no_price_dollars"":""0.0770"",""taker_side"":""yes"",""ticker"":""KXETH15M-26APR280115-15"",""trade_id"":""599ff080-0a40-637a-a034-bf9ec6922187"",""yes_price_dollars"":""0.9230""}"
KXETH15M-26APR280115-15,5656fa7f-2603-63ae-bbd7-14b5b8c82f1a,1777352752,0.93,5.0,yes,"{""count_fp"":""5.00"",""created_time"":""2026-04-28T05:05:52.474346Z"",""no_price_dollars"":""0.0700"",""taker_side"":""yes"",""ticker"":""KXETH15M-26APR280115-15"",""trade_id"":""5656fa7f-2603-63ae-bbd7-14b5b8c82f1a"",""yes_price_dollars"":""0.9300""}"
KXETH15M-26APR280115-15,410b9af0-b7fb-60c1-807e-d080cbf494e3,1777352752,0.93,103.0,yes,"{""count_fp"":""103.00"",""created_time"":""2026-04-28T05:05:52.474346Z"",""no_price_dollars"":""0.0700"",""taker_side"":""yes"",""ticker"":""KXETH15M-26APR280115-15"",""trade_id"":""410b9af0-b7fb-60c1-807e-d080cbf494e3"",""yes_price_dollars"":""0.9300""}"
KXETH15M-26APR280115-15,2af5e749-4681-695b-b8a3-58465e380643,1777352752,0.929,10.0,yes,"{""count_fp"":""10.00"",""created_time"":""2026-04-28T05:05:52.474346Z"",""no_price_dollars"":""0.0710"",""taker_side"":""yes"",""ticker"":""KXETH15M-26APR280115-15"",""trade_id"":""2af5e749-4681-695b-b8a3-58465e380643"",""yes_price_dollars"":""0.9290""}"
