ticker,trade_id,ts,yes_price,count,taker_side,raw_json
KXETH15M-26APR271545-45,e33b2cbb-c257-7fbd-0c54-ae0338827270,1777318207,0.51,1.0,no,"{""count_fp"":""1.00"",""created_time"":""2026-04-27T19:30:07.408476Z"",""no_price_dollars"":""0.4900"",""taker_side"":""no"",""ticker"":""KXETH15M-26APR271545-45"",""trade_id"":""e33b2cbb-c257-7fbd-0c54-ae0338827270"",""yes_price_dollars"":""0.5100""}"
KXETH15M-26APR271545-45,12e77744-d6de-7498-2d5d-82178207867c,1777318207,0.51,5.0,no,"{""count_fp"":""5.00"",""created_time"":""2026-04-27T19:30:07.408476Z"",""no_price_dollars"":""0.4900"",""taker_side"":""no"",""ticker"":""KXETH15M-26APR271545-45"",""trade_id"":""12e77744-d6de-7498-2d5d-82178207867c"",""yes_price_dollars"":""0.5100""}"
KXETH15M-26APR271545-45,75c6c2d9-c7b8-56d9-51bd-59cc645918c0,1777318210,0.46,20.7,yes,"{""count_fp"":""20.70"",""created_time"":""2026-04-27T19:30:10.707509Z"",""no_price_dollars"":""0.5400"",""taker_side"":""yes"",""ticker"":""KXETH15M-26APR271545-45"",""trade_id"":""75c6c2d9-c7b8-56d9-51bd-59cc645918c0"",""yes_price_dollars"":""0.4600""}"
KXETH15M-26APR271545-45,0c3a3501-92c9-566e-fc7b-ab01dee6375a,1777318210,0.45,34.0,yes,"{""count_fp"":""34.00"",""created_time"":""2026-04-27T19:30:10.310396Z"",""no_price_dollars"":""0.5500"",""taker_side"":""yes"",""ticker"":""KXETH15M-26APR271545-45"",""trade_id"":""0c3a3501-92c9-566e-fc7b-ab01dee6375a"",""yes_price_dollars"":""0.4500""}"
KXETH15M-26APR271545-45,fcfe184b-0725-589a-689c-79eb5c2c5eda,1777318210,0.45,2.19,yes,"{""count_fp"":""2.19"",""created_time"":""2026-04-27T19:30:10.157999Z"",""no_price_dollars"":""0.5500"",""taker_side"":""yes"",""ticker"":""KXETH15M-26APR271545-45"",""trade_id"":""fcfe184b-0725-589a-689c-79eb5c2c5eda"",""yes_price_dollars"":""0.4500""}"
KXETH15M-26APR271545-45,c1d73e15-b453-5045-4345-e63cdee6ab6c,1777318210,0.44,3.81,yes,"{""count_fp"":""3.81"",""created_time"":""2026-04-27T19:30:10.157999Z"",""no_price_dollars"":""0.5600"",""taker_side"":""yes"",""ticker"":""KXETH15M-26APR271545-45"",""trade_id"":""c1d73e15-b453-5045-4345-e63cdee6ab6c"",""yes_price_dollars"":""0.4400""}"
KXETH15M-26APR271545-45,dc0d6b31-994a-6e87-66f0-29691f49284b,1777318218,0.39,20.0,yes,"{""count_fp"":""20.00"",""created_time"":""2026-04-27T19:30:18.273492Z"",""no_price_dollars"":""0.6100"",""taker_side"":""yes"",""ticker"":""KXETH15M-26APR271545-45"",""trade_id"":""dc0d6b31-994a-6e87-66f0-29691f49284b"",""yes_price_dollars"":""0.3900""}"
KXETH15M-26APR271545-45,4b6e0372-ffd8-56b5-91ca-f5da05225d25,1777318226,0.39,1.0,no,"{""count_fp"":""1.00"",""created_time"":""2026-04-27T19:30:26.763422Z"",""no_price_dollars"":""0.6100"",""taker_side"":""no"",""ticker"":""KXETH15M-26APR271545-45"",""trade_id"":""4b6e0372-ffd8-56b5-91ca-f5da05225d25"",""yes_price_dollars"":""0.3900""}"
KXETH15M-26APR271545-45,216e4ab7-a859-679d-7fc7-c2b6bb234393,1777318227,0.39,1.0,no,"{""count_fp"":""1.00"",""created_time"":""2026-04-27T19:30:27.032716Z"",""no_price_dollars"":""0.6100"",""taker_side"":""no"",""ticker"":""KXETH15M-26APR271545-45"",""trade_id"":""216e4ab7-a859-679d-7fc7-c2b6bb234393"",""yes_price_dollars"":""0.3900""}"
KXETH15M-26APR271545-45,f96fb29b-2f4f-6afc-e628-8b00070e127d,1777318229,0.36,1.0,no,"{""count_fp"":""1.00"",""created_time"":""2026-04-27T19:30:29.922636Z"",""no_price_dollars"":""0.6400"",""taker_side"":""no"",""ticker"":""KXETH15M-26APR271545-45"",""trade_id"":""f96fb29b-2f4f-6afc-e628-8b00070e127d"",""yes_price_dollars"":""0.3600""}"
KXETH15M-26APR271545-45,f156542e-dc46-63c5-ca2b-156723e0431f,1777318229,0.22,126.0,no,"{""count_fp"":""126.00"",""created_time"":""2026-04-27T19:30:29.922636Z"",""no_price_dollars"":""0.7800"",""taker_side"":""no"",""ticker"":""KXETH15M-26APR271545-45"",""trade_id"":""f156542e-dc46-63c5-ca2b-156723e0431f"",""yes_price_dollars"":""0.2200""}"
KXETH15M-26APR271545-45,a9b1e815-9eb9-64d4-d6b2-557247533cde,1777318229,0.23,70.0,no,"{""count_fp"":""70.00"",""created_time"":""2026-04-27T19:30:29.922636Z"",""no_price_dollars"":""0.7700"",""taker_side"":""no"",""ticker"":""KXETH15M-26APR271545-45"",""trade_id"":""a9b1e815-9eb9-64d4-d6b2-557247533cde"",""yes_price_dollars"":""0.2300""}"
KXETH15M-26APR271545-45,a792a6f9-ba26-6944-e0fb-004060138e37,1777318229,0.25,140.0,no,"{""count_fp"":""140.00"",""created_time"":""2026-04-27T19:30:29.922636Z"",""no_price_dollars"":""0.7500"",""taker_side"":""no"",""ticker"":""KXETH15M-26APR271545-45"",""trade_id"":""a792a6f9-ba26-6944-e0fb-004060138e37"",""yes_price_dollars"":""0.2500""}"
KXETH15M-26APR271545-45,83277cfb-23f3-6f12-f490-f06662a63270,1777318229,0.22,16.0,no,"{""count_fp"":""16.00"",""created_time"":""2026-04-27T19:30:29.922636Z"",""no_price_dollars"":""0.7800"",""taker_side"":""no"",""ticker"":""KXETH15M-26APR271545-45"",""trade_id"":""83277cfb-23f3-6f12-f490-f06662a63270"",""yes_price_dollars"":""0.2200""}"
KXETH15M-26APR271545-45,7515390a-246c-6e81-c823-44f835b9e74b,1777318229,0.22,20.0,no,"{""count_fp"":""20.00"",""created_time"":""2026-04-27T19:30:29.922636Z"",""no_price_dollars"":""0.7800"",""taker_side"":""no"",""ticker"":""KXETH15M-26APR271545-45"",""trade_id"":""7515390a-246c-6e81-c823-44f835b9e74b"",""yes_price_dollars"":""0.2200""}"
KXETH15M-26APR271545-45,2b97cf2d-76b0-6d9f-fafb-3037ca6da376,1777318229,0.27,92.7,no,"{""count_fp"":""92.70"",""created_time"":""2026-04-27T19:30:29.922636Z"",""no_price_dollars"":""0.7300"",""taker_side"":""no"",""ticker"":""KXETH15M-26APR271545-45"",""trade_id"":""2b97cf2d-76b0-6d9f-fafb-3037ca6da376"",""yes_price_dollars"":""0.2700""}"
KXETH15M-26APR271545-45,e8217746-25ea-5ab4-da57-219877cca3f3,1777318229,0.25,550.0,no,"{""count_fp"":""550.00"",""created_time"":""2026-04-27T19:30:29.901833Z"",""no_price_dollars"":""0.7500"",""taker_side"":""no"",""ticker"":""KXETH15M-26APR271545-45"",""trade_id"":""e8217746-25ea-5ab4-da57-219877cca3f3"",""yes_price_dollars"":""0.2500""}"
KXETH15M-26APR271545-45,b36b030b-3e04-783e-dffd-f4a85bc8db05,1777318229,0.25,1.0,no,"{""count_fp"":""1.00"",""created_time"":""2026-04-27T19:30:29.898445Z"",""no_price_dollars"":""0.7500"",""taker_side"":""no"",""ticker"":""KXETH15M-26APR271545-45"",""trade_id"":""b36b030b-3e04-783e-dffd-f4a85bc8db05"",""yes_price_dollars"":""0.2500""}"
KXETH15M-26APR271545-45,26bc0276-4d62-7d4c-d538-27fd634c2d33,1777318229,0.25,560.0,no,"{""count_fp"":""560.00"",""created_time"":""2026-04-27T19:30:29.898445Z"",""no_price_dollars"":""0.7500"",""taker_side"":""no"",""ticker"":""KXETH15M-26APR271545-45"",""trade_id"":""26bc0276-4d62-7d4c-d538-27fd634c2d33"",""yes_price_dollars"":""0.2500""}"
KXETH15M-26APR271545-45,664340ac-7523-77d4-9baf-105b68f06148,1777318229,0.3,4.0,no,"{""count_fp"":""4.00"",""created_time"":""2026-04-27T19:30:29.887323Z"",""no_price_dollars"":""0.7000"",""taker_side"":""no"",""ticker"":""KXETH15M-26APR271545-45"",""trade_id"":""664340ac-7523-77d4-9baf-105b68f06148"",""yes_price_dollars"":""0.3000""}"
KXETH15M-26APR271545-45,ba735a56-d9e2-636c-d4d9-b45164926606,1777318229,0.37,10.0,no,"{""count_fp"":""10.00"",""created_time"":""2026-04-27T19:30:29.855086Z"",""no_price_dollars"":""0.6300"",""taker_side"":""no"",""ticker"":""KXETH15M-26APR271545-45"",""trade_id"":""ba735a56-d9e2-636c-d4d9-b45164926606"",""yes_price_dollars"":""0.3700""}"
KXETH15M-26APR271545-45,2bac5088-71ad-634f-f6cc-fc0339f4d9ad,1777318229,0.37,1.0,no,"{""count_fp"":""1.00"",""created_time"":""2026-04-27T19:30:29.855086Z"",""no_price_dollars"":""0.6300"",""taker_side"":""no"",""ticker"":""KXETH15M-26APR271545-45"",""trade_id"":""2bac5088-71ad-634f-f6cc-fc0339f4d9ad"",""yes_price_dollars"":""0.3700""}"
KXETH15M-26APR271545-45,fa3152a4-0512-4c46-e3da-2293ae458e36,1777318230,0.25,0.81,yes,"{""count_fp"":""0.81"",""created_time"":""2026-04-27T19:30:30.731244Z"",""no_price_dollars"":""0.7500"",""taker_side"":""yes"",""ticker"":""KXETH15M-26APR271545-45"",""trade_id"":""fa3152a4-0512-4c46-e3da-2293ae458e36"",""yes_price_dollars"":""0.2500""}"
KXETH15M-26APR271545-45,a5f3d5ba-e7e1-5ffe-afac-cb5af22fca72,1777318230,0.25,33.81,yes,"{""count_fp"":""33.81"",""created_time"":""2026-04-27T19:30:30.714982Z"",""no_price_dollars"":""0.7500"",""taker_side"":""yes"",""ticker"":""KXETH15M-26APR271545-45"",""trade_id"":""a5f3d5ba-e7e1-5ffe-afac-cb5af22fca72"",""yes_price_dollars"":""0.2500""}"
KXETH15M-26APR271545-45,9bbcda9a-e9be-5132-be80-69cc3a3269c6,1777318230,0.25,50.19,yes,"{""count_fp"":""50.19"",""created_time"":""2026-04-27T19:30:30.714982Z"",""no_price_dollars"":""0.7500"",""taker_side"":""yes"",""ticker"":""KXETH15M-26APR271545-45"",""trade_id"":""9bbcda9a-e9be-5132-be80-69cc3a3269c6"",""yes_price_dollars"":""0.2500""}"
KXETH15M-26APR271545-45,9484be5f-ec23-504e-fe49-ab14f1859921,1777318230,0.25,100.0,yes,"{""count_fp"":""100.00"",""created_time"":""2026-04-27T19:30:30.565971Z"",""no_price_dollars"":""0.7500"",""taker_side"":""yes"",""ticker"":""KXETH15M-26APR271545-45"",""trade_id"":""9484be5f-ec23-504e-fe49-ab14f1859921"",""yes_price_dollars"":""0.2500""}"
KXETH15M-26APR271545-45,daa1a3d4-e83d-50a7-d7d7-62fdedab6d5d,1777318232,0.3,24.0,yes,"{""count_fp"":""24.00"",""created_time"":""2026-04-27T19:30:32.963108Z"",""no_price_dollars"":""0.7000"",""taker_side"":""yes"",""ticker"":""KXETH15M-26APR271545-45"",""trade_id"":""daa1a3d4-e83d-50a7-d7d7-62fdedab6d5d"",""yes_price_dollars"":""0.3000""}"
KXETH15M-26APR271545-45,cf20d10c-4f71-60eb-5e80-23d1a4392b9d,1777318233,0.3,2.0,yes,"{""count_fp"":""2.00"",""created_time"":""2026-04-27T19:30:33.028593Z"",""no_price_dollars"":""0.7000"",""taker_side"":""yes"",""ticker"":""KXETH15M-26APR271545-45"",""trade_id"":""cf20d10c-4f71-60eb-5e80-23d1a4392b9d"",""yes_price_dollars"":""0.3000""}"
KXETH15M-26APR271545-45,4856a05a-a091-668f-bab4-00677e16328d,1777318234,0.3,5.0,yes,"{""count_fp"":""5.00"",""created_time"":""2026-04-27T19:30:34.516766Z"",""no_price_dollars"":""0.7000"",""taker_side"":""yes"",""ticker"":""KXETH15M-26APR271545-45"",""trade_id"":""4856a05a-a091-668f-bab4-00677e16328d"",""yes_price_dollars"":""0.3000""}"
KXETH15M-26APR271545-45,7a9c72b2-54d1-4a63-0782-9e27eab9a7b9,1777318234,0.3,10.0,yes,"{""count_fp"":""10.00"",""created_time"":""2026-04-27T19:30:34.233565Z"",""no_price_dollars"":""0.7000"",""taker_side"":""yes"",""ticker"":""KXETH15M-26APR271545-45"",""trade_id"":""7a9c72b2-54d1-4a63-0782-9e27eab9a7b9"",""yes_price_dollars"":""0.3000""}"
KXETH15M-26APR271545-45,5a1ecc35-a61a-4017-6a26-2f08a5454e9d,1777318235,0.32,70.0,no,"{""count_fp"":""70.00"",""created_time"":""2026-04-27T19:30:35.519518Z"",""no_price_dollars"":""0.6800"",""taker_side"":""no"",""ticker"":""KXETH15M-26APR271545-45"",""trade_id"":""5a1ecc35-a61a-4017-6a26-2f08a5454e9d"",""yes_price_dollars"":""0.3200""}"
KXETH15M-26APR271545-45,546cdd3c-14a0-4bdc-4b63-4a3b17f793dd,1777318235,0.3,70.0,yes,"{""count_fp"":""70.00"",""created_time"":""2026-04-27T19:30:35.457706Z"",""no_price_dollars"":""0.7000"",""taker_side"":""yes"",""ticker"":""KXETH15M-26APR271545-45"",""trade_id"":""546cdd3c-14a0-4bdc-4b63-4a3b17f793dd"",""yes_price_dollars"":""0.3000""}"
KXETH15M-26APR271545-45,1551202c-b471-42db-5f3d-94342cce47a9,1777318235,0.3,59.0,yes,"{""count_fp"":""59.00"",""created_time"":""2026-04-27T19:30:35.457706Z"",""no_price_dollars"":""0.7000"",""taker_side"":""yes"",""ticker"":""KXETH15M-26APR271545-45"",""trade_id"":""1551202c-b471-42db-5f3d-94342cce47a9"",""yes_price_dollars"":""0.3000""}"
KXETH15M-26APR271545-45,98b1bfc0-fe0d-6ba6-2028-a7c737d3fb34,1777318236,0.34,100.0,yes,"{""count_fp"":""100.00"",""created_time"":""2026-04-27T19:30:36.563157Z"",""no_price_dollars"":""0.6600"",""taker_side"":""yes"",""ticker"":""KXETH15M-26APR271545-45"",""trade_id"":""98b1bfc0-fe0d-6ba6-2028-a7c737d3fb34"",""yes_price_dollars"":""0.3400""}"
KXETH15M-26APR271545-45,619741a8-9f04-6805-01e4-f2920c35db7d,1777318236,0.34,20.0,yes,"{""count_fp"":""20.00"",""created_time"":""2026-04-27T19:30:36.137434Z"",""no_price_dollars"":""0.6600"",""taker_side"":""yes"",""ticker"":""KXETH15M-26APR271545-45"",""trade_id"":""619741a8-9f04-6805-01e4-f2920c35db7d"",""yes_price_dollars"":""0.3400""}"
KXETH15M-26APR271545-45,ab0d25b4-7553-4d41-c1ce-5b0ca6678f22,1777318236,0.33,1.0,yes,"{""count_fp"":""1.00"",""created_time"":""2026-04-27T19:30:36.026064Z"",""no_price_dollars"":""0.6700"",""taker_side"":""yes"",""ticker"":""KXETH15M-26APR271545-45"",""trade_id"":""ab0d25b4-7553-4d41-c1ce-5b0ca6678f22"",""yes_price_dollars"":""0.3300""}"
KXETH15M-26APR271545-45,a1077fee-458e-46ba-e0eb-fa7332480e1e,1777318236,0.33,100.0,yes,"{""count_fp"":""100.00"",""created_time"":""2026-04-27T19:30:36.026064Z"",""no_price_dollars"":""0.6700"",""taker_side"":""yes"",""ticker"":""KXETH15M-26APR271545-45"",""trade_id"":""a1077fee-458e-46ba-e0eb-fa7332480e1e"",""yes_price_dollars"":""0.3300""}"
KXETH15M-26APR271545-45,90a03c4b-8909-4f62-5051-be99803323c5,1777318238,0.36,53.17,yes,"{""count_fp"":""53.17"",""created_time"":""2026-04-27T19:30:38.665142Z"",""no_price_dollars"":""0.6400"",""taker_side"":""yes"",""ticker"":""KXETH15M-26APR271545-45"",""trade_id"":""90a03c4b-8909-4f62-5051-be99803323c5"",""yes_price_dollars"":""0.3600""}"
KXETH15M-26APR271545-45,09bc7241-5474-4458-86b9-235985d71935,1777318241,0.36,0.83,yes,"{""count_fp"":""0.83"",""created_time"":""2026-04-27T19:30:41.457083Z"",""no_price_dollars"":""0.6400"",""taker_side"":""yes"",""ticker"":""KXETH15M-26APR271545-45"",""trade_id"":""09bc7241-5474-4458-86b9-235985d71935"",""yes_price_dollars"":""0.3600""}"
KXETH15M-26APR271545-45,f80b5700-8d81-5fda-14db-5132ca2499f1,1777318241,0.36,46.83,yes,"{""count_fp"":""46.83"",""created_time"":""2026-04-27T19:30:41.446821Z"",""no_price_dollars"":""0.6400"",""taker_side"":""yes"",""ticker"":""KXETH15M-26APR271545-45"",""trade_id"":""f80b5700-8d81-5fda-14db-5132ca2499f1"",""yes_price_dollars"":""0.3600""}"
KXETH15M-26APR271545-45,7beb2637-f62c-5984-2596-492956ea12b1,1777318241,0.36,69.17,yes,"{""count_fp"":""69.17"",""created_time"":""2026-04-27T19:30:41.446821Z"",""no_price_dollars"":""0.6400"",""taker_side"":""yes"",""ticker"":""KXETH15M-26APR271545-45"",""trade_id"":""7beb2637-f62c-5984-2596-492956ea12b1"",""yes_price_dollars"":""0.3600""}"
KXETH15M-26APR271545-45,7f881642-a510-6e1e-3bd6-e5f631d4c9fd,1777318242,0.26,1.0,no,"{""count_fp"":""1.00"",""created_time"":""2026-04-27T19:30:42.987928Z"",""no_price_dollars"":""0.7400"",""taker_side"":""no"",""ticker"":""KXETH15M-26APR271545-45"",""trade_id"":""7f881642-a510-6e1e-3bd6-e5f631d4c9fd"",""yes_price_dollars"":""0.2600""}"
KXETH15M-26APR271545-45,54a59450-29c8-6562-0b99-1f0bdc1ed3c9,1777318242,0.19,8.0,no,"{""count_fp"":""8.00"",""created_time"":""2026-04-27T19:30:42.987928Z"",""no_price_dollars"":""0.8100"",""taker_side"":""no"",""ticker"":""KXETH15M-26APR271545-45"",""trade_id"":""54a59450-29c8-6562-0b99-1f0bdc1ed3c9"",""yes_price_dollars"":""0.1900""}"
KXETH15M-26APR271545-45,13ebb1f3-05ae-6b68-2daf-91a53cfaf60a,1777318242,0.19,81.0,no,"{""count_fp"":""81.00"",""created_time"":""2026-04-27T19:30:42.987928Z"",""no_price_dollars"":""0.8100"",""taker_side"":""no"",""ticker"":""KXETH15M-26APR271545-45"",""trade_id"":""13ebb1f3-05ae-6b68-2daf-91a53cfaf60a"",""yes_price_dollars"":""0.1900""}"
KXETH15M-26APR271545-45,8c23700c-f782-6244-80ec-223bb2434e01,1777318242,0.32,2.0,yes,"{""count_fp"":""2.00"",""created_time"":""2026-04-27T19:30:42.897825Z"",""no_price_dollars"":""0.6800"",""taker_side"":""yes"",""ticker"":""KXETH15M-26APR271545-45"",""trade_id"":""8c23700c-f782-6244-80ec-223bb2434e01"",""yes_price_dollars"":""0.3200""}"
KXETH15M-26APR271545-45,6108b39f-0124-6d2b-9629-d2a2fdf48f00,1777318242,0.3,1.0,yes,"{""count_fp"":""1.00"",""created_time"":""2026-04-27T19:30:42.897825Z"",""no_price_dollars"":""0.7000"",""taker_side"":""yes"",""ticker"":""KXETH15M-26APR271545-45"",""trade_id"":""6108b39f-0124-6d2b-9629-d2a2fdf48f00"",""yes_price_dollars"":""0.3000""}"
KXETH15M-26APR271545-45,61b76eea-3ada-5ba5-eb12-39e3eb4dc7b8,1777318242,0.2,2.0,no,"{""count_fp"":""2.00"",""created_time"":""2026-04-27T19:30:42.766779Z"",""no_price_dollars"":""0.8000"",""taker_side"":""no"",""ticker"":""KXETH15M-26APR271545-45"",""trade_id"":""61b76eea-3ada-5ba5-eb12-39e3eb4dc7b8"",""yes_price_dollars"":""0.2000""}"
KXETH15M-26APR271545-45,1fd3020b-3589-569e-fb85-78580020c094,1777318242,0.2,100.0,no,"{""count_fp"":""100.00"",""created_time"":""2026-04-27T19:30:42.766779Z"",""no_price_dollars"":""0.8000"",""taker_side"":""no"",""ticker"":""KXETH15M-26APR271545-45"",""trade_id"":""1fd3020b-3589-569e-fb85-78580020c094"",""yes_price_dollars"":""0.2000""}"
KXETH15M-26APR271545-45,e1c7da58-ce4c-5447-d112-d7d13b1c527d,1777318242,0.21,28.0,no,"{""count_fp"":""28.00"",""created_time"":""2026-04-27T19:30:42.765587Z"",""no_price_dollars"":""0.7900"",""taker_side"":""no"",""ticker"":""KXETH15M-26APR271545-45"",""trade_id"":""e1c7da58-ce4c-5447-d112-d7d13b1c527d"",""yes_price_dollars"":""0.2100""}"
KXETH15M-26APR271545-45,7f9ba64b-7a78-598f-f12b-26380a9af13a,1777318242,0.21,91.0,no,"{""count_fp"":""91.00"",""created_time"":""2026-04-27T19:30:42.765587Z"",""no_price_dollars"":""0.7900"",""taker_side"":""no"",""ticker"":""KXETH15M-26APR271545-45"",""trade_id"":""7f9ba64b-7a78-598f-f12b-26380a9af13a"",""yes_price_dollars"":""0.2100""}"
KXETH15M-26APR271545-45,804a5718-b1db-5cc1-69e2-716d18b60e14,1777318242,0.28,1.0,no,"{""count_fp"":""1.00"",""created_time"":""2026-04-27T19:30:42.725861Z"",""no_price_dollars"":""0.7200"",""taker_side"":""no"",""ticker"":""KXETH15M-26APR271545-45"",""trade_id"":""804a5718-b1db-5cc1-69e2-716d18b60e14"",""yes_price_dollars"":""0.2800""}"
KXETH15M-26APR271545-45,a58a6ed7-68a8-5187-f905-3afafda2c4aa,1777318242,0.21,141.0,no,"{""count_fp"":""141.00"",""created_time"":""2026-04-27T19:30:42.706366Z"",""no_price_dollars"":""0.7900"",""taker_side"":""no"",""ticker"":""KXETH15M-26APR271545-45"",""trade_id"":""a58a6ed7-68a8-5187-f905-3afafda2c4aa"",""yes_price_dollars"":""0.2100""}"
KXETH15M-26APR271545-45,fa75c725-f59f-4456-611b-5dce2e35c290,1777318242,0.22,20.0,no,"{""count_fp"":""20.00"",""created_time"":""2026-04-27T19:30:42.611595Z"",""no_price_dollars"":""0.7800"",""taker_side"":""no"",""ticker"":""KXETH15M-26APR271545-45"",""trade_id"":""fa75c725-f59f-4456-611b-5dce2e35c290"",""yes_price_dollars"":""0.2200""}"
KXETH15M-26APR271545-45,400d45f9-e8a9-4a88-527c-d029358e91ff,1777318242,0.3,1.0,no,"{""count_fp"":""1.00"",""created_time"":""2026-04-27T19:30:42.605214Z"",""no_price_dollars"":""0.7000"",""taker_side"":""no"",""ticker"":""KXETH15M-26APR271545-45"",""trade_id"":""400d45f9-e8a9-4a88-527c-d029358e91ff"",""yes_price_dollars"":""0.3000""}"
KXETH15M-26APR271545-45,73a4b621-fc38-6c42-e625-a8391a270671,1777318242,0.25,20.0,no,"{""count_fp"":""20.00"",""created_time"":""2026-04-27T19:30:42.555624Z"",""no_price_dollars"":""0.7500"",""taker_side"":""no"",""ticker"":""KXETH15M-26APR271545-45"",""trade_id"":""73a4b621-fc38-6c42-e625-a8391a270671"",""yes_price_dollars"":""0.2500""}"
KXETH15M-26APR271545-45,85af35f9-b962-60fb-392c-05811842c5c1,1777318242,0.3,220.0,no,"{""count_fp"":""220.00"",""created_time"":""2026-04-27T19:30:42.532356Z"",""no_price_dollars"":""0.7000"",""taker_side"":""no"",""ticker"":""KXETH15M-26APR271545-45"",""trade_id"":""85af35f9-b962-60fb-392c-05811842c5c1"",""yes_price_dollars"":""0.3000""}"
KXETH15M-26APR271545-45,1a501f7e-6963-573b-34dc-356dfadf9fa8,1777318242,0.33,1.0,no,"{""count_fp"":""1.00"",""created_time"":""2026-04-27T19:30:42.505872Z"",""no_price_dollars"":""0.6700"",""taker_side"":""no"",""ticker"":""KXETH15M-26APR271545-45"",""trade_id"":""1a501f7e-6963-573b-34dc-356dfadf9fa8"",""yes_price_dollars"":""0.3300""}"
KXETH15M-26APR271545-45,fc8786e4-323a-6848-a5cc-a4df5df4e6b9,1777318243,0.17,12.0,no,"{""count_fp"":""12.00"",""created_time"":""2026-04-27T19:30:43.322355Z"",""no_price_dollars"":""0.8300"",""taker_side"":""no"",""ticker"":""KXETH15M-26APR271545-45"",""trade_id"":""fc8786e4-323a-6848-a5cc-a4df5df4e6b9"",""yes_price_dollars"":""0.1700""}"
KXETH15M-26APR271545-45,dc8df2ab-64ee-6098-b0ad-e32ffa4d29fd,1777318243,0.17,101.0,no,"{""count_fp"":""101.00"",""created_time"":""2026-04-27T19:30:43.322355Z"",""no_price_dollars"":""0.8300"",""taker_side"":""no"",""ticker"":""KXETH15M-26APR271545-45"",""trade_id"":""dc8df2ab-64ee-6098-b0ad-e32ffa4d29fd"",""yes_price_dollars"":""0.1700""}"
KXETH15M-26APR271545-45,a8640e9e-8023-4df8-6b0c-45897387f14b,1777318243,0.25,1.0,no,"{""count_fp"":""1.00"",""created_time"":""2026-04-27T19:30:43.010569Z"",""no_price_dollars"":""0.7500"",""taker_side"":""no"",""ticker"":""KXETH15M-26APR271545-45"",""trade_id"":""a8640e9e-8023-4df8-6b0c-45897387f14b"",""yes_price_dollars"":""0.2500""}"
KXETH15M-26APR271545-45,ff145c73-767f-6df9-b051-c797b78f7dcd,1777318244,0.16,70.0,no,"{""count_fp"":""70.00"",""created_time"":""2026-04-27T19:30:44.143035Z"",""no_price_dollars"":""0.8400"",""taker_side"":""no"",""ticker"":""KXETH15M-26APR271545-45"",""trade_id"":""ff145c73-767f-6df9-b051-c797b78f7dcd"",""yes_price_dollars"":""0.1600""}"
KXETH15M-26APR271545-45,fb7c6e83-155c-616e-bb88-d4e38782f342,1777318244,0.16,8.0,no,"{""count_fp"":""8.00"",""created_time"":""2026-04-27T19:30:44.143035Z"",""no_price_dollars"":""0.8400"",""taker_side"":""no"",""ticker"":""KXETH15M-26APR271545-45"",""trade_id"":""fb7c6e83-155c-616e-bb88-d4e38782f342"",""yes_price_dollars"":""0.1600""}"
KXETH15M-26APR271545-45,bf009a75-ba7e-7b6f-b972-018c18eaf980,1777318245,0.15,81.0,no,"{""count_fp"":""81.00"",""created_time"":""2026-04-27T19:30:45.169709Z"",""no_price_dollars"":""0.8500"",""taker_side"":""no"",""ticker"":""KXETH15M-26APR271545-45"",""trade_id"":""bf009a75-ba7e-7b6f-b972-018c18eaf980"",""yes_price_dollars"":""0.1500""}"
KXETH15M-26APR271545-45,19610979-af79-7a9f-a932-84fbe8572622,1777318245,0.15,2.0,no,"{""count_fp"":""2.00"",""created_time"":""2026-04-27T19:30:45.169709Z"",""no_price_dollars"":""0.8500"",""taker_side"":""no"",""ticker"":""KXETH15M-26APR271545-45"",""trade_id"":""19610979-af79-7a9f-a932-84fbe8572622"",""yes_price_dollars"":""0.1500""}"
KXETH15M-26APR271545-45,ed16dfae-2f3a-7288-9fab-1c20f18f9dcd,1777318247,0.14,100.0,yes,"{""count_fp"":""100.00"",""created_time"":""2026-04-27T19:30:47.855093Z"",""no_price_dollars"":""0.8600"",""taker_side"":""yes"",""ticker"":""KXETH15M-26APR271545-45"",""trade_id"":""ed16dfae-2f3a-7288-9fab-1c20f18f9dcd"",""yes_price_dollars"":""0.1400""}"
KXETH15M-26APR271545-45,dd355bcc-94b4-7cc2-be8b-1faf89a224cf,1777318247,0.14,10.0,yes,"{""count_fp"":""10.00"",""created_time"":""2026-04-27T19:30:47.855093Z"",""no_price_dollars"":""0.8600"",""taker_side"":""yes"",""ticker"":""KXETH15M-26APR271545-45"",""trade_id"":""dd355bcc-94b4-7cc2-be8b-1faf89a224cf"",""yes_price_dollars"":""0.1400""}"
KXETH15M-26APR271545-45,4e3870dc-a9fa-4ca4-c423-4f9f8c8d9e91,1777318248,0.15,100.0,yes,"{""count_fp"":""100.00"",""created_time"":""2026-04-27T19:30:48.125503Z"",""no_price_dollars"":""0.8500"",""taker_side"":""yes"",""ticker"":""KXETH15M-26APR271545-45"",""trade_id"":""4e3870dc-a9fa-4ca4-c423-4f9f8c8d9e91"",""yes_price_dollars"":""0.1500""}"
KXETH15M-26APR271545-45,9e342153-07e5-48d0-baa4-13b6a240f469,1777318249,0.16,463.0,yes,"{""count_fp"":""463.00"",""created_time"":""2026-04-27T19:30:49.085865Z"",""no_price_dollars"":""0.8400"",""taker_side"":""yes"",""ticker"":""KXETH15M-26APR271545-45"",""trade_id"":""9e342153-07e5-48d0-baa4-13b6a240f469"",""yes_price_dollars"":""0.1600""}"
KXETH15M-26APR271545-45,ae68f78b-a53d-6238-98ba-a07648f22cd9,1777318249,0.16,567.0,yes,"{""count_fp"":""567.00"",""created_time"":""2026-04-27T19:30:49.071855Z"",""no_price_dollars"":""0.8400"",""taker_side"":""yes"",""ticker"":""KXETH15M-26APR271545-45"",""trade_id"":""ae68f78b-a53d-6238-98ba-a07648f22cd9"",""yes_price_dollars"":""0.1600""}"
KXETH15M-26APR271545-45,2fd7b09e-57d6-75e9-316c-0219c6002f8e,1777318250,0.19,10.0,yes,"{""count_fp"":""10.00"",""created_time"":""2026-04-27T19:30:50.612245Z"",""no_price_dollars"":""0.8100"",""taker_side"":""yes"",""ticker"":""KXETH15M-26APR271545-45"",""trade_id"":""2fd7b09e-57d6-75e9-316c-0219c6002f8e"",""yes_price_dollars"":""0.1900""}"
KXETH15M-26APR271545-45,28ab0e0a-fa14-7fbb-15ff-01cfec340604,1777318250,0.19,100.0,yes,"{""count_fp"":""100.00"",""created_time"":""2026-04-27T19:30:50.612245Z"",""no_price_dollars"":""0.8100"",""taker_side"":""yes"",""ticker"":""KXETH15M-26APR271545-45"",""trade_id"":""28ab0e0a-fa14-7fbb-15ff-01cfec340604"",""yes_price_dollars"":""0.1900""}"
KXETH15M-26APR271545-45,5a0e2545-07eb-6fbe-2e03-81e4be0ea8b0,1777318252,0.2,100.0,yes,"{""count_fp"":""100.00"",""created_time"":""2026-04-27T19:30:52.385298Z"",""no_price_dollars"":""0.8000"",""taker_side"":""yes"",""ticker"":""KXETH15M-26APR271545-45"",""trade_id"":""5a0e2545-07eb-6fbe-2e03-81e4be0ea8b0"",""yes_price_dollars"":""0.2000""}"
KXETH15M-26APR271545-45,5efb1649-a9a8-555a-8eaf-b6b92d3d0039,1777318253,0.19,1.0,no,"{""count_fp"":""1.00"",""created_time"":""2026-04-27T19:30:53.365751Z"",""no_price_dollars"":""0.8100"",""taker_side"":""no"",""ticker"":""KXETH15M-26APR271545-45"",""trade_id"":""5efb1649-a9a8-555a-8eaf-b6b92d3d0039"",""yes_price_dollars"":""0.1900""}"
KXETH15M-26APR271545-45,e4e91df3-3cd5-5c5f-1665-563c4fd519b0,1777318253,0.21,100.0,yes,"{""count_fp"":""100.00"",""created_time"":""2026-04-27T19:30:53.317947Z"",""no_price_dollars"":""0.7900"",""taker_side"":""yes"",""ticker"":""KXETH15M-26APR271545-45"",""trade_id"":""e4e91df3-3cd5-5c5f-1665-563c4fd519b0"",""yes_price_dollars"":""0.2100""}"
KXETH15M-26APR271545-45,70a52804-365e-5d89-3b79-40de7435bb9b,1777318253,0.21,1.0,yes,"{""count_fp"":""1.00"",""created_time"":""2026-04-27T19:30:53.317947Z"",""no_price_dollars"":""0.7900"",""taker_side"":""yes"",""ticker"":""KXETH15M-26APR271545-45"",""trade_id"":""70a52804-365e-5d89-3b79-40de7435bb9b"",""yes_price_dollars"":""0.2100""}"
KXETH15M-26APR271545-45,2c63bfd5-96fd-6c15-faf8-7255db98827a,1777318256,0.21,26.75,yes,"{""count_fp"":""26.75"",""created_time"":""2026-04-27T19:30:56.884325Z"",""no_price_dollars"":""0.7900"",""taker_side"":""yes"",""ticker"":""KXETH15M-26APR271545-45"",""trade_id"":""2c63bfd5-96fd-6c15-faf8-7255db98827a"",""yes_price_dollars"":""0.2100""}"
KXETH15M-26APR271545-45,5baf7169-cda0-7e1e-9678-8027089f2329,1777318258,0.22,1.0,no,"{""count_fp"":""1.00"",""created_time"":""2026-04-27T19:30:58.842507Z"",""no_price_dollars"":""0.7800"",""taker_side"":""no"",""ticker"":""KXETH15M-26APR271545-45"",""trade_id"":""5baf7169-cda0-7e1e-9678-8027089f2329"",""yes_price_dollars"":""0.2200""}"
KXETH15M-26APR271545-45,c0101ac8-bf58-7ec6-7e29-ecb82afdae69,1777318258,0.22,1.0,no,"{""count_fp"":""1.00"",""created_time"":""2026-04-27T19:30:58.816529Z"",""no_price_dollars"":""0.7800"",""taker_side"":""no"",""ticker"":""KXETH15M-26APR271545-45"",""trade_id"":""c0101ac8-bf58-7ec6-7e29-ecb82afdae69"",""yes_price_dollars"":""0.2200""}"
KXETH15M-26APR271545-45,d18d9e64-a740-779e-6e3f-be4aac7ff94d,1777318260,0.19,1.0,no,"{""count_fp"":""1.00"",""created_time"":""2026-04-27T19:31:00.656584Z"",""no_price_dollars"":""0.8100"",""taker_side"":""no"",""ticker"":""KXETH15M-26APR271545-45"",""trade_id"":""d18d9e64-a740-779e-6e3f-be4aac7ff94d"",""yes_price_dollars"":""0.1900""}"
KXETH15M-26APR271545-45,a0aa7de3-5cad-6ee1-2e6e-445a005e610a,1777318262,0.2,15.0,yes,"{""count_fp"":""15.00"",""created_time"":""2026-04-27T19:31:02.902336Z"",""no_price_dollars"":""0.8000"",""taker_side"":""yes"",""ticker"":""KXETH15M-26APR271545-45"",""trade_id"":""a0aa7de3-5cad-6ee1-2e6e-445a005e610a"",""yes_price_dollars"":""0.2000""}"
KXETH15M-26APR271545-45,9b7f0344-e454-566a-8683-3c488981727d,1777318262,0.2,2.36,yes,"{""count_fp"":""2.36"",""created_time"":""2026-04-27T19:31:02.797482Z"",""no_price_dollars"":""0.8000"",""taker_side"":""yes"",""ticker"":""KXETH15M-26APR271545-45"",""trade_id"":""9b7f0344-e454-566a-8683-3c488981727d"",""yes_price_dollars"":""0.2000""}"
KXETH15M-26APR271545-45,0a3c980f-e198-66ae-aa5b-6506dae2e879,1777318263,0.19,60.91,no,"{""count_fp"":""60.91"",""created_time"":""2026-04-27T19:31:03.378596Z"",""no_price_dollars"":""0.8100"",""taker_side"":""no"",""ticker"":""KXETH15M-26APR271545-45"",""trade_id"":""0a3c980f-e198-66ae-aa5b-6506dae2e879"",""yes_price_dollars"":""0.1900""}"
KXETH15M-26APR271545-45,af6ff742-ea07-6e19-0c2b-6432c87eb213,1777318266,0.2,1.0,no,"{""count_fp"":""1.00"",""created_time"":""2026-04-27T19:31:06.583878Z"",""no_price_dollars"":""0.8000"",""taker_side"":""no"",""ticker"":""KXETH15M-26APR271545-45"",""trade_id"":""af6ff742-ea07-6e19-0c2b-6432c87eb213"",""yes_price_dollars"":""0.2000""}"
KXETH15M-26APR271545-45,8db5b5fb-d8c8-6e4e-0022-12102c71d72d,1777318266,0.19,5.09,no,"{""count_fp"":""5.09"",""created_time"":""2026-04-27T19:31:06.583878Z"",""no_price_dollars"":""0.8100"",""taker_side"":""no"",""ticker"":""KXETH15M-26APR271545-45"",""trade_id"":""8db5b5fb-d8c8-6e4e-0022-12102c71d72d"",""yes_price_dollars"":""0.1900""}"
KXETH15M-26APR271545-45,d11e47d5-914c-765d-1da0-d368f9bd8a55,1777318266,0.2,13.0,yes,"{""count_fp"":""13.00"",""created_time"":""2026-04-27T19:31:06.081666Z"",""no_price_dollars"":""0.8000"",""taker_side"":""yes"",""ticker"":""KXETH15M-26APR271545-45"",""trade_id"":""d11e47d5-914c-765d-1da0-d368f9bd8a55"",""yes_price_dollars"":""0.2000""}"
KXETH15M-26APR271545-45,20a4091d-658e-7284-139d-6c17fbd4acc7,1777318266,0.2,10.0,yes,"{""count_fp"":""10.00"",""created_time"":""2026-04-27T19:31:06.081666Z"",""no_price_dollars"":""0.8000"",""taker_side"":""yes"",""ticker"":""KXETH15M-26APR271545-45"",""trade_id"":""20a4091d-658e-7284-139d-6c17fbd4acc7"",""yes_price_dollars"":""0.2000""}"
KXETH15M-26APR271545-45,aafc97bd-acb9-79e0-4993-920eac1f9b49,1777318268,0.21,10.0,yes,"{""count_fp"":""10.00"",""created_time"":""2026-04-27T19:31:08.617479Z"",""no_price_dollars"":""0.7900"",""taker_side"":""yes"",""ticker"":""KXETH15M-26APR271545-45"",""trade_id"":""aafc97bd-acb9-79e0-4993-920eac1f9b49"",""yes_price_dollars"":""0.2100""}"
KXETH15M-26APR271545-45,c2cc1bef-a3bc-67b2-a1ef-0cce07327ed9,1777318270,0.21,1.0,no,"{""count_fp"":""1.00"",""created_time"":""2026-04-27T19:31:10.639824Z"",""no_price_dollars"":""0.7900"",""taker_side"":""no"",""ticker"":""KXETH15M-26APR271545-45"",""trade_id"":""c2cc1bef-a3bc-67b2-a1ef-0cce07327ed9"",""yes_price_dollars"":""0.2100""}"
KXETH15M-26APR271545-45,5b2da4ab-ff6b-77aa-4dde-7c159baca38f,1777318271,0.22,1.0,yes,"{""count_fp"":""1.00"",""created_time"":""2026-04-27T19:31:11.989222Z"",""no_price_dollars"":""0.7800"",""taker_side"":""yes"",""ticker"":""KXETH15M-26APR271545-45"",""trade_id"":""5b2da4ab-ff6b-77aa-4dde-7c159baca38f"",""yes_price_dollars"":""0.2200""}"
KXETH15M-26APR271545-45,32061091-5fef-696e-124c-0311ea81d07b,1777318272,0.22,1.0,yes,"{""count_fp"":""1.00"",""created_time"":""2026-04-27T19:31:12.884191Z"",""no_price_dollars"":""0.7800"",""taker_side"":""yes"",""ticker"":""KXETH15M-26APR271545-45"",""trade_id"":""32061091-5fef-696e-124c-0311ea81d07b"",""yes_price_dollars"":""0.2200""}"
KXETH15M-26APR271545-45,008113b5-8890-4242-f112-d813eadc2569,1777318278,0.26,3.0,no,"{""count_fp"":""3.00"",""created_time"":""2026-04-27T19:31:18.958663Z"",""no_price_dollars"":""0.7400"",""taker_side"":""no"",""ticker"":""KXETH15M-26APR271545-45"",""trade_id"":""008113b5-8890-4242-f112-d813eadc2569"",""yes_price_dollars"":""0.2600""}"
KXETH15M-26APR271545-45,18b92ff5-230d-77ee-9709-1aff6e550d9c,1777318280,0.28,1.0,yes,"{""count_fp"":""1.00"",""created_time"":""2026-04-27T19:31:20.740209Z"",""no_price_dollars"":""0.7200"",""taker_side"":""yes"",""ticker"":""KXETH15M-26APR271545-45"",""trade_id"":""18b92ff5-230d-77ee-9709-1aff6e550d9c"",""yes_price_dollars"":""0.2800""}"
KXETH15M-26APR271545-45,064dfa33-87bd-774d-a007-13bceac012ea,1777318280,0.28,39.0,yes,"{""count_fp"":""39.00"",""created_time"":""2026-04-27T19:31:20.740209Z"",""no_price_dollars"":""0.7200"",""taker_side"":""yes"",""ticker"":""KXETH15M-26APR271545-45"",""trade_id"":""064dfa33-87bd-774d-a007-13bceac012ea"",""yes_price_dollars"":""0.2800""}"
KXETH15M-26APR271545-45,703be5ce-ab34-41a4-9647-622499d89b52,1777318287,0.3,1.0,yes,"{""count_fp"":""1.00"",""created_time"":""2026-04-27T19:31:27.995418Z"",""no_price_dollars"":""0.7000"",""taker_side"":""yes"",""ticker"":""KXETH15M-26APR271545-45"",""trade_id"":""703be5ce-ab34-41a4-9647-622499d89b52"",""yes_price_dollars"":""0.3000""}"
KXETH15M-26APR271545-45,5f6c42d9-543c-76a2-e167-5dfd99e09821,1777318288,0.3,9.0,no,"{""count_fp"":""9.00"",""created_time"":""2026-04-27T19:31:28.895465Z"",""no_price_dollars"":""0.7000"",""taker_side"":""no"",""ticker"":""KXETH15M-26APR271545-45"",""trade_id"":""5f6c42d9-543c-76a2-e167-5dfd99e09821"",""yes_price_dollars"":""0.3000""}"
KXETH15M-26APR271545-45,71e18563-78e1-4960-5e29-1457a1ea987b,1777318291,0.29,6.72,no,"{""count_fp"":""6.72"",""created_time"":""2026-04-27T19:31:31.208557Z"",""no_price_dollars"":""0.7100"",""taker_side"":""no"",""ticker"":""KXETH15M-26APR271545-45"",""trade_id"":""71e18563-78e1-4960-5e29-1457a1ea987b"",""yes_price_dollars"":""0.2900""}"
KXETH15M-26APR271545-45,7e21a727-5cc8-4c5e-3d78-8142437f14dd,1777318295,0.29,13.62,no,"{""count_fp"":""13.62"",""created_time"":""2026-04-27T19:31:35.970555Z"",""no_price_dollars"":""0.7100"",""taker_side"":""no"",""ticker"":""KXETH15M-26APR271545-45"",""trade_id"":""7e21a727-5cc8-4c5e-3d78-8142437f14dd"",""yes_price_dollars"":""0.2900""}"
KXETH15M-26APR271545-45,64733377-2210-4b8a-3913-68742645db65,1777318298,0.32,71.91,no,"{""count_fp"":""71.91"",""created_time"":""2026-04-27T19:31:38.907086Z"",""no_price_dollars"":""0.6800"",""taker_side"":""no"",""ticker"":""KXETH15M-26APR271545-45"",""trade_id"":""64733377-2210-4b8a-3913-68742645db65"",""yes_price_dollars"":""0.3200""}"
KXETH15M-26APR271545-45,a3c622f4-865e-5983-b0f8-5d8450102609,1777318305,0.35,1.0,no,"{""count_fp"":""1.00"",""created_time"":""2026-04-27T19:31:45.031607Z"",""no_price_dollars"":""0.6500"",""taker_side"":""no"",""ticker"":""KXETH15M-26APR271545-45"",""trade_id"":""a3c622f4-865e-5983-b0f8-5d8450102609"",""yes_price_dollars"":""0.3500""}"
KXETH15M-26APR271545-45,b967ff0a-b48a-424e-0f4e-d5ef73a7f0bf,1777318307,0.36,1.0,yes,"{""count_fp"":""1.00"",""created_time"":""2026-04-27T19:31:47.813015Z"",""no_price_dollars"":""0.6400"",""taker_side"":""yes"",""ticker"":""KXETH15M-26APR271545-45"",""trade_id"":""b967ff0a-b48a-424e-0f4e-d5ef73a7f0bf"",""yes_price_dollars"":""0.3600""}"
KXETH15M-26APR271545-45,58df517c-598a-4b92-a4a8-f7c95f48a9cf,1777318308,0.36,199.0,yes,"{""count_fp"":""199.00"",""created_time"":""2026-04-27T19:31:48.153485Z"",""no_price_dollars"":""0.6400"",""taker_side"":""yes"",""ticker"":""KXETH15M-26APR271545-45"",""trade_id"":""58df517c-598a-4b92-a4a8-f7c95f48a9cf"",""yes_price_dollars"":""0.3600""}"
KXETH15M-26APR271545-45,a7ebdb56-cbc1-4ea3-186c-24ddefa4cd4b,1777318315,0.38,1.11,yes,"{""count_fp"":""1.11"",""created_time"":""2026-04-27T19:31:55.461707Z"",""no_price_dollars"":""0.6200"",""taker_side"":""yes"",""ticker"":""KXETH15M-26APR271545-45"",""trade_id"":""a7ebdb56-cbc1-4ea3-186c-24ddefa4cd4b"",""yes_price_dollars"":""0.3800""}"
KXETH15M-26APR271545-45,a672da4a-1691-4a8a-3ea0-d9aa2ab91419,1777318315,0.37,3.0,yes,"{""count_fp"":""3.00"",""created_time"":""2026-04-27T19:31:55.461707Z"",""no_price_dollars"":""0.6300"",""taker_side"":""yes"",""ticker"":""KXETH15M-26APR271545-45"",""trade_id"":""a672da4a-1691-4a8a-3ea0-d9aa2ab91419"",""yes_price_dollars"":""0.3700""}"
KXETH15M-26APR271545-45,1458252f-a804-455a-0986-d24d4cb70cd9,1777318315,0.37,1.0,yes,"{""count_fp"":""1.00"",""created_time"":""2026-04-27T19:31:55.461707Z"",""no_price_dollars"":""0.6300"",""taker_side"":""yes"",""ticker"":""KXETH15M-26APR271545-45"",""trade_id"":""1458252f-a804-455a-0986-d24d4cb70cd9"",""yes_price_dollars"":""0.3700""}"
KXETH15M-26APR271545-45,2163c72e-988b-55dc-16df-af5eb872bd46,1777318315,0.35,3.0,no,"{""count_fp"":""3.00"",""created_time"":""2026-04-27T19:31:55.301118Z"",""no_price_dollars"":""0.6500"",""taker_side"":""no"",""ticker"":""KXETH15M-26APR271545-45"",""trade_id"":""2163c72e-988b-55dc-16df-af5eb872bd46"",""yes_price_dollars"":""0.3500""}"
KXETH15M-26APR271545-45,13cc5555-fc0d-6eef-ed18-2719442fd96b,1777318317,0.38,2.52,yes,"{""count_fp"":""2.52"",""created_time"":""2026-04-27T19:31:57.653937Z"",""no_price_dollars"":""0.6200"",""taker_side"":""yes"",""ticker"":""KXETH15M-26APR271545-45"",""trade_id"":""13cc5555-fc0d-6eef-ed18-2719442fd96b"",""yes_price_dollars"":""0.3800""}"
KXETH15M-26APR271545-45,1e63c54b-2cc5-45b3-3a9a-f082cdcb915b,1777318319,0.38,12.61,yes,"{""count_fp"":""12.61"",""created_time"":""2026-04-27T19:31:59.735717Z"",""no_price_dollars"":""0.6200"",""taker_side"":""yes"",""ticker"":""KXETH15M-26APR271545-45"",""trade_id"":""1e63c54b-2cc5-45b3-3a9a-f082cdcb915b"",""yes_price_dollars"":""0.3800""}"
KXETH15M-26APR271545-45,2b6a88ec-b1fa-6007-7947-e99b596e1edc,1777318319,0.35,1.0,no,"{""count_fp"":""1.00"",""created_time"":""2026-04-27T19:31:59.299967Z"",""no_price_dollars"":""0.6500"",""taker_side"":""no"",""ticker"":""KXETH15M-26APR271545-45"",""trade_id"":""2b6a88ec-b1fa-6007-7947-e99b596e1edc"",""yes_price_dollars"":""0.3500""}"
KXETH15M-26APR271545-45,be1b7ae6-3cc4-6fce-3342-1ce904d73b51,1777318321,0.34,20.0,no,"{""count_fp"":""20.00"",""created_time"":""2026-04-27T19:32:01.913303Z"",""no_price_dollars"":""0.6600"",""taker_side"":""no"",""ticker"":""KXETH15M-26APR271545-45"",""trade_id"":""be1b7ae6-3cc4-6fce-3342-1ce904d73b51"",""yes_price_dollars"":""0.3400""}"
KXETH15M-26APR271545-45,bb9e24cb-10f0-6484-014e-e507a2cd4b1e,1777318321,0.35,10.0,no,"{""count_fp"":""10.00"",""created_time"":""2026-04-27T19:32:01.913303Z"",""no_price_dollars"":""0.6500"",""taker_side"":""no"",""ticker"":""KXETH15M-26APR271545-45"",""trade_id"":""bb9e24cb-10f0-6484-014e-e507a2cd4b1e"",""yes_price_dollars"":""0.3500""}"
KXETH15M-26APR271545-45,d1d6636f-f5b6-4f33-e4cf-c21191bcbbaa,1777318321,0.35,1.0,no,"{""count_fp"":""1.00"",""created_time"":""2026-04-27T19:32:01.549069Z"",""no_price_dollars"":""0.6500"",""taker_side"":""no"",""ticker"":""KXETH15M-26APR271545-45"",""trade_id"":""d1d6636f-f5b6-4f33-e4cf-c21191bcbbaa"",""yes_price_dollars"":""0.3500""}"
KXETH15M-26APR271545-45,4335c324-09eb-430b-b855-3416f6058835,1777318321,0.35,2.0,yes,"{""count_fp"":""2.00"",""created_time"":""2026-04-27T19:32:01.260415Z"",""no_price_dollars"":""0.6500"",""taker_side"":""yes"",""ticker"":""KXETH15M-26APR271545-45"",""trade_id"":""4335c324-09eb-430b-b855-3416f6058835"",""yes_price_dollars"":""0.3500""}"
KXETH15M-26APR271545-45,704a1e28-28b9-683b-259b-081089704ddf,1777318324,0.38,25.22,yes,"{""count_fp"":""25.22"",""created_time"":""2026-04-27T19:32:04.745483Z"",""no_price_dollars"":""0.6200"",""taker_side"":""yes"",""ticker"":""KXETH15M-26APR271545-45"",""trade_id"":""704a1e28-28b9-683b-259b-081089704ddf"",""yes_price_dollars"":""0.3800""}"
KXETH15M-26APR271545-45,878e52e3-2a85-4747-8ec9-60950fa76cb3,1777318333,0.38,7.56,yes,"{""count_fp"":""7.56"",""created_time"":""2026-04-27T19:32:13.717376Z"",""no_price_dollars"":""0.6200"",""taker_side"":""yes"",""ticker"":""KXETH15M-26APR271545-45"",""trade_id"":""878e52e3-2a85-4747-8ec9-60950fa76cb3"",""yes_price_dollars"":""0.3800""}"
KXETH15M-26APR271545-45,96fbadf6-e055-70fb-a51f-bf9fd760b0a7,1777318336,0.38,36.98,yes,"{""count_fp"":""36.98"",""created_time"":""2026-04-27T19:32:16.945936Z"",""no_price_dollars"":""0.6200"",""taker_side"":""yes"",""ticker"":""KXETH15M-26APR271545-45"",""trade_id"":""96fbadf6-e055-70fb-a51f-bf9fd760b0a7"",""yes_price_dollars"":""0.3800""}"
KXETH15M-26APR271545-45,cd45b3bc-d54d-47f4-9ff2-c87d89a80c2d,1777318338,0.4,4.0,yes,"{""count_fp"":""4.00"",""created_time"":""2026-04-27T19:32:18.765008Z"",""no_price_dollars"":""0.6000"",""taker_side"":""yes"",""ticker"":""KXETH15M-26APR271545-45"",""trade_id"":""cd45b3bc-d54d-47f4-9ff2-c87d89a80c2d"",""yes_price_dollars"":""0.4000""}"
KXETH15M-26APR271545-45,b429d499-2a0b-4dad-b42c-5d04f051926c,1777318338,0.4,35.0,yes,"{""count_fp"":""35.00"",""created_time"":""2026-04-27T19:32:18.765008Z"",""no_price_dollars"":""0.6000"",""taker_side"":""yes"",""ticker"":""KXETH15M-26APR271545-45"",""trade_id"":""b429d499-2a0b-4dad-b42c-5d04f051926c"",""yes_price_dollars"":""0.4000""}"
KXETH15M-26APR271545-45,41ea56cc-e2e3-45e8-bc5f-9d800f64eb7c,1777318338,0.4,1.0,yes,"{""count_fp"":""1.00"",""created_time"":""2026-04-27T19:32:18.765008Z"",""no_price_dollars"":""0.6000"",""taker_side"":""yes"",""ticker"":""KXETH15M-26APR271545-45"",""trade_id"":""41ea56cc-e2e3-45e8-bc5f-9d800f64eb7c"",""yes_price_dollars"":""0.4000""}"
KXETH15M-26APR271545-45,1afce32e-ecbd-4b15-8f96-2331929c2e0e,1777318338,0.4,65.55,yes,"{""count_fp"":""65.55"",""created_time"":""2026-04-27T19:32:18.765008Z"",""no_price_dollars"":""0.6000"",""taker_side"":""yes"",""ticker"":""KXETH15M-26APR271545-45"",""trade_id"":""1afce32e-ecbd-4b15-8f96-2331929c2e0e"",""yes_price_dollars"":""0.4000""}"
KXETH15M-26APR271545-45,e3c72c8b-03f6-482b-714a-2d6f54bc64c1,1777318338,0.39,1.0,no,"{""count_fp"":""1.00"",""created_time"":""2026-04-27T19:32:18.335484Z"",""no_price_dollars"":""0.6100"",""taker_side"":""no"",""ticker"":""KXETH15M-26APR271545-45"",""trade_id"":""e3c72c8b-03f6-482b-714a-2d6f54bc64c1"",""yes_price_dollars"":""0.3900""}"
KXETH15M-26APR271545-45,93f1b93d-c52a-4ab9-5cc9-3232426150af,1777318338,0.39,9.0,no,"{""count_fp"":""9.00"",""created_time"":""2026-04-27T19:32:18.335484Z"",""no_price_dollars"":""0.6100"",""taker_side"":""no"",""ticker"":""KXETH15M-26APR271545-45"",""trade_id"":""93f1b93d-c52a-4ab9-5cc9-3232426150af"",""yes_price_dollars"":""0.3900""}"
KXETH15M-26APR271545-45,a12aae55-bf5e-4848-20bb-0be372bb6414,1777318339,0.4,1.0,yes,"{""count_fp"":""1.00"",""created_time"":""2026-04-27T19:32:19.811449Z"",""no_price_dollars"":""0.6000"",""taker_side"":""yes"",""ticker"":""KXETH15M-26APR271545-45"",""trade_id"":""a12aae55-bf5e-4848-20bb-0be372bb6414"",""yes_price_dollars"":""0.4000""}"
KXETH15M-26APR271545-45,916116a4-d9b8-4760-749d-b28faeccdc44,1777318346,0.37,1.0,no,"{""count_fp"":""1.00"",""created_time"":""2026-04-27T19:32:26.479027Z"",""no_price_dollars"":""0.6300"",""taker_side"":""no"",""ticker"":""KXETH15M-26APR271545-45"",""trade_id"":""916116a4-d9b8-4760-749d-b28faeccdc44"",""yes_price_dollars"":""0.3700""}"
KXETH15M-26APR271545-45,c257a96a-c025-6ae0-2442-691198a31f06,1777318352,0.38,10.73,yes,"{""count_fp"":""10.73"",""created_time"":""2026-04-27T19:32:32.341841Z"",""no_price_dollars"":""0.6200"",""taker_side"":""yes"",""ticker"":""KXETH15M-26APR271545-45"",""trade_id"":""c257a96a-c025-6ae0-2442-691198a31f06"",""yes_price_dollars"":""0.3800""}"
KXETH15M-26APR271545-45,502b7cdd-044b-645c-0b62-81ff155ee1b7,1777318352,0.38,1.0,yes,"{""count_fp"":""1.00"",""created_time"":""2026-04-27T19:32:32.341841Z"",""no_price_dollars"":""0.6200"",""taker_side"":""yes"",""ticker"":""KXETH15M-26APR271545-45"",""trade_id"":""502b7cdd-044b-645c-0b62-81ff155ee1b7"",""yes_price_dollars"":""0.3800""}"
KXETH15M-26APR271545-45,a2a4b506-86dd-6127-937b-698573428679,1777318358,0.33,17.63,no,"{""count_fp"":""17.63"",""created_time"":""2026-04-27T19:32:38.412193Z"",""no_price_dollars"":""0.6700"",""taker_side"":""no"",""ticker"":""KXETH15M-26APR271545-45"",""trade_id"":""a2a4b506-86dd-6127-937b-698573428679"",""yes_price_dollars"":""0.3300""}"
KXETH15M-26APR271545-45,772eb247-a0fb-696a-8ce8-f12db0bd7ca3,1777318358,0.33,10.0,no,"{""count_fp"":""10.00"",""created_time"":""2026-04-27T19:32:38.412193Z"",""no_price_dollars"":""0.6700"",""taker_side"":""no"",""ticker"":""KXETH15M-26APR271545-45"",""trade_id"":""772eb247-a0fb-696a-8ce8-f12db0bd7ca3"",""yes_price_dollars"":""0.3300""}"
KXETH15M-26APR271545-45,3a3e8fa9-ef18-66d3-a555-63c7514bc46e,1777318358,0.34,1.0,no,"{""count_fp"":""1.00"",""created_time"":""2026-04-27T19:32:38.412193Z"",""no_price_dollars"":""0.6600"",""taker_side"":""no"",""ticker"":""KXETH15M-26APR271545-45"",""trade_id"":""3a3e8fa9-ef18-66d3-a555-63c7514bc46e"",""yes_price_dollars"":""0.3400""}"
KXETH15M-26APR271545-45,dd962441-beaa-6a27-ea2f-abaf8d3408fd,1777318367,0.39,8.0,yes,"{""count_fp"":""8.00"",""created_time"":""2026-04-27T19:32:47.016017Z"",""no_price_dollars"":""0.6100"",""taker_side"":""yes"",""ticker"":""KXETH15M-26APR271545-45"",""trade_id"":""dd962441-beaa-6a27-ea2f-abaf8d3408fd"",""yes_price_dollars"":""0.3900""}"
KXETH15M-26APR271545-45,bee3fa99-fac4-6de6-c8be-d380ff4b91f5,1777318367,0.39,1.0,yes,"{""count_fp"":""1.00"",""created_time"":""2026-04-27T19:32:47.016017Z"",""no_price_dollars"":""0.6100"",""taker_side"":""yes"",""ticker"":""KXETH15M-26APR271545-45"",""trade_id"":""bee3fa99-fac4-6de6-c8be-d380ff4b91f5"",""yes_price_dollars"":""0.3900""}"
KXETH15M-26APR271545-45,912fb33b-3463-6f73-c036-2ffd4cc5f6ee,1777318367,0.35,3.0,yes,"{""count_fp"":""3.00"",""created_time"":""2026-04-27T19:32:47.016017Z"",""no_price_dollars"":""0.6500"",""taker_side"":""yes"",""ticker"":""KXETH15M-26APR271545-45"",""trade_id"":""912fb33b-3463-6f73-c036-2ffd4cc5f6ee"",""yes_price_dollars"":""0.3500""}"
KXETH15M-26APR271545-45,a5c2da25-611b-5004-8ff3-1b797bb401c9,1777318370,0.37,1.0,yes,"{""count_fp"":""1.00"",""created_time"":""2026-04-27T19:32:50.749971Z"",""no_price_dollars"":""0.6300"",""taker_side"":""yes"",""ticker"":""KXETH15M-26APR271545-45"",""trade_id"":""a5c2da25-611b-5004-8ff3-1b797bb401c9"",""yes_price_dollars"":""0.3700""}"
KXETH15M-26APR271545-45,1dd6bb11-84f7-57bd-ab6f-86194d16a7f3,1777318370,0.37,1.41,yes,"{""count_fp"":""1.41"",""created_time"":""2026-04-27T19:32:50.749971Z"",""no_price_dollars"":""0.6300"",""taker_side"":""yes"",""ticker"":""KXETH15M-26APR271545-45"",""trade_id"":""1dd6bb11-84f7-57bd-ab6f-86194d16a7f3"",""yes_price_dollars"":""0.3700""}"
KXETH15M-26APR271545-45,4e3c7655-168f-572a-e54f-52665d61b8a9,1777318372,0.37,1.0,yes,"{""count_fp"":""1.00"",""created_time"":""2026-04-27T19:32:52.311337Z"",""no_price_dollars"":""0.6300"",""taker_side"":""yes"",""ticker"":""KXETH15M-26APR271545-45"",""trade_id"":""4e3c7655-168f-572a-e54f-52665d61b8a9"",""yes_price_dollars"":""0.3700""}"
KXETH15M-26APR271545-45,8204ffe9-aeff-638a-8aad-07abc83716f1,1777318374,0.34,40.0,yes,"{""count_fp"":""40.00"",""created_time"":""2026-04-27T19:32:54.244181Z"",""no_price_dollars"":""0.6600"",""taker_side"":""yes"",""ticker"":""KXETH15M-26APR271545-45"",""trade_id"":""8204ffe9-aeff-638a-8aad-07abc83716f1"",""yes_price_dollars"":""0.3400""}"
KXETH15M-26APR271545-45,3a3c40d5-395f-5a26-4a17-fdcef112d229,1777318375,0.34,11.97,yes,"{""count_fp"":""11.97"",""created_time"":""2026-04-27T19:32:55.626417Z"",""no_price_dollars"":""0.6600"",""taker_side"":""yes"",""ticker"":""KXETH15M-26APR271545-45"",""trade_id"":""3a3c40d5-395f-5a26-4a17-fdcef112d229"",""yes_price_dollars"":""0.3400""}"
KXETH15M-26APR271545-45,89b89619-3c0b-56d7-4368-500d83c07194,1777318380,0.33,1.0,no,"{""count_fp"":""1.00"",""created_time"":""2026-04-27T19:33:00.925032Z"",""no_price_dollars"":""0.6700"",""taker_side"":""no"",""ticker"":""KXETH15M-26APR271545-45"",""trade_id"":""89b89619-3c0b-56d7-4368-500d83c07194"",""yes_price_dollars"":""0.3300""}"
KXETH15M-26APR271545-45,d7e2dda0-81d3-6dbe-e726-263bdcb2c6f9,1777318385,0.31,15.03,yes,"{""count_fp"":""15.03"",""created_time"":""2026-04-27T19:33:05.800265Z"",""no_price_dollars"":""0.6900"",""taker_side"":""yes"",""ticker"":""KXETH15M-26APR271545-45"",""trade_id"":""d7e2dda0-81d3-6dbe-e726-263bdcb2c6f9"",""yes_price_dollars"":""0.3100""}"
KXETH15M-26APR271545-45,40aa9da7-9129-7d68-2595-32eac4227fc6,1777318385,0.3,1.0,no,"{""count_fp"":""1.00"",""created_time"":""2026-04-27T19:33:05.352447Z"",""no_price_dollars"":""0.7000"",""taker_side"":""no"",""ticker"":""KXETH15M-26APR271545-45"",""trade_id"":""40aa9da7-9129-7d68-2595-32eac4227fc6"",""yes_price_dollars"":""0.3000""}"
KXETH15M-26APR271545-45,2b2595fa-fb5f-708a-3272-4c44c8572e01,1777318385,0.3,10.0,no,"{""count_fp"":""10.00"",""created_time"":""2026-04-27T19:33:05.352447Z"",""no_price_dollars"":""0.7000"",""taker_side"":""no"",""ticker"":""KXETH15M-26APR271545-45"",""trade_id"":""2b2595fa-fb5f-708a-3272-4c44c8572e01"",""yes_price_dollars"":""0.3000""}"
KXETH15M-26APR271545-45,4d399fa8-947e-681e-eeb2-a0e4e16feb23,1777318386,0.27,1.0,no,"{""count_fp"":""1.00"",""created_time"":""2026-04-27T19:33:06.322772Z"",""no_price_dollars"":""0.7300"",""taker_side"":""no"",""ticker"":""KXETH15M-26APR271545-45"",""trade_id"":""4d399fa8-947e-681e-eeb2-a0e4e16feb23"",""yes_price_dollars"":""0.2700""}"
KXETH15M-26APR271545-45,41048890-e686-6c3b-ff30-702ca89c3685,1777318386,0.26,66.0,no,"{""count_fp"":""66.00"",""created_time"":""2026-04-27T19:33:06.322772Z"",""no_price_dollars"":""0.7400"",""taker_side"":""no"",""ticker"":""KXETH15M-26APR271545-45"",""trade_id"":""41048890-e686-6c3b-ff30-702ca89c3685"",""yes_price_dollars"":""0.2600""}"
KXETH15M-26APR271545-45,07c656be-7ec6-64f6-ec9a-e6cf90076886,1777318387,0.27,13.36,yes,"{""count_fp"":""13.36"",""created_time"":""2026-04-27T19:33:07.874686Z"",""no_price_dollars"":""0.7300"",""taker_side"":""yes"",""ticker"":""KXETH15M-26APR271545-45"",""trade_id"":""07c656be-7ec6-64f6-ec9a-e6cf90076886"",""yes_price_dollars"":""0.2700""}"
KXETH15M-26APR271545-45,534df61e-df11-7bdc-4505-7fe1e4662395,1777318394,0.25,6.0,no,"{""count_fp"":""6.00"",""created_time"":""2026-04-27T19:33:14.030698Z"",""no_price_dollars"":""0.7500"",""taker_side"":""no"",""ticker"":""KXETH15M-26APR271545-45"",""trade_id"":""534df61e-df11-7bdc-4505-7fe1e4662395"",""yes_price_dollars"":""0.2500""}"
KXETH15M-26APR271545-45,46626fce-211b-7346-4913-49ed58d80446,1777318394,0.27,1.0,no,"{""count_fp"":""1.00"",""created_time"":""2026-04-27T19:33:14.030698Z"",""no_price_dollars"":""0.7300"",""taker_side"":""no"",""ticker"":""KXETH15M-26APR271545-45"",""trade_id"":""46626fce-211b-7346-4913-49ed58d80446"",""yes_price_dollars"":""0.2700""}"
KXETH15M-26APR271545-45,f972fcf5-86b5-5c73-4550-117107d669e6,1777318398,0.24,1.0,no,"{""count_fp"":""1.00"",""created_time"":""2026-04-27T19:33:18.241563Z"",""no_price_dollars"":""0.7600"",""taker_side"":""no"",""ticker"":""KXETH15M-26APR271545-45"",""trade_id"":""f972fcf5-86b5-5c73-4550-117107d669e6"",""yes_price_dollars"":""0.2400""}"
KXETH15M-26APR271545-45,c69baef7-434b-795e-6615-3b31db8f2132,1777318408,0.24,8.43,no,"{""count_fp"":""8.43"",""created_time"":""2026-04-27T19:33:28.242492Z"",""no_price_dollars"":""0.7600"",""taker_side"":""no"",""ticker"":""KXETH15M-26APR271545-45"",""trade_id"":""c69baef7-434b-795e-6615-3b31db8f2132"",""yes_price_dollars"":""0.2400""}"
KXETH15M-26APR271545-45,69e5f58e-8c71-7bfa-6081-f3b5b9c38838,1777318408,0.25,1.0,no,"{""count_fp"":""1.00"",""created_time"":""2026-04-27T19:33:28.242492Z"",""no_price_dollars"":""0.7500"",""taker_side"":""no"",""ticker"":""KXETH15M-26APR271545-45"",""trade_id"":""69e5f58e-8c71-7bfa-6081-f3b5b9c38838"",""yes_price_dollars"":""0.2500""}"
KXETH15M-26APR271545-45,5f6059ea-54d0-7847-7f3a-932e3503da28,1777318408,0.28,1.0,no,"{""count_fp"":""1.00"",""created_time"":""2026-04-27T19:33:28.242492Z"",""no_price_dollars"":""0.7200"",""taker_side"":""no"",""ticker"":""KXETH15M-26APR271545-45"",""trade_id"":""5f6059ea-54d0-7847-7f3a-932e3503da28"",""yes_price_dollars"":""0.2800""}"
KXETH15M-26APR271545-45,6bafb95f-045e-5af6-ef94-96c4c93bdeba,1777318409,0.28,15.88,yes,"{""count_fp"":""15.88"",""created_time"":""2026-04-27T19:33:29.001908Z"",""no_price_dollars"":""0.7200"",""taker_side"":""yes"",""ticker"":""KXETH15M-26APR271545-45"",""trade_id"":""6bafb95f-045e-5af6-ef94-96c4c93bdeba"",""yes_price_dollars"":""0.2800""}"
KXETH15M-26APR271545-45,224e5f22-beb1-6b60-c7a3-66d0b7115c52,1777318412,0.29,6.4,no,"{""count_fp"":""6.40"",""created_time"":""2026-04-27T19:33:32.064936Z"",""no_price_dollars"":""0.7100"",""taker_side"":""no"",""ticker"":""KXETH15M-26APR271545-45"",""trade_id"":""224e5f22-beb1-6b60-c7a3-66d0b7115c52"",""yes_price_dollars"":""0.2900""}"
KXETH15M-26APR271545-45,a0c2192b-0530-42a7-4af8-009f8c4f44fd,1777318413,0.34,12.66,yes,"{""count_fp"":""12.66"",""created_time"":""2026-04-27T19:33:33.044515Z"",""no_price_dollars"":""0.6600"",""taker_side"":""yes"",""ticker"":""KXETH15M-26APR271545-45"",""trade_id"":""a0c2192b-0530-42a7-4af8-009f8c4f44fd"",""yes_price_dollars"":""0.3400""}"
KXETH15M-26APR271545-45,74a268d3-a6be-47e7-5147-a1b0ccd71dc7,1777318413,0.33,1.0,yes,"{""count_fp"":""1.00"",""created_time"":""2026-04-27T19:33:33.044515Z"",""no_price_dollars"":""0.6700"",""taker_side"":""yes"",""ticker"":""KXETH15M-26APR271545-45"",""trade_id"":""74a268d3-a6be-47e7-5147-a1b0ccd71dc7"",""yes_price_dollars"":""0.3300""}"
KXETH15M-26APR271545-45,785fe8d5-dc49-4602-e629-863724c99f17,1777318414,0.32,13.32,yes,"{""count_fp"":""13.32"",""created_time"":""2026-04-27T19:33:34.867505Z"",""no_price_dollars"":""0.6800"",""taker_side"":""yes"",""ticker"":""KXETH15M-26APR271545-45"",""trade_id"":""785fe8d5-dc49-4602-e629-863724c99f17"",""yes_price_dollars"":""0.3200""}"
KXETH15M-26APR271545-45,1307b6d1-7e58-442a-e6cf-6c67d904f38e,1777318414,0.32,1.0,yes,"{""count_fp"":""1.00"",""created_time"":""2026-04-27T19:33:34.867505Z"",""no_price_dollars"":""0.6800"",""taker_side"":""yes"",""ticker"":""KXETH15M-26APR271545-45"",""trade_id"":""1307b6d1-7e58-442a-e6cf-6c67d904f38e"",""yes_price_dollars"":""0.3200""}"
KXETH15M-26APR271545-45,4aa73c1e-61ed-587a-e04a-6af01581e697,1777318415,0.32,5.0,yes,"{""count_fp"":""5.00"",""created_time"":""2026-04-27T19:33:35.269986Z"",""no_price_dollars"":""0.6800"",""taker_side"":""yes"",""ticker"":""KXETH15M-26APR271545-45"",""trade_id"":""4aa73c1e-61ed-587a-e04a-6af01581e697"",""yes_price_dollars"":""0.3200""}"
KXETH15M-26APR271545-45,8a450b43-cae7-5aa1-e3be-c49cacacfde4,1777318423,0.3,2.76,no,"{""count_fp"":""2.76"",""created_time"":""2026-04-27T19:33:43.335502Z"",""no_price_dollars"":""0.7000"",""taker_side"":""no"",""ticker"":""KXETH15M-26APR271545-45"",""trade_id"":""8a450b43-cae7-5aa1-e3be-c49cacacfde4"",""yes_price_dollars"":""0.3000""}"
KXETH15M-26APR271545-45,c50fc80f-ed88-4fb3-e3a8-b3286d82cefb,1777318424,0.3,25.0,no,"{""count_fp"":""25.00"",""created_time"":""2026-04-27T19:33:44.805951Z"",""no_price_dollars"":""0.7000"",""taker_side"":""no"",""ticker"":""KXETH15M-26APR271545-45"",""trade_id"":""c50fc80f-ed88-4fb3-e3a8-b3286d82cefb"",""yes_price_dollars"":""0.3000""}"
KXETH15M-26APR271545-45,b0b62d3c-dff4-7d19-f891-9ed6fc1cb36e,1777318425,0.24,1.73,no,"{""count_fp"":""1.73"",""created_time"":""2026-04-27T19:33:45.808544Z"",""no_price_dollars"":""0.7600"",""taker_side"":""no"",""ticker"":""KXETH15M-26APR271545-45"",""trade_id"":""b0b62d3c-dff4-7d19-f891-9ed6fc1cb36e"",""yes_price_dollars"":""0.2400""}"
KXETH15M-26APR271545-45,39c0a81c-b59d-776d-f11c-e38caeeb69f2,1777318425,0.25,10.0,no,"{""count_fp"":""10.00"",""created_time"":""2026-04-27T19:33:45.808544Z"",""no_price_dollars"":""0.7500"",""taker_side"":""no"",""ticker"":""KXETH15M-26APR271545-45"",""trade_id"":""39c0a81c-b59d-776d-f11c-e38caeeb69f2"",""yes_price_dollars"":""0.2500""}"
KXETH15M-26APR271545-45,efbc4be2-6cd2-47d4-ce62-300cc8b83c92,1777318425,0.29,45.0,no,"{""count_fp"":""45.00"",""created_time"":""2026-04-27T19:33:45.109503Z"",""no_price_dollars"":""0.7100"",""taker_side"":""no"",""ticker"":""KXETH15M-26APR271545-45"",""trade_id"":""efbc4be2-6cd2-47d4-ce62-300cc8b83c92"",""yes_price_dollars"":""0.2900""}"
KXETH15M-26APR271545-45,d835844a-6fea-6e6c-d4ca-0b7d64208b3e,1777318425,0.29,23.22,no,"{""count_fp"":""23.22"",""created_time"":""2026-04-27T19:33:45.106765Z"",""no_price_dollars"":""0.7100"",""taker_side"":""no"",""ticker"":""KXETH15M-26APR271545-45"",""trade_id"":""d835844a-6fea-6e6c-d4ca-0b7d64208b3e"",""yes_price_dollars"":""0.2900""}"
KXETH15M-26APR271545-45,72df7163-abf6-47d4-717f-7117f9d9bb22,1777318425,0.29,46.78,no,"{""count_fp"":""46.78"",""created_time"":""2026-04-27T19:33:45.090574Z"",""no_price_dollars"":""0.7100"",""taker_side"":""no"",""ticker"":""KXETH15M-26APR271545-45"",""trade_id"":""72df7163-abf6-47d4-717f-7117f9d9bb22"",""yes_price_dollars"":""0.2900""}"
KXETH15M-26APR271545-45,fe4438b3-7276-64d9-354b-239ca7cc4837,1777318427,0.29,4.0,yes,"{""count_fp"":""4.00"",""created_time"":""2026-04-27T19:33:47.938523Z"",""no_price_dollars"":""0.7100"",""taker_side"":""yes"",""ticker"":""KXETH15M-26APR271545-45"",""trade_id"":""fe4438b3-7276-64d9-354b-239ca7cc4837"",""yes_price_dollars"":""0.2900""}"
KXETH15M-26APR271545-45,b53a5011-231e-5b34-a19d-8c0f40700741,1777318428,0.27,1.0,no,"{""count_fp"":""1.00"",""created_time"":""2026-04-27T19:33:48.419058Z"",""no_price_dollars"":""0.7300"",""taker_side"":""no"",""ticker"":""KXETH15M-26APR271545-45"",""trade_id"":""b53a5011-231e-5b34-a19d-8c0f40700741"",""yes_price_dollars"":""0.2700""}"
KXETH15M-26APR271545-45,b0c9562b-2149-5cda-b826-b77569125d33,1777318428,0.26,3.0,no,"{""count_fp"":""3.00"",""created_time"":""2026-04-27T19:33:48.419058Z"",""no_price_dollars"":""0.7400"",""taker_side"":""no"",""ticker"":""KXETH15M-26APR271545-45"",""trade_id"":""b0c9562b-2149-5cda-b826-b77569125d33"",""yes_price_dollars"":""0.2600""}"
KXETH15M-26APR271545-45,bd97d85d-c227-6e93-4cfd-6da2ea26bbcd,1777318431,0.35,5.0,no,"{""count_fp"":""5.00"",""created_time"":""2026-04-27T19:33:51.574887Z"",""no_price_dollars"":""0.6500"",""taker_side"":""no"",""ticker"":""KXETH15M-26APR271545-45"",""trade_id"":""bd97d85d-c227-6e93-4cfd-6da2ea26bbcd"",""yes_price_dollars"":""0.3500""}"
KXETH15M-26APR271545-45,cd99d5a9-f2f4-751f-6c3a-3fcb8249a7f5,1777318431,0.34,11.0,yes,"{""count_fp"":""11.00"",""created_time"":""2026-04-27T19:33:51.525944Z"",""no_price_dollars"":""0.6600"",""taker_side"":""yes"",""ticker"":""KXETH15M-26APR271545-45"",""trade_id"":""cd99d5a9-f2f4-751f-6c3a-3fcb8249a7f5"",""yes_price_dollars"":""0.3400""}"
KXETH15M-26APR271545-45,7061e824-e584-54f2-6a2c-a1b5b258bf90,1777318431,0.34,11.0,yes,"{""count_fp"":""11.00"",""created_time"":""2026-04-27T19:33:51.520694Z"",""no_price_dollars"":""0.6600"",""taker_side"":""yes"",""ticker"":""KXETH15M-26APR271545-45"",""trade_id"":""7061e824-e584-54f2-6a2c-a1b5b258bf90"",""yes_price_dollars"":""0.3400""}"
KXETH15M-26APR271545-45,c5e9b2d6-4525-4d2c-5c0a-7e3e29eb689a,1777318431,0.33,10.0,yes,"{""count_fp"":""10.00"",""created_time"":""2026-04-27T19:33:51.509459Z"",""no_price_dollars"":""0.6700"",""taker_side"":""yes"",""ticker"":""KXETH15M-26APR271545-45"",""trade_id"":""c5e9b2d6-4525-4d2c-5c0a-7e3e29eb689a"",""yes_price_dollars"":""0.3300""}"
KXETH15M-26APR271545-45,20a1824c-b652-4c89-674e-56874a35e7c4,1777318431,0.32,1.0,yes,"{""count_fp"":""1.00"",""created_time"":""2026-04-27T19:33:51.509459Z"",""no_price_dollars"":""0.6800"",""taker_side"":""yes"",""ticker"":""KXETH15M-26APR271545-45"",""trade_id"":""20a1824c-b652-4c89-674e-56874a35e7c4"",""yes_price_dollars"":""0.3200""}"
KXETH15M-26APR271545-45,f2009784-5156-412c-165d-b182a29835ed,1777318432,0.41,10.0,yes,"{""count_fp"":""10.00"",""created_time"":""2026-04-27T19:33:52.386286Z"",""no_price_dollars"":""0.5900"",""taker_side"":""yes"",""ticker"":""KXETH15M-26APR271545-45"",""trade_id"":""f2009784-5156-412c-165d-b182a29835ed"",""yes_price_dollars"":""0.4100""}"
KXETH15M-26APR271545-45,f16ab5e6-2744-4253-1a8e-236975d100bf,1777318432,0.43,33.0,yes,"{""count_fp"":""33.00"",""created_time"":""2026-04-27T19:33:52.386286Z"",""no_price_dollars"":""0.5700"",""taker_side"":""yes"",""ticker"":""KXETH15M-26APR271545-45"",""trade_id"":""f16ab5e6-2744-4253-1a8e-236975d100bf"",""yes_price_dollars"":""0.4300""}"
KXETH15M-26APR271545-45,ea2f4640-ab42-4c6b-32b9-af5892280690,1777318432,0.42,1.0,yes,"{""count_fp"":""1.00"",""created_time"":""2026-04-27T19:33:52.386286Z"",""no_price_dollars"":""0.5800"",""taker_side"":""yes"",""ticker"":""KXETH15M-26APR271545-45"",""trade_id"":""ea2f4640-ab42-4c6b-32b9-af5892280690"",""yes_price_dollars"":""0.4200""}"
KXETH15M-26APR271545-45,96fb4a76-5a0c-62e7-b44c-111dff2491ed,1777318433,0.41,3.76,no,"{""count_fp"":""3.76"",""created_time"":""2026-04-27T19:33:53.133033Z"",""no_price_dollars"":""0.5900"",""taker_side"":""no"",""ticker"":""KXETH15M-26APR271545-45"",""trade_id"":""96fb4a76-5a0c-62e7-b44c-111dff2491ed"",""yes_price_dollars"":""0.4100""}"
KXETH15M-26APR271545-45,5aea1951-a617-60a1-9ba3-dfe0a13d5eec,1777318433,0.41,9.51,no,"{""count_fp"":""9.51"",""created_time"":""2026-04-27T19:33:53.133033Z"",""no_price_dollars"":""0.5900"",""taker_side"":""no"",""ticker"":""KXETH15M-26APR271545-45"",""trade_id"":""5aea1951-a617-60a1-9ba3-dfe0a13d5eec"",""yes_price_dollars"":""0.4100""}"
KXETH15M-26APR271545-45,c6905560-bd6d-584b-e06b-c3bfd1344f9a,1777318434,0.42,9.28,no,"{""count_fp"":""9.28"",""created_time"":""2026-04-27T19:33:54.872681Z"",""no_price_dollars"":""0.5800"",""taker_side"":""no"",""ticker"":""KXETH15M-26APR271545-45"",""trade_id"":""c6905560-bd6d-584b-e06b-c3bfd1344f9a"",""yes_price_dollars"":""0.4200""}"
KXETH15M-26APR271545-45,2b237da1-2d14-55cb-e04b-68a355dcbfa0,1777318434,0.42,10.0,no,"{""count_fp"":""10.00"",""created_time"":""2026-04-27T19:33:54.872681Z"",""no_price_dollars"":""0.5800"",""taker_side"":""no"",""ticker"":""KXETH15M-26APR271545-45"",""trade_id"":""2b237da1-2d14-55cb-e04b-68a355dcbfa0"",""yes_price_dollars"":""0.4200""}"
KXETH15M-26APR271545-45,6778a17f-3606-7de9-a65f-83449892802d,1777318437,0.42,1.0,yes,"{""count_fp"":""1.00"",""created_time"":""2026-04-27T19:33:57.809389Z"",""no_price_dollars"":""0.5800"",""taker_side"":""yes"",""ticker"":""KXETH15M-26APR271545-45"",""trade_id"":""6778a17f-3606-7de9-a65f-83449892802d"",""yes_price_dollars"":""0.4200""}"
KXETH15M-26APR271545-45,e1a3e78e-ecff-5662-4b0c-66c2f94131a7,1777318437,0.4,1.0,yes,"{""count_fp"":""1.00"",""created_time"":""2026-04-27T19:33:57.709362Z"",""no_price_dollars"":""0.6000"",""taker_side"":""yes"",""ticker"":""KXETH15M-26APR271545-45"",""trade_id"":""e1a3e78e-ecff-5662-4b0c-66c2f94131a7"",""yes_price_dollars"":""0.4000""}"
KXETH15M-26APR271545-45,66357e1e-19ec-50cc-4687-829fcc83b1b1,1777318438,0.4,1.0,yes,"{""count_fp"":""1.00"",""created_time"":""2026-04-27T19:33:58.338834Z"",""no_price_dollars"":""0.6000"",""taker_side"":""yes"",""ticker"":""KXETH15M-26APR271545-45"",""trade_id"":""66357e1e-19ec-50cc-4687-829fcc83b1b1"",""yes_price_dollars"":""0.4000""}"
KXETH15M-26APR271545-45,45a77fb1-de7f-72e0-8b4d-6486cf4da016,1777318440,0.39,2.0,no,"{""count_fp"":""2.00"",""created_time"":""2026-04-27T19:34:00.842231Z"",""no_price_dollars"":""0.6100"",""taker_side"":""no"",""ticker"":""KXETH15M-26APR271545-45"",""trade_id"":""45a77fb1-de7f-72e0-8b4d-6486cf4da016"",""yes_price_dollars"":""0.3900""}"
KXETH15M-26APR271545-45,5c480acd-d0f5-64d3-61af-553f8f7073fc,1777318441,0.41,1.0,yes,"{""count_fp"":""1.00"",""created_time"":""2026-04-27T19:34:01.160745Z"",""no_price_dollars"":""0.5900"",""taker_side"":""yes"",""ticker"":""KXETH15M-26APR271545-45"",""trade_id"":""5c480acd-d0f5-64d3-61af-553f8f7073fc"",""yes_price_dollars"":""0.4100""}"
KXETH15M-26APR271545-45,fd063604-150d-64b0-0e3e-b15111444e7f,1777318443,0.35,2.0,no,"{""count_fp"":""2.00"",""created_time"":""2026-04-27T19:34:03.671606Z"",""no_price_dollars"":""0.6500"",""taker_side"":""no"",""ticker"":""KXETH15M-26APR271545-45"",""trade_id"":""fd063604-150d-64b0-0e3e-b15111444e7f"",""yes_price_dollars"":""0.3500""}"
KXETH15M-26APR271545-45,7c7f129a-8030-4d3e-f5f0-8dec6cafe574,1777318444,0.37,11.99,yes,"{""count_fp"":""11.99"",""created_time"":""2026-04-27T19:34:04.211708Z"",""no_price_dollars"":""0.6300"",""taker_side"":""yes"",""ticker"":""KXETH15M-26APR271545-45"",""trade_id"":""7c7f129a-8030-4d3e-f5f0-8dec6cafe574"",""yes_price_dollars"":""0.3700""}"
KXETH15M-26APR271545-45,7a46ce76-1772-6f8b-8f3f-af64dbe2d953,1777318448,0.39,10.0,yes,"{""count_fp"":""10.00"",""created_time"":""2026-04-27T19:34:08.660681Z"",""no_price_dollars"":""0.6100"",""taker_side"":""yes"",""ticker"":""KXETH15M-26APR271545-45"",""trade_id"":""7a46ce76-1772-6f8b-8f3f-af64dbe2d953"",""yes_price_dollars"":""0.3900""}"
KXETH15M-26APR271545-45,1ba9accc-5ef8-65ee-36ba-5882e9edaa78,1777318451,0.42,11.0,yes,"{""count_fp"":""11.00"",""created_time"":""2026-04-27T19:34:11.728487Z"",""no_price_dollars"":""0.5800"",""taker_side"":""yes"",""ticker"":""KXETH15M-26APR271545-45"",""trade_id"":""1ba9accc-5ef8-65ee-36ba-5882e9edaa78"",""yes_price_dollars"":""0.4200""}"
KXETH15M-26APR271545-45,d381149d-6114-762a-b8d5-1e44d1f11598,1777318451,0.42,13.0,yes,"{""count_fp"":""13.00"",""created_time"":""2026-04-27T19:34:11.633531Z"",""no_price_dollars"":""0.5800"",""taker_side"":""yes"",""ticker"":""KXETH15M-26APR271545-45"",""trade_id"":""d381149d-6114-762a-b8d5-1e44d1f11598"",""yes_price_dollars"":""0.4200""}"
KXETH15M-26APR271545-45,b91fa9d8-2d14-7c77-aeb4-07cde1890ce3,1777318451,0.42,5.0,yes,"{""count_fp"":""5.00"",""created_time"":""2026-04-27T19:34:11.633531Z"",""no_price_dollars"":""0.5800"",""taker_side"":""yes"",""ticker"":""KXETH15M-26APR271545-45"",""trade_id"":""b91fa9d8-2d14-7c77-aeb4-07cde1890ce3"",""yes_price_dollars"":""0.4200""}"
KXETH15M-26APR271545-45,52437385-9447-7459-8c75-df491263ea38,1777318451,0.41,10.0,yes,"{""count_fp"":""10.00"",""created_time"":""2026-04-27T19:34:11.633531Z"",""no_price_dollars"":""0.5900"",""taker_side"":""yes"",""ticker"":""KXETH15M-26APR271545-45"",""trade_id"":""52437385-9447-7459-8c75-df491263ea38"",""yes_price_dollars"":""0.4100""}"
KXETH15M-26APR271545-45,8bd94584-3363-4ed8-d595-0539c278feb9,1777318451,0.42,1.0,yes,"{""count_fp"":""1.00"",""created_time"":""2026-04-27T19:34:11.391488Z"",""no_price_dollars"":""0.5800"",""taker_side"":""yes"",""ticker"":""KXETH15M-26APR271545-45"",""trade_id"":""8bd94584-3363-4ed8-d595-0539c278feb9"",""yes_price_dollars"":""0.4200""}"
KXETH15M-26APR271545-45,54e9e774-b2b4-414e-c120-96ff10c809f4,1777318451,0.42,1.0,yes,"{""count_fp"":""1.00"",""created_time"":""2026-04-27T19:34:11.391488Z"",""no_price_dollars"":""0.5800"",""taker_side"":""yes"",""ticker"":""KXETH15M-26APR271545-45"",""trade_id"":""54e9e774-b2b4-414e-c120-96ff10c809f4"",""yes_price_dollars"":""0.4200""}"
KXETH15M-26APR271545-45,b1fac547-2ecc-62d2-c902-aa1817661305,1777318451,0.41,1.0,no,"{""count_fp"":""1.00"",""created_time"":""2026-04-27T19:34:11.347864Z"",""no_price_dollars"":""0.5900"",""taker_side"":""no"",""ticker"":""KXETH15M-26APR271545-45"",""trade_id"":""b1fac547-2ecc-62d2-c902-aa1817661305"",""yes_price_dollars"":""0.4100""}"
KXETH15M-26APR271545-45,753d63c6-7ed0-51e6-5d34-70c698230989,1777318451,0.41,9.0,no,"{""count_fp"":""9.00"",""created_time"":""2026-04-27T19:34:11.341574Z"",""no_price_dollars"":""0.5900"",""taker_side"":""no"",""ticker"":""KXETH15M-26APR271545-45"",""trade_id"":""753d63c6-7ed0-51e6-5d34-70c698230989"",""yes_price_dollars"":""0.4100""}"
KXETH15M-26APR271545-45,30bc4280-3718-62d6-7be4-28468a9b1992,1777318452,0.4,13.62,yes,"{""count_fp"":""13.62"",""created_time"":""2026-04-27T19:34:12.575095Z"",""no_price_dollars"":""0.6000"",""taker_side"":""yes"",""ticker"":""KXETH15M-26APR271545-45"",""trade_id"":""30bc4280-3718-62d6-7be4-28468a9b1992"",""yes_price_dollars"":""0.4000""}"
KXETH15M-26APR271545-45,f69521c4-27c8-6c3b-4859-2ea114ac2c35,1777318459,0.4,8.26,no,"{""count_fp"":""8.26"",""created_time"":""2026-04-27T19:34:19.812632Z"",""no_price_dollars"":""0.6000"",""taker_side"":""no"",""ticker"":""KXETH15M-26APR271545-45"",""trade_id"":""f69521c4-27c8-6c3b-4859-2ea114ac2c35"",""yes_price_dollars"":""0.4000""}"
KXETH15M-26APR271545-45,a240bbe5-54d4-6750-7919-9bbc020154b8,1777318459,0.41,7.62,no,"{""count_fp"":""7.62"",""created_time"":""2026-04-27T19:34:19.812632Z"",""no_price_dollars"":""0.5900"",""taker_side"":""no"",""ticker"":""KXETH15M-26APR271545-45"",""trade_id"":""a240bbe5-54d4-6750-7919-9bbc020154b8"",""yes_price_dollars"":""0.4100""}"
KXETH15M-26APR271545-45,81c35a7c-0728-608a-3b28-2e7861e45364,1777318462,0.44,10.96,yes,"{""count_fp"":""10.96"",""created_time"":""2026-04-27T19:34:22.248394Z"",""no_price_dollars"":""0.5600"",""taker_side"":""yes"",""ticker"":""KXETH15M-26APR271545-45"",""trade_id"":""81c35a7c-0728-608a-3b28-2e7861e45364"",""yes_price_dollars"":""0.4400""}"
KXETH15M-26APR271545-45,73b308ca-276b-6fb5-1a5f-89c224e0c9ce,1777318462,0.43,1.0,yes,"{""count_fp"":""1.00"",""created_time"":""2026-04-27T19:34:22.248394Z"",""no_price_dollars"":""0.5700"",""taker_side"":""yes"",""ticker"":""KXETH15M-26APR271545-45"",""trade_id"":""73b308ca-276b-6fb5-1a5f-89c224e0c9ce"",""yes_price_dollars"":""0.4300""}"
KXETH15M-26APR271545-45,4a6f640b-39e8-6748-1b14-db9d1ce6102f,1777318462,0.43,9.47,yes,"{""count_fp"":""9.47"",""created_time"":""2026-04-27T19:34:22.248394Z"",""no_price_dollars"":""0.5700"",""taker_side"":""yes"",""ticker"":""KXETH15M-26APR271545-45"",""trade_id"":""4a6f640b-39e8-6748-1b14-db9d1ce6102f"",""yes_price_dollars"":""0.4300""}"
KXETH15M-26APR271545-45,961b855d-e20c-6436-f707-6e1bdb2a5da0,1777318464,0.44,14.83,yes,"{""count_fp"":""14.83"",""created_time"":""2026-04-27T19:34:24.110136Z"",""no_price_dollars"":""0.5600"",""taker_side"":""yes"",""ticker"":""KXETH15M-26APR271545-45"",""trade_id"":""961b855d-e20c-6436-f707-6e1bdb2a5da0"",""yes_price_dollars"":""0.4400""}"
KXETH15M-26APR271545-45,3052ce1e-fe5c-6670-ebf3-1319116d6905,1777318464,0.44,1.0,yes,"{""count_fp"":""1.00"",""created_time"":""2026-04-27T19:34:24.110136Z"",""no_price_dollars"":""0.5600"",""taker_side"":""yes"",""ticker"":""KXETH15M-26APR271545-45"",""trade_id"":""3052ce1e-fe5c-6670-ebf3-1319116d6905"",""yes_price_dollars"":""0.4400""}"
KXETH15M-26APR271545-45,f2e5919a-a398-720a-84a1-5e41ebf2cb4c,1777318467,0.39,0.21,yes,"{""count_fp"":""0.21"",""created_time"":""2026-04-27T19:34:27.182554Z"",""no_price_dollars"":""0.6100"",""taker_side"":""yes"",""ticker"":""KXETH15M-26APR271545-45"",""trade_id"":""f2e5919a-a398-720a-84a1-5e41ebf2cb4c"",""yes_price_dollars"":""0.3900""}"
KXETH15M-26APR271545-45,eb0740f2-9088-5466-dbfe-143e2d41c2e1,1777318483,0.44,5.0,no,"{""count_fp"":""5.00"",""created_time"":""2026-04-27T19:34:43.364018Z"",""no_price_dollars"":""0.5600"",""taker_side"":""no"",""ticker"":""KXETH15M-26APR271545-45"",""trade_id"":""eb0740f2-9088-5466-dbfe-143e2d41c2e1"",""yes_price_dollars"":""0.4400""}"
KXETH15M-26APR271545-45,b7084e61-ec62-58bc-d333-bc45afd6d7b4,1777318483,0.44,11.54,no,"{""count_fp"":""11.54"",""created_time"":""2026-04-27T19:34:43.364018Z"",""no_price_dollars"":""0.5600"",""taker_side"":""no"",""ticker"":""KXETH15M-26APR271545-45"",""trade_id"":""b7084e61-ec62-58bc-d333-bc45afd6d7b4"",""yes_price_dollars"":""0.4400""}"
KXETH15M-26APR271545-45,b71c50c9-a2c1-4541-d2e1-199616ae63d4,1777318483,0.45,10.0,no,"{""count_fp"":""10.00"",""created_time"":""2026-04-27T19:34:43.310477Z"",""no_price_dollars"":""0.5500"",""taker_side"":""no"",""ticker"":""KXETH15M-26APR271545-45"",""trade_id"":""b71c50c9-a2c1-4541-d2e1-199616ae63d4"",""yes_price_dollars"":""0.4500""}"
KXETH15M-26APR271545-45,21f0752f-3444-4deb-df56-8823bd607435,1777318483,0.45,46.9,no,"{""count_fp"":""46.90"",""created_time"":""2026-04-27T19:34:43.310477Z"",""no_price_dollars"":""0.5500"",""taker_side"":""no"",""ticker"":""KXETH15M-26APR271545-45"",""trade_id"":""21f0752f-3444-4deb-df56-8823bd607435"",""yes_price_dollars"":""0.4500""}"
KXETH15M-26APR271545-45,c33af436-8395-55ee-4838-3c9fbcba21aa,1777318485,0.48,1.0,yes,"{""count_fp"":""1.00"",""created_time"":""2026-04-27T19:34:45.148338Z"",""no_price_dollars"":""0.5200"",""taker_side"":""yes"",""ticker"":""KXETH15M-26APR271545-45"",""trade_id"":""c33af436-8395-55ee-4838-3c9fbcba21aa"",""yes_price_dollars"":""0.4800""}"
KXETH15M-26APR271545-45,5d886f89-b307-58bd-79fc-46fd3ccda6cf,1777318485,0.47,5.0,yes,"{""count_fp"":""5.00"",""created_time"":""2026-04-27T19:34:45.148338Z"",""no_price_dollars"":""0.5300"",""taker_side"":""yes"",""ticker"":""KXETH15M-26APR271545-45"",""trade_id"":""5d886f89-b307-58bd-79fc-46fd3ccda6cf"",""yes_price_dollars"":""0.4700""}"
KXETH15M-26APR271545-45,11ce849d-284f-5215-53ab-13d4e6db24b5,1777318485,0.48,2.06,yes,"{""count_fp"":""2.06"",""created_time"":""2026-04-27T19:34:45.148338Z"",""no_price_dollars"":""0.5200"",""taker_side"":""yes"",""ticker"":""KXETH15M-26APR271545-45"",""trade_id"":""11ce849d-284f-5215-53ab-13d4e6db24b5"",""yes_price_dollars"":""0.4800""}"
KXETH15M-26APR271545-45,d148b106-b308-671f-0266-792f7a88911d,1777318488,0.49,3.26,no,"{""count_fp"":""3.26"",""created_time"":""2026-04-27T19:34:48.490237Z"",""no_price_dollars"":""0.5100"",""taker_side"":""no"",""ticker"":""KXETH15M-26APR271545-45"",""trade_id"":""d148b106-b308-671f-0266-792f7a88911d"",""yes_price_dollars"":""0.4900""}"
KXETH15M-26APR271545-45,affe4b06-cf25-6ce8-1e00-7178f1ba837a,1777318488,0.5,10.0,no,"{""count_fp"":""10.00"",""created_time"":""2026-04-27T19:34:48.490237Z"",""no_price_dollars"":""0.5000"",""taker_side"":""no"",""ticker"":""KXETH15M-26APR271545-45"",""trade_id"":""affe4b06-cf25-6ce8-1e00-7178f1ba837a"",""yes_price_dollars"":""0.5000""}"
KXETH15M-26APR271545-45,873d4f01-48ff-66b6-2c0c-3b40a1af74e7,1777318488,0.5,1.06,no,"{""count_fp"":""1.06"",""created_time"":""2026-04-27T19:34:48.490237Z"",""no_price_dollars"":""0.5000"",""taker_side"":""no"",""ticker"":""KXETH15M-26APR271545-45"",""trade_id"":""873d4f01-48ff-66b6-2c0c-3b40a1af74e7"",""yes_price_dollars"":""0.5000""}"
KXETH15M-26APR271545-45,893c0b6b-ec93-4284-9fa9-cd3a2142c864,1777318488,0.49,1.0,yes,"{""count_fp"":""1.00"",""created_time"":""2026-04-27T19:34:48.102731Z"",""no_price_dollars"":""0.5100"",""taker_side"":""yes"",""ticker"":""KXETH15M-26APR271545-45"",""trade_id"":""893c0b6b-ec93-4284-9fa9-cd3a2142c864"",""yes_price_dollars"":""0.4900""}"
KXETH15M-26APR271545-45,3b5b01ca-f193-710f-5572-713c86dfd623,1777318489,0.51,1.0,yes,"{""count_fp"":""1.00"",""created_time"":""2026-04-27T19:34:49.256224Z"",""no_price_dollars"":""0.4900"",""taker_side"":""yes"",""ticker"":""KXETH15M-26APR271545-45"",""trade_id"":""3b5b01ca-f193-710f-5572-713c86dfd623"",""yes_price_dollars"":""0.5100""}"
KXETH15M-26APR271545-45,6d0368a4-600d-4bac-19c4-e606c3c22951,1777318490,0.49,3.52,no,"{""count_fp"":""3.52"",""created_time"":""2026-04-27T19:34:50.374163Z"",""no_price_dollars"":""0.5100"",""taker_side"":""no"",""ticker"":""KXETH15M-26APR271545-45"",""trade_id"":""6d0368a4-600d-4bac-19c4-e606c3c22951"",""yes_price_dollars"":""0.4900""}"
KXETH15M-26APR271545-45,683c705e-dece-4c5e-3e9f-8485471d9d91,1777318491,0.52,0.85,yes,"{""count_fp"":""0.85"",""created_time"":""2026-04-27T19:34:51.861922Z"",""no_price_dollars"":""0.4800"",""taker_side"":""yes"",""ticker"":""KXETH15M-26APR271545-45"",""trade_id"":""683c705e-dece-4c5e-3e9f-8485471d9d91"",""yes_price_dollars"":""0.5200""}"
KXETH15M-26APR271545-45,45af6a8c-bdc6-43e1-3336-e61247730754,1777318491,0.51,1.0,yes,"{""count_fp"":""1.00"",""created_time"":""2026-04-27T19:34:51.861922Z"",""no_price_dollars"":""0.4900"",""taker_side"":""yes"",""ticker"":""KXETH15M-26APR271545-45"",""trade_id"":""45af6a8c-bdc6-43e1-3336-e61247730754"",""yes_price_dollars"":""0.5100""}"
KXETH15M-26APR271545-45,b0d91525-8fc0-7227-002d-e2b0154bf659,1777318493,0.47,1.99,no,"{""count_fp"":""1.99"",""created_time"":""2026-04-27T19:34:53.637749Z"",""no_price_dollars"":""0.5300"",""taker_side"":""no"",""ticker"":""KXETH15M-26APR271545-45"",""trade_id"":""b0d91525-8fc0-7227-002d-e2b0154bf659"",""yes_price_dollars"":""0.4700""}"
KXETH15M-26APR271545-45,938c52e0-53bd-77c5-16c1-34c60b30a3a2,1777318493,0.52,5.0,no,"{""count_fp"":""5.00"",""created_time"":""2026-04-27T19:34:53.637749Z"",""no_price_dollars"":""0.4800"",""taker_side"":""no"",""ticker"":""KXETH15M-26APR271545-45"",""trade_id"":""938c52e0-53bd-77c5-16c1-34c60b30a3a2"",""yes_price_dollars"":""0.5200""}"
KXETH15M-26APR271545-45,23aa6e9a-814b-7a72-1a92-a419a3285245,1777318493,0.5,5.0,no,"{""count_fp"":""5.00"",""created_time"":""2026-04-27T19:34:53.637749Z"",""no_price_dollars"":""0.5000"",""taker_side"":""no"",""ticker"":""KXETH15M-26APR271545-45"",""trade_id"":""23aa6e9a-814b-7a72-1a92-a419a3285245"",""yes_price_dollars"":""0.5000""}"
KXETH15M-26APR271545-45,9feab02e-dcc4-6087-d35d-587cbbbb6efd,1777318493,0.48,5.0,no,"{""count_fp"":""5.00"",""created_time"":""2026-04-27T19:34:53.103395Z"",""no_price_dollars"":""0.5200"",""taker_side"":""no"",""ticker"":""KXETH15M-26APR271545-45"",""trade_id"":""9feab02e-dcc4-6087-d35d-587cbbbb6efd"",""yes_price_dollars"":""0.4800""}"
KXETH15M-26APR271545-45,785aa9a9-2fc5-6327-fcb7-21bd9056184b,1777318493,0.48,10.0,no,"{""count_fp"":""10.00"",""created_time"":""2026-04-27T19:34:53.103395Z"",""no_price_dollars"":""0.5200"",""taker_side"":""no"",""ticker"":""KXETH15M-26APR271545-45"",""trade_id"":""785aa9a9-2fc5-6327-fcb7-21bd9056184b"",""yes_price_dollars"":""0.4800""}"
KXETH15M-26APR271545-45,3b2b1fbc-65e4-63cf-d91b-ad7048b08c8d,1777318493,0.48,19.79,no,"{""count_fp"":""19.79"",""created_time"":""2026-04-27T19:34:53.103395Z"",""no_price_dollars"":""0.5200"",""taker_side"":""no"",""ticker"":""KXETH15M-26APR271545-45"",""trade_id"":""3b2b1fbc-65e4-63cf-d91b-ad7048b08c8d"",""yes_price_dollars"":""0.4800""}"
KXETH15M-26APR271545-45,f612f68a-8ffb-57d9-b2ca-f063fc5f97d1,1777318494,0.48,5.0,no,"{""count_fp"":""5.00"",""created_time"":""2026-04-27T19:34:54.491093Z"",""no_price_dollars"":""0.5200"",""taker_side"":""no"",""ticker"":""KXETH15M-26APR271545-45"",""trade_id"":""f612f68a-8ffb-57d9-b2ca-f063fc5f97d1"",""yes_price_dollars"":""0.4800""}"
KXETH15M-26APR271545-45,da4c2fd1-d2e4-5c57-9b88-6f9f6dd476e5,1777318494,0.47,12.92,no,"{""count_fp"":""12.92"",""created_time"":""2026-04-27T19:34:54.491093Z"",""no_price_dollars"":""0.5300"",""taker_side"":""no"",""ticker"":""KXETH15M-26APR271545-45"",""trade_id"":""da4c2fd1-d2e4-5c57-9b88-6f9f6dd476e5"",""yes_price_dollars"":""0.4700""}"
KXETH15M-26APR271545-45,b25bcb82-b5c4-410b-48d1-dfd847864db1,1777318496,0.47,15.87,no,"{""count_fp"":""15.87"",""created_time"":""2026-04-27T19:34:56.788967Z"",""no_price_dollars"":""0.5300"",""taker_side"":""no"",""ticker"":""KXETH15M-26APR271545-45"",""trade_id"":""b25bcb82-b5c4-410b-48d1-dfd847864db1"",""yes_price_dollars"":""0.4700""}"
KXETH15M-26APR271545-45,72fcb880-4fa6-4547-714e-61faa6216c4b,1777318496,0.47,2.0,no,"{""count_fp"":""2.00"",""created_time"":""2026-04-27T19:34:56.788967Z"",""no_price_dollars"":""0.5300"",""taker_side"":""no"",""ticker"":""KXETH15M-26APR271545-45"",""trade_id"":""72fcb880-4fa6-4547-714e-61faa6216c4b"",""yes_price_dollars"":""0.4700""}"
KXETH15M-26APR271545-45,d9b2af0c-19fc-6d56-b667-5af63977f938,1777318501,0.46,1.0,yes,"{""count_fp"":""1.00"",""created_time"":""2026-04-27T19:35:01.812218Z"",""no_price_dollars"":""0.5400"",""taker_side"":""yes"",""ticker"":""KXETH15M-26APR271545-45"",""trade_id"":""d9b2af0c-19fc-6d56-b667-5af63977f938"",""yes_price_dollars"":""0.4600""}"
KXETH15M-26APR271545-45,bc49ae35-d16e-6502-0cd0-7f8845222833,1777318508,0.44,5.0,no,"{""count_fp"":""5.00"",""created_time"":""2026-04-27T19:35:08.326088Z"",""no_price_dollars"":""0.5600"",""taker_side"":""no"",""ticker"":""KXETH15M-26APR271545-45"",""trade_id"":""bc49ae35-d16e-6502-0cd0-7f8845222833"",""yes_price_dollars"":""0.4400""}"
KXETH15M-26APR271545-45,81f68a0f-b1b4-6d04-0094-19950d0e6b53,1777318508,0.45,10.0,no,"{""count_fp"":""10.00"",""created_time"":""2026-04-27T19:35:08.326088Z"",""no_price_dollars"":""0.5500"",""taker_side"":""no"",""ticker"":""KXETH15M-26APR271545-45"",""trade_id"":""81f68a0f-b1b4-6d04-0094-19950d0e6b53"",""yes_price_dollars"":""0.4500""}"
KXETH15M-26APR271545-45,133ec55e-aad4-6dd2-35b1-3dfb1ce4cf75,1777318508,0.44,1.0,no,"{""count_fp"":""1.00"",""created_time"":""2026-04-27T19:35:08.326088Z"",""no_price_dollars"":""0.5600"",""taker_side"":""no"",""ticker"":""KXETH15M-26APR271545-45"",""trade_id"":""133ec55e-aad4-6dd2-35b1-3dfb1ce4cf75"",""yes_price_dollars"":""0.4400""}"
KXETH15M-26APR271545-45,d9bad549-b5ea-6086-a868-6c0e24fea139,1777318514,0.45,10.0,no,"{""count_fp"":""10.00"",""created_time"":""2026-04-27T19:35:14.202366Z"",""no_price_dollars"":""0.5500"",""taker_side"":""no"",""ticker"":""KXETH15M-26APR271545-45"",""trade_id"":""d9bad549-b5ea-6086-a868-6c0e24fea139"",""yes_price_dollars"":""0.4500""}"
KXETH15M-26APR271545-45,7f4b9950-ad93-6d2b-bf72-17b1825e2c7a,1777318514,0.44,19.64,no,"{""count_fp"":""19.64"",""created_time"":""2026-04-27T19:35:14.202366Z"",""no_price_dollars"":""0.5600"",""taker_side"":""no"",""ticker"":""KXETH15M-26APR271545-45"",""trade_id"":""7f4b9950-ad93-6d2b-bf72-17b1825e2c7a"",""yes_price_dollars"":""0.4400""}"
KXETH15M-26APR271545-45,469dc7de-5e6a-614c-9fee-6bcb30602200,1777318514,0.44,5.0,no,"{""count_fp"":""5.00"",""created_time"":""2026-04-27T19:35:14.202366Z"",""no_price_dollars"":""0.5600"",""taker_side"":""no"",""ticker"":""KXETH15M-26APR271545-45"",""trade_id"":""469dc7de-5e6a-614c-9fee-6bcb30602200"",""yes_price_dollars"":""0.4400""}"
KXETH15M-26APR271545-45,5b458cc0-2d02-5596-0ae1-1093a38a29ca,1777318521,0.49,9.9,yes,"{""count_fp"":""9.90"",""created_time"":""2026-04-27T19:35:21.331386Z"",""no_price_dollars"":""0.5100"",""taker_side"":""yes"",""ticker"":""KXETH15M-26APR271545-45"",""trade_id"":""5b458cc0-2d02-5596-0ae1-1093a38a29ca"",""yes_price_dollars"":""0.4900""}"
KXETH15M-26APR271545-45,0a688f24-b81b-563e-145e-eeaf91467341,1777318521,0.48,10.0,yes,"{""count_fp"":""10.00"",""created_time"":""2026-04-27T19:35:21.331386Z"",""no_price_dollars"":""0.5200"",""taker_side"":""yes"",""ticker"":""KXETH15M-26APR271545-45"",""trade_id"":""0a688f24-b81b-563e-145e-eeaf91467341"",""yes_price_dollars"":""0.4800""}"
KXETH15M-26APR271545-45,c3c9bbc1-310e-5448-c796-6b22fc30c51b,1777318523,0.51,1.0,yes,"{""count_fp"":""1.00"",""created_time"":""2026-04-27T19:35:23.685355Z"",""no_price_dollars"":""0.4900"",""taker_side"":""yes"",""ticker"":""KXETH15M-26APR271545-45"",""trade_id"":""c3c9bbc1-310e-5448-c796-6b22fc30c51b"",""yes_price_dollars"":""0.5100""}"
KXETH15M-26APR271545-45,b3a8ff01-cd8f-6cdb-fae0-c7747ac0763e,1777318523,0.48,1.0,no,"{""count_fp"":""1.00"",""created_time"":""2026-04-27T19:35:23.360045Z"",""no_price_dollars"":""0.5200"",""taker_side"":""no"",""ticker"":""KXETH15M-26APR271545-45"",""trade_id"":""b3a8ff01-cd8f-6cdb-fae0-c7747ac0763e"",""yes_price_dollars"":""0.4800""}"
KXETH15M-26APR271545-45,c25a255f-d8a7-4441-42c8-00665575de00,1777318523,0.52,1.0,yes,"{""count_fp"":""1.00"",""created_time"":""2026-04-27T19:35:23.115749Z"",""no_price_dollars"":""0.4800"",""taker_side"":""yes"",""ticker"":""KXETH15M-26APR271545-45"",""trade_id"":""c25a255f-d8a7-4441-42c8-00665575de00"",""yes_price_dollars"":""0.5200""}"
KXETH15M-26APR271545-45,24582f2a-e0b7-7a69-7459-582437b55ec8,1777318523,0.52,1.0,yes,"{""count_fp"":""1.00"",""created_time"":""2026-04-27T19:35:23.108161Z"",""no_price_dollars"":""0.4800"",""taker_side"":""yes"",""ticker"":""KXETH15M-26APR271545-45"",""trade_id"":""24582f2a-e0b7-7a69-7459-582437b55ec8"",""yes_price_dollars"":""0.5200""}"
KXETH15M-26APR271545-45,b32e5ed8-6d19-5ae8-852b-b372c2434939,1777318525,0.48,1.0,no,"{""count_fp"":""1.00"",""created_time"":""2026-04-27T19:35:25.467907Z"",""no_price_dollars"":""0.5200"",""taker_side"":""no"",""ticker"":""KXETH15M-26APR271545-45"",""trade_id"":""b32e5ed8-6d19-5ae8-852b-b372c2434939"",""yes_price_dollars"":""0.4800""}"
KXETH15M-26APR271545-45,8bf0b395-9c77-5fc7-8591-89c6086c6c1e,1777318525,0.48,25.21,no,"{""count_fp"":""25.21"",""created_time"":""2026-04-27T19:35:25.467907Z"",""no_price_dollars"":""0.5200"",""taker_side"":""no"",""ticker"":""KXETH15M-26APR271545-45"",""trade_id"":""8bf0b395-9c77-5fc7-8591-89c6086c6c1e"",""yes_price_dollars"":""0.4800""}"
KXETH15M-26APR271545-45,5bbdd04c-f234-5f83-a5fa-a49aed4a47f9,1777318525,0.48,10.0,no,"{""count_fp"":""10.00"",""created_time"":""2026-04-27T19:35:25.467907Z"",""no_price_dollars"":""0.5200"",""taker_side"":""no"",""ticker"":""KXETH15M-26APR271545-45"",""trade_id"":""5bbdd04c-f234-5f83-a5fa-a49aed4a47f9"",""yes_price_dollars"":""0.4800""}"
KXETH15M-26APR271545-45,5a5ab0ff-8253-57c1-9721-0f2d5e6fc128,1777318525,0.48,1.0,no,"{""count_fp"":""1.00"",""created_time"":""2026-04-27T19:35:25.467907Z"",""no_price_dollars"":""0.5200"",""taker_side"":""no"",""ticker"":""KXETH15M-26APR271545-45"",""trade_id"":""5a5ab0ff-8253-57c1-9721-0f2d5e6fc128"",""yes_price_dollars"":""0.4800""}"
KXETH15M-26APR271545-45,bec7648d-2fa2-4ce6-4342-d3055726fe8b,1777318529,0.5,4.53,no,"{""count_fp"":""4.53"",""created_time"":""2026-04-27T19:35:29.446148Z"",""no_price_dollars"":""0.5000"",""taker_side"":""no"",""ticker"":""KXETH15M-26APR271545-45"",""trade_id"":""bec7648d-2fa2-4ce6-4342-d3055726fe8b"",""yes_price_dollars"":""0.5000""}"
KXETH15M-26APR271545-45,45c8986d-8399-4718-4e89-0a9552f5f75e,1777318529,0.53,1.0,no,"{""count_fp"":""1.00"",""created_time"":""2026-04-27T19:35:29.446148Z"",""no_price_dollars"":""0.4700"",""taker_side"":""no"",""ticker"":""KXETH15M-26APR271545-45"",""trade_id"":""45c8986d-8399-4718-4e89-0a9552f5f75e"",""yes_price_dollars"":""0.5300""}"
KXETH15M-26APR271545-45,1a09ccd1-e93f-4dd5-6c5d-62341c1cfaf6,1777318529,0.51,10.0,no,"{""count_fp"":""10.00"",""created_time"":""2026-04-27T19:35:29.446148Z"",""no_price_dollars"":""0.4900"",""taker_side"":""no"",""ticker"":""KXETH15M-26APR271545-45"",""trade_id"":""1a09ccd1-e93f-4dd5-6c5d-62341c1cfaf6"",""yes_price_dollars"":""0.5100""}"
KXETH15M-26APR271545-45,bb67dd16-6568-5aa9-77df-864f60a980b5,1777318531,0.5,4.53,yes,"{""count_fp"":""4.53"",""created_time"":""2026-04-27T19:35:31.698002Z"",""no_price_dollars"":""0.5000"",""taker_side"":""yes"",""ticker"":""KXETH15M-26APR271545-45"",""trade_id"":""bb67dd16-6568-5aa9-77df-864f60a980b5"",""yes_price_dollars"":""0.5000""}"
KXETH15M-26APR271545-45,793b705a-34fa-51ec-6c20-b079b2addc8c,1777318531,0.52,4.08,yes,"{""count_fp"":""4.08"",""created_time"":""2026-04-27T19:35:31.698002Z"",""no_price_dollars"":""0.4800"",""taker_side"":""yes"",""ticker"":""KXETH15M-26APR271545-45"",""trade_id"":""793b705a-34fa-51ec-6c20-b079b2addc8c"",""yes_price_dollars"":""0.5200""}"
KXETH15M-26APR271545-45,52962f4e-3740-5c05-7742-89428b9c6185,1777318531,0.51,10.0,yes,"{""count_fp"":""10.00"",""created_time"":""2026-04-27T19:35:31.698002Z"",""no_price_dollars"":""0.4900"",""taker_side"":""yes"",""ticker"":""KXETH15M-26APR271545-45"",""trade_id"":""52962f4e-3740-5c05-7742-89428b9c6185"",""yes_price_dollars"":""0.5100""}"
KXETH15M-26APR271545-45,68d43509-87ab-4886-3ec5-453c4a92b608,1777318533,0.52,1.0,yes,"{""count_fp"":""1.00"",""created_time"":""2026-04-27T19:35:33.811507Z"",""no_price_dollars"":""0.4800"",""taker_side"":""yes"",""ticker"":""KXETH15M-26APR271545-45"",""trade_id"":""68d43509-87ab-4886-3ec5-453c4a92b608"",""yes_price_dollars"":""0.5200""}"
KXETH15M-26APR271545-45,cb423c1f-63c4-6598-acdc-12cef863a06e,1777318535,0.54,2.0,yes,"{""count_fp"":""2.00"",""created_time"":""2026-04-27T19:35:35.320218Z"",""no_price_dollars"":""0.4600"",""taker_side"":""yes"",""ticker"":""KXETH15M-26APR271545-45"",""trade_id"":""cb423c1f-63c4-6598-acdc-12cef863a06e"",""yes_price_dollars"":""0.5400""}"
KXETH15M-26APR271545-45,3c5b0508-afaf-4ad3-2cd9-6c1b75ee64b0,1777318535,0.52,5.0,yes,"{""count_fp"":""5.00"",""created_time"":""2026-04-27T19:35:35.026599Z"",""no_price_dollars"":""0.4800"",""taker_side"":""yes"",""ticker"":""KXETH15M-26APR271545-45"",""trade_id"":""3c5b0508-afaf-4ad3-2cd9-6c1b75ee64b0"",""yes_price_dollars"":""0.5200""}"
KXETH15M-26APR271545-45,088133c3-287b-4f3d-1485-1f0e823cf939,1777318535,0.54,4.11,yes,"{""count_fp"":""4.11"",""created_time"":""2026-04-27T19:35:35.026599Z"",""no_price_dollars"":""0.4600"",""taker_side"":""yes"",""ticker"":""KXETH15M-26APR271545-45"",""trade_id"":""088133c3-287b-4f3d-1485-1f0e823cf939"",""yes_price_dollars"":""0.5400""}"
KXETH15M-26APR271545-45,9bfcff39-bf9c-693f-5b5d-f26351880df9,1777318537,0.54,0.88,yes,"{""count_fp"":""0.88"",""created_time"":""2026-04-27T19:35:37.613096Z"",""no_price_dollars"":""0.4600"",""taker_side"":""yes"",""ticker"":""KXETH15M-26APR271545-45"",""trade_id"":""9bfcff39-bf9c-693f-5b5d-f26351880df9"",""yes_price_dollars"":""0.5400""}"
KXETH15M-26APR271545-45,42973abf-16d8-61b7-454a-bae6cda621cc,1777318539,0.51,0.23,no,"{""count_fp"":""0.23"",""created_time"":""2026-04-27T19:35:39.662902Z"",""no_price_dollars"":""0.4900"",""taker_side"":""no"",""ticker"":""KXETH15M-26APR271545-45"",""trade_id"":""42973abf-16d8-61b7-454a-bae6cda621cc"",""yes_price_dollars"":""0.5100""}"
KXETH15M-26APR271545-45,3e650f75-6d2f-67dd-69b9-7dcc48ff1824,1777318539,0.51,5.39,no,"{""count_fp"":""5.39"",""created_time"":""2026-04-27T19:35:39.662902Z"",""no_price_dollars"":""0.4900"",""taker_side"":""no"",""ticker"":""KXETH15M-26APR271545-45"",""trade_id"":""3e650f75-6d2f-67dd-69b9-7dcc48ff1824"",""yes_price_dollars"":""0.5100""}"
KXETH15M-26APR271545-45,33e26665-8644-6b8e-5ba8-372f092d7f3b,1777318539,0.51,14.07,no,"{""count_fp"":""14.07"",""created_time"":""2026-04-27T19:35:39.662902Z"",""no_price_dollars"":""0.4900"",""taker_side"":""no"",""ticker"":""KXETH15M-26APR271545-45"",""trade_id"":""33e26665-8644-6b8e-5ba8-372f092d7f3b"",""yes_price_dollars"":""0.5100""}"
KXETH15M-26APR271545-45,aff23188-41b3-6745-24c1-e476cb096a28,1777318539,0.51,5.59,no,"{""count_fp"":""5.59"",""created_time"":""2026-04-27T19:35:39.414066Z"",""no_price_dollars"":""0.4900"",""taker_side"":""no"",""ticker"":""KXETH15M-26APR271545-45"",""trade_id"":""aff23188-41b3-6745-24c1-e476cb096a28"",""yes_price_dollars"":""0.5100""}"
KXETH15M-26APR271545-45,34d7ba45-2d85-619b-126c-7061e1b8afd5,1777318539,0.51,10.0,no,"{""count_fp"":""10.00"",""created_time"":""2026-04-27T19:35:39.414066Z"",""no_price_dollars"":""0.4900"",""taker_side"":""no"",""ticker"":""KXETH15M-26APR271545-45"",""trade_id"":""34d7ba45-2d85-619b-126c-7061e1b8afd5"",""yes_price_dollars"":""0.5100""}"
KXETH15M-26APR271545-45,790effa9-e8ce-7155-f913-ce100bc7633b,1777318540,0.51,2.0,no,"{""count_fp"":""2.00"",""created_time"":""2026-04-27T19:35:40.501689Z"",""no_price_dollars"":""0.4900"",""taker_side"":""no"",""ticker"":""KXETH15M-26APR271545-45"",""trade_id"":""790effa9-e8ce-7155-f913-ce100bc7633b"",""yes_price_dollars"":""0.5100""}"
KXETH15M-26APR271545-45,6832ec49-5d5f-705f-d45b-d917a87a72f6,1777318540,0.51,3.32,no,"{""count_fp"":""3.32"",""created_time"":""2026-04-27T19:35:40.501689Z"",""no_price_dollars"":""0.4900"",""taker_side"":""no"",""ticker"":""KXETH15M-26APR271545-45"",""trade_id"":""6832ec49-5d5f-705f-d45b-d917a87a72f6"",""yes_price_dollars"":""0.5100""}"
KXETH15M-26APR271545-45,040138c7-3c1e-4de5-3d6b-61121568984b,1777318545,0.53,30.59,no,"{""count_fp"":""30.59"",""created_time"":""2026-04-27T19:35:45.796674Z"",""no_price_dollars"":""0.4700"",""taker_side"":""no"",""ticker"":""KXETH15M-26APR271545-45"",""trade_id"":""040138c7-3c1e-4de5-3d6b-61121568984b"",""yes_price_dollars"":""0.5300""}"
KXETH15M-26APR271545-45,fe0cd42f-e666-567c-1b7c-e29ee1a011ea,1777318546,0.54,2.0,yes,"{""count_fp"":""2.00"",""created_time"":""2026-04-27T19:35:46.679533Z"",""no_price_dollars"":""0.4600"",""taker_side"":""yes"",""ticker"":""KXETH15M-26APR271545-45"",""trade_id"":""fe0cd42f-e666-567c-1b7c-e29ee1a011ea"",""yes_price_dollars"":""0.5400""}"
KXETH15M-26APR271545-45,01d0977b-5d19-4ab1-c142-6bc592135a4a,1777318547,0.55,3.0,no,"{""count_fp"":""3.00"",""created_time"":""2026-04-27T19:35:47.677857Z"",""no_price_dollars"":""0.4500"",""taker_side"":""no"",""ticker"":""KXETH15M-26APR271545-45"",""trade_id"":""01d0977b-5d19-4ab1-c142-6bc592135a4a"",""yes_price_dollars"":""0.5500""}"
KXETH15M-26APR271545-45,5b0adbed-ed77-420f-212f-1b2d3af2489b,1777318551,0.58,10.0,no,"{""count_fp"":""10.00"",""created_time"":""2026-04-27T19:35:51.791707Z"",""no_price_dollars"":""0.4200"",""taker_side"":""no"",""ticker"":""KXETH15M-26APR271545-45"",""trade_id"":""5b0adbed-ed77-420f-212f-1b2d3af2489b"",""yes_price_dollars"":""0.5800""}"
KXETH15M-26APR271545-45,cb4f80e8-5cd3-62e6-9749-08efb97380e6,1777318552,0.54,10.37,no,"{""count_fp"":""10.37"",""created_time"":""2026-04-27T19:35:52.829409Z"",""no_price_dollars"":""0.4600"",""taker_side"":""no"",""ticker"":""KXETH15M-26APR271545-45"",""trade_id"":""cb4f80e8-5cd3-62e6-9749-08efb97380e6"",""yes_price_dollars"":""0.5400""}"
KXETH15M-26APR271545-45,9ba0df8d-a589-6337-a619-2440fc4c6407,1777318552,0.54,5.0,no,"{""count_fp"":""5.00"",""created_time"":""2026-04-27T19:35:52.829409Z"",""no_price_dollars"":""0.4600"",""taker_side"":""no"",""ticker"":""KXETH15M-26APR271545-45"",""trade_id"":""9ba0df8d-a589-6337-a619-2440fc4c6407"",""yes_price_dollars"":""0.5400""}"
KXETH15M-26APR271545-45,b10e8ece-45c4-58a9-18b2-87ffb86fe5e8,1777318552,0.57,1.0,yes,"{""count_fp"":""1.00"",""created_time"":""2026-04-27T19:35:52.251759Z"",""no_price_dollars"":""0.4300"",""taker_side"":""yes"",""ticker"":""KXETH15M-26APR271545-45"",""trade_id"":""b10e8ece-45c4-58a9-18b2-87ffb86fe5e8"",""yes_price_dollars"":""0.5700""}"
KXETH15M-26APR271545-45,9ca441e3-e070-53e1-3462-e1705312c273,1777318552,0.59,17.87,yes,"{""count_fp"":""17.87"",""created_time"":""2026-04-27T19:35:52.251759Z"",""no_price_dollars"":""0.4100"",""taker_side"":""yes"",""ticker"":""KXETH15M-26APR271545-45"",""trade_id"":""9ca441e3-e070-53e1-3462-e1705312c273"",""yes_price_dollars"":""0.5900""}"
KXETH15M-26APR271545-45,80fb5fc2-bd92-5e92-1b4f-41021e791476,1777318552,0.58,9.76,yes,"{""count_fp"":""9.76"",""created_time"":""2026-04-27T19:35:52.251759Z"",""no_price_dollars"":""0.4200"",""taker_side"":""yes"",""ticker"":""KXETH15M-26APR271545-45"",""trade_id"":""80fb5fc2-bd92-5e92-1b4f-41021e791476"",""yes_price_dollars"":""0.5800""}"
KXETH15M-26APR271545-45,b6916cd0-9b14-75e7-c0f8-9452a5783b46,1777318561,0.51,1.0,no,"{""count_fp"":""1.00"",""created_time"":""2026-04-27T19:36:01.292799Z"",""no_price_dollars"":""0.4900"",""taker_side"":""no"",""ticker"":""KXETH15M-26APR271545-45"",""trade_id"":""b6916cd0-9b14-75e7-c0f8-9452a5783b46"",""yes_price_dollars"":""0.5100""}"
KXETH15M-26APR271545-45,860da26d-b30f-7bd7-ca1b-3a66a50edd1a,1777318561,0.51,37.0,no,"{""count_fp"":""37.00"",""created_time"":""2026-04-27T19:36:01.292799Z"",""no_price_dollars"":""0.4900"",""taker_side"":""no"",""ticker"":""KXETH15M-26APR271545-45"",""trade_id"":""860da26d-b30f-7bd7-ca1b-3a66a50edd1a"",""yes_price_dollars"":""0.5100""}"
KXETH15M-26APR271545-45,eb20c8d7-e743-48f0-edd5-9d2934ab2082,1777318563,0.52,5.0,no,"{""count_fp"":""5.00"",""created_time"":""2026-04-27T19:36:03.760935Z"",""no_price_dollars"":""0.4800"",""taker_side"":""no"",""ticker"":""KXETH15M-26APR271545-45"",""trade_id"":""eb20c8d7-e743-48f0-edd5-9d2934ab2082"",""yes_price_dollars"":""0.5200""}"
KXETH15M-26APR271545-45,0bd482a8-47fa-42be-c0cf-6c3403a85f70,1777318563,0.53,5.0,no,"{""count_fp"":""5.00"",""created_time"":""2026-04-27T19:36:03.760935Z"",""no_price_dollars"":""0.4700"",""taker_side"":""no"",""ticker"":""KXETH15M-26APR271545-45"",""trade_id"":""0bd482a8-47fa-42be-c0cf-6c3403a85f70"",""yes_price_dollars"":""0.5300""}"
KXETH15M-26APR271545-45,e4c6a79d-1930-575c-2a2c-508f673f17b7,1777318564,0.51,2.0,no,"{""count_fp"":""2.00"",""created_time"":""2026-04-27T19:36:04.300643Z"",""no_price_dollars"":""0.4900"",""taker_side"":""no"",""ticker"":""KXETH15M-26APR271545-45"",""trade_id"":""e4c6a79d-1930-575c-2a2c-508f673f17b7"",""yes_price_dollars"":""0.5100""}"
KXETH15M-26APR271545-45,1485576d-54f2-4313-1c1a-5b258d57df59,1777318566,0.53,3.0,no,"{""count_fp"":""3.00"",""created_time"":""2026-04-27T19:36:06.255866Z"",""no_price_dollars"":""0.4700"",""taker_side"":""no"",""ticker"":""KXETH15M-26APR271545-45"",""trade_id"":""1485576d-54f2-4313-1c1a-5b258d57df59"",""yes_price_dollars"":""0.5300""}"
KXETH15M-26APR271545-45,cc79f5a3-9e7d-4777-4b03-841a09362aa8,1777318574,0.55,7.0,yes,"{""count_fp"":""7.00"",""created_time"":""2026-04-27T19:36:14.035375Z"",""no_price_dollars"":""0.4500"",""taker_side"":""yes"",""ticker"":""KXETH15M-26APR271545-45"",""trade_id"":""cc79f5a3-9e7d-4777-4b03-841a09362aa8"",""yes_price_dollars"":""0.5500""}"
KXETH15M-26APR271545-45,a22bb30d-e203-438f-4257-805baa0d732c,1777318574,0.59,18.91,yes,"{""count_fp"":""18.91"",""created_time"":""2026-04-27T19:36:14.035375Z"",""no_price_dollars"":""0.4100"",""taker_side"":""yes"",""ticker"":""KXETH15M-26APR271545-45"",""trade_id"":""a22bb30d-e203-438f-4257-805baa0d732c"",""yes_price_dollars"":""0.5900""}"
KXETH15M-26APR271545-45,8d079860-13f5-4c67-58d3-f970c2818d32,1777318574,0.58,1.0,yes,"{""count_fp"":""1.00"",""created_time"":""2026-04-27T19:36:14.035375Z"",""no_price_dollars"":""0.4200"",""taker_side"":""yes"",""ticker"":""KXETH15M-26APR271545-45"",""trade_id"":""8d079860-13f5-4c67-58d3-f970c2818d32"",""yes_price_dollars"":""0.5800""}"
KXETH15M-26APR271545-45,4fbc378b-d6e4-4924-5c7c-45cefb7621fd,1777318574,0.57,5.0,yes,"{""count_fp"":""5.00"",""created_time"":""2026-04-27T19:36:14.035375Z"",""no_price_dollars"":""0.4300"",""taker_side"":""yes"",""ticker"":""KXETH15M-26APR271545-45"",""trade_id"":""4fbc378b-d6e4-4924-5c7c-45cefb7621fd"",""yes_price_dollars"":""0.5700""}"
KXETH15M-26APR271545-45,05389249-25d1-4143-4adb-aaeaf64d638d,1777318574,0.58,10.0,yes,"{""count_fp"":""10.00"",""created_time"":""2026-04-27T19:36:14.035375Z"",""no_price_dollars"":""0.4200"",""taker_side"":""yes"",""ticker"":""KXETH15M-26APR271545-45"",""trade_id"":""05389249-25d1-4143-4adb-aaeaf64d638d"",""yes_price_dollars"":""0.5800""}"
KXETH15M-26APR271545-45,f43571a1-e705-6b8b-ec83-e25ce39b24b0,1777318576,0.54,10.0,no,"{""count_fp"":""10.00"",""created_time"":""2026-04-27T19:36:16.280258Z"",""no_price_dollars"":""0.4600"",""taker_side"":""no"",""ticker"":""KXETH15M-26APR271545-45"",""trade_id"":""f43571a1-e705-6b8b-ec83-e25ce39b24b0"",""yes_price_dollars"":""0.5400""}"
KXETH15M-26APR271545-45,cb23fbe5-d5d6-644b-e99b-718b536c3e9b,1777318576,0.54,2.0,no,"{""count_fp"":""2.00"",""created_time"":""2026-04-27T19:36:16.280258Z"",""no_price_dollars"":""0.4600"",""taker_side"":""no"",""ticker"":""KXETH15M-26APR271545-45"",""trade_id"":""cb23fbe5-d5d6-644b-e99b-718b536c3e9b"",""yes_price_dollars"":""0.5400""}"
KXETH15M-26APR271545-45,912b0e52-ef40-6289-aa99-e25fd7906a3e,1777318581,0.55,2.0,yes,"{""count_fp"":""2.00"",""created_time"":""2026-04-27T19:36:21.733301Z"",""no_price_dollars"":""0.4500"",""taker_side"":""yes"",""ticker"":""KXETH15M-26APR271545-45"",""trade_id"":""912b0e52-ef40-6289-aa99-e25fd7906a3e"",""yes_price_dollars"":""0.5500""}"
KXETH15M-26APR271545-45,0ec49b23-7a33-6d0e-c262-a3fa71f63bd4,1777318582,0.52,4.0,no,"{""count_fp"":""4.00"",""created_time"":""2026-04-27T19:36:22.245678Z"",""no_price_dollars"":""0.4800"",""taker_side"":""no"",""ticker"":""KXETH15M-26APR271545-45"",""trade_id"":""0ec49b23-7a33-6d0e-c262-a3fa71f63bd4"",""yes_price_dollars"":""0.5200""}"
KXETH15M-26APR271545-45,bc3a5159-7f42-5cec-7254-d7cecf0b9c6b,1777318584,0.53,2.0,no,"{""count_fp"":""2.00"",""created_time"":""2026-04-27T19:36:24.411478Z"",""no_price_dollars"":""0.4700"",""taker_side"":""no"",""ticker"":""KXETH15M-26APR271545-45"",""trade_id"":""bc3a5159-7f42-5cec-7254-d7cecf0b9c6b"",""yes_price_dollars"":""0.5300""}"
KXETH15M-26APR271545-45,a127aee9-1feb-52cb-7067-590c2ecf6bf6,1777318584,0.53,0.01,no,"{""count_fp"":""0.01"",""created_time"":""2026-04-27T19:36:24.411478Z"",""no_price_dollars"":""0.4700"",""taker_side"":""no"",""ticker"":""KXETH15M-26APR271545-45"",""trade_id"":""a127aee9-1feb-52cb-7067-590c2ecf6bf6"",""yes_price_dollars"":""0.5300""}"
KXETH15M-26APR271545-45,98576e4b-ea52-6b29-c591-d56a4d8248ee,1777318585,0.53,10.0,no,"{""count_fp"":""10.00"",""created_time"":""2026-04-27T19:36:25.392879Z"",""no_price_dollars"":""0.4700"",""taker_side"":""no"",""ticker"":""KXETH15M-26APR271545-45"",""trade_id"":""98576e4b-ea52-6b29-c591-d56a4d8248ee"",""yes_price_dollars"":""0.5300""}"
KXETH15M-26APR271545-45,1c11b1dc-dccb-6253-d306-96c14f122772,1777318585,0.53,0.05,no,"{""count_fp"":""0.05"",""created_time"":""2026-04-27T19:36:25.392879Z"",""no_price_dollars"":""0.4700"",""taker_side"":""no"",""ticker"":""KXETH15M-26APR271545-45"",""trade_id"":""1c11b1dc-dccb-6253-d306-96c14f122772"",""yes_price_dollars"":""0.5300""}"
KXETH15M-26APR271545-45,9d45ebef-49ee-491d-f016-ee16a159578b,1777318591,0.55,26.43,yes,"{""count_fp"":""26.43"",""created_time"":""2026-04-27T19:36:31.373Z"",""no_price_dollars"":""0.4500"",""taker_side"":""yes"",""ticker"":""KXETH15M-26APR271545-45"",""trade_id"":""9d45ebef-49ee-491d-f016-ee16a159578b"",""yes_price_dollars"":""0.5500""}"
KXETH15M-26APR271545-45,b700430c-a9b3-6f9f-d731-1871600e8616,1777318592,0.54,100.0,no,"{""count_fp"":""100.00"",""created_time"":""2026-04-27T19:36:32.231725Z"",""no_price_dollars"":""0.4600"",""taker_side"":""no"",""ticker"":""KXETH15M-26APR271545-45"",""trade_id"":""b700430c-a9b3-6f9f-d731-1871600e8616"",""yes_price_dollars"":""0.5400""}"
