ticker,trade_id,ts,yes_price,count,taker_side,raw_json
KXETH15M-26APR281030-30,5576bf5d-5f09-6c53-b66b-a159f2e9bc45,1777385719,0.5,1.0,no,"{""count_fp"":""1.00"",""created_time"":""2026-04-28T14:15:19.182129Z"",""no_price_dollars"":""0.5000"",""taker_side"":""no"",""ticker"":""KXETH15M-26APR281030-30"",""trade_id"":""5576bf5d-5f09-6c53-b66b-a159f2e9bc45"",""yes_price_dollars"":""0.5000""}"
KXETH15M-26APR281030-30,ef54055b-755d-62e3-5309-b9fb45abc4cd,1777385727,0.5,2.0,no,"{""count_fp"":""2.00"",""created_time"":""2026-04-28T14:15:27.390096Z"",""no_price_dollars"":""0.5000"",""taker_side"":""no"",""ticker"":""KXETH15M-26APR281030-30"",""trade_id"":""ef54055b-755d-62e3-5309-b9fb45abc4cd"",""yes_price_dollars"":""0.5000""}"
KXETH15M-26APR281030-30,71eef57b-d201-68bd-579b-ada8133583f8,1777385727,0.46,1.72,no,"{""count_fp"":""1.72"",""created_time"":""2026-04-28T14:15:27.390096Z"",""no_price_dollars"":""0.5400"",""taker_side"":""no"",""ticker"":""KXETH15M-26APR281030-30"",""trade_id"":""71eef57b-d201-68bd-579b-ada8133583f8"",""yes_price_dollars"":""0.4600""}"
KXETH15M-26APR281030-30,6e1cdc4f-c73d-6ae9-e4ed-16adf40b54cc,1777385729,0.44,10.0,no,"{""count_fp"":""10.00"",""created_time"":""2026-04-28T14:15:29.318982Z"",""no_price_dollars"":""0.5600"",""taker_side"":""no"",""ticker"":""KXETH15M-26APR281030-30"",""trade_id"":""6e1cdc4f-c73d-6ae9-e4ed-16adf40b54cc"",""yes_price_dollars"":""0.4400""}"
KXETH15M-26APR281030-30,0947b917-e882-6ab9-580f-527a1c2b1440,1777385729,0.49,9.47,yes,"{""count_fp"":""9.47"",""created_time"":""2026-04-28T14:15:29.146715Z"",""no_price_dollars"":""0.5100"",""taker_side"":""yes"",""ticker"":""KXETH15M-26APR281030-30"",""trade_id"":""0947b917-e882-6ab9-580f-527a1c2b1440"",""yes_price_dollars"":""0.4900""}"
KXETH15M-26APR281030-30,fdf26812-acc1-53c7-b768-4afa2dd10c13,1777385730,0.43,5.0,no,"{""count_fp"":""5.00"",""created_time"":""2026-04-28T14:15:30.515271Z"",""no_price_dollars"":""0.5700"",""taker_side"":""no"",""ticker"":""KXETH15M-26APR281030-30"",""trade_id"":""fdf26812-acc1-53c7-b768-4afa2dd10c13"",""yes_price_dollars"":""0.4300""}"
KXETH15M-26APR281030-30,247a2063-6ef7-5e61-b8df-2c58b869d441,1777385737,0.42,6.39,no,"{""count_fp"":""6.39"",""created_time"":""2026-04-28T14:15:37.627429Z"",""no_price_dollars"":""0.5800"",""taker_side"":""no"",""ticker"":""KXETH15M-26APR281030-30"",""trade_id"":""247a2063-6ef7-5e61-b8df-2c58b869d441"",""yes_price_dollars"":""0.4200""}"
KXETH15M-26APR281030-30,015234d0-b540-53ba-9231-380293e8f121,1777385737,0.43,2.0,no,"{""count_fp"":""2.00"",""created_time"":""2026-04-28T14:15:37.627429Z"",""no_price_dollars"":""0.5700"",""taker_side"":""no"",""ticker"":""KXETH15M-26APR281030-30"",""trade_id"":""015234d0-b540-53ba-9231-380293e8f121"",""yes_price_dollars"":""0.4300""}"
KXETH15M-26APR281030-30,9979e380-90ca-7d15-a933-83ac897aaf2c,1777385737,0.45,10.0,yes,"{""count_fp"":""10.00"",""created_time"":""2026-04-28T14:15:37.357151Z"",""no_price_dollars"":""0.5500"",""taker_side"":""yes"",""ticker"":""KXETH15M-26APR281030-30"",""trade_id"":""9979e380-90ca-7d15-a933-83ac897aaf2c"",""yes_price_dollars"":""0.4500""}"
KXETH15M-26APR281030-30,37574170-a07e-6e96-3d74-b9e4dd33d120,1777385740,0.45,4.0,yes,"{""count_fp"":""4.00"",""created_time"":""2026-04-28T14:15:40.196535Z"",""no_price_dollars"":""0.5500"",""taker_side"":""yes"",""ticker"":""KXETH15M-26APR281030-30"",""trade_id"":""37574170-a07e-6e96-3d74-b9e4dd33d120"",""yes_price_dollars"":""0.4500""}"
KXETH15M-26APR281030-30,a22476d4-080d-63d6-8da6-ad83b88ba2dd,1777385746,0.41,1.0,no,"{""count_fp"":""1.00"",""created_time"":""2026-04-28T14:15:46.328454Z"",""no_price_dollars"":""0.5900"",""taker_side"":""no"",""ticker"":""KXETH15M-26APR281030-30"",""trade_id"":""a22476d4-080d-63d6-8da6-ad83b88ba2dd"",""yes_price_dollars"":""0.4100""}"
KXETH15M-26APR281030-30,2a07e4cc-f646-7725-dddc-faec569d2130,1777385747,0.42,45.76,yes,"{""count_fp"":""45.76"",""created_time"":""2026-04-28T14:15:47.900374Z"",""no_price_dollars"":""0.5800"",""taker_side"":""yes"",""ticker"":""KXETH15M-26APR281030-30"",""trade_id"":""2a07e4cc-f646-7725-dddc-faec569d2130"",""yes_price_dollars"":""0.4200""}"
KXETH15M-26APR281030-30,37801f06-ec0a-5ecd-2d04-f2838362a954,1777385749,0.42,45.76,yes,"{""count_fp"":""45.76"",""created_time"":""2026-04-28T14:15:49.857322Z"",""no_price_dollars"":""0.5800"",""taker_side"":""yes"",""ticker"":""KXETH15M-26APR281030-30"",""trade_id"":""37801f06-ec0a-5ecd-2d04-f2838362a954"",""yes_price_dollars"":""0.4200""}"
KXETH15M-26APR281030-30,be3e0813-3719-408b-a946-bcb2004488b3,1777385754,0.39,144.03,no,"{""count_fp"":""144.03"",""created_time"":""2026-04-28T14:15:54.843534Z"",""no_price_dollars"":""0.6100"",""taker_side"":""no"",""ticker"":""KXETH15M-26APR281030-30"",""trade_id"":""be3e0813-3719-408b-a946-bcb2004488b3"",""yes_price_dollars"":""0.3900""}"
KXETH15M-26APR281030-30,895c7305-8288-4dd5-87b8-5f74788ee784,1777385754,0.39,10.0,no,"{""count_fp"":""10.00"",""created_time"":""2026-04-28T14:15:54.843534Z"",""no_price_dollars"":""0.6100"",""taker_side"":""no"",""ticker"":""KXETH15M-26APR281030-30"",""trade_id"":""895c7305-8288-4dd5-87b8-5f74788ee784"",""yes_price_dollars"":""0.3900""}"
KXETH15M-26APR281030-30,77311232-ed09-4fec-9c62-1a76465de7b2,1777385754,0.39,5.0,no,"{""count_fp"":""5.00"",""created_time"":""2026-04-28T14:15:54.843534Z"",""no_price_dollars"":""0.6100"",""taker_side"":""no"",""ticker"":""KXETH15M-26APR281030-30"",""trade_id"":""77311232-ed09-4fec-9c62-1a76465de7b2"",""yes_price_dollars"":""0.3900""}"
KXETH15M-26APR281030-30,997a11a6-ab48-4f63-50d8-42a008734f9a,1777385757,0.38,1.0,no,"{""count_fp"":""1.00"",""created_time"":""2026-04-28T14:15:57.491494Z"",""no_price_dollars"":""0.6200"",""taker_side"":""no"",""ticker"":""KXETH15M-26APR281030-30"",""trade_id"":""997a11a6-ab48-4f63-50d8-42a008734f9a"",""yes_price_dollars"":""0.3800""}"
KXETH15M-26APR281030-30,b047194a-fd78-5d1a-7e31-5209502dbfda,1777385759,0.39,1.0,yes,"{""count_fp"":""1.00"",""created_time"":""2026-04-28T14:15:59.163515Z"",""no_price_dollars"":""0.6100"",""taker_side"":""yes"",""ticker"":""KXETH15M-26APR281030-30"",""trade_id"":""b047194a-fd78-5d1a-7e31-5209502dbfda"",""yes_price_dollars"":""0.3900""}"
KXETH15M-26APR281030-30,957be781-17fd-715c-7d75-efc5f6faaa90,1777385761,0.34,1.0,no,"{""count_fp"":""1.00"",""created_time"":""2026-04-28T14:16:01.493443Z"",""no_price_dollars"":""0.6600"",""taker_side"":""no"",""ticker"":""KXETH15M-26APR281030-30"",""trade_id"":""957be781-17fd-715c-7d75-efc5f6faaa90"",""yes_price_dollars"":""0.3400""}"
KXETH15M-26APR281030-30,0570e762-41af-7a3f-a5ac-5da6cb3b25a9,1777385762,0.31,1.43,no,"{""count_fp"":""1.43"",""created_time"":""2026-04-28T14:16:02.979052Z"",""no_price_dollars"":""0.6900"",""taker_side"":""no"",""ticker"":""KXETH15M-26APR281030-30"",""trade_id"":""0570e762-41af-7a3f-a5ac-5da6cb3b25a9"",""yes_price_dollars"":""0.3100""}"
KXETH15M-26APR281030-30,a2e286db-3e3b-59c7-2615-ba9431fac10d,1777385763,0.31,5.0,no,"{""count_fp"":""5.00"",""created_time"":""2026-04-28T14:16:03.721503Z"",""no_price_dollars"":""0.6900"",""taker_side"":""no"",""ticker"":""KXETH15M-26APR281030-30"",""trade_id"":""a2e286db-3e3b-59c7-2615-ba9431fac10d"",""yes_price_dollars"":""0.3100""}"
KXETH15M-26APR281030-30,f296d218-03f8-4007-4d77-48ec08400389,1777385765,0.34,7.0,yes,"{""count_fp"":""7.00"",""created_time"":""2026-04-28T14:16:05.194942Z"",""no_price_dollars"":""0.6600"",""taker_side"":""yes"",""ticker"":""KXETH15M-26APR281030-30"",""trade_id"":""f296d218-03f8-4007-4d77-48ec08400389"",""yes_price_dollars"":""0.3400""}"
KXETH15M-26APR281030-30,c09b05cd-8278-797f-dd8e-f62f881e1cd6,1777385766,0.31,20.0,no,"{""count_fp"":""20.00"",""created_time"":""2026-04-28T14:16:06.236755Z"",""no_price_dollars"":""0.6900"",""taker_side"":""no"",""ticker"":""KXETH15M-26APR281030-30"",""trade_id"":""c09b05cd-8278-797f-dd8e-f62f881e1cd6"",""yes_price_dollars"":""0.3100""}"
KXETH15M-26APR281030-30,18eb5404-e39c-7c7f-3da3-a8d68ce1071d,1777385766,0.34,3.0,yes,"{""count_fp"":""3.00"",""created_time"":""2026-04-28T14:16:06.021963Z"",""no_price_dollars"":""0.6600"",""taker_side"":""yes"",""ticker"":""KXETH15M-26APR281030-30"",""trade_id"":""18eb5404-e39c-7c7f-3da3-a8d68ce1071d"",""yes_price_dollars"":""0.3400""}"
KXETH15M-26APR281030-30,0c4da50f-745a-48fd-b687-31fa475d6a82,1777385768,0.32,1.0,no,"{""count_fp"":""1.00"",""created_time"":""2026-04-28T14:16:08.824945Z"",""no_price_dollars"":""0.6800"",""taker_side"":""no"",""ticker"":""KXETH15M-26APR281030-30"",""trade_id"":""0c4da50f-745a-48fd-b687-31fa475d6a82"",""yes_price_dollars"":""0.3200""}"
KXETH15M-26APR281030-30,f80fc1dd-2a84-626a-44ac-5e831a4167c6,1777385769,0.37,100.0,yes,"{""count_fp"":""100.00"",""created_time"":""2026-04-28T14:16:09.743567Z"",""no_price_dollars"":""0.6300"",""taker_side"":""yes"",""ticker"":""KXETH15M-26APR281030-30"",""trade_id"":""f80fc1dd-2a84-626a-44ac-5e831a4167c6"",""yes_price_dollars"":""0.3700""}"
KXETH15M-26APR281030-30,c2b77a17-df84-6917-5ea7-f0ba56629125,1777385769,0.34,4.0,yes,"{""count_fp"":""4.00"",""created_time"":""2026-04-28T14:16:09.743567Z"",""no_price_dollars"":""0.6600"",""taker_side"":""yes"",""ticker"":""KXETH15M-26APR281030-30"",""trade_id"":""c2b77a17-df84-6917-5ea7-f0ba56629125"",""yes_price_dollars"":""0.3400""}"
KXETH15M-26APR281030-30,25019bae-ceec-6c4a-4b1c-ed8620acb70b,1777385769,0.39,76.0,yes,"{""count_fp"":""76.00"",""created_time"":""2026-04-28T14:16:09.743567Z"",""no_price_dollars"":""0.6100"",""taker_side"":""yes"",""ticker"":""KXETH15M-26APR281030-30"",""trade_id"":""25019bae-ceec-6c4a-4b1c-ed8620acb70b"",""yes_price_dollars"":""0.3900""}"
KXETH15M-26APR281030-30,0ae67fbd-5d42-64f6-5c79-130107245c34,1777385769,0.37,10.0,yes,"{""count_fp"":""10.00"",""created_time"":""2026-04-28T14:16:09.743567Z"",""no_price_dollars"":""0.6300"",""taker_side"":""yes"",""ticker"":""KXETH15M-26APR281030-30"",""trade_id"":""0ae67fbd-5d42-64f6-5c79-130107245c34"",""yes_price_dollars"":""0.3700""}"
KXETH15M-26APR281030-30,0a87bb35-50ba-6916-68e1-e76c04f178e1,1777385769,0.37,10.0,yes,"{""count_fp"":""10.00"",""created_time"":""2026-04-28T14:16:09.743567Z"",""no_price_dollars"":""0.6300"",""taker_side"":""yes"",""ticker"":""KXETH15M-26APR281030-30"",""trade_id"":""0a87bb35-50ba-6916-68e1-e76c04f178e1"",""yes_price_dollars"":""0.3700""}"
KXETH15M-26APR281030-30,e8f4abdc-1961-69fb-205c-5bafb1410823,1777385769,0.32,1.0,no,"{""count_fp"":""1.00"",""created_time"":""2026-04-28T14:16:09.615313Z"",""no_price_dollars"":""0.6800"",""taker_side"":""no"",""ticker"":""KXETH15M-26APR281030-30"",""trade_id"":""e8f4abdc-1961-69fb-205c-5bafb1410823"",""yes_price_dollars"":""0.3200""}"
KXETH15M-26APR281030-30,14ca3733-879d-432f-50c8-e71f94f6e167,1777385769,0.33,1.0,no,"{""count_fp"":""1.00"",""created_time"":""2026-04-28T14:16:09.218231Z"",""no_price_dollars"":""0.6700"",""taker_side"":""no"",""ticker"":""KXETH15M-26APR281030-30"",""trade_id"":""14ca3733-879d-432f-50c8-e71f94f6e167"",""yes_price_dollars"":""0.3300""}"
KXETH15M-26APR281030-30,59a9a89c-6bbd-657b-d5d3-3983dd99c967,1777385769,0.33,6.2,no,"{""count_fp"":""6.20"",""created_time"":""2026-04-28T14:16:09.167044Z"",""no_price_dollars"":""0.6700"",""taker_side"":""no"",""ticker"":""KXETH15M-26APR281030-30"",""trade_id"":""59a9a89c-6bbd-657b-d5d3-3983dd99c967"",""yes_price_dollars"":""0.3300""}"
KXETH15M-26APR281030-30,0fe18d42-05b8-675f-f3d9-19bb65bc0380,1777385769,0.33,8.18,no,"{""count_fp"":""8.18"",""created_time"":""2026-04-28T14:16:09.167044Z"",""no_price_dollars"":""0.6700"",""taker_side"":""no"",""ticker"":""KXETH15M-26APR281030-30"",""trade_id"":""0fe18d42-05b8-675f-f3d9-19bb65bc0380"",""yes_price_dollars"":""0.3300""}"
KXETH15M-26APR281030-30,92e7192a-47e2-7e07-90c8-06bfceae89cf,1777385775,0.27,133.0,no,"{""count_fp"":""133.00"",""created_time"":""2026-04-28T14:16:15.746392Z"",""no_price_dollars"":""0.7300"",""taker_side"":""no"",""ticker"":""KXETH15M-26APR281030-30"",""trade_id"":""92e7192a-47e2-7e07-90c8-06bfceae89cf"",""yes_price_dollars"":""0.2700""}"
KXETH15M-26APR281030-30,e5f3fc05-f7ad-78ae-cd2d-7c5a56fb3278,1777385775,0.31,2.0,no,"{""count_fp"":""2.00"",""created_time"":""2026-04-28T14:16:15.636754Z"",""no_price_dollars"":""0.6900"",""taker_side"":""no"",""ticker"":""KXETH15M-26APR281030-30"",""trade_id"":""e5f3fc05-f7ad-78ae-cd2d-7c5a56fb3278"",""yes_price_dollars"":""0.3100""}"
KXETH15M-26APR281030-30,c965f739-9037-629b-eb53-3f22d6532405,1777385775,0.3,10.0,no,"{""count_fp"":""10.00"",""created_time"":""2026-04-28T14:16:15.620942Z"",""no_price_dollars"":""0.7000"",""taker_side"":""no"",""ticker"":""KXETH15M-26APR281030-30"",""trade_id"":""c965f739-9037-629b-eb53-3f22d6532405"",""yes_price_dollars"":""0.3000""}"
KXETH15M-26APR281030-30,ce224371-b886-7940-3bc3-65b8fbb75089,1777385775,0.31,133.0,no,"{""count_fp"":""133.00"",""created_time"":""2026-04-28T14:16:15.594795Z"",""no_price_dollars"":""0.6900"",""taker_side"":""no"",""ticker"":""KXETH15M-26APR281030-30"",""trade_id"":""ce224371-b886-7940-3bc3-65b8fbb75089"",""yes_price_dollars"":""0.3100""}"
KXETH15M-26APR281030-30,a83cd331-a007-5232-af07-e0786e344c3d,1777385775,0.33,5.0,no,"{""count_fp"":""5.00"",""created_time"":""2026-04-28T14:16:15.414916Z"",""no_price_dollars"":""0.6700"",""taker_side"":""no"",""ticker"":""KXETH15M-26APR281030-30"",""trade_id"":""a83cd331-a007-5232-af07-e0786e344c3d"",""yes_price_dollars"":""0.3300""}"
KXETH15M-26APR281030-30,644d7ff4-6cb0-58a2-a574-8e3619234d5a,1777385778,0.27,3.0,yes,"{""count_fp"":""3.00"",""created_time"":""2026-04-28T14:16:18.895697Z"",""no_price_dollars"":""0.7300"",""taker_side"":""yes"",""ticker"":""KXETH15M-26APR281030-30"",""trade_id"":""644d7ff4-6cb0-58a2-a574-8e3619234d5a"",""yes_price_dollars"":""0.2700""}"
KXETH15M-26APR281030-30,5bd16d85-eec2-5014-3045-3bc7901c74c6,1777385780,0.25,5.47,no,"{""count_fp"":""5.47"",""created_time"":""2026-04-28T14:16:20.903358Z"",""no_price_dollars"":""0.7500"",""taker_side"":""no"",""ticker"":""KXETH15M-26APR281030-30"",""trade_id"":""5bd16d85-eec2-5014-3045-3bc7901c74c6"",""yes_price_dollars"":""0.2500""}"
KXETH15M-26APR281030-30,31c6bf3d-0eae-5d5f-09d9-966b4dedeb1c,1777385780,0.26,4.0,no,"{""count_fp"":""4.00"",""created_time"":""2026-04-28T14:16:20.903358Z"",""no_price_dollars"":""0.7400"",""taker_side"":""no"",""ticker"":""KXETH15M-26APR281030-30"",""trade_id"":""31c6bf3d-0eae-5d5f-09d9-966b4dedeb1c"",""yes_price_dollars"":""0.2600""}"
KXETH15M-26APR281030-30,f2ef05b9-2859-6bf3-a35b-20d31a7dd898,1777385783,0.27,8.02,no,"{""count_fp"":""8.02"",""created_time"":""2026-04-28T14:16:23.670045Z"",""no_price_dollars"":""0.7300"",""taker_side"":""no"",""ticker"":""KXETH15M-26APR281030-30"",""trade_id"":""f2ef05b9-2859-6bf3-a35b-20d31a7dd898"",""yes_price_dollars"":""0.2700""}"
KXETH15M-26APR281030-30,ba402c84-4695-631c-bdab-8f73fb724cb6,1777385783,0.27,15.86,no,"{""count_fp"":""15.86"",""created_time"":""2026-04-28T14:16:23.670045Z"",""no_price_dollars"":""0.7300"",""taker_side"":""no"",""ticker"":""KXETH15M-26APR281030-30"",""trade_id"":""ba402c84-4695-631c-bdab-8f73fb724cb6"",""yes_price_dollars"":""0.2700""}"
KXETH15M-26APR281030-30,d515cf86-853f-7faa-2a44-174849f8fe3e,1777385785,0.27,3.0,no,"{""count_fp"":""3.00"",""created_time"":""2026-04-28T14:16:25.739496Z"",""no_price_dollars"":""0.7300"",""taker_side"":""no"",""ticker"":""KXETH15M-26APR281030-30"",""trade_id"":""d515cf86-853f-7faa-2a44-174849f8fe3e"",""yes_price_dollars"":""0.2700""}"
KXETH15M-26APR281030-30,9bad1aef-cd5d-7c78-a9a0-10280330520a,1777385788,0.27,10.61,no,"{""count_fp"":""10.61"",""created_time"":""2026-04-28T14:16:28.975645Z"",""no_price_dollars"":""0.7300"",""taker_side"":""no"",""ticker"":""KXETH15M-26APR281030-30"",""trade_id"":""9bad1aef-cd5d-7c78-a9a0-10280330520a"",""yes_price_dollars"":""0.2700""}"
KXETH15M-26APR281030-30,0840fb1e-7657-59a0-12ed-53471ca7c81d,1777385790,0.3,0.67,no,"{""count_fp"":""0.67"",""created_time"":""2026-04-28T14:16:30.575267Z"",""no_price_dollars"":""0.7000"",""taker_side"":""no"",""ticker"":""KXETH15M-26APR281030-30"",""trade_id"":""0840fb1e-7657-59a0-12ed-53471ca7c81d"",""yes_price_dollars"":""0.3000""}"
KXETH15M-26APR281030-30,b1add42e-1b6d-74d6-33bf-769e0880eb5d,1777385791,0.29,1.0,no,"{""count_fp"":""1.00"",""created_time"":""2026-04-28T14:16:31.896033Z"",""no_price_dollars"":""0.7100"",""taker_side"":""no"",""ticker"":""KXETH15M-26APR281030-30"",""trade_id"":""b1add42e-1b6d-74d6-33bf-769e0880eb5d"",""yes_price_dollars"":""0.2900""}"
KXETH15M-26APR281030-30,0d37f5fa-d5a2-4425-3fac-6f2553cf3ad0,1777385796,0.3,2.0,no,"{""count_fp"":""2.00"",""created_time"":""2026-04-28T14:16:36.533783Z"",""no_price_dollars"":""0.7000"",""taker_side"":""no"",""ticker"":""KXETH15M-26APR281030-30"",""trade_id"":""0d37f5fa-d5a2-4425-3fac-6f2553cf3ad0"",""yes_price_dollars"":""0.3000""}"
KXETH15M-26APR281030-30,e049d87e-84e3-5f88-0c2e-b8777087bc65,1777385797,0.3,10.0,no,"{""count_fp"":""10.00"",""created_time"":""2026-04-28T14:16:37.376884Z"",""no_price_dollars"":""0.7000"",""taker_side"":""no"",""ticker"":""KXETH15M-26APR281030-30"",""trade_id"":""e049d87e-84e3-5f88-0c2e-b8777087bc65"",""yes_price_dollars"":""0.3000""}"
KXETH15M-26APR281030-30,d47d9103-8e66-5008-3994-4bb08c58ca62,1777385797,0.3,45.0,no,"{""count_fp"":""45.00"",""created_time"":""2026-04-28T14:16:37.376884Z"",""no_price_dollars"":""0.7000"",""taker_side"":""no"",""ticker"":""KXETH15M-26APR281030-30"",""trade_id"":""d47d9103-8e66-5008-3994-4bb08c58ca62"",""yes_price_dollars"":""0.3000""}"
KXETH15M-26APR281030-30,58a6b04e-98fc-5262-1bb6-a1bcde51eead,1777385797,0.3,9.0,no,"{""count_fp"":""9.00"",""created_time"":""2026-04-28T14:16:37.376884Z"",""no_price_dollars"":""0.7000"",""taker_side"":""no"",""ticker"":""KXETH15M-26APR281030-30"",""trade_id"":""58a6b04e-98fc-5262-1bb6-a1bcde51eead"",""yes_price_dollars"":""0.3000""}"
KXETH15M-26APR281030-30,a1427bdd-a2e8-5dac-4e75-9f302aff882f,1777385799,0.31,5.0,yes,"{""count_fp"":""5.00"",""created_time"":""2026-04-28T14:16:39.163845Z"",""no_price_dollars"":""0.6900"",""taker_side"":""yes"",""ticker"":""KXETH15M-26APR281030-30"",""trade_id"":""a1427bdd-a2e8-5dac-4e75-9f302aff882f"",""yes_price_dollars"":""0.3100""}"
KXETH15M-26APR281030-30,4502504e-4dae-6870-d94c-cf9eb021b4fe,1777385800,0.35,65.0,no,"{""count_fp"":""65.00"",""created_time"":""2026-04-28T14:16:40.865387Z"",""no_price_dollars"":""0.6500"",""taker_side"":""no"",""ticker"":""KXETH15M-26APR281030-30"",""trade_id"":""4502504e-4dae-6870-d94c-cf9eb021b4fe"",""yes_price_dollars"":""0.3500""}"
KXETH15M-26APR281030-30,83e8d50c-1d76-562a-b388-8cffb5108cae,1777385800,0.34,1.0,yes,"{""count_fp"":""1.00"",""created_time"":""2026-04-28T14:16:40.175907Z"",""no_price_dollars"":""0.6600"",""taker_side"":""yes"",""ticker"":""KXETH15M-26APR281030-30"",""trade_id"":""83e8d50c-1d76-562a-b388-8cffb5108cae"",""yes_price_dollars"":""0.3400""}"
KXETH15M-26APR281030-30,2b7e7e14-c70a-57b9-8adf-59788f227f1e,1777385800,0.35,50.0,yes,"{""count_fp"":""50.00"",""created_time"":""2026-04-28T14:16:40.175907Z"",""no_price_dollars"":""0.6500"",""taker_side"":""yes"",""ticker"":""KXETH15M-26APR281030-30"",""trade_id"":""2b7e7e14-c70a-57b9-8adf-59788f227f1e"",""yes_price_dollars"":""0.3500""}"
KXETH15M-26APR281030-30,7a5bbd1c-69ef-761f-b995-7776cab51a0e,1777385803,0.39,9.83,yes,"{""count_fp"":""9.83"",""created_time"":""2026-04-28T14:16:43.396288Z"",""no_price_dollars"":""0.6100"",""taker_side"":""yes"",""ticker"":""KXETH15M-26APR281030-30"",""trade_id"":""7a5bbd1c-69ef-761f-b995-7776cab51a0e"",""yes_price_dollars"":""0.3900""}"
KXETH15M-26APR281030-30,e5cce335-80d9-4680-be0b-209ebbf1e6b7,1777385806,0.36,10.0,no,"{""count_fp"":""10.00"",""created_time"":""2026-04-28T14:16:46.500456Z"",""no_price_dollars"":""0.6400"",""taker_side"":""no"",""ticker"":""KXETH15M-26APR281030-30"",""trade_id"":""e5cce335-80d9-4680-be0b-209ebbf1e6b7"",""yes_price_dollars"":""0.3600""}"
KXETH15M-26APR281030-30,15c61561-f049-4890-a6e8-bdfee026052e,1777385806,0.36,20.0,no,"{""count_fp"":""20.00"",""created_time"":""2026-04-28T14:16:46.500456Z"",""no_price_dollars"":""0.6400"",""taker_side"":""no"",""ticker"":""KXETH15M-26APR281030-30"",""trade_id"":""15c61561-f049-4890-a6e8-bdfee026052e"",""yes_price_dollars"":""0.3600""}"
KXETH15M-26APR281030-30,636c4e65-0d22-641c-98e9-d110eb1ada46,1777385811,0.39,40.0,no,"{""count_fp"":""40.00"",""created_time"":""2026-04-28T14:16:51.183248Z"",""no_price_dollars"":""0.6100"",""taker_side"":""no"",""ticker"":""KXETH15M-26APR281030-30"",""trade_id"":""636c4e65-0d22-641c-98e9-d110eb1ada46"",""yes_price_dollars"":""0.3900""}"
KXETH15M-26APR281030-30,c0fccbbe-8742-4828-81da-26409d28d4e8,1777385814,0.4,24.0,yes,"{""count_fp"":""24.00"",""created_time"":""2026-04-28T14:16:54.731367Z"",""no_price_dollars"":""0.6000"",""taker_side"":""yes"",""ticker"":""KXETH15M-26APR281030-30"",""trade_id"":""c0fccbbe-8742-4828-81da-26409d28d4e8"",""yes_price_dollars"":""0.4000""}"
KXETH15M-26APR281030-30,47bc54cf-08f1-4440-bfbf-811d9d3eec3e,1777385814,0.4,495.0,yes,"{""count_fp"":""495.00"",""created_time"":""2026-04-28T14:16:54.731367Z"",""no_price_dollars"":""0.6000"",""taker_side"":""yes"",""ticker"":""KXETH15M-26APR281030-30"",""trade_id"":""47bc54cf-08f1-4440-bfbf-811d9d3eec3e"",""yes_price_dollars"":""0.4000""}"
KXETH15M-26APR281030-30,726a4526-ef7a-69ec-b561-7fbcd9a26ed6,1777385814,0.39,7.97,no,"{""count_fp"":""7.97"",""created_time"":""2026-04-28T14:16:54.532509Z"",""no_price_dollars"":""0.6100"",""taker_side"":""no"",""ticker"":""KXETH15M-26APR281030-30"",""trade_id"":""726a4526-ef7a-69ec-b561-7fbcd9a26ed6"",""yes_price_dollars"":""0.3900""}"
KXETH15M-26APR281030-30,39dacbd1-08be-6264-611b-9c794325ddca,1777385818,0.4,7.97,no,"{""count_fp"":""7.97"",""created_time"":""2026-04-28T14:16:58.531215Z"",""no_price_dollars"":""0.6000"",""taker_side"":""no"",""ticker"":""KXETH15M-26APR281030-30"",""trade_id"":""39dacbd1-08be-6264-611b-9c794325ddca"",""yes_price_dollars"":""0.4000""}"
KXETH15M-26APR281030-30,d6d43ae8-c046-4ebc-144b-b27f8b992262,1777385818,0.4,1.0,no,"{""count_fp"":""1.00"",""created_time"":""2026-04-28T14:16:58.529472Z"",""no_price_dollars"":""0.6000"",""taker_side"":""no"",""ticker"":""KXETH15M-26APR281030-30"",""trade_id"":""d6d43ae8-c046-4ebc-144b-b27f8b992262"",""yes_price_dollars"":""0.4000""}"
KXETH15M-26APR281030-30,c42c75b7-d20f-643e-dd4f-174c649c3711,1777385820,0.41,1.0,yes,"{""count_fp"":""1.00"",""created_time"":""2026-04-28T14:17:00.712589Z"",""no_price_dollars"":""0.5900"",""taker_side"":""yes"",""ticker"":""KXETH15M-26APR281030-30"",""trade_id"":""c42c75b7-d20f-643e-dd4f-174c649c3711"",""yes_price_dollars"":""0.4100""}"
KXETH15M-26APR281030-30,08b4cb6a-d02f-4b9e-8b19-7bb1f81b9355,1777385820,0.41,149.0,yes,"{""count_fp"":""149.00"",""created_time"":""2026-04-28T14:17:00.693861Z"",""no_price_dollars"":""0.5900"",""taker_side"":""yes"",""ticker"":""KXETH15M-26APR281030-30"",""trade_id"":""08b4cb6a-d02f-4b9e-8b19-7bb1f81b9355"",""yes_price_dollars"":""0.4100""}"
KXETH15M-26APR281030-30,d1807d60-7ab6-5ff4-40bf-4a5bcdcba0a2,1777385820,0.4,3.19,no,"{""count_fp"":""3.19"",""created_time"":""2026-04-28T14:17:00.044952Z"",""no_price_dollars"":""0.6000"",""taker_side"":""no"",""ticker"":""KXETH15M-26APR281030-30"",""trade_id"":""d1807d60-7ab6-5ff4-40bf-4a5bcdcba0a2"",""yes_price_dollars"":""0.4000""}"
KXETH15M-26APR281030-30,10362f17-bd69-7eca-f5b7-ba9674ce58d4,1777385826,0.43,1.0,no,"{""count_fp"":""1.00"",""created_time"":""2026-04-28T14:17:06.176936Z"",""no_price_dollars"":""0.5700"",""taker_side"":""no"",""ticker"":""KXETH15M-26APR281030-30"",""trade_id"":""10362f17-bd69-7eca-f5b7-ba9674ce58d4"",""yes_price_dollars"":""0.4300""}"
KXETH15M-26APR281030-30,c9ee6b5d-2c0a-7584-26a1-ad26ee41289f,1777385833,0.47,8.2,yes,"{""count_fp"":""8.20"",""created_time"":""2026-04-28T14:17:13.246951Z"",""no_price_dollars"":""0.5300"",""taker_side"":""yes"",""ticker"":""KXETH15M-26APR281030-30"",""trade_id"":""c9ee6b5d-2c0a-7584-26a1-ad26ee41289f"",""yes_price_dollars"":""0.4700""}"
KXETH15M-26APR281030-30,22ec6bc2-212b-7723-0954-4105f7986c2d,1777385833,0.44,2.0,yes,"{""count_fp"":""2.00"",""created_time"":""2026-04-28T14:17:13.246951Z"",""no_price_dollars"":""0.5600"",""taker_side"":""yes"",""ticker"":""KXETH15M-26APR281030-30"",""trade_id"":""22ec6bc2-212b-7723-0954-4105f7986c2d"",""yes_price_dollars"":""0.4400""}"
KXETH15M-26APR281030-30,83ac6762-b9a0-6b78-da71-dbc369de4a41,1777385842,0.45,8.81,no,"{""count_fp"":""8.81"",""created_time"":""2026-04-28T14:17:22.759579Z"",""no_price_dollars"":""0.5500"",""taker_side"":""no"",""ticker"":""KXETH15M-26APR281030-30"",""trade_id"":""83ac6762-b9a0-6b78-da71-dbc369de4a41"",""yes_price_dollars"":""0.4500""}"
KXETH15M-26APR281030-30,4832a3d8-6fc3-579c-1541-27704afa9628,1777385844,0.47,10.0,no,"{""count_fp"":""10.00"",""created_time"":""2026-04-28T14:17:24.772373Z"",""no_price_dollars"":""0.5300"",""taker_side"":""no"",""ticker"":""KXETH15M-26APR281030-30"",""trade_id"":""4832a3d8-6fc3-579c-1541-27704afa9628"",""yes_price_dollars"":""0.4700""}"
KXETH15M-26APR281030-30,11905532-53dd-573c-09c5-56b0431d03f6,1777385844,0.47,17.0,no,"{""count_fp"":""17.00"",""created_time"":""2026-04-28T14:17:24.772373Z"",""no_price_dollars"":""0.5300"",""taker_side"":""no"",""ticker"":""KXETH15M-26APR281030-30"",""trade_id"":""11905532-53dd-573c-09c5-56b0431d03f6"",""yes_price_dollars"":""0.4700""}"
KXETH15M-26APR281030-30,8ada7247-3f4d-5e4c-cb22-2e9e99d7334e,1777385847,0.46,16.0,no,"{""count_fp"":""16.00"",""created_time"":""2026-04-28T14:17:27.226371Z"",""no_price_dollars"":""0.5400"",""taker_side"":""no"",""ticker"":""KXETH15M-26APR281030-30"",""trade_id"":""8ada7247-3f4d-5e4c-cb22-2e9e99d7334e"",""yes_price_dollars"":""0.4600""}"
KXETH15M-26APR281030-30,29210d15-0bfd-575c-f775-91b5b35b484b,1777385847,0.46,10.0,no,"{""count_fp"":""10.00"",""created_time"":""2026-04-28T14:17:27.226371Z"",""no_price_dollars"":""0.5400"",""taker_side"":""no"",""ticker"":""KXETH15M-26APR281030-30"",""trade_id"":""29210d15-0bfd-575c-f775-91b5b35b484b"",""yes_price_dollars"":""0.4600""}"
KXETH15M-26APR281030-30,6e7b9f34-7dec-5dc4-0596-13f39a532ef5,1777385849,0.45,1.0,no,"{""count_fp"":""1.00"",""created_time"":""2026-04-28T14:17:29.596566Z"",""no_price_dollars"":""0.5500"",""taker_side"":""no"",""ticker"":""KXETH15M-26APR281030-30"",""trade_id"":""6e7b9f34-7dec-5dc4-0596-13f39a532ef5"",""yes_price_dollars"":""0.4500""}"
KXETH15M-26APR281030-30,fb1b2a71-9e5c-58cc-479a-8436afe4719d,1777385851,0.45,35.25,no,"{""count_fp"":""35.25"",""created_time"":""2026-04-28T14:17:31.831458Z"",""no_price_dollars"":""0.5500"",""taker_side"":""no"",""ticker"":""KXETH15M-26APR281030-30"",""trade_id"":""fb1b2a71-9e5c-58cc-479a-8436afe4719d"",""yes_price_dollars"":""0.4500""}"
KXETH15M-26APR281030-30,5eefbf72-e2aa-65dc-171a-07551e3087cb,1777385855,0.47,20.15,yes,"{""count_fp"":""20.15"",""created_time"":""2026-04-28T14:17:35.213482Z"",""no_price_dollars"":""0.5300"",""taker_side"":""yes"",""ticker"":""KXETH15M-26APR281030-30"",""trade_id"":""5eefbf72-e2aa-65dc-171a-07551e3087cb"",""yes_price_dollars"":""0.4700""}"
KXETH15M-26APR281030-30,001f81b1-dc66-6c1a-3455-197eebec55e5,1777385855,0.47,10.0,yes,"{""count_fp"":""10.00"",""created_time"":""2026-04-28T14:17:35.213482Z"",""no_price_dollars"":""0.5300"",""taker_side"":""yes"",""ticker"":""KXETH15M-26APR281030-30"",""trade_id"":""001f81b1-dc66-6c1a-3455-197eebec55e5"",""yes_price_dollars"":""0.4700""}"
KXETH15M-26APR281030-30,aa8d7041-0852-6665-3bcd-71a3c07efbb2,1777385861,0.46,10.0,no,"{""count_fp"":""10.00"",""created_time"":""2026-04-28T14:17:41.148349Z"",""no_price_dollars"":""0.5400"",""taker_side"":""no"",""ticker"":""KXETH15M-26APR281030-30"",""trade_id"":""aa8d7041-0852-6665-3bcd-71a3c07efbb2"",""yes_price_dollars"":""0.4600""}"
KXETH15M-26APR281030-30,52ce8b83-0429-6a7c-3b47-a71f8ffc70ce,1777385861,0.46,30.0,no,"{""count_fp"":""30.00"",""created_time"":""2026-04-28T14:17:41.148349Z"",""no_price_dollars"":""0.5400"",""taker_side"":""no"",""ticker"":""KXETH15M-26APR281030-30"",""trade_id"":""52ce8b83-0429-6a7c-3b47-a71f8ffc70ce"",""yes_price_dollars"":""0.4600""}"
KXETH15M-26APR281030-30,8362b795-8da0-494c-0a86-9f1e8e426051,1777385865,0.45,5.0,no,"{""count_fp"":""5.00"",""created_time"":""2026-04-28T14:17:45.212851Z"",""no_price_dollars"":""0.5500"",""taker_side"":""no"",""ticker"":""KXETH15M-26APR281030-30"",""trade_id"":""8362b795-8da0-494c-0a86-9f1e8e426051"",""yes_price_dollars"":""0.4500""}"
KXETH15M-26APR281030-30,19d136d2-af8e-4626-fc47-36e2abb64cf0,1777385869,0.48,40.2,yes,"{""count_fp"":""40.20"",""created_time"":""2026-04-28T14:17:49.602992Z"",""no_price_dollars"":""0.5200"",""taker_side"":""yes"",""ticker"":""KXETH15M-26APR281030-30"",""trade_id"":""19d136d2-af8e-4626-fc47-36e2abb64cf0"",""yes_price_dollars"":""0.4800""}"
KXETH15M-26APR281030-30,7097f669-746c-5668-0dfd-d11a024b71e9,1777385871,0.45,1.0,no,"{""count_fp"":""1.00"",""created_time"":""2026-04-28T14:17:51.912959Z"",""no_price_dollars"":""0.5500"",""taker_side"":""no"",""ticker"":""KXETH15M-26APR281030-30"",""trade_id"":""7097f669-746c-5668-0dfd-d11a024b71e9"",""yes_price_dollars"":""0.4500""}"
KXETH15M-26APR281030-30,ef79cdaf-3680-76e0-55d2-7d1d686dd49d,1777385874,0.45,2.0,no,"{""count_fp"":""2.00"",""created_time"":""2026-04-28T14:17:54.012616Z"",""no_price_dollars"":""0.5500"",""taker_side"":""no"",""ticker"":""KXETH15M-26APR281030-30"",""trade_id"":""ef79cdaf-3680-76e0-55d2-7d1d686dd49d"",""yes_price_dollars"":""0.4500""}"
KXETH15M-26APR281030-30,3613ae7f-ab14-5d74-d6d6-5ae22c47b939,1777385876,0.45,3.52,no,"{""count_fp"":""3.52"",""created_time"":""2026-04-28T14:17:56.772532Z"",""no_price_dollars"":""0.5500"",""taker_side"":""no"",""ticker"":""KXETH15M-26APR281030-30"",""trade_id"":""3613ae7f-ab14-5d74-d6d6-5ae22c47b939"",""yes_price_dollars"":""0.4500""}"
KXETH15M-26APR281030-30,aba8feeb-ba4d-76af-163c-38b440cb7c73,1777385882,0.45,10.0,no,"{""count_fp"":""10.00"",""created_time"":""2026-04-28T14:18:02.384456Z"",""no_price_dollars"":""0.5500"",""taker_side"":""no"",""ticker"":""KXETH15M-26APR281030-30"",""trade_id"":""aba8feeb-ba4d-76af-163c-38b440cb7c73"",""yes_price_dollars"":""0.4500""}"
KXETH15M-26APR281030-30,7ecf0148-b130-70b1-3557-75bb9a830ed6,1777385882,0.45,100.0,no,"{""count_fp"":""100.00"",""created_time"":""2026-04-28T14:18:02.384456Z"",""no_price_dollars"":""0.5500"",""taker_side"":""no"",""ticker"":""KXETH15M-26APR281030-30"",""trade_id"":""7ecf0148-b130-70b1-3557-75bb9a830ed6"",""yes_price_dollars"":""0.4500""}"
KXETH15M-26APR281030-30,6cd1e286-6fc0-77c8-1b5d-cf87df9bf1f1,1777385882,0.45,98.42,no,"{""count_fp"":""98.42"",""created_time"":""2026-04-28T14:18:02.384456Z"",""no_price_dollars"":""0.5500"",""taker_side"":""no"",""ticker"":""KXETH15M-26APR281030-30"",""trade_id"":""6cd1e286-6fc0-77c8-1b5d-cf87df9bf1f1"",""yes_price_dollars"":""0.4500""}"
KXETH15M-26APR281030-30,120fce6c-d05a-7ce8-053d-b9d35df2c63a,1777385882,0.44,1.13,no,"{""count_fp"":""1.13"",""created_time"":""2026-04-28T14:18:02.384456Z"",""no_price_dollars"":""0.5600"",""taker_side"":""no"",""ticker"":""KXETH15M-26APR281030-30"",""trade_id"":""120fce6c-d05a-7ce8-053d-b9d35df2c63a"",""yes_price_dollars"":""0.4400""}"
KXETH15M-26APR281030-30,06aa6e6f-2c6a-755e-bf2f-907cf5644b34,1777385882,0.48,39.98,yes,"{""count_fp"":""39.98"",""created_time"":""2026-04-28T14:18:02.124627Z"",""no_price_dollars"":""0.5200"",""taker_side"":""yes"",""ticker"":""KXETH15M-26APR281030-30"",""trade_id"":""06aa6e6f-2c6a-755e-bf2f-907cf5644b34"",""yes_price_dollars"":""0.4800""}"
KXETH15M-26APR281030-30,bc824e3c-7757-44ac-292b-2e2e9ebf97d3,1777385888,0.45,1.76,no,"{""count_fp"":""1.76"",""created_time"":""2026-04-28T14:18:08.798707Z"",""no_price_dollars"":""0.5500"",""taker_side"":""no"",""ticker"":""KXETH15M-26APR281030-30"",""trade_id"":""bc824e3c-7757-44ac-292b-2e2e9ebf97d3"",""yes_price_dollars"":""0.4500""}"
KXETH15M-26APR281030-30,bc5094b3-0ae2-7369-e1f7-66001090ba65,1777385891,0.46,10.0,no,"{""count_fp"":""10.00"",""created_time"":""2026-04-28T14:18:11.631576Z"",""no_price_dollars"":""0.5400"",""taker_side"":""no"",""ticker"":""KXETH15M-26APR281030-30"",""trade_id"":""bc5094b3-0ae2-7369-e1f7-66001090ba65"",""yes_price_dollars"":""0.4600""}"
KXETH15M-26APR281030-30,62b50b31-a37b-7348-ce1d-4d306e0f77af,1777385891,0.45,7.61,no,"{""count_fp"":""7.61"",""created_time"":""2026-04-28T14:18:11.631576Z"",""no_price_dollars"":""0.5500"",""taker_side"":""no"",""ticker"":""KXETH15M-26APR281030-30"",""trade_id"":""62b50b31-a37b-7348-ce1d-4d306e0f77af"",""yes_price_dollars"":""0.4500""}"
KXETH15M-26APR281030-30,101dc66f-ff87-4704-ce5e-2d3b054f8909,1777385895,0.46,8.81,no,"{""count_fp"":""8.81"",""created_time"":""2026-04-28T14:18:15.190456Z"",""no_price_dollars"":""0.5400"",""taker_side"":""no"",""ticker"":""KXETH15M-26APR281030-30"",""trade_id"":""101dc66f-ff87-4704-ce5e-2d3b054f8909"",""yes_price_dollars"":""0.4600""}"
KXETH15M-26APR281030-30,73b9bc67-de1a-5692-5c66-3c101c40f178,1777385896,0.48,9.0,yes,"{""count_fp"":""9.00"",""created_time"":""2026-04-28T14:18:16.084046Z"",""no_price_dollars"":""0.5200"",""taker_side"":""yes"",""ticker"":""KXETH15M-26APR281030-30"",""trade_id"":""73b9bc67-de1a-5692-5c66-3c101c40f178"",""yes_price_dollars"":""0.4800""}"
KXETH15M-26APR281030-30,b08469bb-3e4c-51d6-30bd-da1181f89f27,1777385899,0.45,17.12,no,"{""count_fp"":""17.12"",""created_time"":""2026-04-28T14:18:19.098156Z"",""no_price_dollars"":""0.5500"",""taker_side"":""no"",""ticker"":""KXETH15M-26APR281030-30"",""trade_id"":""b08469bb-3e4c-51d6-30bd-da1181f89f27"",""yes_price_dollars"":""0.4500""}"
KXETH15M-26APR281030-30,17611b86-a7b7-5ba8-22c8-98a74373891f,1777385899,0.45,88.63,no,"{""count_fp"":""88.63"",""created_time"":""2026-04-28T14:18:19.098156Z"",""no_price_dollars"":""0.5500"",""taker_side"":""no"",""ticker"":""KXETH15M-26APR281030-30"",""trade_id"":""17611b86-a7b7-5ba8-22c8-98a74373891f"",""yes_price_dollars"":""0.4500""}"
KXETH15M-26APR281030-30,913a8fee-4c66-5526-a1d4-a76345e5ff74,1777385900,0.48,1.0,yes,"{""count_fp"":""1.00"",""created_time"":""2026-04-28T14:18:20.167605Z"",""no_price_dollars"":""0.5200"",""taker_side"":""yes"",""ticker"":""KXETH15M-26APR281030-30"",""trade_id"":""913a8fee-4c66-5526-a1d4-a76345e5ff74"",""yes_price_dollars"":""0.4800""}"
KXETH15M-26APR281030-30,89c00011-1833-704e-c068-1a477ea0dda8,1777385910,0.48,1.0,yes,"{""count_fp"":""1.00"",""created_time"":""2026-04-28T14:18:30.970209Z"",""no_price_dollars"":""0.5200"",""taker_side"":""yes"",""ticker"":""KXETH15M-26APR281030-30"",""trade_id"":""89c00011-1833-704e-c068-1a477ea0dda8"",""yes_price_dollars"":""0.4800""}"
KXETH15M-26APR281030-30,4abe8225-5dc2-4224-3130-8068eb0e9e8a,1777385919,0.43,8.23,no,"{""count_fp"":""8.23"",""created_time"":""2026-04-28T14:18:39.454949Z"",""no_price_dollars"":""0.5700"",""taker_side"":""no"",""ticker"":""KXETH15M-26APR281030-30"",""trade_id"":""4abe8225-5dc2-4224-3130-8068eb0e9e8a"",""yes_price_dollars"":""0.4300""}"
KXETH15M-26APR281030-30,a031f5fe-3251-55d3-a101-941b5546b37b,1777385923,0.48,0.18,yes,"{""count_fp"":""0.18"",""created_time"":""2026-04-28T14:18:43.041077Z"",""no_price_dollars"":""0.5200"",""taker_side"":""yes"",""ticker"":""KXETH15M-26APR281030-30"",""trade_id"":""a031f5fe-3251-55d3-a101-941b5546b37b"",""yes_price_dollars"":""0.4800""}"
KXETH15M-26APR281030-30,068340a9-da2c-52e5-a088-0be651ad541e,1777385923,0.47,10.0,yes,"{""count_fp"":""10.00"",""created_time"":""2026-04-28T14:18:43.041077Z"",""no_price_dollars"":""0.5300"",""taker_side"":""yes"",""ticker"":""KXETH15M-26APR281030-30"",""trade_id"":""068340a9-da2c-52e5-a088-0be651ad541e"",""yes_price_dollars"":""0.4700""}"
KXETH15M-26APR281030-30,3b9e814c-b593-7fa6-f736-44d01db2b203,1777385925,0.42,5.35,no,"{""count_fp"":""5.35"",""created_time"":""2026-04-28T14:18:45.844362Z"",""no_price_dollars"":""0.5800"",""taker_side"":""no"",""ticker"":""KXETH15M-26APR281030-30"",""trade_id"":""3b9e814c-b593-7fa6-f736-44d01db2b203"",""yes_price_dollars"":""0.4200""}"
KXETH15M-26APR281030-30,c5d9fef2-3cc4-621e-ce13-4853bead114b,1777385927,0.42,3.34,no,"{""count_fp"":""3.34"",""created_time"":""2026-04-28T14:18:47.889992Z"",""no_price_dollars"":""0.5800"",""taker_side"":""no"",""ticker"":""KXETH15M-26APR281030-30"",""trade_id"":""c5d9fef2-3cc4-621e-ce13-4853bead114b"",""yes_price_dollars"":""0.4200""}"
KXETH15M-26APR281030-30,4d068ce8-28d0-6348-971d-89936d8978f1,1777385931,0.41,1.0,no,"{""count_fp"":""1.00"",""created_time"":""2026-04-28T14:18:51.228777Z"",""no_price_dollars"":""0.5900"",""taker_side"":""no"",""ticker"":""KXETH15M-26APR281030-30"",""trade_id"":""4d068ce8-28d0-6348-971d-89936d8978f1"",""yes_price_dollars"":""0.4100""}"
KXETH15M-26APR281030-30,63870ea7-a5bd-6cd1-2042-3eaa473245be,1777385935,0.42,2.13,yes,"{""count_fp"":""2.13"",""created_time"":""2026-04-28T14:18:55.001265Z"",""no_price_dollars"":""0.5800"",""taker_side"":""yes"",""ticker"":""KXETH15M-26APR281030-30"",""trade_id"":""63870ea7-a5bd-6cd1-2042-3eaa473245be"",""yes_price_dollars"":""0.4200""}"
KXETH15M-26APR281030-30,ebb22527-d0ce-43c6-f00e-54368e1d7934,1777385941,0.33,1.0,no,"{""count_fp"":""1.00"",""created_time"":""2026-04-28T14:19:01.489936Z"",""no_price_dollars"":""0.6700"",""taker_side"":""no"",""ticker"":""KXETH15M-26APR281030-30"",""trade_id"":""ebb22527-d0ce-43c6-f00e-54368e1d7934"",""yes_price_dollars"":""0.3300""}"
KXETH15M-26APR281030-30,28a1316c-1098-6c8d-28d5-a3555c4c1fa5,1777385946,0.3,1.0,no,"{""count_fp"":""1.00"",""created_time"":""2026-04-28T14:19:06.600695Z"",""no_price_dollars"":""0.7000"",""taker_side"":""no"",""ticker"":""KXETH15M-26APR281030-30"",""trade_id"":""28a1316c-1098-6c8d-28d5-a3555c4c1fa5"",""yes_price_dollars"":""0.3000""}"
KXETH15M-26APR281030-30,efc237d6-9777-6c99-27e7-43b442cf4594,1777385949,0.31,100.0,yes,"{""count_fp"":""100.00"",""created_time"":""2026-04-28T14:19:09.325371Z"",""no_price_dollars"":""0.6900"",""taker_side"":""yes"",""ticker"":""KXETH15M-26APR281030-30"",""trade_id"":""efc237d6-9777-6c99-27e7-43b442cf4594"",""yes_price_dollars"":""0.3100""}"
KXETH15M-26APR281030-30,aaa06261-bd6e-6198-3ba8-0bcf6fe49833,1777385949,0.32,90.0,yes,"{""count_fp"":""90.00"",""created_time"":""2026-04-28T14:19:09.325371Z"",""no_price_dollars"":""0.6800"",""taker_side"":""yes"",""ticker"":""KXETH15M-26APR281030-30"",""trade_id"":""aaa06261-bd6e-6198-3ba8-0bcf6fe49833"",""yes_price_dollars"":""0.3200""}"
KXETH15M-26APR281030-30,6690c6ae-3af3-685b-17f2-47da9caa10b6,1777385949,0.31,10.0,yes,"{""count_fp"":""10.00"",""created_time"":""2026-04-28T14:19:09.325371Z"",""no_price_dollars"":""0.6900"",""taker_side"":""yes"",""ticker"":""KXETH15M-26APR281030-30"",""trade_id"":""6690c6ae-3af3-685b-17f2-47da9caa10b6"",""yes_price_dollars"":""0.3100""}"
KXETH15M-26APR281030-30,5b0650da-0371-5ee1-96a3-16e06a95110f,1777385955,0.27,6.0,yes,"{""count_fp"":""6.00"",""created_time"":""2026-04-28T14:19:15.859463Z"",""no_price_dollars"":""0.7300"",""taker_side"":""yes"",""ticker"":""KXETH15M-26APR281030-30"",""trade_id"":""5b0650da-0371-5ee1-96a3-16e06a95110f"",""yes_price_dollars"":""0.2700""}"
KXETH15M-26APR281030-30,b9637337-0a7b-7536-ea40-5a91139767df,1777385958,0.31,10.0,no,"{""count_fp"":""10.00"",""created_time"":""2026-04-28T14:19:18.585854Z"",""no_price_dollars"":""0.6900"",""taker_side"":""no"",""ticker"":""KXETH15M-26APR281030-30"",""trade_id"":""b9637337-0a7b-7536-ea40-5a91139767df"",""yes_price_dollars"":""0.3100""}"
KXETH15M-26APR281030-30,56a18013-4c48-702e-c6ad-fdcfd3c617c3,1777385958,0.31,61.28,no,"{""count_fp"":""61.28"",""created_time"":""2026-04-28T14:19:18.585854Z"",""no_price_dollars"":""0.6900"",""taker_side"":""no"",""ticker"":""KXETH15M-26APR281030-30"",""trade_id"":""56a18013-4c48-702e-c6ad-fdcfd3c617c3"",""yes_price_dollars"":""0.3100""}"
KXETH15M-26APR281030-30,55bd194d-81c7-7d65-a09f-823b166c5ec9,1777385961,0.31,7.08,no,"{""count_fp"":""7.08"",""created_time"":""2026-04-28T14:19:21.082317Z"",""no_price_dollars"":""0.6900"",""taker_side"":""no"",""ticker"":""KXETH15M-26APR281030-30"",""trade_id"":""55bd194d-81c7-7d65-a09f-823b166c5ec9"",""yes_price_dollars"":""0.3100""}"
KXETH15M-26APR281030-30,7ac15758-27e6-6c9a-cce0-405449bec20c,1777385967,0.32,1.0,yes,"{""count_fp"":""1.00"",""created_time"":""2026-04-28T14:19:27.578622Z"",""no_price_dollars"":""0.6800"",""taker_side"":""yes"",""ticker"":""KXETH15M-26APR281030-30"",""trade_id"":""7ac15758-27e6-6c9a-cce0-405449bec20c"",""yes_price_dollars"":""0.3200""}"
KXETH15M-26APR281030-30,b54c322d-d273-4abc-9df7-b42b72adc5b1,1777385982,0.32,2.87,no,"{""count_fp"":""2.87"",""created_time"":""2026-04-28T14:19:42.509281Z"",""no_price_dollars"":""0.6800"",""taker_side"":""no"",""ticker"":""KXETH15M-26APR281030-30"",""trade_id"":""b54c322d-d273-4abc-9df7-b42b72adc5b1"",""yes_price_dollars"":""0.3200""}"
KXETH15M-26APR281030-30,85ae2e94-086a-5292-86ea-0ee09cf228bc,1777385988,0.34,1.0,yes,"{""count_fp"":""1.00"",""created_time"":""2026-04-28T14:19:48.050669Z"",""no_price_dollars"":""0.6600"",""taker_side"":""yes"",""ticker"":""KXETH15M-26APR281030-30"",""trade_id"":""85ae2e94-086a-5292-86ea-0ee09cf228bc"",""yes_price_dollars"":""0.3400""}"
KXETH15M-26APR281030-30,0e1d847b-f953-5bb7-91cc-d716c1ada772,1777385988,0.35,10.0,yes,"{""count_fp"":""10.00"",""created_time"":""2026-04-28T14:19:48.050669Z"",""no_price_dollars"":""0.6500"",""taker_side"":""yes"",""ticker"":""KXETH15M-26APR281030-30"",""trade_id"":""0e1d847b-f953-5bb7-91cc-d716c1ada772"",""yes_price_dollars"":""0.3500""}"
KXETH15M-26APR281030-30,0aa821c0-2f73-554d-9e23-df556c3e330d,1777385988,0.35,2.68,yes,"{""count_fp"":""2.68"",""created_time"":""2026-04-28T14:19:48.050669Z"",""no_price_dollars"":""0.6500"",""taker_side"":""yes"",""ticker"":""KXETH15M-26APR281030-30"",""trade_id"":""0aa821c0-2f73-554d-9e23-df556c3e330d"",""yes_price_dollars"":""0.3500""}"
KXETH15M-26APR281030-30,512e0b3e-1873-7b04-9dc7-c1375f520845,1777385991,0.32,42.84,no,"{""count_fp"":""42.84"",""created_time"":""2026-04-28T14:19:51.655302Z"",""no_price_dollars"":""0.6800"",""taker_side"":""no"",""ticker"":""KXETH15M-26APR281030-30"",""trade_id"":""512e0b3e-1873-7b04-9dc7-c1375f520845"",""yes_price_dollars"":""0.3200""}"
KXETH15M-26APR281030-30,dda2eb7b-aedd-434b-1e52-5168e6bcf9b3,1777385994,0.31,10.0,no,"{""count_fp"":""10.00"",""created_time"":""2026-04-28T14:19:54.942915Z"",""no_price_dollars"":""0.6900"",""taker_side"":""no"",""ticker"":""KXETH15M-26APR281030-30"",""trade_id"":""dda2eb7b-aedd-434b-1e52-5168e6bcf9b3"",""yes_price_dollars"":""0.3100""}"
KXETH15M-26APR281030-30,8ef05c19-9d63-49b4-3b76-510e182d8ac9,1777385994,0.31,3.29,no,"{""count_fp"":""3.29"",""created_time"":""2026-04-28T14:19:54.942915Z"",""no_price_dollars"":""0.6900"",""taker_side"":""no"",""ticker"":""KXETH15M-26APR281030-30"",""trade_id"":""8ef05c19-9d63-49b4-3b76-510e182d8ac9"",""yes_price_dollars"":""0.3100""}"
KXETH15M-26APR281030-30,4908b50f-fd8d-4e23-01dc-b9038e85cc46,1777385994,0.31,10.0,no,"{""count_fp"":""10.00"",""created_time"":""2026-04-28T14:19:54.942915Z"",""no_price_dollars"":""0.6900"",""taker_side"":""no"",""ticker"":""KXETH15M-26APR281030-30"",""trade_id"":""4908b50f-fd8d-4e23-01dc-b9038e85cc46"",""yes_price_dollars"":""0.3100""}"
KXETH15M-26APR281030-30,ba0bd1be-bf67-5e52-230a-543ff978710c,1777386001,0.28,1.0,no,"{""count_fp"":""1.00"",""created_time"":""2026-04-28T14:20:01.471149Z"",""no_price_dollars"":""0.7200"",""taker_side"":""no"",""ticker"":""KXETH15M-26APR281030-30"",""trade_id"":""ba0bd1be-bf67-5e52-230a-543ff978710c"",""yes_price_dollars"":""0.2800""}"
KXETH15M-26APR281030-30,b6aee901-f11e-4319-30ca-91bf676101cc,1777386010,0.32,2.0,yes,"{""count_fp"":""2.00"",""created_time"":""2026-04-28T14:20:10.208749Z"",""no_price_dollars"":""0.6800"",""taker_side"":""yes"",""ticker"":""KXETH15M-26APR281030-30"",""trade_id"":""b6aee901-f11e-4319-30ca-91bf676101cc"",""yes_price_dollars"":""0.3200""}"
KXETH15M-26APR281030-30,3fbf182a-88ff-737e-c915-abc937ce2599,1777386012,0.3,1.0,no,"{""count_fp"":""1.00"",""created_time"":""2026-04-28T14:20:12.673511Z"",""no_price_dollars"":""0.7000"",""taker_side"":""no"",""ticker"":""KXETH15M-26APR281030-30"",""trade_id"":""3fbf182a-88ff-737e-c915-abc937ce2599"",""yes_price_dollars"":""0.3000""}"
KXETH15M-26APR281030-30,723f7c7a-6cab-6f8c-e303-9463c32ded91,1777386020,0.33,1.0,no,"{""count_fp"":""1.00"",""created_time"":""2026-04-28T14:20:20.769891Z"",""no_price_dollars"":""0.6700"",""taker_side"":""no"",""ticker"":""KXETH15M-26APR281030-30"",""trade_id"":""723f7c7a-6cab-6f8c-e303-9463c32ded91"",""yes_price_dollars"":""0.3300""}"
KXETH15M-26APR281030-30,045039a8-c8f3-5edc-be58-5d75211d79cd,1777386024,0.3,7.0,no,"{""count_fp"":""7.00"",""created_time"":""2026-04-28T14:20:24.967972Z"",""no_price_dollars"":""0.7000"",""taker_side"":""no"",""ticker"":""KXETH15M-26APR281030-30"",""trade_id"":""045039a8-c8f3-5edc-be58-5d75211d79cd"",""yes_price_dollars"":""0.3000""}"
KXETH15M-26APR281030-30,ad1d25b3-90cb-4964-e478-335c87f03479,1777386037,0.32,1.0,no,"{""count_fp"":""1.00"",""created_time"":""2026-04-28T14:20:37.544152Z"",""no_price_dollars"":""0.6800"",""taker_side"":""no"",""ticker"":""KXETH15M-26APR281030-30"",""trade_id"":""ad1d25b3-90cb-4964-e478-335c87f03479"",""yes_price_dollars"":""0.3200""}"
KXETH15M-26APR281030-30,a337d4be-01b3-5bfa-a3c6-64233cc27fb4,1777386045,0.31,1.39,no,"{""count_fp"":""1.39"",""created_time"":""2026-04-28T14:20:45.489491Z"",""no_price_dollars"":""0.6900"",""taker_side"":""no"",""ticker"":""KXETH15M-26APR281030-30"",""trade_id"":""a337d4be-01b3-5bfa-a3c6-64233cc27fb4"",""yes_price_dollars"":""0.3100""}"
KXETH15M-26APR281030-30,bb37b840-866c-6b2e-02cc-e6b397d023e3,1777386048,0.31,1.0,no,"{""count_fp"":""1.00"",""created_time"":""2026-04-28T14:20:48.745266Z"",""no_price_dollars"":""0.6900"",""taker_side"":""no"",""ticker"":""KXETH15M-26APR281030-30"",""trade_id"":""bb37b840-866c-6b2e-02cc-e6b397d023e3"",""yes_price_dollars"":""0.3100""}"
KXETH15M-26APR281030-30,5c7f6e8e-4cc2-5ed6-87a7-a35b3fb706fe,1777386048,0.29,2.0,no,"{""count_fp"":""2.00"",""created_time"":""2026-04-28T14:20:48.196912Z"",""no_price_dollars"":""0.7100"",""taker_side"":""no"",""ticker"":""KXETH15M-26APR281030-30"",""trade_id"":""5c7f6e8e-4cc2-5ed6-87a7-a35b3fb706fe"",""yes_price_dollars"":""0.2900""}"
KXETH15M-26APR281030-30,2b4ee47b-a89b-6c6e-f1a3-2c65202358ad,1777386069,0.4,0.47,yes,"{""count_fp"":""0.47"",""created_time"":""2026-04-28T14:21:09.645341Z"",""no_price_dollars"":""0.6000"",""taker_side"":""yes"",""ticker"":""KXETH15M-26APR281030-30"",""trade_id"":""2b4ee47b-a89b-6c6e-f1a3-2c65202358ad"",""yes_price_dollars"":""0.4000""}"
KXETH15M-26APR281030-30,7ed32582-d213-50ba-b2f6-bc44451ec801,1777386071,0.4,0.23,yes,"{""count_fp"":""0.23"",""created_time"":""2026-04-28T14:21:11.263131Z"",""no_price_dollars"":""0.6000"",""taker_side"":""yes"",""ticker"":""KXETH15M-26APR281030-30"",""trade_id"":""7ed32582-d213-50ba-b2f6-bc44451ec801"",""yes_price_dollars"":""0.4000""}"
KXETH15M-26APR281030-30,5a41b2af-e9a3-6a64-78ff-52659b97bd29,1777386080,0.33,59.15,no,"{""count_fp"":""59.15"",""created_time"":""2026-04-28T14:21:20.012093Z"",""no_price_dollars"":""0.6700"",""taker_side"":""no"",""ticker"":""KXETH15M-26APR281030-30"",""trade_id"":""5a41b2af-e9a3-6a64-78ff-52659b97bd29"",""yes_price_dollars"":""0.3300""}"
KXETH15M-26APR281030-30,1b1d0240-504f-6a7e-42ce-38f542fd9024,1777386080,0.33,10.0,no,"{""count_fp"":""10.00"",""created_time"":""2026-04-28T14:21:20.012093Z"",""no_price_dollars"":""0.6700"",""taker_side"":""no"",""ticker"":""KXETH15M-26APR281030-30"",""trade_id"":""1b1d0240-504f-6a7e-42ce-38f542fd9024"",""yes_price_dollars"":""0.3300""}"
KXETH15M-26APR281030-30,ec590632-c9d8-60e0-e0b3-5a40e804d0ea,1777386084,0.33,1.0,no,"{""count_fp"":""1.00"",""created_time"":""2026-04-28T14:21:24.579733Z"",""no_price_dollars"":""0.6700"",""taker_side"":""no"",""ticker"":""KXETH15M-26APR281030-30"",""trade_id"":""ec590632-c9d8-60e0-e0b3-5a40e804d0ea"",""yes_price_dollars"":""0.3300""}"
KXETH15M-26APR281030-30,2cd55dd9-0e15-7244-ea3b-a67e049c8f8e,1777386087,0.36,5.35,yes,"{""count_fp"":""5.35"",""created_time"":""2026-04-28T14:21:27.952639Z"",""no_price_dollars"":""0.6400"",""taker_side"":""yes"",""ticker"":""KXETH15M-26APR281030-30"",""trade_id"":""2cd55dd9-0e15-7244-ea3b-a67e049c8f8e"",""yes_price_dollars"":""0.3600""}"
KXETH15M-26APR281030-30,6ff735cc-9adf-5b21-0127-a11a7630eb72,1777386089,0.35,1.0,no,"{""count_fp"":""1.00"",""created_time"":""2026-04-28T14:21:29.985569Z"",""no_price_dollars"":""0.6500"",""taker_side"":""no"",""ticker"":""KXETH15M-26APR281030-30"",""trade_id"":""6ff735cc-9adf-5b21-0127-a11a7630eb72"",""yes_price_dollars"":""0.3500""}"
KXETH15M-26APR281030-30,88d5a78d-d577-7744-9115-00c7aba73fd1,1777386090,0.36,8.94,no,"{""count_fp"":""8.94"",""created_time"":""2026-04-28T14:21:30.641098Z"",""no_price_dollars"":""0.6400"",""taker_side"":""no"",""ticker"":""KXETH15M-26APR281030-30"",""trade_id"":""88d5a78d-d577-7744-9115-00c7aba73fd1"",""yes_price_dollars"":""0.3600""}"
KXETH15M-26APR281030-30,8e5ad348-fc9f-5e00-f7db-b9b3b9e3864d,1777386090,0.36,5.0,no,"{""count_fp"":""5.00"",""created_time"":""2026-04-28T14:21:30.499292Z"",""no_price_dollars"":""0.6400"",""taker_side"":""no"",""ticker"":""KXETH15M-26APR281030-30"",""trade_id"":""8e5ad348-fc9f-5e00-f7db-b9b3b9e3864d"",""yes_price_dollars"":""0.3600""}"
KXETH15M-26APR281030-30,3893e4f4-d9e7-7f78-5907-f1d9aee42ef9,1777386098,0.32,1.0,no,"{""count_fp"":""1.00"",""created_time"":""2026-04-28T14:21:38.732352Z"",""no_price_dollars"":""0.6800"",""taker_side"":""no"",""ticker"":""KXETH15M-26APR281030-30"",""trade_id"":""3893e4f4-d9e7-7f78-5907-f1d9aee42ef9"",""yes_price_dollars"":""0.3200""}"
KXETH15M-26APR281030-30,57b1c112-5abe-69f2-14c6-94809949a227,1777386109,0.32,1.0,no,"{""count_fp"":""1.00"",""created_time"":""2026-04-28T14:21:49.956563Z"",""no_price_dollars"":""0.6800"",""taker_side"":""no"",""ticker"":""KXETH15M-26APR281030-30"",""trade_id"":""57b1c112-5abe-69f2-14c6-94809949a227"",""yes_price_dollars"":""0.3200""}"
KXETH15M-26APR281030-30,ea42d97d-3930-7a22-40f4-804141b190c2,1777386121,0.25,12.0,no,"{""count_fp"":""12.00"",""created_time"":""2026-04-28T14:22:01.536507Z"",""no_price_dollars"":""0.7500"",""taker_side"":""no"",""ticker"":""KXETH15M-26APR281030-30"",""trade_id"":""ea42d97d-3930-7a22-40f4-804141b190c2"",""yes_price_dollars"":""0.2500""}"
KXETH15M-26APR281030-30,dfe92922-6952-7665-c784-5827e4698cbb,1777386121,0.26,1.0,no,"{""count_fp"":""1.00"",""created_time"":""2026-04-28T14:22:01.249435Z"",""no_price_dollars"":""0.7400"",""taker_side"":""no"",""ticker"":""KXETH15M-26APR281030-30"",""trade_id"":""dfe92922-6952-7665-c784-5827e4698cbb"",""yes_price_dollars"":""0.2600""}"
KXETH15M-26APR281030-30,e4d5830c-1ea4-5572-ce77-5ec2c5676442,1777386123,0.25,0.61,no,"{""count_fp"":""0.61"",""created_time"":""2026-04-28T14:22:03.450468Z"",""no_price_dollars"":""0.7500"",""taker_side"":""no"",""ticker"":""KXETH15M-26APR281030-30"",""trade_id"":""e4d5830c-1ea4-5572-ce77-5ec2c5676442"",""yes_price_dollars"":""0.2500""}"
KXETH15M-26APR281030-30,25929c54-1b81-5f8a-f5dc-846d53c9dacc,1777386123,0.23,10.0,no,"{""count_fp"":""10.00"",""created_time"":""2026-04-28T14:22:03.450468Z"",""no_price_dollars"":""0.7700"",""taker_side"":""no"",""ticker"":""KXETH15M-26APR281030-30"",""trade_id"":""25929c54-1b81-5f8a-f5dc-846d53c9dacc"",""yes_price_dollars"":""0.2300""}"
KXETH15M-26APR281030-30,eb4385ca-4910-7980-6c72-d191ca4ec55b,1777386123,0.26,3.0,no,"{""count_fp"":""3.00"",""created_time"":""2026-04-28T14:22:03.438661Z"",""no_price_dollars"":""0.7400"",""taker_side"":""no"",""ticker"":""KXETH15M-26APR281030-30"",""trade_id"":""eb4385ca-4910-7980-6c72-d191ca4ec55b"",""yes_price_dollars"":""0.2600""}"
KXETH15M-26APR281030-30,346ef95e-ae2c-7efa-530f-700270eeda72,1777386123,0.25,15.0,no,"{""count_fp"":""15.00"",""created_time"":""2026-04-28T14:22:03.438661Z"",""no_price_dollars"":""0.7500"",""taker_side"":""no"",""ticker"":""KXETH15M-26APR281030-30"",""trade_id"":""346ef95e-ae2c-7efa-530f-700270eeda72"",""yes_price_dollars"":""0.2500""}"
KXETH15M-26APR281030-30,a403eeba-c902-6bd1-9d28-ad2c7ccaacac,1777386124,0.22,7.0,yes,"{""count_fp"":""7.00"",""created_time"":""2026-04-28T14:22:04.464542Z"",""no_price_dollars"":""0.7800"",""taker_side"":""yes"",""ticker"":""KXETH15M-26APR281030-30"",""trade_id"":""a403eeba-c902-6bd1-9d28-ad2c7ccaacac"",""yes_price_dollars"":""0.2200""}"
KXETH15M-26APR281030-30,5be403cb-2ac5-61a0-a4f6-6dd04f78401e,1777386124,0.22,10.0,yes,"{""count_fp"":""10.00"",""created_time"":""2026-04-28T14:22:04.464542Z"",""no_price_dollars"":""0.7800"",""taker_side"":""yes"",""ticker"":""KXETH15M-26APR281030-30"",""trade_id"":""5be403cb-2ac5-61a0-a4f6-6dd04f78401e"",""yes_price_dollars"":""0.2200""}"
KXETH15M-26APR281030-30,08073fd7-e588-40b1-6c8d-e5b01b578457,1777386126,0.23,1.39,yes,"{""count_fp"":""1.39"",""created_time"":""2026-04-28T14:22:06.439756Z"",""no_price_dollars"":""0.7700"",""taker_side"":""yes"",""ticker"":""KXETH15M-26APR281030-30"",""trade_id"":""08073fd7-e588-40b1-6c8d-e5b01b578457"",""yes_price_dollars"":""0.2300""}"
KXETH15M-26APR281030-30,c63a163f-7096-7602-aece-4c2163ffac96,1777386131,0.19,1.0,no,"{""count_fp"":""1.00"",""created_time"":""2026-04-28T14:22:11.383529Z"",""no_price_dollars"":""0.8100"",""taker_side"":""no"",""ticker"":""KXETH15M-26APR281030-30"",""trade_id"":""c63a163f-7096-7602-aece-4c2163ffac96"",""yes_price_dollars"":""0.1900""}"
KXETH15M-26APR281030-30,111b8d05-4bb8-53dd-fd64-1514120a23af,1777386131,0.2,1.0,no,"{""count_fp"":""1.00"",""created_time"":""2026-04-28T14:22:11.095515Z"",""no_price_dollars"":""0.8000"",""taker_side"":""no"",""ticker"":""KXETH15M-26APR281030-30"",""trade_id"":""111b8d05-4bb8-53dd-fd64-1514120a23af"",""yes_price_dollars"":""0.2000""}"
KXETH15M-26APR281030-30,b8314c17-e5a5-4b09-9d8c-3fb1b82129cf,1777386134,0.19,5.0,no,"{""count_fp"":""5.00"",""created_time"":""2026-04-28T14:22:14.134291Z"",""no_price_dollars"":""0.8100"",""taker_side"":""no"",""ticker"":""KXETH15M-26APR281030-30"",""trade_id"":""b8314c17-e5a5-4b09-9d8c-3fb1b82129cf"",""yes_price_dollars"":""0.1900""}"
KXETH15M-26APR281030-30,db2304a3-4c0b-42a2-1c0e-5b4873bbfe3e,1777386135,0.16,1.0,no,"{""count_fp"":""1.00"",""created_time"":""2026-04-28T14:22:15.613235Z"",""no_price_dollars"":""0.8400"",""taker_side"":""no"",""ticker"":""KXETH15M-26APR281030-30"",""trade_id"":""db2304a3-4c0b-42a2-1c0e-5b4873bbfe3e"",""yes_price_dollars"":""0.1600""}"
KXETH15M-26APR281030-30,0ca52b2d-fa57-70bd-7ac2-14c3f91d723c,1777386136,0.14,10.0,no,"{""count_fp"":""10.00"",""created_time"":""2026-04-28T14:22:16.211734Z"",""no_price_dollars"":""0.8600"",""taker_side"":""no"",""ticker"":""KXETH15M-26APR281030-30"",""trade_id"":""0ca52b2d-fa57-70bd-7ac2-14c3f91d723c"",""yes_price_dollars"":""0.1400""}"
KXETH15M-26APR281030-30,02bfc89f-2e5f-5136-ba70-870f89cbb350,1777386137,0.2,6.0,yes,"{""count_fp"":""6.00"",""created_time"":""2026-04-28T14:22:17.823667Z"",""no_price_dollars"":""0.8000"",""taker_side"":""yes"",""ticker"":""KXETH15M-26APR281030-30"",""trade_id"":""02bfc89f-2e5f-5136-ba70-870f89cbb350"",""yes_price_dollars"":""0.2000""}"
KXETH15M-26APR281030-30,91171491-65d9-60e5-1cd4-b8f2460a7327,1777386137,0.19,10.0,yes,"{""count_fp"":""10.00"",""created_time"":""2026-04-28T14:22:17.803388Z"",""no_price_dollars"":""0.8100"",""taker_side"":""yes"",""ticker"":""KXETH15M-26APR281030-30"",""trade_id"":""91171491-65d9-60e5-1cd4-b8f2460a7327"",""yes_price_dollars"":""0.1900""}"
KXETH15M-26APR281030-30,74d2e5bc-22d1-53c5-8c8e-0bcbeaea719a,1777386137,0.18,10.0,yes,"{""count_fp"":""10.00"",""created_time"":""2026-04-28T14:22:17.781372Z"",""no_price_dollars"":""0.8200"",""taker_side"":""yes"",""ticker"":""KXETH15M-26APR281030-30"",""trade_id"":""74d2e5bc-22d1-53c5-8c8e-0bcbeaea719a"",""yes_price_dollars"":""0.1800""}"
KXETH15M-26APR281030-30,66920a46-4656-7c32-e19a-7f4ccb9b7599,1777386137,0.17,10.0,yes,"{""count_fp"":""10.00"",""created_time"":""2026-04-28T14:22:17.781032Z"",""no_price_dollars"":""0.8300"",""taker_side"":""yes"",""ticker"":""KXETH15M-26APR281030-30"",""trade_id"":""66920a46-4656-7c32-e19a-7f4ccb9b7599"",""yes_price_dollars"":""0.1700""}"
KXETH15M-26APR281030-30,b0e98bae-51b9-409b-b225-c82b623ce395,1777386137,0.13,3.0,no,"{""count_fp"":""3.00"",""created_time"":""2026-04-28T14:22:17.454157Z"",""no_price_dollars"":""0.8700"",""taker_side"":""no"",""ticker"":""KXETH15M-26APR281030-30"",""trade_id"":""b0e98bae-51b9-409b-b225-c82b623ce395"",""yes_price_dollars"":""0.1300""}"
KXETH15M-26APR281030-30,306418e4-edef-4dc5-b989-28b5167cc86c,1777386137,0.13,7.0,no,"{""count_fp"":""7.00"",""created_time"":""2026-04-28T14:22:17.454157Z"",""no_price_dollars"":""0.8700"",""taker_side"":""no"",""ticker"":""KXETH15M-26APR281030-30"",""trade_id"":""306418e4-edef-4dc5-b989-28b5167cc86c"",""yes_price_dollars"":""0.1300""}"
KXETH15M-26APR281030-30,8b7fa7b3-5f02-69be-0bfe-ecf0ff3bb6dc,1777386146,0.25,9.0,yes,"{""count_fp"":""9.00"",""created_time"":""2026-04-28T14:22:26.342206Z"",""no_price_dollars"":""0.7500"",""taker_side"":""yes"",""ticker"":""KXETH15M-26APR281030-30"",""trade_id"":""8b7fa7b3-5f02-69be-0bfe-ecf0ff3bb6dc"",""yes_price_dollars"":""0.2500""}"
KXETH15M-26APR281030-30,0d23b804-82a1-6098-124d-3eaedb455ae7,1777386146,0.25,10.0,yes,"{""count_fp"":""10.00"",""created_time"":""2026-04-28T14:22:26.342206Z"",""no_price_dollars"":""0.7500"",""taker_side"":""yes"",""ticker"":""KXETH15M-26APR281030-30"",""trade_id"":""0d23b804-82a1-6098-124d-3eaedb455ae7"",""yes_price_dollars"":""0.2500""}"
KXETH15M-26APR281030-30,db011a8d-f330-6113-7489-e92ccf8ad9b7,1777386147,0.21,6.0,no,"{""count_fp"":""6.00"",""created_time"":""2026-04-28T14:22:27.986631Z"",""no_price_dollars"":""0.7900"",""taker_side"":""no"",""ticker"":""KXETH15M-26APR281030-30"",""trade_id"":""db011a8d-f330-6113-7489-e92ccf8ad9b7"",""yes_price_dollars"":""0.2100""}"
KXETH15M-26APR281030-30,54d93ed6-81c7-510c-53be-d8ee9aa4e369,1777386148,0.2,5.0,no,"{""count_fp"":""5.00"",""created_time"":""2026-04-28T14:22:28.071653Z"",""no_price_dollars"":""0.8000"",""taker_side"":""no"",""ticker"":""KXETH15M-26APR281030-30"",""trade_id"":""54d93ed6-81c7-510c-53be-d8ee9aa4e369"",""yes_price_dollars"":""0.2000""}"
KXETH15M-26APR281030-30,739a8561-b3f0-75e0-0014-72c955a791ee,1777386150,0.18,1.0,no,"{""count_fp"":""1.00"",""created_time"":""2026-04-28T14:22:30.356909Z"",""no_price_dollars"":""0.8200"",""taker_side"":""no"",""ticker"":""KXETH15M-26APR281030-30"",""trade_id"":""739a8561-b3f0-75e0-0014-72c955a791ee"",""yes_price_dollars"":""0.1800""}"
KXETH15M-26APR281030-30,b4e0f5b9-a01b-5784-4614-36e9b3f80fc6,1777386151,0.22,10.0,yes,"{""count_fp"":""10.00"",""created_time"":""2026-04-28T14:22:31.717417Z"",""no_price_dollars"":""0.7800"",""taker_side"":""yes"",""ticker"":""KXETH15M-26APR281030-30"",""trade_id"":""b4e0f5b9-a01b-5784-4614-36e9b3f80fc6"",""yes_price_dollars"":""0.2200""}"
KXETH15M-26APR281030-30,b5928edb-a958-5564-a092-853466bcf60e,1777386152,0.19,10.0,no,"{""count_fp"":""10.00"",""created_time"":""2026-04-28T14:22:32.662543Z"",""no_price_dollars"":""0.8100"",""taker_side"":""no"",""ticker"":""KXETH15M-26APR281030-30"",""trade_id"":""b5928edb-a958-5564-a092-853466bcf60e"",""yes_price_dollars"":""0.1900""}"
KXETH15M-26APR281030-30,a28b95d7-8653-6cc0-ad33-ff4672777345,1777386152,0.19,5.0,no,"{""count_fp"":""5.00"",""created_time"":""2026-04-28T14:22:32.325772Z"",""no_price_dollars"":""0.8100"",""taker_side"":""no"",""ticker"":""KXETH15M-26APR281030-30"",""trade_id"":""a28b95d7-8653-6cc0-ad33-ff4672777345"",""yes_price_dollars"":""0.1900""}"
KXETH15M-26APR281030-30,17f07d3d-b74b-62bc-9156-70d082f79685,1777386152,0.19,10.0,no,"{""count_fp"":""10.00"",""created_time"":""2026-04-28T14:22:32.325772Z"",""no_price_dollars"":""0.8100"",""taker_side"":""no"",""ticker"":""KXETH15M-26APR281030-30"",""trade_id"":""17f07d3d-b74b-62bc-9156-70d082f79685"",""yes_price_dollars"":""0.1900""}"
KXETH15M-26APR281030-30,bfa24d8c-5d85-7bef-a0da-5b8fce408771,1777386155,0.17,1.0,no,"{""count_fp"":""1.00"",""created_time"":""2026-04-28T14:22:35.160185Z"",""no_price_dollars"":""0.8300"",""taker_side"":""no"",""ticker"":""KXETH15M-26APR281030-30"",""trade_id"":""bfa24d8c-5d85-7bef-a0da-5b8fce408771"",""yes_price_dollars"":""0.1700""}"
KXETH15M-26APR281030-30,b39eeb42-1b8b-5740-a289-7ebbb2d76ae9,1777386160,0.2,92.66,no,"{""count_fp"":""92.66"",""created_time"":""2026-04-28T14:22:40.745896Z"",""no_price_dollars"":""0.8000"",""taker_side"":""no"",""ticker"":""KXETH15M-26APR281030-30"",""trade_id"":""b39eeb42-1b8b-5740-a289-7ebbb2d76ae9"",""yes_price_dollars"":""0.2000""}"
KXETH15M-26APR281030-30,4583346d-cf4f-5995-853f-da0315b5dfcb,1777386160,0.2,7.34,no,"{""count_fp"":""7.34"",""created_time"":""2026-04-28T14:22:40.745896Z"",""no_price_dollars"":""0.8000"",""taker_side"":""no"",""ticker"":""KXETH15M-26APR281030-30"",""trade_id"":""4583346d-cf4f-5995-853f-da0315b5dfcb"",""yes_price_dollars"":""0.2000""}"
KXETH15M-26APR281030-30,693b0868-e645-4186-fd40-b9363c560e55,1777386162,0.25,10.0,yes,"{""count_fp"":""10.00"",""created_time"":""2026-04-28T14:22:42.156697Z"",""no_price_dollars"":""0.7500"",""taker_side"":""yes"",""ticker"":""KXETH15M-26APR281030-30"",""trade_id"":""693b0868-e645-4186-fd40-b9363c560e55"",""yes_price_dollars"":""0.2500""}"
KXETH15M-26APR281030-30,2ca84bb3-b3d2-4cf6-ebdd-ff0ca0603315,1777386162,0.25,10.0,yes,"{""count_fp"":""10.00"",""created_time"":""2026-04-28T14:22:42.156697Z"",""no_price_dollars"":""0.7500"",""taker_side"":""yes"",""ticker"":""KXETH15M-26APR281030-30"",""trade_id"":""2ca84bb3-b3d2-4cf6-ebdd-ff0ca0603315"",""yes_price_dollars"":""0.2500""}"
KXETH15M-26APR281030-30,2319c4e8-4e1c-4eac-cd1e-fa7f63100111,1777386162,0.26,33.0,yes,"{""count_fp"":""33.00"",""created_time"":""2026-04-28T14:22:42.156697Z"",""no_price_dollars"":""0.7400"",""taker_side"":""yes"",""ticker"":""KXETH15M-26APR281030-30"",""trade_id"":""2319c4e8-4e1c-4eac-cd1e-fa7f63100111"",""yes_price_dollars"":""0.2600""}"
KXETH15M-26APR281030-30,f33628a1-db08-5df0-e4cf-d5b636438d6d,1777386163,0.26,1.0,yes,"{""count_fp"":""1.00"",""created_time"":""2026-04-28T14:22:43.195546Z"",""no_price_dollars"":""0.7400"",""taker_side"":""yes"",""ticker"":""KXETH15M-26APR281030-30"",""trade_id"":""f33628a1-db08-5df0-e4cf-d5b636438d6d"",""yes_price_dollars"":""0.2600""}"
KXETH15M-26APR281030-30,98fb126e-b50a-52a8-940f-8f882ca14679,1777386181,0.14,7.0,no,"{""count_fp"":""7.00"",""created_time"":""2026-04-28T14:23:01.683302Z"",""no_price_dollars"":""0.8600"",""taker_side"":""no"",""ticker"":""KXETH15M-26APR281030-30"",""trade_id"":""98fb126e-b50a-52a8-940f-8f882ca14679"",""yes_price_dollars"":""0.1400""}"
KXETH15M-26APR281030-30,f6b01b78-53fa-4639-ecfc-329069e23327,1777386181,0.16,5.0,no,"{""count_fp"":""5.00"",""created_time"":""2026-04-28T14:23:01.666869Z"",""no_price_dollars"":""0.8400"",""taker_side"":""no"",""ticker"":""KXETH15M-26APR281030-30"",""trade_id"":""f6b01b78-53fa-4639-ecfc-329069e23327"",""yes_price_dollars"":""0.1600""}"
KXETH15M-26APR281030-30,adba5438-56cf-4e2f-eeb4-bbd617e6e64d,1777386181,0.15,2.0,no,"{""count_fp"":""2.00"",""created_time"":""2026-04-28T14:23:01.666869Z"",""no_price_dollars"":""0.8500"",""taker_side"":""no"",""ticker"":""KXETH15M-26APR281030-30"",""trade_id"":""adba5438-56cf-4e2f-eeb4-bbd617e6e64d"",""yes_price_dollars"":""0.1500""}"
KXETH15M-26APR281030-30,34137bd8-ec8a-49f4-c2e0-613cb6aacb37,1777386181,0.15,10.0,no,"{""count_fp"":""10.00"",""created_time"":""2026-04-28T14:23:01.666869Z"",""no_price_dollars"":""0.8500"",""taker_side"":""no"",""ticker"":""KXETH15M-26APR281030-30"",""trade_id"":""34137bd8-ec8a-49f4-c2e0-613cb6aacb37"",""yes_price_dollars"":""0.1500""}"
KXETH15M-26APR281030-30,22eee410-5f1e-4bc0-f1d4-164b16cf7ded,1777386181,0.14,3.0,no,"{""count_fp"":""3.00"",""created_time"":""2026-04-28T14:23:01.666869Z"",""no_price_dollars"":""0.8600"",""taker_side"":""no"",""ticker"":""KXETH15M-26APR281030-30"",""trade_id"":""22eee410-5f1e-4bc0-f1d4-164b16cf7ded"",""yes_price_dollars"":""0.1400""}"
KXETH15M-26APR281030-30,6ee0b75e-56f7-7c27-a89b-69e9f3b9ba59,1777386181,0.15,7.0,no,"{""count_fp"":""7.00"",""created_time"":""2026-04-28T14:23:01.392719Z"",""no_price_dollars"":""0.8500"",""taker_side"":""no"",""ticker"":""KXETH15M-26APR281030-30"",""trade_id"":""6ee0b75e-56f7-7c27-a89b-69e9f3b9ba59"",""yes_price_dollars"":""0.1500""}"
KXETH15M-26APR281030-30,022f092e-b446-4ac0-fb29-c725b695e32b,1777386181,0.16,7.0,no,"{""count_fp"":""7.00"",""created_time"":""2026-04-28T14:23:01.063248Z"",""no_price_dollars"":""0.8400"",""taker_side"":""no"",""ticker"":""KXETH15M-26APR281030-30"",""trade_id"":""022f092e-b446-4ac0-fb29-c725b695e32b"",""yes_price_dollars"":""0.1600""}"
KXETH15M-26APR281030-30,5f5466dc-f7ee-6004-5261-4c0e4efacc3e,1777386182,0.14,7.0,no,"{""count_fp"":""7.00"",""created_time"":""2026-04-28T14:23:02.088272Z"",""no_price_dollars"":""0.8600"",""taker_side"":""no"",""ticker"":""KXETH15M-26APR281030-30"",""trade_id"":""5f5466dc-f7ee-6004-5261-4c0e4efacc3e"",""yes_price_dollars"":""0.1400""}"
KXETH15M-26APR281030-30,d141ae86-9945-789b-55a1-5a8b403dc3d7,1777386183,0.18,100.0,yes,"{""count_fp"":""100.00"",""created_time"":""2026-04-28T14:23:03.175639Z"",""no_price_dollars"":""0.8200"",""taker_side"":""yes"",""ticker"":""KXETH15M-26APR281030-30"",""trade_id"":""d141ae86-9945-789b-55a1-5a8b403dc3d7"",""yes_price_dollars"":""0.1800""}"
KXETH15M-26APR281030-30,c63e96bb-ded2-7107-4e18-156cb7484be6,1777386183,0.19,1.0,yes,"{""count_fp"":""1.00"",""created_time"":""2026-04-28T14:23:03.175639Z"",""no_price_dollars"":""0.8100"",""taker_side"":""yes"",""ticker"":""KXETH15M-26APR281030-30"",""trade_id"":""c63e96bb-ded2-7107-4e18-156cb7484be6"",""yes_price_dollars"":""0.1900""}"
KXETH15M-26APR281030-30,9e580a91-335d-79e7-5079-ad9080689d64,1777386183,0.18,10.0,yes,"{""count_fp"":""10.00"",""created_time"":""2026-04-28T14:23:03.175639Z"",""no_price_dollars"":""0.8200"",""taker_side"":""yes"",""ticker"":""KXETH15M-26APR281030-30"",""trade_id"":""9e580a91-335d-79e7-5079-ad9080689d64"",""yes_price_dollars"":""0.1800""}"
KXETH15M-26APR281030-30,2ff31965-a8cc-7b40-4969-ecfd868e28dd,1777386183,0.2,79.0,yes,"{""count_fp"":""79.00"",""created_time"":""2026-04-28T14:23:03.175639Z"",""no_price_dollars"":""0.8000"",""taker_side"":""yes"",""ticker"":""KXETH15M-26APR281030-30"",""trade_id"":""2ff31965-a8cc-7b40-4969-ecfd868e28dd"",""yes_price_dollars"":""0.2000""}"
KXETH15M-26APR281030-30,2df9bc95-98a1-7dfe-6c28-a37e3eedddc0,1777386183,0.18,10.0,yes,"{""count_fp"":""10.00"",""created_time"":""2026-04-28T14:23:03.175639Z"",""no_price_dollars"":""0.8200"",""taker_side"":""yes"",""ticker"":""KXETH15M-26APR281030-30"",""trade_id"":""2df9bc95-98a1-7dfe-6c28-a37e3eedddc0"",""yes_price_dollars"":""0.1800""}"
KXETH15M-26APR281030-30,f41c66ec-d25c-7b00-a1c1-13f54a2a0b71,1777386189,0.15,1.0,no,"{""count_fp"":""1.00"",""created_time"":""2026-04-28T14:23:09.420318Z"",""no_price_dollars"":""0.8500"",""taker_side"":""no"",""ticker"":""KXETH15M-26APR281030-30"",""trade_id"":""f41c66ec-d25c-7b00-a1c1-13f54a2a0b71"",""yes_price_dollars"":""0.1500""}"
KXETH15M-26APR281030-30,68895449-dcd8-5a54-4bb8-17c3e609977d,1777386191,0.15,1.0,no,"{""count_fp"":""1.00"",""created_time"":""2026-04-28T14:23:11.454546Z"",""no_price_dollars"":""0.8500"",""taker_side"":""no"",""ticker"":""KXETH15M-26APR281030-30"",""trade_id"":""68895449-dcd8-5a54-4bb8-17c3e609977d"",""yes_price_dollars"":""0.1500""}"
KXETH15M-26APR281030-30,4baefc91-7fda-5de0-7e94-ba77e51243f6,1777386191,0.14,17.0,no,"{""count_fp"":""17.00"",""created_time"":""2026-04-28T14:23:11.454546Z"",""no_price_dollars"":""0.8600"",""taker_side"":""no"",""ticker"":""KXETH15M-26APR281030-30"",""trade_id"":""4baefc91-7fda-5de0-7e94-ba77e51243f6"",""yes_price_dollars"":""0.1400""}"
KXETH15M-26APR281030-30,4c07e5a5-527a-4a7c-f973-53b16ad1e076,1777386193,0.14,9.0,no,"{""count_fp"":""9.00"",""created_time"":""2026-04-28T14:23:13.969671Z"",""no_price_dollars"":""0.8600"",""taker_side"":""no"",""ticker"":""KXETH15M-26APR281030-30"",""trade_id"":""4c07e5a5-527a-4a7c-f973-53b16ad1e076"",""yes_price_dollars"":""0.1400""}"
KXETH15M-26APR281030-30,4d7e9130-d28e-55bc-c963-dde24451482a,1777386193,0.14,2.0,no,"{""count_fp"":""2.00"",""created_time"":""2026-04-28T14:23:13.364066Z"",""no_price_dollars"":""0.8600"",""taker_side"":""no"",""ticker"":""KXETH15M-26APR281030-30"",""trade_id"":""4d7e9130-d28e-55bc-c963-dde24451482a"",""yes_price_dollars"":""0.1400""}"
KXETH15M-26APR281030-30,a9053d87-472a-4f54-526f-a5d59b8266be,1777386195,0.14,1.0,no,"{""count_fp"":""1.00"",""created_time"":""2026-04-28T14:23:15.299066Z"",""no_price_dollars"":""0.8600"",""taker_side"":""no"",""ticker"":""KXETH15M-26APR281030-30"",""trade_id"":""a9053d87-472a-4f54-526f-a5d59b8266be"",""yes_price_dollars"":""0.1400""}"
KXETH15M-26APR281030-30,16e8458c-1682-5854-f223-47dbe95311da,1777386196,0.14,4.6,no,"{""count_fp"":""4.60"",""created_time"":""2026-04-28T14:23:16.462947Z"",""no_price_dollars"":""0.8600"",""taker_side"":""no"",""ticker"":""KXETH15M-26APR281030-30"",""trade_id"":""16e8458c-1682-5854-f223-47dbe95311da"",""yes_price_dollars"":""0.1400""}"
KXETH15M-26APR281030-30,4db81743-9c9a-629e-3c67-d36b036cc814,1777386196,0.16,1.0,yes,"{""count_fp"":""1.00"",""created_time"":""2026-04-28T14:23:16.273389Z"",""no_price_dollars"":""0.8400"",""taker_side"":""yes"",""ticker"":""KXETH15M-26APR281030-30"",""trade_id"":""4db81743-9c9a-629e-3c67-d36b036cc814"",""yes_price_dollars"":""0.1600""}"
KXETH15M-26APR281030-30,19495e91-36e6-5da8-bfcf-07888aa6f492,1777386197,0.14,1.0,no,"{""count_fp"":""1.00"",""created_time"":""2026-04-28T14:23:17.563335Z"",""no_price_dollars"":""0.8600"",""taker_side"":""no"",""ticker"":""KXETH15M-26APR281030-30"",""trade_id"":""19495e91-36e6-5da8-bfcf-07888aa6f492"",""yes_price_dollars"":""0.1400""}"
KXETH15M-26APR281030-30,c6661b55-fa02-50f4-6a10-66e1999e5a5e,1777386199,0.14,80.6,no,"{""count_fp"":""80.60"",""created_time"":""2026-04-28T14:23:19.192311Z"",""no_price_dollars"":""0.8600"",""taker_side"":""no"",""ticker"":""KXETH15M-26APR281030-30"",""trade_id"":""c6661b55-fa02-50f4-6a10-66e1999e5a5e"",""yes_price_dollars"":""0.1400""}"
KXETH15M-26APR281030-30,00b6935b-44ba-6d10-b837-ebf5c7948b6a,1777386199,0.14,5.75,no,"{""count_fp"":""5.75"",""created_time"":""2026-04-28T14:23:19.041798Z"",""no_price_dollars"":""0.8600"",""taker_side"":""no"",""ticker"":""KXETH15M-26APR281030-30"",""trade_id"":""00b6935b-44ba-6d10-b837-ebf5c7948b6a"",""yes_price_dollars"":""0.1400""}"
KXETH15M-26APR281030-30,f1fbb9b7-95be-7d7b-b1d0-d34dfee0e773,1777386203,0.19,10.0,yes,"{""count_fp"":""10.00"",""created_time"":""2026-04-28T14:23:23.982401Z"",""no_price_dollars"":""0.8100"",""taker_side"":""yes"",""ticker"":""KXETH15M-26APR281030-30"",""trade_id"":""f1fbb9b7-95be-7d7b-b1d0-d34dfee0e773"",""yes_price_dollars"":""0.1900""}"
KXETH15M-26APR281030-30,c1c1539e-d551-7253-9605-64085f861674,1777386203,0.19,90.0,yes,"{""count_fp"":""90.00"",""created_time"":""2026-04-28T14:23:23.982401Z"",""no_price_dollars"":""0.8100"",""taker_side"":""yes"",""ticker"":""KXETH15M-26APR281030-30"",""trade_id"":""c1c1539e-d551-7253-9605-64085f861674"",""yes_price_dollars"":""0.1900""}"
KXETH15M-26APR281030-30,9a73adcd-78f1-5e8c-041e-c5c10cae0996,1777386206,0.16,7.0,no,"{""count_fp"":""7.00"",""created_time"":""2026-04-28T14:23:26.384208Z"",""no_price_dollars"":""0.8400"",""taker_side"":""no"",""ticker"":""KXETH15M-26APR281030-30"",""trade_id"":""9a73adcd-78f1-5e8c-041e-c5c10cae0996"",""yes_price_dollars"":""0.1600""}"
KXETH15M-26APR281030-30,ef6e4cef-0e47-5ca9-c5d4-2484dab1c414,1777386215,0.18,22.45,yes,"{""count_fp"":""22.45"",""created_time"":""2026-04-28T14:23:35.145273Z"",""no_price_dollars"":""0.8200"",""taker_side"":""yes"",""ticker"":""KXETH15M-26APR281030-30"",""trade_id"":""ef6e4cef-0e47-5ca9-c5d4-2484dab1c414"",""yes_price_dollars"":""0.1800""}"
KXETH15M-26APR281030-30,865563af-4885-5513-f37e-9d248abc9fed,1777386215,0.16,2.44,yes,"{""count_fp"":""2.44"",""created_time"":""2026-04-28T14:23:35.145273Z"",""no_price_dollars"":""0.8400"",""taker_side"":""yes"",""ticker"":""KXETH15M-26APR281030-30"",""trade_id"":""865563af-4885-5513-f37e-9d248abc9fed"",""yes_price_dollars"":""0.1600""}"
KXETH15M-26APR281030-30,651eb72d-5ff6-7900-0649-de4190ca7c9e,1777386216,0.14,2.3,no,"{""count_fp"":""2.30"",""created_time"":""2026-04-28T14:23:36.586734Z"",""no_price_dollars"":""0.8600"",""taker_side"":""no"",""ticker"":""KXETH15M-26APR281030-30"",""trade_id"":""651eb72d-5ff6-7900-0649-de4190ca7c9e"",""yes_price_dollars"":""0.1400""}"
KXETH15M-26APR281030-30,a0cfdf5b-af6a-7a40-bbf3-5843f52bb046,1777386218,0.14,0.23,no,"{""count_fp"":""0.23"",""created_time"":""2026-04-28T14:23:38.859652Z"",""no_price_dollars"":""0.8600"",""taker_side"":""no"",""ticker"":""KXETH15M-26APR281030-30"",""trade_id"":""a0cfdf5b-af6a-7a40-bbf3-5843f52bb046"",""yes_price_dollars"":""0.1400""}"
KXETH15M-26APR281030-30,e9472996-c35e-7b74-69d7-fd4badc1732a,1777386220,0.14,0.52,no,"{""count_fp"":""0.52"",""created_time"":""2026-04-28T14:23:40.896142Z"",""no_price_dollars"":""0.8600"",""taker_side"":""no"",""ticker"":""KXETH15M-26APR281030-30"",""trade_id"":""e9472996-c35e-7b74-69d7-fd4badc1732a"",""yes_price_dollars"":""0.1400""}"
KXETH15M-26APR281030-30,0761b63e-1976-75f4-5fc5-396525ad9e26,1777386220,0.14,28.0,no,"{""count_fp"":""28.00"",""created_time"":""2026-04-28T14:23:40.891167Z"",""no_price_dollars"":""0.8600"",""taker_side"":""no"",""ticker"":""KXETH15M-26APR281030-30"",""trade_id"":""0761b63e-1976-75f4-5fc5-396525ad9e26"",""yes_price_dollars"":""0.1400""}"
KXETH15M-26APR281030-30,098256e5-f17f-414c-f6d3-de71aab02e93,1777386221,0.1,1.0,no,"{""count_fp"":""1.00"",""created_time"":""2026-04-28T14:23:41.705947Z"",""no_price_dollars"":""0.9000"",""taker_side"":""no"",""ticker"":""KXETH15M-26APR281030-30"",""trade_id"":""098256e5-f17f-414c-f6d3-de71aab02e93"",""yes_price_dollars"":""0.1000""}"
KXETH15M-26APR281030-30,aa6fd5b3-d906-5e39-1279-89ee06c88ae1,1777386221,0.1,1.0,no,"{""count_fp"":""1.00"",""created_time"":""2026-04-28T14:23:41.700678Z"",""no_price_dollars"":""0.9000"",""taker_side"":""no"",""ticker"":""KXETH15M-26APR281030-30"",""trade_id"":""aa6fd5b3-d906-5e39-1279-89ee06c88ae1"",""yes_price_dollars"":""0.1000""}"
KXETH15M-26APR281030-30,90b36b4b-7a47-5944-3567-e2a96d78bfd7,1777386221,0.1,8.0,no,"{""count_fp"":""8.00"",""created_time"":""2026-04-28T14:23:41.700678Z"",""no_price_dollars"":""0.9000"",""taker_side"":""no"",""ticker"":""KXETH15M-26APR281030-30"",""trade_id"":""90b36b4b-7a47-5944-3567-e2a96d78bfd7"",""yes_price_dollars"":""0.1000""}"
KXETH15M-26APR281030-30,8f016eea-b05b-5a62-0d5c-59ba37f1bd56,1777386221,0.11,1.0,no,"{""count_fp"":""1.00"",""created_time"":""2026-04-28T14:23:41.700678Z"",""no_price_dollars"":""0.8900"",""taker_side"":""no"",""ticker"":""KXETH15M-26APR281030-30"",""trade_id"":""8f016eea-b05b-5a62-0d5c-59ba37f1bd56"",""yes_price_dollars"":""0.1100""}"
KXETH15M-26APR281030-30,215da339-1335-673a-1333-d10d259f74c8,1777386223,0.1,1.0,no,"{""count_fp"":""1.00"",""created_time"":""2026-04-28T14:23:43.724004Z"",""no_price_dollars"":""0.9000"",""taker_side"":""no"",""ticker"":""KXETH15M-26APR281030-30"",""trade_id"":""215da339-1335-673a-1333-d10d259f74c8"",""yes_price_dollars"":""0.1000""}"
KXETH15M-26APR281030-30,7e9b8f82-6f49-76bd-6bb3-39b2b418ed4e,1777386224,0.11,10.0,yes,"{""count_fp"":""10.00"",""created_time"":""2026-04-28T14:23:44.158307Z"",""no_price_dollars"":""0.8900"",""taker_side"":""yes"",""ticker"":""KXETH15M-26APR281030-30"",""trade_id"":""7e9b8f82-6f49-76bd-6bb3-39b2b418ed4e"",""yes_price_dollars"":""0.1100""}"
KXETH15M-26APR281030-30,172b7539-44f3-76a9-423e-67c09d073658,1777386224,0.11,16.0,yes,"{""count_fp"":""16.00"",""created_time"":""2026-04-28T14:23:44.158307Z"",""no_price_dollars"":""0.8900"",""taker_side"":""yes"",""ticker"":""KXETH15M-26APR281030-30"",""trade_id"":""172b7539-44f3-76a9-423e-67c09d073658"",""yes_price_dollars"":""0.1100""}"
KXETH15M-26APR281030-30,197d0b07-40c2-7bf3-38d3-cd474f86baed,1777386232,0.11,1.12,no,"{""count_fp"":""1.12"",""created_time"":""2026-04-28T14:23:52.049924Z"",""no_price_dollars"":""0.8900"",""taker_side"":""no"",""ticker"":""KXETH15M-26APR281030-30"",""trade_id"":""197d0b07-40c2-7bf3-38d3-cd474f86baed"",""yes_price_dollars"":""0.1100""}"
KXETH15M-26APR281030-30,f2a645d7-9f09-7156-957d-c187fb515b80,1777386236,0.1,2.0,no,"{""count_fp"":""2.00"",""created_time"":""2026-04-28T14:23:56.045804Z"",""no_price_dollars"":""0.9000"",""taker_side"":""no"",""ticker"":""KXETH15M-26APR281030-30"",""trade_id"":""f2a645d7-9f09-7156-957d-c187fb515b80"",""yes_price_dollars"":""0.1000""}"
KXETH15M-26APR281030-30,de5da089-76ee-70db-a227-3960aa7df1b9,1777386236,0.11,25.88,no,"{""count_fp"":""25.88"",""created_time"":""2026-04-28T14:23:56.045804Z"",""no_price_dollars"":""0.8900"",""taker_side"":""no"",""ticker"":""KXETH15M-26APR281030-30"",""trade_id"":""de5da089-76ee-70db-a227-3960aa7df1b9"",""yes_price_dollars"":""0.1100""}"
KXETH15M-26APR281030-30,7cf90feb-0883-7590-9aa6-1da6777384d9,1777386236,0.1,1.0,no,"{""count_fp"":""1.00"",""created_time"":""2026-04-28T14:23:56.045804Z"",""no_price_dollars"":""0.9000"",""taker_side"":""no"",""ticker"":""KXETH15M-26APR281030-30"",""trade_id"":""7cf90feb-0883-7590-9aa6-1da6777384d9"",""yes_price_dollars"":""0.1000""}"
KXETH15M-26APR281030-30,1fe50a0c-5bd4-7c50-a830-783a7f7d16e2,1777386236,0.095,26.03,no,"{""count_fp"":""26.03"",""created_time"":""2026-04-28T14:23:56.045804Z"",""no_price_dollars"":""0.9050"",""taker_side"":""no"",""ticker"":""KXETH15M-26APR281030-30"",""trade_id"":""1fe50a0c-5bd4-7c50-a830-783a7f7d16e2"",""yes_price_dollars"":""0.0950""}"
KXETH15M-26APR281030-30,c046eb32-aafe-64e9-830c-0fa0720e285e,1777386237,0.08,1.0,no,"{""count_fp"":""1.00"",""created_time"":""2026-04-28T14:23:57.989337Z"",""no_price_dollars"":""0.9200"",""taker_side"":""no"",""ticker"":""KXETH15M-26APR281030-30"",""trade_id"":""c046eb32-aafe-64e9-830c-0fa0720e285e"",""yes_price_dollars"":""0.0800""}"
KXETH15M-26APR281030-30,7d646281-2a88-68d6-8218-0d6420d5a6d7,1777386237,0.08,3.0,no,"{""count_fp"":""3.00"",""created_time"":""2026-04-28T14:23:57.989337Z"",""no_price_dollars"":""0.9200"",""taker_side"":""no"",""ticker"":""KXETH15M-26APR281030-30"",""trade_id"":""7d646281-2a88-68d6-8218-0d6420d5a6d7"",""yes_price_dollars"":""0.0800""}"
KXETH15M-26APR281030-30,5c43f945-cf17-6836-b8e6-8218dc5b81bc,1777386237,0.09,1.0,no,"{""count_fp"":""1.00"",""created_time"":""2026-04-28T14:23:57.989337Z"",""no_price_dollars"":""0.9100"",""taker_side"":""no"",""ticker"":""KXETH15M-26APR281030-30"",""trade_id"":""5c43f945-cf17-6836-b8e6-8218dc5b81bc"",""yes_price_dollars"":""0.0900""}"
KXETH15M-26APR281030-30,4d9369b7-b028-6fe8-a28a-2c2a07e583ef,1777386237,0.09,3.0,no,"{""count_fp"":""3.00"",""created_time"":""2026-04-28T14:23:57.989337Z"",""no_price_dollars"":""0.9100"",""taker_side"":""no"",""ticker"":""KXETH15M-26APR281030-30"",""trade_id"":""4d9369b7-b028-6fe8-a28a-2c2a07e583ef"",""yes_price_dollars"":""0.0900""}"
KXETH15M-26APR281030-30,1bf4840f-3de9-674c-ad5a-f0a69d09ded2,1777386237,0.08,2.0,no,"{""count_fp"":""2.00"",""created_time"":""2026-04-28T14:23:57.989337Z"",""no_price_dollars"":""0.9200"",""taker_side"":""no"",""ticker"":""KXETH15M-26APR281030-30"",""trade_id"":""1bf4840f-3de9-674c-ad5a-f0a69d09ded2"",""yes_price_dollars"":""0.0800""}"
KXETH15M-26APR281030-30,24bb8870-3026-6a6d-e388-caaaa4b9b1c6,1777386238,0.08,17.0,yes,"{""count_fp"":""17.00"",""created_time"":""2026-04-28T14:23:58.068412Z"",""no_price_dollars"":""0.9200"",""taker_side"":""yes"",""ticker"":""KXETH15M-26APR281030-30"",""trade_id"":""24bb8870-3026-6a6d-e388-caaaa4b9b1c6"",""yes_price_dollars"":""0.0800""}"
KXETH15M-26APR281030-30,cf7be5c0-3ecd-5a21-ea71-97399e6d59c5,1777386241,0.061,3.0,no,"{""count_fp"":""3.00"",""created_time"":""2026-04-28T14:24:01.968114Z"",""no_price_dollars"":""0.9390"",""taker_side"":""no"",""ticker"":""KXETH15M-26APR281030-30"",""trade_id"":""cf7be5c0-3ecd-5a21-ea71-97399e6d59c5"",""yes_price_dollars"":""0.0610""}"
KXETH15M-26APR281030-30,bee16cbd-d501-53ca-fb18-a1bf0f7ad5bd,1777386241,0.07,1.0,no,"{""count_fp"":""1.00"",""created_time"":""2026-04-28T14:24:01.968114Z"",""no_price_dollars"":""0.9300"",""taker_side"":""no"",""ticker"":""KXETH15M-26APR281030-30"",""trade_id"":""bee16cbd-d501-53ca-fb18-a1bf0f7ad5bd"",""yes_price_dollars"":""0.0700""}"
KXETH15M-26APR281030-30,7087a161-b66d-51ac-cf8e-575fb1ded9b2,1777386241,0.07,3.0,no,"{""count_fp"":""3.00"",""created_time"":""2026-04-28T14:24:01.968114Z"",""no_price_dollars"":""0.9300"",""taker_side"":""no"",""ticker"":""KXETH15M-26APR281030-30"",""trade_id"":""7087a161-b66d-51ac-cf8e-575fb1ded9b2"",""yes_price_dollars"":""0.0700""}"
KXETH15M-26APR281030-30,284d3ae9-b563-54aa-dcba-4fc080ded102,1777386241,0.07,1.0,no,"{""count_fp"":""1.00"",""created_time"":""2026-04-28T14:24:01.968114Z"",""no_price_dollars"":""0.9300"",""taker_side"":""no"",""ticker"":""KXETH15M-26APR281030-30"",""trade_id"":""284d3ae9-b563-54aa-dcba-4fc080ded102"",""yes_price_dollars"":""0.0700""}"
KXETH15M-26APR281030-30,2dd9a1b2-f26d-651a-3eea-102417f06238,1777386243,0.067,10.0,yes,"{""count_fp"":""10.00"",""created_time"":""2026-04-28T14:24:03.199558Z"",""no_price_dollars"":""0.9330"",""taker_side"":""yes"",""ticker"":""KXETH15M-26APR281030-30"",""trade_id"":""2dd9a1b2-f26d-651a-3eea-102417f06238"",""yes_price_dollars"":""0.0670""}"
KXETH15M-26APR281030-30,622d4811-aeb7-78fd-203f-d941e0d1978f,1777386246,0.078,10.0,yes,"{""count_fp"":""10.00"",""created_time"":""2026-04-28T14:24:06.774618Z"",""no_price_dollars"":""0.9220"",""taker_side"":""yes"",""ticker"":""KXETH15M-26APR281030-30"",""trade_id"":""622d4811-aeb7-78fd-203f-d941e0d1978f"",""yes_price_dollars"":""0.0780""}"
KXETH15M-26APR281030-30,135923d4-fbbf-7131-1ac7-ae88ceb8c074,1777386246,0.078,100.0,yes,"{""count_fp"":""100.00"",""created_time"":""2026-04-28T14:24:06.774618Z"",""no_price_dollars"":""0.9220"",""taker_side"":""yes"",""ticker"":""KXETH15M-26APR281030-30"",""trade_id"":""135923d4-fbbf-7131-1ac7-ae88ceb8c074"",""yes_price_dollars"":""0.0780""}"
KXETH15M-26APR281030-30,5d1f39d5-045b-67c4-9059-2ea30f485e21,1777386246,0.067,10.0,yes,"{""count_fp"":""10.00"",""created_time"":""2026-04-28T14:24:06.238513Z"",""no_price_dollars"":""0.9330"",""taker_side"":""yes"",""ticker"":""KXETH15M-26APR281030-30"",""trade_id"":""5d1f39d5-045b-67c4-9059-2ea30f485e21"",""yes_price_dollars"":""0.0670""}"
KXETH15M-26APR281030-30,c37063f5-503d-7ab1-2152-7fa5c0638e7c,1777386247,0.088,90.0,no,"{""count_fp"":""90.00"",""created_time"":""2026-04-28T14:24:07.662097Z"",""no_price_dollars"":""0.9120"",""taker_side"":""no"",""ticker"":""KXETH15M-26APR281030-30"",""trade_id"":""c37063f5-503d-7ab1-2152-7fa5c0638e7c"",""yes_price_dollars"":""0.0880""}"
KXETH15M-26APR281030-30,4665f1ee-1682-40bd-6aeb-73ff063c87a7,1777386247,0.089,20.0,no,"{""count_fp"":""20.00"",""created_time"":""2026-04-28T14:24:07.639217Z"",""no_price_dollars"":""0.9110"",""taker_side"":""no"",""ticker"":""KXETH15M-26APR281030-30"",""trade_id"":""4665f1ee-1682-40bd-6aeb-73ff063c87a7"",""yes_price_dollars"":""0.0890""}"
KXETH15M-26APR281030-30,5976ae39-0f8b-41b1-1c2e-fee6fea579a4,1777386248,0.078,28.0,yes,"{""count_fp"":""28.00"",""created_time"":""2026-04-28T14:24:08.148412Z"",""no_price_dollars"":""0.9220"",""taker_side"":""yes"",""ticker"":""KXETH15M-26APR281030-30"",""trade_id"":""5976ae39-0f8b-41b1-1c2e-fee6fea579a4"",""yes_price_dollars"":""0.0780""}"
KXETH15M-26APR281030-30,0c1dfe85-0258-6a5e-f7a7-9755bcd52a7d,1777386250,0.067,10.0,yes,"{""count_fp"":""10.00"",""created_time"":""2026-04-28T14:24:10.131463Z"",""no_price_dollars"":""0.9330"",""taker_side"":""yes"",""ticker"":""KXETH15M-26APR281030-30"",""trade_id"":""0c1dfe85-0258-6a5e-f7a7-9755bcd52a7d"",""yes_price_dollars"":""0.0670""}"
KXETH15M-26APR281030-30,864846fe-24e9-7786-c921-6960ea04d4e0,1777386254,0.067,10.0,yes,"{""count_fp"":""10.00"",""created_time"":""2026-04-28T14:24:14.157081Z"",""no_price_dollars"":""0.9330"",""taker_side"":""yes"",""ticker"":""KXETH15M-26APR281030-30"",""trade_id"":""864846fe-24e9-7786-c921-6960ea04d4e0"",""yes_price_dollars"":""0.0670""}"
KXETH15M-26APR281030-30,d28eba17-96ee-7f6c-ec58-9f0e68e90275,1777386256,0.061,20.0,no,"{""count_fp"":""20.00"",""created_time"":""2026-04-28T14:24:16.238166Z"",""no_price_dollars"":""0.9390"",""taker_side"":""no"",""ticker"":""KXETH15M-26APR281030-30"",""trade_id"":""d28eba17-96ee-7f6c-ec58-9f0e68e90275"",""yes_price_dollars"":""0.0610""}"
KXETH15M-26APR281030-30,b7ab5d64-e09e-7019-fd5f-d0410c6b03c3,1777386256,0.06,1.0,no,"{""count_fp"":""1.00"",""created_time"":""2026-04-28T14:24:16.238166Z"",""no_price_dollars"":""0.9400"",""taker_side"":""no"",""ticker"":""KXETH15M-26APR281030-30"",""trade_id"":""b7ab5d64-e09e-7019-fd5f-d0410c6b03c3"",""yes_price_dollars"":""0.0600""}"
KXETH15M-26APR281030-30,b3553288-481e-7df7-cbda-06dc0d8e38cd,1777386256,0.06,1.0,no,"{""count_fp"":""1.00"",""created_time"":""2026-04-28T14:24:16.238166Z"",""no_price_dollars"":""0.9400"",""taker_side"":""no"",""ticker"":""KXETH15M-26APR281030-30"",""trade_id"":""b3553288-481e-7df7-cbda-06dc0d8e38cd"",""yes_price_dollars"":""0.0600""}"
KXETH15M-26APR281030-30,7e64c736-40c1-7326-d517-75b444f9adfb,1777386256,0.06,1.0,no,"{""count_fp"":""1.00"",""created_time"":""2026-04-28T14:24:16.238166Z"",""no_price_dollars"":""0.9400"",""taker_side"":""no"",""ticker"":""KXETH15M-26APR281030-30"",""trade_id"":""7e64c736-40c1-7326-d517-75b444f9adfb"",""yes_price_dollars"":""0.0600""}"
KXETH15M-26APR281030-30,2f028305-7e94-7300-d9fc-164e1bd5a6fa,1777386256,0.06,3.0,no,"{""count_fp"":""3.00"",""created_time"":""2026-04-28T14:24:16.238166Z"",""no_price_dollars"":""0.9400"",""taker_side"":""no"",""ticker"":""KXETH15M-26APR281030-30"",""trade_id"":""2f028305-7e94-7300-d9fc-164e1bd5a6fa"",""yes_price_dollars"":""0.0600""}"
KXETH15M-26APR281030-30,c1bc9aa3-e7da-615a-baee-36d3747a8fa9,1777386257,0.057,10.0,yes,"{""count_fp"":""10.00"",""created_time"":""2026-04-28T14:24:17.213649Z"",""no_price_dollars"":""0.9430"",""taker_side"":""yes"",""ticker"":""KXETH15M-26APR281030-30"",""trade_id"":""c1bc9aa3-e7da-615a-baee-36d3747a8fa9"",""yes_price_dollars"":""0.0570""}"
KXETH15M-26APR281030-30,a5ba5877-fa53-6419-b3fa-3bc9ff71d1c0,1777386257,0.058,15.0,yes,"{""count_fp"":""15.00"",""created_time"":""2026-04-28T14:24:17.213649Z"",""no_price_dollars"":""0.9420"",""taker_side"":""yes"",""ticker"":""KXETH15M-26APR281030-30"",""trade_id"":""a5ba5877-fa53-6419-b3fa-3bc9ff71d1c0"",""yes_price_dollars"":""0.0580""}"
KXETH15M-26APR281030-30,e9b2c118-60cd-60e1-0818-4a85bd6b1bae,1777386258,0.051,3.11,no,"{""count_fp"":""3.11"",""created_time"":""2026-04-28T14:24:18.448889Z"",""no_price_dollars"":""0.9490"",""taker_side"":""no"",""ticker"":""KXETH15M-26APR281030-30"",""trade_id"":""e9b2c118-60cd-60e1-0818-4a85bd6b1bae"",""yes_price_dollars"":""0.0510""}"
KXETH15M-26APR281030-30,2572d125-be87-7dd5-e4cd-32f650501d48,1777386259,0.058,48.0,yes,"{""count_fp"":""48.00"",""created_time"":""2026-04-28T14:24:19.575286Z"",""no_price_dollars"":""0.9420"",""taker_side"":""yes"",""ticker"":""KXETH15M-26APR281030-30"",""trade_id"":""2572d125-be87-7dd5-e4cd-32f650501d48"",""yes_price_dollars"":""0.0580""}"
KXETH15M-26APR281030-30,fae9b56e-4da3-772d-bfb4-7bac2a3eec5c,1777386259,0.058,50.0,yes,"{""count_fp"":""50.00"",""created_time"":""2026-04-28T14:24:19.143804Z"",""no_price_dollars"":""0.9420"",""taker_side"":""yes"",""ticker"":""KXETH15M-26APR281030-30"",""trade_id"":""fae9b56e-4da3-772d-bfb4-7bac2a3eec5c"",""yes_price_dollars"":""0.0580""}"
KXETH15M-26APR281030-30,d6ef23aa-da0f-4284-91a9-83277848b902,1777386263,0.033,1.0,no,"{""count_fp"":""1.00"",""created_time"":""2026-04-28T14:24:23.394251Z"",""no_price_dollars"":""0.9670"",""taker_side"":""no"",""ticker"":""KXETH15M-26APR281030-30"",""trade_id"":""d6ef23aa-da0f-4284-91a9-83277848b902"",""yes_price_dollars"":""0.0330""}"
KXETH15M-26APR281030-30,ca3a09fa-a169-4fb0-93bd-bd93a8d183d2,1777386263,0.033,10.0,no,"{""count_fp"":""10.00"",""created_time"":""2026-04-28T14:24:23.394251Z"",""no_price_dollars"":""0.9670"",""taker_side"":""no"",""ticker"":""KXETH15M-26APR281030-30"",""trade_id"":""ca3a09fa-a169-4fb0-93bd-bd93a8d183d2"",""yes_price_dollars"":""0.0330""}"
KXETH15M-26APR281030-30,c03d90d7-1faf-487b-8a90-2d4ce671d5d5,1777386263,0.05,1.0,no,"{""count_fp"":""1.00"",""created_time"":""2026-04-28T14:24:23.394251Z"",""no_price_dollars"":""0.9500"",""taker_side"":""no"",""ticker"":""KXETH15M-26APR281030-30"",""trade_id"":""c03d90d7-1faf-487b-8a90-2d4ce671d5d5"",""yes_price_dollars"":""0.0500""}"
KXETH15M-26APR281030-30,9c4bc6e3-705b-4893-8ef9-2abddd770762,1777386263,0.03,1.0,no,"{""count_fp"":""1.00"",""created_time"":""2026-04-28T14:24:23.394251Z"",""no_price_dollars"":""0.9700"",""taker_side"":""no"",""ticker"":""KXETH15M-26APR281030-30"",""trade_id"":""9c4bc6e3-705b-4893-8ef9-2abddd770762"",""yes_price_dollars"":""0.0300""}"
KXETH15M-26APR281030-30,962c2bba-6861-44cd-9ef9-92cdc5df9d18,1777386263,0.04,1.0,no,"{""count_fp"":""1.00"",""created_time"":""2026-04-28T14:24:23.394251Z"",""no_price_dollars"":""0.9600"",""taker_side"":""no"",""ticker"":""KXETH15M-26APR281030-30"",""trade_id"":""962c2bba-6861-44cd-9ef9-92cdc5df9d18"",""yes_price_dollars"":""0.0400""}"
KXETH15M-26APR281030-30,960eebe9-47f4-4c5f-b278-d352e53dc68b,1777386263,0.051,20.0,no,"{""count_fp"":""20.00"",""created_time"":""2026-04-28T14:24:23.394251Z"",""no_price_dollars"":""0.9490"",""taker_side"":""no"",""ticker"":""KXETH15M-26APR281030-30"",""trade_id"":""960eebe9-47f4-4c5f-b278-d352e53dc68b"",""yes_price_dollars"":""0.0510""}"
KXETH15M-26APR281030-30,92304748-7ff5-436e-a606-fda76cd7e22a,1777386263,0.05,1.0,no,"{""count_fp"":""1.00"",""created_time"":""2026-04-28T14:24:23.394251Z"",""no_price_dollars"":""0.9500"",""taker_side"":""no"",""ticker"":""KXETH15M-26APR281030-30"",""trade_id"":""92304748-7ff5-436e-a606-fda76cd7e22a"",""yes_price_dollars"":""0.0500""}"
KXETH15M-26APR281030-30,8c92d8ba-5bb5-46a4-aede-9b849ab95b52,1777386263,0.03,1.0,no,"{""count_fp"":""1.00"",""created_time"":""2026-04-28T14:24:23.394251Z"",""no_price_dollars"":""0.9700"",""taker_side"":""no"",""ticker"":""KXETH15M-26APR281030-30"",""trade_id"":""8c92d8ba-5bb5-46a4-aede-9b849ab95b52"",""yes_price_dollars"":""0.0300""}"
KXETH15M-26APR281030-30,7d5d5f4a-1a47-4f71-89be-a5b0c54780d2,1777386263,0.04,1.0,no,"{""count_fp"":""1.00"",""created_time"":""2026-04-28T14:24:23.394251Z"",""no_price_dollars"":""0.9600"",""taker_side"":""no"",""ticker"":""KXETH15M-26APR281030-30"",""trade_id"":""7d5d5f4a-1a47-4f71-89be-a5b0c54780d2"",""yes_price_dollars"":""0.0400""}"
KXETH15M-26APR281030-30,4dc2f15f-75a5-4d41-8d1c-ce97791acf5d,1777386263,0.05,50.0,no,"{""count_fp"":""50.00"",""created_time"":""2026-04-28T14:24:23.394251Z"",""no_price_dollars"":""0.9500"",""taker_side"":""no"",""ticker"":""KXETH15M-26APR281030-30"",""trade_id"":""4dc2f15f-75a5-4d41-8d1c-ce97791acf5d"",""yes_price_dollars"":""0.0500""}"
KXETH15M-26APR281030-30,2a017d1f-0e0b-4979-b00f-9db4dcc3e789,1777386263,0.03,12.32,no,"{""count_fp"":""12.32"",""created_time"":""2026-04-28T14:24:23.394251Z"",""no_price_dollars"":""0.9700"",""taker_side"":""no"",""ticker"":""KXETH15M-26APR281030-30"",""trade_id"":""2a017d1f-0e0b-4979-b00f-9db4dcc3e789"",""yes_price_dollars"":""0.0300""}"
KXETH15M-26APR281030-30,0945f190-2c72-4915-be1d-27ab3a874006,1777386263,0.05,3.0,no,"{""count_fp"":""3.00"",""created_time"":""2026-04-28T14:24:23.394251Z"",""no_price_dollars"":""0.9500"",""taker_side"":""no"",""ticker"":""KXETH15M-26APR281030-30"",""trade_id"":""0945f190-2c72-4915-be1d-27ab3a874006"",""yes_price_dollars"":""0.0500""}"
KXETH15M-26APR281030-30,eadb3596-7d0a-4962-d95a-1808e042852c,1777386264,0.05,5.75,yes,"{""count_fp"":""5.75"",""created_time"":""2026-04-28T14:24:24.908184Z"",""no_price_dollars"":""0.9500"",""taker_side"":""yes"",""ticker"":""KXETH15M-26APR281030-30"",""trade_id"":""eadb3596-7d0a-4962-d95a-1808e042852c"",""yes_price_dollars"":""0.0500""}"
KXETH15M-26APR281030-30,31264a54-8f32-4972-e8c8-19f9ec2dea59,1777386264,0.048,100.0,yes,"{""count_fp"":""100.00"",""created_time"":""2026-04-28T14:24:24.908184Z"",""no_price_dollars"":""0.9520"",""taker_side"":""yes"",""ticker"":""KXETH15M-26APR281030-30"",""trade_id"":""31264a54-8f32-4972-e8c8-19f9ec2dea59"",""yes_price_dollars"":""0.0480""}"
KXETH15M-26APR281030-30,6f697372-3fb2-7732-1d84-33564072f391,1777386264,0.048,41.0,yes,"{""count_fp"":""41.00"",""created_time"":""2026-04-28T14:24:24.251828Z"",""no_price_dollars"":""0.9520"",""taker_side"":""yes"",""ticker"":""KXETH15M-26APR281030-30"",""trade_id"":""6f697372-3fb2-7732-1d84-33564072f391"",""yes_price_dollars"":""0.0480""}"
KXETH15M-26APR281030-30,880d08ad-7795-45ef-d34e-fe867ad95a07,1777386267,0.058,22.0,yes,"{""count_fp"":""22.00"",""created_time"":""2026-04-28T14:24:27.173379Z"",""no_price_dollars"":""0.9420"",""taker_side"":""yes"",""ticker"":""KXETH15M-26APR281030-30"",""trade_id"":""880d08ad-7795-45ef-d34e-fe867ad95a07"",""yes_price_dollars"":""0.0580""}"
KXETH15M-26APR281030-30,7d3e05f4-3097-61b7-12fb-db9287c36ae2,1777386272,0.048,2.0,no,"{""count_fp"":""2.00"",""created_time"":""2026-04-28T14:24:32.233549Z"",""no_price_dollars"":""0.9520"",""taker_side"":""no"",""ticker"":""KXETH15M-26APR281030-30"",""trade_id"":""7d3e05f4-3097-61b7-12fb-db9287c36ae2"",""yes_price_dollars"":""0.0480""}"
KXETH15M-26APR281030-30,8526cb86-47ad-548e-fc37-e043b8dbf52d,1777386272,0.043,28.9,no,"{""count_fp"":""28.90"",""created_time"":""2026-04-28T14:24:32.143491Z"",""no_price_dollars"":""0.9570"",""taker_side"":""no"",""ticker"":""KXETH15M-26APR281030-30"",""trade_id"":""8526cb86-47ad-548e-fc37-e043b8dbf52d"",""yes_price_dollars"":""0.0430""}"
KXETH15M-26APR281030-30,429104df-36a6-514a-f45b-88696432e457,1777386272,0.047,10.0,no,"{""count_fp"":""10.00"",""created_time"":""2026-04-28T14:24:32.143491Z"",""no_price_dollars"":""0.9530"",""taker_side"":""no"",""ticker"":""KXETH15M-26APR281030-30"",""trade_id"":""429104df-36a6-514a-f45b-88696432e457"",""yes_price_dollars"":""0.0470""}"
KXETH15M-26APR281030-30,3e69b9b3-5a4a-5db1-cea7-95900fe660fe,1777386272,0.047,10.1,no,"{""count_fp"":""10.10"",""created_time"":""2026-04-28T14:24:32.143491Z"",""no_price_dollars"":""0.9530"",""taker_side"":""no"",""ticker"":""KXETH15M-26APR281030-30"",""trade_id"":""3e69b9b3-5a4a-5db1-cea7-95900fe660fe"",""yes_price_dollars"":""0.0470""}"
KXETH15M-26APR281030-30,08346a36-b615-525b-945f-1eb1e8efcff7,1777386278,0.058,22.0,yes,"{""count_fp"":""22.00"",""created_time"":""2026-04-28T14:24:38.183214Z"",""no_price_dollars"":""0.9420"",""taker_side"":""yes"",""ticker"":""KXETH15M-26APR281030-30"",""trade_id"":""08346a36-b615-525b-945f-1eb1e8efcff7"",""yes_price_dollars"":""0.0580""}"
KXETH15M-26APR281030-30,da5b51fd-e7f5-6c27-2ab8-e4350ab67323,1777386281,0.048,76.0,yes,"{""count_fp"":""76.00"",""created_time"":""2026-04-28T14:24:41.154238Z"",""no_price_dollars"":""0.9520"",""taker_side"":""yes"",""ticker"":""KXETH15M-26APR281030-30"",""trade_id"":""da5b51fd-e7f5-6c27-2ab8-e4350ab67323"",""yes_price_dollars"":""0.0480""}"
KXETH15M-26APR281030-30,f1918a71-f4e5-4cc9-0af0-4dbfcc03e4d3,1777386282,0.058,16.0,yes,"{""count_fp"":""16.00"",""created_time"":""2026-04-28T14:24:42.266729Z"",""no_price_dollars"":""0.9420"",""taker_side"":""yes"",""ticker"":""KXETH15M-26APR281030-30"",""trade_id"":""f1918a71-f4e5-4cc9-0af0-4dbfcc03e4d3"",""yes_price_dollars"":""0.0580""}"
KXETH15M-26APR281030-30,330a5725-d317-453e-23da-986b1616a77d,1777386282,0.057,10.0,yes,"{""count_fp"":""10.00"",""created_time"":""2026-04-28T14:24:42.266729Z"",""no_price_dollars"":""0.9430"",""taker_side"":""yes"",""ticker"":""KXETH15M-26APR281030-30"",""trade_id"":""330a5725-d317-453e-23da-986b1616a77d"",""yes_price_dollars"":""0.0570""}"
KXETH15M-26APR281030-30,6cd8a57d-94c0-5dd2-aac9-f3d4151ac833,1777386295,0.044,1.0,no,"{""count_fp"":""1.00"",""created_time"":""2026-04-28T14:24:55.934322Z"",""no_price_dollars"":""0.9560"",""taker_side"":""no"",""ticker"":""KXETH15M-26APR281030-30"",""trade_id"":""6cd8a57d-94c0-5dd2-aac9-f3d4151ac833"",""yes_price_dollars"":""0.0440""}"
KXETH15M-26APR281030-30,a3cfcaed-8248-4878-f22e-cd3de2d3dd56,1777386299,0.046,2.0,no,"{""count_fp"":""2.00"",""created_time"":""2026-04-28T14:24:59.852469Z"",""no_price_dollars"":""0.9540"",""taker_side"":""no"",""ticker"":""KXETH15M-26APR281030-30"",""trade_id"":""a3cfcaed-8248-4878-f22e-cd3de2d3dd56"",""yes_price_dollars"":""0.0460""}"
KXETH15M-26APR281030-30,9fdac7db-0a23-6f46-f3a2-442be32ac480,1777386299,0.045,60.0,no,"{""count_fp"":""60.00"",""created_time"":""2026-04-28T14:24:59.800615Z"",""no_price_dollars"":""0.9550"",""taker_side"":""no"",""ticker"":""KXETH15M-26APR281030-30"",""trade_id"":""9fdac7db-0a23-6f46-f3a2-442be32ac480"",""yes_price_dollars"":""0.0450""}"
KXETH15M-26APR281030-30,e2dd9223-e558-6014-ac9d-6b4d5ad53bfd,1777386299,0.042,2.0,no,"{""count_fp"":""2.00"",""created_time"":""2026-04-28T14:24:59.344774Z"",""no_price_dollars"":""0.9580"",""taker_side"":""no"",""ticker"":""KXETH15M-26APR281030-30"",""trade_id"":""e2dd9223-e558-6014-ac9d-6b4d5ad53bfd"",""yes_price_dollars"":""0.0420""}"
KXETH15M-26APR281030-30,b58992f7-7710-4f88-1dc9-f8ac5348e3c5,1777386299,0.042,73.0,no,"{""count_fp"":""73.00"",""created_time"":""2026-04-28T14:24:59.296112Z"",""no_price_dollars"":""0.9580"",""taker_side"":""no"",""ticker"":""KXETH15M-26APR281030-30"",""trade_id"":""b58992f7-7710-4f88-1dc9-f8ac5348e3c5"",""yes_price_dollars"":""0.0420""}"
KXETH15M-26APR281030-30,cd098ce1-999c-6eba-0d95-6e00ccd42173,1777386299,0.043,10.0,no,"{""count_fp"":""10.00"",""created_time"":""2026-04-28T14:24:59.158714Z"",""no_price_dollars"":""0.9570"",""taker_side"":""no"",""ticker"":""KXETH15M-26APR281030-30"",""trade_id"":""cd098ce1-999c-6eba-0d95-6e00ccd42173"",""yes_price_dollars"":""0.0430""}"
KXETH15M-26APR281030-30,6749559d-79f4-6576-33e5-28ca90d161fc,1777386299,0.043,10.0,no,"{""count_fp"":""10.00"",""created_time"":""2026-04-28T14:24:59.158714Z"",""no_price_dollars"":""0.9570"",""taker_side"":""no"",""ticker"":""KXETH15M-26APR281030-30"",""trade_id"":""6749559d-79f4-6576-33e5-28ca90d161fc"",""yes_price_dollars"":""0.0430""}"
KXETH15M-26APR281030-30,03f3ed27-dada-683d-2f50-c3f7b7fdc463,1777386299,0.04,6.0,no,"{""count_fp"":""6.00"",""created_time"":""2026-04-28T14:24:59.158714Z"",""no_price_dollars"":""0.9600"",""taker_side"":""no"",""ticker"":""KXETH15M-26APR281030-30"",""trade_id"":""03f3ed27-dada-683d-2f50-c3f7b7fdc463"",""yes_price_dollars"":""0.0400""}"
KXETH15M-26APR281030-30,20d05976-1582-5755-402c-e072712e37b7,1777386300,0.04,107.0,no,"{""count_fp"":""107.00"",""created_time"":""2026-04-28T14:25:00.976961Z"",""no_price_dollars"":""0.9600"",""taker_side"":""no"",""ticker"":""KXETH15M-26APR281030-30"",""trade_id"":""20d05976-1582-5755-402c-e072712e37b7"",""yes_price_dollars"":""0.0400""}"
KXETH15M-26APR281030-30,8a0291f7-34ab-79c7-509a-1ea394867e92,1777386301,0.041,9.0,no,"{""count_fp"":""9.00"",""created_time"":""2026-04-28T14:25:01.678974Z"",""no_price_dollars"":""0.9590"",""taker_side"":""no"",""ticker"":""KXETH15M-26APR281030-30"",""trade_id"":""8a0291f7-34ab-79c7-509a-1ea394867e92"",""yes_price_dollars"":""0.0410""}"
KXETH15M-26APR281030-30,533b7a68-fb83-4bdb-32bf-0c476654adf6,1777386301,0.041,6.0,no,"{""count_fp"":""6.00"",""created_time"":""2026-04-28T14:25:01.572821Z"",""no_price_dollars"":""0.9590"",""taker_side"":""no"",""ticker"":""KXETH15M-26APR281030-30"",""trade_id"":""533b7a68-fb83-4bdb-32bf-0c476654adf6"",""yes_price_dollars"":""0.0410""}"
KXETH15M-26APR281030-30,6316fbe3-89e3-757b-a9d4-edf31ee2fbd6,1777386301,0.041,2.0,no,"{""count_fp"":""2.00"",""created_time"":""2026-04-28T14:25:01.533848Z"",""no_price_dollars"":""0.9590"",""taker_side"":""no"",""ticker"":""KXETH15M-26APR281030-30"",""trade_id"":""6316fbe3-89e3-757b-a9d4-edf31ee2fbd6"",""yes_price_dollars"":""0.0410""}"
KXETH15M-26APR281030-30,6fd916b6-814b-7783-be8a-2634d35ef7ca,1777386301,0.041,7.0,no,"{""count_fp"":""7.00"",""created_time"":""2026-04-28T14:25:01.459721Z"",""no_price_dollars"":""0.9590"",""taker_side"":""no"",""ticker"":""KXETH15M-26APR281030-30"",""trade_id"":""6fd916b6-814b-7783-be8a-2634d35ef7ca"",""yes_price_dollars"":""0.0410""}"
