ticker,trade_id,ts,yes_price,count,taker_side,raw_json
KXETH15M-26APR281330-30,8f14a8ea-de01-546f-2769-d505c834edaa,1777396515,0.47,3.0,no,"{""count_fp"":""3.00"",""created_time"":""2026-04-28T17:15:15.657548Z"",""no_price_dollars"":""0.5300"",""taker_side"":""no"",""ticker"":""KXETH15M-26APR281330-30"",""trade_id"":""8f14a8ea-de01-546f-2769-d505c834edaa"",""yes_price_dollars"":""0.4700""}"
KXETH15M-26APR281330-30,867ce6f9-4311-718e-0061-1f7619510ba6,1777396517,0.47,1.0,no,"{""count_fp"":""1.00"",""created_time"":""2026-04-28T17:15:17.415972Z"",""no_price_dollars"":""0.5300"",""taker_side"":""no"",""ticker"":""KXETH15M-26APR281330-30"",""trade_id"":""867ce6f9-4311-718e-0061-1f7619510ba6"",""yes_price_dollars"":""0.4700""}"
KXETH15M-26APR281330-30,0e3c6358-c8b4-500c-800c-1ae6219a72b1,1777396520,0.5,2.0,yes,"{""count_fp"":""2.00"",""created_time"":""2026-04-28T17:15:20.195863Z"",""no_price_dollars"":""0.5000"",""taker_side"":""yes"",""ticker"":""KXETH15M-26APR281330-30"",""trade_id"":""0e3c6358-c8b4-500c-800c-1ae6219a72b1"",""yes_price_dollars"":""0.5000""}"
KXETH15M-26APR281330-30,2b977131-42dc-6f0c-6dc5-0d068b887025,1777396523,0.5,3.86,yes,"{""count_fp"":""3.86"",""created_time"":""2026-04-28T17:15:23.759135Z"",""no_price_dollars"":""0.5000"",""taker_side"":""yes"",""ticker"":""KXETH15M-26APR281330-30"",""trade_id"":""2b977131-42dc-6f0c-6dc5-0d068b887025"",""yes_price_dollars"":""0.5000""}"
KXETH15M-26APR281330-30,2918f36a-4400-705d-00a9-df95348c712c,1777396530,0.46,40.0,no,"{""count_fp"":""40.00"",""created_time"":""2026-04-28T17:15:30.589771Z"",""no_price_dollars"":""0.5400"",""taker_side"":""no"",""ticker"":""KXETH15M-26APR281330-30"",""trade_id"":""2918f36a-4400-705d-00a9-df95348c712c"",""yes_price_dollars"":""0.4600""}"
KXETH15M-26APR281330-30,abd9aa7e-35c5-58ae-68ce-12708a957926,1777396532,0.45,3.46,no,"{""count_fp"":""3.46"",""created_time"":""2026-04-28T17:15:32.390746Z"",""no_price_dollars"":""0.5500"",""taker_side"":""no"",""ticker"":""KXETH15M-26APR281330-30"",""trade_id"":""abd9aa7e-35c5-58ae-68ce-12708a957926"",""yes_price_dollars"":""0.4500""}"
KXETH15M-26APR281330-30,ec1108d7-a9a0-6443-3aed-dd7a64d88827,1777396535,0.45,10.0,no,"{""count_fp"":""10.00"",""created_time"":""2026-04-28T17:15:35.506305Z"",""no_price_dollars"":""0.5500"",""taker_side"":""no"",""ticker"":""KXETH15M-26APR281330-30"",""trade_id"":""ec1108d7-a9a0-6443-3aed-dd7a64d88827"",""yes_price_dollars"":""0.4500""}"
KXETH15M-26APR281330-30,e25bdd75-aec2-69e2-3306-4677b57bd911,1777396535,0.45,76.61,no,"{""count_fp"":""76.61"",""created_time"":""2026-04-28T17:15:35.506305Z"",""no_price_dollars"":""0.5500"",""taker_side"":""no"",""ticker"":""KXETH15M-26APR281330-30"",""trade_id"":""e25bdd75-aec2-69e2-3306-4677b57bd911"",""yes_price_dollars"":""0.4500""}"
KXETH15M-26APR281330-30,fa0fc483-cf4a-5066-d3ed-5e6d80ba5215,1777396535,0.46,41.97,no,"{""count_fp"":""41.97"",""created_time"":""2026-04-28T17:15:35.022116Z"",""no_price_dollars"":""0.5400"",""taker_side"":""no"",""ticker"":""KXETH15M-26APR281330-30"",""trade_id"":""fa0fc483-cf4a-5066-d3ed-5e6d80ba5215"",""yes_price_dollars"":""0.4600""}"
KXETH15M-26APR281330-30,6849ebe8-af4d-5302-cec0-c11c25b291b6,1777396535,0.46,10.0,no,"{""count_fp"":""10.00"",""created_time"":""2026-04-28T17:15:35.022116Z"",""no_price_dollars"":""0.5400"",""taker_side"":""no"",""ticker"":""KXETH15M-26APR281330-30"",""trade_id"":""6849ebe8-af4d-5302-cec0-c11c25b291b6"",""yes_price_dollars"":""0.4600""}"
KXETH15M-26APR281330-30,14e7fdfc-e03d-4e97-5045-ec384ba2074c,1777396541,0.44,80.0,no,"{""count_fp"":""80.00"",""created_time"":""2026-04-28T17:15:41.114887Z"",""no_price_dollars"":""0.5600"",""taker_side"":""no"",""ticker"":""KXETH15M-26APR281330-30"",""trade_id"":""14e7fdfc-e03d-4e97-5045-ec384ba2074c"",""yes_price_dollars"":""0.4400""}"
KXETH15M-26APR281330-30,cb5c4140-1b54-43c8-141f-99dad5fc6091,1777396541,0.45,100.0,no,"{""count_fp"":""100.00"",""created_time"":""2026-04-28T17:15:41.112631Z"",""no_price_dollars"":""0.5500"",""taker_side"":""no"",""ticker"":""KXETH15M-26APR281330-30"",""trade_id"":""cb5c4140-1b54-43c8-141f-99dad5fc6091"",""yes_price_dollars"":""0.4500""}"
KXETH15M-26APR281330-30,4f16dbd4-0f0d-4aa7-0908-5cd264959e06,1777396541,0.45,67.0,no,"{""count_fp"":""67.00"",""created_time"":""2026-04-28T17:15:41.112631Z"",""no_price_dollars"":""0.5500"",""taker_side"":""no"",""ticker"":""KXETH15M-26APR281330-30"",""trade_id"":""4f16dbd4-0f0d-4aa7-0908-5cd264959e06"",""yes_price_dollars"":""0.4500""}"
KXETH15M-26APR281330-30,fa1032bd-3731-59b5-5c9f-146b9db608d8,1777396548,0.4,3.0,no,"{""count_fp"":""3.00"",""created_time"":""2026-04-28T17:15:48.421444Z"",""no_price_dollars"":""0.6000"",""taker_side"":""no"",""ticker"":""KXETH15M-26APR281330-30"",""trade_id"":""fa1032bd-3731-59b5-5c9f-146b9db608d8"",""yes_price_dollars"":""0.4000""}"
KXETH15M-26APR281330-30,e08ead55-8002-4cd0-7585-0a92ce64b91a,1777396549,0.41,22.81,yes,"{""count_fp"":""22.81"",""created_time"":""2026-04-28T17:15:49.367067Z"",""no_price_dollars"":""0.5900"",""taker_side"":""yes"",""ticker"":""KXETH15M-26APR281330-30"",""trade_id"":""e08ead55-8002-4cd0-7585-0a92ce64b91a"",""yes_price_dollars"":""0.4100""}"
KXETH15M-26APR281330-30,e99e680f-48cb-4f2a-f638-8b4fb6fb079c,1777396557,0.38,3.0,no,"{""count_fp"":""3.00"",""created_time"":""2026-04-28T17:15:57.858589Z"",""no_price_dollars"":""0.6200"",""taker_side"":""no"",""ticker"":""KXETH15M-26APR281330-30"",""trade_id"":""e99e680f-48cb-4f2a-f638-8b4fb6fb079c"",""yes_price_dollars"":""0.3800""}"
KXETH15M-26APR281330-30,ea542723-a622-515d-2038-f486b1a9c0c8,1777396558,0.35,1.0,no,"{""count_fp"":""1.00"",""created_time"":""2026-04-28T17:15:58.117339Z"",""no_price_dollars"":""0.6500"",""taker_side"":""no"",""ticker"":""KXETH15M-26APR281330-30"",""trade_id"":""ea542723-a622-515d-2038-f486b1a9c0c8"",""yes_price_dollars"":""0.3500""}"
KXETH15M-26APR281330-30,d2bfba1e-a3a4-5083-19d7-c5d494b6fdc7,1777396558,0.37,2.0,no,"{""count_fp"":""2.00"",""created_time"":""2026-04-28T17:15:58.117339Z"",""no_price_dollars"":""0.6300"",""taker_side"":""no"",""ticker"":""KXETH15M-26APR281330-30"",""trade_id"":""d2bfba1e-a3a4-5083-19d7-c5d494b6fdc7"",""yes_price_dollars"":""0.3700""}"
KXETH15M-26APR281330-30,987abe27-d13b-6ed8-5aee-db9103aa79fe,1777396564,0.38,1.0,no,"{""count_fp"":""1.00"",""created_time"":""2026-04-28T17:16:04.801584Z"",""no_price_dollars"":""0.6200"",""taker_side"":""no"",""ticker"":""KXETH15M-26APR281330-30"",""trade_id"":""987abe27-d13b-6ed8-5aee-db9103aa79fe"",""yes_price_dollars"":""0.3800""}"
KXETH15M-26APR281330-30,81d1412d-a0da-4f65-166f-0b9979d88cf4,1777396565,0.38,233.0,no,"{""count_fp"":""233.00"",""created_time"":""2026-04-28T17:16:05.950961Z"",""no_price_dollars"":""0.6200"",""taker_side"":""no"",""ticker"":""KXETH15M-26APR281330-30"",""trade_id"":""81d1412d-a0da-4f65-166f-0b9979d88cf4"",""yes_price_dollars"":""0.3800""}"
KXETH15M-26APR281330-30,072a7b12-7aca-52ad-3064-0850407b7570,1777396569,0.38,5.0,no,"{""count_fp"":""5.00"",""created_time"":""2026-04-28T17:16:09.048826Z"",""no_price_dollars"":""0.6200"",""taker_side"":""no"",""ticker"":""KXETH15M-26APR281330-30"",""trade_id"":""072a7b12-7aca-52ad-3064-0850407b7570"",""yes_price_dollars"":""0.3800""}"
KXETH15M-26APR281330-30,f13ff62d-32b2-4198-f38c-f8ec216c1aff,1777396575,0.36,146.0,yes,"{""count_fp"":""146.00"",""created_time"":""2026-04-28T17:16:15.904677Z"",""no_price_dollars"":""0.6400"",""taker_side"":""yes"",""ticker"":""KXETH15M-26APR281330-30"",""trade_id"":""f13ff62d-32b2-4198-f38c-f8ec216c1aff"",""yes_price_dollars"":""0.3600""}"
KXETH15M-26APR281330-30,e888fdf9-11a0-4fa4-d328-0acc257826b5,1777396575,0.38,117.56,yes,"{""count_fp"":""117.56"",""created_time"":""2026-04-28T17:16:15.904677Z"",""no_price_dollars"":""0.6200"",""taker_side"":""yes"",""ticker"":""KXETH15M-26APR281330-30"",""trade_id"":""e888fdf9-11a0-4fa4-d328-0acc257826b5"",""yes_price_dollars"":""0.3800""}"
KXETH15M-26APR281330-30,968e12e1-f34e-4838-c328-340279e49826,1777396575,0.36,100.0,yes,"{""count_fp"":""100.00"",""created_time"":""2026-04-28T17:16:15.904677Z"",""no_price_dollars"":""0.6400"",""taker_side"":""yes"",""ticker"":""KXETH15M-26APR281330-30"",""trade_id"":""968e12e1-f34e-4838-c328-340279e49826"",""yes_price_dollars"":""0.3600""}"
KXETH15M-26APR281330-30,5b2406f3-9ae7-4fde-ceb4-f51d20a36840,1777396575,0.38,2.0,yes,"{""count_fp"":""2.00"",""created_time"":""2026-04-28T17:16:15.904677Z"",""no_price_dollars"":""0.6200"",""taker_side"":""yes"",""ticker"":""KXETH15M-26APR281330-30"",""trade_id"":""5b2406f3-9ae7-4fde-ceb4-f51d20a36840"",""yes_price_dollars"":""0.3800""}"
KXETH15M-26APR281330-30,214f4f99-0089-4d66-d6f6-3ad1a26acfc5,1777396575,0.35,10.0,yes,"{""count_fp"":""10.00"",""created_time"":""2026-04-28T17:16:15.904677Z"",""no_price_dollars"":""0.6500"",""taker_side"":""yes"",""ticker"":""KXETH15M-26APR281330-30"",""trade_id"":""214f4f99-0089-4d66-d6f6-3ad1a26acfc5"",""yes_price_dollars"":""0.3500""}"
KXETH15M-26APR281330-30,31eb6d1d-acec-62bb-d59d-c08b7d9486c1,1777396576,0.35,4.91,yes,"{""count_fp"":""4.91"",""created_time"":""2026-04-28T17:16:16.498344Z"",""no_price_dollars"":""0.6500"",""taker_side"":""yes"",""ticker"":""KXETH15M-26APR281330-30"",""trade_id"":""31eb6d1d-acec-62bb-d59d-c08b7d9486c1"",""yes_price_dollars"":""0.3500""}"
KXETH15M-26APR281330-30,1d311c40-018c-75c7-77e5-66b800b34cd9,1777396577,0.35,40.0,yes,"{""count_fp"":""40.00"",""created_time"":""2026-04-28T17:16:17.081554Z"",""no_price_dollars"":""0.6500"",""taker_side"":""yes"",""ticker"":""KXETH15M-26APR281330-30"",""trade_id"":""1d311c40-018c-75c7-77e5-66b800b34cd9"",""yes_price_dollars"":""0.3500""}"
KXETH15M-26APR281330-30,cdc1babe-9b14-5fc8-5e6b-327acddf3a4e,1777396586,0.35,1.0,no,"{""count_fp"":""1.00"",""created_time"":""2026-04-28T17:16:26.468846Z"",""no_price_dollars"":""0.6500"",""taker_side"":""no"",""ticker"":""KXETH15M-26APR281330-30"",""trade_id"":""cdc1babe-9b14-5fc8-5e6b-327acddf3a4e"",""yes_price_dollars"":""0.3500""}"
KXETH15M-26APR281330-30,d0bc6684-cad8-637f-7a74-7d03cf7e4cb1,1777396587,0.36,2.49,yes,"{""count_fp"":""2.49"",""created_time"":""2026-04-28T17:16:27.139676Z"",""no_price_dollars"":""0.6400"",""taker_side"":""yes"",""ticker"":""KXETH15M-26APR281330-30"",""trade_id"":""d0bc6684-cad8-637f-7a74-7d03cf7e4cb1"",""yes_price_dollars"":""0.3600""}"
KXETH15M-26APR281330-30,7f8034eb-a139-65b3-4f92-3acd52acca3d,1777396587,0.36,10.0,yes,"{""count_fp"":""10.00"",""created_time"":""2026-04-28T17:16:27.139676Z"",""no_price_dollars"":""0.6400"",""taker_side"":""yes"",""ticker"":""KXETH15M-26APR281330-30"",""trade_id"":""7f8034eb-a139-65b3-4f92-3acd52acca3d"",""yes_price_dollars"":""0.3600""}"
KXETH15M-26APR281330-30,57ad753b-f964-5e6c-7e7b-3426e3622f9a,1777396591,0.35,3.0,no,"{""count_fp"":""3.00"",""created_time"":""2026-04-28T17:16:31.781272Z"",""no_price_dollars"":""0.6500"",""taker_side"":""no"",""ticker"":""KXETH15M-26APR281330-30"",""trade_id"":""57ad753b-f964-5e6c-7e7b-3426e3622f9a"",""yes_price_dollars"":""0.3500""}"
KXETH15M-26APR281330-30,7a197a33-753c-64e8-507f-dc67b7de6cbe,1777396592,0.35,3.0,no,"{""count_fp"":""3.00"",""created_time"":""2026-04-28T17:16:32.358959Z"",""no_price_dollars"":""0.6500"",""taker_side"":""no"",""ticker"":""KXETH15M-26APR281330-30"",""trade_id"":""7a197a33-753c-64e8-507f-dc67b7de6cbe"",""yes_price_dollars"":""0.3500""}"
KXETH15M-26APR281330-30,159129c4-26e9-6798-71fa-8559e41cbd1d,1777396592,0.34,2.0,no,"{""count_fp"":""2.00"",""created_time"":""2026-04-28T17:16:32.358959Z"",""no_price_dollars"":""0.6600"",""taker_side"":""no"",""ticker"":""KXETH15M-26APR281330-30"",""trade_id"":""159129c4-26e9-6798-71fa-8559e41cbd1d"",""yes_price_dollars"":""0.3400""}"
KXETH15M-26APR281330-30,ae94245c-dceb-69e3-39cc-bffb8ec6487d,1777396597,0.26,1.0,no,"{""count_fp"":""1.00"",""created_time"":""2026-04-28T17:16:37.711203Z"",""no_price_dollars"":""0.7400"",""taker_side"":""no"",""ticker"":""KXETH15M-26APR281330-30"",""trade_id"":""ae94245c-dceb-69e3-39cc-bffb8ec6487d"",""yes_price_dollars"":""0.2600""}"
KXETH15M-26APR281330-30,8dbfbe82-e109-650d-1aee-b314301081d9,1777396597,0.26,4.0,no,"{""count_fp"":""4.00"",""created_time"":""2026-04-28T17:16:37.711203Z"",""no_price_dollars"":""0.7400"",""taker_side"":""no"",""ticker"":""KXETH15M-26APR281330-30"",""trade_id"":""8dbfbe82-e109-650d-1aee-b314301081d9"",""yes_price_dollars"":""0.2600""}"
KXETH15M-26APR281330-30,7d493f6c-600d-5c85-3962-df417d31b179,1777396597,0.26,1.0,no,"{""count_fp"":""1.00"",""created_time"":""2026-04-28T17:16:37.457175Z"",""no_price_dollars"":""0.7400"",""taker_side"":""no"",""ticker"":""KXETH15M-26APR281330-30"",""trade_id"":""7d493f6c-600d-5c85-3962-df417d31b179"",""yes_price_dollars"":""0.2600""}"
KXETH15M-26APR281330-30,e955267f-4dc6-5f0c-ab08-41bfdf8dc457,1777396601,0.27,3.68,yes,"{""count_fp"":""3.68"",""created_time"":""2026-04-28T17:16:41.100932Z"",""no_price_dollars"":""0.7300"",""taker_side"":""yes"",""ticker"":""KXETH15M-26APR281330-30"",""trade_id"":""e955267f-4dc6-5f0c-ab08-41bfdf8dc457"",""yes_price_dollars"":""0.2700""}"
KXETH15M-26APR281330-30,d5694d5b-d8d0-5c0b-ae6a-2c133db12c4d,1777396601,0.27,76.08,yes,"{""count_fp"":""76.08"",""created_time"":""2026-04-28T17:16:41.100932Z"",""no_price_dollars"":""0.7300"",""taker_side"":""yes"",""ticker"":""KXETH15M-26APR281330-30"",""trade_id"":""d5694d5b-d8d0-5c0b-ae6a-2c133db12c4d"",""yes_price_dollars"":""0.2700""}"
KXETH15M-26APR281330-30,bcd47fec-6a93-5b3f-dd1d-86bd1b275a41,1777396607,0.26,2.0,no,"{""count_fp"":""2.00"",""created_time"":""2026-04-28T17:16:47.271897Z"",""no_price_dollars"":""0.7400"",""taker_side"":""no"",""ticker"":""KXETH15M-26APR281330-30"",""trade_id"":""bcd47fec-6a93-5b3f-dd1d-86bd1b275a41"",""yes_price_dollars"":""0.2600""}"
KXETH15M-26APR281330-30,ad17e337-f3c8-4409-b472-69eca495dd3c,1777396614,0.27,3.52,yes,"{""count_fp"":""3.52"",""created_time"":""2026-04-28T17:16:54.932841Z"",""no_price_dollars"":""0.7300"",""taker_side"":""yes"",""ticker"":""KXETH15M-26APR281330-30"",""trade_id"":""ad17e337-f3c8-4409-b472-69eca495dd3c"",""yes_price_dollars"":""0.2700""}"
KXETH15M-26APR281330-30,812b4bb2-0ea5-79cb-ef5b-fd35da83357a,1777396621,0.28,3.0,yes,"{""count_fp"":""3.00"",""created_time"":""2026-04-28T17:17:01.627294Z"",""no_price_dollars"":""0.7200"",""taker_side"":""yes"",""ticker"":""KXETH15M-26APR281330-30"",""trade_id"":""812b4bb2-0ea5-79cb-ef5b-fd35da83357a"",""yes_price_dollars"":""0.2800""}"
KXETH15M-26APR281330-30,c67ae77e-1b2b-4463-c145-5a8e82e345ad,1777396625,0.26,2.0,no,"{""count_fp"":""2.00"",""created_time"":""2026-04-28T17:17:05.900422Z"",""no_price_dollars"":""0.7400"",""taker_side"":""no"",""ticker"":""KXETH15M-26APR281330-30"",""trade_id"":""c67ae77e-1b2b-4463-c145-5a8e82e345ad"",""yes_price_dollars"":""0.2600""}"
KXETH15M-26APR281330-30,d398518c-6ef5-4db4-d696-801e3934f2ac,1777396625,0.27,1.0,yes,"{""count_fp"":""1.00"",""created_time"":""2026-04-28T17:17:05.067103Z"",""no_price_dollars"":""0.7300"",""taker_side"":""yes"",""ticker"":""KXETH15M-26APR281330-30"",""trade_id"":""d398518c-6ef5-4db4-d696-801e3934f2ac"",""yes_price_dollars"":""0.2700""}"
KXETH15M-26APR281330-30,ca57bbb8-30a8-42e9-fb8d-82b521a310f0,1777396625,0.27,39.0,yes,"{""count_fp"":""39.00"",""created_time"":""2026-04-28T17:17:05.067103Z"",""no_price_dollars"":""0.7300"",""taker_side"":""yes"",""ticker"":""KXETH15M-26APR281330-30"",""trade_id"":""ca57bbb8-30a8-42e9-fb8d-82b521a310f0"",""yes_price_dollars"":""0.2700""}"
KXETH15M-26APR281330-30,2c68944d-fdf0-693d-069b-88b92661ffb1,1777396626,0.25,1.0,no,"{""count_fp"":""1.00"",""created_time"":""2026-04-28T17:17:06.312338Z"",""no_price_dollars"":""0.7500"",""taker_side"":""no"",""ticker"":""KXETH15M-26APR281330-30"",""trade_id"":""2c68944d-fdf0-693d-069b-88b92661ffb1"",""yes_price_dollars"":""0.2500""}"
KXETH15M-26APR281330-30,4912fa57-6898-4c0c-568f-67bcbf0998b5,1777396628,0.26,3.0,yes,"{""count_fp"":""3.00"",""created_time"":""2026-04-28T17:17:08.022273Z"",""no_price_dollars"":""0.7400"",""taker_side"":""yes"",""ticker"":""KXETH15M-26APR281330-30"",""trade_id"":""4912fa57-6898-4c0c-568f-67bcbf0998b5"",""yes_price_dollars"":""0.2600""}"
KXETH15M-26APR281330-30,28987b9c-8db8-48f9-6a30-475f74f6ccf4,1777396628,0.26,9.61,yes,"{""count_fp"":""9.61"",""created_time"":""2026-04-28T17:17:08.022273Z"",""no_price_dollars"":""0.7400"",""taker_side"":""yes"",""ticker"":""KXETH15M-26APR281330-30"",""trade_id"":""28987b9c-8db8-48f9-6a30-475f74f6ccf4"",""yes_price_dollars"":""0.2600""}"
KXETH15M-26APR281330-30,1ae562fb-6f97-4856-7a09-eeda595b17e0,1777396628,0.24,5.0,yes,"{""count_fp"":""5.00"",""created_time"":""2026-04-28T17:17:08.022273Z"",""no_price_dollars"":""0.7600"",""taker_side"":""yes"",""ticker"":""KXETH15M-26APR281330-30"",""trade_id"":""1ae562fb-6f97-4856-7a09-eeda595b17e0"",""yes_price_dollars"":""0.2400""}"
KXETH15M-26APR281330-30,c3f83dde-a0e4-68b0-b60c-1e84f6c223d5,1777396628,0.23,5.0,no,"{""count_fp"":""5.00"",""created_time"":""2026-04-28T17:17:08.010967Z"",""no_price_dollars"":""0.7700"",""taker_side"":""no"",""ticker"":""KXETH15M-26APR281330-30"",""trade_id"":""c3f83dde-a0e4-68b0-b60c-1e84f6c223d5"",""yes_price_dollars"":""0.2300""}"
KXETH15M-26APR281330-30,72367089-688e-47f5-e76a-1af120b776b4,1777396629,0.23,5.0,no,"{""count_fp"":""5.00"",""created_time"":""2026-04-28T17:17:09.412388Z"",""no_price_dollars"":""0.7700"",""taker_side"":""no"",""ticker"":""KXETH15M-26APR281330-30"",""trade_id"":""72367089-688e-47f5-e76a-1af120b776b4"",""yes_price_dollars"":""0.2300""}"
KXETH15M-26APR281330-30,e77e2601-b622-7d31-3245-4ce3432e6048,1777396630,0.23,5.0,no,"{""count_fp"":""5.00"",""created_time"":""2026-04-28T17:17:10.168283Z"",""no_price_dollars"":""0.7700"",""taker_side"":""no"",""ticker"":""KXETH15M-26APR281330-30"",""trade_id"":""e77e2601-b622-7d31-3245-4ce3432e6048"",""yes_price_dollars"":""0.2300""}"
KXETH15M-26APR281330-30,288b433a-f87d-6279-90d6-530b73c0cdbc,1777396632,0.26,2.0,no,"{""count_fp"":""2.00"",""created_time"":""2026-04-28T17:17:12.404867Z"",""no_price_dollars"":""0.7400"",""taker_side"":""no"",""ticker"":""KXETH15M-26APR281330-30"",""trade_id"":""288b433a-f87d-6279-90d6-530b73c0cdbc"",""yes_price_dollars"":""0.2600""}"
KXETH15M-26APR281330-30,9d568bda-a4b0-6cd5-dadc-ec09d9d9c744,1777396632,0.26,100.0,yes,"{""count_fp"":""100.00"",""created_time"":""2026-04-28T17:17:12.249935Z"",""no_price_dollars"":""0.7400"",""taker_side"":""yes"",""ticker"":""KXETH15M-26APR281330-30"",""trade_id"":""9d568bda-a4b0-6cd5-dadc-ec09d9d9c744"",""yes_price_dollars"":""0.2600""}"
KXETH15M-26APR281330-30,3056a774-800f-6a88-cc83-ba832a373054,1777396632,0.25,10.0,yes,"{""count_fp"":""10.00"",""created_time"":""2026-04-28T17:17:12.249935Z"",""no_price_dollars"":""0.7500"",""taker_side"":""yes"",""ticker"":""KXETH15M-26APR281330-30"",""trade_id"":""3056a774-800f-6a88-cc83-ba832a373054"",""yes_price_dollars"":""0.2500""}"
KXETH15M-26APR281330-30,45116e0c-eb75-594a-b3b7-f6566a18afac,1777396632,0.25,4.0,no,"{""count_fp"":""4.00"",""created_time"":""2026-04-28T17:17:12.055412Z"",""no_price_dollars"":""0.7500"",""taker_side"":""no"",""ticker"":""KXETH15M-26APR281330-30"",""trade_id"":""45116e0c-eb75-594a-b3b7-f6566a18afac"",""yes_price_dollars"":""0.2500""}"
KXETH15M-26APR281330-30,06e25cbf-78e0-4542-ae38-29063f1c3547,1777396635,0.27,0.52,yes,"{""count_fp"":""0.52"",""created_time"":""2026-04-28T17:17:15.494498Z"",""no_price_dollars"":""0.7300"",""taker_side"":""yes"",""ticker"":""KXETH15M-26APR281330-30"",""trade_id"":""06e25cbf-78e0-4542-ae38-29063f1c3547"",""yes_price_dollars"":""0.2700""}"
KXETH15M-26APR281330-30,5dc3d53d-2182-46c9-a76a-c2264495aa44,1777396638,0.27,2.65,no,"{""count_fp"":""2.65"",""created_time"":""2026-04-28T17:17:18.760732Z"",""no_price_dollars"":""0.7300"",""taker_side"":""no"",""ticker"":""KXETH15M-26APR281330-30"",""trade_id"":""5dc3d53d-2182-46c9-a76a-c2264495aa44"",""yes_price_dollars"":""0.2700""}"
KXETH15M-26APR281330-30,edd37ed4-82c8-625e-e60e-3ef3270c778b,1777396658,0.28,1.0,no,"{""count_fp"":""1.00"",""created_time"":""2026-04-28T17:17:38.525236Z"",""no_price_dollars"":""0.7200"",""taker_side"":""no"",""ticker"":""KXETH15M-26APR281330-30"",""trade_id"":""edd37ed4-82c8-625e-e60e-3ef3270c778b"",""yes_price_dollars"":""0.2800""}"
KXETH15M-26APR281330-30,df31294c-f453-6203-6c0a-571214cbfacb,1777396665,0.31,8.0,yes,"{""count_fp"":""8.00"",""created_time"":""2026-04-28T17:17:45.704644Z"",""no_price_dollars"":""0.6900"",""taker_side"":""yes"",""ticker"":""KXETH15M-26APR281330-30"",""trade_id"":""df31294c-f453-6203-6c0a-571214cbfacb"",""yes_price_dollars"":""0.3100""}"
KXETH15M-26APR281330-30,6efc9c23-4e99-65b8-40e1-d80c491217ff,1777396665,0.31,2.0,yes,"{""count_fp"":""2.00"",""created_time"":""2026-04-28T17:17:45.704644Z"",""no_price_dollars"":""0.6900"",""taker_side"":""yes"",""ticker"":""KXETH15M-26APR281330-30"",""trade_id"":""6efc9c23-4e99-65b8-40e1-d80c491217ff"",""yes_price_dollars"":""0.3100""}"
KXETH15M-26APR281330-30,75aec37b-ed6b-73ff-79d6-9935af9205ef,1777396668,0.31,3.0,yes,"{""count_fp"":""3.00"",""created_time"":""2026-04-28T17:17:48.403232Z"",""no_price_dollars"":""0.6900"",""taker_side"":""yes"",""ticker"":""KXETH15M-26APR281330-30"",""trade_id"":""75aec37b-ed6b-73ff-79d6-9935af9205ef"",""yes_price_dollars"":""0.3100""}"
KXETH15M-26APR281330-30,6ca40729-78bb-405f-3547-7b8d00935793,1777396671,0.29,15.86,yes,"{""count_fp"":""15.86"",""created_time"":""2026-04-28T17:17:51.531638Z"",""no_price_dollars"":""0.7100"",""taker_side"":""yes"",""ticker"":""KXETH15M-26APR281330-30"",""trade_id"":""6ca40729-78bb-405f-3547-7b8d00935793"",""yes_price_dollars"":""0.2900""}"
KXETH15M-26APR281330-30,8bb83084-750b-6db7-7bc6-40f4dc40a5bb,1777396673,0.28,30.0,yes,"{""count_fp"":""30.00"",""created_time"":""2026-04-28T17:17:53.091381Z"",""no_price_dollars"":""0.7200"",""taker_side"":""yes"",""ticker"":""KXETH15M-26APR281330-30"",""trade_id"":""8bb83084-750b-6db7-7bc6-40f4dc40a5bb"",""yes_price_dollars"":""0.2800""}"
KXETH15M-26APR281330-30,257b9dd4-12f6-6df9-432b-0b243b19da9b,1777396673,0.28,10.0,yes,"{""count_fp"":""10.00"",""created_time"":""2026-04-28T17:17:53.091381Z"",""no_price_dollars"":""0.7200"",""taker_side"":""yes"",""ticker"":""KXETH15M-26APR281330-30"",""trade_id"":""257b9dd4-12f6-6df9-432b-0b243b19da9b"",""yes_price_dollars"":""0.2800""}"
KXETH15M-26APR281330-30,be3d3952-f091-4769-52a6-a8a37e333bac,1777396677,0.26,68.0,no,"{""count_fp"":""68.00"",""created_time"":""2026-04-28T17:17:57.558064Z"",""no_price_dollars"":""0.7400"",""taker_side"":""no"",""ticker"":""KXETH15M-26APR281330-30"",""trade_id"":""be3d3952-f091-4769-52a6-a8a37e333bac"",""yes_price_dollars"":""0.2600""}"
KXETH15M-26APR281330-30,3c45e31d-f987-40eb-8ecc-f8fa2342667f,1777396679,0.24,7.65,yes,"{""count_fp"":""7.65"",""created_time"":""2026-04-28T17:17:59.484483Z"",""no_price_dollars"":""0.7600"",""taker_side"":""yes"",""ticker"":""KXETH15M-26APR281330-30"",""trade_id"":""3c45e31d-f987-40eb-8ecc-f8fa2342667f"",""yes_price_dollars"":""0.2400""}"
KXETH15M-26APR281330-30,053e6fad-c3bb-7fcf-5ad4-343cd1ce7907,1777396680,0.24,3.46,yes,"{""count_fp"":""3.46"",""created_time"":""2026-04-28T17:18:00.871119Z"",""no_price_dollars"":""0.7600"",""taker_side"":""yes"",""ticker"":""KXETH15M-26APR281330-30"",""trade_id"":""053e6fad-c3bb-7fcf-5ad4-343cd1ce7907"",""yes_price_dollars"":""0.2400""}"
KXETH15M-26APR281330-30,f703772a-5ec2-5629-ab4e-a212195d3d70,1777396680,0.22,20.0,no,"{""count_fp"":""20.00"",""created_time"":""2026-04-28T17:18:00.065087Z"",""no_price_dollars"":""0.7800"",""taker_side"":""no"",""ticker"":""KXETH15M-26APR281330-30"",""trade_id"":""f703772a-5ec2-5629-ab4e-a212195d3d70"",""yes_price_dollars"":""0.2200""}"
KXETH15M-26APR281330-30,318e9293-f412-62cd-6827-6469e51e3890,1777396680,0.22,10.0,no,"{""count_fp"":""10.00"",""created_time"":""2026-04-28T17:18:00.061212Z"",""no_price_dollars"":""0.7800"",""taker_side"":""no"",""ticker"":""KXETH15M-26APR281330-30"",""trade_id"":""318e9293-f412-62cd-6827-6469e51e3890"",""yes_price_dollars"":""0.2200""}"
KXETH15M-26APR281330-30,0676990d-1a97-66f3-4fa0-d69ad4d47e45,1777396680,0.22,10.0,no,"{""count_fp"":""10.00"",""created_time"":""2026-04-28T17:18:00.061212Z"",""no_price_dollars"":""0.7800"",""taker_side"":""no"",""ticker"":""KXETH15M-26APR281330-30"",""trade_id"":""0676990d-1a97-66f3-4fa0-d69ad4d47e45"",""yes_price_dollars"":""0.2200""}"
KXETH15M-26APR281330-30,fcaebb90-0abf-486b-b02e-22b32db31567,1777396681,0.24,88.89,yes,"{""count_fp"":""88.89"",""created_time"":""2026-04-28T17:18:01.009097Z"",""no_price_dollars"":""0.7600"",""taker_side"":""yes"",""ticker"":""KXETH15M-26APR281330-30"",""trade_id"":""fcaebb90-0abf-486b-b02e-22b32db31567"",""yes_price_dollars"":""0.2400""}"
KXETH15M-26APR281330-30,de2a0cde-638b-4733-502d-ba27290da5d1,1777396685,0.22,10.0,no,"{""count_fp"":""10.00"",""created_time"":""2026-04-28T17:18:05.638089Z"",""no_price_dollars"":""0.7800"",""taker_side"":""no"",""ticker"":""KXETH15M-26APR281330-30"",""trade_id"":""de2a0cde-638b-4733-502d-ba27290da5d1"",""yes_price_dollars"":""0.2200""}"
KXETH15M-26APR281330-30,36ef3823-d217-41d4-4b65-d94aeafa0b0a,1777396685,0.23,10.0,no,"{""count_fp"":""10.00"",""created_time"":""2026-04-28T17:18:05.638089Z"",""no_price_dollars"":""0.7700"",""taker_side"":""no"",""ticker"":""KXETH15M-26APR281330-30"",""trade_id"":""36ef3823-d217-41d4-4b65-d94aeafa0b0a"",""yes_price_dollars"":""0.2300""}"
KXETH15M-26APR281330-30,a37c63e8-62ea-7011-dbaf-1e1b43b61658,1777396686,0.23,1.0,no,"{""count_fp"":""1.00"",""created_time"":""2026-04-28T17:18:06.701021Z"",""no_price_dollars"":""0.7700"",""taker_side"":""no"",""ticker"":""KXETH15M-26APR281330-30"",""trade_id"":""a37c63e8-62ea-7011-dbaf-1e1b43b61658"",""yes_price_dollars"":""0.2300""}"
KXETH15M-26APR281330-30,fea2d0e3-d7c7-575a-0d9b-9f3df07956d0,1777396690,0.24,5.0,yes,"{""count_fp"":""5.00"",""created_time"":""2026-04-28T17:18:10.296959Z"",""no_price_dollars"":""0.7600"",""taker_side"":""yes"",""ticker"":""KXETH15M-26APR281330-30"",""trade_id"":""fea2d0e3-d7c7-575a-0d9b-9f3df07956d0"",""yes_price_dollars"":""0.2400""}"
KXETH15M-26APR281330-30,67adefea-8704-5ea3-35b9-52d49b50f8eb,1777396690,0.24,20.96,yes,"{""count_fp"":""20.96"",""created_time"":""2026-04-28T17:18:10.296959Z"",""no_price_dollars"":""0.7600"",""taker_side"":""yes"",""ticker"":""KXETH15M-26APR281330-30"",""trade_id"":""67adefea-8704-5ea3-35b9-52d49b50f8eb"",""yes_price_dollars"":""0.2400""}"
KXETH15M-26APR281330-30,ad2ce140-77e0-78fb-c77e-f6ee82fc57c7,1777396691,0.23,3.95,yes,"{""count_fp"":""3.95"",""created_time"":""2026-04-28T17:18:11.199658Z"",""no_price_dollars"":""0.7700"",""taker_side"":""yes"",""ticker"":""KXETH15M-26APR281330-30"",""trade_id"":""ad2ce140-77e0-78fb-c77e-f6ee82fc57c7"",""yes_price_dollars"":""0.2300""}"
KXETH15M-26APR281330-30,2b93cfd6-b260-535b-6a93-5f0cf65aa917,1777396691,0.24,2.0,yes,"{""count_fp"":""2.00"",""created_time"":""2026-04-28T17:18:11.023069Z"",""no_price_dollars"":""0.7600"",""taker_side"":""yes"",""ticker"":""KXETH15M-26APR281330-30"",""trade_id"":""2b93cfd6-b260-535b-6a93-5f0cf65aa917"",""yes_price_dollars"":""0.2400""}"
KXETH15M-26APR281330-30,702cc351-68b0-7a3f-4d39-e9494b4b0a6f,1777396695,0.23,0.61,yes,"{""count_fp"":""0.61"",""created_time"":""2026-04-28T17:18:15.333067Z"",""no_price_dollars"":""0.7700"",""taker_side"":""yes"",""ticker"":""KXETH15M-26APR281330-30"",""trade_id"":""702cc351-68b0-7a3f-4d39-e9494b4b0a6f"",""yes_price_dollars"":""0.2300""}"
KXETH15M-26APR281330-30,a809c39b-0c2c-55d7-81ab-305afcca1a8f,1777396699,0.23,98.98,yes,"{""count_fp"":""98.98"",""created_time"":""2026-04-28T17:18:19.551377Z"",""no_price_dollars"":""0.7700"",""taker_side"":""yes"",""ticker"":""KXETH15M-26APR281330-30"",""trade_id"":""a809c39b-0c2c-55d7-81ab-305afcca1a8f"",""yes_price_dollars"":""0.2300""}"
KXETH15M-26APR281330-30,7155223d-ba44-7faf-e5e1-f37a15d0185f,1777396699,0.23,0.41,yes,"{""count_fp"":""0.41"",""created_time"":""2026-04-28T17:18:19.523805Z"",""no_price_dollars"":""0.7700"",""taker_side"":""yes"",""ticker"":""KXETH15M-26APR281330-30"",""trade_id"":""7155223d-ba44-7faf-e5e1-f37a15d0185f"",""yes_price_dollars"":""0.2300""}"
KXETH15M-26APR281330-30,dcfde85c-6105-7beb-da2e-8224068c6b7a,1777396700,0.24,5.0,yes,"{""count_fp"":""5.00"",""created_time"":""2026-04-28T17:18:20.344982Z"",""no_price_dollars"":""0.7600"",""taker_side"":""yes"",""ticker"":""KXETH15M-26APR281330-30"",""trade_id"":""dcfde85c-6105-7beb-da2e-8224068c6b7a"",""yes_price_dollars"":""0.2400""}"
KXETH15M-26APR281330-30,4fd3d9f7-b5be-7bfb-cd03-6e57f0ce40f9,1777396700,0.24,5.0,yes,"{""count_fp"":""5.00"",""created_time"":""2026-04-28T17:18:20.344982Z"",""no_price_dollars"":""0.7600"",""taker_side"":""yes"",""ticker"":""KXETH15M-26APR281330-30"",""trade_id"":""4fd3d9f7-b5be-7bfb-cd03-6e57f0ce40f9"",""yes_price_dollars"":""0.2400""}"
KXETH15M-26APR281330-30,bd0c576c-ee30-4038-ae0f-0a1a8f59bcab,1777396705,0.25,5.0,yes,"{""count_fp"":""5.00"",""created_time"":""2026-04-28T17:18:25.980993Z"",""no_price_dollars"":""0.7500"",""taker_side"":""yes"",""ticker"":""KXETH15M-26APR281330-30"",""trade_id"":""bd0c576c-ee30-4038-ae0f-0a1a8f59bcab"",""yes_price_dollars"":""0.2500""}"
KXETH15M-26APR281330-30,b59db653-3c2d-428d-ad79-22b4af8da6e4,1777396705,0.25,1.0,yes,"{""count_fp"":""1.00"",""created_time"":""2026-04-28T17:18:25.980993Z"",""no_price_dollars"":""0.7500"",""taker_side"":""yes"",""ticker"":""KXETH15M-26APR281330-30"",""trade_id"":""b59db653-3c2d-428d-ad79-22b4af8da6e4"",""yes_price_dollars"":""0.2500""}"
KXETH15M-26APR281330-30,22b0829c-ef91-7929-8f77-b60d70e7300b,1777396711,0.25,6.55,no,"{""count_fp"":""6.55"",""created_time"":""2026-04-28T17:18:31.884733Z"",""no_price_dollars"":""0.7500"",""taker_side"":""no"",""ticker"":""KXETH15M-26APR281330-30"",""trade_id"":""22b0829c-ef91-7929-8f77-b60d70e7300b"",""yes_price_dollars"":""0.2500""}"
KXETH15M-26APR281330-30,c11c7a62-306d-75c1-e208-f5a0b4230ce3,1777396712,0.25,1.0,no,"{""count_fp"":""1.00"",""created_time"":""2026-04-28T17:18:32.832896Z"",""no_price_dollars"":""0.7500"",""taker_side"":""no"",""ticker"":""KXETH15M-26APR281330-30"",""trade_id"":""c11c7a62-306d-75c1-e208-f5a0b4230ce3"",""yes_price_dollars"":""0.2500""}"
KXETH15M-26APR281330-30,cb9d8750-94ef-725d-61ac-2b421af49778,1777396718,0.26,10.0,yes,"{""count_fp"":""10.00"",""created_time"":""2026-04-28T17:18:38.924075Z"",""no_price_dollars"":""0.7400"",""taker_side"":""yes"",""ticker"":""KXETH15M-26APR281330-30"",""trade_id"":""cb9d8750-94ef-725d-61ac-2b421af49778"",""yes_price_dollars"":""0.2600""}"
KXETH15M-26APR281330-30,bf0fff8d-b0f7-41ee-a1f9-c6a8c4cdd6bc,1777396719,0.27,5.0,yes,"{""count_fp"":""5.00"",""created_time"":""2026-04-28T17:18:39.861381Z"",""no_price_dollars"":""0.7300"",""taker_side"":""yes"",""ticker"":""KXETH15M-26APR281330-30"",""trade_id"":""bf0fff8d-b0f7-41ee-a1f9-c6a8c4cdd6bc"",""yes_price_dollars"":""0.2700""}"
KXETH15M-26APR281330-30,27cda016-e517-4bd9-beb0-57ab4e81008c,1777396719,0.27,2.04,yes,"{""count_fp"":""2.04"",""created_time"":""2026-04-28T17:18:39.861381Z"",""no_price_dollars"":""0.7300"",""taker_side"":""yes"",""ticker"":""KXETH15M-26APR281330-30"",""trade_id"":""27cda016-e517-4bd9-beb0-57ab4e81008c"",""yes_price_dollars"":""0.2700""}"
KXETH15M-26APR281330-30,8a096453-eb31-59d5-a94c-a96f95c0999f,1777396720,0.25,61.45,no,"{""count_fp"":""61.45"",""created_time"":""2026-04-28T17:18:40.176209Z"",""no_price_dollars"":""0.7500"",""taker_side"":""no"",""ticker"":""KXETH15M-26APR281330-30"",""trade_id"":""8a096453-eb31-59d5-a94c-a96f95c0999f"",""yes_price_dollars"":""0.2500""}"
KXETH15M-26APR281330-30,7ded9f0f-b307-5b7d-b4ff-c14404275a44,1777396720,0.26,10.0,no,"{""count_fp"":""10.00"",""created_time"":""2026-04-28T17:18:40.176209Z"",""no_price_dollars"":""0.7400"",""taker_side"":""no"",""ticker"":""KXETH15M-26APR281330-30"",""trade_id"":""7ded9f0f-b307-5b7d-b4ff-c14404275a44"",""yes_price_dollars"":""0.2600""}"
KXETH15M-26APR281330-30,6993005f-500d-5b23-ae2b-0467501bebca,1777396720,0.24,0.55,no,"{""count_fp"":""0.55"",""created_time"":""2026-04-28T17:18:40.176209Z"",""no_price_dollars"":""0.7600"",""taker_side"":""no"",""ticker"":""KXETH15M-26APR281330-30"",""trade_id"":""6993005f-500d-5b23-ae2b-0467501bebca"",""yes_price_dollars"":""0.2400""}"
KXETH15M-26APR281330-30,12495d56-3d63-4711-1151-49fbcf905a90,1777396721,0.26,10.0,yes,"{""count_fp"":""10.00"",""created_time"":""2026-04-28T17:18:41.061265Z"",""no_price_dollars"":""0.7400"",""taker_side"":""yes"",""ticker"":""KXETH15M-26APR281330-30"",""trade_id"":""12495d56-3d63-4711-1151-49fbcf905a90"",""yes_price_dollars"":""0.2600""}"
KXETH15M-26APR281330-30,6935ea5f-7ae1-61f3-6217-a3a8d808653e,1777396733,0.24,1.27,no,"{""count_fp"":""1.27"",""created_time"":""2026-04-28T17:18:53.092316Z"",""no_price_dollars"":""0.7600"",""taker_side"":""no"",""ticker"":""KXETH15M-26APR281330-30"",""trade_id"":""6935ea5f-7ae1-61f3-6217-a3a8d808653e"",""yes_price_dollars"":""0.2400""}"
KXETH15M-26APR281330-30,ee8e59de-aae1-701f-d0a9-5fe38cc1f3e2,1777396738,0.24,6.47,no,"{""count_fp"":""6.47"",""created_time"":""2026-04-28T17:18:58.329861Z"",""no_price_dollars"":""0.7600"",""taker_side"":""no"",""ticker"":""KXETH15M-26APR281330-30"",""trade_id"":""ee8e59de-aae1-701f-d0a9-5fe38cc1f3e2"",""yes_price_dollars"":""0.2400""}"
KXETH15M-26APR281330-30,a89f2742-98ed-4303-b8f1-e72db80b993e,1777396741,0.24,12.94,no,"{""count_fp"":""12.94"",""created_time"":""2026-04-28T17:19:01.485854Z"",""no_price_dollars"":""0.7600"",""taker_side"":""no"",""ticker"":""KXETH15M-26APR281330-30"",""trade_id"":""a89f2742-98ed-4303-b8f1-e72db80b993e"",""yes_price_dollars"":""0.2400""}"
KXETH15M-26APR281330-30,3194d8f9-bbf1-68a7-dc5b-582a8846f20a,1777396741,0.24,20.0,no,"{""count_fp"":""20.00"",""created_time"":""2026-04-28T17:19:01.440285Z"",""no_price_dollars"":""0.7600"",""taker_side"":""no"",""ticker"":""KXETH15M-26APR281330-30"",""trade_id"":""3194d8f9-bbf1-68a7-dc5b-582a8846f20a"",""yes_price_dollars"":""0.2400""}"
KXETH15M-26APR281330-30,c1c76e3e-16b1-7d73-ce3a-9773e6c9093e,1777396741,0.24,20.0,no,"{""count_fp"":""20.00"",""created_time"":""2026-04-28T17:19:01.435085Z"",""no_price_dollars"":""0.7600"",""taker_side"":""no"",""ticker"":""KXETH15M-26APR281330-30"",""trade_id"":""c1c76e3e-16b1-7d73-ce3a-9773e6c9093e"",""yes_price_dollars"":""0.2400""}"
KXETH15M-26APR281330-30,fea68e0b-54c7-4ea9-1f49-d740988e47c4,1777396749,0.24,39.0,yes,"{""count_fp"":""39.00"",""created_time"":""2026-04-28T17:19:09.206559Z"",""no_price_dollars"":""0.7600"",""taker_side"":""yes"",""ticker"":""KXETH15M-26APR281330-30"",""trade_id"":""fea68e0b-54c7-4ea9-1f49-d740988e47c4"",""yes_price_dollars"":""0.2400""}"
KXETH15M-26APR281330-30,8e96fc69-e367-5001-335c-9be97ff620d4,1777396753,0.25,19.0,yes,"{""count_fp"":""19.00"",""created_time"":""2026-04-28T17:19:13.369244Z"",""no_price_dollars"":""0.7500"",""taker_side"":""yes"",""ticker"":""KXETH15M-26APR281330-30"",""trade_id"":""8e96fc69-e367-5001-335c-9be97ff620d4"",""yes_price_dollars"":""0.2500""}"
KXETH15M-26APR281330-30,ebfe51bb-cede-76c8-007d-b48094e4f2a4,1777396771,0.19,5.0,no,"{""count_fp"":""5.00"",""created_time"":""2026-04-28T17:19:31.461277Z"",""no_price_dollars"":""0.8100"",""taker_side"":""no"",""ticker"":""KXETH15M-26APR281330-30"",""trade_id"":""ebfe51bb-cede-76c8-007d-b48094e4f2a4"",""yes_price_dollars"":""0.1900""}"
KXETH15M-26APR281330-30,3e446802-dd6d-70b1-00c8-b3a31984ed19,1777396771,0.21,5.0,no,"{""count_fp"":""5.00"",""created_time"":""2026-04-28T17:19:31.461277Z"",""no_price_dollars"":""0.7900"",""taker_side"":""no"",""ticker"":""KXETH15M-26APR281330-30"",""trade_id"":""3e446802-dd6d-70b1-00c8-b3a31984ed19"",""yes_price_dollars"":""0.2100""}"
KXETH15M-26APR281330-30,b79b6868-7ddf-4a21-0270-13107b3cd348,1777396781,0.2,14.2,yes,"{""count_fp"":""14.20"",""created_time"":""2026-04-28T17:19:41.207054Z"",""no_price_dollars"":""0.8000"",""taker_side"":""yes"",""ticker"":""KXETH15M-26APR281330-30"",""trade_id"":""b79b6868-7ddf-4a21-0270-13107b3cd348"",""yes_price_dollars"":""0.2000""}"
KXETH15M-26APR281330-30,cee5df0c-ab3c-5529-824a-f1962baa592a,1777396785,0.19,5.0,no,"{""count_fp"":""5.00"",""created_time"":""2026-04-28T17:19:45.086389Z"",""no_price_dollars"":""0.8100"",""taker_side"":""no"",""ticker"":""KXETH15M-26APR281330-30"",""trade_id"":""cee5df0c-ab3c-5529-824a-f1962baa592a"",""yes_price_dollars"":""0.1900""}"
KXETH15M-26APR281330-30,dde65475-43cf-4834-2a3e-a3e6f8183920,1777396788,0.19,10.0,yes,"{""count_fp"":""10.00"",""created_time"":""2026-04-28T17:19:48.136418Z"",""no_price_dollars"":""0.8100"",""taker_side"":""yes"",""ticker"":""KXETH15M-26APR281330-30"",""trade_id"":""dde65475-43cf-4834-2a3e-a3e6f8183920"",""yes_price_dollars"":""0.1900""}"
KXETH15M-26APR281330-30,9ac78836-3083-64a1-2c0f-379cde12faf0,1777396797,0.18,3.0,yes,"{""count_fp"":""3.00"",""created_time"":""2026-04-28T17:19:57.943209Z"",""no_price_dollars"":""0.8200"",""taker_side"":""yes"",""ticker"":""KXETH15M-26APR281330-30"",""trade_id"":""9ac78836-3083-64a1-2c0f-379cde12faf0"",""yes_price_dollars"":""0.1800""}"
KXETH15M-26APR281330-30,80b650f7-3c79-51a9-d52b-e418fc3e6717,1777396799,0.19,4.98,yes,"{""count_fp"":""4.98"",""created_time"":""2026-04-28T17:19:59.113652Z"",""no_price_dollars"":""0.8100"",""taker_side"":""yes"",""ticker"":""KXETH15M-26APR281330-30"",""trade_id"":""80b650f7-3c79-51a9-d52b-e418fc3e6717"",""yes_price_dollars"":""0.1900""}"
KXETH15M-26APR281330-30,ba827c17-f8f3-795c-0197-916e6b2d1d06,1777396800,0.17,1.0,no,"{""count_fp"":""1.00"",""created_time"":""2026-04-28T17:20:00.838163Z"",""no_price_dollars"":""0.8300"",""taker_side"":""no"",""ticker"":""KXETH15M-26APR281330-30"",""trade_id"":""ba827c17-f8f3-795c-0197-916e6b2d1d06"",""yes_price_dollars"":""0.1700""}"
KXETH15M-26APR281330-30,8fcea000-3acd-7271-3d57-541295f313a3,1777396800,0.17,7.0,no,"{""count_fp"":""7.00"",""created_time"":""2026-04-28T17:20:00.838163Z"",""no_price_dollars"":""0.8300"",""taker_side"":""no"",""ticker"":""KXETH15M-26APR281330-30"",""trade_id"":""8fcea000-3acd-7271-3d57-541295f313a3"",""yes_price_dollars"":""0.1700""}"
KXETH15M-26APR281330-30,8cef20d4-4ac5-5be7-bb79-aaee1b62f0de,1777396802,0.17,1.0,no,"{""count_fp"":""1.00"",""created_time"":""2026-04-28T17:20:02.530304Z"",""no_price_dollars"":""0.8300"",""taker_side"":""no"",""ticker"":""KXETH15M-26APR281330-30"",""trade_id"":""8cef20d4-4ac5-5be7-bb79-aaee1b62f0de"",""yes_price_dollars"":""0.1700""}"
KXETH15M-26APR281330-30,11b0baba-aaf5-6f43-af2c-8c21add1aca2,1777396806,0.17,10.0,no,"{""count_fp"":""10.00"",""created_time"":""2026-04-28T17:20:06.756032Z"",""no_price_dollars"":""0.8300"",""taker_side"":""no"",""ticker"":""KXETH15M-26APR281330-30"",""trade_id"":""11b0baba-aaf5-6f43-af2c-8c21add1aca2"",""yes_price_dollars"":""0.1700""}"
KXETH15M-26APR281330-30,c174b560-f106-51f5-1d15-908d41cd4863,1777396811,0.19,1.0,yes,"{""count_fp"":""1.00"",""created_time"":""2026-04-28T17:20:11.850181Z"",""no_price_dollars"":""0.8100"",""taker_side"":""yes"",""ticker"":""KXETH15M-26APR281330-30"",""trade_id"":""c174b560-f106-51f5-1d15-908d41cd4863"",""yes_price_dollars"":""0.1900""}"
KXETH15M-26APR281330-30,6635dd52-5eff-71a5-847f-b88914768cf0,1777396813,0.19,45.12,yes,"{""count_fp"":""45.12"",""created_time"":""2026-04-28T17:20:13.916681Z"",""no_price_dollars"":""0.8100"",""taker_side"":""yes"",""ticker"":""KXETH15M-26APR281330-30"",""trade_id"":""6635dd52-5eff-71a5-847f-b88914768cf0"",""yes_price_dollars"":""0.1900""}"
KXETH15M-26APR281330-30,67a34029-7a89-5bab-7002-b1d7ba96e3da,1777396815,0.17,3.0,no,"{""count_fp"":""3.00"",""created_time"":""2026-04-28T17:20:15.606505Z"",""no_price_dollars"":""0.8300"",""taker_side"":""no"",""ticker"":""KXETH15M-26APR281330-30"",""trade_id"":""67a34029-7a89-5bab-7002-b1d7ba96e3da"",""yes_price_dollars"":""0.1700""}"
KXETH15M-26APR281330-30,c107ee0d-cf99-5777-38d9-aebdcc90da6e,1777396816,0.17,0.56,no,"{""count_fp"":""0.56"",""created_time"":""2026-04-28T17:20:16.906105Z"",""no_price_dollars"":""0.8300"",""taker_side"":""no"",""ticker"":""KXETH15M-26APR281330-30"",""trade_id"":""c107ee0d-cf99-5777-38d9-aebdcc90da6e"",""yes_price_dollars"":""0.1700""}"
KXETH15M-26APR281330-30,9248931b-3e15-4a45-6ca4-4256a9d32318,1777396816,0.2,10.0,yes,"{""count_fp"":""10.00"",""created_time"":""2026-04-28T17:20:16.242991Z"",""no_price_dollars"":""0.8000"",""taker_side"":""yes"",""ticker"":""KXETH15M-26APR281330-30"",""trade_id"":""9248931b-3e15-4a45-6ca4-4256a9d32318"",""yes_price_dollars"":""0.2000""}"
KXETH15M-26APR281330-30,7258845c-1630-4dcb-7bfb-5abc1c16e358,1777396816,0.22,4.0,yes,"{""count_fp"":""4.00"",""created_time"":""2026-04-28T17:20:16.242991Z"",""no_price_dollars"":""0.7800"",""taker_side"":""yes"",""ticker"":""KXETH15M-26APR281330-30"",""trade_id"":""7258845c-1630-4dcb-7bfb-5abc1c16e358"",""yes_price_dollars"":""0.2200""}"
KXETH15M-26APR281330-30,6489b233-82a1-464c-6c4b-9a84fd60eb52,1777396816,0.23,1.0,yes,"{""count_fp"":""1.00"",""created_time"":""2026-04-28T17:20:16.242991Z"",""no_price_dollars"":""0.7700"",""taker_side"":""yes"",""ticker"":""KXETH15M-26APR281330-30"",""trade_id"":""6489b233-82a1-464c-6c4b-9a84fd60eb52"",""yes_price_dollars"":""0.2300""}"
KXETH15M-26APR281330-30,59f1b223-b228-4e18-50e4-518235c58b2e,1777396816,0.21,20.0,yes,"{""count_fp"":""20.00"",""created_time"":""2026-04-28T17:20:16.242991Z"",""no_price_dollars"":""0.7900"",""taker_side"":""yes"",""ticker"":""KXETH15M-26APR281330-30"",""trade_id"":""59f1b223-b228-4e18-50e4-518235c58b2e"",""yes_price_dollars"":""0.2100""}"
KXETH15M-26APR281330-30,3e1ac80c-63f7-4e2a-4e74-f126421bd1ef,1777396816,0.2,100.0,yes,"{""count_fp"":""100.00"",""created_time"":""2026-04-28T17:20:16.242991Z"",""no_price_dollars"":""0.8000"",""taker_side"":""yes"",""ticker"":""KXETH15M-26APR281330-30"",""trade_id"":""3e1ac80c-63f7-4e2a-4e74-f126421bd1ef"",""yes_price_dollars"":""0.2000""}"
KXETH15M-26APR281330-30,3d05210c-ebb0-4aba-6c93-e1ea2a4f6dbb,1777396816,0.21,5.0,yes,"{""count_fp"":""5.00"",""created_time"":""2026-04-28T17:20:16.242991Z"",""no_price_dollars"":""0.7900"",""taker_side"":""yes"",""ticker"":""KXETH15M-26APR281330-30"",""trade_id"":""3d05210c-ebb0-4aba-6c93-e1ea2a4f6dbb"",""yes_price_dollars"":""0.2100""}"
KXETH15M-26APR281330-30,3d018f7f-e932-426b-50d8-653be1f2a25e,1777396816,0.24,255.0,yes,"{""count_fp"":""255.00"",""created_time"":""2026-04-28T17:20:16.242991Z"",""no_price_dollars"":""0.7600"",""taker_side"":""yes"",""ticker"":""KXETH15M-26APR281330-30"",""trade_id"":""3d018f7f-e932-426b-50d8-653be1f2a25e"",""yes_price_dollars"":""0.2400""}"
KXETH15M-26APR281330-30,3b73c5ea-1db9-4ded-64fa-bf58e5d13cc8,1777396816,0.22,10.0,yes,"{""count_fp"":""10.00"",""created_time"":""2026-04-28T17:20:16.242991Z"",""no_price_dollars"":""0.7800"",""taker_side"":""yes"",""ticker"":""KXETH15M-26APR281330-30"",""trade_id"":""3b73c5ea-1db9-4ded-64fa-bf58e5d13cc8"",""yes_price_dollars"":""0.2200""}"
KXETH15M-26APR281330-30,f442bbc8-8cde-5bc3-0f85-9bff566888ac,1777396820,0.21,9.02,yes,"{""count_fp"":""9.02"",""created_time"":""2026-04-28T17:20:20.824227Z"",""no_price_dollars"":""0.7900"",""taker_side"":""yes"",""ticker"":""KXETH15M-26APR281330-30"",""trade_id"":""f442bbc8-8cde-5bc3-0f85-9bff566888ac"",""yes_price_dollars"":""0.2100""}"
KXETH15M-26APR281330-30,4af1c9f9-2896-5def-0672-a6ddd96218ac,1777396825,0.19,0.67,yes,"{""count_fp"":""0.67"",""created_time"":""2026-04-28T17:20:25.248243Z"",""no_price_dollars"":""0.8100"",""taker_side"":""yes"",""ticker"":""KXETH15M-26APR281330-30"",""trade_id"":""4af1c9f9-2896-5def-0672-a6ddd96218ac"",""yes_price_dollars"":""0.1900""}"
KXETH15M-26APR281330-30,426a0178-adee-57cf-8e9c-76409ef240d4,1777396825,0.19,1.09,yes,"{""count_fp"":""1.09"",""created_time"":""2026-04-28T17:20:25.112069Z"",""no_price_dollars"":""0.8100"",""taker_side"":""yes"",""ticker"":""KXETH15M-26APR281330-30"",""trade_id"":""426a0178-adee-57cf-8e9c-76409ef240d4"",""yes_price_dollars"":""0.1900""}"
KXETH15M-26APR281330-30,a74b2cc5-3fbb-58d7-cb84-3f2d9c8bd4dc,1777396840,0.29,2.0,yes,"{""count_fp"":""2.00"",""created_time"":""2026-04-28T17:20:40.922022Z"",""no_price_dollars"":""0.7100"",""taker_side"":""yes"",""ticker"":""KXETH15M-26APR281330-30"",""trade_id"":""a74b2cc5-3fbb-58d7-cb84-3f2d9c8bd4dc"",""yes_price_dollars"":""0.2900""}"
KXETH15M-26APR281330-30,2b2fd70d-d2e4-67c4-d3b9-322f4d8ebf2a,1777396840,0.28,95.0,yes,"{""count_fp"":""95.00"",""created_time"":""2026-04-28T17:20:40.901918Z"",""no_price_dollars"":""0.7200"",""taker_side"":""yes"",""ticker"":""KXETH15M-26APR281330-30"",""trade_id"":""2b2fd70d-d2e4-67c4-d3b9-322f4d8ebf2a"",""yes_price_dollars"":""0.2800""}"
KXETH15M-26APR281330-30,55e3930f-e2e0-409c-1f83-119a7df30c1a,1777396840,0.28,121.0,yes,"{""count_fp"":""121.00"",""created_time"":""2026-04-28T17:20:40.884452Z"",""no_price_dollars"":""0.7200"",""taker_side"":""yes"",""ticker"":""KXETH15M-26APR281330-30"",""trade_id"":""55e3930f-e2e0-409c-1f83-119a7df30c1a"",""yes_price_dollars"":""0.2800""}"
KXETH15M-26APR281330-30,44677e2a-1167-7c57-831c-44e787c795ec,1777396840,0.26,10.0,yes,"{""count_fp"":""10.00"",""created_time"":""2026-04-28T17:20:40.864478Z"",""no_price_dollars"":""0.7400"",""taker_side"":""yes"",""ticker"":""KXETH15M-26APR281330-30"",""trade_id"":""44677e2a-1167-7c57-831c-44e787c795ec"",""yes_price_dollars"":""0.2600""}"
KXETH15M-26APR281330-30,06ec3206-4ca5-75e9-82fb-77bb26b4207d,1777396840,0.26,10.0,yes,"{""count_fp"":""10.00"",""created_time"":""2026-04-28T17:20:40.864478Z"",""no_price_dollars"":""0.7400"",""taker_side"":""yes"",""ticker"":""KXETH15M-26APR281330-30"",""trade_id"":""06ec3206-4ca5-75e9-82fb-77bb26b4207d"",""yes_price_dollars"":""0.2600""}"
KXETH15M-26APR281330-30,90ce1da6-c510-5180-3a96-dd4029d2f93c,1777396840,0.25,1.0,yes,"{""count_fp"":""1.00"",""created_time"":""2026-04-28T17:20:40.846203Z"",""no_price_dollars"":""0.7500"",""taker_side"":""yes"",""ticker"":""KXETH15M-26APR281330-30"",""trade_id"":""90ce1da6-c510-5180-3a96-dd4029d2f93c"",""yes_price_dollars"":""0.2500""}"
KXETH15M-26APR281330-30,4cb2da54-34a0-5a7f-3c75-7bffb0ff5009,1777396840,0.25,0.2,yes,"{""count_fp"":""0.20"",""created_time"":""2026-04-28T17:20:40.846203Z"",""no_price_dollars"":""0.7500"",""taker_side"":""yes"",""ticker"":""KXETH15M-26APR281330-30"",""trade_id"":""4cb2da54-34a0-5a7f-3c75-7bffb0ff5009"",""yes_price_dollars"":""0.2500""}"
KXETH15M-26APR281330-30,d8deb0e2-acf4-6b49-18af-3a3d6a1211c3,1777396840,0.22,20.0,yes,"{""count_fp"":""20.00"",""created_time"":""2026-04-28T17:20:40.811981Z"",""no_price_dollars"":""0.7800"",""taker_side"":""yes"",""ticker"":""KXETH15M-26APR281330-30"",""trade_id"":""d8deb0e2-acf4-6b49-18af-3a3d6a1211c3"",""yes_price_dollars"":""0.2200""}"
KXETH15M-26APR281330-30,d36c6875-bb9f-75a3-a8fc-8363d2aa6e45,1777396840,0.2,20.0,yes,"{""count_fp"":""20.00"",""created_time"":""2026-04-28T17:20:40.327661Z"",""no_price_dollars"":""0.8000"",""taker_side"":""yes"",""ticker"":""KXETH15M-26APR281330-30"",""trade_id"":""d36c6875-bb9f-75a3-a8fc-8363d2aa6e45"",""yes_price_dollars"":""0.2000""}"
KXETH15M-26APR281330-30,43ac1e6a-ceee-4aa9-cbd9-c2747f2f37ca,1777396845,0.28,1.0,no,"{""count_fp"":""1.00"",""created_time"":""2026-04-28T17:20:45.962334Z"",""no_price_dollars"":""0.7200"",""taker_side"":""no"",""ticker"":""KXETH15M-26APR281330-30"",""trade_id"":""43ac1e6a-ceee-4aa9-cbd9-c2747f2f37ca"",""yes_price_dollars"":""0.2800""}"
KXETH15M-26APR281330-30,3b8ee7d6-5a5f-6905-6a02-5532898e68fc,1777396846,0.25,1.0,no,"{""count_fp"":""1.00"",""created_time"":""2026-04-28T17:20:46.441578Z"",""no_price_dollars"":""0.7500"",""taker_side"":""no"",""ticker"":""KXETH15M-26APR281330-30"",""trade_id"":""3b8ee7d6-5a5f-6905-6a02-5532898e68fc"",""yes_price_dollars"":""0.2500""}"
KXETH15M-26APR281330-30,a162a2e9-c96d-45c7-8388-f6ea8657a91e,1777396852,0.26,1.0,yes,"{""count_fp"":""1.00"",""created_time"":""2026-04-28T17:20:52.656521Z"",""no_price_dollars"":""0.7400"",""taker_side"":""yes"",""ticker"":""KXETH15M-26APR281330-30"",""trade_id"":""a162a2e9-c96d-45c7-8388-f6ea8657a91e"",""yes_price_dollars"":""0.2600""}"
KXETH15M-26APR281330-30,81cfcd45-5649-4ccb-26a5-9a4c98d5653e,1777396854,0.26,0.54,yes,"{""count_fp"":""0.54"",""created_time"":""2026-04-28T17:20:54.148803Z"",""no_price_dollars"":""0.7400"",""taker_side"":""yes"",""ticker"":""KXETH15M-26APR281330-30"",""trade_id"":""81cfcd45-5649-4ccb-26a5-9a4c98d5653e"",""yes_price_dollars"":""0.2600""}"
KXETH15M-26APR281330-30,a10c2f67-1367-56e1-abfe-e7a2bc6afb68,1777396859,0.25,1.0,no,"{""count_fp"":""1.00"",""created_time"":""2026-04-28T17:20:59.671443Z"",""no_price_dollars"":""0.7500"",""taker_side"":""no"",""ticker"":""KXETH15M-26APR281330-30"",""trade_id"":""a10c2f67-1367-56e1-abfe-e7a2bc6afb68"",""yes_price_dollars"":""0.2500""}"
KXETH15M-26APR281330-30,cba7bb72-e313-7322-9243-298e003c7285,1777396860,0.25,12.0,no,"{""count_fp"":""12.00"",""created_time"":""2026-04-28T17:21:00.433674Z"",""no_price_dollars"":""0.7500"",""taker_side"":""no"",""ticker"":""KXETH15M-26APR281330-30"",""trade_id"":""cba7bb72-e313-7322-9243-298e003c7285"",""yes_price_dollars"":""0.2500""}"
KXETH15M-26APR281330-30,5eb8f65b-11de-7647-42ec-05a99db7b728,1777396866,0.26,18.0,yes,"{""count_fp"":""18.00"",""created_time"":""2026-04-28T17:21:06.599987Z"",""no_price_dollars"":""0.7400"",""taker_side"":""yes"",""ticker"":""KXETH15M-26APR281330-30"",""trade_id"":""5eb8f65b-11de-7647-42ec-05a99db7b728"",""yes_price_dollars"":""0.2600""}"
KXETH15M-26APR281330-30,d2f04c45-6712-7de9-ff7f-295d01d249e8,1777396867,0.25,9.0,no,"{""count_fp"":""9.00"",""created_time"":""2026-04-28T17:21:07.525852Z"",""no_price_dollars"":""0.7500"",""taker_side"":""no"",""ticker"":""KXETH15M-26APR281330-30"",""trade_id"":""d2f04c45-6712-7de9-ff7f-295d01d249e8"",""yes_price_dollars"":""0.2500""}"
KXETH15M-26APR281330-30,401eaafc-9033-6b1d-e9dc-4f17995d6a6c,1777396880,0.26,1.09,no,"{""count_fp"":""1.09"",""created_time"":""2026-04-28T17:21:20.100463Z"",""no_price_dollars"":""0.7400"",""taker_side"":""no"",""ticker"":""KXETH15M-26APR281330-30"",""trade_id"":""401eaafc-9033-6b1d-e9dc-4f17995d6a6c"",""yes_price_dollars"":""0.2600""}"
KXETH15M-26APR281330-30,375c9dd5-a7c7-7b2d-3514-51d55f4f88ec,1777396881,0.26,1.0,no,"{""count_fp"":""1.00"",""created_time"":""2026-04-28T17:21:21.791558Z"",""no_price_dollars"":""0.7400"",""taker_side"":""no"",""ticker"":""KXETH15M-26APR281330-30"",""trade_id"":""375c9dd5-a7c7-7b2d-3514-51d55f4f88ec"",""yes_price_dollars"":""0.2600""}"
KXETH15M-26APR281330-30,cbc0d5e9-543a-77f7-be93-1f5a057f8654,1777396894,0.27,76.52,yes,"{""count_fp"":""76.52"",""created_time"":""2026-04-28T17:21:34.895025Z"",""no_price_dollars"":""0.7300"",""taker_side"":""yes"",""ticker"":""KXETH15M-26APR281330-30"",""trade_id"":""cbc0d5e9-543a-77f7-be93-1f5a057f8654"",""yes_price_dollars"":""0.2700""}"
KXETH15M-26APR281330-30,202c0652-6928-7474-87a6-fa2bd7b872b2,1777396894,0.27,1.0,yes,"{""count_fp"":""1.00"",""created_time"":""2026-04-28T17:21:34.895025Z"",""no_price_dollars"":""0.7300"",""taker_side"":""yes"",""ticker"":""KXETH15M-26APR281330-30"",""trade_id"":""202c0652-6928-7474-87a6-fa2bd7b872b2"",""yes_price_dollars"":""0.2700""}"
KXETH15M-26APR281330-30,b463fda4-724e-6f02-513c-ddd10b87fcfa,1777396900,0.25,100.0,yes,"{""count_fp"":""100.00"",""created_time"":""2026-04-28T17:21:40.878444Z"",""no_price_dollars"":""0.7500"",""taker_side"":""yes"",""ticker"":""KXETH15M-26APR281330-30"",""trade_id"":""b463fda4-724e-6f02-513c-ddd10b87fcfa"",""yes_price_dollars"":""0.2500""}"
KXETH15M-26APR281330-30,ef58c96f-1d67-74d5-7ba3-7edda7a5bc6c,1777396901,0.24,0.28,no,"{""count_fp"":""0.28"",""created_time"":""2026-04-28T17:21:41.831732Z"",""no_price_dollars"":""0.7600"",""taker_side"":""no"",""ticker"":""KXETH15M-26APR281330-30"",""trade_id"":""ef58c96f-1d67-74d5-7ba3-7edda7a5bc6c"",""yes_price_dollars"":""0.2400""}"
KXETH15M-26APR281330-30,a459b3b1-c1d0-484a-7b3b-170a8486d964,1777396901,0.26,10.0,yes,"{""count_fp"":""10.00"",""created_time"":""2026-04-28T17:21:41.104432Z"",""no_price_dollars"":""0.7400"",""taker_side"":""yes"",""ticker"":""KXETH15M-26APR281330-30"",""trade_id"":""a459b3b1-c1d0-484a-7b3b-170a8486d964"",""yes_price_dollars"":""0.2600""}"
KXETH15M-26APR281330-30,c3790058-1a3f-45ba-2866-7f0faa6f495d,1777396906,0.24,26.23,no,"{""count_fp"":""26.23"",""created_time"":""2026-04-28T17:21:46.779535Z"",""no_price_dollars"":""0.7600"",""taker_side"":""no"",""ticker"":""KXETH15M-26APR281330-30"",""trade_id"":""c3790058-1a3f-45ba-2866-7f0faa6f495d"",""yes_price_dollars"":""0.2400""}"
KXETH15M-26APR281330-30,9633f958-72c5-4a67-3e0b-b5fef870a2a1,1777396906,0.24,10.0,no,"{""count_fp"":""10.00"",""created_time"":""2026-04-28T17:21:46.779535Z"",""no_price_dollars"":""0.7600"",""taker_side"":""no"",""ticker"":""KXETH15M-26APR281330-30"",""trade_id"":""9633f958-72c5-4a67-3e0b-b5fef870a2a1"",""yes_price_dollars"":""0.2400""}"
KXETH15M-26APR281330-30,a9edf4ed-6098-7b6c-23f8-571d541f9e77,1777396910,0.27,6.63,no,"{""count_fp"":""6.63"",""created_time"":""2026-04-28T17:21:50.764399Z"",""no_price_dollars"":""0.7300"",""taker_side"":""no"",""ticker"":""KXETH15M-26APR281330-30"",""trade_id"":""a9edf4ed-6098-7b6c-23f8-571d541f9e77"",""yes_price_dollars"":""0.2700""}"
KXETH15M-26APR281330-30,04dd97cd-90a8-5bbc-809d-3b49f6f7bf73,1777396913,0.27,2.0,no,"{""count_fp"":""2.00"",""created_time"":""2026-04-28T17:21:53.280411Z"",""no_price_dollars"":""0.7300"",""taker_side"":""no"",""ticker"":""KXETH15M-26APR281330-30"",""trade_id"":""04dd97cd-90a8-5bbc-809d-3b49f6f7bf73"",""yes_price_dollars"":""0.2700""}"
KXETH15M-26APR281330-30,c6768838-0b3f-50bc-9129-e06954182739,1777396915,0.28,0.28,yes,"{""count_fp"":""0.28"",""created_time"":""2026-04-28T17:21:55.263344Z"",""no_price_dollars"":""0.7200"",""taker_side"":""yes"",""ticker"":""KXETH15M-26APR281330-30"",""trade_id"":""c6768838-0b3f-50bc-9129-e06954182739"",""yes_price_dollars"":""0.2800""}"
KXETH15M-26APR281330-30,58c63913-0c88-6390-f98b-2251eb02b767,1777396920,0.27,1.0,no,"{""count_fp"":""1.00"",""created_time"":""2026-04-28T17:22:00.426184Z"",""no_price_dollars"":""0.7300"",""taker_side"":""no"",""ticker"":""KXETH15M-26APR281330-30"",""trade_id"":""58c63913-0c88-6390-f98b-2251eb02b767"",""yes_price_dollars"":""0.2700""}"
KXETH15M-26APR281330-30,e40d7f4f-633b-687d-260a-4ac93224ae78,1777396921,0.27,10.0,no,"{""count_fp"":""10.00"",""created_time"":""2026-04-28T17:22:01.723204Z"",""no_price_dollars"":""0.7300"",""taker_side"":""no"",""ticker"":""KXETH15M-26APR281330-30"",""trade_id"":""e40d7f4f-633b-687d-260a-4ac93224ae78"",""yes_price_dollars"":""0.2700""}"
KXETH15M-26APR281330-30,d8cd112d-7ee3-6441-12c6-0b8c0665f8f8,1777396921,0.27,4.23,no,"{""count_fp"":""4.23"",""created_time"":""2026-04-28T17:22:01.723204Z"",""no_price_dollars"":""0.7300"",""taker_side"":""no"",""ticker"":""KXETH15M-26APR281330-30"",""trade_id"":""d8cd112d-7ee3-6441-12c6-0b8c0665f8f8"",""yes_price_dollars"":""0.2700""}"
KXETH15M-26APR281330-30,cd573dd7-a88b-671a-2781-c0bc603e74d1,1777396921,0.27,31.77,no,"{""count_fp"":""31.77"",""created_time"":""2026-04-28T17:22:01.723204Z"",""no_price_dollars"":""0.7300"",""taker_side"":""no"",""ticker"":""KXETH15M-26APR281330-30"",""trade_id"":""cd573dd7-a88b-671a-2781-c0bc603e74d1"",""yes_price_dollars"":""0.2700""}"
KXETH15M-26APR281330-30,fcfcaf39-7da7-71a9-6d85-1cea2917efd2,1777396924,0.27,1.0,no,"{""count_fp"":""1.00"",""created_time"":""2026-04-28T17:22:04.641003Z"",""no_price_dollars"":""0.7300"",""taker_side"":""no"",""ticker"":""KXETH15M-26APR281330-30"",""trade_id"":""fcfcaf39-7da7-71a9-6d85-1cea2917efd2"",""yes_price_dollars"":""0.2700""}"
KXETH15M-26APR281330-30,b34b84a5-7114-635f-8c15-6bf470cab3da,1777396925,0.27,10.0,no,"{""count_fp"":""10.00"",""created_time"":""2026-04-28T17:22:05.515714Z"",""no_price_dollars"":""0.7300"",""taker_side"":""no"",""ticker"":""KXETH15M-26APR281330-30"",""trade_id"":""b34b84a5-7114-635f-8c15-6bf470cab3da"",""yes_price_dollars"":""0.2700""}"
KXETH15M-26APR281330-30,2bd91a4e-2bd8-6c6e-9920-c4002a0b2c0f,1777396925,0.26,22.76,no,"{""count_fp"":""22.76"",""created_time"":""2026-04-28T17:22:05.515714Z"",""no_price_dollars"":""0.7400"",""taker_side"":""no"",""ticker"":""KXETH15M-26APR281330-30"",""trade_id"":""2bd91a4e-2bd8-6c6e-9920-c4002a0b2c0f"",""yes_price_dollars"":""0.2600""}"
KXETH15M-26APR281330-30,fdd1bb9a-9bdb-6cc0-8fcc-e4defac42511,1777396927,0.28,0.37,yes,"{""count_fp"":""0.37"",""created_time"":""2026-04-28T17:22:07.393908Z"",""no_price_dollars"":""0.7200"",""taker_side"":""yes"",""ticker"":""KXETH15M-26APR281330-30"",""trade_id"":""fdd1bb9a-9bdb-6cc0-8fcc-e4defac42511"",""yes_price_dollars"":""0.2800""}"
KXETH15M-26APR281330-30,e119c1a2-7859-68f8-33f3-fb9fcc67c09e,1777396934,0.27,1.0,no,"{""count_fp"":""1.00"",""created_time"":""2026-04-28T17:22:14.481571Z"",""no_price_dollars"":""0.7300"",""taker_side"":""no"",""ticker"":""KXETH15M-26APR281330-30"",""trade_id"":""e119c1a2-7859-68f8-33f3-fb9fcc67c09e"",""yes_price_dollars"":""0.2700""}"
KXETH15M-26APR281330-30,5bcecf48-b478-7fd8-5d12-af0b002597d7,1777396936,0.27,1.0,no,"{""count_fp"":""1.00"",""created_time"":""2026-04-28T17:22:16.190034Z"",""no_price_dollars"":""0.7300"",""taker_side"":""no"",""ticker"":""KXETH15M-26APR281330-30"",""trade_id"":""5bcecf48-b478-7fd8-5d12-af0b002597d7"",""yes_price_dollars"":""0.2700""}"
KXETH15M-26APR281330-30,a43f42f9-f010-7fbc-69fd-3f761126b36b,1777396941,0.27,25.96,no,"{""count_fp"":""25.96"",""created_time"":""2026-04-28T17:22:21.075024Z"",""no_price_dollars"":""0.7300"",""taker_side"":""no"",""ticker"":""KXETH15M-26APR281330-30"",""trade_id"":""a43f42f9-f010-7fbc-69fd-3f761126b36b"",""yes_price_dollars"":""0.2700""}"
KXETH15M-26APR281330-30,6e0d177a-1962-770a-c638-0f60f40fc5ef,1777396949,0.31,9.14,no,"{""count_fp"":""9.14"",""created_time"":""2026-04-28T17:22:29.068347Z"",""no_price_dollars"":""0.6900"",""taker_side"":""no"",""ticker"":""KXETH15M-26APR281330-30"",""trade_id"":""6e0d177a-1962-770a-c638-0f60f40fc5ef"",""yes_price_dollars"":""0.3100""}"
KXETH15M-26APR281330-30,1680f9f3-616d-72fa-f68c-4f3fa1f02243,1777396949,0.32,5.0,no,"{""count_fp"":""5.00"",""created_time"":""2026-04-28T17:22:29.068347Z"",""no_price_dollars"":""0.6800"",""taker_side"":""no"",""ticker"":""KXETH15M-26APR281330-30"",""trade_id"":""1680f9f3-616d-72fa-f68c-4f3fa1f02243"",""yes_price_dollars"":""0.3200""}"
KXETH15M-26APR281330-30,713a4eb9-7b76-6601-8cfc-3e814d16db67,1777396950,0.34,5.62,yes,"{""count_fp"":""5.62"",""created_time"":""2026-04-28T17:22:30.650173Z"",""no_price_dollars"":""0.6600"",""taker_side"":""yes"",""ticker"":""KXETH15M-26APR281330-30"",""trade_id"":""713a4eb9-7b76-6601-8cfc-3e814d16db67"",""yes_price_dollars"":""0.3400""}"
KXETH15M-26APR281330-30,1b4524fc-656d-4c9f-2b6a-be6710b00fcd,1777396956,0.32,2.0,no,"{""count_fp"":""2.00"",""created_time"":""2026-04-28T17:22:36.740913Z"",""no_price_dollars"":""0.6800"",""taker_side"":""no"",""ticker"":""KXETH15M-26APR281330-30"",""trade_id"":""1b4524fc-656d-4c9f-2b6a-be6710b00fcd"",""yes_price_dollars"":""0.3200""}"
KXETH15M-26APR281330-30,00cf59ba-f8bf-4108-3103-fd246c6c5439,1777396956,0.31,4.0,no,"{""count_fp"":""4.00"",""created_time"":""2026-04-28T17:22:36.740913Z"",""no_price_dollars"":""0.6900"",""taker_side"":""no"",""ticker"":""KXETH15M-26APR281330-30"",""trade_id"":""00cf59ba-f8bf-4108-3103-fd246c6c5439"",""yes_price_dollars"":""0.3100""}"
KXETH15M-26APR281330-30,0190efdc-308e-4cb7-14a2-37fffac072bb,1777396958,0.3,50.0,yes,"{""count_fp"":""50.00"",""created_time"":""2026-04-28T17:22:38.394155Z"",""no_price_dollars"":""0.7000"",""taker_side"":""yes"",""ticker"":""KXETH15M-26APR281330-30"",""trade_id"":""0190efdc-308e-4cb7-14a2-37fffac072bb"",""yes_price_dollars"":""0.3000""}"
KXETH15M-26APR281330-30,012ebc7d-81f9-77a1-4734-bce2d6efa054,1777396977,0.28,9.58,yes,"{""count_fp"":""9.58"",""created_time"":""2026-04-28T17:22:57.166983Z"",""no_price_dollars"":""0.7200"",""taker_side"":""yes"",""ticker"":""KXETH15M-26APR281330-30"",""trade_id"":""012ebc7d-81f9-77a1-4734-bce2d6efa054"",""yes_price_dollars"":""0.2800""}"
KXETH15M-26APR281330-30,ca5a1ba2-476d-5d01-2515-f4dc90defa4f,1777396980,0.3,1.0,no,"{""count_fp"":""1.00"",""created_time"":""2026-04-28T17:23:00.226851Z"",""no_price_dollars"":""0.7000"",""taker_side"":""no"",""ticker"":""KXETH15M-26APR281330-30"",""trade_id"":""ca5a1ba2-476d-5d01-2515-f4dc90defa4f"",""yes_price_dollars"":""0.3000""}"
KXETH15M-26APR281330-30,da65264c-0127-49bf-bbbc-ab058d6a9415,1777396987,0.25,2.0,no,"{""count_fp"":""2.00"",""created_time"":""2026-04-28T17:23:07.142372Z"",""no_price_dollars"":""0.7500"",""taker_side"":""no"",""ticker"":""KXETH15M-26APR281330-30"",""trade_id"":""da65264c-0127-49bf-bbbc-ab058d6a9415"",""yes_price_dollars"":""0.2500""}"
KXETH15M-26APR281330-30,a200467a-a4e7-7883-c8fe-fec8f87a0239,1777396995,0.3,5.0,no,"{""count_fp"":""5.00"",""created_time"":""2026-04-28T17:23:15.578737Z"",""no_price_dollars"":""0.7000"",""taker_side"":""no"",""ticker"":""KXETH15M-26APR281330-30"",""trade_id"":""a200467a-a4e7-7883-c8fe-fec8f87a0239"",""yes_price_dollars"":""0.3000""}"
KXETH15M-26APR281330-30,9f25e033-ecfb-43cd-a195-2b0e54eca8d4,1777396996,0.26,7.0,no,"{""count_fp"":""7.00"",""created_time"":""2026-04-28T17:23:16.959242Z"",""no_price_dollars"":""0.7400"",""taker_side"":""no"",""ticker"":""KXETH15M-26APR281330-30"",""trade_id"":""9f25e033-ecfb-43cd-a195-2b0e54eca8d4"",""yes_price_dollars"":""0.2600""}"
KXETH15M-26APR281330-30,4a5812c9-93c7-54b5-0018-ca8fea0c5714,1777396996,0.26,7.0,no,"{""count_fp"":""7.00"",""created_time"":""2026-04-28T17:23:16.703929Z"",""no_price_dollars"":""0.7400"",""taker_side"":""no"",""ticker"":""KXETH15M-26APR281330-30"",""trade_id"":""4a5812c9-93c7-54b5-0018-ca8fea0c5714"",""yes_price_dollars"":""0.2600""}"
KXETH15M-26APR281330-30,f4fc647c-a409-77bd-698c-2b33ab12b30c,1777396996,0.28,3.07,yes,"{""count_fp"":""3.07"",""created_time"":""2026-04-28T17:23:16.511194Z"",""no_price_dollars"":""0.7200"",""taker_side"":""yes"",""ticker"":""KXETH15M-26APR281330-30"",""trade_id"":""f4fc647c-a409-77bd-698c-2b33ab12b30c"",""yes_price_dollars"":""0.2800""}"
KXETH15M-26APR281330-30,ee7e838e-0ea1-5e25-2094-56a0ee669f10,1777396997,0.27,3.4,yes,"{""count_fp"":""3.40"",""created_time"":""2026-04-28T17:23:17.964776Z"",""no_price_dollars"":""0.7300"",""taker_side"":""yes"",""ticker"":""KXETH15M-26APR281330-30"",""trade_id"":""ee7e838e-0ea1-5e25-2094-56a0ee669f10"",""yes_price_dollars"":""0.2700""}"
KXETH15M-26APR281330-30,def1d201-42d9-6881-c165-532acfc31f69,1777396998,0.25,7.0,no,"{""count_fp"":""7.00"",""created_time"":""2026-04-28T17:23:18.972517Z"",""no_price_dollars"":""0.7500"",""taker_side"":""no"",""ticker"":""KXETH15M-26APR281330-30"",""trade_id"":""def1d201-42d9-6881-c165-532acfc31f69"",""yes_price_dollars"":""0.2500""}"
KXETH15M-26APR281330-30,c9caa9f0-f6f4-55ca-f98a-900a7f643dbf,1777396999,0.24,7.0,no,"{""count_fp"":""7.00"",""created_time"":""2026-04-28T17:23:19.703349Z"",""no_price_dollars"":""0.7600"",""taker_side"":""no"",""ticker"":""KXETH15M-26APR281330-30"",""trade_id"":""c9caa9f0-f6f4-55ca-f98a-900a7f643dbf"",""yes_price_dollars"":""0.2400""}"
KXETH15M-26APR281330-30,e7044d20-5810-484e-af91-f64d81f98b27,1777396999,0.24,7.0,no,"{""count_fp"":""7.00"",""created_time"":""2026-04-28T17:23:19.695122Z"",""no_price_dollars"":""0.7600"",""taker_side"":""no"",""ticker"":""KXETH15M-26APR281330-30"",""trade_id"":""e7044d20-5810-484e-af91-f64d81f98b27"",""yes_price_dollars"":""0.2400""}"
KXETH15M-26APR281330-30,ed8e0593-ca00-7492-e6d3-f1340e01539b,1777396999,0.24,7.0,no,"{""count_fp"":""7.00"",""created_time"":""2026-04-28T17:23:19.675272Z"",""no_price_dollars"":""0.7600"",""taker_side"":""no"",""ticker"":""KXETH15M-26APR281330-30"",""trade_id"":""ed8e0593-ca00-7492-e6d3-f1340e01539b"",""yes_price_dollars"":""0.2400""}"
KXETH15M-26APR281330-30,78316cd8-51b1-5069-b9a7-02b89bd6fde8,1777396999,0.28,15.38,yes,"{""count_fp"":""15.38"",""created_time"":""2026-04-28T17:23:19.297686Z"",""no_price_dollars"":""0.7200"",""taker_side"":""yes"",""ticker"":""KXETH15M-26APR281330-30"",""trade_id"":""78316cd8-51b1-5069-b9a7-02b89bd6fde8"",""yes_price_dollars"":""0.2800""}"
KXETH15M-26APR281330-30,7ba4d5ed-32f4-6901-4cf9-115ecb25c435,1777397002,0.24,10.0,no,"{""count_fp"":""10.00"",""created_time"":""2026-04-28T17:23:22.599071Z"",""no_price_dollars"":""0.7600"",""taker_side"":""no"",""ticker"":""KXETH15M-26APR281330-30"",""trade_id"":""7ba4d5ed-32f4-6901-4cf9-115ecb25c435"",""yes_price_dollars"":""0.2400""}"
KXETH15M-26APR281330-30,6a2eda49-566c-6d05-5ec3-0469d81f8153,1777397002,0.24,9.02,no,"{""count_fp"":""9.02"",""created_time"":""2026-04-28T17:23:22.599071Z"",""no_price_dollars"":""0.7600"",""taker_side"":""no"",""ticker"":""KXETH15M-26APR281330-30"",""trade_id"":""6a2eda49-566c-6d05-5ec3-0469d81f8153"",""yes_price_dollars"":""0.2400""}"
KXETH15M-26APR281330-30,5e1368c9-e99c-6514-5d04-d03fdc75043b,1777397002,0.23,0.98,no,"{""count_fp"":""0.98"",""created_time"":""2026-04-28T17:23:22.599071Z"",""no_price_dollars"":""0.7700"",""taker_side"":""no"",""ticker"":""KXETH15M-26APR281330-30"",""trade_id"":""5e1368c9-e99c-6514-5d04-d03fdc75043b"",""yes_price_dollars"":""0.2300""}"
KXETH15M-26APR281330-30,6ba3931d-8f90-6396-c14b-c5ab87d45b37,1777397002,0.24,10.0,no,"{""count_fp"":""10.00"",""created_time"":""2026-04-28T17:23:22.471552Z"",""no_price_dollars"":""0.7600"",""taker_side"":""no"",""ticker"":""KXETH15M-26APR281330-30"",""trade_id"":""6ba3931d-8f90-6396-c14b-c5ab87d45b37"",""yes_price_dollars"":""0.2400""}"
KXETH15M-26APR281330-30,9562df05-6098-6e77-2e09-b575dc1228cb,1777397007,0.27,10.0,yes,"{""count_fp"":""10.00"",""created_time"":""2026-04-28T17:23:27.705823Z"",""no_price_dollars"":""0.7300"",""taker_side"":""yes"",""ticker"":""KXETH15M-26APR281330-30"",""trade_id"":""9562df05-6098-6e77-2e09-b575dc1228cb"",""yes_price_dollars"":""0.2700""}"
KXETH15M-26APR281330-30,91ad1333-aa88-62f5-08da-979e5c9b3fa4,1777397007,0.27,0.45,yes,"{""count_fp"":""0.45"",""created_time"":""2026-04-28T17:23:27.705823Z"",""no_price_dollars"":""0.7300"",""taker_side"":""yes"",""ticker"":""KXETH15M-26APR281330-30"",""trade_id"":""91ad1333-aa88-62f5-08da-979e5c9b3fa4"",""yes_price_dollars"":""0.2700""}"
KXETH15M-26APR281330-30,cfd417d4-d580-7d7d-37c1-c03e033d5d74,1777397007,0.27,9.0,yes,"{""count_fp"":""9.00"",""created_time"":""2026-04-28T17:23:27.704159Z"",""no_price_dollars"":""0.7300"",""taker_side"":""yes"",""ticker"":""KXETH15M-26APR281330-30"",""trade_id"":""cfd417d4-d580-7d7d-37c1-c03e033d5d74"",""yes_price_dollars"":""0.2700""}"
KXETH15M-26APR281330-30,129c97fa-fd54-7bbd-156c-89d22c9f5a78,1777397007,0.27,10.0,yes,"{""count_fp"":""10.00"",""created_time"":""2026-04-28T17:23:27.704159Z"",""no_price_dollars"":""0.7300"",""taker_side"":""yes"",""ticker"":""KXETH15M-26APR281330-30"",""trade_id"":""129c97fa-fd54-7bbd-156c-89d22c9f5a78"",""yes_price_dollars"":""0.2700""}"
KXETH15M-26APR281330-30,4e64b4c7-b790-5bcc-0233-047412152467,1777397010,0.28,2.0,no,"{""count_fp"":""2.00"",""created_time"":""2026-04-28T17:23:30.305208Z"",""no_price_dollars"":""0.7200"",""taker_side"":""no"",""ticker"":""KXETH15M-26APR281330-30"",""trade_id"":""4e64b4c7-b790-5bcc-0233-047412152467"",""yes_price_dollars"":""0.2800""}"
KXETH15M-26APR281330-30,0198ad1d-9eb0-5646-056a-0db74e29d75b,1777397010,0.28,1.0,no,"{""count_fp"":""1.00"",""created_time"":""2026-04-28T17:23:30.305208Z"",""no_price_dollars"":""0.7200"",""taker_side"":""no"",""ticker"":""KXETH15M-26APR281330-30"",""trade_id"":""0198ad1d-9eb0-5646-056a-0db74e29d75b"",""yes_price_dollars"":""0.2800""}"
KXETH15M-26APR281330-30,c4e025ad-54c9-47dc-2145-7c29ae4c089f,1777397011,0.28,3.07,no,"{""count_fp"":""3.07"",""created_time"":""2026-04-28T17:23:31.111034Z"",""no_price_dollars"":""0.7200"",""taker_side"":""no"",""ticker"":""KXETH15M-26APR281330-30"",""trade_id"":""c4e025ad-54c9-47dc-2145-7c29ae4c089f"",""yes_price_dollars"":""0.2800""}"
KXETH15M-26APR281330-30,28d53323-544f-495e-86a1-57f8b32e71fc,1777397012,0.37,20.0,yes,"{""count_fp"":""20.00"",""created_time"":""2026-04-28T17:23:32.369636Z"",""no_price_dollars"":""0.6300"",""taker_side"":""yes"",""ticker"":""KXETH15M-26APR281330-30"",""trade_id"":""28d53323-544f-495e-86a1-57f8b32e71fc"",""yes_price_dollars"":""0.3700""}"
KXETH15M-26APR281330-30,17d8d791-81d3-42aa-a51a-e96bc6c47f9d,1777397012,0.36,10.0,yes,"{""count_fp"":""10.00"",""created_time"":""2026-04-28T17:23:32.369636Z"",""no_price_dollars"":""0.6400"",""taker_side"":""yes"",""ticker"":""KXETH15M-26APR281330-30"",""trade_id"":""17d8d791-81d3-42aa-a51a-e96bc6c47f9d"",""yes_price_dollars"":""0.3600""}"
KXETH15M-26APR281330-30,a0112ebb-c147-4338-472b-67e91b06fc8f,1777397012,0.33,10.0,yes,"{""count_fp"":""10.00"",""created_time"":""2026-04-28T17:23:32.331162Z"",""no_price_dollars"":""0.6700"",""taker_side"":""yes"",""ticker"":""KXETH15M-26APR281330-30"",""trade_id"":""a0112ebb-c147-4338-472b-67e91b06fc8f"",""yes_price_dollars"":""0.3300""}"
KXETH15M-26APR281330-30,6ed558c1-9ad0-4d8b-4523-d5a334529f08,1777397012,0.33,10.0,yes,"{""count_fp"":""10.00"",""created_time"":""2026-04-28T17:23:32.331162Z"",""no_price_dollars"":""0.6700"",""taker_side"":""yes"",""ticker"":""KXETH15M-26APR281330-30"",""trade_id"":""6ed558c1-9ad0-4d8b-4523-d5a334529f08"",""yes_price_dollars"":""0.3300""}"
KXETH15M-26APR281330-30,e94a6fe2-a94a-7cc5-df9c-03df9a017475,1777397012,0.31,2.0,yes,"{""count_fp"":""2.00"",""created_time"":""2026-04-28T17:23:32.313501Z"",""no_price_dollars"":""0.6900"",""taker_side"":""yes"",""ticker"":""KXETH15M-26APR281330-30"",""trade_id"":""e94a6fe2-a94a-7cc5-df9c-03df9a017475"",""yes_price_dollars"":""0.3100""}"
KXETH15M-26APR281330-30,8fc5335c-1fa1-7391-d9b5-b0608d3caea4,1777397012,0.31,100.0,yes,"{""count_fp"":""100.00"",""created_time"":""2026-04-28T17:23:32.313501Z"",""no_price_dollars"":""0.6900"",""taker_side"":""yes"",""ticker"":""KXETH15M-26APR281330-30"",""trade_id"":""8fc5335c-1fa1-7391-d9b5-b0608d3caea4"",""yes_price_dollars"":""0.3100""}"
KXETH15M-26APR281330-30,058d2293-ca5d-74d9-f2ca-66672858424b,1777397012,0.3,1.0,yes,"{""count_fp"":""1.00"",""created_time"":""2026-04-28T17:23:32.313501Z"",""no_price_dollars"":""0.7000"",""taker_side"":""yes"",""ticker"":""KXETH15M-26APR281330-30"",""trade_id"":""058d2293-ca5d-74d9-f2ca-66672858424b"",""yes_price_dollars"":""0.3000""}"
KXETH15M-26APR281330-30,2fe45b79-d814-60fc-7ee5-c70dec4c25ab,1777397014,0.33,5.0,no,"{""count_fp"":""5.00"",""created_time"":""2026-04-28T17:23:34.981377Z"",""no_price_dollars"":""0.6700"",""taker_side"":""no"",""ticker"":""KXETH15M-26APR281330-30"",""trade_id"":""2fe45b79-d814-60fc-7ee5-c70dec4c25ab"",""yes_price_dollars"":""0.3300""}"
KXETH15M-26APR281330-30,1b92fbd7-57bb-6891-5e2f-352bd634d7ac,1777397014,0.33,10.0,no,"{""count_fp"":""10.00"",""created_time"":""2026-04-28T17:23:34.981377Z"",""no_price_dollars"":""0.6700"",""taker_side"":""no"",""ticker"":""KXETH15M-26APR281330-30"",""trade_id"":""1b92fbd7-57bb-6891-5e2f-352bd634d7ac"",""yes_price_dollars"":""0.3300""}"
KXETH15M-26APR281330-30,918a4e14-377f-5bd5-e3fa-8a1c83a685bc,1777397016,0.32,1.29,yes,"{""count_fp"":""1.29"",""created_time"":""2026-04-28T17:23:36.552069Z"",""no_price_dollars"":""0.6800"",""taker_side"":""yes"",""ticker"":""KXETH15M-26APR281330-30"",""trade_id"":""918a4e14-377f-5bd5-e3fa-8a1c83a685bc"",""yes_price_dollars"":""0.3200""}"
KXETH15M-26APR281330-30,1ec03e38-a550-6d1e-a2fa-e53e8b3e2496,1777397018,0.32,10.0,yes,"{""count_fp"":""10.00"",""created_time"":""2026-04-28T17:23:38.594488Z"",""no_price_dollars"":""0.6800"",""taker_side"":""yes"",""ticker"":""KXETH15M-26APR281330-30"",""trade_id"":""1ec03e38-a550-6d1e-a2fa-e53e8b3e2496"",""yes_price_dollars"":""0.3200""}"
KXETH15M-26APR281330-30,f19a9494-d62f-7599-0195-5dc316be1fac,1777397021,0.46,19.0,yes,"{""count_fp"":""19.00"",""created_time"":""2026-04-28T17:23:41.295449Z"",""no_price_dollars"":""0.5400"",""taker_side"":""yes"",""ticker"":""KXETH15M-26APR281330-30"",""trade_id"":""f19a9494-d62f-7599-0195-5dc316be1fac"",""yes_price_dollars"":""0.4600""}"
KXETH15M-26APR281330-30,cac9f65c-b15f-7c01-1889-dba8f7047bc6,1777397021,0.44,5.0,yes,"{""count_fp"":""5.00"",""created_time"":""2026-04-28T17:23:41.295449Z"",""no_price_dollars"":""0.5600"",""taker_side"":""yes"",""ticker"":""KXETH15M-26APR281330-30"",""trade_id"":""cac9f65c-b15f-7c01-1889-dba8f7047bc6"",""yes_price_dollars"":""0.4400""}"
KXETH15M-26APR281330-30,c3b4756a-1584-7e9a-260e-4a1dfdfbb06d,1777397021,0.4,10.0,yes,"{""count_fp"":""10.00"",""created_time"":""2026-04-28T17:23:41.295449Z"",""no_price_dollars"":""0.6000"",""taker_side"":""yes"",""ticker"":""KXETH15M-26APR281330-30"",""trade_id"":""c3b4756a-1584-7e9a-260e-4a1dfdfbb06d"",""yes_price_dollars"":""0.4000""}"
KXETH15M-26APR281330-30,8c5bf700-8c67-7705-2b79-b60a31ef96c0,1777397021,0.41,550.71,yes,"{""count_fp"":""550.71"",""created_time"":""2026-04-28T17:23:41.295449Z"",""no_price_dollars"":""0.5900"",""taker_side"":""yes"",""ticker"":""KXETH15M-26APR281330-30"",""trade_id"":""8c5bf700-8c67-7705-2b79-b60a31ef96c0"",""yes_price_dollars"":""0.4100""}"
KXETH15M-26APR281330-30,7611cd09-5693-79a8-3331-2bf39ca42653,1777397021,0.47,250.0,yes,"{""count_fp"":""250.00"",""created_time"":""2026-04-28T17:23:41.295449Z"",""no_price_dollars"":""0.5300"",""taker_side"":""yes"",""ticker"":""KXETH15M-26APR281330-30"",""trade_id"":""7611cd09-5693-79a8-3331-2bf39ca42653"",""yes_price_dollars"":""0.4700""}"
KXETH15M-26APR281330-30,4711863e-d8da-72f3-06dc-34b71a7aaaf9,1777397021,0.42,70.0,yes,"{""count_fp"":""70.00"",""created_time"":""2026-04-28T17:23:41.295449Z"",""no_price_dollars"":""0.5800"",""taker_side"":""yes"",""ticker"":""KXETH15M-26APR281330-30"",""trade_id"":""4711863e-d8da-72f3-06dc-34b71a7aaaf9"",""yes_price_dollars"":""0.4200""}"
KXETH15M-26APR281330-30,39e4110c-240c-785c-16ad-254de7a23b69,1777397021,0.47,20.0,yes,"{""count_fp"":""20.00"",""created_time"":""2026-04-28T17:23:41.295449Z"",""no_price_dollars"":""0.5300"",""taker_side"":""yes"",""ticker"":""KXETH15M-26APR281330-30"",""trade_id"":""39e4110c-240c-785c-16ad-254de7a23b69"",""yes_price_dollars"":""0.4700""}"
KXETH15M-26APR281330-30,10e53619-b6da-748f-36ad-3b9807481383,1777397021,0.4,10.0,yes,"{""count_fp"":""10.00"",""created_time"":""2026-04-28T17:23:41.295449Z"",""no_price_dollars"":""0.6000"",""taker_side"":""yes"",""ticker"":""KXETH15M-26APR281330-30"",""trade_id"":""10e53619-b6da-748f-36ad-3b9807481383"",""yes_price_dollars"":""0.4000""}"
KXETH15M-26APR281330-30,0132b7ff-4173-7e62-1ecf-d0e18aa622f1,1777397021,0.4,10.0,yes,"{""count_fp"":""10.00"",""created_time"":""2026-04-28T17:23:41.295449Z"",""no_price_dollars"":""0.6000"",""taker_side"":""yes"",""ticker"":""KXETH15M-26APR281330-30"",""trade_id"":""0132b7ff-4173-7e62-1ecf-d0e18aa622f1"",""yes_price_dollars"":""0.4000""}"
KXETH15M-26APR281330-30,5c560a10-3d8d-4f0c-60b8-53b5dcc4c8da,1777397021,0.34,10.0,no,"{""count_fp"":""10.00"",""created_time"":""2026-04-28T17:23:41.162394Z"",""no_price_dollars"":""0.6600"",""taker_side"":""no"",""ticker"":""KXETH15M-26APR281330-30"",""trade_id"":""5c560a10-3d8d-4f0c-60b8-53b5dcc4c8da"",""yes_price_dollars"":""0.3400""}"
KXETH15M-26APR281330-30,1b6e5b22-6121-469c-4298-d4f9df85d03a,1777397021,0.34,9.58,no,"{""count_fp"":""9.58"",""created_time"":""2026-04-28T17:23:41.162394Z"",""no_price_dollars"":""0.6600"",""taker_side"":""no"",""ticker"":""KXETH15M-26APR281330-30"",""trade_id"":""1b6e5b22-6121-469c-4298-d4f9df85d03a"",""yes_price_dollars"":""0.3400""}"
KXETH15M-26APR281330-30,f09a536b-74d5-457e-bfc2-d582508c0634,1777397022,0.45,12.0,yes,"{""count_fp"":""12.00"",""created_time"":""2026-04-28T17:23:42.172289Z"",""no_price_dollars"":""0.5500"",""taker_side"":""yes"",""ticker"":""KXETH15M-26APR281330-30"",""trade_id"":""f09a536b-74d5-457e-bfc2-d582508c0634"",""yes_price_dollars"":""0.4500""}"
KXETH15M-26APR281330-30,e01fc6db-6a28-70b0-c0b6-090298a20508,1777397023,0.4,0.62,yes,"{""count_fp"":""0.62"",""created_time"":""2026-04-28T17:23:43.426647Z"",""no_price_dollars"":""0.6000"",""taker_side"":""yes"",""ticker"":""KXETH15M-26APR281330-30"",""trade_id"":""e01fc6db-6a28-70b0-c0b6-090298a20508"",""yes_price_dollars"":""0.4000""}"
KXETH15M-26APR281330-30,79b06517-1244-464c-9228-f0e6b03524c4,1777397026,0.4,8.94,yes,"{""count_fp"":""8.94"",""created_time"":""2026-04-28T17:23:46.208652Z"",""no_price_dollars"":""0.6000"",""taker_side"":""yes"",""ticker"":""KXETH15M-26APR281330-30"",""trade_id"":""79b06517-1244-464c-9228-f0e6b03524c4"",""yes_price_dollars"":""0.4000""}"
KXETH15M-26APR281330-30,c5f40099-175b-4e7f-da6c-586fd6730f99,1777397041,0.37,10.0,yes,"{""count_fp"":""10.00"",""created_time"":""2026-04-28T17:24:01.920202Z"",""no_price_dollars"":""0.6300"",""taker_side"":""yes"",""ticker"":""KXETH15M-26APR281330-30"",""trade_id"":""c5f40099-175b-4e7f-da6c-586fd6730f99"",""yes_price_dollars"":""0.3700""}"
KXETH15M-26APR281330-30,4ef8a3e3-cf31-4457-c202-be8a0d3e52a3,1777397041,0.37,10.95,yes,"{""count_fp"":""10.95"",""created_time"":""2026-04-28T17:24:01.920202Z"",""no_price_dollars"":""0.6300"",""taker_side"":""yes"",""ticker"":""KXETH15M-26APR281330-30"",""trade_id"":""4ef8a3e3-cf31-4457-c202-be8a0d3e52a3"",""yes_price_dollars"":""0.3700""}"
KXETH15M-26APR281330-30,4661ed1b-e0c0-7913-a536-7bcdb70b8dec,1777397042,0.41,10.0,yes,"{""count_fp"":""10.00"",""created_time"":""2026-04-28T17:24:02.049869Z"",""no_price_dollars"":""0.5900"",""taker_side"":""yes"",""ticker"":""KXETH15M-26APR281330-30"",""trade_id"":""4661ed1b-e0c0-7913-a536-7bcdb70b8dec"",""yes_price_dollars"":""0.4100""}"
KXETH15M-26APR281330-30,16e712dc-3d9c-7068-a8eb-ca7228bebfb0,1777397042,0.41,2.0,yes,"{""count_fp"":""2.00"",""created_time"":""2026-04-28T17:24:02.049869Z"",""no_price_dollars"":""0.5900"",""taker_side"":""yes"",""ticker"":""KXETH15M-26APR281330-30"",""trade_id"":""16e712dc-3d9c-7068-a8eb-ca7228bebfb0"",""yes_price_dollars"":""0.4100""}"
KXETH15M-26APR281330-30,b05bdafb-dca1-6998-7b3c-8e2326b8fc8a,1777397043,0.4,1.0,no,"{""count_fp"":""1.00"",""created_time"":""2026-04-28T17:24:03.405676Z"",""no_price_dollars"":""0.6000"",""taker_side"":""no"",""ticker"":""KXETH15M-26APR281330-30"",""trade_id"":""b05bdafb-dca1-6998-7b3c-8e2326b8fc8a"",""yes_price_dollars"":""0.4000""}"
KXETH15M-26APR281330-30,a2d984fa-b105-51d7-b0fb-f5308556220a,1777397045,0.44,6.0,yes,"{""count_fp"":""6.00"",""created_time"":""2026-04-28T17:24:05.385701Z"",""no_price_dollars"":""0.5600"",""taker_side"":""yes"",""ticker"":""KXETH15M-26APR281330-30"",""trade_id"":""a2d984fa-b105-51d7-b0fb-f5308556220a"",""yes_price_dollars"":""0.4400""}"
KXETH15M-26APR281330-30,c6de7044-3690-628c-ffca-04369f53b063,1777397054,0.42,33.49,no,"{""count_fp"":""33.49"",""created_time"":""2026-04-28T17:24:14.278001Z"",""no_price_dollars"":""0.5800"",""taker_side"":""no"",""ticker"":""KXETH15M-26APR281330-30"",""trade_id"":""c6de7044-3690-628c-ffca-04369f53b063"",""yes_price_dollars"":""0.4200""}"
KXETH15M-26APR281330-30,8d6de3ab-3214-4168-fbe2-eeec1d07dd67,1777397059,0.42,5.0,no,"{""count_fp"":""5.00"",""created_time"":""2026-04-28T17:24:19.287494Z"",""no_price_dollars"":""0.5800"",""taker_side"":""no"",""ticker"":""KXETH15M-26APR281330-30"",""trade_id"":""8d6de3ab-3214-4168-fbe2-eeec1d07dd67"",""yes_price_dollars"":""0.4200""}"
KXETH15M-26APR281330-30,cb45b529-05d7-6909-afb0-55ac33432ec4,1777397060,0.48,10.0,yes,"{""count_fp"":""10.00"",""created_time"":""2026-04-28T17:24:20.792425Z"",""no_price_dollars"":""0.5200"",""taker_side"":""yes"",""ticker"":""KXETH15M-26APR281330-30"",""trade_id"":""cb45b529-05d7-6909-afb0-55ac33432ec4"",""yes_price_dollars"":""0.4800""}"
KXETH15M-26APR281330-30,16a17d78-6ef6-51e8-267b-355ba13a76c5,1777397061,0.5,5.0,yes,"{""count_fp"":""5.00"",""created_time"":""2026-04-28T17:24:21.342923Z"",""no_price_dollars"":""0.5000"",""taker_side"":""yes"",""ticker"":""KXETH15M-26APR281330-30"",""trade_id"":""16a17d78-6ef6-51e8-267b-355ba13a76c5"",""yes_price_dollars"":""0.5000""}"
KXETH15M-26APR281330-30,5ed353cc-d66a-40c8-7c34-428a68dbee87,1777397062,0.52,5.0,yes,"{""count_fp"":""5.00"",""created_time"":""2026-04-28T17:24:22.043579Z"",""no_price_dollars"":""0.4800"",""taker_side"":""yes"",""ticker"":""KXETH15M-26APR281330-30"",""trade_id"":""5ed353cc-d66a-40c8-7c34-428a68dbee87"",""yes_price_dollars"":""0.5200""}"
KXETH15M-26APR281330-30,db8ae3c0-14ce-6704-8bab-f54e138d5a22,1777397064,0.55,0.99,no,"{""count_fp"":""0.99"",""created_time"":""2026-04-28T17:24:24.180763Z"",""no_price_dollars"":""0.4500"",""taker_side"":""no"",""ticker"":""KXETH15M-26APR281330-30"",""trade_id"":""db8ae3c0-14ce-6704-8bab-f54e138d5a22"",""yes_price_dollars"":""0.5500""}"
KXETH15M-26APR281330-30,4f353dbf-4bce-6890-769a-152a1480f9f2,1777397066,0.55,4.27,no,"{""count_fp"":""4.27"",""created_time"":""2026-04-28T17:24:26.712543Z"",""no_price_dollars"":""0.4500"",""taker_side"":""no"",""ticker"":""KXETH15M-26APR281330-30"",""trade_id"":""4f353dbf-4bce-6890-769a-152a1480f9f2"",""yes_price_dollars"":""0.5500""}"
KXETH15M-26APR281330-30,7a48e40c-d572-5ff1-7e38-a1906ea0f757,1777397073,0.57,2.0,yes,"{""count_fp"":""2.00"",""created_time"":""2026-04-28T17:24:33.940882Z"",""no_price_dollars"":""0.4300"",""taker_side"":""yes"",""ticker"":""KXETH15M-26APR281330-30"",""trade_id"":""7a48e40c-d572-5ff1-7e38-a1906ea0f757"",""yes_price_dollars"":""0.5700""}"
KXETH15M-26APR281330-30,eb823100-d854-7ea9-48ef-ba9f558755dc,1777397074,0.57,0.37,yes,"{""count_fp"":""0.37"",""created_time"":""2026-04-28T17:24:34.968968Z"",""no_price_dollars"":""0.4300"",""taker_side"":""yes"",""ticker"":""KXETH15M-26APR281330-30"",""trade_id"":""eb823100-d854-7ea9-48ef-ba9f558755dc"",""yes_price_dollars"":""0.5700""}"
KXETH15M-26APR281330-30,2e76cdc1-d805-561c-e35e-4103a5bb5093,1777397077,0.58,400.0,yes,"{""count_fp"":""400.00"",""created_time"":""2026-04-28T17:24:37.781414Z"",""no_price_dollars"":""0.4200"",""taker_side"":""yes"",""ticker"":""KXETH15M-26APR281330-30"",""trade_id"":""2e76cdc1-d805-561c-e35e-4103a5bb5093"",""yes_price_dollars"":""0.5800""}"
KXETH15M-26APR281330-30,7d4ad6c4-d991-7bb8-d109-b644398a281e,1777397080,0.59,0.69,no,"{""count_fp"":""0.69"",""created_time"":""2026-04-28T17:24:40.254298Z"",""no_price_dollars"":""0.4100"",""taker_side"":""no"",""ticker"":""KXETH15M-26APR281330-30"",""trade_id"":""7d4ad6c4-d991-7bb8-d109-b644398a281e"",""yes_price_dollars"":""0.5900""}"
KXETH15M-26APR281330-30,487f7957-afd9-7ff8-f764-5f61e30975ce,1777397080,0.59,10.0,no,"{""count_fp"":""10.00"",""created_time"":""2026-04-28T17:24:40.254298Z"",""no_price_dollars"":""0.4100"",""taker_side"":""no"",""ticker"":""KXETH15M-26APR281330-30"",""trade_id"":""487f7957-afd9-7ff8-f764-5f61e30975ce"",""yes_price_dollars"":""0.5900""}"
KXETH15M-26APR281330-30,399bb872-4ff2-4ad4-559e-16997601965a,1777397081,0.58,15.38,no,"{""count_fp"":""15.38"",""created_time"":""2026-04-28T17:24:41.003969Z"",""no_price_dollars"":""0.4200"",""taker_side"":""no"",""ticker"":""KXETH15M-26APR281330-30"",""trade_id"":""399bb872-4ff2-4ad4-559e-16997601965a"",""yes_price_dollars"":""0.5800""}"
KXETH15M-26APR281330-30,0c06c237-f341-6fd9-9025-659044ab8a10,1777397082,0.6,7.0,no,"{""count_fp"":""7.00"",""created_time"":""2026-04-28T17:24:42.914397Z"",""no_price_dollars"":""0.4000"",""taker_side"":""no"",""ticker"":""KXETH15M-26APR281330-30"",""trade_id"":""0c06c237-f341-6fd9-9025-659044ab8a10"",""yes_price_dollars"":""0.6000""}"
KXETH15M-26APR281330-30,0824e877-e148-6f9e-a815-39af91a9c44e,1777397082,0.62,1.0,yes,"{""count_fp"":""1.00"",""created_time"":""2026-04-28T17:24:42.817183Z"",""no_price_dollars"":""0.3800"",""taker_side"":""yes"",""ticker"":""KXETH15M-26APR281330-30"",""trade_id"":""0824e877-e148-6f9e-a815-39af91a9c44e"",""yes_price_dollars"":""0.6200""}"
KXETH15M-26APR281330-30,ede84b6e-3f59-4bb9-cd67-673c34ee91b9,1777397083,0.74,1.0,yes,"{""count_fp"":""1.00"",""created_time"":""2026-04-28T17:24:43.875177Z"",""no_price_dollars"":""0.2600"",""taker_side"":""yes"",""ticker"":""KXETH15M-26APR281330-30"",""trade_id"":""ede84b6e-3f59-4bb9-cd67-673c34ee91b9"",""yes_price_dollars"":""0.7400""}"
KXETH15M-26APR281330-30,de1011c0-bc14-4998-66ab-3bff5a6ab7aa,1777397083,0.73,20.0,yes,"{""count_fp"":""20.00"",""created_time"":""2026-04-28T17:24:43.837326Z"",""no_price_dollars"":""0.2700"",""taker_side"":""yes"",""ticker"":""KXETH15M-26APR281330-30"",""trade_id"":""de1011c0-bc14-4998-66ab-3bff5a6ab7aa"",""yes_price_dollars"":""0.7300""}"
KXETH15M-26APR281330-30,f262b131-e365-6ce7-93b0-c1bc99e79e7a,1777397083,0.71,10.0,yes,"{""count_fp"":""10.00"",""created_time"":""2026-04-28T17:24:43.820931Z"",""no_price_dollars"":""0.2900"",""taker_side"":""yes"",""ticker"":""KXETH15M-26APR281330-30"",""trade_id"":""f262b131-e365-6ce7-93b0-c1bc99e79e7a"",""yes_price_dollars"":""0.7100""}"
KXETH15M-26APR281330-30,92b8c0ba-bc02-7be2-b278-8c77d14e0691,1777397083,0.69,10.0,yes,"{""count_fp"":""10.00"",""created_time"":""2026-04-28T17:24:43.804249Z"",""no_price_dollars"":""0.3100"",""taker_side"":""yes"",""ticker"":""KXETH15M-26APR281330-30"",""trade_id"":""92b8c0ba-bc02-7be2-b278-8c77d14e0691"",""yes_price_dollars"":""0.6900""}"
KXETH15M-26APR281330-30,f67762ef-64dc-4529-bb28-b75037aacaa8,1777397083,0.64,5.0,yes,"{""count_fp"":""5.00"",""created_time"":""2026-04-28T17:24:43.703662Z"",""no_price_dollars"":""0.3600"",""taker_side"":""yes"",""ticker"":""KXETH15M-26APR281330-30"",""trade_id"":""f67762ef-64dc-4529-bb28-b75037aacaa8"",""yes_price_dollars"":""0.6400""}"
KXETH15M-26APR281330-30,ac15dc84-0fbf-47ca-e5e0-3b571849e116,1777397083,0.63,5.0,yes,"{""count_fp"":""5.00"",""created_time"":""2026-04-28T17:24:43.284333Z"",""no_price_dollars"":""0.3700"",""taker_side"":""yes"",""ticker"":""KXETH15M-26APR281330-30"",""trade_id"":""ac15dc84-0fbf-47ca-e5e0-3b571849e116"",""yes_price_dollars"":""0.6300""}"
KXETH15M-26APR281330-30,5b77804f-5ce8-5386-5869-a85ec513c5f2,1777397083,0.62,4.0,yes,"{""count_fp"":""4.00"",""created_time"":""2026-04-28T17:24:43.140113Z"",""no_price_dollars"":""0.3800"",""taker_side"":""yes"",""ticker"":""KXETH15M-26APR281330-30"",""trade_id"":""5b77804f-5ce8-5386-5869-a85ec513c5f2"",""yes_price_dollars"":""0.6200""}"
KXETH15M-26APR281330-30,0bd7f853-2538-520d-5124-25dce7deb9cd,1777397083,0.63,10.0,yes,"{""count_fp"":""10.00"",""created_time"":""2026-04-28T17:24:43.140113Z"",""no_price_dollars"":""0.3700"",""taker_side"":""yes"",""ticker"":""KXETH15M-26APR281330-30"",""trade_id"":""0bd7f853-2538-520d-5124-25dce7deb9cd"",""yes_price_dollars"":""0.6300""}"
KXETH15M-26APR281330-30,b326b81c-2526-6829-1268-5e2925702e04,1777397084,0.75,14.63,yes,"{""count_fp"":""14.63"",""created_time"":""2026-04-28T17:24:44.122572Z"",""no_price_dollars"":""0.2500"",""taker_side"":""yes"",""ticker"":""KXETH15M-26APR281330-30"",""trade_id"":""b326b81c-2526-6829-1268-5e2925702e04"",""yes_price_dollars"":""0.7500""}"
KXETH15M-26APR281330-30,2d394e37-050d-7a7c-eb95-4a5848ee38fb,1777397085,0.74,0.37,no,"{""count_fp"":""0.37"",""created_time"":""2026-04-28T17:24:45.335847Z"",""no_price_dollars"":""0.2600"",""taker_side"":""no"",""ticker"":""KXETH15M-26APR281330-30"",""trade_id"":""2d394e37-050d-7a7c-eb95-4a5848ee38fb"",""yes_price_dollars"":""0.7400""}"
KXETH15M-26APR281330-30,ff01bfb6-72f1-4e14-c71f-47145acea946,1777397085,0.75,19.85,no,"{""count_fp"":""19.85"",""created_time"":""2026-04-28T17:24:45.285912Z"",""no_price_dollars"":""0.2500"",""taker_side"":""no"",""ticker"":""KXETH15M-26APR281330-30"",""trade_id"":""ff01bfb6-72f1-4e14-c71f-47145acea946"",""yes_price_dollars"":""0.7500""}"
KXETH15M-26APR281330-30,70d040a4-2cf2-46bc-f2eb-ef948d33c21d,1777397085,0.75,10.0,no,"{""count_fp"":""10.00"",""created_time"":""2026-04-28T17:24:45.285912Z"",""no_price_dollars"":""0.2500"",""taker_side"":""no"",""ticker"":""KXETH15M-26APR281330-30"",""trade_id"":""70d040a4-2cf2-46bc-f2eb-ef948d33c21d"",""yes_price_dollars"":""0.7500""}"
KXETH15M-26APR281330-30,d66d4a1a-111a-62be-d000-2fd4b5e997df,1777397086,0.8,2.58,no,"{""count_fp"":""2.58"",""created_time"":""2026-04-28T17:24:46.749927Z"",""no_price_dollars"":""0.2000"",""taker_side"":""no"",""ticker"":""KXETH15M-26APR281330-30"",""trade_id"":""d66d4a1a-111a-62be-d000-2fd4b5e997df"",""yes_price_dollars"":""0.8000""}"
KXETH15M-26APR281330-30,b471b596-64c3-6db2-4a52-92ec8f831655,1777397086,0.79,1.0,yes,"{""count_fp"":""1.00"",""created_time"":""2026-04-28T17:24:46.038215Z"",""no_price_dollars"":""0.2100"",""taker_side"":""yes"",""ticker"":""KXETH15M-26APR281330-30"",""trade_id"":""b471b596-64c3-6db2-4a52-92ec8f831655"",""yes_price_dollars"":""0.7900""}"
KXETH15M-26APR281330-30,ba016772-b734-6359-72bd-dfaef9d4bb11,1777397087,0.83,1.0,yes,"{""count_fp"":""1.00"",""created_time"":""2026-04-28T17:24:47.850317Z"",""no_price_dollars"":""0.1700"",""taker_side"":""yes"",""ticker"":""KXETH15M-26APR281330-30"",""trade_id"":""ba016772-b734-6359-72bd-dfaef9d4bb11"",""yes_price_dollars"":""0.8300""}"
KXETH15M-26APR281330-30,7e167221-98d6-6ec4-68c5-99f52dd19fd1,1777397087,0.83,3.0,yes,"{""count_fp"":""3.00"",""created_time"":""2026-04-28T17:24:47.850317Z"",""no_price_dollars"":""0.1700"",""taker_side"":""yes"",""ticker"":""KXETH15M-26APR281330-30"",""trade_id"":""7e167221-98d6-6ec4-68c5-99f52dd19fd1"",""yes_price_dollars"":""0.8300""}"
KXETH15M-26APR281330-30,afa89c2c-0755-69ae-ce2b-a73ef242c87f,1777397088,0.81,1.0,no,"{""count_fp"":""1.00"",""created_time"":""2026-04-28T17:24:48.999859Z"",""no_price_dollars"":""0.1900"",""taker_side"":""no"",""ticker"":""KXETH15M-26APR281330-30"",""trade_id"":""afa89c2c-0755-69ae-ce2b-a73ef242c87f"",""yes_price_dollars"":""0.8100""}"
KXETH15M-26APR281330-30,fade8472-70ee-7bb0-ca03-216d314832b5,1777397090,0.83,3.0,yes,"{""count_fp"":""3.00"",""created_time"":""2026-04-28T17:24:50.132172Z"",""no_price_dollars"":""0.1700"",""taker_side"":""yes"",""ticker"":""KXETH15M-26APR281330-30"",""trade_id"":""fade8472-70ee-7bb0-ca03-216d314832b5"",""yes_price_dollars"":""0.8300""}"
KXETH15M-26APR281330-30,bdab1d16-8fa3-4f61-fa5b-41736f59a7e2,1777397091,0.83,5.62,no,"{""count_fp"":""5.62"",""created_time"":""2026-04-28T17:24:51.704562Z"",""no_price_dollars"":""0.1700"",""taker_side"":""no"",""ticker"":""KXETH15M-26APR281330-30"",""trade_id"":""bdab1d16-8fa3-4f61-fa5b-41736f59a7e2"",""yes_price_dollars"":""0.8300""}"
KXETH15M-26APR281330-30,5ef5e440-5c26-6d65-8eb0-78f9b5a3dd75,1777397092,0.85,5.55,yes,"{""count_fp"":""5.55"",""created_time"":""2026-04-28T17:24:52.325356Z"",""no_price_dollars"":""0.1500"",""taker_side"":""yes"",""ticker"":""KXETH15M-26APR281330-30"",""trade_id"":""5ef5e440-5c26-6d65-8eb0-78f9b5a3dd75"",""yes_price_dollars"":""0.8500""}"
KXETH15M-26APR281330-30,37d109e4-aefe-62de-9af9-c3e3d0cdba6f,1777397092,0.84,1.0,yes,"{""count_fp"":""1.00"",""created_time"":""2026-04-28T17:24:52.325356Z"",""no_price_dollars"":""0.1600"",""taker_side"":""yes"",""ticker"":""KXETH15M-26APR281330-30"",""trade_id"":""37d109e4-aefe-62de-9af9-c3e3d0cdba6f"",""yes_price_dollars"":""0.8400""}"
KXETH15M-26APR281330-30,10a94431-9a87-7302-65a9-045bf63cd699,1777397093,0.86,7.0,yes,"{""count_fp"":""7.00"",""created_time"":""2026-04-28T17:24:53.813174Z"",""no_price_dollars"":""0.1400"",""taker_side"":""yes"",""ticker"":""KXETH15M-26APR281330-30"",""trade_id"":""10a94431-9a87-7302-65a9-045bf63cd699"",""yes_price_dollars"":""0.8600""}"
KXETH15M-26APR281330-30,137b9de9-aa35-7cf3-31d0-7984432cd5cd,1777397094,0.83,1.0,no,"{""count_fp"":""1.00"",""created_time"":""2026-04-28T17:24:54.991724Z"",""no_price_dollars"":""0.1700"",""taker_side"":""no"",""ticker"":""KXETH15M-26APR281330-30"",""trade_id"":""137b9de9-aa35-7cf3-31d0-7984432cd5cd"",""yes_price_dollars"":""0.8300""}"
KXETH15M-26APR281330-30,3b07e458-77e1-5de6-6220-694949a47898,1777397094,0.86,78.0,yes,"{""count_fp"":""78.00"",""created_time"":""2026-04-28T17:24:54.387298Z"",""no_price_dollars"":""0.1400"",""taker_side"":""yes"",""ticker"":""KXETH15M-26APR281330-30"",""trade_id"":""3b07e458-77e1-5de6-6220-694949a47898"",""yes_price_dollars"":""0.8600""}"
KXETH15M-26APR281330-30,20b65b0e-a505-6b46-d8f1-6fa1ca792990,1777397094,0.86,7.0,yes,"{""count_fp"":""7.00"",""created_time"":""2026-04-28T17:24:54.346381Z"",""no_price_dollars"":""0.1400"",""taker_side"":""yes"",""ticker"":""KXETH15M-26APR281330-30"",""trade_id"":""20b65b0e-a505-6b46-d8f1-6fa1ca792990"",""yes_price_dollars"":""0.8600""}"
KXETH15M-26APR281330-30,5437b034-d469-5fca-e7da-d0649dc01594,1777397094,0.86,26.0,yes,"{""count_fp"":""26.00"",""created_time"":""2026-04-28T17:24:54.212303Z"",""no_price_dollars"":""0.1400"",""taker_side"":""yes"",""ticker"":""KXETH15M-26APR281330-30"",""trade_id"":""5437b034-d469-5fca-e7da-d0649dc01594"",""yes_price_dollars"":""0.8600""}"
KXETH15M-26APR281330-30,8c5f041d-1e25-6b72-1cde-82d5b03cc160,1777397094,0.86,7.0,yes,"{""count_fp"":""7.00"",""created_time"":""2026-04-28T17:24:54.205125Z"",""no_price_dollars"":""0.1400"",""taker_side"":""yes"",""ticker"":""KXETH15M-26APR281330-30"",""trade_id"":""8c5f041d-1e25-6b72-1cde-82d5b03cc160"",""yes_price_dollars"":""0.8600""}"
KXETH15M-26APR281330-30,d63ec26e-bc09-6d04-77f1-7a97a4cde41f,1777397094,0.8,5.34,no,"{""count_fp"":""5.34"",""created_time"":""2026-04-28T17:24:54.114875Z"",""no_price_dollars"":""0.2000"",""taker_side"":""no"",""ticker"":""KXETH15M-26APR281330-30"",""trade_id"":""d63ec26e-bc09-6d04-77f1-7a97a4cde41f"",""yes_price_dollars"":""0.8000""}"
KXETH15M-26APR281330-30,9c9eea2d-8379-6c92-96da-dd47107ed098,1777397094,0.86,8.0,yes,"{""count_fp"":""8.00"",""created_time"":""2026-04-28T17:24:54.099879Z"",""no_price_dollars"":""0.1400"",""taker_side"":""yes"",""ticker"":""KXETH15M-26APR281330-30"",""trade_id"":""9c9eea2d-8379-6c92-96da-dd47107ed098"",""yes_price_dollars"":""0.8600""}"
KXETH15M-26APR281330-30,3c0b4b6e-4144-4fa5-16cf-4f955894e564,1777397095,0.85,20.0,yes,"{""count_fp"":""20.00"",""created_time"":""2026-04-28T17:24:55.653175Z"",""no_price_dollars"":""0.1500"",""taker_side"":""yes"",""ticker"":""KXETH15M-26APR281330-30"",""trade_id"":""3c0b4b6e-4144-4fa5-16cf-4f955894e564"",""yes_price_dollars"":""0.8500""}"
KXETH15M-26APR281330-30,39cc4a51-c077-4e09-308b-beb8037a38eb,1777397095,0.84,5.0,yes,"{""count_fp"":""5.00"",""created_time"":""2026-04-28T17:24:55.653175Z"",""no_price_dollars"":""0.1600"",""taker_side"":""yes"",""ticker"":""KXETH15M-26APR281330-30"",""trade_id"":""39cc4a51-c077-4e09-308b-beb8037a38eb"",""yes_price_dollars"":""0.8400""}"
KXETH15M-26APR281330-30,98687aa3-06f7-50c4-f911-7d9dc8bccd28,1777397097,0.8,0.79,no,"{""count_fp"":""0.79"",""created_time"":""2026-04-28T17:24:57.887632Z"",""no_price_dollars"":""0.2000"",""taker_side"":""no"",""ticker"":""KXETH15M-26APR281330-30"",""trade_id"":""98687aa3-06f7-50c4-f911-7d9dc8bccd28"",""yes_price_dollars"":""0.8000""}"
KXETH15M-26APR281330-30,ecd58f7d-2a2b-50d9-0838-c86752a8b47e,1777397097,0.83,5.0,no,"{""count_fp"":""5.00"",""created_time"":""2026-04-28T17:24:57.392887Z"",""no_price_dollars"":""0.1700"",""taker_side"":""no"",""ticker"":""KXETH15M-26APR281330-30"",""trade_id"":""ecd58f7d-2a2b-50d9-0838-c86752a8b47e"",""yes_price_dollars"":""0.8300""}"
KXETH15M-26APR281330-30,1949eacd-d93f-6421-f617-8e3f4c6a450d,1777397097,0.82,5.0,yes,"{""count_fp"":""5.00"",""created_time"":""2026-04-28T17:24:57.328733Z"",""no_price_dollars"":""0.1800"",""taker_side"":""yes"",""ticker"":""KXETH15M-26APR281330-30"",""trade_id"":""1949eacd-d93f-6421-f617-8e3f4c6a450d"",""yes_price_dollars"":""0.8200""}"
KXETH15M-26APR281330-30,79935e50-4e80-701a-ffed-8e11d75e6a69,1777397098,0.83,2.0,yes,"{""count_fp"":""2.00"",""created_time"":""2026-04-28T17:24:58.850466Z"",""no_price_dollars"":""0.1700"",""taker_side"":""yes"",""ticker"":""KXETH15M-26APR281330-30"",""trade_id"":""79935e50-4e80-701a-ffed-8e11d75e6a69"",""yes_price_dollars"":""0.8300""}"
KXETH15M-26APR281330-30,cd6be34c-8b06-7541-f269-4960866233f4,1777397101,0.82,1.0,yes,"{""count_fp"":""1.00"",""created_time"":""2026-04-28T17:25:01.975289Z"",""no_price_dollars"":""0.1800"",""taker_side"":""yes"",""ticker"":""KXETH15M-26APR281330-30"",""trade_id"":""cd6be34c-8b06-7541-f269-4960866233f4"",""yes_price_dollars"":""0.8200""}"
KXETH15M-26APR281330-30,0373c2cd-cde3-5f20-7cc0-06137802d720,1777397101,0.81,0.21,no,"{""count_fp"":""0.21"",""created_time"":""2026-04-28T17:25:01.940021Z"",""no_price_dollars"":""0.1900"",""taker_side"":""no"",""ticker"":""KXETH15M-26APR281330-30"",""trade_id"":""0373c2cd-cde3-5f20-7cc0-06137802d720"",""yes_price_dollars"":""0.8100""}"
KXETH15M-26APR281330-30,06e26b16-c6c3-4aec-3aba-e49d9dcda7a8,1777397101,0.81,16.0,no,"{""count_fp"":""16.00"",""created_time"":""2026-04-28T17:25:01.939642Z"",""no_price_dollars"":""0.1900"",""taker_side"":""no"",""ticker"":""KXETH15M-26APR281330-30"",""trade_id"":""06e26b16-c6c3-4aec-3aba-e49d9dcda7a8"",""yes_price_dollars"":""0.8100""}"
KXETH15M-26APR281330-30,52d9f3d5-f2b3-6037-622e-50e008b50466,1777397101,0.82,8.94,no,"{""count_fp"":""8.94"",""created_time"":""2026-04-28T17:25:01.251925Z"",""no_price_dollars"":""0.1800"",""taker_side"":""no"",""ticker"":""KXETH15M-26APR281330-30"",""trade_id"":""52d9f3d5-f2b3-6037-622e-50e008b50466"",""yes_price_dollars"":""0.8200""}"
KXETH15M-26APR281330-30,a7e50fb4-af22-757d-1ed0-8f155b44ddf0,1777397102,0.82,3.0,yes,"{""count_fp"":""3.00"",""created_time"":""2026-04-28T17:25:02.407507Z"",""no_price_dollars"":""0.1800"",""taker_side"":""yes"",""ticker"":""KXETH15M-26APR281330-30"",""trade_id"":""a7e50fb4-af22-757d-1ed0-8f155b44ddf0"",""yes_price_dollars"":""0.8200""}"
KXETH15M-26APR281330-30,7dd460e0-1956-6536-7c7f-823a0f22b714,1777397103,0.82,1.0,yes,"{""count_fp"":""1.00"",""created_time"":""2026-04-28T17:25:03.555874Z"",""no_price_dollars"":""0.1800"",""taker_side"":""yes"",""ticker"":""KXETH15M-26APR281330-30"",""trade_id"":""7dd460e0-1956-6536-7c7f-823a0f22b714"",""yes_price_dollars"":""0.8200""}"
KXETH15M-26APR281330-30,58af4061-792e-41bd-da9d-0e36e0caa9d0,1777397103,0.82,1.0,yes,"{""count_fp"":""1.00"",""created_time"":""2026-04-28T17:25:03.012759Z"",""no_price_dollars"":""0.1800"",""taker_side"":""yes"",""ticker"":""KXETH15M-26APR281330-30"",""trade_id"":""58af4061-792e-41bd-da9d-0e36e0caa9d0"",""yes_price_dollars"":""0.8200""}"
KXETH15M-26APR281330-30,8859a125-d1d9-5e08-9230-668c044198de,1777397105,0.8,100.0,no,"{""count_fp"":""100.00"",""created_time"":""2026-04-28T17:25:05.548897Z"",""no_price_dollars"":""0.2000"",""taker_side"":""no"",""ticker"":""KXETH15M-26APR281330-30"",""trade_id"":""8859a125-d1d9-5e08-9230-668c044198de"",""yes_price_dollars"":""0.8000""}"
KXETH15M-26APR281330-30,853320d7-19c3-5ccf-9250-b0b42685bb10,1777397105,0.8,20.0,no,"{""count_fp"":""20.00"",""created_time"":""2026-04-28T17:25:05.548897Z"",""no_price_dollars"":""0.2000"",""taker_side"":""no"",""ticker"":""KXETH15M-26APR281330-30"",""trade_id"":""853320d7-19c3-5ccf-9250-b0b42685bb10"",""yes_price_dollars"":""0.8000""}"
KXETH15M-26APR281330-30,34326857-ce3b-6670-0849-0fb6d0bcda93,1777397105,0.82,10.0,no,"{""count_fp"":""10.00"",""created_time"":""2026-04-28T17:25:05.194504Z"",""no_price_dollars"":""0.1800"",""taker_side"":""no"",""ticker"":""KXETH15M-26APR281330-30"",""trade_id"":""34326857-ce3b-6670-0849-0fb6d0bcda93"",""yes_price_dollars"":""0.8200""}"
KXETH15M-26APR281330-30,5dba3559-449a-68a9-c373-5132f519d614,1777397106,0.81,1.0,yes,"{""count_fp"":""1.00"",""created_time"":""2026-04-28T17:25:06.264805Z"",""no_price_dollars"":""0.1900"",""taker_side"":""yes"",""ticker"":""KXETH15M-26APR281330-30"",""trade_id"":""5dba3559-449a-68a9-c373-5132f519d614"",""yes_price_dollars"":""0.8100""}"
KXETH15M-26APR281330-30,ed2339f0-5233-5344-feb8-888f972a6cbe,1777397107,0.83,3.0,yes,"{""count_fp"":""3.00"",""created_time"":""2026-04-28T17:25:07.916476Z"",""no_price_dollars"":""0.1700"",""taker_side"":""yes"",""ticker"":""KXETH15M-26APR281330-30"",""trade_id"":""ed2339f0-5233-5344-feb8-888f972a6cbe"",""yes_price_dollars"":""0.8300""}"
KXETH15M-26APR281330-30,b4b535b8-4f50-7b33-50b5-977909533808,1777397107,0.81,4.0,yes,"{""count_fp"":""4.00"",""created_time"":""2026-04-28T17:25:07.916197Z"",""no_price_dollars"":""0.1900"",""taker_side"":""yes"",""ticker"":""KXETH15M-26APR281330-30"",""trade_id"":""b4b535b8-4f50-7b33-50b5-977909533808"",""yes_price_dollars"":""0.8100""}"
