ticker,trade_id,ts,yes_price,count,taker_side,raw_json
KXETH15M-26APR281100-00,c08e1225-b4cb-5c8e-9b4e-dafe5d3a9a65,1777387508,0.61,50.16,yes,"{""count_fp"":""50.16"",""created_time"":""2026-04-28T14:45:08.083753Z"",""no_price_dollars"":""0.3900"",""taker_side"":""yes"",""ticker"":""KXETH15M-26APR281100-00"",""trade_id"":""c08e1225-b4cb-5c8e-9b4e-dafe5d3a9a65"",""yes_price_dollars"":""0.6100""}"
KXETH15M-26APR281100-00,9659cb9f-0f8f-58df-9be6-b90fdf627628,1777387508,0.61,100.0,yes,"{""count_fp"":""100.00"",""created_time"":""2026-04-28T14:45:08.083753Z"",""no_price_dollars"":""0.3900"",""taker_side"":""yes"",""ticker"":""KXETH15M-26APR281100-00"",""trade_id"":""9659cb9f-0f8f-58df-9be6-b90fdf627628"",""yes_price_dollars"":""0.6100""}"
KXETH15M-26APR281100-00,c941583e-19ae-6edc-fed7-90ce142d4d30,1777387510,0.62,7.19,yes,"{""count_fp"":""7.19"",""created_time"":""2026-04-28T14:45:10.283219Z"",""no_price_dollars"":""0.3800"",""taker_side"":""yes"",""ticker"":""KXETH15M-26APR281100-00"",""trade_id"":""c941583e-19ae-6edc-fed7-90ce142d4d30"",""yes_price_dollars"":""0.6200""}"
KXETH15M-26APR281100-00,b0af653c-f02d-6f16-3c23-32dcccb8dbe5,1777387514,0.5,1.0,no,"{""count_fp"":""1.00"",""created_time"":""2026-04-28T14:45:14.672621Z"",""no_price_dollars"":""0.5000"",""taker_side"":""no"",""ticker"":""KXETH15M-26APR281100-00"",""trade_id"":""b0af653c-f02d-6f16-3c23-32dcccb8dbe5"",""yes_price_dollars"":""0.5000""}"
KXETH15M-26APR281100-00,01a8a1ac-030d-6c45-3aee-d6b19917496c,1777387514,0.5,1.0,no,"{""count_fp"":""1.00"",""created_time"":""2026-04-28T14:45:14.672621Z"",""no_price_dollars"":""0.5000"",""taker_side"":""no"",""ticker"":""KXETH15M-26APR281100-00"",""trade_id"":""01a8a1ac-030d-6c45-3aee-d6b19917496c"",""yes_price_dollars"":""0.5000""}"
KXETH15M-26APR281100-00,b89b823b-6e99-74b8-4d38-1c970c795552,1777387523,0.44,1.0,no,"{""count_fp"":""1.00"",""created_time"":""2026-04-28T14:45:23.546677Z"",""no_price_dollars"":""0.5600"",""taker_side"":""no"",""ticker"":""KXETH15M-26APR281100-00"",""trade_id"":""b89b823b-6e99-74b8-4d38-1c970c795552"",""yes_price_dollars"":""0.4400""}"
KXETH15M-26APR281100-00,743c3703-e19f-7ae7-247e-d4681e1cc62f,1777387524,0.48,2.0,yes,"{""count_fp"":""2.00"",""created_time"":""2026-04-28T14:45:24.323291Z"",""no_price_dollars"":""0.5200"",""taker_side"":""yes"",""ticker"":""KXETH15M-26APR281100-00"",""trade_id"":""743c3703-e19f-7ae7-247e-d4681e1cc62f"",""yes_price_dollars"":""0.4800""}"
KXETH15M-26APR281100-00,5deb17c4-c4ef-70ae-323a-23421746864f,1777387524,0.5,7.72,yes,"{""count_fp"":""7.72"",""created_time"":""2026-04-28T14:45:24.323291Z"",""no_price_dollars"":""0.5000"",""taker_side"":""yes"",""ticker"":""KXETH15M-26APR281100-00"",""trade_id"":""5deb17c4-c4ef-70ae-323a-23421746864f"",""yes_price_dollars"":""0.5000""}"
KXETH15M-26APR281100-00,a360d96b-1983-77e2-c6a8-8e3229e8dcab,1777387525,0.5,0.28,yes,"{""count_fp"":""0.28"",""created_time"":""2026-04-28T14:45:25.445169Z"",""no_price_dollars"":""0.5000"",""taker_side"":""yes"",""ticker"":""KXETH15M-26APR281100-00"",""trade_id"":""a360d96b-1983-77e2-c6a8-8e3229e8dcab"",""yes_price_dollars"":""0.5000""}"
KXETH15M-26APR281100-00,9a069643-f247-74b6-cda7-83cfaa51d8fc,1777387525,0.5,5.72,yes,"{""count_fp"":""5.72"",""created_time"":""2026-04-28T14:45:25.445169Z"",""no_price_dollars"":""0.5000"",""taker_side"":""yes"",""ticker"":""KXETH15M-26APR281100-00"",""trade_id"":""9a069643-f247-74b6-cda7-83cfaa51d8fc"",""yes_price_dollars"":""0.5000""}"
KXETH15M-26APR281100-00,94d6ba1a-91d3-75eb-fb04-6d58a9b84f25,1777387525,0.5,1.0,yes,"{""count_fp"":""1.00"",""created_time"":""2026-04-28T14:45:25.445169Z"",""no_price_dollars"":""0.5000"",""taker_side"":""yes"",""ticker"":""KXETH15M-26APR281100-00"",""trade_id"":""94d6ba1a-91d3-75eb-fb04-6d58a9b84f25"",""yes_price_dollars"":""0.5000""}"
KXETH15M-26APR281100-00,960c5d78-9ba9-7192-b91c-8d4c7bbe8fc5,1777387530,0.47,2.0,no,"{""count_fp"":""2.00"",""created_time"":""2026-04-28T14:45:30.893143Z"",""no_price_dollars"":""0.5300"",""taker_side"":""no"",""ticker"":""KXETH15M-26APR281100-00"",""trade_id"":""960c5d78-9ba9-7192-b91c-8d4c7bbe8fc5"",""yes_price_dollars"":""0.4700""}"
KXETH15M-26APR281100-00,fa1708fd-1339-7cc2-a936-84cb3f3f014d,1777387531,0.47,6.0,no,"{""count_fp"":""6.00"",""created_time"":""2026-04-28T14:45:31.772369Z"",""no_price_dollars"":""0.5300"",""taker_side"":""no"",""ticker"":""KXETH15M-26APR281100-00"",""trade_id"":""fa1708fd-1339-7cc2-a936-84cb3f3f014d"",""yes_price_dollars"":""0.4700""}"
KXETH15M-26APR281100-00,838ce89e-7c16-6e17-46e3-0b611f49b029,1777387533,0.47,2.0,no,"{""count_fp"":""2.00"",""created_time"":""2026-04-28T14:45:33.919213Z"",""no_price_dollars"":""0.5300"",""taker_side"":""no"",""ticker"":""KXETH15M-26APR281100-00"",""trade_id"":""838ce89e-7c16-6e17-46e3-0b611f49b029"",""yes_price_dollars"":""0.4700""}"
KXETH15M-26APR281100-00,4f16c7fd-393c-6580-e586-4221bd63494a,1777387533,0.5,1.0,yes,"{""count_fp"":""1.00"",""created_time"":""2026-04-28T14:45:33.499948Z"",""no_price_dollars"":""0.5000"",""taker_side"":""yes"",""ticker"":""KXETH15M-26APR281100-00"",""trade_id"":""4f16c7fd-393c-6580-e586-4221bd63494a"",""yes_price_dollars"":""0.5000""}"
KXETH15M-26APR281100-00,7db7932c-4e3e-46f5-fda1-26bbb6e9b717,1777387534,0.45,10.0,no,"{""count_fp"":""10.00"",""created_time"":""2026-04-28T14:45:34.906071Z"",""no_price_dollars"":""0.5500"",""taker_side"":""no"",""ticker"":""KXETH15M-26APR281100-00"",""trade_id"":""7db7932c-4e3e-46f5-fda1-26bbb6e9b717"",""yes_price_dollars"":""0.4500""}"
KXETH15M-26APR281100-00,4937d1c2-1c59-7c65-e170-2a90ba73e3f6,1777387537,0.47,8.0,yes,"{""count_fp"":""8.00"",""created_time"":""2026-04-28T14:45:37.159177Z"",""no_price_dollars"":""0.5300"",""taker_side"":""yes"",""ticker"":""KXETH15M-26APR281100-00"",""trade_id"":""4937d1c2-1c59-7c65-e170-2a90ba73e3f6"",""yes_price_dollars"":""0.4700""}"
KXETH15M-26APR281100-00,0256b697-e8e5-7939-d3df-a4a567889631,1777387537,0.48,47.0,yes,"{""count_fp"":""47.00"",""created_time"":""2026-04-28T14:45:37.159177Z"",""no_price_dollars"":""0.5200"",""taker_side"":""yes"",""ticker"":""KXETH15M-26APR281100-00"",""trade_id"":""0256b697-e8e5-7939-d3df-a4a567889631"",""yes_price_dollars"":""0.4800""}"
KXETH15M-26APR281100-00,127b9a18-7c52-4771-50a4-f3726bd6d13f,1777387545,0.45,10.0,no,"{""count_fp"":""10.00"",""created_time"":""2026-04-28T14:45:45.753469Z"",""no_price_dollars"":""0.5500"",""taker_side"":""no"",""ticker"":""KXETH15M-26APR281100-00"",""trade_id"":""127b9a18-7c52-4771-50a4-f3726bd6d13f"",""yes_price_dollars"":""0.4500""}"
KXETH15M-26APR281100-00,c31df0e3-4dda-4569-11be-e41688049ba3,1777387545,0.45,10.0,no,"{""count_fp"":""10.00"",""created_time"":""2026-04-28T14:45:45.705666Z"",""no_price_dollars"":""0.5500"",""taker_side"":""no"",""ticker"":""KXETH15M-26APR281100-00"",""trade_id"":""c31df0e3-4dda-4569-11be-e41688049ba3"",""yes_price_dollars"":""0.4500""}"
KXETH15M-26APR281100-00,4134d0f3-c85a-7b61-d21b-4b2dccbce37b,1777387546,0.45,10.0,no,"{""count_fp"":""10.00"",""created_time"":""2026-04-28T14:45:46.925058Z"",""no_price_dollars"":""0.5500"",""taker_side"":""no"",""ticker"":""KXETH15M-26APR281100-00"",""trade_id"":""4134d0f3-c85a-7b61-d21b-4b2dccbce37b"",""yes_price_dollars"":""0.4500""}"
KXETH15M-26APR281100-00,ed2291ee-a455-61c5-cbb3-e2db92a4e49d,1777387546,0.49,17.47,yes,"{""count_fp"":""17.47"",""created_time"":""2026-04-28T14:45:46.483833Z"",""no_price_dollars"":""0.5100"",""taker_side"":""yes"",""ticker"":""KXETH15M-26APR281100-00"",""trade_id"":""ed2291ee-a455-61c5-cbb3-e2db92a4e49d"",""yes_price_dollars"":""0.4900""}"
KXETH15M-26APR281100-00,82b52db2-f854-6f02-dea1-a7ded19672a7,1777387546,0.46,10.0,yes,"{""count_fp"":""10.00"",""created_time"":""2026-04-28T14:45:46.483833Z"",""no_price_dollars"":""0.5400"",""taker_side"":""yes"",""ticker"":""KXETH15M-26APR281100-00"",""trade_id"":""82b52db2-f854-6f02-dea1-a7ded19672a7"",""yes_price_dollars"":""0.4600""}"
KXETH15M-26APR281100-00,2711b15e-4453-6240-e9c7-4b2b8491bd80,1777387546,0.48,10.0,yes,"{""count_fp"":""10.00"",""created_time"":""2026-04-28T14:45:46.483833Z"",""no_price_dollars"":""0.5200"",""taker_side"":""yes"",""ticker"":""KXETH15M-26APR281100-00"",""trade_id"":""2711b15e-4453-6240-e9c7-4b2b8491bd80"",""yes_price_dollars"":""0.4800""}"
KXETH15M-26APR281100-00,15c57c3a-a012-65d6-c210-d4e4413ca6eb,1777387546,0.47,2.0,yes,"{""count_fp"":""2.00"",""created_time"":""2026-04-28T14:45:46.483833Z"",""no_price_dollars"":""0.5300"",""taker_side"":""yes"",""ticker"":""KXETH15M-26APR281100-00"",""trade_id"":""15c57c3a-a012-65d6-c210-d4e4413ca6eb"",""yes_price_dollars"":""0.4700""}"
KXETH15M-26APR281100-00,6ce3af7a-aa2e-53c9-83fd-2edce9116e7f,1777387546,0.45,7.19,no,"{""count_fp"":""7.19"",""created_time"":""2026-04-28T14:45:46.430851Z"",""no_price_dollars"":""0.5500"",""taker_side"":""no"",""ticker"":""KXETH15M-26APR281100-00"",""trade_id"":""6ce3af7a-aa2e-53c9-83fd-2edce9116e7f"",""yes_price_dollars"":""0.4500""}"
KXETH15M-26APR281100-00,8cc16283-bb6a-6bc9-ed9b-43c579f619b3,1777387547,0.45,150.16,no,"{""count_fp"":""150.16"",""created_time"":""2026-04-28T14:45:47.818568Z"",""no_price_dollars"":""0.5500"",""taker_side"":""no"",""ticker"":""KXETH15M-26APR281100-00"",""trade_id"":""8cc16283-bb6a-6bc9-ed9b-43c579f619b3"",""yes_price_dollars"":""0.4500""}"
KXETH15M-26APR281100-00,da2e71e1-f321-64b6-049c-24a3812f7ab6,1777387547,0.46,10.0,yes,"{""count_fp"":""10.00"",""created_time"":""2026-04-28T14:45:47.598443Z"",""no_price_dollars"":""0.5400"",""taker_side"":""yes"",""ticker"":""KXETH15M-26APR281100-00"",""trade_id"":""da2e71e1-f321-64b6-049c-24a3812f7ab6"",""yes_price_dollars"":""0.4600""}"
KXETH15M-26APR281100-00,70be8c46-69c4-656a-2dc0-e2def15e5a08,1777387547,0.48,10.0,yes,"{""count_fp"":""10.00"",""created_time"":""2026-04-28T14:45:47.598443Z"",""no_price_dollars"":""0.5200"",""taker_side"":""yes"",""ticker"":""KXETH15M-26APR281100-00"",""trade_id"":""70be8c46-69c4-656a-2dc0-e2def15e5a08"",""yes_price_dollars"":""0.4800""}"
KXETH15M-26APR281100-00,259ff167-a965-65dd-3d19-494d066a7571,1777387547,0.49,10.01,yes,"{""count_fp"":""10.01"",""created_time"":""2026-04-28T14:45:47.598443Z"",""no_price_dollars"":""0.5100"",""taker_side"":""yes"",""ticker"":""KXETH15M-26APR281100-00"",""trade_id"":""259ff167-a965-65dd-3d19-494d066a7571"",""yes_price_dollars"":""0.4900""}"
KXETH15M-26APR281100-00,d099fd72-a12a-6d56-b322-4333776b9f9d,1777387547,0.48,2.0,yes,"{""count_fp"":""2.00"",""created_time"":""2026-04-28T14:45:47.023879Z"",""no_price_dollars"":""0.5200"",""taker_side"":""yes"",""ticker"":""KXETH15M-26APR281100-00"",""trade_id"":""d099fd72-a12a-6d56-b322-4333776b9f9d"",""yes_price_dollars"":""0.4800""}"
KXETH15M-26APR281100-00,773cd433-13e7-6325-a4af-22d6ef1e222a,1777387550,0.44,40.0,no,"{""count_fp"":""40.00"",""created_time"":""2026-04-28T14:45:50.557289Z"",""no_price_dollars"":""0.5600"",""taker_side"":""no"",""ticker"":""KXETH15M-26APR281100-00"",""trade_id"":""773cd433-13e7-6325-a4af-22d6ef1e222a"",""yes_price_dollars"":""0.4400""}"
KXETH15M-26APR281100-00,cb1a328d-5a78-79a2-24a3-ca24288e4ce0,1777387553,0.4,5.0,no,"{""count_fp"":""5.00"",""created_time"":""2026-04-28T14:45:53.816061Z"",""no_price_dollars"":""0.6000"",""taker_side"":""no"",""ticker"":""KXETH15M-26APR281100-00"",""trade_id"":""cb1a328d-5a78-79a2-24a3-ca24288e4ce0"",""yes_price_dollars"":""0.4000""}"
KXETH15M-26APR281100-00,e7f0c5be-cbf9-4e79-3920-f49843662bd9,1777387553,0.43,60.3,yes,"{""count_fp"":""60.30"",""created_time"":""2026-04-28T14:45:53.351927Z"",""no_price_dollars"":""0.5700"",""taker_side"":""yes"",""ticker"":""KXETH15M-26APR281100-00"",""trade_id"":""e7f0c5be-cbf9-4e79-3920-f49843662bd9"",""yes_price_dollars"":""0.4300""}"
KXETH15M-26APR281100-00,ed5e18e9-7a19-42df-a73e-0f6781cc1e0f,1777387555,0.39,2.0,no,"{""count_fp"":""2.00"",""created_time"":""2026-04-28T14:45:55.518Z"",""no_price_dollars"":""0.6100"",""taker_side"":""no"",""ticker"":""KXETH15M-26APR281100-00"",""trade_id"":""ed5e18e9-7a19-42df-a73e-0f6781cc1e0f"",""yes_price_dollars"":""0.3900""}"
KXETH15M-26APR281100-00,7f706c79-54d9-7460-143c-d3b70c98110a,1777387557,0.36,10.0,no,"{""count_fp"":""10.00"",""created_time"":""2026-04-28T14:45:57.606841Z"",""no_price_dollars"":""0.6400"",""taker_side"":""no"",""ticker"":""KXETH15M-26APR281100-00"",""trade_id"":""7f706c79-54d9-7460-143c-d3b70c98110a"",""yes_price_dollars"":""0.3600""}"
KXETH15M-26APR281100-00,57f61227-4e93-7f71-016a-455bf2bbe5c7,1777387557,0.36,7.5,no,"{""count_fp"":""7.50"",""created_time"":""2026-04-28T14:45:57.606841Z"",""no_price_dollars"":""0.6400"",""taker_side"":""no"",""ticker"":""KXETH15M-26APR281100-00"",""trade_id"":""57f61227-4e93-7f71-016a-455bf2bbe5c7"",""yes_price_dollars"":""0.3600""}"
KXETH15M-26APR281100-00,3ef80988-b915-77b6-1964-cd64090ec071,1777387557,0.36,282.96,no,"{""count_fp"":""282.96"",""created_time"":""2026-04-28T14:45:57.606841Z"",""no_price_dollars"":""0.6400"",""taker_side"":""no"",""ticker"":""KXETH15M-26APR281100-00"",""trade_id"":""3ef80988-b915-77b6-1964-cd64090ec071"",""yes_price_dollars"":""0.3600""}"
KXETH15M-26APR281100-00,eb3716db-a333-55af-505b-93a57666af69,1777387557,0.4,2.0,yes,"{""count_fp"":""2.00"",""created_time"":""2026-04-28T14:45:57.524884Z"",""no_price_dollars"":""0.6000"",""taker_side"":""yes"",""ticker"":""KXETH15M-26APR281100-00"",""trade_id"":""eb3716db-a333-55af-505b-93a57666af69"",""yes_price_dollars"":""0.4000""}"
KXETH15M-26APR281100-00,5ccab300-cf61-56f6-4cb2-b8b8a240b1ad,1777387557,0.4,31.35,yes,"{""count_fp"":""31.35"",""created_time"":""2026-04-28T14:45:57.524884Z"",""no_price_dollars"":""0.6000"",""taker_side"":""yes"",""ticker"":""KXETH15M-26APR281100-00"",""trade_id"":""5ccab300-cf61-56f6-4cb2-b8b8a240b1ad"",""yes_price_dollars"":""0.4000""}"
KXETH15M-26APR281100-00,1a997f5c-cb53-5229-7c30-4557c22b003e,1777387557,0.38,4.0,yes,"{""count_fp"":""4.00"",""created_time"":""2026-04-28T14:45:57.524884Z"",""no_price_dollars"":""0.6200"",""taker_side"":""yes"",""ticker"":""KXETH15M-26APR281100-00"",""trade_id"":""1a997f5c-cb53-5229-7c30-4557c22b003e"",""yes_price_dollars"":""0.3800""}"
KXETH15M-26APR281100-00,099d2dcc-8870-5dae-6aec-ad349815db17,1777387557,0.4,10.0,yes,"{""count_fp"":""10.00"",""created_time"":""2026-04-28T14:45:57.524884Z"",""no_price_dollars"":""0.6000"",""taker_side"":""yes"",""ticker"":""KXETH15M-26APR281100-00"",""trade_id"":""099d2dcc-8870-5dae-6aec-ad349815db17"",""yes_price_dollars"":""0.4000""}"
KXETH15M-26APR281100-00,aad527fd-f6c9-70b1-1273-87a137fb5fd1,1777387559,0.41,1.0,yes,"{""count_fp"":""1.00"",""created_time"":""2026-04-28T14:45:59.331198Z"",""no_price_dollars"":""0.5900"",""taker_side"":""yes"",""ticker"":""KXETH15M-26APR281100-00"",""trade_id"":""aad527fd-f6c9-70b1-1273-87a137fb5fd1"",""yes_price_dollars"":""0.4100""}"
KXETH15M-26APR281100-00,94dc5a10-ad61-5557-36a6-679c36240f56,1777387562,0.3,13.01,no,"{""count_fp"":""13.01"",""created_time"":""2026-04-28T14:46:02.922393Z"",""no_price_dollars"":""0.7000"",""taker_side"":""no"",""ticker"":""KXETH15M-26APR281100-00"",""trade_id"":""94dc5a10-ad61-5557-36a6-679c36240f56"",""yes_price_dollars"":""0.3000""}"
KXETH15M-26APR281100-00,5f7f463d-f60c-52be-1cee-cad30ba3b86a,1777387562,0.3,2.0,no,"{""count_fp"":""2.00"",""created_time"":""2026-04-28T14:46:02.922393Z"",""no_price_dollars"":""0.7000"",""taker_side"":""no"",""ticker"":""KXETH15M-26APR281100-00"",""trade_id"":""5f7f463d-f60c-52be-1cee-cad30ba3b86a"",""yes_price_dollars"":""0.3000""}"
KXETH15M-26APR281100-00,49e77498-2038-549a-29d5-e90ecde6e938,1777387562,0.31,10.0,no,"{""count_fp"":""10.00"",""created_time"":""2026-04-28T14:46:02.922393Z"",""no_price_dollars"":""0.6900"",""taker_side"":""no"",""ticker"":""KXETH15M-26APR281100-00"",""trade_id"":""49e77498-2038-549a-29d5-e90ecde6e938"",""yes_price_dollars"":""0.3100""}"
KXETH15M-26APR281100-00,43a686f3-90ab-57bb-2aa6-7ce302ead43b,1777387562,0.34,5.0,no,"{""count_fp"":""5.00"",""created_time"":""2026-04-28T14:46:02.922393Z"",""no_price_dollars"":""0.6600"",""taker_side"":""no"",""ticker"":""KXETH15M-26APR281100-00"",""trade_id"":""43a686f3-90ab-57bb-2aa6-7ce302ead43b"",""yes_price_dollars"":""0.3400""}"
KXETH15M-26APR281100-00,1b762525-3808-5840-2bc2-279261ae9536,1777387564,0.29,5.0,no,"{""count_fp"":""5.00"",""created_time"":""2026-04-28T14:46:04.456733Z"",""no_price_dollars"":""0.7100"",""taker_side"":""no"",""ticker"":""KXETH15M-26APR281100-00"",""trade_id"":""1b762525-3808-5840-2bc2-279261ae9536"",""yes_price_dollars"":""0.2900""}"
KXETH15M-26APR281100-00,ad562ce6-87a3-4a33-fd70-7f1661a927ae,1777387565,0.32,3.0,yes,"{""count_fp"":""3.00"",""created_time"":""2026-04-28T14:46:05.986878Z"",""no_price_dollars"":""0.6800"",""taker_side"":""yes"",""ticker"":""KXETH15M-26APR281100-00"",""trade_id"":""ad562ce6-87a3-4a33-fd70-7f1661a927ae"",""yes_price_dollars"":""0.3200""}"
KXETH15M-26APR281100-00,905c6666-3cef-6f2b-1c12-d87d8613c612,1777387566,0.32,7.0,yes,"{""count_fp"":""7.00"",""created_time"":""2026-04-28T14:46:06.172657Z"",""no_price_dollars"":""0.6800"",""taker_side"":""yes"",""ticker"":""KXETH15M-26APR281100-00"",""trade_id"":""905c6666-3cef-6f2b-1c12-d87d8613c612"",""yes_price_dollars"":""0.3200""}"
KXETH15M-26APR281100-00,2f3b86b3-a0d5-4cf3-c27e-f5c5b9afbb56,1777387571,0.28,20.0,no,"{""count_fp"":""20.00"",""created_time"":""2026-04-28T14:46:11.752982Z"",""no_price_dollars"":""0.7200"",""taker_side"":""no"",""ticker"":""KXETH15M-26APR281100-00"",""trade_id"":""2f3b86b3-a0d5-4cf3-c27e-f5c5b9afbb56"",""yes_price_dollars"":""0.2800""}"
KXETH15M-26APR281100-00,51329c48-8375-418a-dbf0-a2a9e7a13511,1777387575,0.3,5.59,no,"{""count_fp"":""5.59"",""created_time"":""2026-04-28T14:46:15.525894Z"",""no_price_dollars"":""0.7000"",""taker_side"":""no"",""ticker"":""KXETH15M-26APR281100-00"",""trade_id"":""51329c48-8375-418a-dbf0-a2a9e7a13511"",""yes_price_dollars"":""0.3000""}"
KXETH15M-26APR281100-00,dc9f5954-66e7-7f3a-76f4-5334955ce331,1777387577,0.34,10.0,yes,"{""count_fp"":""10.00"",""created_time"":""2026-04-28T14:46:17.198707Z"",""no_price_dollars"":""0.6600"",""taker_side"":""yes"",""ticker"":""KXETH15M-26APR281100-00"",""trade_id"":""dc9f5954-66e7-7f3a-76f4-5334955ce331"",""yes_price_dollars"":""0.3400""}"
KXETH15M-26APR281100-00,ac428594-bd0a-7b6c-56bd-7b4e28b3cbeb,1777387577,0.34,4.0,yes,"{""count_fp"":""4.00"",""created_time"":""2026-04-28T14:46:17.198707Z"",""no_price_dollars"":""0.6600"",""taker_side"":""yes"",""ticker"":""KXETH15M-26APR281100-00"",""trade_id"":""ac428594-bd0a-7b6c-56bd-7b4e28b3cbeb"",""yes_price_dollars"":""0.3400""}"
KXETH15M-26APR281100-00,8582379d-3c11-7495-7876-8c87ffd2bf45,1777387577,0.35,16.0,yes,"{""count_fp"":""16.00"",""created_time"":""2026-04-28T14:46:17.198707Z"",""no_price_dollars"":""0.6500"",""taker_side"":""yes"",""ticker"":""KXETH15M-26APR281100-00"",""trade_id"":""8582379d-3c11-7495-7876-8c87ffd2bf45"",""yes_price_dollars"":""0.3500""}"
KXETH15M-26APR281100-00,5c18067d-b4eb-7f13-6ff9-db733a50081a,1777387577,0.34,10.0,yes,"{""count_fp"":""10.00"",""created_time"":""2026-04-28T14:46:17.198707Z"",""no_price_dollars"":""0.6600"",""taker_side"":""yes"",""ticker"":""KXETH15M-26APR281100-00"",""trade_id"":""5c18067d-b4eb-7f13-6ff9-db733a50081a"",""yes_price_dollars"":""0.3400""}"
KXETH15M-26APR281100-00,bb147fa7-a39e-51b1-1717-3289a330e9c6,1777387578,0.3,2.0,no,"{""count_fp"":""2.00"",""created_time"":""2026-04-28T14:46:18.546485Z"",""no_price_dollars"":""0.7000"",""taker_side"":""no"",""ticker"":""KXETH15M-26APR281100-00"",""trade_id"":""bb147fa7-a39e-51b1-1717-3289a330e9c6"",""yes_price_dollars"":""0.3000""}"
KXETH15M-26APR281100-00,03b08bfa-0b78-50f4-1658-60c9f4bd9f22,1777387578,0.3,4.99,no,"{""count_fp"":""4.99"",""created_time"":""2026-04-28T14:46:18.546485Z"",""no_price_dollars"":""0.7000"",""taker_side"":""no"",""ticker"":""KXETH15M-26APR281100-00"",""trade_id"":""03b08bfa-0b78-50f4-1658-60c9f4bd9f22"",""yes_price_dollars"":""0.3000""}"
KXETH15M-26APR281100-00,56b369d7-2478-6e58-3264-11388fac8b32,1777387578,0.3,5.0,no,"{""count_fp"":""5.00"",""created_time"":""2026-04-28T14:46:18.180444Z"",""no_price_dollars"":""0.7000"",""taker_side"":""no"",""ticker"":""KXETH15M-26APR281100-00"",""trade_id"":""56b369d7-2478-6e58-3264-11388fac8b32"",""yes_price_dollars"":""0.3000""}"
KXETH15M-26APR281100-00,a4b0a18a-39e9-5a07-0a95-bcc9f2af750e,1777387582,0.29,5.0,no,"{""count_fp"":""5.00"",""created_time"":""2026-04-28T14:46:22.598889Z"",""no_price_dollars"":""0.7100"",""taker_side"":""no"",""ticker"":""KXETH15M-26APR281100-00"",""trade_id"":""a4b0a18a-39e9-5a07-0a95-bcc9f2af750e"",""yes_price_dollars"":""0.2900""}"
KXETH15M-26APR281100-00,846a5bca-88a0-6196-a2e3-3631293d29bd,1777387583,0.32,1.0,yes,"{""count_fp"":""1.00"",""created_time"":""2026-04-28T14:46:23.738987Z"",""no_price_dollars"":""0.6800"",""taker_side"":""yes"",""ticker"":""KXETH15M-26APR281100-00"",""trade_id"":""846a5bca-88a0-6196-a2e3-3631293d29bd"",""yes_price_dollars"":""0.3200""}"
KXETH15M-26APR281100-00,c280ced5-f240-7e13-d652-c3184ee7728a,1777387588,0.32,2.0,yes,"{""count_fp"":""2.00"",""created_time"":""2026-04-28T14:46:28.346723Z"",""no_price_dollars"":""0.6800"",""taker_side"":""yes"",""ticker"":""KXETH15M-26APR281100-00"",""trade_id"":""c280ced5-f240-7e13-d652-c3184ee7728a"",""yes_price_dollars"":""0.3200""}"
KXETH15M-26APR281100-00,1c37bd21-2214-713e-d86b-476a99a8f255,1777387588,0.35,3.59,yes,"{""count_fp"":""3.59"",""created_time"":""2026-04-28T14:46:28.346723Z"",""no_price_dollars"":""0.6500"",""taker_side"":""yes"",""ticker"":""KXETH15M-26APR281100-00"",""trade_id"":""1c37bd21-2214-713e-d86b-476a99a8f255"",""yes_price_dollars"":""0.3500""}"
KXETH15M-26APR281100-00,654c58a7-d585-45ef-5c76-f005512cee7e,1777387591,0.34,1.0,no,"{""count_fp"":""1.00"",""created_time"":""2026-04-28T14:46:31.846806Z"",""no_price_dollars"":""0.6600"",""taker_side"":""no"",""ticker"":""KXETH15M-26APR281100-00"",""trade_id"":""654c58a7-d585-45ef-5c76-f005512cee7e"",""yes_price_dollars"":""0.3400""}"
KXETH15M-26APR281100-00,d344d8c7-53cd-6866-0c6c-83dd30309dc9,1777387593,0.36,6.0,no,"{""count_fp"":""6.00"",""created_time"":""2026-04-28T14:46:33.979905Z"",""no_price_dollars"":""0.6400"",""taker_side"":""no"",""ticker"":""KXETH15M-26APR281100-00"",""trade_id"":""d344d8c7-53cd-6866-0c6c-83dd30309dc9"",""yes_price_dollars"":""0.3600""}"
KXETH15M-26APR281100-00,46a133c5-aca1-63a7-223b-69995f3f90ae,1777387593,0.36,30.99,no,"{""count_fp"":""30.99"",""created_time"":""2026-04-28T14:46:33.979905Z"",""no_price_dollars"":""0.6400"",""taker_side"":""no"",""ticker"":""KXETH15M-26APR281100-00"",""trade_id"":""46a133c5-aca1-63a7-223b-69995f3f90ae"",""yes_price_dollars"":""0.3600""}"
KXETH15M-26APR281100-00,de6bab67-e9a2-7037-3a04-0cc3ac6611fd,1777387593,0.36,19.0,yes,"{""count_fp"":""19.00"",""created_time"":""2026-04-28T14:46:33.713865Z"",""no_price_dollars"":""0.6400"",""taker_side"":""yes"",""ticker"":""KXETH15M-26APR281100-00"",""trade_id"":""de6bab67-e9a2-7037-3a04-0cc3ac6611fd"",""yes_price_dollars"":""0.3600""}"
KXETH15M-26APR281100-00,0386ea11-cc5d-7a71-10f3-bc87b2feb852,1777387593,0.36,15.0,yes,"{""count_fp"":""15.00"",""created_time"":""2026-04-28T14:46:33.713865Z"",""no_price_dollars"":""0.6400"",""taker_side"":""yes"",""ticker"":""KXETH15M-26APR281100-00"",""trade_id"":""0386ea11-cc5d-7a71-10f3-bc87b2feb852"",""yes_price_dollars"":""0.3600""}"
KXETH15M-26APR281100-00,0ad9eb96-dd50-6fb9-94ce-2f898c92c85e,1777387594,0.37,1.0,no,"{""count_fp"":""1.00"",""created_time"":""2026-04-28T14:46:34.779783Z"",""no_price_dollars"":""0.6300"",""taker_side"":""no"",""ticker"":""KXETH15M-26APR281100-00"",""trade_id"":""0ad9eb96-dd50-6fb9-94ce-2f898c92c85e"",""yes_price_dollars"":""0.3700""}"
KXETH15M-26APR281100-00,47efa7a3-4728-5c88-d2f5-06e1c24ed97f,1777387594,0.37,125.0,yes,"{""count_fp"":""125.00"",""created_time"":""2026-04-28T14:46:34.613952Z"",""no_price_dollars"":""0.6300"",""taker_side"":""yes"",""ticker"":""KXETH15M-26APR281100-00"",""trade_id"":""47efa7a3-4728-5c88-d2f5-06e1c24ed97f"",""yes_price_dollars"":""0.3700""}"
KXETH15M-26APR281100-00,04f8559b-1eaf-590a-ccd2-4d45ade0709c,1777387594,0.37,20.0,yes,"{""count_fp"":""20.00"",""created_time"":""2026-04-28T14:46:34.613952Z"",""no_price_dollars"":""0.6300"",""taker_side"":""yes"",""ticker"":""KXETH15M-26APR281100-00"",""trade_id"":""04f8559b-1eaf-590a-ccd2-4d45ade0709c"",""yes_price_dollars"":""0.3700""}"
KXETH15M-26APR281100-00,5b6df4f7-85e1-433a-48da-e69a8a35f0a9,1777387594,0.36,4.0,no,"{""count_fp"":""4.00"",""created_time"":""2026-04-28T14:46:34.520119Z"",""no_price_dollars"":""0.6400"",""taker_side"":""no"",""ticker"":""KXETH15M-26APR281100-00"",""trade_id"":""5b6df4f7-85e1-433a-48da-e69a8a35f0a9"",""yes_price_dollars"":""0.3600""}"
KXETH15M-26APR281100-00,20697a57-ea34-767d-f42a-94cff18b8bba,1777387596,0.37,2.0,no,"{""count_fp"":""2.00"",""created_time"":""2026-04-28T14:46:36.329803Z"",""no_price_dollars"":""0.6300"",""taker_side"":""no"",""ticker"":""KXETH15M-26APR281100-00"",""trade_id"":""20697a57-ea34-767d-f42a-94cff18b8bba"",""yes_price_dollars"":""0.3700""}"
KXETH15M-26APR281100-00,96ee2856-bb80-64a5-4493-6ddd6f051862,1777387596,0.37,3.04,no,"{""count_fp"":""3.04"",""created_time"":""2026-04-28T14:46:36.251005Z"",""no_price_dollars"":""0.6300"",""taker_side"":""no"",""ticker"":""KXETH15M-26APR281100-00"",""trade_id"":""96ee2856-bb80-64a5-4493-6ddd6f051862"",""yes_price_dollars"":""0.3700""}"
KXETH15M-26APR281100-00,7d076159-1b74-4405-c9ff-67bcb6712a13,1777387599,0.38,2.0,yes,"{""count_fp"":""2.00"",""created_time"":""2026-04-28T14:46:39.943758Z"",""no_price_dollars"":""0.6200"",""taker_side"":""yes"",""ticker"":""KXETH15M-26APR281100-00"",""trade_id"":""7d076159-1b74-4405-c9ff-67bcb6712a13"",""yes_price_dollars"":""0.3800""}"
KXETH15M-26APR281100-00,6a884ef7-1807-48af-d1f7-d67a3fe573dd,1777387599,0.38,1.0,yes,"{""count_fp"":""1.00"",""created_time"":""2026-04-28T14:46:39.943758Z"",""no_price_dollars"":""0.6200"",""taker_side"":""yes"",""ticker"":""KXETH15M-26APR281100-00"",""trade_id"":""6a884ef7-1807-48af-d1f7-d67a3fe573dd"",""yes_price_dollars"":""0.3800""}"
KXETH15M-26APR281100-00,9abc2d2e-3135-6b82-79b2-dd7eebd5e5cd,1777387599,0.37,1.0,no,"{""count_fp"":""1.00"",""created_time"":""2026-04-28T14:46:39.340398Z"",""no_price_dollars"":""0.6300"",""taker_side"":""no"",""ticker"":""KXETH15M-26APR281100-00"",""trade_id"":""9abc2d2e-3135-6b82-79b2-dd7eebd5e5cd"",""yes_price_dollars"":""0.3700""}"
KXETH15M-26APR281100-00,89e9b067-2e81-7dc6-6fc4-49879f730919,1777387600,0.37,1.54,no,"{""count_fp"":""1.54"",""created_time"":""2026-04-28T14:46:40.124869Z"",""no_price_dollars"":""0.6300"",""taker_side"":""no"",""ticker"":""KXETH15M-26APR281100-00"",""trade_id"":""89e9b067-2e81-7dc6-6fc4-49879f730919"",""yes_price_dollars"":""0.3700""}"
KXETH15M-26APR281100-00,c0fb96b2-03d1-73b6-9252-57c1e8e01865,1777387605,0.38,10.29,no,"{""count_fp"":""10.29"",""created_time"":""2026-04-28T14:46:45.240337Z"",""no_price_dollars"":""0.6200"",""taker_side"":""no"",""ticker"":""KXETH15M-26APR281100-00"",""trade_id"":""c0fb96b2-03d1-73b6-9252-57c1e8e01865"",""yes_price_dollars"":""0.3800""}"
KXETH15M-26APR281100-00,643aa4da-ed3e-79a0-aa2f-def96cdbc708,1777387605,0.38,9.71,no,"{""count_fp"":""9.71"",""created_time"":""2026-04-28T14:46:45.240337Z"",""no_price_dollars"":""0.6200"",""taker_side"":""no"",""ticker"":""KXETH15M-26APR281100-00"",""trade_id"":""643aa4da-ed3e-79a0-aa2f-def96cdbc708"",""yes_price_dollars"":""0.3800""}"
KXETH15M-26APR281100-00,f467d720-eeaf-53eb-385a-042b8243442c,1777387607,0.4,1.0,no,"{""count_fp"":""1.00"",""created_time"":""2026-04-28T14:46:47.268252Z"",""no_price_dollars"":""0.6000"",""taker_side"":""no"",""ticker"":""KXETH15M-26APR281100-00"",""trade_id"":""f467d720-eeaf-53eb-385a-042b8243442c"",""yes_price_dollars"":""0.4000""}"
KXETH15M-26APR281100-00,d6c0c82f-64bd-62db-afc1-a1c2c5b538b8,1777387611,0.44,10.0,yes,"{""count_fp"":""10.00"",""created_time"":""2026-04-28T14:46:51.396773Z"",""no_price_dollars"":""0.5600"",""taker_side"":""yes"",""ticker"":""KXETH15M-26APR281100-00"",""trade_id"":""d6c0c82f-64bd-62db-afc1-a1c2c5b538b8"",""yes_price_dollars"":""0.4400""}"
KXETH15M-26APR281100-00,d6760d70-5491-6b05-9fce-da9331564a81,1777387611,0.45,27.29,yes,"{""count_fp"":""27.29"",""created_time"":""2026-04-28T14:46:51.396773Z"",""no_price_dollars"":""0.5500"",""taker_side"":""yes"",""ticker"":""KXETH15M-26APR281100-00"",""trade_id"":""d6760d70-5491-6b05-9fce-da9331564a81"",""yes_price_dollars"":""0.4500""}"
KXETH15M-26APR281100-00,bcc854a4-5918-63ae-b099-a31a50d35fc2,1777387611,0.44,1.0,yes,"{""count_fp"":""1.00"",""created_time"":""2026-04-28T14:46:51.396773Z"",""no_price_dollars"":""0.5600"",""taker_side"":""yes"",""ticker"":""KXETH15M-26APR281100-00"",""trade_id"":""bcc854a4-5918-63ae-b099-a31a50d35fc2"",""yes_price_dollars"":""0.4400""}"
KXETH15M-26APR281100-00,b5aa4842-ffe3-656e-b595-d5e7c485b766,1777387611,0.45,1.0,yes,"{""count_fp"":""1.00"",""created_time"":""2026-04-28T14:46:51.396773Z"",""no_price_dollars"":""0.5500"",""taker_side"":""yes"",""ticker"":""KXETH15M-26APR281100-00"",""trade_id"":""b5aa4842-ffe3-656e-b595-d5e7c485b766"",""yes_price_dollars"":""0.4500""}"
KXETH15M-26APR281100-00,7360950d-aab0-62b8-a151-452922096c50,1777387611,0.45,30.0,yes,"{""count_fp"":""30.00"",""created_time"":""2026-04-28T14:46:51.396773Z"",""no_price_dollars"":""0.5500"",""taker_side"":""yes"",""ticker"":""KXETH15M-26APR281100-00"",""trade_id"":""7360950d-aab0-62b8-a151-452922096c50"",""yes_price_dollars"":""0.4500""}"
KXETH15M-26APR281100-00,2e0daaac-0240-61cc-84b5-1fbebbeb6a49,1777387611,0.45,20.0,yes,"{""count_fp"":""20.00"",""created_time"":""2026-04-28T14:46:51.396773Z"",""no_price_dollars"":""0.5500"",""taker_side"":""yes"",""ticker"":""KXETH15M-26APR281100-00"",""trade_id"":""2e0daaac-0240-61cc-84b5-1fbebbeb6a49"",""yes_price_dollars"":""0.4500""}"
KXETH15M-26APR281100-00,d236e8e9-4723-73c9-1dd2-4783eadcb628,1777387616,0.4,8.1,no,"{""count_fp"":""8.10"",""created_time"":""2026-04-28T14:46:56.545726Z"",""no_price_dollars"":""0.6000"",""taker_side"":""no"",""ticker"":""KXETH15M-26APR281100-00"",""trade_id"":""d236e8e9-4723-73c9-1dd2-4783eadcb628"",""yes_price_dollars"":""0.4000""}"
KXETH15M-26APR281100-00,face163f-cc64-562c-96ab-92ef75232eb2,1777387621,0.39,10.0,no,"{""count_fp"":""10.00"",""created_time"":""2026-04-28T14:47:01.045838Z"",""no_price_dollars"":""0.6100"",""taker_side"":""no"",""ticker"":""KXETH15M-26APR281100-00"",""trade_id"":""face163f-cc64-562c-96ab-92ef75232eb2"",""yes_price_dollars"":""0.3900""}"
KXETH15M-26APR281100-00,8a2f8e12-5ff2-581a-98e4-938a946a283e,1777387621,0.38,9.08,no,"{""count_fp"":""9.08"",""created_time"":""2026-04-28T14:47:01.045838Z"",""no_price_dollars"":""0.6200"",""taker_side"":""no"",""ticker"":""KXETH15M-26APR281100-00"",""trade_id"":""8a2f8e12-5ff2-581a-98e4-938a946a283e"",""yes_price_dollars"":""0.3800""}"
KXETH15M-26APR281100-00,4ee72608-f033-5f23-b84e-2aad59d045bc,1777387621,0.39,2.0,no,"{""count_fp"":""2.00"",""created_time"":""2026-04-28T14:47:01.045838Z"",""no_price_dollars"":""0.6100"",""taker_side"":""no"",""ticker"":""KXETH15M-26APR281100-00"",""trade_id"":""4ee72608-f033-5f23-b84e-2aad59d045bc"",""yes_price_dollars"":""0.3900""}"
KXETH15M-26APR281100-00,2f9c141e-9bc7-5e6d-9102-5fc0738cf4af,1777387621,0.39,10.0,no,"{""count_fp"":""10.00"",""created_time"":""2026-04-28T14:47:01.045838Z"",""no_price_dollars"":""0.6100"",""taker_side"":""no"",""ticker"":""KXETH15M-26APR281100-00"",""trade_id"":""2f9c141e-9bc7-5e6d-9102-5fc0738cf4af"",""yes_price_dollars"":""0.3900""}"
KXETH15M-26APR281100-00,b92f9198-c595-62c6-6e8f-c5c6b1f03061,1777387624,0.37,20.0,no,"{""count_fp"":""20.00"",""created_time"":""2026-04-28T14:47:04.472535Z"",""no_price_dollars"":""0.6300"",""taker_side"":""no"",""ticker"":""KXETH15M-26APR281100-00"",""trade_id"":""b92f9198-c595-62c6-6e8f-c5c6b1f03061"",""yes_price_dollars"":""0.3700""}"
KXETH15M-26APR281100-00,940cfc5b-abe1-5a16-9810-6bc4cb36a6c9,1777387625,0.42,4.5,yes,"{""count_fp"":""4.50"",""created_time"":""2026-04-28T14:47:05.769407Z"",""no_price_dollars"":""0.5800"",""taker_side"":""yes"",""ticker"":""KXETH15M-26APR281100-00"",""trade_id"":""940cfc5b-abe1-5a16-9810-6bc4cb36a6c9"",""yes_price_dollars"":""0.4200""}"
KXETH15M-26APR281100-00,e865acd7-6508-4e0f-2f88-7011aa5c6e1d,1777387626,0.39,1.0,no,"{""count_fp"":""1.00"",""created_time"":""2026-04-28T14:47:06.189523Z"",""no_price_dollars"":""0.6100"",""taker_side"":""no"",""ticker"":""KXETH15M-26APR281100-00"",""trade_id"":""e865acd7-6508-4e0f-2f88-7011aa5c6e1d"",""yes_price_dollars"":""0.3900""}"
KXETH15M-26APR281100-00,0d68f8bc-252c-7843-484e-e9c11f547869,1777387627,0.39,39.0,no,"{""count_fp"":""39.00"",""created_time"":""2026-04-28T14:47:07.509568Z"",""no_price_dollars"":""0.6100"",""taker_side"":""no"",""ticker"":""KXETH15M-26APR281100-00"",""trade_id"":""0d68f8bc-252c-7843-484e-e9c11f547869"",""yes_price_dollars"":""0.3900""}"
KXETH15M-26APR281100-00,6b6e3b13-177c-6784-9e27-5efcbec6dd9c,1777387643,0.35,4.67,yes,"{""count_fp"":""4.67"",""created_time"":""2026-04-28T14:47:23.842134Z"",""no_price_dollars"":""0.6500"",""taker_side"":""yes"",""ticker"":""KXETH15M-26APR281100-00"",""trade_id"":""6b6e3b13-177c-6784-9e27-5efcbec6dd9c"",""yes_price_dollars"":""0.3500""}"
KXETH15M-26APR281100-00,9f8b666e-158c-6c35-5b92-2909ac3d050a,1777387654,0.36,5.04,yes,"{""count_fp"":""5.04"",""created_time"":""2026-04-28T14:47:34.293538Z"",""no_price_dollars"":""0.6400"",""taker_side"":""yes"",""ticker"":""KXETH15M-26APR281100-00"",""trade_id"":""9f8b666e-158c-6c35-5b92-2909ac3d050a"",""yes_price_dollars"":""0.3600""}"
KXETH15M-26APR281100-00,a4b658c9-e160-52e8-66ff-107c8d8e169e,1777387654,0.32,8.43,no,"{""count_fp"":""8.43"",""created_time"":""2026-04-28T14:47:34.246258Z"",""no_price_dollars"":""0.6800"",""taker_side"":""no"",""ticker"":""KXETH15M-26APR281100-00"",""trade_id"":""a4b658c9-e160-52e8-66ff-107c8d8e169e"",""yes_price_dollars"":""0.3200""}"
KXETH15M-26APR281100-00,8ccb6644-96d0-53fa-70fd-a52dd0eba5a5,1777387654,0.32,10.0,no,"{""count_fp"":""10.00"",""created_time"":""2026-04-28T14:47:34.246258Z"",""no_price_dollars"":""0.6800"",""taker_side"":""no"",""ticker"":""KXETH15M-26APR281100-00"",""trade_id"":""8ccb6644-96d0-53fa-70fd-a52dd0eba5a5"",""yes_price_dollars"":""0.3200""}"
KXETH15M-26APR281100-00,2f4b352e-c9a9-5d8e-7b77-e605235b263d,1777387654,0.32,9.93,no,"{""count_fp"":""9.93"",""created_time"":""2026-04-28T14:47:34.246258Z"",""no_price_dollars"":""0.6800"",""taker_side"":""no"",""ticker"":""KXETH15M-26APR281100-00"",""trade_id"":""2f4b352e-c9a9-5d8e-7b77-e605235b263d"",""yes_price_dollars"":""0.3200""}"
KXETH15M-26APR281100-00,e59b800c-c771-557d-d914-19c40c9dace9,1777387659,0.35,5.42,yes,"{""count_fp"":""5.42"",""created_time"":""2026-04-28T14:47:39.736068Z"",""no_price_dollars"":""0.6500"",""taker_side"":""yes"",""ticker"":""KXETH15M-26APR281100-00"",""trade_id"":""e59b800c-c771-557d-d914-19c40c9dace9"",""yes_price_dollars"":""0.3500""}"
KXETH15M-26APR281100-00,9fb2f268-6a12-5cea-e2f5-a73f4fcc27c8,1777387659,0.32,1.0,yes,"{""count_fp"":""1.00"",""created_time"":""2026-04-28T14:47:39.736068Z"",""no_price_dollars"":""0.6800"",""taker_side"":""yes"",""ticker"":""KXETH15M-26APR281100-00"",""trade_id"":""9fb2f268-6a12-5cea-e2f5-a73f4fcc27c8"",""yes_price_dollars"":""0.3200""}"
KXETH15M-26APR281100-00,4f4f5444-ed4d-5ada-c412-b6bdc4718e45,1777387659,0.34,10.0,yes,"{""count_fp"":""10.00"",""created_time"":""2026-04-28T14:47:39.736068Z"",""no_price_dollars"":""0.6600"",""taker_side"":""yes"",""ticker"":""KXETH15M-26APR281100-00"",""trade_id"":""4f4f5444-ed4d-5ada-c412-b6bdc4718e45"",""yes_price_dollars"":""0.3400""}"
KXETH15M-26APR281100-00,1f039eef-aa8e-5b8c-f55e-95406fa0a0e7,1777387659,0.33,10.0,yes,"{""count_fp"":""10.00"",""created_time"":""2026-04-28T14:47:39.736068Z"",""no_price_dollars"":""0.6700"",""taker_side"":""yes"",""ticker"":""KXETH15M-26APR281100-00"",""trade_id"":""1f039eef-aa8e-5b8c-f55e-95406fa0a0e7"",""yes_price_dollars"":""0.3300""}"
KXETH15M-26APR281100-00,fcd79a00-f29f-6d7c-7e5c-28dccdc4c935,1777387661,0.31,2.0,no,"{""count_fp"":""2.00"",""created_time"":""2026-04-28T14:47:41.574665Z"",""no_price_dollars"":""0.6900"",""taker_side"":""no"",""ticker"":""KXETH15M-26APR281100-00"",""trade_id"":""fcd79a00-f29f-6d7c-7e5c-28dccdc4c935"",""yes_price_dollars"":""0.3100""}"
KXETH15M-26APR281100-00,b2e32b79-d48c-4b27-c835-f0d9b06e747f,1777387663,0.31,4.69,no,"{""count_fp"":""4.69"",""created_time"":""2026-04-28T14:47:43.994511Z"",""no_price_dollars"":""0.6900"",""taker_side"":""no"",""ticker"":""KXETH15M-26APR281100-00"",""trade_id"":""b2e32b79-d48c-4b27-c835-f0d9b06e747f"",""yes_price_dollars"":""0.3100""}"
KXETH15M-26APR281100-00,68e1a464-3cf8-4355-e5d1-c02fd8331b42,1777387663,0.31,8.7,no,"{""count_fp"":""8.70"",""created_time"":""2026-04-28T14:47:43.994511Z"",""no_price_dollars"":""0.6900"",""taker_side"":""no"",""ticker"":""KXETH15M-26APR281100-00"",""trade_id"":""68e1a464-3cf8-4355-e5d1-c02fd8331b42"",""yes_price_dollars"":""0.3100""}"
KXETH15M-26APR281100-00,00fca161-13cb-4d44-fb7f-d84eef01b6f1,1777387663,0.31,1.0,no,"{""count_fp"":""1.00"",""created_time"":""2026-04-28T14:47:43.994511Z"",""no_price_dollars"":""0.6900"",""taker_side"":""no"",""ticker"":""KXETH15M-26APR281100-00"",""trade_id"":""00fca161-13cb-4d44-fb7f-d84eef01b6f1"",""yes_price_dollars"":""0.3100""}"
KXETH15M-26APR281100-00,c1c05808-8b08-549d-b35b-b1940790973c,1777387666,0.3,1.0,no,"{""count_fp"":""1.00"",""created_time"":""2026-04-28T14:47:46.023654Z"",""no_price_dollars"":""0.7000"",""taker_side"":""no"",""ticker"":""KXETH15M-26APR281100-00"",""trade_id"":""c1c05808-8b08-549d-b35b-b1940790973c"",""yes_price_dollars"":""0.3000""}"
KXETH15M-26APR281100-00,67c86f23-22ec-6295-804e-44a4c224ec68,1777387670,0.3,6.99,no,"{""count_fp"":""6.99"",""created_time"":""2026-04-28T14:47:50.994707Z"",""no_price_dollars"":""0.7000"",""taker_side"":""no"",""ticker"":""KXETH15M-26APR281100-00"",""trade_id"":""67c86f23-22ec-6295-804e-44a4c224ec68"",""yes_price_dollars"":""0.3000""}"
KXETH15M-26APR281100-00,11cb7274-871e-6faa-7f6d-c7c75212cd5a,1777387677,0.38,20.0,yes,"{""count_fp"":""20.00"",""created_time"":""2026-04-28T14:47:57.675899Z"",""no_price_dollars"":""0.6200"",""taker_side"":""yes"",""ticker"":""KXETH15M-26APR281100-00"",""trade_id"":""11cb7274-871e-6faa-7f6d-c7c75212cd5a"",""yes_price_dollars"":""0.3800""}"
KXETH15M-26APR281100-00,4304d556-72e6-6e52-2c57-5bd9ab7dd913,1777387677,0.4,10.0,yes,"{""count_fp"":""10.00"",""created_time"":""2026-04-28T14:47:57.312671Z"",""no_price_dollars"":""0.6000"",""taker_side"":""yes"",""ticker"":""KXETH15M-26APR281100-00"",""trade_id"":""4304d556-72e6-6e52-2c57-5bd9ab7dd913"",""yes_price_dollars"":""0.4000""}"
KXETH15M-26APR281100-00,588af509-4b59-7302-7b36-f77d7dad56a8,1777387677,0.37,10.0,yes,"{""count_fp"":""10.00"",""created_time"":""2026-04-28T14:47:57.295275Z"",""no_price_dollars"":""0.6300"",""taker_side"":""yes"",""ticker"":""KXETH15M-26APR281100-00"",""trade_id"":""588af509-4b59-7302-7b36-f77d7dad56a8"",""yes_price_dollars"":""0.3700""}"
KXETH15M-26APR281100-00,24886c9e-e43f-6152-5c3a-8a57cf72c673,1777387677,0.35,20.0,yes,"{""count_fp"":""20.00"",""created_time"":""2026-04-28T14:47:57.276772Z"",""no_price_dollars"":""0.6500"",""taker_side"":""yes"",""ticker"":""KXETH15M-26APR281100-00"",""trade_id"":""24886c9e-e43f-6152-5c3a-8a57cf72c673"",""yes_price_dollars"":""0.3500""}"
KXETH15M-26APR281100-00,047379ba-bfad-6c29-78b3-f5873eb4e49f,1777387677,0.35,2.0,yes,"{""count_fp"":""2.00"",""created_time"":""2026-04-28T14:47:57.276772Z"",""no_price_dollars"":""0.6500"",""taker_side"":""yes"",""ticker"":""KXETH15M-26APR281100-00"",""trade_id"":""047379ba-bfad-6c29-78b3-f5873eb4e49f"",""yes_price_dollars"":""0.3500""}"
KXETH15M-26APR281100-00,eebe2872-8738-49d5-53cc-d19e26d2c8d8,1777387679,0.57,80.0,yes,"{""count_fp"":""80.00"",""created_time"":""2026-04-28T14:47:59.787067Z"",""no_price_dollars"":""0.4300"",""taker_side"":""yes"",""ticker"":""KXETH15M-26APR281100-00"",""trade_id"":""eebe2872-8738-49d5-53cc-d19e26d2c8d8"",""yes_price_dollars"":""0.5700""}"
KXETH15M-26APR281100-00,0b5e8299-e54d-6ea4-1b4a-da74f6c30199,1777387679,0.55,3.0,yes,"{""count_fp"":""3.00"",""created_time"":""2026-04-28T14:47:59.764278Z"",""no_price_dollars"":""0.4500"",""taker_side"":""yes"",""ticker"":""KXETH15M-26APR281100-00"",""trade_id"":""0b5e8299-e54d-6ea4-1b4a-da74f6c30199"",""yes_price_dollars"":""0.5500""}"
KXETH15M-26APR281100-00,2c86629c-a862-4555-1d7a-c2cba09ff631,1777387679,0.54,10.0,yes,"{""count_fp"":""10.00"",""created_time"":""2026-04-28T14:47:59.550581Z"",""no_price_dollars"":""0.4600"",""taker_side"":""yes"",""ticker"":""KXETH15M-26APR281100-00"",""trade_id"":""2c86629c-a862-4555-1d7a-c2cba09ff631"",""yes_price_dollars"":""0.5400""}"
KXETH15M-26APR281100-00,654a7175-5557-670d-e892-2e05c38f7e52,1777387679,0.52,10.0,yes,"{""count_fp"":""10.00"",""created_time"":""2026-04-28T14:47:59.462142Z"",""no_price_dollars"":""0.4800"",""taker_side"":""yes"",""ticker"":""KXETH15M-26APR281100-00"",""trade_id"":""654a7175-5557-670d-e892-2e05c38f7e52"",""yes_price_dollars"":""0.5200""}"
KXETH15M-26APR281100-00,39d1c165-e59b-689a-c392-ad61d7350dc9,1777387679,0.51,10.0,yes,"{""count_fp"":""10.00"",""created_time"":""2026-04-28T14:47:59.443119Z"",""no_price_dollars"":""0.4900"",""taker_side"":""yes"",""ticker"":""KXETH15M-26APR281100-00"",""trade_id"":""39d1c165-e59b-689a-c392-ad61d7350dc9"",""yes_price_dollars"":""0.5100""}"
KXETH15M-26APR281100-00,f6dd43ad-53b8-5484-d609-357fbd73de4d,1777387679,0.51,10.0,yes,"{""count_fp"":""10.00"",""created_time"":""2026-04-28T14:47:59.438364Z"",""no_price_dollars"":""0.4900"",""taker_side"":""yes"",""ticker"":""KXETH15M-26APR281100-00"",""trade_id"":""f6dd43ad-53b8-5484-d609-357fbd73de4d"",""yes_price_dollars"":""0.5100""}"
KXETH15M-26APR281100-00,e63eaba3-9e9e-4fe1-1e0d-9283424d230c,1777387680,0.53,296.46,no,"{""count_fp"":""296.46"",""created_time"":""2026-04-28T14:48:00.966186Z"",""no_price_dollars"":""0.4700"",""taker_side"":""no"",""ticker"":""KXETH15M-26APR281100-00"",""trade_id"":""e63eaba3-9e9e-4fe1-1e0d-9283424d230c"",""yes_price_dollars"":""0.5300""}"
KXETH15M-26APR281100-00,19159cd6-b470-434f-3782-d1c7f5b3a6c3,1777387680,0.52,10.0,no,"{""count_fp"":""10.00"",""created_time"":""2026-04-28T14:48:00.966186Z"",""no_price_dollars"":""0.4800"",""taker_side"":""no"",""ticker"":""KXETH15M-26APR281100-00"",""trade_id"":""19159cd6-b470-434f-3782-d1c7f5b3a6c3"",""yes_price_dollars"":""0.5200""}"
KXETH15M-26APR281100-00,7a0bda85-a49a-4d55-dfc1-0654c43077d0,1777387680,0.53,10.0,no,"{""count_fp"":""10.00"",""created_time"":""2026-04-28T14:48:00.961101Z"",""no_price_dollars"":""0.4700"",""taker_side"":""no"",""ticker"":""KXETH15M-26APR281100-00"",""trade_id"":""7a0bda85-a49a-4d55-dfc1-0654c43077d0"",""yes_price_dollars"":""0.5300""}"
KXETH15M-26APR281100-00,5ec7bae6-393e-4292-f3c4-af0c269163d2,1777387680,0.53,1.0,no,"{""count_fp"":""1.00"",""created_time"":""2026-04-28T14:48:00.961101Z"",""no_price_dollars"":""0.4700"",""taker_side"":""no"",""ticker"":""KXETH15M-26APR281100-00"",""trade_id"":""5ec7bae6-393e-4292-f3c4-af0c269163d2"",""yes_price_dollars"":""0.5300""}"
KXETH15M-26APR281100-00,a8201de2-b3db-40a8-0344-3b5b6d7bcab5,1777387680,0.48,350.0,no,"{""count_fp"":""350.00"",""created_time"":""2026-04-28T14:48:00.347278Z"",""no_price_dollars"":""0.5200"",""taker_side"":""no"",""ticker"":""KXETH15M-26APR281100-00"",""trade_id"":""a8201de2-b3db-40a8-0344-3b5b6d7bcab5"",""yes_price_dollars"":""0.4800""}"
KXETH15M-26APR281100-00,db6c09f9-b787-65f8-795d-e83a052365cc,1777387682,0.46,1.0,yes,"{""count_fp"":""1.00"",""created_time"":""2026-04-28T14:48:02.204524Z"",""no_price_dollars"":""0.5400"",""taker_side"":""yes"",""ticker"":""KXETH15M-26APR281100-00"",""trade_id"":""db6c09f9-b787-65f8-795d-e83a052365cc"",""yes_price_dollars"":""0.4600""}"
KXETH15M-26APR281100-00,ccfabb7a-3cbe-6534-aa75-0a44691fe121,1777387684,0.45,5.0,no,"{""count_fp"":""5.00"",""created_time"":""2026-04-28T14:48:04.152212Z"",""no_price_dollars"":""0.5500"",""taker_side"":""no"",""ticker"":""KXETH15M-26APR281100-00"",""trade_id"":""ccfabb7a-3cbe-6534-aa75-0a44691fe121"",""yes_price_dollars"":""0.4500""}"
KXETH15M-26APR281100-00,582655b6-aa6b-78fb-365b-34d677e1bfdc,1777387686,0.49,1.0,no,"{""count_fp"":""1.00"",""created_time"":""2026-04-28T14:48:06.996238Z"",""no_price_dollars"":""0.5100"",""taker_side"":""no"",""ticker"":""KXETH15M-26APR281100-00"",""trade_id"":""582655b6-aa6b-78fb-365b-34d677e1bfdc"",""yes_price_dollars"":""0.4900""}"
KXETH15M-26APR281100-00,739f451e-1ee4-77d3-1f93-17db3c9a1842,1777387686,0.54,5.59,yes,"{""count_fp"":""5.59"",""created_time"":""2026-04-28T14:48:06.520406Z"",""no_price_dollars"":""0.4600"",""taker_side"":""yes"",""ticker"":""KXETH15M-26APR281100-00"",""trade_id"":""739f451e-1ee4-77d3-1f93-17db3c9a1842"",""yes_price_dollars"":""0.5400""}"
KXETH15M-26APR281100-00,ae9b6bf1-c33a-6b85-20dd-c403f94c366d,1777387691,0.42,7.0,yes,"{""count_fp"":""7.00"",""created_time"":""2026-04-28T14:48:11.692822Z"",""no_price_dollars"":""0.5800"",""taker_side"":""yes"",""ticker"":""KXETH15M-26APR281100-00"",""trade_id"":""ae9b6bf1-c33a-6b85-20dd-c403f94c366d"",""yes_price_dollars"":""0.4200""}"
KXETH15M-26APR281100-00,509ac664-14cc-6e1c-5a43-591bb9a96bc2,1777387696,0.36,1.0,no,"{""count_fp"":""1.00"",""created_time"":""2026-04-28T14:48:16.467403Z"",""no_price_dollars"":""0.6400"",""taker_side"":""no"",""ticker"":""KXETH15M-26APR281100-00"",""trade_id"":""509ac664-14cc-6e1c-5a43-591bb9a96bc2"",""yes_price_dollars"":""0.3600""}"
KXETH15M-26APR281100-00,0ab372f4-c2c7-47fc-c8a1-09e59b160f3f,1777387697,0.36,63.05,yes,"{""count_fp"":""63.05"",""created_time"":""2026-04-28T14:48:17.557559Z"",""no_price_dollars"":""0.6400"",""taker_side"":""yes"",""ticker"":""KXETH15M-26APR281100-00"",""trade_id"":""0ab372f4-c2c7-47fc-c8a1-09e59b160f3f"",""yes_price_dollars"":""0.3600""}"
KXETH15M-26APR281100-00,4e0bf1e3-a9dc-6e28-1d01-090936aa31c6,1777387697,0.36,1.0,no,"{""count_fp"":""1.00"",""created_time"":""2026-04-28T14:48:17.146745Z"",""no_price_dollars"":""0.6400"",""taker_side"":""no"",""ticker"":""KXETH15M-26APR281100-00"",""trade_id"":""4e0bf1e3-a9dc-6e28-1d01-090936aa31c6"",""yes_price_dollars"":""0.3600""}"
KXETH15M-26APR281100-00,51bea0f0-9541-6bbf-4be0-250187a6d79b,1777387703,0.31,1.0,no,"{""count_fp"":""1.00"",""created_time"":""2026-04-28T14:48:23.841966Z"",""no_price_dollars"":""0.6900"",""taker_side"":""no"",""ticker"":""KXETH15M-26APR281100-00"",""trade_id"":""51bea0f0-9541-6bbf-4be0-250187a6d79b"",""yes_price_dollars"":""0.3100""}"
KXETH15M-26APR281100-00,214bc29e-2c4a-69d0-296b-c9c475e083f7,1777387717,0.35,10.0,yes,"{""count_fp"":""10.00"",""created_time"":""2026-04-28T14:48:37.954808Z"",""no_price_dollars"":""0.6500"",""taker_side"":""yes"",""ticker"":""KXETH15M-26APR281100-00"",""trade_id"":""214bc29e-2c4a-69d0-296b-c9c475e083f7"",""yes_price_dollars"":""0.3500""}"
KXETH15M-26APR281100-00,7370c873-b603-6997-9e30-43628da0947f,1777387719,0.35,6.99,yes,"{""count_fp"":""6.99"",""created_time"":""2026-04-28T14:48:39.411787Z"",""no_price_dollars"":""0.6500"",""taker_side"":""yes"",""ticker"":""KXETH15M-26APR281100-00"",""trade_id"":""7370c873-b603-6997-9e30-43628da0947f"",""yes_price_dollars"":""0.3500""}"
KXETH15M-26APR281100-00,7beb800d-8e06-4de7-bccd-989223544819,1777387721,0.37,10.0,yes,"{""count_fp"":""10.00"",""created_time"":""2026-04-28T14:48:41.224261Z"",""no_price_dollars"":""0.6300"",""taker_side"":""yes"",""ticker"":""KXETH15M-26APR281100-00"",""trade_id"":""7beb800d-8e06-4de7-bccd-989223544819"",""yes_price_dollars"":""0.3700""}"
KXETH15M-26APR281100-00,a9fa27c6-5f6c-7434-b732-81edb3318cdf,1777387725,0.38,10.0,yes,"{""count_fp"":""10.00"",""created_time"":""2026-04-28T14:48:45.823408Z"",""no_price_dollars"":""0.6200"",""taker_side"":""yes"",""ticker"":""KXETH15M-26APR281100-00"",""trade_id"":""a9fa27c6-5f6c-7434-b732-81edb3318cdf"",""yes_price_dollars"":""0.3800""}"
KXETH15M-26APR281100-00,0a9f24ab-a920-7e1f-8a13-99a1fccda1cf,1777387725,0.38,2.34,yes,"{""count_fp"":""2.34"",""created_time"":""2026-04-28T14:48:45.823408Z"",""no_price_dollars"":""0.6200"",""taker_side"":""yes"",""ticker"":""KXETH15M-26APR281100-00"",""trade_id"":""0a9f24ab-a920-7e1f-8a13-99a1fccda1cf"",""yes_price_dollars"":""0.3800""}"
KXETH15M-26APR281100-00,812ea2f3-d690-7d03-e8fb-f1cea7c8dc27,1777387727,0.37,37.83,yes,"{""count_fp"":""37.83"",""created_time"":""2026-04-28T14:48:47.344749Z"",""no_price_dollars"":""0.6300"",""taker_side"":""yes"",""ticker"":""KXETH15M-26APR281100-00"",""trade_id"":""812ea2f3-d690-7d03-e8fb-f1cea7c8dc27"",""yes_price_dollars"":""0.3700""}"
KXETH15M-26APR281100-00,ad29a96c-e92c-780b-dc6f-3efc46c41841,1777387728,0.33,10.0,no,"{""count_fp"":""10.00"",""created_time"":""2026-04-28T14:48:48.795979Z"",""no_price_dollars"":""0.6700"",""taker_side"":""no"",""ticker"":""KXETH15M-26APR281100-00"",""trade_id"":""ad29a96c-e92c-780b-dc6f-3efc46c41841"",""yes_price_dollars"":""0.3300""}"
KXETH15M-26APR281100-00,a09e9cff-b8f6-79ec-cc44-917eb86e4664,1777387728,0.32,8.98,no,"{""count_fp"":""8.98"",""created_time"":""2026-04-28T14:48:48.795979Z"",""no_price_dollars"":""0.6800"",""taker_side"":""no"",""ticker"":""KXETH15M-26APR281100-00"",""trade_id"":""a09e9cff-b8f6-79ec-cc44-917eb86e4664"",""yes_price_dollars"":""0.3200""}"
KXETH15M-26APR281100-00,517004ba-7bf5-7f73-fc30-49578b3c87ff,1777387728,0.33,10.0,no,"{""count_fp"":""10.00"",""created_time"":""2026-04-28T14:48:48.795979Z"",""no_price_dollars"":""0.6700"",""taker_side"":""no"",""ticker"":""KXETH15M-26APR281100-00"",""trade_id"":""517004ba-7bf5-7f73-fc30-49578b3c87ff"",""yes_price_dollars"":""0.3300""}"
KXETH15M-26APR281100-00,701fb622-5222-4bd8-4ea7-7acb54410734,1777387733,0.32,1.0,no,"{""count_fp"":""1.00"",""created_time"":""2026-04-28T14:48:53.515482Z"",""no_price_dollars"":""0.6800"",""taker_side"":""no"",""ticker"":""KXETH15M-26APR281100-00"",""trade_id"":""701fb622-5222-4bd8-4ea7-7acb54410734"",""yes_price_dollars"":""0.3200""}"
KXETH15M-26APR281100-00,030a01a5-630e-7548-779b-662948c6e80c,1777387735,0.32,8.55,no,"{""count_fp"":""8.55"",""created_time"":""2026-04-28T14:48:55.420259Z"",""no_price_dollars"":""0.6800"",""taker_side"":""no"",""ticker"":""KXETH15M-26APR281100-00"",""trade_id"":""030a01a5-630e-7548-779b-662948c6e80c"",""yes_price_dollars"":""0.3200""}"
KXETH15M-26APR281100-00,443de7c6-af2d-5668-1fd6-dc6bf9e02064,1777387745,0.33,1.0,no,"{""count_fp"":""1.00"",""created_time"":""2026-04-28T14:49:05.353387Z"",""no_price_dollars"":""0.6700"",""taker_side"":""no"",""ticker"":""KXETH15M-26APR281100-00"",""trade_id"":""443de7c6-af2d-5668-1fd6-dc6bf9e02064"",""yes_price_dollars"":""0.3300""}"
KXETH15M-26APR281100-00,7f6889f7-0c3a-4d1c-00a2-745f42b9f420,1777387746,0.32,4.0,no,"{""count_fp"":""4.00"",""created_time"":""2026-04-28T14:49:06.138944Z"",""no_price_dollars"":""0.6800"",""taker_side"":""no"",""ticker"":""KXETH15M-26APR281100-00"",""trade_id"":""7f6889f7-0c3a-4d1c-00a2-745f42b9f420"",""yes_price_dollars"":""0.3200""}"
KXETH15M-26APR281100-00,c898da8d-79f1-60ea-522f-53dba13193bc,1777387748,0.38,1.0,yes,"{""count_fp"":""1.00"",""created_time"":""2026-04-28T14:49:08.848074Z"",""no_price_dollars"":""0.6200"",""taker_side"":""yes"",""ticker"":""KXETH15M-26APR281100-00"",""trade_id"":""c898da8d-79f1-60ea-522f-53dba13193bc"",""yes_price_dollars"":""0.3800""}"
KXETH15M-26APR281100-00,138cfd46-7d36-6759-6c6b-3e43e8731551,1777387748,0.37,2.0,yes,"{""count_fp"":""2.00"",""created_time"":""2026-04-28T14:49:08.848074Z"",""no_price_dollars"":""0.6300"",""taker_side"":""yes"",""ticker"":""KXETH15M-26APR281100-00"",""trade_id"":""138cfd46-7d36-6759-6c6b-3e43e8731551"",""yes_price_dollars"":""0.3700""}"
KXETH15M-26APR281100-00,e5f0ecae-732d-43aa-ad3a-14e3f1281ef8,1777387751,0.39,10.0,yes,"{""count_fp"":""10.00"",""created_time"":""2026-04-28T14:49:11.832734Z"",""no_price_dollars"":""0.6100"",""taker_side"":""yes"",""ticker"":""KXETH15M-26APR281100-00"",""trade_id"":""e5f0ecae-732d-43aa-ad3a-14e3f1281ef8"",""yes_price_dollars"":""0.3900""}"
KXETH15M-26APR281100-00,9e91c4c6-708d-4b88-992a-5e48cde174f0,1777387751,0.39,9.83,yes,"{""count_fp"":""9.83"",""created_time"":""2026-04-28T14:49:11.832734Z"",""no_price_dollars"":""0.6100"",""taker_side"":""yes"",""ticker"":""KXETH15M-26APR281100-00"",""trade_id"":""9e91c4c6-708d-4b88-992a-5e48cde174f0"",""yes_price_dollars"":""0.3900""}"
KXETH15M-26APR281100-00,7414dfa8-05fb-7a11-8acf-103b59ca4ad0,1777387752,0.4,0.71,yes,"{""count_fp"":""0.71"",""created_time"":""2026-04-28T14:49:12.058462Z"",""no_price_dollars"":""0.6000"",""taker_side"":""yes"",""ticker"":""KXETH15M-26APR281100-00"",""trade_id"":""7414dfa8-05fb-7a11-8acf-103b59ca4ad0"",""yes_price_dollars"":""0.4000""}"
KXETH15M-26APR281100-00,a1f46774-a4d9-6e04-aa7f-7720e9a614a5,1777387753,0.39,3.0,no,"{""count_fp"":""3.00"",""created_time"":""2026-04-28T14:49:13.211586Z"",""no_price_dollars"":""0.6100"",""taker_side"":""no"",""ticker"":""KXETH15M-26APR281100-00"",""trade_id"":""a1f46774-a4d9-6e04-aa7f-7720e9a614a5"",""yes_price_dollars"":""0.3900""}"
KXETH15M-26APR281100-00,55f8f2d9-85f5-4928-a0d7-29c831600ba9,1777387754,0.39,5.04,no,"{""count_fp"":""5.04"",""created_time"":""2026-04-28T14:49:14.053721Z"",""no_price_dollars"":""0.6100"",""taker_side"":""no"",""ticker"":""KXETH15M-26APR281100-00"",""trade_id"":""55f8f2d9-85f5-4928-a0d7-29c831600ba9"",""yes_price_dollars"":""0.3900""}"
KXETH15M-26APR281100-00,8dcfeab8-a119-5af0-151a-b0fad5a47d81,1777387757,0.39,0.13,no,"{""count_fp"":""0.13"",""created_time"":""2026-04-28T14:49:17.579485Z"",""no_price_dollars"":""0.6100"",""taker_side"":""no"",""ticker"":""KXETH15M-26APR281100-00"",""trade_id"":""8dcfeab8-a119-5af0-151a-b0fad5a47d81"",""yes_price_dollars"":""0.3900""}"
KXETH15M-26APR281100-00,b17ad7df-0716-5f88-0486-aa3554a3e6c4,1777387763,0.32,6.0,no,"{""count_fp"":""6.00"",""created_time"":""2026-04-28T14:49:23.809441Z"",""no_price_dollars"":""0.6800"",""taker_side"":""no"",""ticker"":""KXETH15M-26APR281100-00"",""trade_id"":""b17ad7df-0716-5f88-0486-aa3554a3e6c4"",""yes_price_dollars"":""0.3200""}"
KXETH15M-26APR281100-00,d1c2f76f-7b14-4656-f6b2-4a358782af4d,1777387777,0.33,10.0,yes,"{""count_fp"":""10.00"",""created_time"":""2026-04-28T14:49:37.866251Z"",""no_price_dollars"":""0.6700"",""taker_side"":""yes"",""ticker"":""KXETH15M-26APR281100-00"",""trade_id"":""d1c2f76f-7b14-4656-f6b2-4a358782af4d"",""yes_price_dollars"":""0.3300""}"
KXETH15M-26APR281100-00,45c72336-e860-46af-d212-275997fd13c3,1777387777,0.34,3.29,yes,"{""count_fp"":""3.29"",""created_time"":""2026-04-28T14:49:37.866251Z"",""no_price_dollars"":""0.6600"",""taker_side"":""yes"",""ticker"":""KXETH15M-26APR281100-00"",""trade_id"":""45c72336-e860-46af-d212-275997fd13c3"",""yes_price_dollars"":""0.3400""}"
KXETH15M-26APR281100-00,f2497e7e-b28b-74fc-5bcd-36e4dd9ef33c,1777387779,0.32,1.0,no,"{""count_fp"":""1.00"",""created_time"":""2026-04-28T14:49:39.852945Z"",""no_price_dollars"":""0.6800"",""taker_side"":""no"",""ticker"":""KXETH15M-26APR281100-00"",""trade_id"":""f2497e7e-b28b-74fc-5bcd-36e4dd9ef33c"",""yes_price_dollars"":""0.3200""}"
KXETH15M-26APR281100-00,dc6ea4ec-b1b0-41bb-20f6-5c21c1ba511f,1777387782,0.33,14.47,yes,"{""count_fp"":""14.47"",""created_time"":""2026-04-28T14:49:42.658533Z"",""no_price_dollars"":""0.6700"",""taker_side"":""yes"",""ticker"":""KXETH15M-26APR281100-00"",""trade_id"":""dc6ea4ec-b1b0-41bb-20f6-5c21c1ba511f"",""yes_price_dollars"":""0.3300""}"
KXETH15M-26APR281100-00,1759b036-ad54-5db3-5cc4-79bde7fa35ab,1777387783,0.33,28.54,yes,"{""count_fp"":""28.54"",""created_time"":""2026-04-28T14:49:43.593733Z"",""no_price_dollars"":""0.6700"",""taker_side"":""yes"",""ticker"":""KXETH15M-26APR281100-00"",""trade_id"":""1759b036-ad54-5db3-5cc4-79bde7fa35ab"",""yes_price_dollars"":""0.3300""}"
KXETH15M-26APR281100-00,152b00eb-d8fc-7103-641d-975f0dc79193,1777387786,0.33,2.89,yes,"{""count_fp"":""2.89"",""created_time"":""2026-04-28T14:49:46.641173Z"",""no_price_dollars"":""0.6700"",""taker_side"":""yes"",""ticker"":""KXETH15M-26APR281100-00"",""trade_id"":""152b00eb-d8fc-7103-641d-975f0dc79193"",""yes_price_dollars"":""0.3300""}"
KXETH15M-26APR281100-00,ee8da91e-d100-6e4b-ad8c-860352d60777,1777387790,0.31,100.0,yes,"{""count_fp"":""100.00"",""created_time"":""2026-04-28T14:49:50.063255Z"",""no_price_dollars"":""0.6900"",""taker_side"":""yes"",""ticker"":""KXETH15M-26APR281100-00"",""trade_id"":""ee8da91e-d100-6e4b-ad8c-860352d60777"",""yes_price_dollars"":""0.3100""}"
KXETH15M-26APR281100-00,8bc63e9c-5c14-5159-42ec-ed533ef50608,1777387791,0.3,0.01,no,"{""count_fp"":""0.01"",""created_time"":""2026-04-28T14:49:51.122634Z"",""no_price_dollars"":""0.7000"",""taker_side"":""no"",""ticker"":""KXETH15M-26APR281100-00"",""trade_id"":""8bc63e9c-5c14-5159-42ec-ed533ef50608"",""yes_price_dollars"":""0.3000""}"
KXETH15M-26APR281100-00,1eb6cf9f-9f9d-5f81-44cd-96706e629949,1777387791,0.28,0.99,no,"{""count_fp"":""0.99"",""created_time"":""2026-04-28T14:49:51.122634Z"",""no_price_dollars"":""0.7200"",""taker_side"":""no"",""ticker"":""KXETH15M-26APR281100-00"",""trade_id"":""1eb6cf9f-9f9d-5f81-44cd-96706e629949"",""yes_price_dollars"":""0.2800""}"
KXETH15M-26APR281100-00,500316af-2495-774c-d634-c2946fa9b3e6,1777387796,0.31,3.07,yes,"{""count_fp"":""3.07"",""created_time"":""2026-04-28T14:49:56.031957Z"",""no_price_dollars"":""0.6900"",""taker_side"":""yes"",""ticker"":""KXETH15M-26APR281100-00"",""trade_id"":""500316af-2495-774c-d634-c2946fa9b3e6"",""yes_price_dollars"":""0.3100""}"
KXETH15M-26APR281100-00,940c0981-a811-4f09-9550-39bedfe34275,1777387803,0.28,6.81,no,"{""count_fp"":""6.81"",""created_time"":""2026-04-28T14:50:03.668717Z"",""no_price_dollars"":""0.7200"",""taker_side"":""no"",""ticker"":""KXETH15M-26APR281100-00"",""trade_id"":""940c0981-a811-4f09-9550-39bedfe34275"",""yes_price_dollars"":""0.2800""}"
KXETH15M-26APR281100-00,6a36a1bd-23c1-6b10-95c6-e2f4c10d32dd,1777387804,0.29,5.0,yes,"{""count_fp"":""5.00"",""created_time"":""2026-04-28T14:50:04.402828Z"",""no_price_dollars"":""0.7100"",""taker_side"":""yes"",""ticker"":""KXETH15M-26APR281100-00"",""trade_id"":""6a36a1bd-23c1-6b10-95c6-e2f4c10d32dd"",""yes_price_dollars"":""0.2900""}"
KXETH15M-26APR281100-00,77d92a24-62f9-6319-b23e-a6f558bf9f71,1777387808,0.28,40.0,no,"{""count_fp"":""40.00"",""created_time"":""2026-04-28T14:50:08.950782Z"",""no_price_dollars"":""0.7200"",""taker_side"":""no"",""ticker"":""KXETH15M-26APR281100-00"",""trade_id"":""77d92a24-62f9-6319-b23e-a6f558bf9f71"",""yes_price_dollars"":""0.2800""}"
KXETH15M-26APR281100-00,f41574e8-edd8-5ceb-4856-5fba8f8df85f,1777387808,0.29,3.0,yes,"{""count_fp"":""3.00"",""created_time"":""2026-04-28T14:50:08.421831Z"",""no_price_dollars"":""0.7100"",""taker_side"":""yes"",""ticker"":""KXETH15M-26APR281100-00"",""trade_id"":""f41574e8-edd8-5ceb-4856-5fba8f8df85f"",""yes_price_dollars"":""0.2900""}"
KXETH15M-26APR281100-00,fc3e9f4e-b6d5-7141-4a49-213e69452cfd,1777387808,0.28,40.0,no,"{""count_fp"":""40.00"",""created_time"":""2026-04-28T14:50:08.238878Z"",""no_price_dollars"":""0.7200"",""taker_side"":""no"",""ticker"":""KXETH15M-26APR281100-00"",""trade_id"":""fc3e9f4e-b6d5-7141-4a49-213e69452cfd"",""yes_price_dollars"":""0.2800""}"
KXETH15M-26APR281100-00,d6182d5d-ae79-7d41-981f-81f791a6c7fd,1777387809,0.28,37.0,no,"{""count_fp"":""37.00"",""created_time"":""2026-04-28T14:50:09.310245Z"",""no_price_dollars"":""0.7200"",""taker_side"":""no"",""ticker"":""KXETH15M-26APR281100-00"",""trade_id"":""d6182d5d-ae79-7d41-981f-81f791a6c7fd"",""yes_price_dollars"":""0.2800""}"
KXETH15M-26APR281100-00,4c026782-4289-43c1-c6a9-d6ec6847c24d,1777387810,0.28,26.0,no,"{""count_fp"":""26.00"",""created_time"":""2026-04-28T14:50:10.672969Z"",""no_price_dollars"":""0.7200"",""taker_side"":""no"",""ticker"":""KXETH15M-26APR281100-00"",""trade_id"":""4c026782-4289-43c1-c6a9-d6ec6847c24d"",""yes_price_dollars"":""0.2800""}"
KXETH15M-26APR281100-00,042eddcf-61d1-61d9-f8c7-bbde321ab1f9,1777387810,0.28,14.0,no,"{""count_fp"":""14.00"",""created_time"":""2026-04-28T14:50:10.399276Z"",""no_price_dollars"":""0.7200"",""taker_side"":""no"",""ticker"":""KXETH15M-26APR281100-00"",""trade_id"":""042eddcf-61d1-61d9-f8c7-bbde321ab1f9"",""yes_price_dollars"":""0.2800""}"
KXETH15M-26APR281100-00,8fd18e18-b5c5-73bd-72fe-f3c34e0ed099,1777387810,0.28,1.0,no,"{""count_fp"":""1.00"",""created_time"":""2026-04-28T14:50:10.256417Z"",""no_price_dollars"":""0.7200"",""taker_side"":""no"",""ticker"":""KXETH15M-26APR281100-00"",""trade_id"":""8fd18e18-b5c5-73bd-72fe-f3c34e0ed099"",""yes_price_dollars"":""0.2800""}"
KXETH15M-26APR281100-00,a4f7527f-622d-65e3-5870-cf08e65dbc23,1777387811,0.21,27.99,no,"{""count_fp"":""27.99"",""created_time"":""2026-04-28T14:50:11.428246Z"",""no_price_dollars"":""0.7900"",""taker_side"":""no"",""ticker"":""KXETH15M-26APR281100-00"",""trade_id"":""a4f7527f-622d-65e3-5870-cf08e65dbc23"",""yes_price_dollars"":""0.2100""}"
KXETH15M-26APR281100-00,4fa24a7a-ef5b-62db-40cc-11badf61cb4b,1777387811,0.21,28.99,no,"{""count_fp"":""28.99"",""created_time"":""2026-04-28T14:50:11.428246Z"",""no_price_dollars"":""0.7900"",""taker_side"":""no"",""ticker"":""KXETH15M-26APR281100-00"",""trade_id"":""4fa24a7a-ef5b-62db-40cc-11badf61cb4b"",""yes_price_dollars"":""0.2100""}"
KXETH15M-26APR281100-00,afe7a6a2-9af5-6653-4c1f-51794a0ed877,1777387811,0.21,1.0,no,"{""count_fp"":""1.00"",""created_time"":""2026-04-28T14:50:11.425547Z"",""no_price_dollars"":""0.7900"",""taker_side"":""no"",""ticker"":""KXETH15M-26APR281100-00"",""trade_id"":""afe7a6a2-9af5-6653-4c1f-51794a0ed877"",""yes_price_dollars"":""0.2100""}"
KXETH15M-26APR281100-00,f8eaaeb8-0eb0-4cc1-9ec8-3eef45c87122,1777387811,0.2,41.96,no,"{""count_fp"":""41.96"",""created_time"":""2026-04-28T14:50:11.210225Z"",""no_price_dollars"":""0.8000"",""taker_side"":""no"",""ticker"":""KXETH15M-26APR281100-00"",""trade_id"":""f8eaaeb8-0eb0-4cc1-9ec8-3eef45c87122"",""yes_price_dollars"":""0.2000""}"
KXETH15M-26APR281100-00,bafe9683-1875-4a05-b144-b24ad45fa524,1777387811,0.22,26.67,no,"{""count_fp"":""26.67"",""created_time"":""2026-04-28T14:50:11.210225Z"",""no_price_dollars"":""0.7800"",""taker_side"":""no"",""ticker"":""KXETH15M-26APR281100-00"",""trade_id"":""bafe9683-1875-4a05-b144-b24ad45fa524"",""yes_price_dollars"":""0.2200""}"
KXETH15M-26APR281100-00,174fdd09-d4bc-4661-8bd4-7b157a65cfef,1777387811,0.19,5.37,no,"{""count_fp"":""5.37"",""created_time"":""2026-04-28T14:50:11.210225Z"",""no_price_dollars"":""0.8100"",""taker_side"":""no"",""ticker"":""KXETH15M-26APR281100-00"",""trade_id"":""174fdd09-d4bc-4661-8bd4-7b157a65cfef"",""yes_price_dollars"":""0.1900""}"
KXETH15M-26APR281100-00,96ef0a95-f969-7ac7-9ccb-6154a681376b,1777387811,0.2,1.0,no,"{""count_fp"":""1.00"",""created_time"":""2026-04-28T14:50:11.185434Z"",""no_price_dollars"":""0.8000"",""taker_side"":""no"",""ticker"":""KXETH15M-26APR281100-00"",""trade_id"":""96ef0a95-f969-7ac7-9ccb-6154a681376b"",""yes_price_dollars"":""0.2000""}"
KXETH15M-26APR281100-00,79e2a9b1-2c20-7165-b72e-f79998473602,1777387811,0.2,22.0,no,"{""count_fp"":""22.00"",""created_time"":""2026-04-28T14:50:11.185434Z"",""no_price_dollars"":""0.8000"",""taker_side"":""no"",""ticker"":""KXETH15M-26APR281100-00"",""trade_id"":""79e2a9b1-2c20-7165-b72e-f79998473602"",""yes_price_dollars"":""0.2000""}"
KXETH15M-26APR281100-00,d0e5271f-0645-49e5-3397-a97539a0f179,1777387811,0.25,10.0,no,"{""count_fp"":""10.00"",""created_time"":""2026-04-28T14:50:11.168382Z"",""no_price_dollars"":""0.7500"",""taker_side"":""no"",""ticker"":""KXETH15M-26APR281100-00"",""trade_id"":""d0e5271f-0645-49e5-3397-a97539a0f179"",""yes_price_dollars"":""0.2500""}"
KXETH15M-26APR281100-00,c571b684-9577-45a4-31c0-9cb03e3d9133,1777387811,0.21,10.0,no,"{""count_fp"":""10.00"",""created_time"":""2026-04-28T14:50:11.168382Z"",""no_price_dollars"":""0.7900"",""taker_side"":""no"",""ticker"":""KXETH15M-26APR281100-00"",""trade_id"":""c571b684-9577-45a4-31c0-9cb03e3d9133"",""yes_price_dollars"":""0.2100""}"
KXETH15M-26APR281100-00,a26b4fdf-aaee-4ea6-34b5-ac0df59a5240,1777387811,0.25,16.97,no,"{""count_fp"":""16.97"",""created_time"":""2026-04-28T14:50:11.168382Z"",""no_price_dollars"":""0.7500"",""taker_side"":""no"",""ticker"":""KXETH15M-26APR281100-00"",""trade_id"":""a26b4fdf-aaee-4ea6-34b5-ac0df59a5240"",""yes_price_dollars"":""0.2500""}"
KXETH15M-26APR281100-00,9e0c740c-47cd-6be5-c80c-8eaaf29c861d,1777387811,0.28,0.2,no,"{""count_fp"":""0.20"",""created_time"":""2026-04-28T14:50:11.156248Z"",""no_price_dollars"":""0.7200"",""taker_side"":""no"",""ticker"":""KXETH15M-26APR281100-00"",""trade_id"":""9e0c740c-47cd-6be5-c80c-8eaaf29c861d"",""yes_price_dollars"":""0.2800""}"
KXETH15M-26APR281100-00,c2e77810-887d-5ec9-e91b-1aed9fbbaa61,1777387811,0.28,322.0,no,"{""count_fp"":""322.00"",""created_time"":""2026-04-28T14:50:11.142146Z"",""no_price_dollars"":""0.7200"",""taker_side"":""no"",""ticker"":""KXETH15M-26APR281100-00"",""trade_id"":""c2e77810-887d-5ec9-e91b-1aed9fbbaa61"",""yes_price_dollars"":""0.2800""}"
KXETH15M-26APR281100-00,9c268787-22bf-4eb5-93c6-3eab15ea524b,1777387812,0.18,5.0,no,"{""count_fp"":""5.00"",""created_time"":""2026-04-28T14:50:12.852274Z"",""no_price_dollars"":""0.8200"",""taker_side"":""no"",""ticker"":""KXETH15M-26APR281100-00"",""trade_id"":""9c268787-22bf-4eb5-93c6-3eab15ea524b"",""yes_price_dollars"":""0.1800""}"
KXETH15M-26APR281100-00,f3c3c312-f925-6945-5499-572af78070ce,1777387812,0.17,3.0,no,"{""count_fp"":""3.00"",""created_time"":""2026-04-28T14:50:12.163412Z"",""no_price_dollars"":""0.8300"",""taker_side"":""no"",""ticker"":""KXETH15M-26APR281100-00"",""trade_id"":""f3c3c312-f925-6945-5499-572af78070ce"",""yes_price_dollars"":""0.1700""}"
KXETH15M-26APR281100-00,5dc9ad5b-4265-616e-6bee-cf060d4875c1,1777387812,0.17,7.0,no,"{""count_fp"":""7.00"",""created_time"":""2026-04-28T14:50:12.163412Z"",""no_price_dollars"":""0.8300"",""taker_side"":""no"",""ticker"":""KXETH15M-26APR281100-00"",""trade_id"":""5dc9ad5b-4265-616e-6bee-cf060d4875c1"",""yes_price_dollars"":""0.1700""}"
KXETH15M-26APR281100-00,7cfe799e-db41-626c-0cec-4c08fc24a247,1777387813,0.18,1.0,no,"{""count_fp"":""1.00"",""created_time"":""2026-04-28T14:50:13.763607Z"",""no_price_dollars"":""0.8200"",""taker_side"":""no"",""ticker"":""KXETH15M-26APR281100-00"",""trade_id"":""7cfe799e-db41-626c-0cec-4c08fc24a247"",""yes_price_dollars"":""0.1800""}"
KXETH15M-26APR281100-00,07db959c-d22c-777c-d9cb-c383f1e3d89a,1777387813,0.18,5.0,no,"{""count_fp"":""5.00"",""created_time"":""2026-04-28T14:50:13.494966Z"",""no_price_dollars"":""0.8200"",""taker_side"":""no"",""ticker"":""KXETH15M-26APR281100-00"",""trade_id"":""07db959c-d22c-777c-d9cb-c383f1e3d89a"",""yes_price_dollars"":""0.1800""}"
KXETH15M-26APR281100-00,ae0d2afc-cac0-4ebc-23d6-5f5460b6aada,1777387813,0.19,550.0,yes,"{""count_fp"":""550.00"",""created_time"":""2026-04-28T14:50:13.364732Z"",""no_price_dollars"":""0.8100"",""taker_side"":""yes"",""ticker"":""KXETH15M-26APR281100-00"",""trade_id"":""ae0d2afc-cac0-4ebc-23d6-5f5460b6aada"",""yes_price_dollars"":""0.1900""}"
KXETH15M-26APR281100-00,81c3b2f2-2b6b-4b5b-0b9e-1556c5cb0eed,1777387813,0.19,10.0,yes,"{""count_fp"":""10.00"",""created_time"":""2026-04-28T14:50:13.364732Z"",""no_price_dollars"":""0.8100"",""taker_side"":""yes"",""ticker"":""KXETH15M-26APR281100-00"",""trade_id"":""81c3b2f2-2b6b-4b5b-0b9e-1556c5cb0eed"",""yes_price_dollars"":""0.1900""}"
KXETH15M-26APR281100-00,73e86647-f3de-48e4-07d8-d6de859c2c48,1777387813,0.18,5.0,yes,"{""count_fp"":""5.00"",""created_time"":""2026-04-28T14:50:13.364732Z"",""no_price_dollars"":""0.8200"",""taker_side"":""yes"",""ticker"":""KXETH15M-26APR281100-00"",""trade_id"":""73e86647-f3de-48e4-07d8-d6de859c2c48"",""yes_price_dollars"":""0.1800""}"
KXETH15M-26APR281100-00,79db12e8-a053-40d4-446b-671029a5d1a9,1777387814,0.22,3.0,yes,"{""count_fp"":""3.00"",""created_time"":""2026-04-28T14:50:14.192231Z"",""no_price_dollars"":""0.7800"",""taker_side"":""yes"",""ticker"":""KXETH15M-26APR281100-00"",""trade_id"":""79db12e8-a053-40d4-446b-671029a5d1a9"",""yes_price_dollars"":""0.2200""}"
KXETH15M-26APR281100-00,d7da2e22-d0ee-746b-3613-3c1271866cb6,1777387814,0.18,10.0,no,"{""count_fp"":""10.00"",""created_time"":""2026-04-28T14:50:14.127273Z"",""no_price_dollars"":""0.8200"",""taker_side"":""no"",""ticker"":""KXETH15M-26APR281100-00"",""trade_id"":""d7da2e22-d0ee-746b-3613-3c1271866cb6"",""yes_price_dollars"":""0.1800""}"
KXETH15M-26APR281100-00,f0fe8022-b7d4-456d-7864-8ea97d111727,1777387815,0.19,5.0,no,"{""count_fp"":""5.00"",""created_time"":""2026-04-28T14:50:15.544682Z"",""no_price_dollars"":""0.8100"",""taker_side"":""no"",""ticker"":""KXETH15M-26APR281100-00"",""trade_id"":""f0fe8022-b7d4-456d-7864-8ea97d111727"",""yes_price_dollars"":""0.1900""}"
KXETH15M-26APR281100-00,872cf037-c57e-5dac-7e9a-a5f8b2609716,1777387817,0.23,2.0,yes,"{""count_fp"":""2.00"",""created_time"":""2026-04-28T14:50:17.908066Z"",""no_price_dollars"":""0.7700"",""taker_side"":""yes"",""ticker"":""KXETH15M-26APR281100-00"",""trade_id"":""872cf037-c57e-5dac-7e9a-a5f8b2609716"",""yes_price_dollars"":""0.2300""}"
KXETH15M-26APR281100-00,0fbd5ff1-a246-7f69-6ef8-dae53dcad8d0,1777387825,0.22,1.0,no,"{""count_fp"":""1.00"",""created_time"":""2026-04-28T14:50:25.835475Z"",""no_price_dollars"":""0.7800"",""taker_side"":""no"",""ticker"":""KXETH15M-26APR281100-00"",""trade_id"":""0fbd5ff1-a246-7f69-6ef8-dae53dcad8d0"",""yes_price_dollars"":""0.2200""}"
KXETH15M-26APR281100-00,c17e5ae5-2f70-63f5-3b94-e1ce0cb16c2d,1777387827,0.19,1.2,no,"{""count_fp"":""1.20"",""created_time"":""2026-04-28T14:50:27.323059Z"",""no_price_dollars"":""0.8100"",""taker_side"":""no"",""ticker"":""KXETH15M-26APR281100-00"",""trade_id"":""c17e5ae5-2f70-63f5-3b94-e1ce0cb16c2d"",""yes_price_dollars"":""0.1900""}"
KXETH15M-26APR281100-00,bba989c3-2d1e-762c-df8e-b67d607ecda5,1777387832,0.21,2.46,no,"{""count_fp"":""2.46"",""created_time"":""2026-04-28T14:50:32.821558Z"",""no_price_dollars"":""0.7900"",""taker_side"":""no"",""ticker"":""KXETH15M-26APR281100-00"",""trade_id"":""bba989c3-2d1e-762c-df8e-b67d607ecda5"",""yes_price_dollars"":""0.2100""}"
KXETH15M-26APR281100-00,df5e1443-7f9c-4cb2-f049-2431002b6085,1777387834,0.2,1.0,no,"{""count_fp"":""1.00"",""created_time"":""2026-04-28T14:50:34.784248Z"",""no_price_dollars"":""0.8000"",""taker_side"":""no"",""ticker"":""KXETH15M-26APR281100-00"",""trade_id"":""df5e1443-7f9c-4cb2-f049-2431002b6085"",""yes_price_dollars"":""0.2000""}"
KXETH15M-26APR281100-00,7e53b7d9-d350-73a0-79ea-c05d40358a36,1777387835,0.24,10.54,yes,"{""count_fp"":""10.54"",""created_time"":""2026-04-28T14:50:35.340304Z"",""no_price_dollars"":""0.7600"",""taker_side"":""yes"",""ticker"":""KXETH15M-26APR281100-00"",""trade_id"":""7e53b7d9-d350-73a0-79ea-c05d40358a36"",""yes_price_dollars"":""0.2400""}"
KXETH15M-26APR281100-00,2b02d155-4876-75a4-7f05-c71af699840e,1777387835,0.24,0.96,yes,"{""count_fp"":""0.96"",""created_time"":""2026-04-28T14:50:35.340304Z"",""no_price_dollars"":""0.7600"",""taker_side"":""yes"",""ticker"":""KXETH15M-26APR281100-00"",""trade_id"":""2b02d155-4876-75a4-7f05-c71af699840e"",""yes_price_dollars"":""0.2400""}"
KXETH15M-26APR281100-00,b2469d8e-1712-545f-ee53-0e76e44cc42c,1777387836,0.2,1.0,no,"{""count_fp"":""1.00"",""created_time"":""2026-04-28T14:50:36.977661Z"",""no_price_dollars"":""0.8000"",""taker_side"":""no"",""ticker"":""KXETH15M-26APR281100-00"",""trade_id"":""b2469d8e-1712-545f-ee53-0e76e44cc42c"",""yes_price_dollars"":""0.2000""}"
KXETH15M-26APR281100-00,c9933e58-bc0a-7304-8582-a3da5e584faa,1777387840,0.24,38.42,yes,"{""count_fp"":""38.42"",""created_time"":""2026-04-28T14:50:40.816392Z"",""no_price_dollars"":""0.7600"",""taker_side"":""yes"",""ticker"":""KXETH15M-26APR281100-00"",""trade_id"":""c9933e58-bc0a-7304-8582-a3da5e584faa"",""yes_price_dollars"":""0.2400""}"
KXETH15M-26APR281100-00,d46c2089-607e-4914-a933-961bcee1708a,1777387841,0.24,2.0,yes,"{""count_fp"":""2.00"",""created_time"":""2026-04-28T14:50:41.599054Z"",""no_price_dollars"":""0.7600"",""taker_side"":""yes"",""ticker"":""KXETH15M-26APR281100-00"",""trade_id"":""d46c2089-607e-4914-a933-961bcee1708a"",""yes_price_dollars"":""0.2400""}"
KXETH15M-26APR281100-00,9cf503f0-979e-6a38-803c-837b8207d5be,1777387846,0.21,20.0,yes,"{""count_fp"":""20.00"",""created_time"":""2026-04-28T14:50:46.014639Z"",""no_price_dollars"":""0.7900"",""taker_side"":""yes"",""ticker"":""KXETH15M-26APR281100-00"",""trade_id"":""9cf503f0-979e-6a38-803c-837b8207d5be"",""yes_price_dollars"":""0.2100""}"
KXETH15M-26APR281100-00,54907709-36e0-4979-e76f-aef7abcf59eb,1777387847,0.2,3.57,no,"{""count_fp"":""3.57"",""created_time"":""2026-04-28T14:50:47.650398Z"",""no_price_dollars"":""0.8000"",""taker_side"":""no"",""ticker"":""KXETH15M-26APR281100-00"",""trade_id"":""54907709-36e0-4979-e76f-aef7abcf59eb"",""yes_price_dollars"":""0.2000""}"
KXETH15M-26APR281100-00,8bbef44c-eb7c-7a5b-4777-876943183b59,1777387849,0.19,1.0,no,"{""count_fp"":""1.00"",""created_time"":""2026-04-28T14:50:49.948008Z"",""no_price_dollars"":""0.8100"",""taker_side"":""no"",""ticker"":""KXETH15M-26APR281100-00"",""trade_id"":""8bbef44c-eb7c-7a5b-4777-876943183b59"",""yes_price_dollars"":""0.1900""}"
KXETH15M-26APR281100-00,e758fcde-a64c-7399-a867-056372a2a28f,1777387850,0.17,10.0,no,"{""count_fp"":""10.00"",""created_time"":""2026-04-28T14:50:50.690875Z"",""no_price_dollars"":""0.8300"",""taker_side"":""no"",""ticker"":""KXETH15M-26APR281100-00"",""trade_id"":""e758fcde-a64c-7399-a867-056372a2a28f"",""yes_price_dollars"":""0.1700""}"
KXETH15M-26APR281100-00,9a0181b2-477b-4063-2c25-691c869d4343,1777387857,0.15,5.0,no,"{""count_fp"":""5.00"",""created_time"":""2026-04-28T14:50:57.629461Z"",""no_price_dollars"":""0.8500"",""taker_side"":""no"",""ticker"":""KXETH15M-26APR281100-00"",""trade_id"":""9a0181b2-477b-4063-2c25-691c869d4343"",""yes_price_dollars"":""0.1500""}"
KXETH15M-26APR281100-00,6bb2afbd-6290-4916-026f-f59334411e9f,1777387857,0.16,1.0,no,"{""count_fp"":""1.00"",""created_time"":""2026-04-28T14:50:57.629461Z"",""no_price_dollars"":""0.8400"",""taker_side"":""no"",""ticker"":""KXETH15M-26APR281100-00"",""trade_id"":""6bb2afbd-6290-4916-026f-f59334411e9f"",""yes_price_dollars"":""0.1600""}"
KXETH15M-26APR281100-00,25313831-40a7-49c4-1b11-0093f963f946,1777387857,0.16,1.0,no,"{""count_fp"":""1.00"",""created_time"":""2026-04-28T14:50:57.629461Z"",""no_price_dollars"":""0.8400"",""taker_side"":""no"",""ticker"":""KXETH15M-26APR281100-00"",""trade_id"":""25313831-40a7-49c4-1b11-0093f963f946"",""yes_price_dollars"":""0.1600""}"
KXETH15M-26APR281100-00,d43c942c-b66c-6e91-789b-d514ff0cd864,1777387861,0.18,10.0,yes,"{""count_fp"":""10.00"",""created_time"":""2026-04-28T14:51:01.429284Z"",""no_price_dollars"":""0.8200"",""taker_side"":""yes"",""ticker"":""KXETH15M-26APR281100-00"",""trade_id"":""d43c942c-b66c-6e91-789b-d514ff0cd864"",""yes_price_dollars"":""0.1800""}"
KXETH15M-26APR281100-00,c23b5016-d75a-6230-63e1-d0ac0d0668e2,1777387861,0.19,22.61,yes,"{""count_fp"":""22.61"",""created_time"":""2026-04-28T14:51:01.429284Z"",""no_price_dollars"":""0.8100"",""taker_side"":""yes"",""ticker"":""KXETH15M-26APR281100-00"",""trade_id"":""c23b5016-d75a-6230-63e1-d0ac0d0668e2"",""yes_price_dollars"":""0.1900""}"
KXETH15M-26APR281100-00,49c4be7c-7d47-65cc-7e69-f77c55d12325,1777387861,0.18,10.0,yes,"{""count_fp"":""10.00"",""created_time"":""2026-04-28T14:51:01.429284Z"",""no_price_dollars"":""0.8200"",""taker_side"":""yes"",""ticker"":""KXETH15M-26APR281100-00"",""trade_id"":""49c4be7c-7d47-65cc-7e69-f77c55d12325"",""yes_price_dollars"":""0.1800""}"
KXETH15M-26APR281100-00,e4699af0-68ec-4952-b95f-e7a3b3943cdd,1777387861,0.15,1.67,no,"{""count_fp"":""1.67"",""created_time"":""2026-04-28T14:51:01.000708Z"",""no_price_dollars"":""0.8500"",""taker_side"":""no"",""ticker"":""KXETH15M-26APR281100-00"",""trade_id"":""e4699af0-68ec-4952-b95f-e7a3b3943cdd"",""yes_price_dollars"":""0.1500""}"
KXETH15M-26APR281100-00,a5816aa1-e444-47da-a41f-33e029b0a481,1777387861,0.15,9.33,no,"{""count_fp"":""9.33"",""created_time"":""2026-04-28T14:51:01.000708Z"",""no_price_dollars"":""0.8500"",""taker_side"":""no"",""ticker"":""KXETH15M-26APR281100-00"",""trade_id"":""a5816aa1-e444-47da-a41f-33e029b0a481"",""yes_price_dollars"":""0.1500""}"
KXETH15M-26APR281100-00,5f694c12-0456-6f70-eba7-eede7b237476,1777387868,0.17,6.94,yes,"{""count_fp"":""6.94"",""created_time"":""2026-04-28T14:51:08.464844Z"",""no_price_dollars"":""0.8300"",""taker_side"":""yes"",""ticker"":""KXETH15M-26APR281100-00"",""trade_id"":""5f694c12-0456-6f70-eba7-eede7b237476"",""yes_price_dollars"":""0.1700""}"
KXETH15M-26APR281100-00,5c13c2c4-6cb5-6e70-f235-4ab888c072d4,1777387868,0.14,5.0,yes,"{""count_fp"":""5.00"",""created_time"":""2026-04-28T14:51:08.464844Z"",""no_price_dollars"":""0.8600"",""taker_side"":""yes"",""ticker"":""KXETH15M-26APR281100-00"",""trade_id"":""5c13c2c4-6cb5-6e70-f235-4ab888c072d4"",""yes_price_dollars"":""0.1400""}"
KXETH15M-26APR281100-00,bc109dcb-72e5-4728-3ee5-115b0e1776fd,1777387869,0.13,1.0,no,"{""count_fp"":""1.00"",""created_time"":""2026-04-28T14:51:09.314044Z"",""no_price_dollars"":""0.8700"",""taker_side"":""no"",""ticker"":""KXETH15M-26APR281100-00"",""trade_id"":""bc109dcb-72e5-4728-3ee5-115b0e1776fd"",""yes_price_dollars"":""0.1300""}"
KXETH15M-26APR281100-00,c46eeb8d-adb5-68cc-cbf4-267ec90b3ae1,1777387871,0.13,1.0,no,"{""count_fp"":""1.00"",""created_time"":""2026-04-28T14:51:11.645289Z"",""no_price_dollars"":""0.8700"",""taker_side"":""no"",""ticker"":""KXETH15M-26APR281100-00"",""trade_id"":""c46eeb8d-adb5-68cc-cbf4-267ec90b3ae1"",""yes_price_dollars"":""0.1300""}"
KXETH15M-26APR281100-00,4dffd44a-ad2e-77ea-08fd-fb695aa75dbe,1777387876,0.19,1.0,yes,"{""count_fp"":""1.00"",""created_time"":""2026-04-28T14:51:16.167421Z"",""no_price_dollars"":""0.8100"",""taker_side"":""yes"",""ticker"":""KXETH15M-26APR281100-00"",""trade_id"":""4dffd44a-ad2e-77ea-08fd-fb695aa75dbe"",""yes_price_dollars"":""0.1900""}"
KXETH15M-26APR281100-00,17cf6063-40a3-5c24-61dc-ccc6f78778d0,1777387882,0.15,1.0,yes,"{""count_fp"":""1.00"",""created_time"":""2026-04-28T14:51:22.700416Z"",""no_price_dollars"":""0.8500"",""taker_side"":""yes"",""ticker"":""KXETH15M-26APR281100-00"",""trade_id"":""17cf6063-40a3-5c24-61dc-ccc6f78778d0"",""yes_price_dollars"":""0.1500""}"
KXETH15M-26APR281100-00,890f8a3e-d86a-7ddb-f9e4-0ccd5208898d,1777387883,0.13,1.0,no,"{""count_fp"":""1.00"",""created_time"":""2026-04-28T14:51:23.690757Z"",""no_price_dollars"":""0.8700"",""taker_side"":""no"",""ticker"":""KXETH15M-26APR281100-00"",""trade_id"":""890f8a3e-d86a-7ddb-f9e4-0ccd5208898d"",""yes_price_dollars"":""0.1300""}"
KXETH15M-26APR281100-00,2bcc698a-eabd-6ed8-b393-722c595668ed,1777387883,0.13,2.0,no,"{""count_fp"":""2.00"",""created_time"":""2026-04-28T14:51:23.053184Z"",""no_price_dollars"":""0.8700"",""taker_side"":""no"",""ticker"":""KXETH15M-26APR281100-00"",""trade_id"":""2bcc698a-eabd-6ed8-b393-722c595668ed"",""yes_price_dollars"":""0.1300""}"
KXETH15M-26APR281100-00,0b39bc37-1c3e-6ab3-9830-3d10b5975199,1777387883,0.13,3.6,no,"{""count_fp"":""3.60"",""created_time"":""2026-04-28T14:51:23.053184Z"",""no_price_dollars"":""0.8700"",""taker_side"":""no"",""ticker"":""KXETH15M-26APR281100-00"",""trade_id"":""0b39bc37-1c3e-6ab3-9830-3d10b5975199"",""yes_price_dollars"":""0.1300""}"
KXETH15M-26APR281100-00,04524bca-a9a2-6cd0-5cc8-89badee2193a,1777387892,0.14,32.08,yes,"{""count_fp"":""32.08"",""created_time"":""2026-04-28T14:51:32.619035Z"",""no_price_dollars"":""0.8600"",""taker_side"":""yes"",""ticker"":""KXETH15M-26APR281100-00"",""trade_id"":""04524bca-a9a2-6cd0-5cc8-89badee2193a"",""yes_price_dollars"":""0.1400""}"
KXETH15M-26APR281100-00,d79ffb2d-bade-4586-dadd-4841e5d6b4eb,1777387893,0.11,1.0,no,"{""count_fp"":""1.00"",""created_time"":""2026-04-28T14:51:33.241235Z"",""no_price_dollars"":""0.8900"",""taker_side"":""no"",""ticker"":""KXETH15M-26APR281100-00"",""trade_id"":""d79ffb2d-bade-4586-dadd-4841e5d6b4eb"",""yes_price_dollars"":""0.1100""}"
KXETH15M-26APR281100-00,64d4b6c6-59a2-40d0-d544-6047e05de9c9,1777387893,0.11,10.0,no,"{""count_fp"":""10.00"",""created_time"":""2026-04-28T14:51:33.241235Z"",""no_price_dollars"":""0.8900"",""taker_side"":""no"",""ticker"":""KXETH15M-26APR281100-00"",""trade_id"":""64d4b6c6-59a2-40d0-d544-6047e05de9c9"",""yes_price_dollars"":""0.1100""}"
KXETH15M-26APR281100-00,401ffe19-a16a-40ba-de69-83c043a2ebf5,1777387893,0.11,15.6,no,"{""count_fp"":""15.60"",""created_time"":""2026-04-28T14:51:33.241235Z"",""no_price_dollars"":""0.8900"",""taker_side"":""no"",""ticker"":""KXETH15M-26APR281100-00"",""trade_id"":""401ffe19-a16a-40ba-de69-83c043a2ebf5"",""yes_price_dollars"":""0.1100""}"
KXETH15M-26APR281100-00,0b3a4299-d5c2-4127-c436-35a6860c8b15,1777387893,0.13,0.4,no,"{""count_fp"":""0.40"",""created_time"":""2026-04-28T14:51:33.241235Z"",""no_price_dollars"":""0.8700"",""taker_side"":""no"",""ticker"":""KXETH15M-26APR281100-00"",""trade_id"":""0b3a4299-d5c2-4127-c436-35a6860c8b15"",""yes_price_dollars"":""0.1300""}"
KXETH15M-26APR281100-00,17b807ec-7512-6610-9ce2-bd7363831c8a,1777387894,0.14,31.46,yes,"{""count_fp"":""31.46"",""created_time"":""2026-04-28T14:51:34.871441Z"",""no_price_dollars"":""0.8600"",""taker_side"":""yes"",""ticker"":""KXETH15M-26APR281100-00"",""trade_id"":""17b807ec-7512-6610-9ce2-bd7363831c8a"",""yes_price_dollars"":""0.1400""}"
KXETH15M-26APR281100-00,593a9520-1077-43f3-c617-f52a9ab1c50c,1777387906,0.13,1.0,no,"{""count_fp"":""1.00"",""created_time"":""2026-04-28T14:51:46.159991Z"",""no_price_dollars"":""0.8700"",""taker_side"":""no"",""ticker"":""KXETH15M-26APR281100-00"",""trade_id"":""593a9520-1077-43f3-c617-f52a9ab1c50c"",""yes_price_dollars"":""0.1300""}"
KXETH15M-26APR281100-00,97b558f7-825c-5808-08ea-5f949a7d36cc,1777387909,0.14,1.0,no,"{""count_fp"":""1.00"",""created_time"":""2026-04-28T14:51:49.771812Z"",""no_price_dollars"":""0.8600"",""taker_side"":""no"",""ticker"":""KXETH15M-26APR281100-00"",""trade_id"":""97b558f7-825c-5808-08ea-5f949a7d36cc"",""yes_price_dollars"":""0.1400""}"
KXETH15M-26APR281100-00,08f982e6-b60c-6c67-f0d7-a56287fa2ef1,1777387920,0.13,10.0,no,"{""count_fp"":""10.00"",""created_time"":""2026-04-28T14:52:00.958727Z"",""no_price_dollars"":""0.8700"",""taker_side"":""no"",""ticker"":""KXETH15M-26APR281100-00"",""trade_id"":""08f982e6-b60c-6c67-f0d7-a56287fa2ef1"",""yes_price_dollars"":""0.1300""}"
KXETH15M-26APR281100-00,f8ecc273-8642-57af-5f4c-74aeb2e5407b,1777387929,0.11,1.0,no,"{""count_fp"":""1.00"",""created_time"":""2026-04-28T14:52:09.311723Z"",""no_price_dollars"":""0.8900"",""taker_side"":""no"",""ticker"":""KXETH15M-26APR281100-00"",""trade_id"":""f8ecc273-8642-57af-5f4c-74aeb2e5407b"",""yes_price_dollars"":""0.1100""}"
KXETH15M-26APR281100-00,c66c028e-33f2-4b4b-cf27-d40a86d5bf33,1777387940,0.11,1.0,no,"{""count_fp"":""1.00"",""created_time"":""2026-04-28T14:52:20.814412Z"",""no_price_dollars"":""0.8900"",""taker_side"":""no"",""ticker"":""KXETH15M-26APR281100-00"",""trade_id"":""c66c028e-33f2-4b4b-cf27-d40a86d5bf33"",""yes_price_dollars"":""0.1100""}"
KXETH15M-26APR281100-00,9546907b-b50c-4d75-f9b4-554eb670f8b8,1777387940,0.11,31.83,no,"{""count_fp"":""31.83"",""created_time"":""2026-04-28T14:52:20.814412Z"",""no_price_dollars"":""0.8900"",""taker_side"":""no"",""ticker"":""KXETH15M-26APR281100-00"",""trade_id"":""9546907b-b50c-4d75-f9b4-554eb670f8b8"",""yes_price_dollars"":""0.1100""}"
KXETH15M-26APR281100-00,42d623df-e78f-4186-eccc-b1f17d47f327,1777387940,0.11,5.0,no,"{""count_fp"":""5.00"",""created_time"":""2026-04-28T14:52:20.814412Z"",""no_price_dollars"":""0.8900"",""taker_side"":""no"",""ticker"":""KXETH15M-26APR281100-00"",""trade_id"":""42d623df-e78f-4186-eccc-b1f17d47f327"",""yes_price_dollars"":""0.1100""}"
KXETH15M-26APR281100-00,da6dafed-855a-6296-ecdd-d0c70ccf4abd,1777387947,0.14,14.0,no,"{""count_fp"":""14.00"",""created_time"":""2026-04-28T14:52:27.657596Z"",""no_price_dollars"":""0.8600"",""taker_side"":""no"",""ticker"":""KXETH15M-26APR281100-00"",""trade_id"":""da6dafed-855a-6296-ecdd-d0c70ccf4abd"",""yes_price_dollars"":""0.1400""}"
KXETH15M-26APR281100-00,b953990e-8987-6cf7-ec45-696b9dbf8f52,1777387947,0.12,19.0,no,"{""count_fp"":""19.00"",""created_time"":""2026-04-28T14:52:27.657596Z"",""no_price_dollars"":""0.8800"",""taker_side"":""no"",""ticker"":""KXETH15M-26APR281100-00"",""trade_id"":""b953990e-8987-6cf7-ec45-696b9dbf8f52"",""yes_price_dollars"":""0.1200""}"
KXETH15M-26APR281100-00,aa51576c-efc6-4558-64ae-2fde4f434f0e,1777387949,0.17,27.0,yes,"{""count_fp"":""27.00"",""created_time"":""2026-04-28T14:52:29.530618Z"",""no_price_dollars"":""0.8300"",""taker_side"":""yes"",""ticker"":""KXETH15M-26APR281100-00"",""trade_id"":""aa51576c-efc6-4558-64ae-2fde4f434f0e"",""yes_price_dollars"":""0.1700""}"
KXETH15M-26APR281100-00,f7fbc934-15dc-6334-16dc-f8974bb66cc8,1777387950,0.11,10.0,no,"{""count_fp"":""10.00"",""created_time"":""2026-04-28T14:52:30.896844Z"",""no_price_dollars"":""0.8900"",""taker_side"":""no"",""ticker"":""KXETH15M-26APR281100-00"",""trade_id"":""f7fbc934-15dc-6334-16dc-f8974bb66cc8"",""yes_price_dollars"":""0.1100""}"
KXETH15M-26APR281100-00,ab94e549-0ae8-6463-15e2-86c7acb2d10a,1777387950,0.11,10.0,no,"{""count_fp"":""10.00"",""created_time"":""2026-04-28T14:52:30.896844Z"",""no_price_dollars"":""0.8900"",""taker_side"":""no"",""ticker"":""KXETH15M-26APR281100-00"",""trade_id"":""ab94e549-0ae8-6463-15e2-86c7acb2d10a"",""yes_price_dollars"":""0.1100""}"
KXETH15M-26APR281100-00,bb518f2e-94a6-4f0c-1172-144b08dfd02e,1777387953,0.15,6.29,yes,"{""count_fp"":""6.29"",""created_time"":""2026-04-28T14:52:33.780425Z"",""no_price_dollars"":""0.8500"",""taker_side"":""yes"",""ticker"":""KXETH15M-26APR281100-00"",""trade_id"":""bb518f2e-94a6-4f0c-1172-144b08dfd02e"",""yes_price_dollars"":""0.1500""}"
KXETH15M-26APR281100-00,b51ea2b0-13b2-4f18-bbfe-a200e8b641fe,1777387953,0.15,2.0,yes,"{""count_fp"":""2.00"",""created_time"":""2026-04-28T14:52:33.145867Z"",""no_price_dollars"":""0.8500"",""taker_side"":""yes"",""ticker"":""KXETH15M-26APR281100-00"",""trade_id"":""b51ea2b0-13b2-4f18-bbfe-a200e8b641fe"",""yes_price_dollars"":""0.1500""}"
KXETH15M-26APR281100-00,087154ca-fa2a-5eec-173f-18f9812cd8aa,1777387954,0.15,6.81,yes,"{""count_fp"":""6.81"",""created_time"":""2026-04-28T14:52:34.348667Z"",""no_price_dollars"":""0.8500"",""taker_side"":""yes"",""ticker"":""KXETH15M-26APR281100-00"",""trade_id"":""087154ca-fa2a-5eec-173f-18f9812cd8aa"",""yes_price_dollars"":""0.1500""}"
KXETH15M-26APR281100-00,fe58e096-8456-796c-bcdc-aeaa141bde2e,1777387959,0.17,45.58,yes,"{""count_fp"":""45.58"",""created_time"":""2026-04-28T14:52:39.277075Z"",""no_price_dollars"":""0.8300"",""taker_side"":""yes"",""ticker"":""KXETH15M-26APR281100-00"",""trade_id"":""fe58e096-8456-796c-bcdc-aeaa141bde2e"",""yes_price_dollars"":""0.1700""}"
KXETH15M-26APR281100-00,c1f02836-2a63-7604-be21-d523977c1664,1777387959,0.17,10.0,yes,"{""count_fp"":""10.00"",""created_time"":""2026-04-28T14:52:39.277075Z"",""no_price_dollars"":""0.8300"",""taker_side"":""yes"",""ticker"":""KXETH15M-26APR281100-00"",""trade_id"":""c1f02836-2a63-7604-be21-d523977c1664"",""yes_price_dollars"":""0.1700""}"
KXETH15M-26APR281100-00,9702eb98-4c20-5cb8-bc11-ea22cdab470c,1777387964,0.16,5.0,no,"{""count_fp"":""5.00"",""created_time"":""2026-04-28T14:52:44.808653Z"",""no_price_dollars"":""0.8400"",""taker_side"":""no"",""ticker"":""KXETH15M-26APR281100-00"",""trade_id"":""9702eb98-4c20-5cb8-bc11-ea22cdab470c"",""yes_price_dollars"":""0.1600""}"
KXETH15M-26APR281100-00,72c3b0c0-aea0-4000-b0d4-f9b093722021,1777387966,0.22,1.0,yes,"{""count_fp"":""1.00"",""created_time"":""2026-04-28T14:52:46.247329Z"",""no_price_dollars"":""0.7800"",""taker_side"":""yes"",""ticker"":""KXETH15M-26APR281100-00"",""trade_id"":""72c3b0c0-aea0-4000-b0d4-f9b093722021"",""yes_price_dollars"":""0.2200""}"
KXETH15M-26APR281100-00,6b77555c-7edc-4269-a207-661af014215b,1777387966,0.22,10.0,yes,"{""count_fp"":""10.00"",""created_time"":""2026-04-28T14:52:46.247329Z"",""no_price_dollars"":""0.7800"",""taker_side"":""yes"",""ticker"":""KXETH15M-26APR281100-00"",""trade_id"":""6b77555c-7edc-4269-a207-661af014215b"",""yes_price_dollars"":""0.2200""}"
KXETH15M-26APR281100-00,717bf5d3-0c6c-4882-6e84-ff683332cf5f,1777387968,0.17,9.52,no,"{""count_fp"":""9.52"",""created_time"":""2026-04-28T14:52:48.573432Z"",""no_price_dollars"":""0.8300"",""taker_side"":""no"",""ticker"":""KXETH15M-26APR281100-00"",""trade_id"":""717bf5d3-0c6c-4882-6e84-ff683332cf5f"",""yes_price_dollars"":""0.1700""}"
KXETH15M-26APR281100-00,0a3a1a40-0dda-7c23-3b03-a84132541d25,1777387980,0.25,147.0,yes,"{""count_fp"":""147.00"",""created_time"":""2026-04-28T14:53:00.725808Z"",""no_price_dollars"":""0.7500"",""taker_side"":""yes"",""ticker"":""KXETH15M-26APR281100-00"",""trade_id"":""0a3a1a40-0dda-7c23-3b03-a84132541d25"",""yes_price_dollars"":""0.2500""}"
KXETH15M-26APR281100-00,0bc5fa2b-fd6c-5e24-5ec9-9c1842e5a049,1777387981,0.26,2.0,no,"{""count_fp"":""2.00"",""created_time"":""2026-04-28T14:53:01.964462Z"",""no_price_dollars"":""0.7400"",""taker_side"":""no"",""ticker"":""KXETH15M-26APR281100-00"",""trade_id"":""0bc5fa2b-fd6c-5e24-5ec9-9c1842e5a049"",""yes_price_dollars"":""0.2600""}"
KXETH15M-26APR281100-00,c9936db6-22c1-48ff-64b1-bf28f918f7eb,1777387981,0.28,10.0,no,"{""count_fp"":""10.00"",""created_time"":""2026-04-28T14:53:01.887804Z"",""no_price_dollars"":""0.7200"",""taker_side"":""no"",""ticker"":""KXETH15M-26APR281100-00"",""trade_id"":""c9936db6-22c1-48ff-64b1-bf28f918f7eb"",""yes_price_dollars"":""0.2800""}"
KXETH15M-26APR281100-00,22c0f304-d3be-548e-4052-cdbe61184339,1777387981,0.31,1.0,yes,"{""count_fp"":""1.00"",""created_time"":""2026-04-28T14:53:01.181455Z"",""no_price_dollars"":""0.6900"",""taker_side"":""yes"",""ticker"":""KXETH15M-26APR281100-00"",""trade_id"":""22c0f304-d3be-548e-4052-cdbe61184339"",""yes_price_dollars"":""0.3100""}"
KXETH15M-26APR281100-00,e06b0700-7368-43d3-1a4d-f6ac81823d9e,1777387982,0.25,1.0,no,"{""count_fp"":""1.00"",""created_time"":""2026-04-28T14:53:02.862293Z"",""no_price_dollars"":""0.7500"",""taker_side"":""no"",""ticker"":""KXETH15M-26APR281100-00"",""trade_id"":""e06b0700-7368-43d3-1a4d-f6ac81823d9e"",""yes_price_dollars"":""0.2500""}"
KXETH15M-26APR281100-00,ca4ecef6-5630-43ec-d11f-00387b1e80bd,1777387982,0.26,8.0,no,"{""count_fp"":""8.00"",""created_time"":""2026-04-28T14:53:02.050962Z"",""no_price_dollars"":""0.7400"",""taker_side"":""no"",""ticker"":""KXETH15M-26APR281100-00"",""trade_id"":""ca4ecef6-5630-43ec-d11f-00387b1e80bd"",""yes_price_dollars"":""0.2600""}"
KXETH15M-26APR281100-00,21286db2-71e0-4053-e2a2-cfb873612a12,1777387982,0.25,5.0,no,"{""count_fp"":""5.00"",""created_time"":""2026-04-28T14:53:02.050962Z"",""no_price_dollars"":""0.7500"",""taker_side"":""no"",""ticker"":""KXETH15M-26APR281100-00"",""trade_id"":""21286db2-71e0-4053-e2a2-cfb873612a12"",""yes_price_dollars"":""0.2500""}"
KXETH15M-26APR281100-00,dfb38227-54be-7ce9-7442-32ab7dc72da3,1777387983,0.26,3.0,yes,"{""count_fp"":""3.00"",""created_time"":""2026-04-28T14:53:03.137289Z"",""no_price_dollars"":""0.7400"",""taker_side"":""yes"",""ticker"":""KXETH15M-26APR281100-00"",""trade_id"":""dfb38227-54be-7ce9-7442-32ab7dc72da3"",""yes_price_dollars"":""0.2600""}"
KXETH15M-26APR281100-00,fde13bcf-4cd4-7def-51ab-53deecf0cd9e,1777387985,0.25,404.0,no,"{""count_fp"":""404.00"",""created_time"":""2026-04-28T14:53:05.264085Z"",""no_price_dollars"":""0.7500"",""taker_side"":""no"",""ticker"":""KXETH15M-26APR281100-00"",""trade_id"":""fde13bcf-4cd4-7def-51ab-53deecf0cd9e"",""yes_price_dollars"":""0.2500""}"
KXETH15M-26APR281100-00,c84223bf-b008-7a43-0863-30773813fcaa,1777387985,0.25,10.37,no,"{""count_fp"":""10.37"",""created_time"":""2026-04-28T14:53:05.211312Z"",""no_price_dollars"":""0.7500"",""taker_side"":""no"",""ticker"":""KXETH15M-26APR281100-00"",""trade_id"":""c84223bf-b008-7a43-0863-30773813fcaa"",""yes_price_dollars"":""0.2500""}"
KXETH15M-26APR281100-00,91712c6e-5834-4b53-e45e-516f9ebad23a,1777387985,0.25,129.39,no,"{""count_fp"":""129.39"",""created_time"":""2026-04-28T14:53:05.126177Z"",""no_price_dollars"":""0.7500"",""taker_side"":""no"",""ticker"":""KXETH15M-26APR281100-00"",""trade_id"":""91712c6e-5834-4b53-e45e-516f9ebad23a"",""yes_price_dollars"":""0.2500""}"
KXETH15M-26APR281100-00,60040279-6b66-72b0-1af6-ef83be52ac42,1777387993,0.26,416.0,yes,"{""count_fp"":""416.00"",""created_time"":""2026-04-28T14:53:13.241932Z"",""no_price_dollars"":""0.7400"",""taker_side"":""yes"",""ticker"":""KXETH15M-26APR281100-00"",""trade_id"":""60040279-6b66-72b0-1af6-ef83be52ac42"",""yes_price_dollars"":""0.2600""}"
KXETH15M-26APR281100-00,de9a5fb3-055b-77fa-92c5-5b6119796b42,1777388000,0.21,0.04,no,"{""count_fp"":""0.04"",""created_time"":""2026-04-28T14:53:20.522214Z"",""no_price_dollars"":""0.7900"",""taker_side"":""no"",""ticker"":""KXETH15M-26APR281100-00"",""trade_id"":""de9a5fb3-055b-77fa-92c5-5b6119796b42"",""yes_price_dollars"":""0.2100""}"
KXETH15M-26APR281100-00,1a84aaf6-4f14-7c8b-895a-f0d888e3bbe2,1777388000,0.25,0.24,no,"{""count_fp"":""0.24"",""created_time"":""2026-04-28T14:53:20.522214Z"",""no_price_dollars"":""0.7500"",""taker_side"":""no"",""ticker"":""KXETH15M-26APR281100-00"",""trade_id"":""1a84aaf6-4f14-7c8b-895a-f0d888e3bbe2"",""yes_price_dollars"":""0.2500""}"
KXETH15M-26APR281100-00,59d444be-ba4e-6348-b438-3092432a86d2,1777388004,0.27,10.0,yes,"{""count_fp"":""10.00"",""created_time"":""2026-04-28T14:53:24.124877Z"",""no_price_dollars"":""0.7300"",""taker_side"":""yes"",""ticker"":""KXETH15M-26APR281100-00"",""trade_id"":""59d444be-ba4e-6348-b438-3092432a86d2"",""yes_price_dollars"":""0.2700""}"
KXETH15M-26APR281100-00,83f71286-42c4-5493-a72c-a965b1e9e7f3,1777388007,0.24,10.0,yes,"{""count_fp"":""10.00"",""created_time"":""2026-04-28T14:53:27.400097Z"",""no_price_dollars"":""0.7600"",""taker_side"":""yes"",""ticker"":""KXETH15M-26APR281100-00"",""trade_id"":""83f71286-42c4-5493-a72c-a965b1e9e7f3"",""yes_price_dollars"":""0.2400""}"
KXETH15M-26APR281100-00,02bf1faa-35ad-4f15-4d43-ae74b0c411e7,1777388009,0.25,10.0,yes,"{""count_fp"":""10.00"",""created_time"":""2026-04-28T14:53:29.473533Z"",""no_price_dollars"":""0.7500"",""taker_side"":""yes"",""ticker"":""KXETH15M-26APR281100-00"",""trade_id"":""02bf1faa-35ad-4f15-4d43-ae74b0c411e7"",""yes_price_dollars"":""0.2500""}"
KXETH15M-26APR281100-00,cdbd32e7-85f2-7d94-e3ab-58b1ecb1863e,1777388016,0.26,36.53,yes,"{""count_fp"":""36.53"",""created_time"":""2026-04-28T14:53:36.333727Z"",""no_price_dollars"":""0.7400"",""taker_side"":""yes"",""ticker"":""KXETH15M-26APR281100-00"",""trade_id"":""cdbd32e7-85f2-7d94-e3ab-58b1ecb1863e"",""yes_price_dollars"":""0.2600""}"
KXETH15M-26APR281100-00,8627ada6-1a4d-6c0a-6ae6-76e577526687,1777388024,0.26,1.0,no,"{""count_fp"":""1.00"",""created_time"":""2026-04-28T14:53:44.589979Z"",""no_price_dollars"":""0.7400"",""taker_side"":""no"",""ticker"":""KXETH15M-26APR281100-00"",""trade_id"":""8627ada6-1a4d-6c0a-6ae6-76e577526687"",""yes_price_dollars"":""0.2600""}"
KXETH15M-26APR281100-00,e989d508-2652-537e-d208-68b685bc3a76,1777388028,0.26,70.0,no,"{""count_fp"":""70.00"",""created_time"":""2026-04-28T14:53:48.793713Z"",""no_price_dollars"":""0.7400"",""taker_side"":""no"",""ticker"":""KXETH15M-26APR281100-00"",""trade_id"":""e989d508-2652-537e-d208-68b685bc3a76"",""yes_price_dollars"":""0.2600""}"
KXETH15M-26APR281100-00,6c957ca2-1231-56a2-e23e-7ea29f9d51f3,1777388028,0.26,18.0,no,"{""count_fp"":""18.00"",""created_time"":""2026-04-28T14:53:48.793713Z"",""no_price_dollars"":""0.7400"",""taker_side"":""no"",""ticker"":""KXETH15M-26APR281100-00"",""trade_id"":""6c957ca2-1231-56a2-e23e-7ea29f9d51f3"",""yes_price_dollars"":""0.2600""}"
KXETH15M-26APR281100-00,1f2f0650-08fe-5e61-d0ff-b0aaaf4d521b,1777388028,0.26,60.0,no,"{""count_fp"":""60.00"",""created_time"":""2026-04-28T14:53:48.793713Z"",""no_price_dollars"":""0.7400"",""taker_side"":""no"",""ticker"":""KXETH15M-26APR281100-00"",""trade_id"":""1f2f0650-08fe-5e61-d0ff-b0aaaf4d521b"",""yes_price_dollars"":""0.2600""}"
KXETH15M-26APR281100-00,5a1b171a-a500-464e-dd71-690a199a0932,1777388032,0.23,1.0,no,"{""count_fp"":""1.00"",""created_time"":""2026-04-28T14:53:52.272776Z"",""no_price_dollars"":""0.7700"",""taker_side"":""no"",""ticker"":""KXETH15M-26APR281100-00"",""trade_id"":""5a1b171a-a500-464e-dd71-690a199a0932"",""yes_price_dollars"":""0.2300""}"
KXETH15M-26APR281100-00,c5345b0d-aa16-4ade-60ed-0b0f6cd1b5cb,1777388041,0.24,20.0,no,"{""count_fp"":""20.00"",""created_time"":""2026-04-28T14:54:01.152119Z"",""no_price_dollars"":""0.7600"",""taker_side"":""no"",""ticker"":""KXETH15M-26APR281100-00"",""trade_id"":""c5345b0d-aa16-4ade-60ed-0b0f6cd1b5cb"",""yes_price_dollars"":""0.2400""}"
KXETH15M-26APR281100-00,65b39aa0-218a-6998-93b1-f125830b22ea,1777388042,0.25,33.15,yes,"{""count_fp"":""33.15"",""created_time"":""2026-04-28T14:54:02.859352Z"",""no_price_dollars"":""0.7500"",""taker_side"":""yes"",""ticker"":""KXETH15M-26APR281100-00"",""trade_id"":""65b39aa0-218a-6998-93b1-f125830b22ea"",""yes_price_dollars"":""0.2500""}"
KXETH15M-26APR281100-00,f30a0687-7b8d-4db0-67e0-761f99f42919,1777388042,0.23,1.0,no,"{""count_fp"":""1.00"",""created_time"":""2026-04-28T14:54:02.475939Z"",""no_price_dollars"":""0.7700"",""taker_side"":""no"",""ticker"":""KXETH15M-26APR281100-00"",""trade_id"":""f30a0687-7b8d-4db0-67e0-761f99f42919"",""yes_price_dollars"":""0.2300""}"
KXETH15M-26APR281100-00,7d0dbf1c-1409-6612-fba4-8c0e55dc9d72,1777388042,0.23,1.0,no,"{""count_fp"":""1.00"",""created_time"":""2026-04-28T14:54:02.189994Z"",""no_price_dollars"":""0.7700"",""taker_side"":""no"",""ticker"":""KXETH15M-26APR281100-00"",""trade_id"":""7d0dbf1c-1409-6612-fba4-8c0e55dc9d72"",""yes_price_dollars"":""0.2300""}"
KXETH15M-26APR281100-00,bc69a8ea-0b2e-6de6-4b5b-7883d268a052,1777388046,0.22,1.0,no,"{""count_fp"":""1.00"",""created_time"":""2026-04-28T14:54:06.289919Z"",""no_price_dollars"":""0.7800"",""taker_side"":""no"",""ticker"":""KXETH15M-26APR281100-00"",""trade_id"":""bc69a8ea-0b2e-6de6-4b5b-7883d268a052"",""yes_price_dollars"":""0.2200""}"
KXETH15M-26APR281100-00,fc1406dd-31ee-5d90-7b70-1183395aa072,1777388047,0.22,10.79,yes,"{""count_fp"":""10.79"",""created_time"":""2026-04-28T14:54:07.990737Z"",""no_price_dollars"":""0.7800"",""taker_side"":""yes"",""ticker"":""KXETH15M-26APR281100-00"",""trade_id"":""fc1406dd-31ee-5d90-7b70-1183395aa072"",""yes_price_dollars"":""0.2200""}"
KXETH15M-26APR281100-00,5d428e6a-fb06-53b1-5862-d9f63ca1fb51,1777388047,0.22,10.0,yes,"{""count_fp"":""10.00"",""created_time"":""2026-04-28T14:54:07.990737Z"",""no_price_dollars"":""0.7800"",""taker_side"":""yes"",""ticker"":""KXETH15M-26APR281100-00"",""trade_id"":""5d428e6a-fb06-53b1-5862-d9f63ca1fb51"",""yes_price_dollars"":""0.2200""}"
KXETH15M-26APR281100-00,a7c198c0-d6a7-5af6-a26a-e9a9ea016fba,1777388051,0.21,1.0,no,"{""count_fp"":""1.00"",""created_time"":""2026-04-28T14:54:11.581279Z"",""no_price_dollars"":""0.7900"",""taker_side"":""no"",""ticker"":""KXETH15M-26APR281100-00"",""trade_id"":""a7c198c0-d6a7-5af6-a26a-e9a9ea016fba"",""yes_price_dollars"":""0.2100""}"
KXETH15M-26APR281100-00,dd8d3758-abe2-41f4-1113-a5af97b96864,1777388054,0.21,2.04,no,"{""count_fp"":""2.04"",""created_time"":""2026-04-28T14:54:14.766781Z"",""no_price_dollars"":""0.7900"",""taker_side"":""no"",""ticker"":""KXETH15M-26APR281100-00"",""trade_id"":""dd8d3758-abe2-41f4-1113-a5af97b96864"",""yes_price_dollars"":""0.2100""}"
KXETH15M-26APR281100-00,7da8cf35-db07-4f8e-108e-3a1a13bfcfce,1777388054,0.21,3.96,no,"{""count_fp"":""3.96"",""created_time"":""2026-04-28T14:54:14.766781Z"",""no_price_dollars"":""0.7900"",""taker_side"":""no"",""ticker"":""KXETH15M-26APR281100-00"",""trade_id"":""7da8cf35-db07-4f8e-108e-3a1a13bfcfce"",""yes_price_dollars"":""0.2100""}"
KXETH15M-26APR281100-00,0f2532f4-c760-5ddf-97d3-aa5b654dfc6e,1777388055,0.19,10.0,no,"{""count_fp"":""10.00"",""created_time"":""2026-04-28T14:54:15.954028Z"",""no_price_dollars"":""0.8100"",""taker_side"":""no"",""ticker"":""KXETH15M-26APR281100-00"",""trade_id"":""0f2532f4-c760-5ddf-97d3-aa5b654dfc6e"",""yes_price_dollars"":""0.1900""}"
