ticker,trade_id,ts,yes_price,count,taker_side,raw_json
KXETH15M-26APR280345-45,65724001-a540-7b12-32cd-ea13e5af5cd7,1777361416,0.51,14.0,yes,"{""count_fp"":""14.00"",""created_time"":""2026-04-28T07:30:16.908959Z"",""no_price_dollars"":""0.4900"",""taker_side"":""yes"",""ticker"":""KXETH15M-26APR280345-45"",""trade_id"":""65724001-a540-7b12-32cd-ea13e5af5cd7"",""yes_price_dollars"":""0.5100""}"
KXETH15M-26APR280345-45,b921798b-f4c9-4517-b72f-178161a6ada1,1777361416,0.5,1.0,no,"{""count_fp"":""1.00"",""created_time"":""2026-04-28T07:30:16.709541Z"",""no_price_dollars"":""0.5000"",""taker_side"":""no"",""ticker"":""KXETH15M-26APR280345-45"",""trade_id"":""b921798b-f4c9-4517-b72f-178161a6ada1"",""yes_price_dollars"":""0.5000""}"
KXETH15M-26APR280345-45,0f0cdf25-7553-6305-353b-c561583ae255,1777361419,0.49,1.0,no,"{""count_fp"":""1.00"",""created_time"":""2026-04-28T07:30:19.873727Z"",""no_price_dollars"":""0.5100"",""taker_side"":""no"",""ticker"":""KXETH15M-26APR280345-45"",""trade_id"":""0f0cdf25-7553-6305-353b-c561583ae255"",""yes_price_dollars"":""0.4900""}"
KXETH15M-26APR280345-45,0da49491-c0cd-68c7-2730-d4167c9bdd4b,1777361419,0.48,4.0,no,"{""count_fp"":""4.00"",""created_time"":""2026-04-28T07:30:19.873727Z"",""no_price_dollars"":""0.5200"",""taker_side"":""no"",""ticker"":""KXETH15M-26APR280345-45"",""trade_id"":""0da49491-c0cd-68c7-2730-d4167c9bdd4b"",""yes_price_dollars"":""0.4800""}"
KXETH15M-26APR280345-45,dfde8251-4dfc-5113-1ec8-8f7b3bc30fe7,1777361428,0.48,1.0,no,"{""count_fp"":""1.00"",""created_time"":""2026-04-28T07:30:28.632085Z"",""no_price_dollars"":""0.5200"",""taker_side"":""no"",""ticker"":""KXETH15M-26APR280345-45"",""trade_id"":""dfde8251-4dfc-5113-1ec8-8f7b3bc30fe7"",""yes_price_dollars"":""0.4800""}"
KXETH15M-26APR280345-45,8b30ed18-75ed-56ce-1a66-6f5a663576c0,1777361428,0.47,17.28,no,"{""count_fp"":""17.28"",""created_time"":""2026-04-28T07:30:28.632085Z"",""no_price_dollars"":""0.5300"",""taker_side"":""no"",""ticker"":""KXETH15M-26APR280345-45"",""trade_id"":""8b30ed18-75ed-56ce-1a66-6f5a663576c0"",""yes_price_dollars"":""0.4700""}"
KXETH15M-26APR280345-45,2925272d-2354-7184-5d00-1c56738119d3,1777361429,0.48,1.0,yes,"{""count_fp"":""1.00"",""created_time"":""2026-04-28T07:30:29.962922Z"",""no_price_dollars"":""0.5200"",""taker_side"":""yes"",""ticker"":""KXETH15M-26APR280345-45"",""trade_id"":""2925272d-2354-7184-5d00-1c56738119d3"",""yes_price_dollars"":""0.4800""}"
KXETH15M-26APR280345-45,dd4a7a25-78dd-46bb-84e4-f3ce0464db75,1777361432,0.49,1.0,no,"{""count_fp"":""1.00"",""created_time"":""2026-04-28T07:30:32.935375Z"",""no_price_dollars"":""0.5100"",""taker_side"":""no"",""ticker"":""KXETH15M-26APR280345-45"",""trade_id"":""dd4a7a25-78dd-46bb-84e4-f3ce0464db75"",""yes_price_dollars"":""0.4900""}"
KXETH15M-26APR280345-45,0b5b3dc4-4a2b-4759-998e-99022959a793,1777361432,0.48,4.0,no,"{""count_fp"":""4.00"",""created_time"":""2026-04-28T07:30:32.935375Z"",""no_price_dollars"":""0.5200"",""taker_side"":""no"",""ticker"":""KXETH15M-26APR280345-45"",""trade_id"":""0b5b3dc4-4a2b-4759-998e-99022959a793"",""yes_price_dollars"":""0.4800""}"
KXETH15M-26APR280345-45,6cf75fa5-77cb-6a87-8bf2-08c655668121,1777361433,0.51,40.0,yes,"{""count_fp"":""40.00"",""created_time"":""2026-04-28T07:30:33.160611Z"",""no_price_dollars"":""0.4900"",""taker_side"":""yes"",""ticker"":""KXETH15M-26APR280345-45"",""trade_id"":""6cf75fa5-77cb-6a87-8bf2-08c655668121"",""yes_price_dollars"":""0.5100""}"
KXETH15M-26APR280345-45,b44b6ec3-8e65-788f-3bc0-32b89467a0d7,1777361433,0.49,10.0,no,"{""count_fp"":""10.00"",""created_time"":""2026-04-28T07:30:33.012093Z"",""no_price_dollars"":""0.5100"",""taker_side"":""no"",""ticker"":""KXETH15M-26APR280345-45"",""trade_id"":""b44b6ec3-8e65-788f-3bc0-32b89467a0d7"",""yes_price_dollars"":""0.4900""}"
KXETH15M-26APR280345-45,978948c7-ae43-75b9-335e-ae1caf535117,1777361433,0.48,11.0,no,"{""count_fp"":""11.00"",""created_time"":""2026-04-28T07:30:33.012093Z"",""no_price_dollars"":""0.5200"",""taker_side"":""no"",""ticker"":""KXETH15M-26APR280345-45"",""trade_id"":""978948c7-ae43-75b9-335e-ae1caf535117"",""yes_price_dollars"":""0.4800""}"
KXETH15M-26APR280345-45,40b251f1-d16c-7ce0-0ee9-652fa00c6d91,1777361433,0.49,80.0,no,"{""count_fp"":""80.00"",""created_time"":""2026-04-28T07:30:33.012093Z"",""no_price_dollars"":""0.5100"",""taker_side"":""no"",""ticker"":""KXETH15M-26APR280345-45"",""trade_id"":""40b251f1-d16c-7ce0-0ee9-652fa00c6d91"",""yes_price_dollars"":""0.4900""}"
KXETH15M-26APR280345-45,126216e4-4067-7b45-304f-05741788a2a6,1777361433,0.48,26.0,no,"{""count_fp"":""26.00"",""created_time"":""2026-04-28T07:30:33.012093Z"",""no_price_dollars"":""0.5200"",""taker_side"":""no"",""ticker"":""KXETH15M-26APR280345-45"",""trade_id"":""126216e4-4067-7b45-304f-05741788a2a6"",""yes_price_dollars"":""0.4800""}"
KXETH15M-26APR280345-45,eede844e-66b6-595d-862d-200810f70bbf,1777361439,0.51,2.0,no,"{""count_fp"":""2.00"",""created_time"":""2026-04-28T07:30:39.150364Z"",""no_price_dollars"":""0.4900"",""taker_side"":""no"",""ticker"":""KXETH15M-26APR280345-45"",""trade_id"":""eede844e-66b6-595d-862d-200810f70bbf"",""yes_price_dollars"":""0.5100""}"
KXETH15M-26APR280345-45,f4cf823d-55e2-5e56-c661-7609af4ff11f,1777361443,0.53,5.0,no,"{""count_fp"":""5.00"",""created_time"":""2026-04-28T07:30:43.241139Z"",""no_price_dollars"":""0.4700"",""taker_side"":""no"",""ticker"":""KXETH15M-26APR280345-45"",""trade_id"":""f4cf823d-55e2-5e56-c661-7609af4ff11f"",""yes_price_dollars"":""0.5300""}"
KXETH15M-26APR280345-45,8a3c21c1-0d46-4a12-3c2f-e9834e8b620f,1777361446,0.53,5.56,no,"{""count_fp"":""5.56"",""created_time"":""2026-04-28T07:30:46.885102Z"",""no_price_dollars"":""0.4700"",""taker_side"":""no"",""ticker"":""KXETH15M-26APR280345-45"",""trade_id"":""8a3c21c1-0d46-4a12-3c2f-e9834e8b620f"",""yes_price_dollars"":""0.5300""}"
KXETH15M-26APR280345-45,173432c6-f0b9-4b62-1316-c9f83d99a654,1777361446,0.53,4.69,no,"{""count_fp"":""4.69"",""created_time"":""2026-04-28T07:30:46.885102Z"",""no_price_dollars"":""0.4700"",""taker_side"":""no"",""ticker"":""KXETH15M-26APR280345-45"",""trade_id"":""173432c6-f0b9-4b62-1316-c9f83d99a654"",""yes_price_dollars"":""0.5300""}"
KXETH15M-26APR280345-45,2213df8f-df28-7340-760d-118efc3fdad9,1777361448,0.54,1.0,yes,"{""count_fp"":""1.00"",""created_time"":""2026-04-28T07:30:48.718902Z"",""no_price_dollars"":""0.4600"",""taker_side"":""yes"",""ticker"":""KXETH15M-26APR280345-45"",""trade_id"":""2213df8f-df28-7340-760d-118efc3fdad9"",""yes_price_dollars"":""0.5400""}"
KXETH15M-26APR280345-45,f35e94c5-13dd-6d52-92d6-4802e94f0e0c,1777361448,0.53,2.7,no,"{""count_fp"":""2.70"",""created_time"":""2026-04-28T07:30:48.076679Z"",""no_price_dollars"":""0.4700"",""taker_side"":""no"",""ticker"":""KXETH15M-26APR280345-45"",""trade_id"":""f35e94c5-13dd-6d52-92d6-4802e94f0e0c"",""yes_price_dollars"":""0.5300""}"
KXETH15M-26APR280345-45,eb995b65-08d8-504a-2587-6fbec61b6b7f,1777361460,0.64,2.0,yes,"{""count_fp"":""2.00"",""created_time"":""2026-04-28T07:31:00.964937Z"",""no_price_dollars"":""0.3600"",""taker_side"":""yes"",""ticker"":""KXETH15M-26APR280345-45"",""trade_id"":""eb995b65-08d8-504a-2587-6fbec61b6b7f"",""yes_price_dollars"":""0.6400""}"
KXETH15M-26APR280345-45,a7c5e5d1-284f-593e-3c44-6685245a70b3,1777361460,0.63,10.0,yes,"{""count_fp"":""10.00"",""created_time"":""2026-04-28T07:31:00.964937Z"",""no_price_dollars"":""0.3700"",""taker_side"":""yes"",""ticker"":""KXETH15M-26APR280345-45"",""trade_id"":""a7c5e5d1-284f-593e-3c44-6685245a70b3"",""yes_price_dollars"":""0.6300""}"
KXETH15M-26APR280345-45,48262574-6fe6-586d-70ef-797e01e9ef6a,1777361460,0.6,1.0,yes,"{""count_fp"":""1.00"",""created_time"":""2026-04-28T07:31:00.870412Z"",""no_price_dollars"":""0.4000"",""taker_side"":""yes"",""ticker"":""KXETH15M-26APR280345-45"",""trade_id"":""48262574-6fe6-586d-70ef-797e01e9ef6a"",""yes_price_dollars"":""0.6000""}"
KXETH15M-26APR280345-45,d9f84d8b-af8d-4fae-d025-31e3070efff8,1777361460,0.59,100.0,no,"{""count_fp"":""100.00"",""created_time"":""2026-04-28T07:31:00.512595Z"",""no_price_dollars"":""0.4100"",""taker_side"":""no"",""ticker"":""KXETH15M-26APR280345-45"",""trade_id"":""d9f84d8b-af8d-4fae-d025-31e3070efff8"",""yes_price_dollars"":""0.5900""}"
KXETH15M-26APR280345-45,e3c4c307-a7d7-754e-9a27-19b02c33a81f,1777361460,0.62,0.69,yes,"{""count_fp"":""0.69"",""created_time"":""2026-04-28T07:31:00.088097Z"",""no_price_dollars"":""0.3800"",""taker_side"":""yes"",""ticker"":""KXETH15M-26APR280345-45"",""trade_id"":""e3c4c307-a7d7-754e-9a27-19b02c33a81f"",""yes_price_dollars"":""0.6200""}"
KXETH15M-26APR280345-45,87285d72-d264-76fc-b82e-910546c0e755,1777361460,0.54,1.0,yes,"{""count_fp"":""1.00"",""created_time"":""2026-04-28T07:31:00.088097Z"",""no_price_dollars"":""0.4600"",""taker_side"":""yes"",""ticker"":""KXETH15M-26APR280345-45"",""trade_id"":""87285d72-d264-76fc-b82e-910546c0e755"",""yes_price_dollars"":""0.5400""}"
KXETH15M-26APR280345-45,631a39ff-090d-769e-a2c1-d861d3aeceaf,1777361460,0.62,8.31,yes,"{""count_fp"":""8.31"",""created_time"":""2026-04-28T07:31:00.088097Z"",""no_price_dollars"":""0.3800"",""taker_side"":""yes"",""ticker"":""KXETH15M-26APR280345-45"",""trade_id"":""631a39ff-090d-769e-a2c1-d861d3aeceaf"",""yes_price_dollars"":""0.6200""}"
KXETH15M-26APR280345-45,5f7766d0-aaed-7f9e-b663-f81cb58b64aa,1777361460,0.6,1.0,yes,"{""count_fp"":""1.00"",""created_time"":""2026-04-28T07:31:00.088097Z"",""no_price_dollars"":""0.4000"",""taker_side"":""yes"",""ticker"":""KXETH15M-26APR280345-45"",""trade_id"":""5f7766d0-aaed-7f9e-b663-f81cb58b64aa"",""yes_price_dollars"":""0.6000""}"
KXETH15M-26APR280345-45,042ea5a7-7012-7ea3-985e-59d3c32a0982,1777361460,0.56,2.0,yes,"{""count_fp"":""2.00"",""created_time"":""2026-04-28T07:31:00.088097Z"",""no_price_dollars"":""0.4400"",""taker_side"":""yes"",""ticker"":""KXETH15M-26APR280345-45"",""trade_id"":""042ea5a7-7012-7ea3-985e-59d3c32a0982"",""yes_price_dollars"":""0.5600""}"
KXETH15M-26APR280345-45,693219ba-e7e3-72cb-2f69-78d8603e9193,1777361471,0.61,6.0,yes,"{""count_fp"":""6.00"",""created_time"":""2026-04-28T07:31:11.129734Z"",""no_price_dollars"":""0.3900"",""taker_side"":""yes"",""ticker"":""KXETH15M-26APR280345-45"",""trade_id"":""693219ba-e7e3-72cb-2f69-78d8603e9193"",""yes_price_dollars"":""0.6100""}"
KXETH15M-26APR280345-45,79916f8b-8420-66e8-e2dc-cbad97fd2b55,1777361472,0.59,2.0,no,"{""count_fp"":""2.00"",""created_time"":""2026-04-28T07:31:12.341494Z"",""no_price_dollars"":""0.4100"",""taker_side"":""no"",""ticker"":""KXETH15M-26APR280345-45"",""trade_id"":""79916f8b-8420-66e8-e2dc-cbad97fd2b55"",""yes_price_dollars"":""0.5900""}"
KXETH15M-26APR280345-45,e3945ed8-d01d-6c9b-85d7-3bfe7476c460,1777361476,0.63,1.0,yes,"{""count_fp"":""1.00"",""created_time"":""2026-04-28T07:31:16.900179Z"",""no_price_dollars"":""0.3700"",""taker_side"":""yes"",""ticker"":""KXETH15M-26APR280345-45"",""trade_id"":""e3945ed8-d01d-6c9b-85d7-3bfe7476c460"",""yes_price_dollars"":""0.6300""}"
KXETH15M-26APR280345-45,d2ba2232-5e27-76da-e1f8-3a25c57f7467,1777361478,0.63,16.59,no,"{""count_fp"":""16.59"",""created_time"":""2026-04-28T07:31:18.427946Z"",""no_price_dollars"":""0.3700"",""taker_side"":""no"",""ticker"":""KXETH15M-26APR280345-45"",""trade_id"":""d2ba2232-5e27-76da-e1f8-3a25c57f7467"",""yes_price_dollars"":""0.6300""}"
KXETH15M-26APR280345-45,b87f8a82-42f5-7f13-e4e5-038910146117,1777361478,0.63,5.0,no,"{""count_fp"":""5.00"",""created_time"":""2026-04-28T07:31:18.427946Z"",""no_price_dollars"":""0.3700"",""taker_side"":""no"",""ticker"":""KXETH15M-26APR280345-45"",""trade_id"":""b87f8a82-42f5-7f13-e4e5-038910146117"",""yes_price_dollars"":""0.6300""}"
KXETH15M-26APR280345-45,5353ec6e-9453-7d5a-e738-53352e77ba5b,1777361479,0.63,30.0,no,"{""count_fp"":""30.00"",""created_time"":""2026-04-28T07:31:19.471404Z"",""no_price_dollars"":""0.3700"",""taker_side"":""no"",""ticker"":""KXETH15M-26APR280345-45"",""trade_id"":""5353ec6e-9453-7d5a-e738-53352e77ba5b"",""yes_price_dollars"":""0.6300""}"
KXETH15M-26APR280345-45,13a3441b-9c38-7560-c076-b46e460e9c6f,1777361479,0.63,10.0,no,"{""count_fp"":""10.00"",""created_time"":""2026-04-28T07:31:19.471404Z"",""no_price_dollars"":""0.3700"",""taker_side"":""no"",""ticker"":""KXETH15M-26APR280345-45"",""trade_id"":""13a3441b-9c38-7560-c076-b46e460e9c6f"",""yes_price_dollars"":""0.6300""}"
KXETH15M-26APR280345-45,bdafc96c-4948-425e-74b5-b3b66aac8dc3,1777361483,0.67,26.65,yes,"{""count_fp"":""26.65"",""created_time"":""2026-04-28T07:31:23.413707Z"",""no_price_dollars"":""0.3300"",""taker_side"":""yes"",""ticker"":""KXETH15M-26APR280345-45"",""trade_id"":""bdafc96c-4948-425e-74b5-b3b66aac8dc3"",""yes_price_dollars"":""0.6700""}"
KXETH15M-26APR280345-45,53ad9109-8edd-4c3e-4302-d6e959dbd8e8,1777361483,0.66,9.11,yes,"{""count_fp"":""9.11"",""created_time"":""2026-04-28T07:31:23.413707Z"",""no_price_dollars"":""0.3400"",""taker_side"":""yes"",""ticker"":""KXETH15M-26APR280345-45"",""trade_id"":""53ad9109-8edd-4c3e-4302-d6e959dbd8e8"",""yes_price_dollars"":""0.6600""}"
KXETH15M-26APR280345-45,4d4ae509-afd1-464b-4d91-a6dfb098e9b0,1777361483,0.65,1.0,yes,"{""count_fp"":""1.00"",""created_time"":""2026-04-28T07:31:23.413707Z"",""no_price_dollars"":""0.3500"",""taker_side"":""yes"",""ticker"":""KXETH15M-26APR280345-45"",""trade_id"":""4d4ae509-afd1-464b-4d91-a6dfb098e9b0"",""yes_price_dollars"":""0.6500""}"
KXETH15M-26APR280345-45,1b01e3c1-fd38-41ac-73de-9b9ed5e7c74e,1777361483,0.64,3.0,yes,"{""count_fp"":""3.00"",""created_time"":""2026-04-28T07:31:23.413707Z"",""no_price_dollars"":""0.3600"",""taker_side"":""yes"",""ticker"":""KXETH15M-26APR280345-45"",""trade_id"":""1b01e3c1-fd38-41ac-73de-9b9ed5e7c74e"",""yes_price_dollars"":""0.6400""}"
KXETH15M-26APR280345-45,5485a279-c361-5cd5-d12a-b025112430e3,1777361487,0.66,1.0,yes,"{""count_fp"":""1.00"",""created_time"":""2026-04-28T07:31:27.248509Z"",""no_price_dollars"":""0.3400"",""taker_side"":""yes"",""ticker"":""KXETH15M-26APR280345-45"",""trade_id"":""5485a279-c361-5cd5-d12a-b025112430e3"",""yes_price_dollars"":""0.6600""}"
KXETH15M-26APR280345-45,20a8fb4b-d01a-59fb-e46d-921117814348,1777361487,0.66,9.11,yes,"{""count_fp"":""9.11"",""created_time"":""2026-04-28T07:31:27.248509Z"",""no_price_dollars"":""0.3400"",""taker_side"":""yes"",""ticker"":""KXETH15M-26APR280345-45"",""trade_id"":""20a8fb4b-d01a-59fb-e46d-921117814348"",""yes_price_dollars"":""0.6600""}"
KXETH15M-26APR280345-45,0bb46547-d2a8-51d6-d260-4d1d191d443f,1777361487,0.67,8.89,yes,"{""count_fp"":""8.89"",""created_time"":""2026-04-28T07:31:27.248509Z"",""no_price_dollars"":""0.3300"",""taker_side"":""yes"",""ticker"":""KXETH15M-26APR280345-45"",""trade_id"":""0bb46547-d2a8-51d6-d260-4d1d191d443f"",""yes_price_dollars"":""0.6700""}"
KXETH15M-26APR280345-45,f2c3b9f1-a790-4eee-9280-05e981af2a35,1777361492,0.65,3.0,no,"{""count_fp"":""3.00"",""created_time"":""2026-04-28T07:31:32.462833Z"",""no_price_dollars"":""0.3500"",""taker_side"":""no"",""ticker"":""KXETH15M-26APR280345-45"",""trade_id"":""f2c3b9f1-a790-4eee-9280-05e981af2a35"",""yes_price_dollars"":""0.6500""}"
KXETH15M-26APR280345-45,07dad776-b733-48ce-8fe8-9e19a6364303,1777361492,0.65,10.66,no,"{""count_fp"":""10.66"",""created_time"":""2026-04-28T07:31:32.462833Z"",""no_price_dollars"":""0.3500"",""taker_side"":""no"",""ticker"":""KXETH15M-26APR280345-45"",""trade_id"":""07dad776-b733-48ce-8fe8-9e19a6364303"",""yes_price_dollars"":""0.6500""}"
KXETH15M-26APR280345-45,9ecb7074-66d2-7df1-042e-14c545219088,1777361500,0.67,1.0,yes,"{""count_fp"":""1.00"",""created_time"":""2026-04-28T07:31:40.585624Z"",""no_price_dollars"":""0.3300"",""taker_side"":""yes"",""ticker"":""KXETH15M-26APR280345-45"",""trade_id"":""9ecb7074-66d2-7df1-042e-14c545219088"",""yes_price_dollars"":""0.6700""}"
KXETH15M-26APR280345-45,8db552c6-2dc6-785d-9a31-9dc149ac23e6,1777361502,0.7,1.0,yes,"{""count_fp"":""1.00"",""created_time"":""2026-04-28T07:31:42.208204Z"",""no_price_dollars"":""0.3000"",""taker_side"":""yes"",""ticker"":""KXETH15M-26APR280345-45"",""trade_id"":""8db552c6-2dc6-785d-9a31-9dc149ac23e6"",""yes_price_dollars"":""0.7000""}"
KXETH15M-26APR280345-45,5790c0d7-4690-5a13-a35f-46fc163b44f5,1777361505,0.74,5.58,yes,"{""count_fp"":""5.58"",""created_time"":""2026-04-28T07:31:45.303721Z"",""no_price_dollars"":""0.2600"",""taker_side"":""yes"",""ticker"":""KXETH15M-26APR280345-45"",""trade_id"":""5790c0d7-4690-5a13-a35f-46fc163b44f5"",""yes_price_dollars"":""0.7400""}"
KXETH15M-26APR280345-45,512dac65-7eb3-582d-93f8-48cb7bd519ef,1777361505,0.73,1.0,yes,"{""count_fp"":""1.00"",""created_time"":""2026-04-28T07:31:45.303721Z"",""no_price_dollars"":""0.2700"",""taker_side"":""yes"",""ticker"":""KXETH15M-26APR280345-45"",""trade_id"":""512dac65-7eb3-582d-93f8-48cb7bd519ef"",""yes_price_dollars"":""0.7300""}"
KXETH15M-26APR280345-45,9f47e200-5a0b-46c6-5787-18c7378726f3,1777361509,0.71,3.28,no,"{""count_fp"":""3.28"",""created_time"":""2026-04-28T07:31:49.979119Z"",""no_price_dollars"":""0.2900"",""taker_side"":""no"",""ticker"":""KXETH15M-26APR280345-45"",""trade_id"":""9f47e200-5a0b-46c6-5787-18c7378726f3"",""yes_price_dollars"":""0.7100""}"
KXETH15M-26APR280345-45,ea5911ff-1e28-4a83-4e55-4e88c941ea91,1777361510,0.74,1.42,yes,"{""count_fp"":""1.42"",""created_time"":""2026-04-28T07:31:50.669052Z"",""no_price_dollars"":""0.2600"",""taker_side"":""yes"",""ticker"":""KXETH15M-26APR280345-45"",""trade_id"":""ea5911ff-1e28-4a83-4e55-4e88c941ea91"",""yes_price_dollars"":""0.7400""}"
KXETH15M-26APR280345-45,14c915c9-1e58-4d0d-521d-0e90bd9468c6,1777361510,0.74,1.58,yes,"{""count_fp"":""1.58"",""created_time"":""2026-04-28T07:31:50.669052Z"",""no_price_dollars"":""0.2600"",""taker_side"":""yes"",""ticker"":""KXETH15M-26APR280345-45"",""trade_id"":""14c915c9-1e58-4d0d-521d-0e90bd9468c6"",""yes_price_dollars"":""0.7400""}"
KXETH15M-26APR280345-45,039bab11-441a-4115-74d7-d218086885d9,1777361516,0.73,1.33,yes,"{""count_fp"":""1.33"",""created_time"":""2026-04-28T07:31:56.160325Z"",""no_price_dollars"":""0.2700"",""taker_side"":""yes"",""ticker"":""KXETH15M-26APR280345-45"",""trade_id"":""039bab11-441a-4115-74d7-d218086885d9"",""yes_price_dollars"":""0.7300""}"
KXETH15M-26APR280345-45,4a186c93-dbc4-570a-80b1-085524251ecb,1777361520,0.67,2.0,yes,"{""count_fp"":""2.00"",""created_time"":""2026-04-28T07:32:00.429188Z"",""no_price_dollars"":""0.3300"",""taker_side"":""yes"",""ticker"":""KXETH15M-26APR280345-45"",""trade_id"":""4a186c93-dbc4-570a-80b1-085524251ecb"",""yes_price_dollars"":""0.6700""}"
KXETH15M-26APR280345-45,80a25fdb-f2ac-5952-a5cd-011824153643,1777361521,0.67,21.41,yes,"{""count_fp"":""21.41"",""created_time"":""2026-04-28T07:32:01.052601Z"",""no_price_dollars"":""0.3300"",""taker_side"":""yes"",""ticker"":""KXETH15M-26APR280345-45"",""trade_id"":""80a25fdb-f2ac-5952-a5cd-011824153643"",""yes_price_dollars"":""0.6700""}"
KXETH15M-26APR280345-45,4a4b8dbc-e3d2-794f-e44b-f9660eb1bd76,1777361522,0.66,1.45,yes,"{""count_fp"":""1.45"",""created_time"":""2026-04-28T07:32:02.243274Z"",""no_price_dollars"":""0.3400"",""taker_side"":""yes"",""ticker"":""KXETH15M-26APR280345-45"",""trade_id"":""4a4b8dbc-e3d2-794f-e44b-f9660eb1bd76"",""yes_price_dollars"":""0.6600""}"
KXETH15M-26APR280345-45,9b640b2e-d1f6-7e5f-1ff4-29604d562c0e,1777361527,0.66,1.0,yes,"{""count_fp"":""1.00"",""created_time"":""2026-04-28T07:32:07.258635Z"",""no_price_dollars"":""0.3400"",""taker_side"":""yes"",""ticker"":""KXETH15M-26APR280345-45"",""trade_id"":""9b640b2e-d1f6-7e5f-1ff4-29604d562c0e"",""yes_price_dollars"":""0.6600""}"
KXETH15M-26APR280345-45,a9089176-7f08-7e22-5e1d-bd75a5b18057,1777361529,0.68,6.0,yes,"{""count_fp"":""6.00"",""created_time"":""2026-04-28T07:32:09.305293Z"",""no_price_dollars"":""0.3200"",""taker_side"":""yes"",""ticker"":""KXETH15M-26APR280345-45"",""trade_id"":""a9089176-7f08-7e22-5e1d-bd75a5b18057"",""yes_price_dollars"":""0.6800""}"
KXETH15M-26APR280345-45,76c69f6d-d57a-4833-21ad-3dc4fd9b1536,1777361529,0.66,7.55,yes,"{""count_fp"":""7.55"",""created_time"":""2026-04-28T07:32:09.093951Z"",""no_price_dollars"":""0.3400"",""taker_side"":""yes"",""ticker"":""KXETH15M-26APR280345-45"",""trade_id"":""76c69f6d-d57a-4833-21ad-3dc4fd9b1536"",""yes_price_dollars"":""0.6600""}"
KXETH15M-26APR280345-45,22853642-4955-435a-17ec-b53304710dab,1777361529,0.67,6.45,yes,"{""count_fp"":""6.45"",""created_time"":""2026-04-28T07:32:09.093951Z"",""no_price_dollars"":""0.3300"",""taker_side"":""yes"",""ticker"":""KXETH15M-26APR280345-45"",""trade_id"":""22853642-4955-435a-17ec-b53304710dab"",""yes_price_dollars"":""0.6700""}"
KXETH15M-26APR280345-45,cb0d748d-29fc-6102-011e-a770a4be145b,1777361537,0.69,1.0,yes,"{""count_fp"":""1.00"",""created_time"":""2026-04-28T07:32:17.258607Z"",""no_price_dollars"":""0.3100"",""taker_side"":""yes"",""ticker"":""KXETH15M-26APR280345-45"",""trade_id"":""cb0d748d-29fc-6102-011e-a770a4be145b"",""yes_price_dollars"":""0.6900""}"
KXETH15M-26APR280345-45,d39447c2-e9f6-5018-3447-259f123d8054,1777361538,0.7,1.0,yes,"{""count_fp"":""1.00"",""created_time"":""2026-04-28T07:32:18.471862Z"",""no_price_dollars"":""0.3000"",""taker_side"":""yes"",""ticker"":""KXETH15M-26APR280345-45"",""trade_id"":""d39447c2-e9f6-5018-3447-259f123d8054"",""yes_price_dollars"":""0.7000""}"
KXETH15M-26APR280345-45,77e1ecd9-daaa-6f18-1eb3-9b8c7e7e63dc,1777361544,0.7,24.0,yes,"{""count_fp"":""24.00"",""created_time"":""2026-04-28T07:32:24.869873Z"",""no_price_dollars"":""0.3000"",""taker_side"":""yes"",""ticker"":""KXETH15M-26APR280345-45"",""trade_id"":""77e1ecd9-daaa-6f18-1eb3-9b8c7e7e63dc"",""yes_price_dollars"":""0.7000""}"
KXETH15M-26APR280345-45,5d83118c-2576-72e4-9c9b-9f8f94f7da9c,1777361544,0.7,15.0,yes,"{""count_fp"":""15.00"",""created_time"":""2026-04-28T07:32:24.106603Z"",""no_price_dollars"":""0.3000"",""taker_side"":""yes"",""ticker"":""KXETH15M-26APR280345-45"",""trade_id"":""5d83118c-2576-72e4-9c9b-9f8f94f7da9c"",""yes_price_dollars"":""0.7000""}"
KXETH15M-26APR280345-45,26076bc3-c439-5957-ca21-6b04d32f8d10,1777361548,0.71,1.0,no,"{""count_fp"":""1.00"",""created_time"":""2026-04-28T07:32:28.209545Z"",""no_price_dollars"":""0.2900"",""taker_side"":""no"",""ticker"":""KXETH15M-26APR280345-45"",""trade_id"":""26076bc3-c439-5957-ca21-6b04d32f8d10"",""yes_price_dollars"":""0.7100""}"
KXETH15M-26APR280345-45,3c3d2a04-0f3e-4cf5-40e4-8738e040e605,1777361549,0.73,1.34,yes,"{""count_fp"":""1.34"",""created_time"":""2026-04-28T07:32:29.326693Z"",""no_price_dollars"":""0.2700"",""taker_side"":""yes"",""ticker"":""KXETH15M-26APR280345-45"",""trade_id"":""3c3d2a04-0f3e-4cf5-40e4-8738e040e605"",""yes_price_dollars"":""0.7300""}"
KXETH15M-26APR280345-45,75fc44be-d99a-6505-9ed6-830c78f4b009,1777361550,0.73,5.33,yes,"{""count_fp"":""5.33"",""created_time"":""2026-04-28T07:32:30.061659Z"",""no_price_dollars"":""0.2700"",""taker_side"":""yes"",""ticker"":""KXETH15M-26APR280345-45"",""trade_id"":""75fc44be-d99a-6505-9ed6-830c78f4b009"",""yes_price_dollars"":""0.7300""}"
KXETH15M-26APR280345-45,d0d43a7a-a960-655b-a403-903f89bd31f0,1777361555,0.74,1.0,no,"{""count_fp"":""1.00"",""created_time"":""2026-04-28T07:32:35.773421Z"",""no_price_dollars"":""0.2600"",""taker_side"":""no"",""ticker"":""KXETH15M-26APR280345-45"",""trade_id"":""d0d43a7a-a960-655b-a403-903f89bd31f0"",""yes_price_dollars"":""0.7400""}"
KXETH15M-26APR280345-45,c39e67b5-c607-692e-8fde-551b04b87d2d,1777361555,0.73,1.0,no,"{""count_fp"":""1.00"",""created_time"":""2026-04-28T07:32:35.773421Z"",""no_price_dollars"":""0.2700"",""taker_side"":""no"",""ticker"":""KXETH15M-26APR280345-45"",""trade_id"":""c39e67b5-c607-692e-8fde-551b04b87d2d"",""yes_price_dollars"":""0.7300""}"
KXETH15M-26APR280345-45,9bb60423-62d1-6b7c-b425-494a991b9b23,1777361555,0.72,66.41,no,"{""count_fp"":""66.41"",""created_time"":""2026-04-28T07:32:35.773421Z"",""no_price_dollars"":""0.2800"",""taker_side"":""no"",""ticker"":""KXETH15M-26APR280345-45"",""trade_id"":""9bb60423-62d1-6b7c-b425-494a991b9b23"",""yes_price_dollars"":""0.7200""}"
KXETH15M-26APR280345-45,9828ebcf-c0bf-6a3a-b74e-54dc8819913b,1777361555,0.74,100.0,no,"{""count_fp"":""100.00"",""created_time"":""2026-04-28T07:32:35.773421Z"",""no_price_dollars"":""0.2600"",""taker_side"":""no"",""ticker"":""KXETH15M-26APR280345-45"",""trade_id"":""9828ebcf-c0bf-6a3a-b74e-54dc8819913b"",""yes_price_dollars"":""0.7400""}"
KXETH15M-26APR280345-45,8d9b4bc4-83f8-6236-ad37-eb840c609d87,1777361555,0.73,10.0,no,"{""count_fp"":""10.00"",""created_time"":""2026-04-28T07:32:35.773421Z"",""no_price_dollars"":""0.2700"",""taker_side"":""no"",""ticker"":""KXETH15M-26APR280345-45"",""trade_id"":""8d9b4bc4-83f8-6236-ad37-eb840c609d87"",""yes_price_dollars"":""0.7300""}"
KXETH15M-26APR280345-45,7c4b1c60-bcaf-61aa-a3a8-59ebdc6b0b5d,1777361555,0.73,11.59,no,"{""count_fp"":""11.59"",""created_time"":""2026-04-28T07:32:35.773421Z"",""no_price_dollars"":""0.2700"",""taker_side"":""no"",""ticker"":""KXETH15M-26APR280345-45"",""trade_id"":""7c4b1c60-bcaf-61aa-a3a8-59ebdc6b0b5d"",""yes_price_dollars"":""0.7300""}"
KXETH15M-26APR280345-45,2463d788-f6ce-66ad-b2af-fc5dad725634,1777361555,0.73,10.0,no,"{""count_fp"":""10.00"",""created_time"":""2026-04-28T07:32:35.773421Z"",""no_price_dollars"":""0.2700"",""taker_side"":""no"",""ticker"":""KXETH15M-26APR280345-45"",""trade_id"":""2463d788-f6ce-66ad-b2af-fc5dad725634"",""yes_price_dollars"":""0.7300""}"
KXETH15M-26APR280345-45,c373a34e-4480-749e-351a-ec6c79815c02,1777361555,0.73,5.0,no,"{""count_fp"":""5.00"",""created_time"":""2026-04-28T07:32:35.639701Z"",""no_price_dollars"":""0.2700"",""taker_side"":""no"",""ticker"":""KXETH15M-26APR280345-45"",""trade_id"":""c373a34e-4480-749e-351a-ec6c79815c02"",""yes_price_dollars"":""0.7300""}"
KXETH15M-26APR280345-45,02ea5fde-373b-7782-21f7-c18e9f2c0e63,1777361555,0.73,0.46,no,"{""count_fp"":""0.46"",""created_time"":""2026-04-28T07:32:35.639701Z"",""no_price_dollars"":""0.2700"",""taker_side"":""no"",""ticker"":""KXETH15M-26APR280345-45"",""trade_id"":""02ea5fde-373b-7782-21f7-c18e9f2c0e63"",""yes_price_dollars"":""0.7300""}"
KXETH15M-26APR280345-45,ed0db5dd-d409-4d51-3f6f-56bc98481a98,1777361555,0.74,2.0,yes,"{""count_fp"":""2.00"",""created_time"":""2026-04-28T07:32:35.378552Z"",""no_price_dollars"":""0.2600"",""taker_side"":""yes"",""ticker"":""KXETH15M-26APR280345-45"",""trade_id"":""ed0db5dd-d409-4d51-3f6f-56bc98481a98"",""yes_price_dollars"":""0.7400""}"
KXETH15M-26APR280345-45,893015b6-772c-4fbb-23bc-e6e6287bdea5,1777361555,0.76,0.63,yes,"{""count_fp"":""0.63"",""created_time"":""2026-04-28T07:32:35.378552Z"",""no_price_dollars"":""0.2400"",""taker_side"":""yes"",""ticker"":""KXETH15M-26APR280345-45"",""trade_id"":""893015b6-772c-4fbb-23bc-e6e6287bdea5"",""yes_price_dollars"":""0.7600""}"
KXETH15M-26APR280345-45,644548c4-8872-785c-ab5d-52a0ed4a5200,1777361561,0.73,2.0,no,"{""count_fp"":""2.00"",""created_time"":""2026-04-28T07:32:41.330462Z"",""no_price_dollars"":""0.2700"",""taker_side"":""no"",""ticker"":""KXETH15M-26APR280345-45"",""trade_id"":""644548c4-8872-785c-ab5d-52a0ed4a5200"",""yes_price_dollars"":""0.7300""}"
KXETH15M-26APR280345-45,a31baa91-4428-4cf6-10b1-c1a70778a0e3,1777361562,0.71,15.0,yes,"{""count_fp"":""15.00"",""created_time"":""2026-04-28T07:32:42.110206Z"",""no_price_dollars"":""0.2900"",""taker_side"":""yes"",""ticker"":""KXETH15M-26APR280345-45"",""trade_id"":""a31baa91-4428-4cf6-10b1-c1a70778a0e3"",""yes_price_dollars"":""0.7100""}"
KXETH15M-26APR280345-45,40c74d1c-a468-696d-b1ac-de03d381c35c,1777361567,0.72,10.0,yes,"{""count_fp"":""10.00"",""created_time"":""2026-04-28T07:32:47.138683Z"",""no_price_dollars"":""0.2800"",""taker_side"":""yes"",""ticker"":""KXETH15M-26APR280345-45"",""trade_id"":""40c74d1c-a468-696d-b1ac-de03d381c35c"",""yes_price_dollars"":""0.7200""}"
KXETH15M-26APR280345-45,2bc0e7d6-be03-6102-ab29-4fdb2300d0de,1777361567,0.73,8.0,yes,"{""count_fp"":""8.00"",""created_time"":""2026-04-28T07:32:47.138683Z"",""no_price_dollars"":""0.2700"",""taker_side"":""yes"",""ticker"":""KXETH15M-26APR280345-45"",""trade_id"":""2bc0e7d6-be03-6102-ab29-4fdb2300d0de"",""yes_price_dollars"":""0.7300""}"
KXETH15M-26APR280345-45,67d8c47a-9e65-70f1-537d-43005583d426,1777361572,0.76,1.0,yes,"{""count_fp"":""1.00"",""created_time"":""2026-04-28T07:32:52.616362Z"",""no_price_dollars"":""0.2400"",""taker_side"":""yes"",""ticker"":""KXETH15M-26APR280345-45"",""trade_id"":""67d8c47a-9e65-70f1-537d-43005583d426"",""yes_price_dollars"":""0.7600""}"
KXETH15M-26APR280345-45,c63692fa-8de2-79ae-d506-7f8339676f98,1777361575,0.72,38.0,no,"{""count_fp"":""38.00"",""created_time"":""2026-04-28T07:32:55.825914Z"",""no_price_dollars"":""0.2800"",""taker_side"":""no"",""ticker"":""KXETH15M-26APR280345-45"",""trade_id"":""c63692fa-8de2-79ae-d506-7f8339676f98"",""yes_price_dollars"":""0.7200""}"
KXETH15M-26APR280345-45,59c89e13-6854-453a-8923-e2927f5581ab,1777361581,0.76,1.0,yes,"{""count_fp"":""1.00"",""created_time"":""2026-04-28T07:33:01.940445Z"",""no_price_dollars"":""0.2400"",""taker_side"":""yes"",""ticker"":""KXETH15M-26APR280345-45"",""trade_id"":""59c89e13-6854-453a-8923-e2927f5581ab"",""yes_price_dollars"":""0.7600""}"
KXETH15M-26APR280345-45,d1877777-ba86-7197-55fd-e7eb561304a1,1777361581,0.75,1.0,yes,"{""count_fp"":""1.00"",""created_time"":""2026-04-28T07:33:01.762687Z"",""no_price_dollars"":""0.2500"",""taker_side"":""yes"",""ticker"":""KXETH15M-26APR280345-45"",""trade_id"":""d1877777-ba86-7197-55fd-e7eb561304a1"",""yes_price_dollars"":""0.7500""}"
KXETH15M-26APR280345-45,ad90aef2-0406-50b0-4d5b-9fce4892b10e,1777361585,0.74,1.0,yes,"{""count_fp"":""1.00"",""created_time"":""2026-04-28T07:33:05.111368Z"",""no_price_dollars"":""0.2600"",""taker_side"":""yes"",""ticker"":""KXETH15M-26APR280345-45"",""trade_id"":""ad90aef2-0406-50b0-4d5b-9fce4892b10e"",""yes_price_dollars"":""0.7400""}"
KXETH15M-26APR280345-45,862790a4-9894-6afa-43ea-427dc0883ddf,1777361586,0.74,1.32,yes,"{""count_fp"":""1.32"",""created_time"":""2026-04-28T07:33:06.973782Z"",""no_price_dollars"":""0.2600"",""taker_side"":""yes"",""ticker"":""KXETH15M-26APR280345-45"",""trade_id"":""862790a4-9894-6afa-43ea-427dc0883ddf"",""yes_price_dollars"":""0.7400""}"
KXETH15M-26APR280345-45,8ff04af3-1ea4-4ce0-7293-037664e3d268,1777361589,0.74,10.0,yes,"{""count_fp"":""10.00"",""created_time"":""2026-04-28T07:33:09.714149Z"",""no_price_dollars"":""0.2600"",""taker_side"":""yes"",""ticker"":""KXETH15M-26APR280345-45"",""trade_id"":""8ff04af3-1ea4-4ce0-7293-037664e3d268"",""yes_price_dollars"":""0.7400""}"
KXETH15M-26APR280345-45,07914832-763f-65d8-3fa3-a7335d5c03dd,1777361595,0.78,1.0,yes,"{""count_fp"":""1.00"",""created_time"":""2026-04-28T07:33:15.603474Z"",""no_price_dollars"":""0.2200"",""taker_side"":""yes"",""ticker"":""KXETH15M-26APR280345-45"",""trade_id"":""07914832-763f-65d8-3fa3-a7335d5c03dd"",""yes_price_dollars"":""0.7800""}"
KXETH15M-26APR280345-45,f96cf943-81d9-474a-b6ae-5deecbe2e4e0,1777361601,0.76,1.0,yes,"{""count_fp"":""1.00"",""created_time"":""2026-04-28T07:33:21.208618Z"",""no_price_dollars"":""0.2400"",""taker_side"":""yes"",""ticker"":""KXETH15M-26APR280345-45"",""trade_id"":""f96cf943-81d9-474a-b6ae-5deecbe2e4e0"",""yes_price_dollars"":""0.7600""}"
KXETH15M-26APR280345-45,69dcd7f4-8ab2-6785-ac2f-db2ac755f9ab,1777361603,0.75,50.0,yes,"{""count_fp"":""50.00"",""created_time"":""2026-04-28T07:33:23.218948Z"",""no_price_dollars"":""0.2500"",""taker_side"":""yes"",""ticker"":""KXETH15M-26APR280345-45"",""trade_id"":""69dcd7f4-8ab2-6785-ac2f-db2ac755f9ab"",""yes_price_dollars"":""0.7500""}"
KXETH15M-26APR280345-45,f87011c4-f50a-72a6-7194-7de1ac02fe10,1777361603,0.76,100.0,no,"{""count_fp"":""100.00"",""created_time"":""2026-04-28T07:33:23.212629Z"",""no_price_dollars"":""0.2400"",""taker_side"":""no"",""ticker"":""KXETH15M-26APR280345-45"",""trade_id"":""f87011c4-f50a-72a6-7194-7de1ac02fe10"",""yes_price_dollars"":""0.7600""}"
KXETH15M-26APR280345-45,4e26b3a4-5916-7403-5068-e4be3ad722d5,1777361603,0.76,4.0,no,"{""count_fp"":""4.00"",""created_time"":""2026-04-28T07:33:23.212629Z"",""no_price_dollars"":""0.2400"",""taker_side"":""no"",""ticker"":""KXETH15M-26APR280345-45"",""trade_id"":""4e26b3a4-5916-7403-5068-e4be3ad722d5"",""yes_price_dollars"":""0.7600""}"
KXETH15M-26APR280345-45,2c5e0cc7-2f05-71d0-47e5-c4ed358a76e8,1777361603,0.75,24.0,no,"{""count_fp"":""24.00"",""created_time"":""2026-04-28T07:33:23.212629Z"",""no_price_dollars"":""0.2500"",""taker_side"":""no"",""ticker"":""KXETH15M-26APR280345-45"",""trade_id"":""2c5e0cc7-2f05-71d0-47e5-c4ed358a76e8"",""yes_price_dollars"":""0.7500""}"
KXETH15M-26APR280345-45,89369fde-16a1-51fd-93df-3d1b2314f3a8,1777361604,0.77,1.0,yes,"{""count_fp"":""1.00"",""created_time"":""2026-04-28T07:33:24.119616Z"",""no_price_dollars"":""0.2300"",""taker_side"":""yes"",""ticker"":""KXETH15M-26APR280345-45"",""trade_id"":""89369fde-16a1-51fd-93df-3d1b2314f3a8"",""yes_price_dollars"":""0.7700""}"
KXETH15M-26APR280345-45,2932a983-b8e2-5d39-93d7-48842eff96d7,1777361604,0.75,22.0,yes,"{""count_fp"":""22.00"",""created_time"":""2026-04-28T07:33:24.119616Z"",""no_price_dollars"":""0.2500"",""taker_side"":""yes"",""ticker"":""KXETH15M-26APR280345-45"",""trade_id"":""2932a983-b8e2-5d39-93d7-48842eff96d7"",""yes_price_dollars"":""0.7500""}"
KXETH15M-26APR280345-45,15c8ad86-2c61-5452-a311-53a8b9bc2767,1777361604,0.77,5.0,yes,"{""count_fp"":""5.00"",""created_time"":""2026-04-28T07:33:24.119616Z"",""no_price_dollars"":""0.2300"",""taker_side"":""yes"",""ticker"":""KXETH15M-26APR280345-45"",""trade_id"":""15c8ad86-2c61-5452-a311-53a8b9bc2767"",""yes_price_dollars"":""0.7700""}"
KXETH15M-26APR280345-45,da6ae114-9ff6-480c-c63d-c03811b4e20e,1777361607,0.76,9.0,no,"{""count_fp"":""9.00"",""created_time"":""2026-04-28T07:33:27.584013Z"",""no_price_dollars"":""0.2400"",""taker_side"":""no"",""ticker"":""KXETH15M-26APR280345-45"",""trade_id"":""da6ae114-9ff6-480c-c63d-c03811b4e20e"",""yes_price_dollars"":""0.7600""}"
KXETH15M-26APR280345-45,ccbc0d71-ebdf-468b-e302-33db7baea776,1777361607,0.76,10.0,no,"{""count_fp"":""10.00"",""created_time"":""2026-04-28T07:33:27.584013Z"",""no_price_dollars"":""0.2400"",""taker_side"":""no"",""ticker"":""KXETH15M-26APR280345-45"",""trade_id"":""ccbc0d71-ebdf-468b-e302-33db7baea776"",""yes_price_dollars"":""0.7600""}"
KXETH15M-26APR280345-45,ee677e7b-503d-7b60-3efa-809c04897317,1777361608,0.79,1.0,yes,"{""count_fp"":""1.00"",""created_time"":""2026-04-28T07:33:28.650213Z"",""no_price_dollars"":""0.2100"",""taker_side"":""yes"",""ticker"":""KXETH15M-26APR280345-45"",""trade_id"":""ee677e7b-503d-7b60-3efa-809c04897317"",""yes_price_dollars"":""0.7900""}"
KXETH15M-26APR280345-45,987d0427-cdc1-72b4-2022-efc70cbcc1f4,1777361608,0.79,0.24,yes,"{""count_fp"":""0.24"",""created_time"":""2026-04-28T07:33:28.650213Z"",""no_price_dollars"":""0.2100"",""taker_side"":""yes"",""ticker"":""KXETH15M-26APR280345-45"",""trade_id"":""987d0427-cdc1-72b4-2022-efc70cbcc1f4"",""yes_price_dollars"":""0.7900""}"
KXETH15M-26APR280345-45,9de31cc4-a104-6b4e-b5aa-69361ba12077,1777361614,0.76,1.0,yes,"{""count_fp"":""1.00"",""created_time"":""2026-04-28T07:33:34.242318Z"",""no_price_dollars"":""0.2400"",""taker_side"":""yes"",""ticker"":""KXETH15M-26APR280345-45"",""trade_id"":""9de31cc4-a104-6b4e-b5aa-69361ba12077"",""yes_price_dollars"":""0.7600""}"
KXETH15M-26APR280345-45,2d871ab5-7308-75a6-128d-c18f0f60a96f,1777361618,0.76,1.0,yes,"{""count_fp"":""1.00"",""created_time"":""2026-04-28T07:33:38.594584Z"",""no_price_dollars"":""0.2400"",""taker_side"":""yes"",""ticker"":""KXETH15M-26APR280345-45"",""trade_id"":""2d871ab5-7308-75a6-128d-c18f0f60a96f"",""yes_price_dollars"":""0.7600""}"
KXETH15M-26APR280345-45,a94c0b29-f694-707a-f9fd-17915ffc2e0b,1777361619,0.76,5.0,yes,"{""count_fp"":""5.00"",""created_time"":""2026-04-28T07:33:39.419869Z"",""no_price_dollars"":""0.2400"",""taker_side"":""yes"",""ticker"":""KXETH15M-26APR280345-45"",""trade_id"":""a94c0b29-f694-707a-f9fd-17915ffc2e0b"",""yes_price_dollars"":""0.7600""}"
KXETH15M-26APR280345-45,09faf287-3e75-7a2f-c4b1-b053590ba9dc,1777361629,0.76,10.0,yes,"{""count_fp"":""10.00"",""created_time"":""2026-04-28T07:33:49.614899Z"",""no_price_dollars"":""0.2400"",""taker_side"":""yes"",""ticker"":""KXETH15M-26APR280345-45"",""trade_id"":""09faf287-3e75-7a2f-c4b1-b053590ba9dc"",""yes_price_dollars"":""0.7600""}"
KXETH15M-26APR280345-45,fdd19b05-8f66-5b24-6742-40e968498338,1777361635,0.77,2.0,no,"{""count_fp"":""2.00"",""created_time"":""2026-04-28T07:33:55.677266Z"",""no_price_dollars"":""0.2300"",""taker_side"":""no"",""ticker"":""KXETH15M-26APR280345-45"",""trade_id"":""fdd19b05-8f66-5b24-6742-40e968498338"",""yes_price_dollars"":""0.7700""}"
KXETH15M-26APR280345-45,21a369fd-a2fa-667c-ebeb-9cbf04b5b517,1777361638,0.75,1.0,no,"{""count_fp"":""1.00"",""created_time"":""2026-04-28T07:33:58.596061Z"",""no_price_dollars"":""0.2500"",""taker_side"":""no"",""ticker"":""KXETH15M-26APR280345-45"",""trade_id"":""21a369fd-a2fa-667c-ebeb-9cbf04b5b517"",""yes_price_dollars"":""0.7500""}"
KXETH15M-26APR280345-45,a9e69b29-82cb-5ea8-67e7-bd34f8dddd21,1777361640,0.74,2.0,yes,"{""count_fp"":""2.00"",""created_time"":""2026-04-28T07:34:00.669795Z"",""no_price_dollars"":""0.2600"",""taker_side"":""yes"",""ticker"":""KXETH15M-26APR280345-45"",""trade_id"":""a9e69b29-82cb-5ea8-67e7-bd34f8dddd21"",""yes_price_dollars"":""0.7400""}"
KXETH15M-26APR280345-45,f7701775-f7d9-528a-d22f-635062931f32,1777361641,0.74,6.63,yes,"{""count_fp"":""6.63"",""created_time"":""2026-04-28T07:34:01.227875Z"",""no_price_dollars"":""0.2600"",""taker_side"":""yes"",""ticker"":""KXETH15M-26APR280345-45"",""trade_id"":""f7701775-f7d9-528a-d22f-635062931f32"",""yes_price_dollars"":""0.7400""}"
KXETH15M-26APR280345-45,9e8a8438-e766-4259-a779-f0f88e976cf8,1777361643,0.74,10.0,yes,"{""count_fp"":""10.00"",""created_time"":""2026-04-28T07:34:03.440852Z"",""no_price_dollars"":""0.2600"",""taker_side"":""yes"",""ticker"":""KXETH15M-26APR280345-45"",""trade_id"":""9e8a8438-e766-4259-a779-f0f88e976cf8"",""yes_price_dollars"":""0.7400""}"
KXETH15M-26APR280345-45,c9dd782c-2f88-7665-b930-695b1036c634,1777361645,0.73,1.0,no,"{""count_fp"":""1.00"",""created_time"":""2026-04-28T07:34:05.409598Z"",""no_price_dollars"":""0.2700"",""taker_side"":""no"",""ticker"":""KXETH15M-26APR280345-45"",""trade_id"":""c9dd782c-2f88-7665-b930-695b1036c634"",""yes_price_dollars"":""0.7300""}"
KXETH15M-26APR280345-45,5cbff582-ec9d-7178-8c23-c4f09e60ba66,1777361645,0.73,3.0,no,"{""count_fp"":""3.00"",""created_time"":""2026-04-28T07:34:05.409598Z"",""no_price_dollars"":""0.2700"",""taker_side"":""no"",""ticker"":""KXETH15M-26APR280345-45"",""trade_id"":""5cbff582-ec9d-7178-8c23-c4f09e60ba66"",""yes_price_dollars"":""0.7300""}"
KXETH15M-26APR280345-45,3518481c-d9f6-74c8-97af-164701a68666,1777361645,0.73,8.0,no,"{""count_fp"":""8.00"",""created_time"":""2026-04-28T07:34:05.409598Z"",""no_price_dollars"":""0.2700"",""taker_side"":""no"",""ticker"":""KXETH15M-26APR280345-45"",""trade_id"":""3518481c-d9f6-74c8-97af-164701a68666"",""yes_price_dollars"":""0.7300""}"
KXETH15M-26APR280345-45,61bc1f0c-817c-5132-f1cf-2cb442295347,1777361645,0.77,11.0,yes,"{""count_fp"":""11.00"",""created_time"":""2026-04-28T07:34:05.136428Z"",""no_price_dollars"":""0.2300"",""taker_side"":""yes"",""ticker"":""KXETH15M-26APR280345-45"",""trade_id"":""61bc1f0c-817c-5132-f1cf-2cb442295347"",""yes_price_dollars"":""0.7700""}"
KXETH15M-26APR280345-45,3f268a19-56c9-5459-d15f-42ac0f260890,1777361645,0.77,1.0,yes,"{""count_fp"":""1.00"",""created_time"":""2026-04-28T07:34:05.136428Z"",""no_price_dollars"":""0.2300"",""taker_side"":""yes"",""ticker"":""KXETH15M-26APR280345-45"",""trade_id"":""3f268a19-56c9-5459-d15f-42ac0f260890"",""yes_price_dollars"":""0.7700""}"
KXETH15M-26APR280345-45,fe5e5751-c87a-5180-bb5a-cb1c9467802a,1777361649,0.76,69.47,no,"{""count_fp"":""69.47"",""created_time"":""2026-04-28T07:34:09.467171Z"",""no_price_dollars"":""0.2400"",""taker_side"":""no"",""ticker"":""KXETH15M-26APR280345-45"",""trade_id"":""fe5e5751-c87a-5180-bb5a-cb1c9467802a"",""yes_price_dollars"":""0.7600""}"
KXETH15M-26APR280345-45,fdd3aa9e-b141-5794-9f3b-202cad571fee,1777361649,0.76,1.0,no,"{""count_fp"":""1.00"",""created_time"":""2026-04-28T07:34:09.467171Z"",""no_price_dollars"":""0.2400"",""taker_side"":""no"",""ticker"":""KXETH15M-26APR280345-45"",""trade_id"":""fdd3aa9e-b141-5794-9f3b-202cad571fee"",""yes_price_dollars"":""0.7600""}"
KXETH15M-26APR280345-45,31c92f53-69c7-7f60-dc39-1c42fea7a9e4,1777361654,0.75,3.8,no,"{""count_fp"":""3.80"",""created_time"":""2026-04-28T07:34:14.715237Z"",""no_price_dollars"":""0.2500"",""taker_side"":""no"",""ticker"":""KXETH15M-26APR280345-45"",""trade_id"":""31c92f53-69c7-7f60-dc39-1c42fea7a9e4"",""yes_price_dollars"":""0.7500""}"
KXETH15M-26APR280345-45,4db1b710-487a-66a4-2038-55f51f6cc982,1777361671,0.72,2.33,no,"{""count_fp"":""2.33"",""created_time"":""2026-04-28T07:34:31.169887Z"",""no_price_dollars"":""0.2800"",""taker_side"":""no"",""ticker"":""KXETH15M-26APR280345-45"",""trade_id"":""4db1b710-487a-66a4-2038-55f51f6cc982"",""yes_price_dollars"":""0.7200""}"
KXETH15M-26APR280345-45,37f0441c-ddab-6233-0e89-c9f3936be580,1777361671,0.72,1.0,no,"{""count_fp"":""1.00"",""created_time"":""2026-04-28T07:34:31.169887Z"",""no_price_dollars"":""0.2800"",""taker_side"":""no"",""ticker"":""KXETH15M-26APR280345-45"",""trade_id"":""37f0441c-ddab-6233-0e89-c9f3936be580"",""yes_price_dollars"":""0.7200""}"
KXETH15M-26APR280345-45,d7d0bd8a-6026-4264-156d-689e68796ca2,1777361675,0.73,23.0,no,"{""count_fp"":""23.00"",""created_time"":""2026-04-28T07:34:35.609183Z"",""no_price_dollars"":""0.2700"",""taker_side"":""no"",""ticker"":""KXETH15M-26APR280345-45"",""trade_id"":""d7d0bd8a-6026-4264-156d-689e68796ca2"",""yes_price_dollars"":""0.7300""}"
KXETH15M-26APR280345-45,cd57dd62-42ef-4aa8-082b-ee152a9b621c,1777361675,0.73,10.0,no,"{""count_fp"":""10.00"",""created_time"":""2026-04-28T07:34:35.609183Z"",""no_price_dollars"":""0.2700"",""taker_side"":""no"",""ticker"":""KXETH15M-26APR280345-45"",""trade_id"":""cd57dd62-42ef-4aa8-082b-ee152a9b621c"",""yes_price_dollars"":""0.7300""}"
KXETH15M-26APR280345-45,ac3264f7-5412-4fa6-3fde-d8a7125fad0c,1777361675,0.74,1.0,no,"{""count_fp"":""1.00"",""created_time"":""2026-04-28T07:34:35.609183Z"",""no_price_dollars"":""0.2600"",""taker_side"":""no"",""ticker"":""KXETH15M-26APR280345-45"",""trade_id"":""ac3264f7-5412-4fa6-3fde-d8a7125fad0c"",""yes_price_dollars"":""0.7400""}"
KXETH15M-26APR280345-45,6c9f99cb-baff-667b-3dac-921b233e886d,1777361677,0.78,1.0,yes,"{""count_fp"":""1.00"",""created_time"":""2026-04-28T07:34:37.462472Z"",""no_price_dollars"":""0.2200"",""taker_side"":""yes"",""ticker"":""KXETH15M-26APR280345-45"",""trade_id"":""6c9f99cb-baff-667b-3dac-921b233e886d"",""yes_price_dollars"":""0.7800""}"
KXETH15M-26APR280345-45,cf016e36-812d-7880-ecf1-7236efdbfaee,1777361680,0.75,2.0,no,"{""count_fp"":""2.00"",""created_time"":""2026-04-28T07:34:40.794708Z"",""no_price_dollars"":""0.2500"",""taker_side"":""no"",""ticker"":""KXETH15M-26APR280345-45"",""trade_id"":""cf016e36-812d-7880-ecf1-7236efdbfaee"",""yes_price_dollars"":""0.7500""}"
KXETH15M-26APR280345-45,0735b449-35da-7db4-d8fd-b57a491562dd,1777361680,0.75,24.6,no,"{""count_fp"":""24.60"",""created_time"":""2026-04-28T07:34:40.794708Z"",""no_price_dollars"":""0.2500"",""taker_side"":""no"",""ticker"":""KXETH15M-26APR280345-45"",""trade_id"":""0735b449-35da-7db4-d8fd-b57a491562dd"",""yes_price_dollars"":""0.7500""}"
KXETH15M-26APR280345-45,9ca8e3fe-646a-5fd2-c5c9-1f7a09964fd3,1777361687,0.76,1.0,yes,"{""count_fp"":""1.00"",""created_time"":""2026-04-28T07:34:47.648173Z"",""no_price_dollars"":""0.2400"",""taker_side"":""yes"",""ticker"":""KXETH15M-26APR280345-45"",""trade_id"":""9ca8e3fe-646a-5fd2-c5c9-1f7a09964fd3"",""yes_price_dollars"":""0.7600""}"
KXETH15M-26APR280345-45,266eeb67-ad0c-4409-0728-c1ecdde0055b,1777361689,0.76,1.0,yes,"{""count_fp"":""1.00"",""created_time"":""2026-04-28T07:34:49.649248Z"",""no_price_dollars"":""0.2400"",""taker_side"":""yes"",""ticker"":""KXETH15M-26APR280345-45"",""trade_id"":""266eeb67-ad0c-4409-0728-c1ecdde0055b"",""yes_price_dollars"":""0.7600""}"
KXETH15M-26APR280345-45,222f270e-fc74-591d-7881-ee187b0f29a7,1777361690,0.76,6.39,yes,"{""count_fp"":""6.39"",""created_time"":""2026-04-28T07:34:50.459658Z"",""no_price_dollars"":""0.2400"",""taker_side"":""yes"",""ticker"":""KXETH15M-26APR280345-45"",""trade_id"":""222f270e-fc74-591d-7881-ee187b0f29a7"",""yes_price_dollars"":""0.7600""}"
KXETH15M-26APR280345-45,e602d12e-9ca9-62b8-675e-4686290dee5d,1777361699,0.72,3.0,yes,"{""count_fp"":""3.00"",""created_time"":""2026-04-28T07:34:59.081077Z"",""no_price_dollars"":""0.2800"",""taker_side"":""yes"",""ticker"":""KXETH15M-26APR280345-45"",""trade_id"":""e602d12e-9ca9-62b8-675e-4686290dee5d"",""yes_price_dollars"":""0.7200""}"
KXETH15M-26APR280345-45,75743262-3df4-4d79-f2fb-2d3392c4cc05,1777361700,0.73,1.0,yes,"{""count_fp"":""1.00"",""created_time"":""2026-04-28T07:35:00.074629Z"",""no_price_dollars"":""0.2700"",""taker_side"":""yes"",""ticker"":""KXETH15M-26APR280345-45"",""trade_id"":""75743262-3df4-4d79-f2fb-2d3392c4cc05"",""yes_price_dollars"":""0.7300""}"
KXETH15M-26APR280345-45,7dc308b3-5fc0-612e-60a2-08a8eac0e253,1777361702,0.73,1.0,no,"{""count_fp"":""1.00"",""created_time"":""2026-04-28T07:35:02.168689Z"",""no_price_dollars"":""0.2700"",""taker_side"":""no"",""ticker"":""KXETH15M-26APR280345-45"",""trade_id"":""7dc308b3-5fc0-612e-60a2-08a8eac0e253"",""yes_price_dollars"":""0.7300""}"
KXETH15M-26APR280345-45,80f2b82a-8cc6-4430-3eea-fd0067f5ea58,1777361704,0.7,1.0,yes,"{""count_fp"":""1.00"",""created_time"":""2026-04-28T07:35:04.143403Z"",""no_price_dollars"":""0.3000"",""taker_side"":""yes"",""ticker"":""KXETH15M-26APR280345-45"",""trade_id"":""80f2b82a-8cc6-4430-3eea-fd0067f5ea58"",""yes_price_dollars"":""0.7000""}"
KXETH15M-26APR280345-45,5c2b89af-0f21-49eb-054d-60d649bb58b8,1777361704,0.73,10.0,yes,"{""count_fp"":""10.00"",""created_time"":""2026-04-28T07:35:04.143403Z"",""no_price_dollars"":""0.2700"",""taker_side"":""yes"",""ticker"":""KXETH15M-26APR280345-45"",""trade_id"":""5c2b89af-0f21-49eb-054d-60d649bb58b8"",""yes_price_dollars"":""0.7300""}"
KXETH15M-26APR280345-45,52276fdd-5192-43a5-079a-dc854ba2ac0b,1777361704,0.74,56.0,yes,"{""count_fp"":""56.00"",""created_time"":""2026-04-28T07:35:04.143403Z"",""no_price_dollars"":""0.2600"",""taker_side"":""yes"",""ticker"":""KXETH15M-26APR280345-45"",""trade_id"":""52276fdd-5192-43a5-079a-dc854ba2ac0b"",""yes_price_dollars"":""0.7400""}"
KXETH15M-26APR280345-45,643a7a76-0128-5fd2-d85e-28d0c269f604,1777361708,0.76,1.0,yes,"{""count_fp"":""1.00"",""created_time"":""2026-04-28T07:35:08.090425Z"",""no_price_dollars"":""0.2400"",""taker_side"":""yes"",""ticker"":""KXETH15M-26APR280345-45"",""trade_id"":""643a7a76-0128-5fd2-d85e-28d0c269f604"",""yes_price_dollars"":""0.7600""}"
KXETH15M-26APR280345-45,5ce6ef46-8b69-5cea-cb4e-2131c88bbadc,1777361708,0.78,52.0,yes,"{""count_fp"":""52.00"",""created_time"":""2026-04-28T07:35:08.090425Z"",""no_price_dollars"":""0.2200"",""taker_side"":""yes"",""ticker"":""KXETH15M-26APR280345-45"",""trade_id"":""5ce6ef46-8b69-5cea-cb4e-2131c88bbadc"",""yes_price_dollars"":""0.7800""}"
KXETH15M-26APR280345-45,52126887-374d-5670-c6ff-74c84fdfc3c9,1777361708,0.78,10.0,yes,"{""count_fp"":""10.00"",""created_time"":""2026-04-28T07:35:08.090425Z"",""no_price_dollars"":""0.2200"",""taker_side"":""yes"",""ticker"":""KXETH15M-26APR280345-45"",""trade_id"":""52126887-374d-5670-c6ff-74c84fdfc3c9"",""yes_price_dollars"":""0.7800""}"
KXETH15M-26APR280345-45,c10551d9-b1d5-6ac1-6688-9c70788f601c,1777361708,0.75,68.0,yes,"{""count_fp"":""68.00"",""created_time"":""2026-04-28T07:35:08.025398Z"",""no_price_dollars"":""0.2500"",""taker_side"":""yes"",""ticker"":""KXETH15M-26APR280345-45"",""trade_id"":""c10551d9-b1d5-6ac1-6688-9c70788f601c"",""yes_price_dollars"":""0.7500""}"
KXETH15M-26APR280345-45,b927c543-aa6f-6346-59f0-897486c11cf6,1777361708,0.75,10.0,yes,"{""count_fp"":""10.00"",""created_time"":""2026-04-28T07:35:08.025398Z"",""no_price_dollars"":""0.2500"",""taker_side"":""yes"",""ticker"":""KXETH15M-26APR280345-45"",""trade_id"":""b927c543-aa6f-6346-59f0-897486c11cf6"",""yes_price_dollars"":""0.7500""}"
KXETH15M-26APR280345-45,a7f3e414-3901-5d8b-6e21-69398dda956c,1777361709,0.78,1.0,yes,"{""count_fp"":""1.00"",""created_time"":""2026-04-28T07:35:09.161536Z"",""no_price_dollars"":""0.2200"",""taker_side"":""yes"",""ticker"":""KXETH15M-26APR280345-45"",""trade_id"":""a7f3e414-3901-5d8b-6e21-69398dda956c"",""yes_price_dollars"":""0.7800""}"
KXETH15M-26APR280345-45,aff77ee1-1406-5d29-0103-5db385713647,1777361725,0.8,4.0,yes,"{""count_fp"":""4.00"",""created_time"":""2026-04-28T07:35:25.935929Z"",""no_price_dollars"":""0.2000"",""taker_side"":""yes"",""ticker"":""KXETH15M-26APR280345-45"",""trade_id"":""aff77ee1-1406-5d29-0103-5db385713647"",""yes_price_dollars"":""0.8000""}"
KXETH15M-26APR280345-45,52f7ebdf-95fa-773a-31b2-e08797f675e8,1777361731,0.77,6.63,no,"{""count_fp"":""6.63"",""created_time"":""2026-04-28T07:35:31.601546Z"",""no_price_dollars"":""0.2300"",""taker_side"":""no"",""ticker"":""KXETH15M-26APR280345-45"",""trade_id"":""52f7ebdf-95fa-773a-31b2-e08797f675e8"",""yes_price_dollars"":""0.7700""}"
KXETH15M-26APR280345-45,56b1aa62-ff7e-472a-cffa-24533b853c91,1777361739,0.83,7.0,yes,"{""count_fp"":""7.00"",""created_time"":""2026-04-28T07:35:39.969862Z"",""no_price_dollars"":""0.1700"",""taker_side"":""yes"",""ticker"":""KXETH15M-26APR280345-45"",""trade_id"":""56b1aa62-ff7e-472a-cffa-24533b853c91"",""yes_price_dollars"":""0.8300""}"
KXETH15M-26APR280345-45,55a4e8eb-20f3-4f24-c37c-72925466fc0f,1777361739,0.83,3.0,yes,"{""count_fp"":""3.00"",""created_time"":""2026-04-28T07:35:39.969862Z"",""no_price_dollars"":""0.1700"",""taker_side"":""yes"",""ticker"":""KXETH15M-26APR280345-45"",""trade_id"":""55a4e8eb-20f3-4f24-c37c-72925466fc0f"",""yes_price_dollars"":""0.8300""}"
KXETH15M-26APR280345-45,9583a9a1-e244-7fb2-b53b-8d70c28a0449,1777361740,0.83,9.0,yes,"{""count_fp"":""9.00"",""created_time"":""2026-04-28T07:35:40.619278Z"",""no_price_dollars"":""0.1700"",""taker_side"":""yes"",""ticker"":""KXETH15M-26APR280345-45"",""trade_id"":""9583a9a1-e244-7fb2-b53b-8d70c28a0449"",""yes_price_dollars"":""0.8300""}"
KXETH15M-26APR280345-45,44682bb1-d304-7880-8274-c88c1ba82fdf,1777361740,0.83,1.0,yes,"{""count_fp"":""1.00"",""created_time"":""2026-04-28T07:35:40.619278Z"",""no_price_dollars"":""0.1700"",""taker_side"":""yes"",""ticker"":""KXETH15M-26APR280345-45"",""trade_id"":""44682bb1-d304-7880-8274-c88c1ba82fdf"",""yes_price_dollars"":""0.8300""}"
KXETH15M-26APR280345-45,774b9d86-ba39-707f-26b7-e604d0192fda,1777361742,0.81,9.41,no,"{""count_fp"":""9.41"",""created_time"":""2026-04-28T07:35:42.849222Z"",""no_price_dollars"":""0.1900"",""taker_side"":""no"",""ticker"":""KXETH15M-26APR280345-45"",""trade_id"":""774b9d86-ba39-707f-26b7-e604d0192fda"",""yes_price_dollars"":""0.8100""}"
KXETH15M-26APR280345-45,165cade8-72e9-7ae1-37bb-a3daa15e320d,1777361742,0.82,1.0,no,"{""count_fp"":""1.00"",""created_time"":""2026-04-28T07:35:42.849222Z"",""no_price_dollars"":""0.1800"",""taker_side"":""no"",""ticker"":""KXETH15M-26APR280345-45"",""trade_id"":""165cade8-72e9-7ae1-37bb-a3daa15e320d"",""yes_price_dollars"":""0.8200""}"
KXETH15M-26APR280345-45,1bc54db4-3a7a-46df-6943-da171dabbaf8,1777361742,0.85,199.0,no,"{""count_fp"":""199.00"",""created_time"":""2026-04-28T07:35:42.710669Z"",""no_price_dollars"":""0.1500"",""taker_side"":""no"",""ticker"":""KXETH15M-26APR280345-45"",""trade_id"":""1bc54db4-3a7a-46df-6943-da171dabbaf8"",""yes_price_dollars"":""0.8500""}"
KXETH15M-26APR280345-45,cf995200-9c4e-4734-993e-450e0158bca5,1777361742,0.85,1.0,yes,"{""count_fp"":""1.00"",""created_time"":""2026-04-28T07:35:42.695332Z"",""no_price_dollars"":""0.1500"",""taker_side"":""yes"",""ticker"":""KXETH15M-26APR280345-45"",""trade_id"":""cf995200-9c4e-4734-993e-450e0158bca5"",""yes_price_dollars"":""0.8500""}"
KXETH15M-26APR280345-45,29c48005-8f1e-4034-4f81-d7ce7e2d576c,1777361742,0.81,1.98,no,"{""count_fp"":""1.98"",""created_time"":""2026-04-28T07:35:42.597647Z"",""no_price_dollars"":""0.1900"",""taker_side"":""no"",""ticker"":""KXETH15M-26APR280345-45"",""trade_id"":""29c48005-8f1e-4034-4f81-d7ce7e2d576c"",""yes_price_dollars"":""0.8100""}"
KXETH15M-26APR280345-45,9593f6a2-0769-5b64-da07-daf983e1b5f2,1777361742,0.84,1.0,yes,"{""count_fp"":""1.00"",""created_time"":""2026-04-28T07:35:42.279783Z"",""no_price_dollars"":""0.1600"",""taker_side"":""yes"",""ticker"":""KXETH15M-26APR280345-45"",""trade_id"":""9593f6a2-0769-5b64-da07-daf983e1b5f2"",""yes_price_dollars"":""0.8400""}"
KXETH15M-26APR280345-45,2e62879f-0509-5211-c5be-15f81900f39d,1777361742,0.84,1.0,yes,"{""count_fp"":""1.00"",""created_time"":""2026-04-28T07:35:42.279783Z"",""no_price_dollars"":""0.1600"",""taker_side"":""yes"",""ticker"":""KXETH15M-26APR280345-45"",""trade_id"":""2e62879f-0509-5211-c5be-15f81900f39d"",""yes_price_dollars"":""0.8400""}"
KXETH15M-26APR280345-45,0163cde8-b1a4-5895-d309-d7af53b00e72,1777361742,0.84,8.0,yes,"{""count_fp"":""8.00"",""created_time"":""2026-04-28T07:35:42.279783Z"",""no_price_dollars"":""0.1600"",""taker_side"":""yes"",""ticker"":""KXETH15M-26APR280345-45"",""trade_id"":""0163cde8-b1a4-5895-d309-d7af53b00e72"",""yes_price_dollars"":""0.8400""}"
KXETH15M-26APR280345-45,65905c21-ea99-4a0f-8ad8-d485b66f5bf6,1777361752,0.84,5.0,yes,"{""count_fp"":""5.00"",""created_time"":""2026-04-28T07:35:52.047075Z"",""no_price_dollars"":""0.1600"",""taker_side"":""yes"",""ticker"":""KXETH15M-26APR280345-45"",""trade_id"":""65905c21-ea99-4a0f-8ad8-d485b66f5bf6"",""yes_price_dollars"":""0.8400""}"
KXETH15M-26APR280345-45,675795ff-d0bb-4af5-d0af-b9757dbae018,1777361753,0.87,5.0,yes,"{""count_fp"":""5.00"",""created_time"":""2026-04-28T07:35:53.875611Z"",""no_price_dollars"":""0.1300"",""taker_side"":""yes"",""ticker"":""KXETH15M-26APR280345-45"",""trade_id"":""675795ff-d0bb-4af5-d0af-b9757dbae018"",""yes_price_dollars"":""0.8700""}"
KXETH15M-26APR280345-45,6e606ff3-7c1f-4a97-7575-3180bdc94279,1777361753,0.86,3.0,no,"{""count_fp"":""3.00"",""created_time"":""2026-04-28T07:35:53.172725Z"",""no_price_dollars"":""0.1400"",""taker_side"":""no"",""ticker"":""KXETH15M-26APR280345-45"",""trade_id"":""6e606ff3-7c1f-4a97-7575-3180bdc94279"",""yes_price_dollars"":""0.8600""}"
KXETH15M-26APR280345-45,2d27e415-601d-42b0-5dbc-2cb42cb592b3,1777361753,0.86,1.0,no,"{""count_fp"":""1.00"",""created_time"":""2026-04-28T07:35:53.172725Z"",""no_price_dollars"":""0.1400"",""taker_side"":""no"",""ticker"":""KXETH15M-26APR280345-45"",""trade_id"":""2d27e415-601d-42b0-5dbc-2cb42cb592b3"",""yes_price_dollars"":""0.8600""}"
KXETH15M-26APR280345-45,85c7403d-11b6-480d-2f24-efb672161b72,1777361760,0.87,1.0,yes,"{""count_fp"":""1.00"",""created_time"":""2026-04-28T07:36:00.936932Z"",""no_price_dollars"":""0.1300"",""taker_side"":""yes"",""ticker"":""KXETH15M-26APR280345-45"",""trade_id"":""85c7403d-11b6-480d-2f24-efb672161b72"",""yes_price_dollars"":""0.8700""}"
KXETH15M-26APR280345-45,11eb7708-4baa-4b67-32ec-34e5582cdade,1777361760,0.87,7.0,yes,"{""count_fp"":""7.00"",""created_time"":""2026-04-28T07:36:00.936932Z"",""no_price_dollars"":""0.1300"",""taker_side"":""yes"",""ticker"":""KXETH15M-26APR280345-45"",""trade_id"":""11eb7708-4baa-4b67-32ec-34e5582cdade"",""yes_price_dollars"":""0.8700""}"
KXETH15M-26APR280345-45,f696bd2b-d379-6da9-ea5e-e8ba0a7bcb02,1777361763,0.88,1.0,no,"{""count_fp"":""1.00"",""created_time"":""2026-04-28T07:36:03.099823Z"",""no_price_dollars"":""0.1200"",""taker_side"":""no"",""ticker"":""KXETH15M-26APR280345-45"",""trade_id"":""f696bd2b-d379-6da9-ea5e-e8ba0a7bcb02"",""yes_price_dollars"":""0.8800""}"
KXETH15M-26APR280345-45,a0d2bcfd-f0af-688f-fa32-e4f1323b7d75,1777361763,0.88,100.0,no,"{""count_fp"":""100.00"",""created_time"":""2026-04-28T07:36:03.099823Z"",""no_price_dollars"":""0.1200"",""taker_side"":""no"",""ticker"":""KXETH15M-26APR280345-45"",""trade_id"":""a0d2bcfd-f0af-688f-fa32-e4f1323b7d75"",""yes_price_dollars"":""0.8800""}"
KXETH15M-26APR280345-45,f9e3c1d1-9619-50b4-2f04-8abb413c9766,1777361767,0.83,1.0,no,"{""count_fp"":""1.00"",""created_time"":""2026-04-28T07:36:07.191112Z"",""no_price_dollars"":""0.1700"",""taker_side"":""no"",""ticker"":""KXETH15M-26APR280345-45"",""trade_id"":""f9e3c1d1-9619-50b4-2f04-8abb413c9766"",""yes_price_dollars"":""0.8300""}"
KXETH15M-26APR280345-45,d72f77cd-e5ac-57bb-358e-61db4f2b7d53,1777361767,0.84,10.0,no,"{""count_fp"":""10.00"",""created_time"":""2026-04-28T07:36:07.191112Z"",""no_price_dollars"":""0.1600"",""taker_side"":""no"",""ticker"":""KXETH15M-26APR280345-45"",""trade_id"":""d72f77cd-e5ac-57bb-358e-61db4f2b7d53"",""yes_price_dollars"":""0.8400""}"
KXETH15M-26APR280345-45,a8558083-24a0-55b2-3f9e-3e010694d82d,1777361767,0.8,120.19,no,"{""count_fp"":""120.19"",""created_time"":""2026-04-28T07:36:07.191112Z"",""no_price_dollars"":""0.2000"",""taker_side"":""no"",""ticker"":""KXETH15M-26APR280345-45"",""trade_id"":""a8558083-24a0-55b2-3f9e-3e010694d82d"",""yes_price_dollars"":""0.8000""}"
KXETH15M-26APR280345-45,8ce68ade-1f4d-53bf-1577-580c2a2b8dbe,1777361767,0.84,10.0,no,"{""count_fp"":""10.00"",""created_time"":""2026-04-28T07:36:07.191112Z"",""no_price_dollars"":""0.1600"",""taker_side"":""no"",""ticker"":""KXETH15M-26APR280345-45"",""trade_id"":""8ce68ade-1f4d-53bf-1577-580c2a2b8dbe"",""yes_price_dollars"":""0.8400""}"
KXETH15M-26APR280345-45,74e53636-4f8f-555b-3a3d-434c8dbbe024,1777361767,0.81,10.0,no,"{""count_fp"":""10.00"",""created_time"":""2026-04-28T07:36:07.191112Z"",""no_price_dollars"":""0.1900"",""taker_side"":""no"",""ticker"":""KXETH15M-26APR280345-45"",""trade_id"":""74e53636-4f8f-555b-3a3d-434c8dbbe024"",""yes_price_dollars"":""0.8100""}"
KXETH15M-26APR280345-45,6c5613bd-d46b-50a0-0d03-e2fd97908320,1777361767,0.84,100.0,no,"{""count_fp"":""100.00"",""created_time"":""2026-04-28T07:36:07.191112Z"",""no_price_dollars"":""0.1600"",""taker_side"":""no"",""ticker"":""KXETH15M-26APR280345-45"",""trade_id"":""6c5613bd-d46b-50a0-0d03-e2fd97908320"",""yes_price_dollars"":""0.8400""}"
KXETH15M-26APR280345-45,69467e89-2d0c-59bc-3b65-24fa14e75d60,1777361767,0.86,5.0,no,"{""count_fp"":""5.00"",""created_time"":""2026-04-28T07:36:07.191112Z"",""no_price_dollars"":""0.1400"",""taker_side"":""no"",""ticker"":""KXETH15M-26APR280345-45"",""trade_id"":""69467e89-2d0c-59bc-3b65-24fa14e75d60"",""yes_price_dollars"":""0.8600""}"
KXETH15M-26APR280345-45,5055a60a-42fe-5892-24e7-7371fab7047e,1777361767,0.84,4.0,no,"{""count_fp"":""4.00"",""created_time"":""2026-04-28T07:36:07.191112Z"",""no_price_dollars"":""0.1600"",""taker_side"":""no"",""ticker"":""KXETH15M-26APR280345-45"",""trade_id"":""5055a60a-42fe-5892-24e7-7371fab7047e"",""yes_price_dollars"":""0.8400""}"
KXETH15M-26APR280345-45,5926651a-a8db-47dd-31a2-36fc28c64a8e,1777361767,0.87,5.0,no,"{""count_fp"":""5.00"",""created_time"":""2026-04-28T07:36:07.119193Z"",""no_price_dollars"":""0.1300"",""taker_side"":""no"",""ticker"":""KXETH15M-26APR280345-45"",""trade_id"":""5926651a-a8db-47dd-31a2-36fc28c64a8e"",""yes_price_dollars"":""0.8700""}"
KXETH15M-26APR280345-45,c8bbeb4e-2887-52b7-3f3c-20eaa28e27a9,1777361768,0.84,1.0,no,"{""count_fp"":""1.00"",""created_time"":""2026-04-28T07:36:08.383794Z"",""no_price_dollars"":""0.1600"",""taker_side"":""no"",""ticker"":""KXETH15M-26APR280345-45"",""trade_id"":""c8bbeb4e-2887-52b7-3f3c-20eaa28e27a9"",""yes_price_dollars"":""0.8400""}"
KXETH15M-26APR280345-45,b671b283-6c9c-56cd-0403-de744cac9904,1777361768,0.84,4.0,no,"{""count_fp"":""4.00"",""created_time"":""2026-04-28T07:36:08.383794Z"",""no_price_dollars"":""0.1600"",""taker_side"":""no"",""ticker"":""KXETH15M-26APR280345-45"",""trade_id"":""b671b283-6c9c-56cd-0403-de744cac9904"",""yes_price_dollars"":""0.8400""}"
KXETH15M-26APR280345-45,80257560-4f2b-7752-44a4-d88edc979c74,1777361770,0.86,1.0,yes,"{""count_fp"":""1.00"",""created_time"":""2026-04-28T07:36:10.225464Z"",""no_price_dollars"":""0.1400"",""taker_side"":""yes"",""ticker"":""KXETH15M-26APR280345-45"",""trade_id"":""80257560-4f2b-7752-44a4-d88edc979c74"",""yes_price_dollars"":""0.8600""}"
KXETH15M-26APR280345-45,21f6417a-e8df-40bc-4445-4b614cfb2097,1777361773,0.88,0.72,no,"{""count_fp"":""0.72"",""created_time"":""2026-04-28T07:36:13.951226Z"",""no_price_dollars"":""0.1200"",""taker_side"":""no"",""ticker"":""KXETH15M-26APR280345-45"",""trade_id"":""21f6417a-e8df-40bc-4445-4b614cfb2097"",""yes_price_dollars"":""0.8800""}"
KXETH15M-26APR280345-45,5fc6465f-1a06-6140-a903-bfebfc4fe2c2,1777361773,0.88,5.0,yes,"{""count_fp"":""5.00"",""created_time"":""2026-04-28T07:36:13.471865Z"",""no_price_dollars"":""0.1200"",""taker_side"":""yes"",""ticker"":""KXETH15M-26APR280345-45"",""trade_id"":""5fc6465f-1a06-6140-a903-bfebfc4fe2c2"",""yes_price_dollars"":""0.8800""}"
KXETH15M-26APR280345-45,fd7ba038-c8e3-7fe2-af59-ecad89515539,1777361782,0.92,1.0,yes,"{""count_fp"":""1.00"",""created_time"":""2026-04-28T07:36:22.119354Z"",""no_price_dollars"":""0.0800"",""taker_side"":""yes"",""ticker"":""KXETH15M-26APR280345-45"",""trade_id"":""fd7ba038-c8e3-7fe2-af59-ecad89515539"",""yes_price_dollars"":""0.9200""}"
KXETH15M-26APR280345-45,faa9ef61-fce6-70b5-bf28-ed1a1139d277,1777361782,0.92,68.0,yes,"{""count_fp"":""68.00"",""created_time"":""2026-04-28T07:36:22.119354Z"",""no_price_dollars"":""0.0800"",""taker_side"":""yes"",""ticker"":""KXETH15M-26APR280345-45"",""trade_id"":""faa9ef61-fce6-70b5-bf28-ed1a1139d277"",""yes_price_dollars"":""0.9200""}"
KXETH15M-26APR280345-45,e4e43fff-67cd-7b43-8200-f1c12d006fb5,1777361782,0.91,1.0,yes,"{""count_fp"":""1.00"",""created_time"":""2026-04-28T07:36:22.119354Z"",""no_price_dollars"":""0.0900"",""taker_side"":""yes"",""ticker"":""KXETH15M-26APR280345-45"",""trade_id"":""e4e43fff-67cd-7b43-8200-f1c12d006fb5"",""yes_price_dollars"":""0.9100""}"
KXETH15M-26APR280345-45,b10827b7-b1f1-7139-9d03-d9af90a132ae,1777361782,0.91,3.0,yes,"{""count_fp"":""3.00"",""created_time"":""2026-04-28T07:36:22.119354Z"",""no_price_dollars"":""0.0900"",""taker_side"":""yes"",""ticker"":""KXETH15M-26APR280345-45"",""trade_id"":""b10827b7-b1f1-7139-9d03-d9af90a132ae"",""yes_price_dollars"":""0.9100""}"
KXETH15M-26APR280345-45,ad529ed6-5c8b-76dc-9ccf-71ccfd5d76e0,1777361782,0.92,3.0,yes,"{""count_fp"":""3.00"",""created_time"":""2026-04-28T07:36:22.119354Z"",""no_price_dollars"":""0.0800"",""taker_side"":""yes"",""ticker"":""KXETH15M-26APR280345-45"",""trade_id"":""ad529ed6-5c8b-76dc-9ccf-71ccfd5d76e0"",""yes_price_dollars"":""0.9200""}"
KXETH15M-26APR280345-45,3cf07fcd-44f9-7205-98df-99111f25e459,1777361782,0.92,6.0,yes,"{""count_fp"":""6.00"",""created_time"":""2026-04-28T07:36:22.119354Z"",""no_price_dollars"":""0.0800"",""taker_side"":""yes"",""ticker"":""KXETH15M-26APR280345-45"",""trade_id"":""3cf07fcd-44f9-7205-98df-99111f25e459"",""yes_price_dollars"":""0.9200""}"
KXETH15M-26APR280345-45,08c4d6e2-3b5c-7f87-9c23-df026454b7c7,1777361782,0.91,4.0,yes,"{""count_fp"":""4.00"",""created_time"":""2026-04-28T07:36:22.119354Z"",""no_price_dollars"":""0.0900"",""taker_side"":""yes"",""ticker"":""KXETH15M-26APR280345-45"",""trade_id"":""08c4d6e2-3b5c-7f87-9c23-df026454b7c7"",""yes_price_dollars"":""0.9100""}"
KXETH15M-26APR280345-45,6ea688b3-894c-51fe-e892-1dca3851ecf6,1777361785,0.922,1.0,no,"{""count_fp"":""1.00"",""created_time"":""2026-04-28T07:36:25.844709Z"",""no_price_dollars"":""0.0780"",""taker_side"":""no"",""ticker"":""KXETH15M-26APR280345-45"",""trade_id"":""6ea688b3-894c-51fe-e892-1dca3851ecf6"",""yes_price_dollars"":""0.9220""}"
KXETH15M-26APR280345-45,468977c9-c7fc-5d41-f08e-56fd4136e818,1777361785,0.922,4.0,no,"{""count_fp"":""4.00"",""created_time"":""2026-04-28T07:36:25.844709Z"",""no_price_dollars"":""0.0780"",""taker_side"":""no"",""ticker"":""KXETH15M-26APR280345-45"",""trade_id"":""468977c9-c7fc-5d41-f08e-56fd4136e818"",""yes_price_dollars"":""0.9220""}"
KXETH15M-26APR280345-45,a3a7bda4-9246-6ede-1d31-7a41c86f80ed,1777361785,0.924,1.0,no,"{""count_fp"":""1.00"",""created_time"":""2026-04-28T07:36:25.141119Z"",""no_price_dollars"":""0.0760"",""taker_side"":""no"",""ticker"":""KXETH15M-26APR280345-45"",""trade_id"":""a3a7bda4-9246-6ede-1d31-7a41c86f80ed"",""yes_price_dollars"":""0.9240""}"
KXETH15M-26APR280345-45,6547a179-086c-6ce5-1aaf-92a21b68bebc,1777361785,0.922,27.0,no,"{""count_fp"":""27.00"",""created_time"":""2026-04-28T07:36:25.141119Z"",""no_price_dollars"":""0.0780"",""taker_side"":""no"",""ticker"":""KXETH15M-26APR280345-45"",""trade_id"":""6547a179-086c-6ce5-1aaf-92a21b68bebc"",""yes_price_dollars"":""0.9220""}"
KXETH15M-26APR280345-45,8508f255-1c2b-43c8-29a8-24b474f7f303,1777361786,0.922,1.0,no,"{""count_fp"":""1.00"",""created_time"":""2026-04-28T07:36:26.269496Z"",""no_price_dollars"":""0.0780"",""taker_side"":""no"",""ticker"":""KXETH15M-26APR280345-45"",""trade_id"":""8508f255-1c2b-43c8-29a8-24b474f7f303"",""yes_price_dollars"":""0.9220""}"
KXETH15M-26APR280345-45,28cd8f72-5974-46e5-2150-d919ed86ac70,1777361786,0.922,9.65,no,"{""count_fp"":""9.65"",""created_time"":""2026-04-28T07:36:26.269496Z"",""no_price_dollars"":""0.0780"",""taker_side"":""no"",""ticker"":""KXETH15M-26APR280345-45"",""trade_id"":""28cd8f72-5974-46e5-2150-d919ed86ac70"",""yes_price_dollars"":""0.9220""}"
KXETH15M-26APR280345-45,ff6ee9c8-0cbb-5c86-9386-1e7e0e19ba8b,1777361789,0.93,12.0,yes,"{""count_fp"":""12.00"",""created_time"":""2026-04-28T07:36:29.180058Z"",""no_price_dollars"":""0.0700"",""taker_side"":""yes"",""ticker"":""KXETH15M-26APR280345-45"",""trade_id"":""ff6ee9c8-0cbb-5c86-9386-1e7e0e19ba8b"",""yes_price_dollars"":""0.9300""}"
KXETH15M-26APR280345-45,d6f213a1-dfd7-514d-a4e7-023f2da16b54,1777361789,0.93,8.0,yes,"{""count_fp"":""8.00"",""created_time"":""2026-04-28T07:36:29.180058Z"",""no_price_dollars"":""0.0700"",""taker_side"":""yes"",""ticker"":""KXETH15M-26APR280345-45"",""trade_id"":""d6f213a1-dfd7-514d-a4e7-023f2da16b54"",""yes_price_dollars"":""0.9300""}"
KXETH15M-26APR280345-45,b69b6a54-4730-5f1f-ba8c-7427da169e4e,1777361789,0.93,3.0,yes,"{""count_fp"":""3.00"",""created_time"":""2026-04-28T07:36:29.180058Z"",""no_price_dollars"":""0.0700"",""taker_side"":""yes"",""ticker"":""KXETH15M-26APR280345-45"",""trade_id"":""b69b6a54-4730-5f1f-ba8c-7427da169e4e"",""yes_price_dollars"":""0.9300""}"
KXETH15M-26APR280345-45,af90d050-5b18-529d-bd02-07be6da57e00,1777361789,0.929,20.0,yes,"{""count_fp"":""20.00"",""created_time"":""2026-04-28T07:36:29.180058Z"",""no_price_dollars"":""0.0710"",""taker_side"":""yes"",""ticker"":""KXETH15M-26APR280345-45"",""trade_id"":""af90d050-5b18-529d-bd02-07be6da57e00"",""yes_price_dollars"":""0.9290""}"
KXETH15M-26APR280345-45,a338e455-a6ba-5636-a5ac-d30877e60631,1777361789,0.93,1.0,yes,"{""count_fp"":""1.00"",""created_time"":""2026-04-28T07:36:29.180058Z"",""no_price_dollars"":""0.0700"",""taker_side"":""yes"",""ticker"":""KXETH15M-26APR280345-45"",""trade_id"":""a338e455-a6ba-5636-a5ac-d30877e60631"",""yes_price_dollars"":""0.9300""}"
KXETH15M-26APR280345-45,5e77d98d-8af1-5aa7-916f-cd891696412e,1777361789,0.93,1.0,yes,"{""count_fp"":""1.00"",""created_time"":""2026-04-28T07:36:29.180058Z"",""no_price_dollars"":""0.0700"",""taker_side"":""yes"",""ticker"":""KXETH15M-26APR280345-45"",""trade_id"":""5e77d98d-8af1-5aa7-916f-cd891696412e"",""yes_price_dollars"":""0.9300""}"
KXETH15M-26APR280345-45,453cb6d2-63f1-57a7-b0c9-136eb7d9d491,1777361789,0.93,31.0,yes,"{""count_fp"":""31.00"",""created_time"":""2026-04-28T07:36:29.180058Z"",""no_price_dollars"":""0.0700"",""taker_side"":""yes"",""ticker"":""KXETH15M-26APR280345-45"",""trade_id"":""453cb6d2-63f1-57a7-b0c9-136eb7d9d491"",""yes_price_dollars"":""0.9300""}"
KXETH15M-26APR280345-45,3467cdc0-7550-50db-ac91-461cc09be21f,1777361789,0.93,1.0,yes,"{""count_fp"":""1.00"",""created_time"":""2026-04-28T07:36:29.180058Z"",""no_price_dollars"":""0.0700"",""taker_side"":""yes"",""ticker"":""KXETH15M-26APR280345-45"",""trade_id"":""3467cdc0-7550-50db-ac91-461cc09be21f"",""yes_price_dollars"":""0.9300""}"
KXETH15M-26APR280345-45,c4c43600-9e31-7df3-4e0f-7da422bf9019,1777361790,0.93,127.0,yes,"{""count_fp"":""127.00"",""created_time"":""2026-04-28T07:36:30.113208Z"",""no_price_dollars"":""0.0700"",""taker_side"":""yes"",""ticker"":""KXETH15M-26APR280345-45"",""trade_id"":""c4c43600-9e31-7df3-4e0f-7da422bf9019"",""yes_price_dollars"":""0.9300""}"
KXETH15M-26APR280345-45,f75143f3-ee20-406e-4521-9deef3cb440a,1777361791,0.946,32.0,yes,"{""count_fp"":""32.00"",""created_time"":""2026-04-28T07:36:31.120388Z"",""no_price_dollars"":""0.0540"",""taker_side"":""yes"",""ticker"":""KXETH15M-26APR280345-45"",""trade_id"":""f75143f3-ee20-406e-4521-9deef3cb440a"",""yes_price_dollars"":""0.9460""}"
KXETH15M-26APR280345-45,e1777035-abb3-4476-663f-1eb3d23ca01b,1777361791,0.94,15.0,yes,"{""count_fp"":""15.00"",""created_time"":""2026-04-28T07:36:31.120388Z"",""no_price_dollars"":""0.0600"",""taker_side"":""yes"",""ticker"":""KXETH15M-26APR280345-45"",""trade_id"":""e1777035-abb3-4476-663f-1eb3d23ca01b"",""yes_price_dollars"":""0.9400""}"
KXETH15M-26APR280345-45,ca76d6b6-cd72-49e6-540a-4657c941b8aa,1777361791,0.94,8.0,yes,"{""count_fp"":""8.00"",""created_time"":""2026-04-28T07:36:31.120388Z"",""no_price_dollars"":""0.0600"",""taker_side"":""yes"",""ticker"":""KXETH15M-26APR280345-45"",""trade_id"":""ca76d6b6-cd72-49e6-540a-4657c941b8aa"",""yes_price_dollars"":""0.9400""}"
KXETH15M-26APR280345-45,b8f2719e-3a57-4060-517d-739f9e125a53,1777361791,0.94,12.0,yes,"{""count_fp"":""12.00"",""created_time"":""2026-04-28T07:36:31.120388Z"",""no_price_dollars"":""0.0600"",""taker_side"":""yes"",""ticker"":""KXETH15M-26APR280345-45"",""trade_id"":""b8f2719e-3a57-4060-517d-739f9e125a53"",""yes_price_dollars"":""0.9400""}"
KXETH15M-26APR280345-45,b26f5fff-65d9-4d13-4b01-28a083352f11,1777361791,0.93,5.0,yes,"{""count_fp"":""5.00"",""created_time"":""2026-04-28T07:36:31.120388Z"",""no_price_dollars"":""0.0700"",""taker_side"":""yes"",""ticker"":""KXETH15M-26APR280345-45"",""trade_id"":""b26f5fff-65d9-4d13-4b01-28a083352f11"",""yes_price_dollars"":""0.9300""}"
KXETH15M-26APR280345-45,5410fc5a-23eb-4663-65c8-3e32eaf4abe6,1777361791,0.94,1.0,yes,"{""count_fp"":""1.00"",""created_time"":""2026-04-28T07:36:31.120388Z"",""no_price_dollars"":""0.0600"",""taker_side"":""yes"",""ticker"":""KXETH15M-26APR280345-45"",""trade_id"":""5410fc5a-23eb-4663-65c8-3e32eaf4abe6"",""yes_price_dollars"":""0.9400""}"
KXETH15M-26APR280345-45,4bb6403c-8f35-4fd9-7dda-84823a25f2f0,1777361791,0.94,1.0,yes,"{""count_fp"":""1.00"",""created_time"":""2026-04-28T07:36:31.120388Z"",""no_price_dollars"":""0.0600"",""taker_side"":""yes"",""ticker"":""KXETH15M-26APR280345-45"",""trade_id"":""4bb6403c-8f35-4fd9-7dda-84823a25f2f0"",""yes_price_dollars"":""0.9400""}"
KXETH15M-26APR280345-45,40616873-5e6f-489c-7ac5-8c90e3ea35bf,1777361791,0.94,3.0,yes,"{""count_fp"":""3.00"",""created_time"":""2026-04-28T07:36:31.120388Z"",""no_price_dollars"":""0.0600"",""taker_side"":""yes"",""ticker"":""KXETH15M-26APR280345-45"",""trade_id"":""40616873-5e6f-489c-7ac5-8c90e3ea35bf"",""yes_price_dollars"":""0.9400""}"
KXETH15M-26APR280345-45,22e2caa7-07aa-498a-537b-f294cada0009,1777361791,0.94,1.0,yes,"{""count_fp"":""1.00"",""created_time"":""2026-04-28T07:36:31.120388Z"",""no_price_dollars"":""0.0600"",""taker_side"":""yes"",""ticker"":""KXETH15M-26APR280345-45"",""trade_id"":""22e2caa7-07aa-498a-537b-f294cada0009"",""yes_price_dollars"":""0.9400""}"
KXETH15M-26APR280345-45,0c43233b-318d-47ab-5ab7-a6e6d4841dcd,1777361791,0.93,41.0,yes,"{""count_fp"":""41.00"",""created_time"":""2026-04-28T07:36:31.120388Z"",""no_price_dollars"":""0.0700"",""taker_side"":""yes"",""ticker"":""KXETH15M-26APR280345-45"",""trade_id"":""0c43233b-318d-47ab-5ab7-a6e6d4841dcd"",""yes_price_dollars"":""0.9300""}"
KXETH15M-26APR280345-45,2f22b245-7a6c-4d15-06ae-240859b91b18,1777361792,0.932,40.0,no,"{""count_fp"":""40.00"",""created_time"":""2026-04-28T07:36:32.164482Z"",""no_price_dollars"":""0.0680"",""taker_side"":""no"",""ticker"":""KXETH15M-26APR280345-45"",""trade_id"":""2f22b245-7a6c-4d15-06ae-240859b91b18"",""yes_price_dollars"":""0.9320""}"
KXETH15M-26APR280345-45,8eee0fec-ef3f-7d47-71f2-38d2bff48f84,1777361794,0.943,1.0,no,"{""count_fp"":""1.00"",""created_time"":""2026-04-28T07:36:34.237623Z"",""no_price_dollars"":""0.0570"",""taker_side"":""no"",""ticker"":""KXETH15M-26APR280345-45"",""trade_id"":""8eee0fec-ef3f-7d47-71f2-38d2bff48f84"",""yes_price_dollars"":""0.9430""}"
KXETH15M-26APR280345-45,17c0144d-4148-761d-62c4-cf408fc5c83c,1777361794,0.942,62.43,no,"{""count_fp"":""62.43"",""created_time"":""2026-04-28T07:36:34.237623Z"",""no_price_dollars"":""0.0580"",""taker_side"":""no"",""ticker"":""KXETH15M-26APR280345-45"",""trade_id"":""17c0144d-4148-761d-62c4-cf408fc5c83c"",""yes_price_dollars"":""0.9420""}"
KXETH15M-26APR280345-45,0befd89c-3c88-6179-44d7-2ffcab2eea68,1777361794,0.942,32.0,no,"{""count_fp"":""32.00"",""created_time"":""2026-04-28T07:36:34.222015Z"",""no_price_dollars"":""0.0580"",""taker_side"":""no"",""ticker"":""KXETH15M-26APR280345-45"",""trade_id"":""0befd89c-3c88-6179-44d7-2ffcab2eea68"",""yes_price_dollars"":""0.9420""}"
KXETH15M-26APR280345-45,b59940e4-4e1c-7cca-52c3-160f049a768f,1777361795,0.943,16.5,no,"{""count_fp"":""16.50"",""created_time"":""2026-04-28T07:36:35.152198Z"",""no_price_dollars"":""0.0570"",""taker_side"":""no"",""ticker"":""KXETH15M-26APR280345-45"",""trade_id"":""b59940e4-4e1c-7cca-52c3-160f049a768f"",""yes_price_dollars"":""0.9430""}"
KXETH15M-26APR280345-45,149a4617-06e5-7b79-7aa8-07e0aa4fd94a,1777361795,0.943,1.0,no,"{""count_fp"":""1.00"",""created_time"":""2026-04-28T07:36:35.152198Z"",""no_price_dollars"":""0.0570"",""taker_side"":""no"",""ticker"":""KXETH15M-26APR280345-45"",""trade_id"":""149a4617-06e5-7b79-7aa8-07e0aa4fd94a"",""yes_price_dollars"":""0.9430""}"
KXETH15M-26APR280345-45,63693299-157d-6e3a-0707-a70e1a7d7bae,1777361796,0.95,20.0,no,"{""count_fp"":""20.00"",""created_time"":""2026-04-28T07:36:36.149697Z"",""no_price_dollars"":""0.0500"",""taker_side"":""no"",""ticker"":""KXETH15M-26APR280345-45"",""trade_id"":""63693299-157d-6e3a-0707-a70e1a7d7bae"",""yes_price_dollars"":""0.9500""}"
KXETH15M-26APR280345-45,e4088bd8-cc4c-5278-d3fb-8b7939a64b10,1777361800,0.95,5.0,yes,"{""count_fp"":""5.00"",""created_time"":""2026-04-28T07:36:40.120839Z"",""no_price_dollars"":""0.0500"",""taker_side"":""yes"",""ticker"":""KXETH15M-26APR280345-45"",""trade_id"":""e4088bd8-cc4c-5278-d3fb-8b7939a64b10"",""yes_price_dollars"":""0.9500""}"
KXETH15M-26APR280345-45,9a41f06d-c534-5888-e93a-9465a1b776ef,1777361800,0.952,83.0,yes,"{""count_fp"":""83.00"",""created_time"":""2026-04-28T07:36:40.120839Z"",""no_price_dollars"":""0.0480"",""taker_side"":""yes"",""ticker"":""KXETH15M-26APR280345-45"",""trade_id"":""9a41f06d-c534-5888-e93a-9465a1b776ef"",""yes_price_dollars"":""0.9520""}"
KXETH15M-26APR280345-45,d5ec56cf-e2c1-71fc-64b5-5ee3f8b7c47a,1777361801,0.933,1.26,no,"{""count_fp"":""1.26"",""created_time"":""2026-04-28T07:36:41.623228Z"",""no_price_dollars"":""0.0670"",""taker_side"":""no"",""ticker"":""KXETH15M-26APR280345-45"",""trade_id"":""d5ec56cf-e2c1-71fc-64b5-5ee3f8b7c47a"",""yes_price_dollars"":""0.9330""}"
KXETH15M-26APR280345-45,7b4b4278-cd3a-559c-c7b8-6a1b85e31034,1777361803,0.932,3.9,no,"{""count_fp"":""3.90"",""created_time"":""2026-04-28T07:36:43.872469Z"",""no_price_dollars"":""0.0680"",""taker_side"":""no"",""ticker"":""KXETH15M-26APR280345-45"",""trade_id"":""7b4b4278-cd3a-559c-c7b8-6a1b85e31034"",""yes_price_dollars"":""0.9320""}"
KXETH15M-26APR280345-45,10fdf5fa-b76d-5186-ccb7-240e23dd2cab,1777361803,0.933,10.0,no,"{""count_fp"":""10.00"",""created_time"":""2026-04-28T07:36:43.872469Z"",""no_price_dollars"":""0.0670"",""taker_side"":""no"",""ticker"":""KXETH15M-26APR280345-45"",""trade_id"":""10fdf5fa-b76d-5186-ccb7-240e23dd2cab"",""yes_price_dollars"":""0.9330""}"
KXETH15M-26APR280345-45,c35bce4a-9f36-5370-f038-49b3a72c624e,1777361807,0.943,2.0,yes,"{""count_fp"":""2.00"",""created_time"":""2026-04-28T07:36:47.448534Z"",""no_price_dollars"":""0.0570"",""taker_side"":""yes"",""ticker"":""KXETH15M-26APR280345-45"",""trade_id"":""c35bce4a-9f36-5370-f038-49b3a72c624e"",""yes_price_dollars"":""0.9430""}"
KXETH15M-26APR280345-45,db4322f1-9b5b-5c36-7960-6766983d5aad,1777361807,0.945,89.0,yes,"{""count_fp"":""89.00"",""created_time"":""2026-04-28T07:36:47.093024Z"",""no_price_dollars"":""0.0550"",""taker_side"":""yes"",""ticker"":""KXETH15M-26APR280345-45"",""trade_id"":""db4322f1-9b5b-5c36-7960-6766983d5aad"",""yes_price_dollars"":""0.9450""}"
KXETH15M-26APR280345-45,67f406e8-df31-6985-8d29-af6c865d1b71,1777361809,0.913,5.3,no,"{""count_fp"":""5.30"",""created_time"":""2026-04-28T07:36:49.522122Z"",""no_price_dollars"":""0.0870"",""taker_side"":""no"",""ticker"":""KXETH15M-26APR280345-45"",""trade_id"":""67f406e8-df31-6985-8d29-af6c865d1b71"",""yes_price_dollars"":""0.9130""}"
KXETH15M-26APR280345-45,541df55b-1636-7ab8-0409-39d151d1511a,1777361811,0.91,76.0,yes,"{""count_fp"":""76.00"",""created_time"":""2026-04-28T07:36:51.089365Z"",""no_price_dollars"":""0.0900"",""taker_side"":""yes"",""ticker"":""KXETH15M-26APR280345-45"",""trade_id"":""541df55b-1636-7ab8-0409-39d151d1511a"",""yes_price_dollars"":""0.9100""}"
KXETH15M-26APR280345-45,56ae58ce-aaca-691c-ad06-2c104934c7ba,1777361812,0.91,24.0,yes,"{""count_fp"":""24.00"",""created_time"":""2026-04-28T07:36:52.539569Z"",""no_price_dollars"":""0.0900"",""taker_side"":""yes"",""ticker"":""KXETH15M-26APR280345-45"",""trade_id"":""56ae58ce-aaca-691c-ad06-2c104934c7ba"",""yes_price_dollars"":""0.9100""}"
KXETH15M-26APR280345-45,7107f268-96ea-45a0-93d5-3b2518008023,1777361818,0.94,5.0,no,"{""count_fp"":""5.00"",""created_time"":""2026-04-28T07:36:58.285756Z"",""no_price_dollars"":""0.0600"",""taker_side"":""no"",""ticker"":""KXETH15M-26APR280345-45"",""trade_id"":""7107f268-96ea-45a0-93d5-3b2518008023"",""yes_price_dollars"":""0.9400""}"
KXETH15M-26APR280345-45,8709b268-7146-7d05-0207-cc841d1337e0,1777361819,0.95,1.0,yes,"{""count_fp"":""1.00"",""created_time"":""2026-04-28T07:36:59.406745Z"",""no_price_dollars"":""0.0500"",""taker_side"":""yes"",""ticker"":""KXETH15M-26APR280345-45"",""trade_id"":""8709b268-7146-7d05-0207-cc841d1337e0"",""yes_price_dollars"":""0.9500""}"
KXETH15M-26APR280345-45,58e273a7-1fd0-7f3e-069f-affbc53d316c,1777361819,0.95,1.1,yes,"{""count_fp"":""1.10"",""created_time"":""2026-04-28T07:36:59.406745Z"",""no_price_dollars"":""0.0500"",""taker_side"":""yes"",""ticker"":""KXETH15M-26APR280345-45"",""trade_id"":""58e273a7-1fd0-7f3e-069f-affbc53d316c"",""yes_price_dollars"":""0.9500""}"
KXETH15M-26APR280345-45,e2ae9e4f-bc53-7e6a-9dea-2c71b384c106,1777361821,0.953,1.0,yes,"{""count_fp"":""1.00"",""created_time"":""2026-04-28T07:37:01.092829Z"",""no_price_dollars"":""0.0470"",""taker_side"":""yes"",""ticker"":""KXETH15M-26APR280345-45"",""trade_id"":""e2ae9e4f-bc53-7e6a-9dea-2c71b384c106"",""yes_price_dollars"":""0.9530""}"
KXETH15M-26APR280345-45,9781ba33-e1aa-7735-b3af-b0ca1f871da7,1777361821,0.96,28.35,yes,"{""count_fp"":""28.35"",""created_time"":""2026-04-28T07:37:01.092829Z"",""no_price_dollars"":""0.0400"",""taker_side"":""yes"",""ticker"":""KXETH15M-26APR280345-45"",""trade_id"":""9781ba33-e1aa-7735-b3af-b0ca1f871da7"",""yes_price_dollars"":""0.9600""}"
KXETH15M-26APR280345-45,865d4e1c-c2bf-77ae-a017-09fdbe619c99,1777361821,0.96,30.0,yes,"{""count_fp"":""30.00"",""created_time"":""2026-04-28T07:37:01.092829Z"",""no_price_dollars"":""0.0400"",""taker_side"":""yes"",""ticker"":""KXETH15M-26APR280345-45"",""trade_id"":""865d4e1c-c2bf-77ae-a017-09fdbe619c99"",""yes_price_dollars"":""0.9600""}"
KXETH15M-26APR280345-45,5b22ba63-039c-769e-8d64-9336a7689e04,1777361821,0.958,10.0,yes,"{""count_fp"":""10.00"",""created_time"":""2026-04-28T07:37:01.092829Z"",""no_price_dollars"":""0.0420"",""taker_side"":""yes"",""ticker"":""KXETH15M-26APR280345-45"",""trade_id"":""5b22ba63-039c-769e-8d64-9336a7689e04"",""yes_price_dollars"":""0.9580""}"
KXETH15M-26APR280345-45,5041b7ad-b01a-709f-8c3b-2bd483b1a8a1,1777361821,0.96,1.0,yes,"{""count_fp"":""1.00"",""created_time"":""2026-04-28T07:37:01.092829Z"",""no_price_dollars"":""0.0400"",""taker_side"":""yes"",""ticker"":""KXETH15M-26APR280345-45"",""trade_id"":""5041b7ad-b01a-709f-8c3b-2bd483b1a8a1"",""yes_price_dollars"":""0.9600""}"
KXETH15M-26APR280345-45,27210d20-576e-7072-bed2-ac8e622a6329,1777361821,0.96,10.0,yes,"{""count_fp"":""10.00"",""created_time"":""2026-04-28T07:37:01.092829Z"",""no_price_dollars"":""0.0400"",""taker_side"":""yes"",""ticker"":""KXETH15M-26APR280345-45"",""trade_id"":""27210d20-576e-7072-bed2-ac8e622a6329"",""yes_price_dollars"":""0.9600""}"
KXETH15M-26APR280345-45,1ccabe3b-c66c-75d3-8694-b7cbeb1e54e6,1777361821,0.957,8.65,yes,"{""count_fp"":""8.65"",""created_time"":""2026-04-28T07:37:01.092829Z"",""no_price_dollars"":""0.0430"",""taker_side"":""yes"",""ticker"":""KXETH15M-26APR280345-45"",""trade_id"":""1ccabe3b-c66c-75d3-8694-b7cbeb1e54e6"",""yes_price_dollars"":""0.9570""}"
KXETH15M-26APR280345-45,0e55cefd-d7b6-7600-a601-2663c8bee18a,1777361821,0.956,10.0,yes,"{""count_fp"":""10.00"",""created_time"":""2026-04-28T07:37:01.092829Z"",""no_price_dollars"":""0.0440"",""taker_side"":""yes"",""ticker"":""KXETH15M-26APR280345-45"",""trade_id"":""0e55cefd-d7b6-7600-a601-2663c8bee18a"",""yes_price_dollars"":""0.9560""}"
KXETH15M-26APR280345-45,023d37af-295b-76d4-a90c-ce6637010be1,1777361821,0.96,1.0,yes,"{""count_fp"":""1.00"",""created_time"":""2026-04-28T07:37:01.092829Z"",""no_price_dollars"":""0.0400"",""taker_side"":""yes"",""ticker"":""KXETH15M-26APR280345-45"",""trade_id"":""023d37af-295b-76d4-a90c-ce6637010be1"",""yes_price_dollars"":""0.9600""}"
KXETH15M-26APR280345-45,3a87cd24-68be-67e1-e8a5-b22747d17a26,1777361826,0.949,1.0,yes,"{""count_fp"":""1.00"",""created_time"":""2026-04-28T07:37:06.041626Z"",""no_price_dollars"":""0.0510"",""taker_side"":""yes"",""ticker"":""KXETH15M-26APR280345-45"",""trade_id"":""3a87cd24-68be-67e1-e8a5-b22747d17a26"",""yes_price_dollars"":""0.9490""}"
KXETH15M-26APR280345-45,16652d4d-c136-66ef-d13e-9a1a175eca17,1777361826,0.959,10.0,yes,"{""count_fp"":""10.00"",""created_time"":""2026-04-28T07:37:06.041626Z"",""no_price_dollars"":""0.0410"",""taker_side"":""yes"",""ticker"":""KXETH15M-26APR280345-45"",""trade_id"":""16652d4d-c136-66ef-d13e-9a1a175eca17"",""yes_price_dollars"":""0.9590""}"
KXETH15M-26APR280345-45,0917ef28-64ea-6af5-ed0b-1057d4165a93,1777361826,0.96,73.0,yes,"{""count_fp"":""73.00"",""created_time"":""2026-04-28T07:37:06.041626Z"",""no_price_dollars"":""0.0400"",""taker_side"":""yes"",""ticker"":""KXETH15M-26APR280345-45"",""trade_id"":""0917ef28-64ea-6af5-ed0b-1057d4165a93"",""yes_price_dollars"":""0.9600""}"
KXETH15M-26APR280345-45,0654f415-59c3-6350-d6b8-e307aec0ba58,1777361826,0.952,20.0,yes,"{""count_fp"":""20.00"",""created_time"":""2026-04-28T07:37:06.041626Z"",""no_price_dollars"":""0.0480"",""taker_side"":""yes"",""ticker"":""KXETH15M-26APR280345-45"",""trade_id"":""0654f415-59c3-6350-d6b8-e307aec0ba58"",""yes_price_dollars"":""0.9520""}"
KXETH15M-26APR280345-45,0ef27f3c-b185-617e-1889-eb837d1bfac0,1777361841,0.941,1.0,yes,"{""count_fp"":""1.00"",""created_time"":""2026-04-28T07:37:21.579723Z"",""no_price_dollars"":""0.0590"",""taker_side"":""yes"",""ticker"":""KXETH15M-26APR280345-45"",""trade_id"":""0ef27f3c-b185-617e-1889-eb837d1bfac0"",""yes_price_dollars"":""0.9410""}"
KXETH15M-26APR280345-45,d7a0a19e-f52d-4853-5654-f6706725117a,1777361849,0.944,1.0,yes,"{""count_fp"":""1.00"",""created_time"":""2026-04-28T07:37:29.456807Z"",""no_price_dollars"":""0.0560"",""taker_side"":""yes"",""ticker"":""KXETH15M-26APR280345-45"",""trade_id"":""d7a0a19e-f52d-4853-5654-f6706725117a"",""yes_price_dollars"":""0.9440""}"
KXETH15M-26APR280345-45,89c81da2-94f4-4af6-4419-7fdc27b77d9f,1777361849,0.95,1.1,yes,"{""count_fp"":""1.10"",""created_time"":""2026-04-28T07:37:29.456807Z"",""no_price_dollars"":""0.0500"",""taker_side"":""yes"",""ticker"":""KXETH15M-26APR280345-45"",""trade_id"":""89c81da2-94f4-4af6-4419-7fdc27b77d9f"",""yes_price_dollars"":""0.9500""}"
KXETH15M-26APR280345-45,9647033e-ae1a-6a29-1906-d2b36acf5e62,1777361859,0.955,4.2,yes,"{""count_fp"":""4.20"",""created_time"":""2026-04-28T07:37:39.817048Z"",""no_price_dollars"":""0.0450"",""taker_side"":""yes"",""ticker"":""KXETH15M-26APR280345-45"",""trade_id"":""9647033e-ae1a-6a29-1906-d2b36acf5e62"",""yes_price_dollars"":""0.9550""}"
KXETH15M-26APR280345-45,83037b6a-569c-6f7a-17aa-eba966a9d165,1777361859,0.95,1.0,yes,"{""count_fp"":""1.00"",""created_time"":""2026-04-28T07:37:39.817048Z"",""no_price_dollars"":""0.0500"",""taker_side"":""yes"",""ticker"":""KXETH15M-26APR280345-45"",""trade_id"":""83037b6a-569c-6f7a-17aa-eba966a9d165"",""yes_price_dollars"":""0.9500""}"
KXETH15M-26APR280345-45,1c4eb2e0-694a-58c4-7a5e-b9aec0f7d0d0,1777361861,0.932,1.32,no,"{""count_fp"":""1.32"",""created_time"":""2026-04-28T07:37:41.573511Z"",""no_price_dollars"":""0.0680"",""taker_side"":""no"",""ticker"":""KXETH15M-26APR280345-45"",""trade_id"":""1c4eb2e0-694a-58c4-7a5e-b9aec0f7d0d0"",""yes_price_dollars"":""0.9320""}"
KXETH15M-26APR280345-45,ce099dc1-c7f9-5de5-3885-c84a1a2788d0,1777361872,0.952,1.0,yes,"{""count_fp"":""1.00"",""created_time"":""2026-04-28T07:37:52.017538Z"",""no_price_dollars"":""0.0480"",""taker_side"":""yes"",""ticker"":""KXETH15M-26APR280345-45"",""trade_id"":""ce099dc1-c7f9-5de5-3885-c84a1a2788d0"",""yes_price_dollars"":""0.9520""}"
KXETH15M-26APR280345-45,5202024b-4459-4ead-264d-64ae811a5bf0,1777361878,0.952,4.0,yes,"{""count_fp"":""4.00"",""created_time"":""2026-04-28T07:37:58.136212Z"",""no_price_dollars"":""0.0480"",""taker_side"":""yes"",""ticker"":""KXETH15M-26APR280345-45"",""trade_id"":""5202024b-4459-4ead-264d-64ae811a5bf0"",""yes_price_dollars"":""0.9520""}"
KXETH15M-26APR280345-45,65fdbd2d-843a-47f4-061b-c9b116574db8,1777361881,0.952,10.0,no,"{""count_fp"":""10.00"",""created_time"":""2026-04-28T07:38:01.886572Z"",""no_price_dollars"":""0.0480"",""taker_side"":""no"",""ticker"":""KXETH15M-26APR280345-45"",""trade_id"":""65fdbd2d-843a-47f4-061b-c9b116574db8"",""yes_price_dollars"":""0.9520""}"
KXETH15M-26APR280345-45,6e5fa6d2-0712-4af8-8076-a52036d158d4,1777361883,0.952,2.13,no,"{""count_fp"":""2.13"",""created_time"":""2026-04-28T07:38:03.086648Z"",""no_price_dollars"":""0.0480"",""taker_side"":""no"",""ticker"":""KXETH15M-26APR280345-45"",""trade_id"":""6e5fa6d2-0712-4af8-8076-a52036d158d4"",""yes_price_dollars"":""0.9520""}"
KXETH15M-26APR280345-45,801c04ed-9568-5a42-9c1f-414202ea4888,1777361889,0.963,1.0,yes,"{""count_fp"":""1.00"",""created_time"":""2026-04-28T07:38:09.910405Z"",""no_price_dollars"":""0.0370"",""taker_side"":""yes"",""ticker"":""KXETH15M-26APR280345-45"",""trade_id"":""801c04ed-9568-5a42-9c1f-414202ea4888"",""yes_price_dollars"":""0.9630""}"
KXETH15M-26APR280345-45,ed50064b-72b5-7e34-2b62-cd14cb74769c,1777361891,0.97,1.0,yes,"{""count_fp"":""1.00"",""created_time"":""2026-04-28T07:38:11.108875Z"",""no_price_dollars"":""0.0300"",""taker_side"":""yes"",""ticker"":""KXETH15M-26APR280345-45"",""trade_id"":""ed50064b-72b5-7e34-2b62-cd14cb74769c"",""yes_price_dollars"":""0.9700""}"
KXETH15M-26APR280345-45,a8280350-eb43-7a9b-2979-404efa33e4fb,1777361891,0.97,1.0,yes,"{""count_fp"":""1.00"",""created_time"":""2026-04-28T07:38:11.108875Z"",""no_price_dollars"":""0.0300"",""taker_side"":""yes"",""ticker"":""KXETH15M-26APR280345-45"",""trade_id"":""a8280350-eb43-7a9b-2979-404efa33e4fb"",""yes_price_dollars"":""0.9700""}"
KXETH15M-26APR280345-45,6d338a34-301e-7c9a-20b6-7c47fd45f2f1,1777361891,0.967,1.0,yes,"{""count_fp"":""1.00"",""created_time"":""2026-04-28T07:38:11.108875Z"",""no_price_dollars"":""0.0330"",""taker_side"":""yes"",""ticker"":""KXETH15M-26APR280345-45"",""trade_id"":""6d338a34-301e-7c9a-20b6-7c47fd45f2f1"",""yes_price_dollars"":""0.9670""}"
KXETH15M-26APR280345-45,42f76e4f-98df-701e-09ac-1c734842832b,1777361891,0.97,1.0,yes,"{""count_fp"":""1.00"",""created_time"":""2026-04-28T07:38:11.108875Z"",""no_price_dollars"":""0.0300"",""taker_side"":""yes"",""ticker"":""KXETH15M-26APR280345-45"",""trade_id"":""42f76e4f-98df-701e-09ac-1c734842832b"",""yes_price_dollars"":""0.9700""}"
KXETH15M-26APR280345-45,280db795-9541-7770-22dd-ede52cd31537,1777361891,0.97,1.0,yes,"{""count_fp"":""1.00"",""created_time"":""2026-04-28T07:38:11.108875Z"",""no_price_dollars"":""0.0300"",""taker_side"":""yes"",""ticker"":""KXETH15M-26APR280345-45"",""trade_id"":""280db795-9541-7770-22dd-ede52cd31537"",""yes_price_dollars"":""0.9700""}"
KXETH15M-26APR280345-45,15c78a87-a40e-7875-0a63-b61c69c27f6b,1777361891,0.97,3.0,yes,"{""count_fp"":""3.00"",""created_time"":""2026-04-28T07:38:11.108875Z"",""no_price_dollars"":""0.0300"",""taker_side"":""yes"",""ticker"":""KXETH15M-26APR280345-45"",""trade_id"":""15c78a87-a40e-7875-0a63-b61c69c27f6b"",""yes_price_dollars"":""0.9700""}"
KXETH15M-26APR280345-45,ead46558-c814-52b3-3429-5764aac7ba1e,1777361897,0.976,1.0,yes,"{""count_fp"":""1.00"",""created_time"":""2026-04-28T07:38:17.120024Z"",""no_price_dollars"":""0.0240"",""taker_side"":""yes"",""ticker"":""KXETH15M-26APR280345-45"",""trade_id"":""ead46558-c814-52b3-3429-5764aac7ba1e"",""yes_price_dollars"":""0.9760""}"
KXETH15M-26APR280345-45,e016a5e8-e551-5889-0402-e8ebe833a248,1777361897,0.979,69.83,yes,"{""count_fp"":""69.83"",""created_time"":""2026-04-28T07:38:17.120024Z"",""no_price_dollars"":""0.0210"",""taker_side"":""yes"",""ticker"":""KXETH15M-26APR280345-45"",""trade_id"":""e016a5e8-e551-5889-0402-e8ebe833a248"",""yes_price_dollars"":""0.9790""}"
KXETH15M-26APR280345-45,74bf137e-ab17-50b7-2d99-7aba290e77be,1777361897,0.977,16.17,yes,"{""count_fp"":""16.17"",""created_time"":""2026-04-28T07:38:17.120024Z"",""no_price_dollars"":""0.0230"",""taker_side"":""yes"",""ticker"":""KXETH15M-26APR280345-45"",""trade_id"":""74bf137e-ab17-50b7-2d99-7aba290e77be"",""yes_price_dollars"":""0.9770""}"
KXETH15M-26APR280345-45,69db2c97-fbdb-5639-15f6-c54db7c87b6a,1777361897,0.978,100.0,yes,"{""count_fp"":""100.00"",""created_time"":""2026-04-28T07:38:17.120024Z"",""no_price_dollars"":""0.0220"",""taker_side"":""yes"",""ticker"":""KXETH15M-26APR280345-45"",""trade_id"":""69db2c97-fbdb-5639-15f6-c54db7c87b6a"",""yes_price_dollars"":""0.9780""}"
KXETH15M-26APR280345-45,e20c92c3-b37e-7832-7b6f-7d50951ddce4,1777361901,0.976,1.0,yes,"{""count_fp"":""1.00"",""created_time"":""2026-04-28T07:38:21.955347Z"",""no_price_dollars"":""0.0240"",""taker_side"":""yes"",""ticker"":""KXETH15M-26APR280345-45"",""trade_id"":""e20c92c3-b37e-7832-7b6f-7d50951ddce4"",""yes_price_dollars"":""0.9760""}"
KXETH15M-26APR280345-45,ce4ae55d-0bf3-79c0-5c86-59485a7fbd3f,1777361901,0.977,9.65,yes,"{""count_fp"":""9.65"",""created_time"":""2026-04-28T07:38:21.955347Z"",""no_price_dollars"":""0.0230"",""taker_side"":""yes"",""ticker"":""KXETH15M-26APR280345-45"",""trade_id"":""ce4ae55d-0bf3-79c0-5c86-59485a7fbd3f"",""yes_price_dollars"":""0.9770""}"
KXETH15M-26APR280345-45,be24f46c-ad5d-4299-7f8a-93e198b3ec51,1777361905,0.967,1.0,no,"{""count_fp"":""1.00"",""created_time"":""2026-04-28T07:38:25.797222Z"",""no_price_dollars"":""0.0330"",""taker_side"":""no"",""ticker"":""KXETH15M-26APR280345-45"",""trade_id"":""be24f46c-ad5d-4299-7f8a-93e198b3ec51"",""yes_price_dollars"":""0.9670""}"
KXETH15M-26APR280345-45,7eb082be-d002-4d60-5748-724d3c2c75a8,1777361905,0.962,13.41,no,"{""count_fp"":""13.41"",""created_time"":""2026-04-28T07:38:25.797222Z"",""no_price_dollars"":""0.0380"",""taker_side"":""no"",""ticker"":""KXETH15M-26APR280345-45"",""trade_id"":""7eb082be-d002-4d60-5748-724d3c2c75a8"",""yes_price_dollars"":""0.9620""}"
KXETH15M-26APR280345-45,3799a91f-1dc4-41ff-5a2a-5b9e6805d75b,1777361905,0.963,10.0,no,"{""count_fp"":""10.00"",""created_time"":""2026-04-28T07:38:25.797222Z"",""no_price_dollars"":""0.0370"",""taker_side"":""no"",""ticker"":""KXETH15M-26APR280345-45"",""trade_id"":""3799a91f-1dc4-41ff-5a2a-5b9e6805d75b"",""yes_price_dollars"":""0.9630""}"
KXETH15M-26APR280345-45,fdc94b4c-0a0f-5374-b055-3002cbdc7f09,1777361906,0.98,109.93,yes,"{""count_fp"":""109.93"",""created_time"":""2026-04-28T07:38:26.096115Z"",""no_price_dollars"":""0.0200"",""taker_side"":""yes"",""ticker"":""KXETH15M-26APR280345-45"",""trade_id"":""fdc94b4c-0a0f-5374-b055-3002cbdc7f09"",""yes_price_dollars"":""0.9800""}"
KXETH15M-26APR280345-45,bf0c7c62-67fc-5ef9-9a3b-e23471946ff9,1777361906,0.98,10.0,yes,"{""count_fp"":""10.00"",""created_time"":""2026-04-28T07:38:26.096115Z"",""no_price_dollars"":""0.0200"",""taker_side"":""yes"",""ticker"":""KXETH15M-26APR280345-45"",""trade_id"":""bf0c7c62-67fc-5ef9-9a3b-e23471946ff9"",""yes_price_dollars"":""0.9800""}"
KXETH15M-26APR280345-45,9602ac2a-62d9-50b4-a603-af75a584cd7f,1777361906,0.98,25.0,yes,"{""count_fp"":""25.00"",""created_time"":""2026-04-28T07:38:26.096115Z"",""no_price_dollars"":""0.0200"",""taker_side"":""yes"",""ticker"":""KXETH15M-26APR280345-45"",""trade_id"":""9602ac2a-62d9-50b4-a603-af75a584cd7f"",""yes_price_dollars"":""0.9800""}"
KXETH15M-26APR280345-45,8fc0d64d-f82f-5b58-bed2-63ab647040ae,1777361906,0.98,8.0,yes,"{""count_fp"":""8.00"",""created_time"":""2026-04-28T07:38:26.096115Z"",""no_price_dollars"":""0.0200"",""taker_side"":""yes"",""ticker"":""KXETH15M-26APR280345-45"",""trade_id"":""8fc0d64d-f82f-5b58-bed2-63ab647040ae"",""yes_price_dollars"":""0.9800""}"
KXETH15M-26APR280345-45,8bccfca2-8baf-512a-a0f6-b18f1290a2dd,1777361906,0.98,1.0,yes,"{""count_fp"":""1.00"",""created_time"":""2026-04-28T07:38:26.096115Z"",""no_price_dollars"":""0.0200"",""taker_side"":""yes"",""ticker"":""KXETH15M-26APR280345-45"",""trade_id"":""8bccfca2-8baf-512a-a0f6-b18f1290a2dd"",""yes_price_dollars"":""0.9800""}"
KXETH15M-26APR280345-45,45851fcb-4d09-573a-b1e6-f5943fa03588,1777361906,0.98,12.0,yes,"{""count_fp"":""12.00"",""created_time"":""2026-04-28T07:38:26.096115Z"",""no_price_dollars"":""0.0200"",""taker_side"":""yes"",""ticker"":""KXETH15M-26APR280345-45"",""trade_id"":""45851fcb-4d09-573a-b1e6-f5943fa03588"",""yes_price_dollars"":""0.9800""}"
KXETH15M-26APR280345-45,4313e14f-df44-5003-9156-7dca47292a0c,1777361906,0.979,1.0,yes,"{""count_fp"":""1.00"",""created_time"":""2026-04-28T07:38:26.096115Z"",""no_price_dollars"":""0.0210"",""taker_side"":""yes"",""ticker"":""KXETH15M-26APR280345-45"",""trade_id"":""4313e14f-df44-5003-9156-7dca47292a0c"",""yes_price_dollars"":""0.9790""}"
KXETH15M-26APR280345-45,3a05507b-80c5-59b1-864b-903756f779a7,1777361906,0.98,1.0,yes,"{""count_fp"":""1.00"",""created_time"":""2026-04-28T07:38:26.096115Z"",""no_price_dollars"":""0.0200"",""taker_side"":""yes"",""ticker"":""KXETH15M-26APR280345-45"",""trade_id"":""3a05507b-80c5-59b1-864b-903756f779a7"",""yes_price_dollars"":""0.9800""}"
KXETH15M-26APR280345-45,3162911a-dfba-50a6-af3d-66cf2ca43e36,1777361906,0.978,16.9,yes,"{""count_fp"":""16.90"",""created_time"":""2026-04-28T07:38:26.096115Z"",""no_price_dollars"":""0.0220"",""taker_side"":""yes"",""ticker"":""KXETH15M-26APR280345-45"",""trade_id"":""3162911a-dfba-50a6-af3d-66cf2ca43e36"",""yes_price_dollars"":""0.9780""}"
KXETH15M-26APR280345-45,280e9848-5d3d-5c61-aae0-a4a748c2e7b0,1777361906,0.979,33.17,yes,"{""count_fp"":""33.17"",""created_time"":""2026-04-28T07:38:26.096115Z"",""no_price_dollars"":""0.0210"",""taker_side"":""yes"",""ticker"":""KXETH15M-26APR280345-45"",""trade_id"":""280e9848-5d3d-5c61-aae0-a4a748c2e7b0"",""yes_price_dollars"":""0.9790""}"
KXETH15M-26APR280345-45,da9e7c60-e839-4afc-c22e-9995fef93f00,1777361907,0.982,1.0,yes,"{""count_fp"":""1.00"",""created_time"":""2026-04-28T07:38:27.106061Z"",""no_price_dollars"":""0.0180"",""taker_side"":""yes"",""ticker"":""KXETH15M-26APR280345-45"",""trade_id"":""da9e7c60-e839-4afc-c22e-9995fef93f00"",""yes_price_dollars"":""0.9820""}"
KXETH15M-26APR280345-45,c67a57ae-0501-454e-fdb8-1230029e7388,1777361907,0.985,1.0,yes,"{""count_fp"":""1.00"",""created_time"":""2026-04-28T07:38:27.106061Z"",""no_price_dollars"":""0.0150"",""taker_side"":""yes"",""ticker"":""KXETH15M-26APR280345-45"",""trade_id"":""c67a57ae-0501-454e-fdb8-1230029e7388"",""yes_price_dollars"":""0.9850""}"
KXETH15M-26APR280345-45,967f3ede-cfef-4ece-fb92-55719f9d7744,1777361907,0.981,1.0,yes,"{""count_fp"":""1.00"",""created_time"":""2026-04-28T07:38:27.106061Z"",""no_price_dollars"":""0.0190"",""taker_side"":""yes"",""ticker"":""KXETH15M-26APR280345-45"",""trade_id"":""967f3ede-cfef-4ece-fb92-55719f9d7744"",""yes_price_dollars"":""0.9810""}"
KXETH15M-26APR280345-45,0cbaa517-58fe-4137-8e49-c480f11f4ccf,1777361908,0.972,33.0,no,"{""count_fp"":""33.00"",""created_time"":""2026-04-28T07:38:28.149244Z"",""no_price_dollars"":""0.0280"",""taker_side"":""no"",""ticker"":""KXETH15M-26APR280345-45"",""trade_id"":""0cbaa517-58fe-4137-8e49-c480f11f4ccf"",""yes_price_dollars"":""0.9720""}"
KXETH15M-26APR280345-45,10291beb-ea63-5f67-737d-c698fceb1f8d,1777361917,0.97,166.0,no,"{""count_fp"":""166.00"",""created_time"":""2026-04-28T07:38:37.533096Z"",""no_price_dollars"":""0.0300"",""taker_side"":""no"",""ticker"":""KXETH15M-26APR280345-45"",""trade_id"":""10291beb-ea63-5f67-737d-c698fceb1f8d"",""yes_price_dollars"":""0.9700""}"
KXETH15M-26APR280345-45,79df53ad-c058-634a-de26-b75daa54034e,1777361919,0.983,69.0,no,"{""count_fp"":""69.00"",""created_time"":""2026-04-28T07:38:39.232301Z"",""no_price_dollars"":""0.0170"",""taker_side"":""no"",""ticker"":""KXETH15M-26APR280345-45"",""trade_id"":""79df53ad-c058-634a-de26-b75daa54034e"",""yes_price_dollars"":""0.9830""}"
KXETH15M-26APR280345-45,d5f2ec84-0486-7afa-c699-d792b336002e,1777361923,0.988,1.0,yes,"{""count_fp"":""1.00"",""created_time"":""2026-04-28T07:38:43.123009Z"",""no_price_dollars"":""0.0120"",""taker_side"":""yes"",""ticker"":""KXETH15M-26APR280345-45"",""trade_id"":""d5f2ec84-0486-7afa-c699-d792b336002e"",""yes_price_dollars"":""0.9880""}"
KXETH15M-26APR280345-45,76b1586e-1457-74f5-e2f5-3937e4623be5,1777361923,0.988,50.0,yes,"{""count_fp"":""50.00"",""created_time"":""2026-04-28T07:38:43.123009Z"",""no_price_dollars"":""0.0120"",""taker_side"":""yes"",""ticker"":""KXETH15M-26APR280345-45"",""trade_id"":""76b1586e-1457-74f5-e2f5-3937e4623be5"",""yes_price_dollars"":""0.9880""}"
KXETH15M-26APR280345-45,6413da85-a0c8-74d0-dd90-6d599ed38ac5,1777361923,0.989,74.0,yes,"{""count_fp"":""74.00"",""created_time"":""2026-04-28T07:38:43.123009Z"",""no_price_dollars"":""0.0110"",""taker_side"":""yes"",""ticker"":""KXETH15M-26APR280345-45"",""trade_id"":""6413da85-a0c8-74d0-dd90-6d599ed38ac5"",""yes_price_dollars"":""0.9890""}"
KXETH15M-26APR280345-45,4d3441d8-d6e3-7d95-c079-50749c1502dd,1777361923,0.986,1.0,yes,"{""count_fp"":""1.00"",""created_time"":""2026-04-28T07:38:43.123009Z"",""no_price_dollars"":""0.0140"",""taker_side"":""yes"",""ticker"":""KXETH15M-26APR280345-45"",""trade_id"":""4d3441d8-d6e3-7d95-c079-50749c1502dd"",""yes_price_dollars"":""0.9860""}"
KXETH15M-26APR280345-45,45b20844-4807-7f48-fdf4-3528eb7c37f4,1777361923,0.99,33.0,yes,"{""count_fp"":""33.00"",""created_time"":""2026-04-28T07:38:43.123009Z"",""no_price_dollars"":""0.0100"",""taker_side"":""yes"",""ticker"":""KXETH15M-26APR280345-45"",""trade_id"":""45b20844-4807-7f48-fdf4-3528eb7c37f4"",""yes_price_dollars"":""0.9900""}"
KXETH15M-26APR280345-45,293517ed-a06d-7d4a-d983-f695483d4f19,1777361923,0.987,1.0,yes,"{""count_fp"":""1.00"",""created_time"":""2026-04-28T07:38:43.123009Z"",""no_price_dollars"":""0.0130"",""taker_side"":""yes"",""ticker"":""KXETH15M-26APR280345-45"",""trade_id"":""293517ed-a06d-7d4a-d983-f695483d4f19"",""yes_price_dollars"":""0.9870""}"
KXETH15M-26APR280345-45,21b47aec-9d1d-735e-f343-4c793b862877,1777361923,0.986,1.0,yes,"{""count_fp"":""1.00"",""created_time"":""2026-04-28T07:38:43.123009Z"",""no_price_dollars"":""0.0140"",""taker_side"":""yes"",""ticker"":""KXETH15M-26APR280345-45"",""trade_id"":""21b47aec-9d1d-735e-f343-4c793b862877"",""yes_price_dollars"":""0.9860""}"
