ticker,trade_id,ts,yes_price,count,taker_side,raw_json
KXETH15M-26APR280300-00,14f27474-aec1-5848-2133-13897e16c9bd,1777358710,0.35,28.0,yes,"{""count_fp"":""28.00"",""created_time"":""2026-04-28T06:45:10.077343Z"",""no_price_dollars"":""0.6500"",""taker_side"":""yes"",""ticker"":""KXETH15M-26APR280300-00"",""trade_id"":""14f27474-aec1-5848-2133-13897e16c9bd"",""yes_price_dollars"":""0.3500""}"
KXETH15M-26APR280300-00,e888c0ae-3267-7ff4-41ad-dbe4cbbc6e42,1777358711,0.36,1.0,yes,"{""count_fp"":""1.00"",""created_time"":""2026-04-28T06:45:11.971953Z"",""no_price_dollars"":""0.6400"",""taker_side"":""yes"",""ticker"":""KXETH15M-26APR280300-00"",""trade_id"":""e888c0ae-3267-7ff4-41ad-dbe4cbbc6e42"",""yes_price_dollars"":""0.3600""}"
KXETH15M-26APR280300-00,9967e20e-77e0-7ad0-6048-499fb3008072,1777358711,0.39,4.99,yes,"{""count_fp"":""4.99"",""created_time"":""2026-04-28T06:45:11.971953Z"",""no_price_dollars"":""0.6100"",""taker_side"":""yes"",""ticker"":""KXETH15M-26APR280300-00"",""trade_id"":""9967e20e-77e0-7ad0-6048-499fb3008072"",""yes_price_dollars"":""0.3900""}"
KXETH15M-26APR280300-00,1a802883-5743-7a72-11d0-fc94768d409e,1777358711,0.37,4.0,no,"{""count_fp"":""4.00"",""created_time"":""2026-04-28T06:45:11.871604Z"",""no_price_dollars"":""0.6300"",""taker_side"":""no"",""ticker"":""KXETH15M-26APR280300-00"",""trade_id"":""1a802883-5743-7a72-11d0-fc94768d409e"",""yes_price_dollars"":""0.3700""}"
KXETH15M-26APR280300-00,55007419-69cf-5861-5c34-bc69449c5a23,1777358711,0.4,1.0,yes,"{""count_fp"":""1.00"",""created_time"":""2026-04-28T06:45:11.157752Z"",""no_price_dollars"":""0.6000"",""taker_side"":""yes"",""ticker"":""KXETH15M-26APR280300-00"",""trade_id"":""55007419-69cf-5861-5c34-bc69449c5a23"",""yes_price_dollars"":""0.4000""}"
KXETH15M-26APR280300-00,41b07030-f5f7-5519-7bf1-db0dba58ba08,1777358711,0.42,13.0,yes,"{""count_fp"":""13.00"",""created_time"":""2026-04-28T06:45:11.157752Z"",""no_price_dollars"":""0.5800"",""taker_side"":""yes"",""ticker"":""KXETH15M-26APR280300-00"",""trade_id"":""41b07030-f5f7-5519-7bf1-db0dba58ba08"",""yes_price_dollars"":""0.4200""}"
KXETH15M-26APR280300-00,fc23064a-f390-68b9-f6eb-9b570f6d6002,1777358712,0.38,3.0,yes,"{""count_fp"":""3.00"",""created_time"":""2026-04-28T06:45:12.304867Z"",""no_price_dollars"":""0.6200"",""taker_side"":""yes"",""ticker"":""KXETH15M-26APR280300-00"",""trade_id"":""fc23064a-f390-68b9-f6eb-9b570f6d6002"",""yes_price_dollars"":""0.3800""}"
KXETH15M-26APR280300-00,b316b834-8b3b-656c-e248-206bf1d7877e,1777358712,0.38,66.0,yes,"{""count_fp"":""66.00"",""created_time"":""2026-04-28T06:45:12.304867Z"",""no_price_dollars"":""0.6200"",""taker_side"":""yes"",""ticker"":""KXETH15M-26APR280300-00"",""trade_id"":""b316b834-8b3b-656c-e248-206bf1d7877e"",""yes_price_dollars"":""0.3800""}"
KXETH15M-26APR280300-00,82822979-7b40-68c4-fcfe-dc5410bd2056,1777358712,0.37,1.0,yes,"{""count_fp"":""1.00"",""created_time"":""2026-04-28T06:45:12.304867Z"",""no_price_dollars"":""0.6300"",""taker_side"":""yes"",""ticker"":""KXETH15M-26APR280300-00"",""trade_id"":""82822979-7b40-68c4-fcfe-dc5410bd2056"",""yes_price_dollars"":""0.3700""}"
KXETH15M-26APR280300-00,f829fb9e-8b63-7c85-ded4-07f467604a52,1777358713,0.42,10.34,yes,"{""count_fp"":""10.34"",""created_time"":""2026-04-28T06:45:13.287166Z"",""no_price_dollars"":""0.5800"",""taker_side"":""yes"",""ticker"":""KXETH15M-26APR280300-00"",""trade_id"":""f829fb9e-8b63-7c85-ded4-07f467604a52"",""yes_price_dollars"":""0.4200""}"
KXETH15M-26APR280300-00,f53a1d84-fd25-7170-ed2a-7ec9af2a0cc5,1777358713,0.4,1.0,yes,"{""count_fp"":""1.00"",""created_time"":""2026-04-28T06:45:13.287166Z"",""no_price_dollars"":""0.6000"",""taker_side"":""yes"",""ticker"":""KXETH15M-26APR280300-00"",""trade_id"":""f53a1d84-fd25-7170-ed2a-7ec9af2a0cc5"",""yes_price_dollars"":""0.4000""}"
KXETH15M-26APR280300-00,d3b50e95-ff53-7a84-f44f-86bdc2193da4,1777358713,0.43,66.0,yes,"{""count_fp"":""66.00"",""created_time"":""2026-04-28T06:45:13.287166Z"",""no_price_dollars"":""0.5700"",""taker_side"":""yes"",""ticker"":""KXETH15M-26APR280300-00"",""trade_id"":""d3b50e95-ff53-7a84-f44f-86bdc2193da4"",""yes_price_dollars"":""0.4300""}"
KXETH15M-26APR280300-00,1220a4fd-66a3-7d89-e133-72e10074b14d,1777358713,0.43,49.66,yes,"{""count_fp"":""49.66"",""created_time"":""2026-04-28T06:45:13.287166Z"",""no_price_dollars"":""0.5700"",""taker_side"":""yes"",""ticker"":""KXETH15M-26APR280300-00"",""trade_id"":""1220a4fd-66a3-7d89-e133-72e10074b14d"",""yes_price_dollars"":""0.4300""}"
KXETH15M-26APR280300-00,62fc936e-1def-5a09-6ced-e8e188d620bb,1777358713,0.4,1.0,yes,"{""count_fp"":""1.00"",""created_time"":""2026-04-28T06:45:13.093041Z"",""no_price_dollars"":""0.6000"",""taker_side"":""yes"",""ticker"":""KXETH15M-26APR280300-00"",""trade_id"":""62fc936e-1def-5a09-6ced-e8e188d620bb"",""yes_price_dollars"":""0.4000""}"
KXETH15M-26APR280300-00,623e5b05-1035-4cfd-287c-3ce61d691301,1777358714,0.49,9.0,yes,"{""count_fp"":""9.00"",""created_time"":""2026-04-28T06:45:14.071236Z"",""no_price_dollars"":""0.5100"",""taker_side"":""yes"",""ticker"":""KXETH15M-26APR280300-00"",""trade_id"":""623e5b05-1035-4cfd-287c-3ce61d691301"",""yes_price_dollars"":""0.4900""}"
KXETH15M-26APR280300-00,7a2b6d21-a12d-659d-a187-8a0492838433,1777358715,0.43,1.0,yes,"{""count_fp"":""1.00"",""created_time"":""2026-04-28T06:45:15.799213Z"",""no_price_dollars"":""0.5700"",""taker_side"":""yes"",""ticker"":""KXETH15M-26APR280300-00"",""trade_id"":""7a2b6d21-a12d-659d-a187-8a0492838433"",""yes_price_dollars"":""0.4300""}"
KXETH15M-26APR280300-00,c5dcda4c-005b-63ac-0e55-a0ef9a3c29a1,1777358715,0.37,10.0,no,"{""count_fp"":""10.00"",""created_time"":""2026-04-28T06:45:15.100939Z"",""no_price_dollars"":""0.6300"",""taker_side"":""no"",""ticker"":""KXETH15M-26APR280300-00"",""trade_id"":""c5dcda4c-005b-63ac-0e55-a0ef9a3c29a1"",""yes_price_dollars"":""0.3700""}"
KXETH15M-26APR280300-00,96133246-efee-6953-1cb2-52b8abc199a9,1777358715,0.37,10.54,no,"{""count_fp"":""10.54"",""created_time"":""2026-04-28T06:45:15.100939Z"",""no_price_dollars"":""0.6300"",""taker_side"":""no"",""ticker"":""KXETH15M-26APR280300-00"",""trade_id"":""96133246-efee-6953-1cb2-52b8abc199a9"",""yes_price_dollars"":""0.3700""}"
KXETH15M-26APR280300-00,52f467cf-d31c-609d-2a7e-0e4a36ee95ce,1777358715,0.36,1.0,no,"{""count_fp"":""1.00"",""created_time"":""2026-04-28T06:45:15.100939Z"",""no_price_dollars"":""0.6400"",""taker_side"":""no"",""ticker"":""KXETH15M-26APR280300-00"",""trade_id"":""52f467cf-d31c-609d-2a7e-0e4a36ee95ce"",""yes_price_dollars"":""0.3600""}"
KXETH15M-26APR280300-00,3664580b-cf4d-6768-2ce4-1ef7f0e80221,1777358715,0.36,15.53,no,"{""count_fp"":""15.53"",""created_time"":""2026-04-28T06:45:15.100939Z"",""no_price_dollars"":""0.6400"",""taker_side"":""no"",""ticker"":""KXETH15M-26APR280300-00"",""trade_id"":""3664580b-cf4d-6768-2ce4-1ef7f0e80221"",""yes_price_dollars"":""0.3600""}"
KXETH15M-26APR280300-00,8e192424-ac6d-7488-8cdd-142e71125596,1777358716,0.67,11.0,yes,"{""count_fp"":""11.00"",""created_time"":""2026-04-28T06:45:16.721701Z"",""no_price_dollars"":""0.3300"",""taker_side"":""yes"",""ticker"":""KXETH15M-26APR280300-00"",""trade_id"":""8e192424-ac6d-7488-8cdd-142e71125596"",""yes_price_dollars"":""0.6700""}"
KXETH15M-26APR280300-00,7fa7e9d2-4189-68b9-0285-3b0fbc2672f9,1777358716,0.48,10.0,yes,"{""count_fp"":""10.00"",""created_time"":""2026-04-28T06:45:16.083451Z"",""no_price_dollars"":""0.5200"",""taker_side"":""yes"",""ticker"":""KXETH15M-26APR280300-00"",""trade_id"":""7fa7e9d2-4189-68b9-0285-3b0fbc2672f9"",""yes_price_dollars"":""0.4800""}"
KXETH15M-26APR280300-00,9eadf140-040b-58de-a09c-98858c22ccb2,1777358721,0.56,100.0,yes,"{""count_fp"":""100.00"",""created_time"":""2026-04-28T06:45:21.491516Z"",""no_price_dollars"":""0.4400"",""taker_side"":""yes"",""ticker"":""KXETH15M-26APR280300-00"",""trade_id"":""9eadf140-040b-58de-a09c-98858c22ccb2"",""yes_price_dollars"":""0.5600""}"
KXETH15M-26APR280300-00,3741aeec-be19-5f73-8b51-27faead9ceeb,1777358721,0.56,10.0,yes,"{""count_fp"":""10.00"",""created_time"":""2026-04-28T06:45:21.491516Z"",""no_price_dollars"":""0.4400"",""taker_side"":""yes"",""ticker"":""KXETH15M-26APR280300-00"",""trade_id"":""3741aeec-be19-5f73-8b51-27faead9ceeb"",""yes_price_dollars"":""0.5600""}"
KXETH15M-26APR280300-00,89235cd7-0c9a-727f-be9d-47737dab2d21,1777358724,0.58,9.0,no,"{""count_fp"":""9.00"",""created_time"":""2026-04-28T06:45:24.530466Z"",""no_price_dollars"":""0.4200"",""taker_side"":""no"",""ticker"":""KXETH15M-26APR280300-00"",""trade_id"":""89235cd7-0c9a-727f-be9d-47737dab2d21"",""yes_price_dollars"":""0.5800""}"
KXETH15M-26APR280300-00,acbe8efe-0af4-4272-d4e5-2c61ed6a3368,1777358724,0.57,5.0,yes,"{""count_fp"":""5.00"",""created_time"":""2026-04-28T06:45:24.345613Z"",""no_price_dollars"":""0.4300"",""taker_side"":""yes"",""ticker"":""KXETH15M-26APR280300-00"",""trade_id"":""acbe8efe-0af4-4272-d4e5-2c61ed6a3368"",""yes_price_dollars"":""0.5700""}"
KXETH15M-26APR280300-00,f6498d93-273a-4db4-7de7-a1d7436d9938,1777358729,0.57,10.0,no,"{""count_fp"":""10.00"",""created_time"":""2026-04-28T06:45:29.420656Z"",""no_price_dollars"":""0.4300"",""taker_side"":""no"",""ticker"":""KXETH15M-26APR280300-00"",""trade_id"":""f6498d93-273a-4db4-7de7-a1d7436d9938"",""yes_price_dollars"":""0.5700""}"
KXETH15M-26APR280300-00,d6a363f9-fe51-47cc-7d22-64975cb21018,1777358729,0.58,5.0,no,"{""count_fp"":""5.00"",""created_time"":""2026-04-28T06:45:29.420656Z"",""no_price_dollars"":""0.4200"",""taker_side"":""no"",""ticker"":""KXETH15M-26APR280300-00"",""trade_id"":""d6a363f9-fe51-47cc-7d22-64975cb21018"",""yes_price_dollars"":""0.5800""}"
KXETH15M-26APR280300-00,cc6226aa-1cc3-4114-6e13-4a71a44cb39d,1777358729,0.58,5.0,no,"{""count_fp"":""5.00"",""created_time"":""2026-04-28T06:45:29.420656Z"",""no_price_dollars"":""0.4200"",""taker_side"":""no"",""ticker"":""KXETH15M-26APR280300-00"",""trade_id"":""cc6226aa-1cc3-4114-6e13-4a71a44cb39d"",""yes_price_dollars"":""0.5800""}"
KXETH15M-26APR280300-00,7b95be12-d545-473e-5170-6983dd488fad,1777358729,0.54,1.0,no,"{""count_fp"":""1.00"",""created_time"":""2026-04-28T06:45:29.420656Z"",""no_price_dollars"":""0.4600"",""taker_side"":""no"",""ticker"":""KXETH15M-26APR280300-00"",""trade_id"":""7b95be12-d545-473e-5170-6983dd488fad"",""yes_price_dollars"":""0.5400""}"
KXETH15M-26APR280300-00,4a337add-a60c-44d7-52d7-494811f3d464,1777358729,0.57,71.46,no,"{""count_fp"":""71.46"",""created_time"":""2026-04-28T06:45:29.420656Z"",""no_price_dollars"":""0.4300"",""taker_side"":""no"",""ticker"":""KXETH15M-26APR280300-00"",""trade_id"":""4a337add-a60c-44d7-52d7-494811f3d464"",""yes_price_dollars"":""0.5700""}"
KXETH15M-26APR280300-00,c6349f06-4678-7f43-ec15-f2aa508ba26f,1777358730,0.53,20.0,yes,"{""count_fp"":""20.00"",""created_time"":""2026-04-28T06:45:30.742273Z"",""no_price_dollars"":""0.4700"",""taker_side"":""yes"",""ticker"":""KXETH15M-26APR280300-00"",""trade_id"":""c6349f06-4678-7f43-ec15-f2aa508ba26f"",""yes_price_dollars"":""0.5300""}"
KXETH15M-26APR280300-00,bbf6b379-58a7-7908-ee4a-a037d9e831d6,1777358730,0.53,10.0,yes,"{""count_fp"":""10.00"",""created_time"":""2026-04-28T06:45:30.742273Z"",""no_price_dollars"":""0.4700"",""taker_side"":""yes"",""ticker"":""KXETH15M-26APR280300-00"",""trade_id"":""bbf6b379-58a7-7908-ee4a-a037d9e831d6"",""yes_price_dollars"":""0.5300""}"
KXETH15M-26APR280300-00,8f133d8f-2da6-5961-54e8-2e772cc83bf0,1777358732,0.53,1.0,yes,"{""count_fp"":""1.00"",""created_time"":""2026-04-28T06:45:32.994595Z"",""no_price_dollars"":""0.4700"",""taker_side"":""yes"",""ticker"":""KXETH15M-26APR280300-00"",""trade_id"":""8f133d8f-2da6-5961-54e8-2e772cc83bf0"",""yes_price_dollars"":""0.5300""}"
KXETH15M-26APR280300-00,7c04b85c-d9e4-58dd-6360-45d655a7aaaf,1777358732,0.53,9.0,yes,"{""count_fp"":""9.00"",""created_time"":""2026-04-28T06:45:32.994595Z"",""no_price_dollars"":""0.4700"",""taker_side"":""yes"",""ticker"":""KXETH15M-26APR280300-00"",""trade_id"":""7c04b85c-d9e4-58dd-6360-45d655a7aaaf"",""yes_price_dollars"":""0.5300""}"
KXETH15M-26APR280300-00,eaddf5b2-f604-5769-c151-de06ddb6761e,1777358735,0.53,1.0,no,"{""count_fp"":""1.00"",""created_time"":""2026-04-28T06:45:35.215106Z"",""no_price_dollars"":""0.4700"",""taker_side"":""no"",""ticker"":""KXETH15M-26APR280300-00"",""trade_id"":""eaddf5b2-f604-5769-c151-de06ddb6761e"",""yes_price_dollars"":""0.5300""}"
KXETH15M-26APR280300-00,8b66b621-b003-5dc0-0ec9-1b283543cdf1,1777358747,0.59,24.71,yes,"{""count_fp"":""24.71"",""created_time"":""2026-04-28T06:45:47.114817Z"",""no_price_dollars"":""0.4100"",""taker_side"":""yes"",""ticker"":""KXETH15M-26APR280300-00"",""trade_id"":""8b66b621-b003-5dc0-0ec9-1b283543cdf1"",""yes_price_dollars"":""0.5900""}"
KXETH15M-26APR280300-00,6ccfdef8-b293-6c5c-872e-87da346c19dd,1777358749,0.59,1.0,yes,"{""count_fp"":""1.00"",""created_time"":""2026-04-28T06:45:49.887064Z"",""no_price_dollars"":""0.4100"",""taker_side"":""yes"",""ticker"":""KXETH15M-26APR280300-00"",""trade_id"":""6ccfdef8-b293-6c5c-872e-87da346c19dd"",""yes_price_dollars"":""0.5900""}"
KXETH15M-26APR280300-00,dd229a0d-8801-406d-6de6-b7bd9b433308,1777358752,0.65,5.0,yes,"{""count_fp"":""5.00"",""created_time"":""2026-04-28T06:45:52.702994Z"",""no_price_dollars"":""0.3500"",""taker_side"":""yes"",""ticker"":""KXETH15M-26APR280300-00"",""trade_id"":""dd229a0d-8801-406d-6de6-b7bd9b433308"",""yes_price_dollars"":""0.6500""}"
KXETH15M-26APR280300-00,e5828f18-5b10-79be-0114-d8a5732d06da,1777358752,0.7,4.0,yes,"{""count_fp"":""4.00"",""created_time"":""2026-04-28T06:45:52.479553Z"",""no_price_dollars"":""0.3000"",""taker_side"":""yes"",""ticker"":""KXETH15M-26APR280300-00"",""trade_id"":""e5828f18-5b10-79be-0114-d8a5732d06da"",""yes_price_dollars"":""0.7000""}"
KXETH15M-26APR280300-00,9815d78a-127d-7493-2fc1-4ee73f9ac5a6,1777358752,0.7,0.88,yes,"{""count_fp"":""0.88"",""created_time"":""2026-04-28T06:45:52.479553Z"",""no_price_dollars"":""0.3000"",""taker_side"":""yes"",""ticker"":""KXETH15M-26APR280300-00"",""trade_id"":""9815d78a-127d-7493-2fc1-4ee73f9ac5a6"",""yes_price_dollars"":""0.7000""}"
KXETH15M-26APR280300-00,5ed52f5e-5e23-7c60-0ff5-3089567952a5,1777358752,0.59,4.12,yes,"{""count_fp"":""4.12"",""created_time"":""2026-04-28T06:45:52.479553Z"",""no_price_dollars"":""0.4100"",""taker_side"":""yes"",""ticker"":""KXETH15M-26APR280300-00"",""trade_id"":""5ed52f5e-5e23-7c60-0ff5-3089567952a5"",""yes_price_dollars"":""0.5900""}"
KXETH15M-26APR280300-00,08a2ecaf-57bd-76f0-3ecf-a38083ed5e31,1777358752,0.68,1.0,yes,"{""count_fp"":""1.00"",""created_time"":""2026-04-28T06:45:52.479553Z"",""no_price_dollars"":""0.3200"",""taker_side"":""yes"",""ticker"":""KXETH15M-26APR280300-00"",""trade_id"":""08a2ecaf-57bd-76f0-3ecf-a38083ed5e31"",""yes_price_dollars"":""0.6800""}"
KXETH15M-26APR280300-00,0224d162-debb-5238-aa81-8adf714557dd,1777358752,0.59,8.23,yes,"{""count_fp"":""8.23"",""created_time"":""2026-04-28T06:45:52.251385Z"",""no_price_dollars"":""0.4100"",""taker_side"":""yes"",""ticker"":""KXETH15M-26APR280300-00"",""trade_id"":""0224d162-debb-5238-aa81-8adf714557dd"",""yes_price_dollars"":""0.5900""}"
KXETH15M-26APR280300-00,df60abaf-8560-5197-6adb-578256804a0c,1777358756,0.7,3.0,no,"{""count_fp"":""3.00"",""created_time"":""2026-04-28T06:45:56.527523Z"",""no_price_dollars"":""0.3000"",""taker_side"":""no"",""ticker"":""KXETH15M-26APR280300-00"",""trade_id"":""df60abaf-8560-5197-6adb-578256804a0c"",""yes_price_dollars"":""0.7000""}"
KXETH15M-26APR280300-00,4120c59c-e251-5078-7611-6e1cf86a3e02,1777358756,0.67,7.0,no,"{""count_fp"":""7.00"",""created_time"":""2026-04-28T06:45:56.527523Z"",""no_price_dollars"":""0.3300"",""taker_side"":""no"",""ticker"":""KXETH15M-26APR280300-00"",""trade_id"":""4120c59c-e251-5078-7611-6e1cf86a3e02"",""yes_price_dollars"":""0.6700""}"
KXETH15M-26APR280300-00,af475e8e-1930-6dd7-8db3-5cec026fd730,1777358756,0.7,2.0,no,"{""count_fp"":""2.00"",""created_time"":""2026-04-28T06:45:56.458596Z"",""no_price_dollars"":""0.3000"",""taker_side"":""no"",""ticker"":""KXETH15M-26APR280300-00"",""trade_id"":""af475e8e-1930-6dd7-8db3-5cec026fd730"",""yes_price_dollars"":""0.7000""}"
KXETH15M-26APR280300-00,384ee5df-830b-5876-c359-12a109e338d0,1777358757,0.63,2.0,no,"{""count_fp"":""2.00"",""created_time"":""2026-04-28T06:45:57.212538Z"",""no_price_dollars"":""0.3700"",""taker_side"":""no"",""ticker"":""KXETH15M-26APR280300-00"",""trade_id"":""384ee5df-830b-5876-c359-12a109e338d0"",""yes_price_dollars"":""0.6300""}"
KXETH15M-26APR280300-00,adab33dd-f44c-75cd-610f-9499df8db1dd,1777358759,0.64,9.3,no,"{""count_fp"":""9.30"",""created_time"":""2026-04-28T06:45:59.268499Z"",""no_price_dollars"":""0.3600"",""taker_side"":""no"",""ticker"":""KXETH15M-26APR280300-00"",""trade_id"":""adab33dd-f44c-75cd-610f-9499df8db1dd"",""yes_price_dollars"":""0.6400""}"
KXETH15M-26APR280300-00,ecdcc00a-fd76-7be8-0e5a-f045e4e73f42,1777358759,0.64,10.99,no,"{""count_fp"":""10.99"",""created_time"":""2026-04-28T06:45:59.147097Z"",""no_price_dollars"":""0.3600"",""taker_side"":""no"",""ticker"":""KXETH15M-26APR280300-00"",""trade_id"":""ecdcc00a-fd76-7be8-0e5a-f045e4e73f42"",""yes_price_dollars"":""0.6400""}"
KXETH15M-26APR280300-00,cd6401dc-bddb-7136-0b92-60e1bed22790,1777358759,0.63,10.14,no,"{""count_fp"":""10.14"",""created_time"":""2026-04-28T06:45:59.147097Z"",""no_price_dollars"":""0.3700"",""taker_side"":""no"",""ticker"":""KXETH15M-26APR280300-00"",""trade_id"":""cd6401dc-bddb-7136-0b92-60e1bed22790"",""yes_price_dollars"":""0.6300""}"
KXETH15M-26APR280300-00,4932190c-47d6-7b4e-0457-93f794d5788b,1777358759,0.64,1.0,no,"{""count_fp"":""1.00"",""created_time"":""2026-04-28T06:45:59.147097Z"",""no_price_dollars"":""0.3600"",""taker_side"":""no"",""ticker"":""KXETH15M-26APR280300-00"",""trade_id"":""4932190c-47d6-7b4e-0457-93f794d5788b"",""yes_price_dollars"":""0.6400""}"
KXETH15M-26APR280300-00,220daf09-6102-72d4-98b2-d032c4f8d9e5,1777358760,0.67,2.0,yes,"{""count_fp"":""2.00"",""created_time"":""2026-04-28T06:46:00.264203Z"",""no_price_dollars"":""0.3300"",""taker_side"":""yes"",""ticker"":""KXETH15M-26APR280300-00"",""trade_id"":""220daf09-6102-72d4-98b2-d032c4f8d9e5"",""yes_price_dollars"":""0.6700""}"
KXETH15M-26APR280300-00,f7b82227-3b82-51b8-0d05-deac46757001,1777358760,0.67,2.0,yes,"{""count_fp"":""2.00"",""created_time"":""2026-04-28T06:46:00.063324Z"",""no_price_dollars"":""0.3300"",""taker_side"":""yes"",""ticker"":""KXETH15M-26APR280300-00"",""trade_id"":""f7b82227-3b82-51b8-0d05-deac46757001"",""yes_price_dollars"":""0.6700""}"
KXETH15M-26APR280300-00,bb2baf4a-770c-7a4f-7f1c-cc8d565bc95b,1777358761,0.68,17.0,yes,"{""count_fp"":""17.00"",""created_time"":""2026-04-28T06:46:01.172225Z"",""no_price_dollars"":""0.3200"",""taker_side"":""yes"",""ticker"":""KXETH15M-26APR280300-00"",""trade_id"":""bb2baf4a-770c-7a4f-7f1c-cc8d565bc95b"",""yes_price_dollars"":""0.6800""}"
KXETH15M-26APR280300-00,44297202-14c1-7391-e80d-55a6f31c01f2,1777358762,0.67,7.0,no,"{""count_fp"":""7.00"",""created_time"":""2026-04-28T06:46:02.153145Z"",""no_price_dollars"":""0.3300"",""taker_side"":""no"",""ticker"":""KXETH15M-26APR280300-00"",""trade_id"":""44297202-14c1-7391-e80d-55a6f31c01f2"",""yes_price_dollars"":""0.6700""}"
KXETH15M-26APR280300-00,bade352d-2f19-7d89-b75d-7d7599d22842,1777358774,0.67,3.0,no,"{""count_fp"":""3.00"",""created_time"":""2026-04-28T06:46:14.659281Z"",""no_price_dollars"":""0.3300"",""taker_side"":""no"",""ticker"":""KXETH15M-26APR280300-00"",""trade_id"":""bade352d-2f19-7d89-b75d-7d7599d22842"",""yes_price_dollars"":""0.6700""}"
KXETH15M-26APR280300-00,926fbe8f-d50d-5141-02b6-c99f6cfa857e,1777358777,0.67,1.0,no,"{""count_fp"":""1.00"",""created_time"":""2026-04-28T06:46:17.692692Z"",""no_price_dollars"":""0.3300"",""taker_side"":""no"",""ticker"":""KXETH15M-26APR280300-00"",""trade_id"":""926fbe8f-d50d-5141-02b6-c99f6cfa857e"",""yes_price_dollars"":""0.6700""}"
KXETH15M-26APR280300-00,1e132cc5-6bf6-4518-96aa-a7efcf0a86d9,1777358778,0.7,1.0,yes,"{""count_fp"":""1.00"",""created_time"":""2026-04-28T06:46:18.383642Z"",""no_price_dollars"":""0.3000"",""taker_side"":""yes"",""ticker"":""KXETH15M-26APR280300-00"",""trade_id"":""1e132cc5-6bf6-4518-96aa-a7efcf0a86d9"",""yes_price_dollars"":""0.7000""}"
KXETH15M-26APR280300-00,b7efd069-07c5-5499-e600-816409c7e982,1777358778,0.67,1.0,no,"{""count_fp"":""1.00"",""created_time"":""2026-04-28T06:46:18.209351Z"",""no_price_dollars"":""0.3300"",""taker_side"":""no"",""ticker"":""KXETH15M-26APR280300-00"",""trade_id"":""b7efd069-07c5-5499-e600-816409c7e982"",""yes_price_dollars"":""0.6700""}"
KXETH15M-26APR280300-00,9435f77c-cb36-6ec0-686e-b2377508e375,1777358779,0.72,4.0,yes,"{""count_fp"":""4.00"",""created_time"":""2026-04-28T06:46:19.373403Z"",""no_price_dollars"":""0.2800"",""taker_side"":""yes"",""ticker"":""KXETH15M-26APR280300-00"",""trade_id"":""9435f77c-cb36-6ec0-686e-b2377508e375"",""yes_price_dollars"":""0.7200""}"
KXETH15M-26APR280300-00,4bf40367-1290-69e0-5111-c3cdb57275ea,1777358779,0.72,1.0,yes,"{""count_fp"":""1.00"",""created_time"":""2026-04-28T06:46:19.373403Z"",""no_price_dollars"":""0.2800"",""taker_side"":""yes"",""ticker"":""KXETH15M-26APR280300-00"",""trade_id"":""4bf40367-1290-69e0-5111-c3cdb57275ea"",""yes_price_dollars"":""0.7200""}"
KXETH15M-26APR280300-00,f5361c98-054d-48e9-c7c3-452e17903b4a,1777358779,0.67,4.47,no,"{""count_fp"":""4.47"",""created_time"":""2026-04-28T06:46:19.098539Z"",""no_price_dollars"":""0.3300"",""taker_side"":""no"",""ticker"":""KXETH15M-26APR280300-00"",""trade_id"":""f5361c98-054d-48e9-c7c3-452e17903b4a"",""yes_price_dollars"":""0.6700""}"
KXETH15M-26APR280300-00,459cd4ab-c16d-4b0a-d93a-d96d08e119c0,1777358779,0.68,10.0,no,"{""count_fp"":""10.00"",""created_time"":""2026-04-28T06:46:19.098539Z"",""no_price_dollars"":""0.3200"",""taker_side"":""no"",""ticker"":""KXETH15M-26APR280300-00"",""trade_id"":""459cd4ab-c16d-4b0a-d93a-d96d08e119c0"",""yes_price_dollars"":""0.6800""}"
KXETH15M-26APR280300-00,ef297057-55c6-45e8-37a8-428c6df6bc65,1777358786,0.75,1.0,yes,"{""count_fp"":""1.00"",""created_time"":""2026-04-28T06:46:26.870618Z"",""no_price_dollars"":""0.2500"",""taker_side"":""yes"",""ticker"":""KXETH15M-26APR280300-00"",""trade_id"":""ef297057-55c6-45e8-37a8-428c6df6bc65"",""yes_price_dollars"":""0.7500""}"
KXETH15M-26APR280300-00,e3412c64-2332-47e3-457d-ab88923910da,1777358786,0.73,5.0,no,"{""count_fp"":""5.00"",""created_time"":""2026-04-28T06:46:26.122391Z"",""no_price_dollars"":""0.2700"",""taker_side"":""no"",""ticker"":""KXETH15M-26APR280300-00"",""trade_id"":""e3412c64-2332-47e3-457d-ab88923910da"",""yes_price_dollars"":""0.7300""}"
KXETH15M-26APR280300-00,430bd222-39cf-42c6-6397-d3a19aa2fd4a,1777358786,0.73,1.0,no,"{""count_fp"":""1.00"",""created_time"":""2026-04-28T06:46:26.122391Z"",""no_price_dollars"":""0.2700"",""taker_side"":""no"",""ticker"":""KXETH15M-26APR280300-00"",""trade_id"":""430bd222-39cf-42c6-6397-d3a19aa2fd4a"",""yes_price_dollars"":""0.7300""}"
KXETH15M-26APR280300-00,d2866def-a761-4b2f-a1b3-eddc4af351ff,1777358790,0.74,1.0,no,"{""count_fp"":""1.00"",""created_time"":""2026-04-28T06:46:30.649842Z"",""no_price_dollars"":""0.2600"",""taker_side"":""no"",""ticker"":""KXETH15M-26APR280300-00"",""trade_id"":""d2866def-a761-4b2f-a1b3-eddc4af351ff"",""yes_price_dollars"":""0.7400""}"
KXETH15M-26APR280300-00,87b146a5-369e-7ce4-5914-976cef89e3f1,1777358791,0.75,10.0,yes,"{""count_fp"":""10.00"",""created_time"":""2026-04-28T06:46:31.323906Z"",""no_price_dollars"":""0.2500"",""taker_side"":""yes"",""ticker"":""KXETH15M-26APR280300-00"",""trade_id"":""87b146a5-369e-7ce4-5914-976cef89e3f1"",""yes_price_dollars"":""0.7500""}"
KXETH15M-26APR280300-00,84cf69b8-bd6c-761d-5ea4-56b30e446d4c,1777358791,0.75,10.0,yes,"{""count_fp"":""10.00"",""created_time"":""2026-04-28T06:46:31.323906Z"",""no_price_dollars"":""0.2500"",""taker_side"":""yes"",""ticker"":""KXETH15M-26APR280300-00"",""trade_id"":""84cf69b8-bd6c-761d-5ea4-56b30e446d4c"",""yes_price_dollars"":""0.7500""}"
KXETH15M-26APR280300-00,2f9d3c04-cea7-7384-673a-aad9f4f29663,1777358791,0.76,5.0,yes,"{""count_fp"":""5.00"",""created_time"":""2026-04-28T06:46:31.323906Z"",""no_price_dollars"":""0.2400"",""taker_side"":""yes"",""ticker"":""KXETH15M-26APR280300-00"",""trade_id"":""2f9d3c04-cea7-7384-673a-aad9f4f29663"",""yes_price_dollars"":""0.7600""}"
KXETH15M-26APR280300-00,e7bac8e8-4bc5-55e2-2e30-72a5f1a1cdd6,1777358792,0.78,10.0,yes,"{""count_fp"":""10.00"",""created_time"":""2026-04-28T06:46:32.946737Z"",""no_price_dollars"":""0.2200"",""taker_side"":""yes"",""ticker"":""KXETH15M-26APR280300-00"",""trade_id"":""e7bac8e8-4bc5-55e2-2e30-72a5f1a1cdd6"",""yes_price_dollars"":""0.7800""}"
KXETH15M-26APR280300-00,d637e737-735d-5173-1cb0-7d402b251cc0,1777358792,0.8,1.0,yes,"{""count_fp"":""1.00"",""created_time"":""2026-04-28T06:46:32.946737Z"",""no_price_dollars"":""0.2000"",""taker_side"":""yes"",""ticker"":""KXETH15M-26APR280300-00"",""trade_id"":""d637e737-735d-5173-1cb0-7d402b251cc0"",""yes_price_dollars"":""0.8000""}"
KXETH15M-26APR280300-00,b7f29333-d7ac-51f3-1eae-70785d53a57e,1777358792,0.79,9.52,yes,"{""count_fp"":""9.52"",""created_time"":""2026-04-28T06:46:32.946737Z"",""no_price_dollars"":""0.2100"",""taker_side"":""yes"",""ticker"":""KXETH15M-26APR280300-00"",""trade_id"":""b7f29333-d7ac-51f3-1eae-70785d53a57e"",""yes_price_dollars"":""0.7900""}"
KXETH15M-26APR280300-00,949c92a3-48c4-57bb-23f9-a95a4550528c,1777358792,0.81,0.26,yes,"{""count_fp"":""0.26"",""created_time"":""2026-04-28T06:46:32.946737Z"",""no_price_dollars"":""0.1900"",""taker_side"":""yes"",""ticker"":""KXETH15M-26APR280300-00"",""trade_id"":""949c92a3-48c4-57bb-23f9-a95a4550528c"",""yes_price_dollars"":""0.8100""}"
KXETH15M-26APR280300-00,5f094121-0038-5c28-214b-966a122976b3,1777358792,0.79,10.0,yes,"{""count_fp"":""10.00"",""created_time"":""2026-04-28T06:46:32.946737Z"",""no_price_dollars"":""0.2100"",""taker_side"":""yes"",""ticker"":""KXETH15M-26APR280300-00"",""trade_id"":""5f094121-0038-5c28-214b-966a122976b3"",""yes_price_dollars"":""0.7900""}"
KXETH15M-26APR280300-00,537ccdf3-3ec7-5755-2e35-f4be4cac9288,1777358792,0.81,58.0,yes,"{""count_fp"":""58.00"",""created_time"":""2026-04-28T06:46:32.946737Z"",""no_price_dollars"":""0.1900"",""taker_side"":""yes"",""ticker"":""KXETH15M-26APR280300-00"",""trade_id"":""537ccdf3-3ec7-5755-2e35-f4be4cac9288"",""yes_price_dollars"":""0.8100""}"
KXETH15M-26APR280300-00,05f0a38c-8240-512b-3640-922e630b1d27,1777358792,0.8,100.0,yes,"{""count_fp"":""100.00"",""created_time"":""2026-04-28T06:46:32.946737Z"",""no_price_dollars"":""0.2000"",""taker_side"":""yes"",""ticker"":""KXETH15M-26APR280300-00"",""trade_id"":""05f0a38c-8240-512b-3640-922e630b1d27"",""yes_price_dollars"":""0.8000""}"
KXETH15M-26APR280300-00,3c4be670-d0e5-4864-328e-e8748718dd3b,1777358795,0.73,61.21,yes,"{""count_fp"":""61.21"",""created_time"":""2026-04-28T06:46:35.457922Z"",""no_price_dollars"":""0.2700"",""taker_side"":""yes"",""ticker"":""KXETH15M-26APR280300-00"",""trade_id"":""3c4be670-d0e5-4864-328e-e8748718dd3b"",""yes_price_dollars"":""0.7300""}"
KXETH15M-26APR280300-00,0181c42c-39bc-4c4c-3a1b-4b11ade00a1e,1777358795,0.71,1.0,yes,"{""count_fp"":""1.00"",""created_time"":""2026-04-28T06:46:35.457922Z"",""no_price_dollars"":""0.2900"",""taker_side"":""yes"",""ticker"":""KXETH15M-26APR280300-00"",""trade_id"":""0181c42c-39bc-4c4c-3a1b-4b11ade00a1e"",""yes_price_dollars"":""0.7100""}"
KXETH15M-26APR280300-00,a9ec0f59-26f6-7406-9fa2-d56c522382e6,1777358795,0.74,10.0,no,"{""count_fp"":""10.00"",""created_time"":""2026-04-28T06:46:35.258392Z"",""no_price_dollars"":""0.2600"",""taker_side"":""no"",""ticker"":""KXETH15M-26APR280300-00"",""trade_id"":""a9ec0f59-26f6-7406-9fa2-d56c522382e6"",""yes_price_dollars"":""0.7400""}"
KXETH15M-26APR280300-00,8590d26c-d4dc-79d0-bcc8-b3a6c8611685,1777358795,0.75,5.0,no,"{""count_fp"":""5.00"",""created_time"":""2026-04-28T06:46:35.258392Z"",""no_price_dollars"":""0.2500"",""taker_side"":""no"",""ticker"":""KXETH15M-26APR280300-00"",""trade_id"":""8590d26c-d4dc-79d0-bcc8-b3a6c8611685"",""yes_price_dollars"":""0.7500""}"
KXETH15M-26APR280300-00,2f64a0cd-ba78-7b11-a702-d6ab5fd454fd,1777358795,0.74,10.0,no,"{""count_fp"":""10.00"",""created_time"":""2026-04-28T06:46:35.258392Z"",""no_price_dollars"":""0.2600"",""taker_side"":""no"",""ticker"":""KXETH15M-26APR280300-00"",""trade_id"":""2f64a0cd-ba78-7b11-a702-d6ab5fd454fd"",""yes_price_dollars"":""0.7400""}"
KXETH15M-26APR280300-00,9ff894b5-bdfc-5dbd-b306-e1963f14c088,1777358796,0.68,1.0,no,"{""count_fp"":""1.00"",""created_time"":""2026-04-28T06:46:36.967628Z"",""no_price_dollars"":""0.3200"",""taker_side"":""no"",""ticker"":""KXETH15M-26APR280300-00"",""trade_id"":""9ff894b5-bdfc-5dbd-b306-e1963f14c088"",""yes_price_dollars"":""0.6800""}"
KXETH15M-26APR280300-00,a7a4cbd0-2b6a-4d37-7682-028cb15e7540,1777358796,0.71,10.0,yes,"{""count_fp"":""10.00"",""created_time"":""2026-04-28T06:46:36.755155Z"",""no_price_dollars"":""0.2900"",""taker_side"":""yes"",""ticker"":""KXETH15M-26APR280300-00"",""trade_id"":""a7a4cbd0-2b6a-4d37-7682-028cb15e7540"",""yes_price_dollars"":""0.7100""}"
KXETH15M-26APR280300-00,816d57c3-31e1-4830-640e-fe3d1190d7eb,1777358796,0.72,33.0,yes,"{""count_fp"":""33.00"",""created_time"":""2026-04-28T06:46:36.755155Z"",""no_price_dollars"":""0.2800"",""taker_side"":""yes"",""ticker"":""KXETH15M-26APR280300-00"",""trade_id"":""816d57c3-31e1-4830-640e-fe3d1190d7eb"",""yes_price_dollars"":""0.7200""}"
KXETH15M-26APR280300-00,8bc386f2-2c38-78b8-cbba-c7aa781d72f1,1777358809,0.74,1.0,yes,"{""count_fp"":""1.00"",""created_time"":""2026-04-28T06:46:49.432019Z"",""no_price_dollars"":""0.2600"",""taker_side"":""yes"",""ticker"":""KXETH15M-26APR280300-00"",""trade_id"":""8bc386f2-2c38-78b8-cbba-c7aa781d72f1"",""yes_price_dollars"":""0.7400""}"
KXETH15M-26APR280300-00,2876b000-39c4-7f7f-ebf8-d66f85f8622f,1777358809,0.74,0.28,yes,"{""count_fp"":""0.28"",""created_time"":""2026-04-28T06:46:49.432019Z"",""no_price_dollars"":""0.2600"",""taker_side"":""yes"",""ticker"":""KXETH15M-26APR280300-00"",""trade_id"":""2876b000-39c4-7f7f-ebf8-d66f85f8622f"",""yes_price_dollars"":""0.7400""}"
KXETH15M-26APR280300-00,42a8cc35-9c9f-6fea-ab5f-5b13c3e8d8f5,1777358810,0.7,2.0,no,"{""count_fp"":""2.00"",""created_time"":""2026-04-28T06:46:50.591773Z"",""no_price_dollars"":""0.3000"",""taker_side"":""no"",""ticker"":""KXETH15M-26APR280300-00"",""trade_id"":""42a8cc35-9c9f-6fea-ab5f-5b13c3e8d8f5"",""yes_price_dollars"":""0.7000""}"
KXETH15M-26APR280300-00,4249abc7-7402-638c-97d3-c421579e2ecc,1777358810,0.7,1.0,no,"{""count_fp"":""1.00"",""created_time"":""2026-04-28T06:46:50.591773Z"",""no_price_dollars"":""0.3000"",""taker_side"":""no"",""ticker"":""KXETH15M-26APR280300-00"",""trade_id"":""4249abc7-7402-638c-97d3-c421579e2ecc"",""yes_price_dollars"":""0.7000""}"
KXETH15M-26APR280300-00,3450452c-8383-621c-9417-ae55360a0661,1777358810,0.7,8.0,no,"{""count_fp"":""8.00"",""created_time"":""2026-04-28T06:46:50.591773Z"",""no_price_dollars"":""0.3000"",""taker_side"":""no"",""ticker"":""KXETH15M-26APR280300-00"",""trade_id"":""3450452c-8383-621c-9417-ae55360a0661"",""yes_price_dollars"":""0.7000""}"
KXETH15M-26APR280300-00,e89a0d67-9f04-533f-484f-926a7048370b,1777358813,0.73,10.0,yes,"{""count_fp"":""10.00"",""created_time"":""2026-04-28T06:46:53.353962Z"",""no_price_dollars"":""0.2700"",""taker_side"":""yes"",""ticker"":""KXETH15M-26APR280300-00"",""trade_id"":""e89a0d67-9f04-533f-484f-926a7048370b"",""yes_price_dollars"":""0.7300""}"
KXETH15M-26APR280300-00,d5a54098-f54b-5644-6fcd-1b4b6e498950,1777358813,0.73,1.0,yes,"{""count_fp"":""1.00"",""created_time"":""2026-04-28T06:46:53.353962Z"",""no_price_dollars"":""0.2700"",""taker_side"":""yes"",""ticker"":""KXETH15M-26APR280300-00"",""trade_id"":""d5a54098-f54b-5644-6fcd-1b4b6e498950"",""yes_price_dollars"":""0.7300""}"
KXETH15M-26APR280300-00,c7de566c-dc8a-5af4-630a-825f3a81621d,1777358813,0.73,2.0,yes,"{""count_fp"":""2.00"",""created_time"":""2026-04-28T06:46:53.353962Z"",""no_price_dollars"":""0.2700"",""taker_side"":""yes"",""ticker"":""KXETH15M-26APR280300-00"",""trade_id"":""c7de566c-dc8a-5af4-630a-825f3a81621d"",""yes_price_dollars"":""0.7300""}"
KXETH15M-26APR280300-00,bc11e910-19ad-5826-73be-238dde25f5de,1777358813,0.74,10.0,yes,"{""count_fp"":""10.00"",""created_time"":""2026-04-28T06:46:53.353962Z"",""no_price_dollars"":""0.2600"",""taker_side"":""yes"",""ticker"":""KXETH15M-26APR280300-00"",""trade_id"":""bc11e910-19ad-5826-73be-238dde25f5de"",""yes_price_dollars"":""0.7400""}"
KXETH15M-26APR280300-00,8af54e6f-2fde-5dea-6850-52c54d606501,1777358813,0.74,10.32,yes,"{""count_fp"":""10.32"",""created_time"":""2026-04-28T06:46:53.353962Z"",""no_price_dollars"":""0.2600"",""taker_side"":""yes"",""ticker"":""KXETH15M-26APR280300-00"",""trade_id"":""8af54e6f-2fde-5dea-6850-52c54d606501"",""yes_price_dollars"":""0.7400""}"
KXETH15M-26APR280300-00,83cb9bc2-5f71-6cfb-fb35-0180ec01dd41,1777358815,0.71,10.0,no,"{""count_fp"":""10.00"",""created_time"":""2026-04-28T06:46:55.982028Z"",""no_price_dollars"":""0.2900"",""taker_side"":""no"",""ticker"":""KXETH15M-26APR280300-00"",""trade_id"":""83cb9bc2-5f71-6cfb-fb35-0180ec01dd41"",""yes_price_dollars"":""0.7100""}"
KXETH15M-26APR280300-00,34ee2806-f133-6b12-f561-3b0f2c790d31,1777358815,0.71,2.56,no,"{""count_fp"":""2.56"",""created_time"":""2026-04-28T06:46:55.982028Z"",""no_price_dollars"":""0.2900"",""taker_side"":""no"",""ticker"":""KXETH15M-26APR280300-00"",""trade_id"":""34ee2806-f133-6b12-f561-3b0f2c790d31"",""yes_price_dollars"":""0.7100""}"
KXETH15M-26APR280300-00,2330cc9a-274f-422d-c589-208cdaab74c8,1777358820,0.73,1.0,yes,"{""count_fp"":""1.00"",""created_time"":""2026-04-28T06:47:00.316724Z"",""no_price_dollars"":""0.2700"",""taker_side"":""yes"",""ticker"":""KXETH15M-26APR280300-00"",""trade_id"":""2330cc9a-274f-422d-c589-208cdaab74c8"",""yes_price_dollars"":""0.7300""}"
KXETH15M-26APR280300-00,788a971e-106c-718e-d2e0-2ae8b53853db,1777358820,0.71,1.0,yes,"{""count_fp"":""1.00"",""created_time"":""2026-04-28T06:47:00.268246Z"",""no_price_dollars"":""0.2900"",""taker_side"":""yes"",""ticker"":""KXETH15M-26APR280300-00"",""trade_id"":""788a971e-106c-718e-d2e0-2ae8b53853db"",""yes_price_dollars"":""0.7100""}"
KXETH15M-26APR280300-00,97ab0d53-1cc7-6654-c7f1-9c62d84a092d,1777358820,0.7,1.0,no,"{""count_fp"":""1.00"",""created_time"":""2026-04-28T06:47:00.247124Z"",""no_price_dollars"":""0.3000"",""taker_side"":""no"",""ticker"":""KXETH15M-26APR280300-00"",""trade_id"":""97ab0d53-1cc7-6654-c7f1-9c62d84a092d"",""yes_price_dollars"":""0.7000""}"
KXETH15M-26APR280300-00,9cfeb7a1-7206-432a-8a24-2c7b57102f25,1777358821,0.72,1.0,yes,"{""count_fp"":""1.00"",""created_time"":""2026-04-28T06:47:01.621419Z"",""no_price_dollars"":""0.2800"",""taker_side"":""yes"",""ticker"":""KXETH15M-26APR280300-00"",""trade_id"":""9cfeb7a1-7206-432a-8a24-2c7b57102f25"",""yes_price_dollars"":""0.7200""}"
KXETH15M-26APR280300-00,f7a370dd-f90b-560c-1691-70fca42c2aad,1777358822,0.7,1.0,no,"{""count_fp"":""1.00"",""created_time"":""2026-04-28T06:47:02.647018Z"",""no_price_dollars"":""0.3000"",""taker_side"":""no"",""ticker"":""KXETH15M-26APR280300-00"",""trade_id"":""f7a370dd-f90b-560c-1691-70fca42c2aad"",""yes_price_dollars"":""0.7000""}"
KXETH15M-26APR280300-00,ecd7e307-4682-4ba1-20ec-f6c00e3c0c26,1777358825,0.71,10.0,yes,"{""count_fp"":""10.00"",""created_time"":""2026-04-28T06:47:05.896421Z"",""no_price_dollars"":""0.2900"",""taker_side"":""yes"",""ticker"":""KXETH15M-26APR280300-00"",""trade_id"":""ecd7e307-4682-4ba1-20ec-f6c00e3c0c26"",""yes_price_dollars"":""0.7100""}"
KXETH15M-26APR280300-00,a583c4f4-35bf-6cd3-2222-00e5840847f7,1777358829,0.74,2.65,yes,"{""count_fp"":""2.65"",""created_time"":""2026-04-28T06:47:09.573782Z"",""no_price_dollars"":""0.2600"",""taker_side"":""yes"",""ticker"":""KXETH15M-26APR280300-00"",""trade_id"":""a583c4f4-35bf-6cd3-2222-00e5840847f7"",""yes_price_dollars"":""0.7400""}"
KXETH15M-26APR280300-00,f0471c17-5a35-560f-19c9-70d0a2e4aa67,1777358831,0.73,1.35,yes,"{""count_fp"":""1.35"",""created_time"":""2026-04-28T06:47:11.845841Z"",""no_price_dollars"":""0.2700"",""taker_side"":""yes"",""ticker"":""KXETH15M-26APR280300-00"",""trade_id"":""f0471c17-5a35-560f-19c9-70d0a2e4aa67"",""yes_price_dollars"":""0.7300""}"
KXETH15M-26APR280300-00,fbfa8ffd-aa89-6a5b-f5fe-52b71cd33562,1777358833,0.7,1.0,no,"{""count_fp"":""1.00"",""created_time"":""2026-04-28T06:47:13.813Z"",""no_price_dollars"":""0.3000"",""taker_side"":""no"",""ticker"":""KXETH15M-26APR280300-00"",""trade_id"":""fbfa8ffd-aa89-6a5b-f5fe-52b71cd33562"",""yes_price_dollars"":""0.7000""}"
KXETH15M-26APR280300-00,e4799936-922f-6f54-ffc5-fc98b6f24d8d,1777358833,0.7,30.0,no,"{""count_fp"":""30.00"",""created_time"":""2026-04-28T06:47:13.813Z"",""no_price_dollars"":""0.3000"",""taker_side"":""no"",""ticker"":""KXETH15M-26APR280300-00"",""trade_id"":""e4799936-922f-6f54-ffc5-fc98b6f24d8d"",""yes_price_dollars"":""0.7000""}"
KXETH15M-26APR280300-00,c60f60a3-9702-6044-e7f4-59d902f38944,1777358833,0.7,2.0,no,"{""count_fp"":""2.00"",""created_time"":""2026-04-28T06:47:13.813Z"",""no_price_dollars"":""0.3000"",""taker_side"":""no"",""ticker"":""KXETH15M-26APR280300-00"",""trade_id"":""c60f60a3-9702-6044-e7f4-59d902f38944"",""yes_price_dollars"":""0.7000""}"
KXETH15M-26APR280300-00,f5da38f3-2113-5aba-2ecd-3875f5b68abd,1777358837,0.66,10.0,no,"{""count_fp"":""10.00"",""created_time"":""2026-04-28T06:47:17.714351Z"",""no_price_dollars"":""0.3400"",""taker_side"":""no"",""ticker"":""KXETH15M-26APR280300-00"",""trade_id"":""f5da38f3-2113-5aba-2ecd-3875f5b68abd"",""yes_price_dollars"":""0.6600""}"
KXETH15M-26APR280300-00,a22f9c36-6452-5cba-23a7-82f8a46d0486,1777358837,0.64,10.0,no,"{""count_fp"":""10.00"",""created_time"":""2026-04-28T06:47:17.714351Z"",""no_price_dollars"":""0.3600"",""taker_side"":""no"",""ticker"":""KXETH15M-26APR280300-00"",""trade_id"":""a22f9c36-6452-5cba-23a7-82f8a46d0486"",""yes_price_dollars"":""0.6400""}"
KXETH15M-26APR280300-00,82f5e516-e13e-5b2e-3682-f9725a47708f,1777358837,0.64,1.0,no,"{""count_fp"":""1.00"",""created_time"":""2026-04-28T06:47:17.714351Z"",""no_price_dollars"":""0.3600"",""taker_side"":""no"",""ticker"":""KXETH15M-26APR280300-00"",""trade_id"":""82f5e516-e13e-5b2e-3682-f9725a47708f"",""yes_price_dollars"":""0.6400""}"
KXETH15M-26APR280300-00,1e7ade31-da7f-5e6d-374a-9ead08e56c25,1777358837,0.66,22.0,no,"{""count_fp"":""22.00"",""created_time"":""2026-04-28T06:47:17.714351Z"",""no_price_dollars"":""0.3400"",""taker_side"":""no"",""ticker"":""KXETH15M-26APR280300-00"",""trade_id"":""1e7ade31-da7f-5e6d-374a-9ead08e56c25"",""yes_price_dollars"":""0.6600""}"
KXETH15M-26APR280300-00,1616bebc-cd7f-54ba-0c8b-930cae142f4a,1777358837,0.66,1.0,no,"{""count_fp"":""1.00"",""created_time"":""2026-04-28T06:47:17.714351Z"",""no_price_dollars"":""0.3400"",""taker_side"":""no"",""ticker"":""KXETH15M-26APR280300-00"",""trade_id"":""1616bebc-cd7f-54ba-0c8b-930cae142f4a"",""yes_price_dollars"":""0.6600""}"
KXETH15M-26APR280300-00,85d85523-2d5a-6234-d43d-8c886d19362c,1777358837,0.67,1.0,no,"{""count_fp"":""1.00"",""created_time"":""2026-04-28T06:47:17.701548Z"",""no_price_dollars"":""0.3300"",""taker_side"":""no"",""ticker"":""KXETH15M-26APR280300-00"",""trade_id"":""85d85523-2d5a-6234-d43d-8c886d19362c"",""yes_price_dollars"":""0.6700""}"
KXETH15M-26APR280300-00,658846ce-34ca-61fd-ccff-550aaccafa49,1777358837,0.67,5.0,no,"{""count_fp"":""5.00"",""created_time"":""2026-04-28T06:47:17.701548Z"",""no_price_dollars"":""0.3300"",""taker_side"":""no"",""ticker"":""KXETH15M-26APR280300-00"",""trade_id"":""658846ce-34ca-61fd-ccff-550aaccafa49"",""yes_price_dollars"":""0.6700""}"
KXETH15M-26APR280300-00,5fe5b31b-d599-6fb1-de10-b1764200a9fe,1777358837,0.67,0.53,no,"{""count_fp"":""0.53"",""created_time"":""2026-04-28T06:47:17.701548Z"",""no_price_dollars"":""0.3300"",""taker_side"":""no"",""ticker"":""KXETH15M-26APR280300-00"",""trade_id"":""5fe5b31b-d599-6fb1-de10-b1764200a9fe"",""yes_price_dollars"":""0.6700""}"
KXETH15M-26APR280300-00,2259f835-11bf-631c-fa71-2faef4114e62,1777358837,0.67,1.0,no,"{""count_fp"":""1.00"",""created_time"":""2026-04-28T06:47:17.701548Z"",""no_price_dollars"":""0.3300"",""taker_side"":""no"",""ticker"":""KXETH15M-26APR280300-00"",""trade_id"":""2259f835-11bf-631c-fa71-2faef4114e62"",""yes_price_dollars"":""0.6700""}"
KXETH15M-26APR280300-00,f0affd6d-1c3a-4daa-cc75-cf45465c8949,1777358842,0.64,100.0,yes,"{""count_fp"":""100.00"",""created_time"":""2026-04-28T06:47:22.948098Z"",""no_price_dollars"":""0.3600"",""taker_side"":""yes"",""ticker"":""KXETH15M-26APR280300-00"",""trade_id"":""f0affd6d-1c3a-4daa-cc75-cf45465c8949"",""yes_price_dollars"":""0.6400""}"
KXETH15M-26APR280300-00,e2090243-ca09-4521-e459-4acfa37bb43a,1777358842,0.65,1.0,yes,"{""count_fp"":""1.00"",""created_time"":""2026-04-28T06:47:22.948098Z"",""no_price_dollars"":""0.3500"",""taker_side"":""yes"",""ticker"":""KXETH15M-26APR280300-00"",""trade_id"":""e2090243-ca09-4521-e459-4acfa37bb43a"",""yes_price_dollars"":""0.6500""}"
KXETH15M-26APR280300-00,c4c08a1d-311a-4e76-cc09-c4064159b1e4,1777358842,0.65,10.0,yes,"{""count_fp"":""10.00"",""created_time"":""2026-04-28T06:47:22.948098Z"",""no_price_dollars"":""0.3500"",""taker_side"":""yes"",""ticker"":""KXETH15M-26APR280300-00"",""trade_id"":""c4c08a1d-311a-4e76-cc09-c4064159b1e4"",""yes_price_dollars"":""0.6500""}"
KXETH15M-26APR280300-00,c0823400-f691-496c-c2cf-20c9b81e5530,1777358842,0.67,220.0,yes,"{""count_fp"":""220.00"",""created_time"":""2026-04-28T06:47:22.948098Z"",""no_price_dollars"":""0.3300"",""taker_side"":""yes"",""ticker"":""KXETH15M-26APR280300-00"",""trade_id"":""c0823400-f691-496c-c2cf-20c9b81e5530"",""yes_price_dollars"":""0.6700""}"
KXETH15M-26APR280300-00,a8ab4474-a1c4-48ca-d83a-b674696b211d,1777358842,0.64,124.12,yes,"{""count_fp"":""124.12"",""created_time"":""2026-04-28T06:47:22.948098Z"",""no_price_dollars"":""0.3600"",""taker_side"":""yes"",""ticker"":""KXETH15M-26APR280300-00"",""trade_id"":""a8ab4474-a1c4-48ca-d83a-b674696b211d"",""yes_price_dollars"":""0.6400""}"
KXETH15M-26APR280300-00,72f0bc2f-5a59-4dc4-ef4c-db375a001cd3,1777358842,0.79,162.77,yes,"{""count_fp"":""162.77"",""created_time"":""2026-04-28T06:47:22.948098Z"",""no_price_dollars"":""0.2100"",""taker_side"":""yes"",""ticker"":""KXETH15M-26APR280300-00"",""trade_id"":""72f0bc2f-5a59-4dc4-ef4c-db375a001cd3"",""yes_price_dollars"":""0.7900""}"
KXETH15M-26APR280300-00,6392c67f-114e-4178-f838-258c03ce834d,1777358842,0.79,10.0,yes,"{""count_fp"":""10.00"",""created_time"":""2026-04-28T06:47:22.948098Z"",""no_price_dollars"":""0.2100"",""taker_side"":""yes"",""ticker"":""KXETH15M-26APR280300-00"",""trade_id"":""6392c67f-114e-4178-f838-258c03ce834d"",""yes_price_dollars"":""0.7900""}"
KXETH15M-26APR280300-00,51883092-ebc5-4126-ceac-58ea6f2aad41,1777358842,0.67,10.0,yes,"{""count_fp"":""10.00"",""created_time"":""2026-04-28T06:47:22.948098Z"",""no_price_dollars"":""0.3300"",""taker_side"":""yes"",""ticker"":""KXETH15M-26APR280300-00"",""trade_id"":""51883092-ebc5-4126-ceac-58ea6f2aad41"",""yes_price_dollars"":""0.6700""}"
KXETH15M-26APR280300-00,4c5f1c9c-3af7-4d55-fe87-6a0278fd9e98,1777358842,0.7,49.0,yes,"{""count_fp"":""49.00"",""created_time"":""2026-04-28T06:47:22.948098Z"",""no_price_dollars"":""0.3000"",""taker_side"":""yes"",""ticker"":""KXETH15M-26APR280300-00"",""trade_id"":""4c5f1c9c-3af7-4d55-fe87-6a0278fd9e98"",""yes_price_dollars"":""0.7000""}"
KXETH15M-26APR280300-00,0aeff6e4-55c3-4621-c1df-b954bc5759f1,1777358842,0.67,10.34,yes,"{""count_fp"":""10.34"",""created_time"":""2026-04-28T06:47:22.948098Z"",""no_price_dollars"":""0.3300"",""taker_side"":""yes"",""ticker"":""KXETH15M-26APR280300-00"",""trade_id"":""0aeff6e4-55c3-4621-c1df-b954bc5759f1"",""yes_price_dollars"":""0.6700""}"
KXETH15M-26APR280300-00,b5d88217-0b8a-6683-1efd-90bb24d52585,1777358842,0.62,2.39,no,"{""count_fp"":""2.39"",""created_time"":""2026-04-28T06:47:22.083641Z"",""no_price_dollars"":""0.3800"",""taker_side"":""no"",""ticker"":""KXETH15M-26APR280300-00"",""trade_id"":""b5d88217-0b8a-6683-1efd-90bb24d52585"",""yes_price_dollars"":""0.6200""}"
KXETH15M-26APR280300-00,deb6bfc8-6a6e-7812-69c4-093c11053f71,1777358847,0.63,1.0,yes,"{""count_fp"":""1.00"",""created_time"":""2026-04-28T06:47:27.755273Z"",""no_price_dollars"":""0.3700"",""taker_side"":""yes"",""ticker"":""KXETH15M-26APR280300-00"",""trade_id"":""deb6bfc8-6a6e-7812-69c4-093c11053f71"",""yes_price_dollars"":""0.6300""}"
KXETH15M-26APR280300-00,c878e824-4426-58ca-4c24-29d73c271a51,1777358853,0.59,3.0,yes,"{""count_fp"":""3.00"",""created_time"":""2026-04-28T06:47:33.692687Z"",""no_price_dollars"":""0.4100"",""taker_side"":""yes"",""ticker"":""KXETH15M-26APR280300-00"",""trade_id"":""c878e824-4426-58ca-4c24-29d73c271a51"",""yes_price_dollars"":""0.5900""}"
KXETH15M-26APR280300-00,4277ed2e-3466-5ebf-643e-ac75b814becc,1777358853,0.59,10.0,yes,"{""count_fp"":""10.00"",""created_time"":""2026-04-28T06:47:33.692687Z"",""no_price_dollars"":""0.4100"",""taker_side"":""yes"",""ticker"":""KXETH15M-26APR280300-00"",""trade_id"":""4277ed2e-3466-5ebf-643e-ac75b814becc"",""yes_price_dollars"":""0.5900""}"
KXETH15M-26APR280300-00,869010a8-c42f-69d5-446c-5c4f4c15c969,1777358853,0.53,7.0,no,"{""count_fp"":""7.00"",""created_time"":""2026-04-28T06:47:33.622869Z"",""no_price_dollars"":""0.4700"",""taker_side"":""no"",""ticker"":""KXETH15M-26APR280300-00"",""trade_id"":""869010a8-c42f-69d5-446c-5c4f4c15c969"",""yes_price_dollars"":""0.5300""}"
KXETH15M-26APR280300-00,f21d3b68-da9a-6d1f-e325-5c81e31490e1,1777358853,0.54,10.0,no,"{""count_fp"":""10.00"",""created_time"":""2026-04-28T06:47:33.584237Z"",""no_price_dollars"":""0.4600"",""taker_side"":""no"",""ticker"":""KXETH15M-26APR280300-00"",""trade_id"":""f21d3b68-da9a-6d1f-e325-5c81e31490e1"",""yes_price_dollars"":""0.5400""}"
KXETH15M-26APR280300-00,689e1886-69eb-6739-d86a-dfd150f70a11,1777358853,0.53,3.0,no,"{""count_fp"":""3.00"",""created_time"":""2026-04-28T06:47:33.584237Z"",""no_price_dollars"":""0.4700"",""taker_side"":""no"",""ticker"":""KXETH15M-26APR280300-00"",""trade_id"":""689e1886-69eb-6739-d86a-dfd150f70a11"",""yes_price_dollars"":""0.5300""}"
KXETH15M-26APR280300-00,7c77c8ce-d2a3-6c22-49dd-be4ca2fb0432,1777358853,0.59,2.0,no,"{""count_fp"":""2.00"",""created_time"":""2026-04-28T06:47:33.479861Z"",""no_price_dollars"":""0.4100"",""taker_side"":""no"",""ticker"":""KXETH15M-26APR280300-00"",""trade_id"":""7c77c8ce-d2a3-6c22-49dd-be4ca2fb0432"",""yes_price_dollars"":""0.5900""}"
KXETH15M-26APR280300-00,778bee14-00d5-64a4-5420-62b0180b3d91,1777358853,0.62,2.0,no,"{""count_fp"":""2.00"",""created_time"":""2026-04-28T06:47:33.479861Z"",""no_price_dollars"":""0.3800"",""taker_side"":""no"",""ticker"":""KXETH15M-26APR280300-00"",""trade_id"":""778bee14-00d5-64a4-5420-62b0180b3d91"",""yes_price_dollars"":""0.6200""}"
KXETH15M-26APR280300-00,666ca5cf-5ad5-6d35-7b71-0cdef1b03a20,1777358853,0.59,29.0,no,"{""count_fp"":""29.00"",""created_time"":""2026-04-28T06:47:33.479861Z"",""no_price_dollars"":""0.4100"",""taker_side"":""no"",""ticker"":""KXETH15M-26APR280300-00"",""trade_id"":""666ca5cf-5ad5-6d35-7b71-0cdef1b03a20"",""yes_price_dollars"":""0.5900""}"
KXETH15M-26APR280300-00,1f2e0c4f-d999-63dc-4c18-075bc7021685,1777358853,0.59,10.0,no,"{""count_fp"":""10.00"",""created_time"":""2026-04-28T06:47:33.479861Z"",""no_price_dollars"":""0.4100"",""taker_side"":""no"",""ticker"":""KXETH15M-26APR280300-00"",""trade_id"":""1f2e0c4f-d999-63dc-4c18-075bc7021685"",""yes_price_dollars"":""0.5900""}"
KXETH15M-26APR280300-00,85714799-c385-4963-a98b-cb0cced4aed7,1777358857,0.63,2.0,yes,"{""count_fp"":""2.00"",""created_time"":""2026-04-28T06:47:37.207692Z"",""no_price_dollars"":""0.3700"",""taker_side"":""yes"",""ticker"":""KXETH15M-26APR280300-00"",""trade_id"":""85714799-c385-4963-a98b-cb0cced4aed7"",""yes_price_dollars"":""0.6300""}"
KXETH15M-26APR280300-00,0cc4f743-d732-53b2-dd51-3087a42cf855,1777358858,0.71,1.0,yes,"{""count_fp"":""1.00"",""created_time"":""2026-04-28T06:47:38.036861Z"",""no_price_dollars"":""0.2900"",""taker_side"":""yes"",""ticker"":""KXETH15M-26APR280300-00"",""trade_id"":""0cc4f743-d732-53b2-dd51-3087a42cf855"",""yes_price_dollars"":""0.7100""}"
KXETH15M-26APR280300-00,2ecb1e98-1cd9-53bb-4121-5acd113f1fc1,1777358880,0.69,24.0,no,"{""count_fp"":""24.00"",""created_time"":""2026-04-28T06:48:00.107976Z"",""no_price_dollars"":""0.3100"",""taker_side"":""no"",""ticker"":""KXETH15M-26APR280300-00"",""trade_id"":""2ecb1e98-1cd9-53bb-4121-5acd113f1fc1"",""yes_price_dollars"":""0.6900""}"
KXETH15M-26APR280300-00,c4284866-893d-460f-d94c-97104f75c2e6,1777358885,0.62,10.0,no,"{""count_fp"":""10.00"",""created_time"":""2026-04-28T06:48:05.104374Z"",""no_price_dollars"":""0.3800"",""taker_side"":""no"",""ticker"":""KXETH15M-26APR280300-00"",""trade_id"":""c4284866-893d-460f-d94c-97104f75c2e6"",""yes_price_dollars"":""0.6200""}"
KXETH15M-26APR280300-00,be24d69c-a3f6-47fc-de8d-dbc9c2584c19,1777358885,0.66,1.0,no,"{""count_fp"":""1.00"",""created_time"":""2026-04-28T06:48:05.104374Z"",""no_price_dollars"":""0.3400"",""taker_side"":""no"",""ticker"":""KXETH15M-26APR280300-00"",""trade_id"":""be24d69c-a3f6-47fc-de8d-dbc9c2584c19"",""yes_price_dollars"":""0.6600""}"
KXETH15M-26APR280300-00,20a71b17-7b7c-4852-c06a-e7ddb817e097,1777358885,0.61,3.0,no,"{""count_fp"":""3.00"",""created_time"":""2026-04-28T06:48:05.104374Z"",""no_price_dollars"":""0.3900"",""taker_side"":""no"",""ticker"":""KXETH15M-26APR280300-00"",""trade_id"":""20a71b17-7b7c-4852-c06a-e7ddb817e097"",""yes_price_dollars"":""0.6100""}"
KXETH15M-26APR280300-00,1c713122-9004-4716-c760-f88f20dc9c28,1777358885,0.66,10.0,no,"{""count_fp"":""10.00"",""created_time"":""2026-04-28T06:48:05.104374Z"",""no_price_dollars"":""0.3400"",""taker_side"":""no"",""ticker"":""KXETH15M-26APR280300-00"",""trade_id"":""1c713122-9004-4716-c760-f88f20dc9c28"",""yes_price_dollars"":""0.6600""}"
KXETH15M-26APR280300-00,21fedeca-880d-47c0-e24a-dedb81bd0664,1777358889,0.56,10.93,no,"{""count_fp"":""10.93"",""created_time"":""2026-04-28T06:48:09.037764Z"",""no_price_dollars"":""0.4400"",""taker_side"":""no"",""ticker"":""KXETH15M-26APR280300-00"",""trade_id"":""21fedeca-880d-47c0-e24a-dedb81bd0664"",""yes_price_dollars"":""0.5600""}"
KXETH15M-26APR280300-00,e7164fe5-b8b9-72ea-cfee-cd1f7d42dc2a,1777358893,0.52,4.0,no,"{""count_fp"":""4.00"",""created_time"":""2026-04-28T06:48:13.225237Z"",""no_price_dollars"":""0.4800"",""taker_side"":""no"",""ticker"":""KXETH15M-26APR280300-00"",""trade_id"":""e7164fe5-b8b9-72ea-cfee-cd1f7d42dc2a"",""yes_price_dollars"":""0.5200""}"
KXETH15M-26APR280300-00,dcf37d15-7f7e-7b0e-208f-9ecbb5fa2245,1777358902,0.59,20.0,yes,"{""count_fp"":""20.00"",""created_time"":""2026-04-28T06:48:22.973403Z"",""no_price_dollars"":""0.4100"",""taker_side"":""yes"",""ticker"":""KXETH15M-26APR280300-00"",""trade_id"":""dcf37d15-7f7e-7b0e-208f-9ecbb5fa2245"",""yes_price_dollars"":""0.5900""}"
KXETH15M-26APR280300-00,f3f1106d-2d9e-6f76-148e-12a0ca0328e9,1777358902,0.57,1.0,yes,"{""count_fp"":""1.00"",""created_time"":""2026-04-28T06:48:22.099956Z"",""no_price_dollars"":""0.4300"",""taker_side"":""yes"",""ticker"":""KXETH15M-26APR280300-00"",""trade_id"":""f3f1106d-2d9e-6f76-148e-12a0ca0328e9"",""yes_price_dollars"":""0.5700""}"
KXETH15M-26APR280300-00,144dff7a-0339-699d-3527-0b8f4ba82e76,1777358902,0.56,2.0,yes,"{""count_fp"":""2.00"",""created_time"":""2026-04-28T06:48:22.099956Z"",""no_price_dollars"":""0.4400"",""taker_side"":""yes"",""ticker"":""KXETH15M-26APR280300-00"",""trade_id"":""144dff7a-0339-699d-3527-0b8f4ba82e76"",""yes_price_dollars"":""0.5600""}"
KXETH15M-26APR280300-00,3341e732-85a2-526a-1883-03d76ba2d3a9,1777358907,0.65,1.0,yes,"{""count_fp"":""1.00"",""created_time"":""2026-04-28T06:48:27.885544Z"",""no_price_dollars"":""0.3500"",""taker_side"":""yes"",""ticker"":""KXETH15M-26APR280300-00"",""trade_id"":""3341e732-85a2-526a-1883-03d76ba2d3a9"",""yes_price_dollars"":""0.6500""}"
KXETH15M-26APR280300-00,3d246821-2fe3-4d02-b89d-51937f2aacd8,1777358919,0.68,1.0,yes,"{""count_fp"":""1.00"",""created_time"":""2026-04-28T06:48:39.150498Z"",""no_price_dollars"":""0.3200"",""taker_side"":""yes"",""ticker"":""KXETH15M-26APR280300-00"",""trade_id"":""3d246821-2fe3-4d02-b89d-51937f2aacd8"",""yes_price_dollars"":""0.6800""}"
KXETH15M-26APR280300-00,355e2996-7f2f-7e25-500a-2a86e15b2549,1777358932,0.67,10.0,yes,"{""count_fp"":""10.00"",""created_time"":""2026-04-28T06:48:52.441454Z"",""no_price_dollars"":""0.3300"",""taker_side"":""yes"",""ticker"":""KXETH15M-26APR280300-00"",""trade_id"":""355e2996-7f2f-7e25-500a-2a86e15b2549"",""yes_price_dollars"":""0.6700""}"
KXETH15M-26APR280300-00,9d71ad42-d0da-616d-2ade-3b962f4cedba,1777358935,0.7,1.0,no,"{""count_fp"":""1.00"",""created_time"":""2026-04-28T06:48:55.090891Z"",""no_price_dollars"":""0.3000"",""taker_side"":""no"",""ticker"":""KXETH15M-26APR280300-00"",""trade_id"":""9d71ad42-d0da-616d-2ade-3b962f4cedba"",""yes_price_dollars"":""0.7000""}"
KXETH15M-26APR280300-00,7b9216b8-6a91-680d-300d-0dbf1fa2ef01,1777358935,0.69,12.26,no,"{""count_fp"":""12.26"",""created_time"":""2026-04-28T06:48:55.090891Z"",""no_price_dollars"":""0.3100"",""taker_side"":""no"",""ticker"":""KXETH15M-26APR280300-00"",""trade_id"":""7b9216b8-6a91-680d-300d-0dbf1fa2ef01"",""yes_price_dollars"":""0.6900""}"
KXETH15M-26APR280300-00,361ed967-7c0e-69ce-2018-2cb2f0d47ee4,1777358935,0.68,11.74,no,"{""count_fp"":""11.74"",""created_time"":""2026-04-28T06:48:55.090891Z"",""no_price_dollars"":""0.3200"",""taker_side"":""no"",""ticker"":""KXETH15M-26APR280300-00"",""trade_id"":""361ed967-7c0e-69ce-2018-2cb2f0d47ee4"",""yes_price_dollars"":""0.6800""}"
KXETH15M-26APR280300-00,372187ed-9162-5a02-42ab-68231a3b6084,1777358938,0.69,11.62,no,"{""count_fp"":""11.62"",""created_time"":""2026-04-28T06:48:58.723918Z"",""no_price_dollars"":""0.3100"",""taker_side"":""no"",""ticker"":""KXETH15M-26APR280300-00"",""trade_id"":""372187ed-9162-5a02-42ab-68231a3b6084"",""yes_price_dollars"":""0.6900""}"
KXETH15M-26APR280300-00,0925c74a-4b54-5b30-4810-c3ef11ca81ce,1777358938,0.7,1.0,no,"{""count_fp"":""1.00"",""created_time"":""2026-04-28T06:48:58.723918Z"",""no_price_dollars"":""0.3000"",""taker_side"":""no"",""ticker"":""KXETH15M-26APR280300-00"",""trade_id"":""0925c74a-4b54-5b30-4810-c3ef11ca81ce"",""yes_price_dollars"":""0.7000""}"
KXETH15M-26APR280300-00,00b4e2fe-99ab-56fc-6b9b-6ced5885c41b,1777358938,0.7,12.09,no,"{""count_fp"":""12.09"",""created_time"":""2026-04-28T06:48:58.723918Z"",""no_price_dollars"":""0.3000"",""taker_side"":""no"",""ticker"":""KXETH15M-26APR280300-00"",""trade_id"":""00b4e2fe-99ab-56fc-6b9b-6ced5885c41b"",""yes_price_dollars"":""0.7000""}"
KXETH15M-26APR280300-00,5bd26e7a-d916-574a-d369-c413b5a5a8c9,1777358940,0.71,9.3,yes,"{""count_fp"":""9.30"",""created_time"":""2026-04-28T06:49:00.189524Z"",""no_price_dollars"":""0.2900"",""taker_side"":""yes"",""ticker"":""KXETH15M-26APR280300-00"",""trade_id"":""5bd26e7a-d916-574a-d369-c413b5a5a8c9"",""yes_price_dollars"":""0.7100""}"
KXETH15M-26APR280300-00,a61a8fe4-0533-6202-6fbe-2403484b000a,1777358941,0.7,3.0,yes,"{""count_fp"":""3.00"",""created_time"":""2026-04-28T06:49:01.022752Z"",""no_price_dollars"":""0.3000"",""taker_side"":""yes"",""ticker"":""KXETH15M-26APR280300-00"",""trade_id"":""a61a8fe4-0533-6202-6fbe-2403484b000a"",""yes_price_dollars"":""0.7000""}"
KXETH15M-26APR280300-00,f7742cbd-2c1a-564e-3111-388d2b672d99,1777358942,0.73,1.0,yes,"{""count_fp"":""1.00"",""created_time"":""2026-04-28T06:49:02.754819Z"",""no_price_dollars"":""0.2700"",""taker_side"":""yes"",""ticker"":""KXETH15M-26APR280300-00"",""trade_id"":""f7742cbd-2c1a-564e-3111-388d2b672d99"",""yes_price_dollars"":""0.7300""}"
KXETH15M-26APR280300-00,f25bb62e-ddaa-6a59-a4e1-1723d875a49c,1777358945,0.71,11.92,no,"{""count_fp"":""11.92"",""created_time"":""2026-04-28T06:49:05.101677Z"",""no_price_dollars"":""0.2900"",""taker_side"":""no"",""ticker"":""KXETH15M-26APR280300-00"",""trade_id"":""f25bb62e-ddaa-6a59-a4e1-1723d875a49c"",""yes_price_dollars"":""0.7100""}"
KXETH15M-26APR280300-00,baf6e040-a142-6785-b455-5b47876069a8,1777358945,0.72,1.0,no,"{""count_fp"":""1.00"",""created_time"":""2026-04-28T06:49:05.101677Z"",""no_price_dollars"":""0.2800"",""taker_side"":""no"",""ticker"":""KXETH15M-26APR280300-00"",""trade_id"":""baf6e040-a142-6785-b455-5b47876069a8"",""yes_price_dollars"":""0.7200""}"
KXETH15M-26APR280300-00,3adc763a-de5a-6bae-9c44-693c9e04f33c,1777358945,0.7,16.08,no,"{""count_fp"":""16.08"",""created_time"":""2026-04-28T06:49:05.101677Z"",""no_price_dollars"":""0.3000"",""taker_side"":""no"",""ticker"":""KXETH15M-26APR280300-00"",""trade_id"":""3adc763a-de5a-6bae-9c44-693c9e04f33c"",""yes_price_dollars"":""0.7000""}"
KXETH15M-26APR280300-00,190bb244-45ed-6c35-bc59-df5a092495b1,1777358945,0.7,10.0,no,"{""count_fp"":""10.00"",""created_time"":""2026-04-28T06:49:05.101677Z"",""no_price_dollars"":""0.3000"",""taker_side"":""no"",""ticker"":""KXETH15M-26APR280300-00"",""trade_id"":""190bb244-45ed-6c35-bc59-df5a092495b1"",""yes_price_dollars"":""0.7000""}"
KXETH15M-26APR280300-00,adf3fc60-58b6-60fe-fa32-109ecaf4d5dd,1777358946,0.74,13.39,yes,"{""count_fp"":""13.39"",""created_time"":""2026-04-28T06:49:06.513039Z"",""no_price_dollars"":""0.2600"",""taker_side"":""yes"",""ticker"":""KXETH15M-26APR280300-00"",""trade_id"":""adf3fc60-58b6-60fe-fa32-109ecaf4d5dd"",""yes_price_dollars"":""0.7400""}"
KXETH15M-26APR280300-00,a27868e3-a859-6589-e5a5-a07bb1d5aef8,1777358946,0.74,9.61,yes,"{""count_fp"":""9.61"",""created_time"":""2026-04-28T06:49:06.513039Z"",""no_price_dollars"":""0.2600"",""taker_side"":""yes"",""ticker"":""KXETH15M-26APR280300-00"",""trade_id"":""a27868e3-a859-6589-e5a5-a07bb1d5aef8"",""yes_price_dollars"":""0.7400""}"
KXETH15M-26APR280300-00,519b70cf-0f54-6a19-c65f-fb9808521af3,1777358946,0.74,10.0,yes,"{""count_fp"":""10.00"",""created_time"":""2026-04-28T06:49:06.513039Z"",""no_price_dollars"":""0.2600"",""taker_side"":""yes"",""ticker"":""KXETH15M-26APR280300-00"",""trade_id"":""519b70cf-0f54-6a19-c65f-fb9808521af3"",""yes_price_dollars"":""0.7400""}"
KXETH15M-26APR280300-00,9051a040-89d2-5dfa-9e96-369941741aed,1777358950,0.73,4.0,yes,"{""count_fp"":""4.00"",""created_time"":""2026-04-28T06:49:10.746132Z"",""no_price_dollars"":""0.2700"",""taker_side"":""yes"",""ticker"":""KXETH15M-26APR280300-00"",""trade_id"":""9051a040-89d2-5dfa-9e96-369941741aed"",""yes_price_dollars"":""0.7300""}"
KXETH15M-26APR280300-00,31a43a21-d326-50b7-5b6a-c1d1b3ad58a5,1777358951,0.73,1.0,yes,"{""count_fp"":""1.00"",""created_time"":""2026-04-28T06:49:11.648585Z"",""no_price_dollars"":""0.2700"",""taker_side"":""yes"",""ticker"":""KXETH15M-26APR280300-00"",""trade_id"":""31a43a21-d326-50b7-5b6a-c1d1b3ad58a5"",""yes_price_dollars"":""0.7300""}"
KXETH15M-26APR280300-00,64ec88a6-acb3-7ca2-47d1-1eaf995eb543,1777358957,0.73,1.0,no,"{""count_fp"":""1.00"",""created_time"":""2026-04-28T06:49:17.496949Z"",""no_price_dollars"":""0.2700"",""taker_side"":""no"",""ticker"":""KXETH15M-26APR280300-00"",""trade_id"":""64ec88a6-acb3-7ca2-47d1-1eaf995eb543"",""yes_price_dollars"":""0.7300""}"
KXETH15M-26APR280300-00,fbc0d8bc-a4d1-7896-450a-81b1e3d1e00a,1777358959,0.72,10.0,no,"{""count_fp"":""10.00"",""created_time"":""2026-04-28T06:49:19.846793Z"",""no_price_dollars"":""0.2800"",""taker_side"":""no"",""ticker"":""KXETH15M-26APR280300-00"",""trade_id"":""fbc0d8bc-a4d1-7896-450a-81b1e3d1e00a"",""yes_price_dollars"":""0.7200""}"
KXETH15M-26APR280300-00,f35eae8f-d544-7710-669a-2f7c9881abb0,1777358959,0.71,4.93,no,"{""count_fp"":""4.93"",""created_time"":""2026-04-28T06:49:19.846793Z"",""no_price_dollars"":""0.2900"",""taker_side"":""no"",""ticker"":""KXETH15M-26APR280300-00"",""trade_id"":""f35eae8f-d544-7710-669a-2f7c9881abb0"",""yes_price_dollars"":""0.7100""}"
KXETH15M-26APR280300-00,d45dc3a5-2512-7593-48f5-4b8d385f1933,1777358959,0.74,1.0,no,"{""count_fp"":""1.00"",""created_time"":""2026-04-28T06:49:19.846793Z"",""no_price_dollars"":""0.2600"",""taker_side"":""no"",""ticker"":""KXETH15M-26APR280300-00"",""trade_id"":""d45dc3a5-2512-7593-48f5-4b8d385f1933"",""yes_price_dollars"":""0.7400""}"
KXETH15M-26APR280300-00,f820b011-7eaf-7129-ac52-0180b7fd0848,1777358962,0.73,6.84,yes,"{""count_fp"":""6.84"",""created_time"":""2026-04-28T06:49:22.754011Z"",""no_price_dollars"":""0.2700"",""taker_side"":""yes"",""ticker"":""KXETH15M-26APR280300-00"",""trade_id"":""f820b011-7eaf-7129-ac52-0180b7fd0848"",""yes_price_dollars"":""0.7300""}"
KXETH15M-26APR280300-00,cff5927e-51f7-60de-5bf2-30ee67c02e84,1777358971,0.73,39.0,no,"{""count_fp"":""39.00"",""created_time"":""2026-04-28T06:49:31.075313Z"",""no_price_dollars"":""0.2700"",""taker_side"":""no"",""ticker"":""KXETH15M-26APR280300-00"",""trade_id"":""cff5927e-51f7-60de-5bf2-30ee67c02e84"",""yes_price_dollars"":""0.7300""}"
KXETH15M-26APR280300-00,c97d6c88-d663-67ac-7332-f137e4671297,1777358971,0.76,1.0,no,"{""count_fp"":""1.00"",""created_time"":""2026-04-28T06:49:31.075313Z"",""no_price_dollars"":""0.2400"",""taker_side"":""no"",""ticker"":""KXETH15M-26APR280300-00"",""trade_id"":""c97d6c88-d663-67ac-7332-f137e4671297"",""yes_price_dollars"":""0.7600""}"
KXETH15M-26APR280300-00,61ad1d11-4b1b-6dd0-69a2-5f5f50043265,1777358971,0.75,1.0,no,"{""count_fp"":""1.00"",""created_time"":""2026-04-28T06:49:31.075313Z"",""no_price_dollars"":""0.2500"",""taker_side"":""no"",""ticker"":""KXETH15M-26APR280300-00"",""trade_id"":""61ad1d11-4b1b-6dd0-69a2-5f5f50043265"",""yes_price_dollars"":""0.7500""}"
KXETH15M-26APR280300-00,1808259f-2fac-43a5-616e-f3a7b8f9802b,1777358974,0.76,1.0,yes,"{""count_fp"":""1.00"",""created_time"":""2026-04-28T06:49:34.521085Z"",""no_price_dollars"":""0.2400"",""taker_side"":""yes"",""ticker"":""KXETH15M-26APR280300-00"",""trade_id"":""1808259f-2fac-43a5-616e-f3a7b8f9802b"",""yes_price_dollars"":""0.7600""}"
KXETH15M-26APR280300-00,2d378fd7-aaa8-4ce9-383b-563c16d19c3b,1777358978,0.76,1.0,yes,"{""count_fp"":""1.00"",""created_time"":""2026-04-28T06:49:38.791978Z"",""no_price_dollars"":""0.2400"",""taker_side"":""yes"",""ticker"":""KXETH15M-26APR280300-00"",""trade_id"":""2d378fd7-aaa8-4ce9-383b-563c16d19c3b"",""yes_price_dollars"":""0.7600""}"
KXETH15M-26APR280300-00,1149f453-ded3-5369-f764-cdc5cb385ac4,1777358984,0.79,1.0,yes,"{""count_fp"":""1.00"",""created_time"":""2026-04-28T06:49:44.649368Z"",""no_price_dollars"":""0.2100"",""taker_side"":""yes"",""ticker"":""KXETH15M-26APR280300-00"",""trade_id"":""1149f453-ded3-5369-f764-cdc5cb385ac4"",""yes_price_dollars"":""0.7900""}"
KXETH15M-26APR280300-00,7e368930-5e1a-5829-53ee-e504d720452d,1777358986,0.79,1.0,yes,"{""count_fp"":""1.00"",""created_time"":""2026-04-28T06:49:46.649405Z"",""no_price_dollars"":""0.2100"",""taker_side"":""yes"",""ticker"":""KXETH15M-26APR280300-00"",""trade_id"":""7e368930-5e1a-5829-53ee-e504d720452d"",""yes_price_dollars"":""0.7900""}"
KXETH15M-26APR280300-00,05c1095a-cc7e-53f5-86f2-f393841fa3d5,1777358986,0.79,0.53,yes,"{""count_fp"":""0.53"",""created_time"":""2026-04-28T06:49:46.376049Z"",""no_price_dollars"":""0.2100"",""taker_side"":""yes"",""ticker"":""KXETH15M-26APR280300-00"",""trade_id"":""05c1095a-cc7e-53f5-86f2-f393841fa3d5"",""yes_price_dollars"":""0.7900""}"
KXETH15M-26APR280300-00,50969013-79ca-4872-01c8-55a51708966f,1777358995,0.78,1.0,no,"{""count_fp"":""1.00"",""created_time"":""2026-04-28T06:49:55.311639Z"",""no_price_dollars"":""0.2200"",""taker_side"":""no"",""ticker"":""KXETH15M-26APR280300-00"",""trade_id"":""50969013-79ca-4872-01c8-55a51708966f"",""yes_price_dollars"":""0.7800""}"
KXETH15M-26APR280300-00,01e69e80-94f4-4bed-2088-8723076b7f74,1777358995,0.77,1.0,no,"{""count_fp"":""1.00"",""created_time"":""2026-04-28T06:49:55.311639Z"",""no_price_dollars"":""0.2300"",""taker_side"":""no"",""ticker"":""KXETH15M-26APR280300-00"",""trade_id"":""01e69e80-94f4-4bed-2088-8723076b7f74"",""yes_price_dollars"":""0.7700""}"
KXETH15M-26APR280300-00,d5d77c5b-db7d-619c-03d6-2b280504ef7f,1777358997,0.78,1.0,no,"{""count_fp"":""1.00"",""created_time"":""2026-04-28T06:49:57.476118Z"",""no_price_dollars"":""0.2200"",""taker_side"":""no"",""ticker"":""KXETH15M-26APR280300-00"",""trade_id"":""d5d77c5b-db7d-619c-03d6-2b280504ef7f"",""yes_price_dollars"":""0.7800""}"
KXETH15M-26APR280300-00,6cced0b5-1f68-6c78-3c42-17f3122d2e96,1777358997,0.78,0.28,no,"{""count_fp"":""0.28"",""created_time"":""2026-04-28T06:49:57.476118Z"",""no_price_dollars"":""0.2200"",""taker_side"":""no"",""ticker"":""KXETH15M-26APR280300-00"",""trade_id"":""6cced0b5-1f68-6c78-3c42-17f3122d2e96"",""yes_price_dollars"":""0.7800""}"
KXETH15M-26APR280300-00,bc625160-9b99-45ba-d996-84f0dcc8f6c4,1777359000,0.83,9.0,yes,"{""count_fp"":""9.00"",""created_time"":""2026-04-28T06:50:00.326858Z"",""no_price_dollars"":""0.1700"",""taker_side"":""yes"",""ticker"":""KXETH15M-26APR280300-00"",""trade_id"":""bc625160-9b99-45ba-d996-84f0dcc8f6c4"",""yes_price_dollars"":""0.8300""}"
KXETH15M-26APR280300-00,a284b2a2-b2a8-499a-cdbe-d52cfc6ffc92,1777359000,0.79,5.0,yes,"{""count_fp"":""5.00"",""created_time"":""2026-04-28T06:50:00.326858Z"",""no_price_dollars"":""0.2100"",""taker_side"":""yes"",""ticker"":""KXETH15M-26APR280300-00"",""trade_id"":""a284b2a2-b2a8-499a-cdbe-d52cfc6ffc92"",""yes_price_dollars"":""0.7900""}"
KXETH15M-26APR280300-00,8ba97c55-a68c-4eb1-cc7f-3df0ac9aa9ad,1777359000,0.83,6.0,yes,"{""count_fp"":""6.00"",""created_time"":""2026-04-28T06:50:00.326858Z"",""no_price_dollars"":""0.1700"",""taker_side"":""yes"",""ticker"":""KXETH15M-26APR280300-00"",""trade_id"":""8ba97c55-a68c-4eb1-cc7f-3df0ac9aa9ad"",""yes_price_dollars"":""0.8300""}"
KXETH15M-26APR280300-00,045f1ab9-42dd-6ac6-100e-468e6d70207c,1777359002,0.83,1.0,yes,"{""count_fp"":""1.00"",""created_time"":""2026-04-28T06:50:02.311633Z"",""no_price_dollars"":""0.1700"",""taker_side"":""yes"",""ticker"":""KXETH15M-26APR280300-00"",""trade_id"":""045f1ab9-42dd-6ac6-100e-468e6d70207c"",""yes_price_dollars"":""0.8300""}"
KXETH15M-26APR280300-00,fadf3c32-0203-4879-afb8-a76a2c22060e,1777359003,0.83,1.0,no,"{""count_fp"":""1.00"",""created_time"":""2026-04-28T06:50:03.117708Z"",""no_price_dollars"":""0.1700"",""taker_side"":""no"",""ticker"":""KXETH15M-26APR280300-00"",""trade_id"":""fadf3c32-0203-4879-afb8-a76a2c22060e"",""yes_price_dollars"":""0.8300""}"
KXETH15M-26APR280300-00,603a19a5-f820-4c96-9512-ef5170a81a60,1777359003,0.83,2.0,no,"{""count_fp"":""2.00"",""created_time"":""2026-04-28T06:50:03.117708Z"",""no_price_dollars"":""0.1700"",""taker_side"":""no"",""ticker"":""KXETH15M-26APR280300-00"",""trade_id"":""603a19a5-f820-4c96-9512-ef5170a81a60"",""yes_price_dollars"":""0.8300""}"
KXETH15M-26APR280300-00,135b5a31-4bfb-4c82-b97b-a69930cc5110,1777359003,0.82,53.0,no,"{""count_fp"":""53.00"",""created_time"":""2026-04-28T06:50:03.117708Z"",""no_price_dollars"":""0.1800"",""taker_side"":""no"",""ticker"":""KXETH15M-26APR280300-00"",""trade_id"":""135b5a31-4bfb-4c82-b97b-a69930cc5110"",""yes_price_dollars"":""0.8200""}"
KXETH15M-26APR280300-00,ca02c85f-d82c-775d-4279-bae15ba0a3a0,1777359004,0.85,5.0,yes,"{""count_fp"":""5.00"",""created_time"":""2026-04-28T06:50:04.682673Z"",""no_price_dollars"":""0.1500"",""taker_side"":""yes"",""ticker"":""KXETH15M-26APR280300-00"",""trade_id"":""ca02c85f-d82c-775d-4279-bae15ba0a3a0"",""yes_price_dollars"":""0.8500""}"
KXETH15M-26APR280300-00,4cb8c5b8-df08-7773-4d26-bce270b4d2fa,1777359004,0.84,1.0,yes,"{""count_fp"":""1.00"",""created_time"":""2026-04-28T06:50:04.682673Z"",""no_price_dollars"":""0.1600"",""taker_side"":""yes"",""ticker"":""KXETH15M-26APR280300-00"",""trade_id"":""4cb8c5b8-df08-7773-4d26-bce270b4d2fa"",""yes_price_dollars"":""0.8400""}"
KXETH15M-26APR280300-00,1351cfea-448d-7146-458d-4e2c8997ddab,1777359004,0.85,50.32,yes,"{""count_fp"":""50.32"",""created_time"":""2026-04-28T06:50:04.682673Z"",""no_price_dollars"":""0.1500"",""taker_side"":""yes"",""ticker"":""KXETH15M-26APR280300-00"",""trade_id"":""1351cfea-448d-7146-458d-4e2c8997ddab"",""yes_price_dollars"":""0.8500""}"
KXETH15M-26APR280300-00,cc11c6ed-d16d-7446-890e-aac56edc72db,1777359005,0.85,74.68,yes,"{""count_fp"":""74.68"",""created_time"":""2026-04-28T06:50:05.824524Z"",""no_price_dollars"":""0.1500"",""taker_side"":""yes"",""ticker"":""KXETH15M-26APR280300-00"",""trade_id"":""cc11c6ed-d16d-7446-890e-aac56edc72db"",""yes_price_dollars"":""0.8500""}"
KXETH15M-26APR280300-00,808034fc-3a35-44e2-70fe-6ff53b77d92d,1777359007,0.86,10.8,no,"{""count_fp"":""10.80"",""created_time"":""2026-04-28T06:50:07.562604Z"",""no_price_dollars"":""0.1400"",""taker_side"":""no"",""ticker"":""KXETH15M-26APR280300-00"",""trade_id"":""808034fc-3a35-44e2-70fe-6ff53b77d92d"",""yes_price_dollars"":""0.8600""}"
KXETH15M-26APR280300-00,60fe5b6a-10af-4e79-7cb3-1c3ef349d3a0,1777359007,0.86,1.0,no,"{""count_fp"":""1.00"",""created_time"":""2026-04-28T06:50:07.562604Z"",""no_price_dollars"":""0.1400"",""taker_side"":""no"",""ticker"":""KXETH15M-26APR280300-00"",""trade_id"":""60fe5b6a-10af-4e79-7cb3-1c3ef349d3a0"",""yes_price_dollars"":""0.8600""}"
KXETH15M-26APR280300-00,9b7e84d8-4757-7bf8-1ca3-c18a8f29c207,1777359009,0.87,27.0,yes,"{""count_fp"":""27.00"",""created_time"":""2026-04-28T06:50:09.929388Z"",""no_price_dollars"":""0.1300"",""taker_side"":""yes"",""ticker"":""KXETH15M-26APR280300-00"",""trade_id"":""9b7e84d8-4757-7bf8-1ca3-c18a8f29c207"",""yes_price_dollars"":""0.8700""}"
KXETH15M-26APR280300-00,576097b6-43dc-73fd-2a48-fcdf2b6bfafc,1777359009,0.87,3.0,yes,"{""count_fp"":""3.00"",""created_time"":""2026-04-28T06:50:09.929388Z"",""no_price_dollars"":""0.1300"",""taker_side"":""yes"",""ticker"":""KXETH15M-26APR280300-00"",""trade_id"":""576097b6-43dc-73fd-2a48-fcdf2b6bfafc"",""yes_price_dollars"":""0.8700""}"
KXETH15M-26APR280300-00,d912d44e-72b9-5fb2-1c8a-7fc81ae59c35,1777359009,0.86,2.82,no,"{""count_fp"":""2.82"",""created_time"":""2026-04-28T06:50:09.576337Z"",""no_price_dollars"":""0.1400"",""taker_side"":""no"",""ticker"":""KXETH15M-26APR280300-00"",""trade_id"":""d912d44e-72b9-5fb2-1c8a-7fc81ae59c35"",""yes_price_dollars"":""0.8600""}"
KXETH15M-26APR280300-00,97f77ac7-09b7-580a-2f4c-fa4c86af9d58,1777359009,0.86,10.07,no,"{""count_fp"":""10.07"",""created_time"":""2026-04-28T06:50:09.576337Z"",""no_price_dollars"":""0.1400"",""taker_side"":""no"",""ticker"":""KXETH15M-26APR280300-00"",""trade_id"":""97f77ac7-09b7-580a-2f4c-fa4c86af9d58"",""yes_price_dollars"":""0.8600""}"
KXETH15M-26APR280300-00,64972d3f-de0c-704c-2bc1-6c82697e9ab1,1777359015,0.89,75.0,yes,"{""count_fp"":""75.00"",""created_time"":""2026-04-28T06:50:15.907009Z"",""no_price_dollars"":""0.1100"",""taker_side"":""yes"",""ticker"":""KXETH15M-26APR280300-00"",""trade_id"":""64972d3f-de0c-704c-2bc1-6c82697e9ab1"",""yes_price_dollars"":""0.8900""}"
KXETH15M-26APR280300-00,3a80ef3c-f088-7630-2b70-459a27ef28fd,1777359015,0.89,11.0,yes,"{""count_fp"":""11.00"",""created_time"":""2026-04-28T06:50:15.907009Z"",""no_price_dollars"":""0.1100"",""taker_side"":""yes"",""ticker"":""KXETH15M-26APR280300-00"",""trade_id"":""3a80ef3c-f088-7630-2b70-459a27ef28fd"",""yes_price_dollars"":""0.8900""}"
KXETH15M-26APR280300-00,0dee8f59-c827-7bfe-2eaa-b4c8c2060e21,1777359015,0.89,1.0,yes,"{""count_fp"":""1.00"",""created_time"":""2026-04-28T06:50:15.907009Z"",""no_price_dollars"":""0.1100"",""taker_side"":""yes"",""ticker"":""KXETH15M-26APR280300-00"",""trade_id"":""0dee8f59-c827-7bfe-2eaa-b4c8c2060e21"",""yes_price_dollars"":""0.8900""}"
KXETH15M-26APR280300-00,5f3c9a6d-102c-55d4-e08c-64f8b46aff15,1777359015,0.89,1.0,yes,"{""count_fp"":""1.00"",""created_time"":""2026-04-28T06:50:15.785873Z"",""no_price_dollars"":""0.1100"",""taker_side"":""yes"",""ticker"":""KXETH15M-26APR280300-00"",""trade_id"":""5f3c9a6d-102c-55d4-e08c-64f8b46aff15"",""yes_price_dollars"":""0.8900""}"
KXETH15M-26APR280300-00,4d97b10c-1404-54bb-4cc8-63a92f83de12,1777359020,0.9,1.0,yes,"{""count_fp"":""1.00"",""created_time"":""2026-04-28T06:50:20.837964Z"",""no_price_dollars"":""0.1000"",""taker_side"":""yes"",""ticker"":""KXETH15M-26APR280300-00"",""trade_id"":""4d97b10c-1404-54bb-4cc8-63a92f83de12"",""yes_price_dollars"":""0.9000""}"
KXETH15M-26APR280300-00,fe58191a-6a54-641e-4f26-3ee2201fc1c8,1777359025,0.89,10.0,no,"{""count_fp"":""10.00"",""created_time"":""2026-04-28T06:50:25.835375Z"",""no_price_dollars"":""0.1100"",""taker_side"":""no"",""ticker"":""KXETH15M-26APR280300-00"",""trade_id"":""fe58191a-6a54-641e-4f26-3ee2201fc1c8"",""yes_price_dollars"":""0.8900""}"
KXETH15M-26APR280300-00,690b52da-11eb-653d-707f-060a29e6b937,1777359025,0.89,12.62,no,"{""count_fp"":""12.62"",""created_time"":""2026-04-28T06:50:25.835375Z"",""no_price_dollars"":""0.1100"",""taker_side"":""no"",""ticker"":""KXETH15M-26APR280300-00"",""trade_id"":""690b52da-11eb-653d-707f-060a29e6b937"",""yes_price_dollars"":""0.8900""}"
KXETH15M-26APR280300-00,5fb9dbd3-14a6-6a5a-6f2e-867f1c0c13b4,1777359025,0.88,42.7,no,"{""count_fp"":""42.70"",""created_time"":""2026-04-28T06:50:25.835375Z"",""no_price_dollars"":""0.1200"",""taker_side"":""no"",""ticker"":""KXETH15M-26APR280300-00"",""trade_id"":""5fb9dbd3-14a6-6a5a-6f2e-867f1c0c13b4"",""yes_price_dollars"":""0.8800""}"
KXETH15M-26APR280300-00,4b87e03c-11f0-6762-7e08-da377e290e9e,1777359025,0.89,1.0,no,"{""count_fp"":""1.00"",""created_time"":""2026-04-28T06:50:25.835375Z"",""no_price_dollars"":""0.1100"",""taker_side"":""no"",""ticker"":""KXETH15M-26APR280300-00"",""trade_id"":""4b87e03c-11f0-6762-7e08-da377e290e9e"",""yes_price_dollars"":""0.8900""}"
KXETH15M-26APR280300-00,687c0d75-f9b2-5a16-baea-b8d286ff06a2,1777359025,0.9,4.0,yes,"{""count_fp"":""4.00"",""created_time"":""2026-04-28T06:50:25.602307Z"",""no_price_dollars"":""0.1000"",""taker_side"":""yes"",""ticker"":""KXETH15M-26APR280300-00"",""trade_id"":""687c0d75-f9b2-5a16-baea-b8d286ff06a2"",""yes_price_dollars"":""0.9000""}"
KXETH15M-26APR280300-00,531a7f40-a12b-5a92-9a68-438921d6ace9,1777359025,0.9,1.0,yes,"{""count_fp"":""1.00"",""created_time"":""2026-04-28T06:50:25.602307Z"",""no_price_dollars"":""0.1000"",""taker_side"":""yes"",""ticker"":""KXETH15M-26APR280300-00"",""trade_id"":""531a7f40-a12b-5a92-9a68-438921d6ace9"",""yes_price_dollars"":""0.9000""}"
KXETH15M-26APR280300-00,dbb3f18a-3b1b-7c84-1a32-b748c361e3c0,1777359025,0.9,1.0,yes,"{""count_fp"":""1.00"",""created_time"":""2026-04-28T06:50:25.535491Z"",""no_price_dollars"":""0.1000"",""taker_side"":""yes"",""ticker"":""KXETH15M-26APR280300-00"",""trade_id"":""dbb3f18a-3b1b-7c84-1a32-b748c361e3c0"",""yes_price_dollars"":""0.9000""}"
KXETH15M-26APR280300-00,a99a0ae0-0ec7-7f7a-2f39-543414051111,1777359025,0.9,4.0,yes,"{""count_fp"":""4.00"",""created_time"":""2026-04-28T06:50:25.535491Z"",""no_price_dollars"":""0.1000"",""taker_side"":""yes"",""ticker"":""KXETH15M-26APR280300-00"",""trade_id"":""a99a0ae0-0ec7-7f7a-2f39-543414051111"",""yes_price_dollars"":""0.9000""}"
KXETH15M-26APR280300-00,5508b869-f90b-7c5e-e435-49553ff9b73a,1777359049,0.89,1.0,no,"{""count_fp"":""1.00"",""created_time"":""2026-04-28T06:50:49.147419Z"",""no_price_dollars"":""0.1100"",""taker_side"":""no"",""ticker"":""KXETH15M-26APR280300-00"",""trade_id"":""5508b869-f90b-7c5e-e435-49553ff9b73a"",""yes_price_dollars"":""0.8900""}"
KXETH15M-26APR280300-00,70c92689-2cd9-6b55-a5bb-778406277814,1777359051,0.89,1.0,no,"{""count_fp"":""1.00"",""created_time"":""2026-04-28T06:50:51.146899Z"",""no_price_dollars"":""0.1100"",""taker_side"":""no"",""ticker"":""KXETH15M-26APR280300-00"",""trade_id"":""70c92689-2cd9-6b55-a5bb-778406277814"",""yes_price_dollars"":""0.8900""}"
KXETH15M-26APR280300-00,89fd667c-6788-4864-d76b-5c57dbc646e5,1777359061,0.9,1.0,yes,"{""count_fp"":""1.00"",""created_time"":""2026-04-28T06:51:01.024279Z"",""no_price_dollars"":""0.1000"",""taker_side"":""yes"",""ticker"":""KXETH15M-26APR280300-00"",""trade_id"":""89fd667c-6788-4864-d76b-5c57dbc646e5"",""yes_price_dollars"":""0.9000""}"
KXETH15M-26APR280300-00,5c65fda1-0b8e-401d-fb72-bb9e79c5ed80,1777359061,0.9,2.0,yes,"{""count_fp"":""2.00"",""created_time"":""2026-04-28T06:51:01.024279Z"",""no_price_dollars"":""0.1000"",""taker_side"":""yes"",""ticker"":""KXETH15M-26APR280300-00"",""trade_id"":""5c65fda1-0b8e-401d-fb72-bb9e79c5ed80"",""yes_price_dollars"":""0.9000""}"
KXETH15M-26APR280300-00,2f7604c9-3e6b-4f29-ce3e-ec86e7b0b74f,1777359061,0.9,1.0,yes,"{""count_fp"":""1.00"",""created_time"":""2026-04-28T06:51:01.024279Z"",""no_price_dollars"":""0.1000"",""taker_side"":""yes"",""ticker"":""KXETH15M-26APR280300-00"",""trade_id"":""2f7604c9-3e6b-4f29-ce3e-ec86e7b0b74f"",""yes_price_dollars"":""0.9000""}"
KXETH15M-26APR280300-00,1c670fda-34b5-53f8-5ba9-bb7335087b17,1777359066,0.92,1.0,yes,"{""count_fp"":""1.00"",""created_time"":""2026-04-28T06:51:06.475615Z"",""no_price_dollars"":""0.0800"",""taker_side"":""yes"",""ticker"":""KXETH15M-26APR280300-00"",""trade_id"":""1c670fda-34b5-53f8-5ba9-bb7335087b17"",""yes_price_dollars"":""0.9200""}"
KXETH15M-26APR280300-00,77262e65-99ba-6560-ca76-7f9dec37687f,1777359066,0.91,4.0,yes,"{""count_fp"":""4.00"",""created_time"":""2026-04-28T06:51:06.244362Z"",""no_price_dollars"":""0.0900"",""taker_side"":""yes"",""ticker"":""KXETH15M-26APR280300-00"",""trade_id"":""77262e65-99ba-6560-ca76-7f9dec37687f"",""yes_price_dollars"":""0.9100""}"
KXETH15M-26APR280300-00,6f0550a4-ca48-684f-d0a6-3a94b73fecac,1777359066,0.91,1.0,yes,"{""count_fp"":""1.00"",""created_time"":""2026-04-28T06:51:06.244362Z"",""no_price_dollars"":""0.0900"",""taker_side"":""yes"",""ticker"":""KXETH15M-26APR280300-00"",""trade_id"":""6f0550a4-ca48-684f-d0a6-3a94b73fecac"",""yes_price_dollars"":""0.9100""}"
KXETH15M-26APR280300-00,0eb34ba6-0745-63a3-ff6b-043a803e6249,1777359066,0.91,3.0,yes,"{""count_fp"":""3.00"",""created_time"":""2026-04-28T06:51:06.244362Z"",""no_price_dollars"":""0.0900"",""taker_side"":""yes"",""ticker"":""KXETH15M-26APR280300-00"",""trade_id"":""0eb34ba6-0745-63a3-ff6b-043a803e6249"",""yes_price_dollars"":""0.9100""}"
KXETH15M-26APR280300-00,f8cd6b8f-c537-40b8-c8e9-ebfdc5924586,1777359067,0.92,3.0,yes,"{""count_fp"":""3.00"",""created_time"":""2026-04-28T06:51:07.138645Z"",""no_price_dollars"":""0.0800"",""taker_side"":""yes"",""ticker"":""KXETH15M-26APR280300-00"",""trade_id"":""f8cd6b8f-c537-40b8-c8e9-ebfdc5924586"",""yes_price_dollars"":""0.9200""}"
KXETH15M-26APR280300-00,4646ae94-e0f7-44b1-d749-5e0c5ddb04d0,1777359067,0.92,6.0,yes,"{""count_fp"":""6.00"",""created_time"":""2026-04-28T06:51:07.138645Z"",""no_price_dollars"":""0.0800"",""taker_side"":""yes"",""ticker"":""KXETH15M-26APR280300-00"",""trade_id"":""4646ae94-e0f7-44b1-d749-5e0c5ddb04d0"",""yes_price_dollars"":""0.9200""}"
KXETH15M-26APR280300-00,9f0925db-c0f3-45af-6dae-b025709dba22,1777359068,0.93,7.0,yes,"{""count_fp"":""7.00"",""created_time"":""2026-04-28T06:51:08.606284Z"",""no_price_dollars"":""0.0700"",""taker_side"":""yes"",""ticker"":""KXETH15M-26APR280300-00"",""trade_id"":""9f0925db-c0f3-45af-6dae-b025709dba22"",""yes_price_dollars"":""0.9300""}"
KXETH15M-26APR280300-00,518d89e5-603d-43bd-62a4-334697115b44,1777359068,0.93,3.0,yes,"{""count_fp"":""3.00"",""created_time"":""2026-04-28T06:51:08.606284Z"",""no_price_dollars"":""0.0700"",""taker_side"":""yes"",""ticker"":""KXETH15M-26APR280300-00"",""trade_id"":""518d89e5-603d-43bd-62a4-334697115b44"",""yes_price_dollars"":""0.9300""}"
KXETH15M-26APR280300-00,d7f3a8da-976a-6471-ffea-7da514f87349,1777359068,0.93,8.0,yes,"{""count_fp"":""8.00"",""created_time"":""2026-04-28T06:51:08.016697Z"",""no_price_dollars"":""0.0700"",""taker_side"":""yes"",""ticker"":""KXETH15M-26APR280300-00"",""trade_id"":""d7f3a8da-976a-6471-ffea-7da514f87349"",""yes_price_dollars"":""0.9300""}"
KXETH15M-26APR280300-00,46656c6d-15c4-6749-cb41-577c0ff18a01,1777359068,0.93,1.0,yes,"{""count_fp"":""1.00"",""created_time"":""2026-04-28T06:51:08.016697Z"",""no_price_dollars"":""0.0700"",""taker_side"":""yes"",""ticker"":""KXETH15M-26APR280300-00"",""trade_id"":""46656c6d-15c4-6749-cb41-577c0ff18a01"",""yes_price_dollars"":""0.9300""}"
KXETH15M-26APR280300-00,01f05f64-d9ef-6019-f95e-5e8fa4b66aae,1777359068,0.93,1.0,yes,"{""count_fp"":""1.00"",""created_time"":""2026-04-28T06:51:08.016697Z"",""no_price_dollars"":""0.0700"",""taker_side"":""yes"",""ticker"":""KXETH15M-26APR280300-00"",""trade_id"":""01f05f64-d9ef-6019-f95e-5e8fa4b66aae"",""yes_price_dollars"":""0.9300""}"
KXETH15M-26APR280300-00,d655e894-6b1f-7ccb-4325-72d9e191285e,1777359070,0.93,5.0,yes,"{""count_fp"":""5.00"",""created_time"":""2026-04-28T06:51:10.105005Z"",""no_price_dollars"":""0.0700"",""taker_side"":""yes"",""ticker"":""KXETH15M-26APR280300-00"",""trade_id"":""d655e894-6b1f-7ccb-4325-72d9e191285e"",""yes_price_dollars"":""0.9300""}"
KXETH15M-26APR280300-00,b7cb137a-1d29-73c7-4141-afc03c79d5e2,1777359070,0.93,15.0,yes,"{""count_fp"":""15.00"",""created_time"":""2026-04-28T06:51:10.105005Z"",""no_price_dollars"":""0.0700"",""taker_side"":""yes"",""ticker"":""KXETH15M-26APR280300-00"",""trade_id"":""b7cb137a-1d29-73c7-4141-afc03c79d5e2"",""yes_price_dollars"":""0.9300""}"
KXETH15M-26APR280300-00,5ecc268b-682b-7944-8cf6-1e2b6b381223,1777359078,0.924,6.0,no,"{""count_fp"":""6.00"",""created_time"":""2026-04-28T06:51:18.434583Z"",""no_price_dollars"":""0.0760"",""taker_side"":""no"",""ticker"":""KXETH15M-26APR280300-00"",""trade_id"":""5ecc268b-682b-7944-8cf6-1e2b6b381223"",""yes_price_dollars"":""0.9240""}"
KXETH15M-26APR280300-00,a7b3a9b1-d218-57c0-9f67-57a036ef8d69,1777359091,0.929,2.13,yes,"{""count_fp"":""2.13"",""created_time"":""2026-04-28T06:51:31.976269Z"",""no_price_dollars"":""0.0710"",""taker_side"":""yes"",""ticker"":""KXETH15M-26APR280300-00"",""trade_id"":""a7b3a9b1-d218-57c0-9f67-57a036ef8d69"",""yes_price_dollars"":""0.9290""}"
KXETH15M-26APR280300-00,18b5047b-7279-5127-c734-88b6abb7af5a,1777359109,0.93,2.17,yes,"{""count_fp"":""2.17"",""created_time"":""2026-04-28T06:51:49.055425Z"",""no_price_dollars"":""0.0700"",""taker_side"":""yes"",""ticker"":""KXETH15M-26APR280300-00"",""trade_id"":""18b5047b-7279-5127-c734-88b6abb7af5a"",""yes_price_dollars"":""0.9300""}"
KXETH15M-26APR280300-00,f52c380f-529e-4b9a-2445-5c585bdad507,1777359111,0.924,3.0,yes,"{""count_fp"":""3.00"",""created_time"":""2026-04-28T06:51:51.170994Z"",""no_price_dollars"":""0.0760"",""taker_side"":""yes"",""ticker"":""KXETH15M-26APR280300-00"",""trade_id"":""f52c380f-529e-4b9a-2445-5c585bdad507"",""yes_price_dollars"":""0.9240""}"
KXETH15M-26APR280300-00,71522ac6-fbf5-48f6-3b9b-e7dde2d534fc,1777359111,0.914,1.0,yes,"{""count_fp"":""1.00"",""created_time"":""2026-04-28T06:51:51.170994Z"",""no_price_dollars"":""0.0860"",""taker_side"":""yes"",""ticker"":""KXETH15M-26APR280300-00"",""trade_id"":""71522ac6-fbf5-48f6-3b9b-e7dde2d534fc"",""yes_price_dollars"":""0.9140""}"
KXETH15M-26APR280300-00,4dd03cf1-ba9b-5e38-dc89-a72a2e0b68f0,1777359115,0.929,5.23,yes,"{""count_fp"":""5.23"",""created_time"":""2026-04-28T06:51:55.716128Z"",""no_price_dollars"":""0.0710"",""taker_side"":""yes"",""ticker"":""KXETH15M-26APR280300-00"",""trade_id"":""4dd03cf1-ba9b-5e38-dc89-a72a2e0b68f0"",""yes_price_dollars"":""0.9290""}"
KXETH15M-26APR280300-00,116c273b-0589-5ffb-ecde-10c3a5a92496,1777359115,0.93,25.86,yes,"{""count_fp"":""25.86"",""created_time"":""2026-04-28T06:51:55.716128Z"",""no_price_dollars"":""0.0700"",""taker_side"":""yes"",""ticker"":""KXETH15M-26APR280300-00"",""trade_id"":""116c273b-0589-5ffb-ecde-10c3a5a92496"",""yes_price_dollars"":""0.9300""}"
KXETH15M-26APR280300-00,04eec563-9063-5f6b-d194-866950e35b9a,1777359115,0.929,1.0,yes,"{""count_fp"":""1.00"",""created_time"":""2026-04-28T06:51:55.716128Z"",""no_price_dollars"":""0.0710"",""taker_side"":""yes"",""ticker"":""KXETH15M-26APR280300-00"",""trade_id"":""04eec563-9063-5f6b-d194-866950e35b9a"",""yes_price_dollars"":""0.9290""}"
KXETH15M-26APR280300-00,cfcbc58d-ab55-6487-c4ec-1da40d799256,1777359121,0.93,30.0,yes,"{""count_fp"":""30.00"",""created_time"":""2026-04-28T06:52:01.098914Z"",""no_price_dollars"":""0.0700"",""taker_side"":""yes"",""ticker"":""KXETH15M-26APR280300-00"",""trade_id"":""cfcbc58d-ab55-6487-c4ec-1da40d799256"",""yes_price_dollars"":""0.9300""}"
KXETH15M-26APR280300-00,f11eeb0c-8528-5d4e-b7ec-2a3afed03b18,1777359130,0.89,8.55,no,"{""count_fp"":""8.55"",""created_time"":""2026-04-28T06:52:10.931591Z"",""no_price_dollars"":""0.1100"",""taker_side"":""no"",""ticker"":""KXETH15M-26APR280300-00"",""trade_id"":""f11eeb0c-8528-5d4e-b7ec-2a3afed03b18"",""yes_price_dollars"":""0.8900""}"
KXETH15M-26APR280300-00,c0cc41d6-7e3b-51cf-3912-a51595bb2eaa,1777359134,0.88,10.0,no,"{""count_fp"":""10.00"",""created_time"":""2026-04-28T06:52:14.494422Z"",""no_price_dollars"":""0.1200"",""taker_side"":""no"",""ticker"":""KXETH15M-26APR280300-00"",""trade_id"":""c0cc41d6-7e3b-51cf-3912-a51595bb2eaa"",""yes_price_dollars"":""0.8800""}"
KXETH15M-26APR280300-00,2c415201-1a04-53ef-1ed4-169718fc7d15,1777359134,0.88,5.69,no,"{""count_fp"":""5.69"",""created_time"":""2026-04-28T06:52:14.494422Z"",""no_price_dollars"":""0.1200"",""taker_side"":""no"",""ticker"":""KXETH15M-26APR280300-00"",""trade_id"":""2c415201-1a04-53ef-1ed4-169718fc7d15"",""yes_price_dollars"":""0.8800""}"
KXETH15M-26APR280300-00,eea73e90-7d78-7c96-4c3a-c1439f8ded38,1777359136,0.88,39.24,no,"{""count_fp"":""39.24"",""created_time"":""2026-04-28T06:52:16.395848Z"",""no_price_dollars"":""0.1200"",""taker_side"":""no"",""ticker"":""KXETH15M-26APR280300-00"",""trade_id"":""eea73e90-7d78-7c96-4c3a-c1439f8ded38"",""yes_price_dollars"":""0.8800""}"
KXETH15M-26APR280300-00,41477751-95a1-757b-0b0c-16ca823c1c77,1777359138,0.87,7.25,no,"{""count_fp"":""7.25"",""created_time"":""2026-04-28T06:52:18.825355Z"",""no_price_dollars"":""0.1300"",""taker_side"":""no"",""ticker"":""KXETH15M-26APR280300-00"",""trade_id"":""41477751-95a1-757b-0b0c-16ca823c1c77"",""yes_price_dollars"":""0.8700""}"
KXETH15M-26APR280300-00,4ac9297b-46d9-5b8b-4a73-54c486ad0a3b,1777359147,0.87,1.0,no,"{""count_fp"":""1.00"",""created_time"":""2026-04-28T06:52:27.149801Z"",""no_price_dollars"":""0.1300"",""taker_side"":""no"",""ticker"":""KXETH15M-26APR280300-00"",""trade_id"":""4ac9297b-46d9-5b8b-4a73-54c486ad0a3b"",""yes_price_dollars"":""0.8700""}"
KXETH15M-26APR280300-00,71c02e29-f861-76e1-1f5a-d9814735f9eb,1777359148,0.903,1.0,yes,"{""count_fp"":""1.00"",""created_time"":""2026-04-28T06:52:28.157038Z"",""no_price_dollars"":""0.0970"",""taker_side"":""yes"",""ticker"":""KXETH15M-26APR280300-00"",""trade_id"":""71c02e29-f861-76e1-1f5a-d9814735f9eb"",""yes_price_dollars"":""0.9030""}"
KXETH15M-26APR280300-00,cc96933e-6cc0-7a69-275f-a3bd69f50527,1777359148,0.904,10.0,yes,"{""count_fp"":""10.00"",""created_time"":""2026-04-28T06:52:28.019308Z"",""no_price_dollars"":""0.0960"",""taker_side"":""yes"",""ticker"":""KXETH15M-26APR280300-00"",""trade_id"":""cc96933e-6cc0-7a69-275f-a3bd69f50527"",""yes_price_dollars"":""0.9040""}"
KXETH15M-26APR280300-00,25908570-72c0-7697-1f77-2b99dfcebabe,1777359148,0.9,1.0,yes,"{""count_fp"":""1.00"",""created_time"":""2026-04-28T06:52:28.019308Z"",""no_price_dollars"":""0.1000"",""taker_side"":""yes"",""ticker"":""KXETH15M-26APR280300-00"",""trade_id"":""25908570-72c0-7697-1f77-2b99dfcebabe"",""yes_price_dollars"":""0.9000""}"
KXETH15M-26APR280300-00,2229e2ba-5729-7ab9-2842-23b1e1ac97c4,1777359148,0.905,86.0,yes,"{""count_fp"":""86.00"",""created_time"":""2026-04-28T06:52:28.019308Z"",""no_price_dollars"":""0.0950"",""taker_side"":""yes"",""ticker"":""KXETH15M-26APR280300-00"",""trade_id"":""2229e2ba-5729-7ab9-2842-23b1e1ac97c4"",""yes_price_dollars"":""0.9050""}"
KXETH15M-26APR280300-00,1debe43a-ed15-77b1-1243-cdaa9b2aca13,1777359148,0.904,10.0,yes,"{""count_fp"":""10.00"",""created_time"":""2026-04-28T06:52:28.019308Z"",""no_price_dollars"":""0.0960"",""taker_side"":""yes"",""ticker"":""KXETH15M-26APR280300-00"",""trade_id"":""1debe43a-ed15-77b1-1243-cdaa9b2aca13"",""yes_price_dollars"":""0.9040""}"
KXETH15M-26APR280300-00,ff3c26a8-a95e-6d5f-3c27-40b4aba14132,1777359151,0.91,3.0,yes,"{""count_fp"":""3.00"",""created_time"":""2026-04-28T06:52:31.192304Z"",""no_price_dollars"":""0.0900"",""taker_side"":""yes"",""ticker"":""KXETH15M-26APR280300-00"",""trade_id"":""ff3c26a8-a95e-6d5f-3c27-40b4aba14132"",""yes_price_dollars"":""0.9100""}"
KXETH15M-26APR280300-00,5836b205-78ac-6556-3e1e-4c0ca31764c8,1777359152,0.89,8.55,no,"{""count_fp"":""8.55"",""created_time"":""2026-04-28T06:52:32.821115Z"",""no_price_dollars"":""0.1100"",""taker_side"":""no"",""ticker"":""KXETH15M-26APR280300-00"",""trade_id"":""5836b205-78ac-6556-3e1e-4c0ca31764c8"",""yes_price_dollars"":""0.8900""}"
KXETH15M-26APR280300-00,90853b74-86fc-762f-07cc-7422c6cfe0b1,1777359166,0.913,10.0,no,"{""count_fp"":""10.00"",""created_time"":""2026-04-28T06:52:46.672212Z"",""no_price_dollars"":""0.0870"",""taker_side"":""no"",""ticker"":""KXETH15M-26APR280300-00"",""trade_id"":""90853b74-86fc-762f-07cc-7422c6cfe0b1"",""yes_price_dollars"":""0.9130""}"
KXETH15M-26APR280300-00,4f90c098-eda6-77e3-2063-40e83c562736,1777359166,0.913,0.65,no,"{""count_fp"":""0.65"",""created_time"":""2026-04-28T06:52:46.672212Z"",""no_price_dollars"":""0.0870"",""taker_side"":""no"",""ticker"":""KXETH15M-26APR280300-00"",""trade_id"":""4f90c098-eda6-77e3-2063-40e83c562736"",""yes_price_dollars"":""0.9130""}"
KXETH15M-26APR280300-00,1a92418e-1977-547f-5514-23bac5ddef3b,1777359180,0.923,2.65,no,"{""count_fp"":""2.65"",""created_time"":""2026-04-28T06:53:00.899297Z"",""no_price_dollars"":""0.0770"",""taker_side"":""no"",""ticker"":""KXETH15M-26APR280300-00"",""trade_id"":""1a92418e-1977-547f-5514-23bac5ddef3b"",""yes_price_dollars"":""0.9230""}"
KXETH15M-26APR280300-00,cac64243-cbf3-46ed-18a6-7465a543ce32,1777359183,0.94,1.0,yes,"{""count_fp"":""1.00"",""created_time"":""2026-04-28T06:53:03.265747Z"",""no_price_dollars"":""0.0600"",""taker_side"":""yes"",""ticker"":""KXETH15M-26APR280300-00"",""trade_id"":""cac64243-cbf3-46ed-18a6-7465a543ce32"",""yes_price_dollars"":""0.9400""}"
KXETH15M-26APR280300-00,8e861807-5f98-4fdc-2458-a6a2ecd11f7c,1777359183,0.94,0.03,yes,"{""count_fp"":""0.03"",""created_time"":""2026-04-28T06:53:03.265747Z"",""no_price_dollars"":""0.0600"",""taker_side"":""yes"",""ticker"":""KXETH15M-26APR280300-00"",""trade_id"":""8e861807-5f98-4fdc-2458-a6a2ecd11f7c"",""yes_price_dollars"":""0.9400""}"
KXETH15M-26APR280300-00,8cd60779-8fc5-49ef-3a94-f471b3da249a,1777359183,0.93,0.97,yes,"{""count_fp"":""0.97"",""created_time"":""2026-04-28T06:53:03.265747Z"",""no_price_dollars"":""0.0700"",""taker_side"":""yes"",""ticker"":""KXETH15M-26APR280300-00"",""trade_id"":""8cd60779-8fc5-49ef-3a94-f471b3da249a"",""yes_price_dollars"":""0.9300""}"
KXETH15M-26APR280300-00,fe7ccdc4-76d8-4058-c491-f91ff7b01390,1777359187,0.94,0.97,yes,"{""count_fp"":""0.97"",""created_time"":""2026-04-28T06:53:07.383401Z"",""no_price_dollars"":""0.0600"",""taker_side"":""yes"",""ticker"":""KXETH15M-26APR280300-00"",""trade_id"":""fe7ccdc4-76d8-4058-c491-f91ff7b01390"",""yes_price_dollars"":""0.9400""}"
KXETH15M-26APR280300-00,303fcc8d-07ed-47ac-e777-cb062cb978ab,1777359187,0.94,0.03,yes,"{""count_fp"":""0.03"",""created_time"":""2026-04-28T06:53:07.383401Z"",""no_price_dollars"":""0.0600"",""taker_side"":""yes"",""ticker"":""KXETH15M-26APR280300-00"",""trade_id"":""303fcc8d-07ed-47ac-e777-cb062cb978ab"",""yes_price_dollars"":""0.9400""}"
KXETH15M-26APR280300-00,23b882db-13a8-54d8-58f4-ba2e0d800033,1777359195,0.94,10.03,yes,"{""count_fp"":""10.03"",""created_time"":""2026-04-28T06:53:15.865733Z"",""no_price_dollars"":""0.0600"",""taker_side"":""yes"",""ticker"":""KXETH15M-26APR280300-00"",""trade_id"":""23b882db-13a8-54d8-58f4-ba2e0d800033"",""yes_price_dollars"":""0.9400""}"
KXETH15M-26APR280300-00,1a58c58b-1910-541a-70ec-ae7dc4d41a2c,1777359195,0.94,1.0,yes,"{""count_fp"":""1.00"",""created_time"":""2026-04-28T06:53:15.865733Z"",""no_price_dollars"":""0.0600"",""taker_side"":""yes"",""ticker"":""KXETH15M-26APR280300-00"",""trade_id"":""1a58c58b-1910-541a-70ec-ae7dc4d41a2c"",""yes_price_dollars"":""0.9400""}"
KXETH15M-26APR280300-00,19820bba-be29-515c-4cef-e5a7c7b101a4,1777359195,0.94,12.0,yes,"{""count_fp"":""12.00"",""created_time"":""2026-04-28T06:53:15.865733Z"",""no_price_dollars"":""0.0600"",""taker_side"":""yes"",""ticker"":""KXETH15M-26APR280300-00"",""trade_id"":""19820bba-be29-515c-4cef-e5a7c7b101a4"",""yes_price_dollars"":""0.9400""}"
KXETH15M-26APR280300-00,1433acd4-2875-57a0-47c4-0cb9204a103b,1777359195,0.94,2.97,yes,"{""count_fp"":""2.97"",""created_time"":""2026-04-28T06:53:15.865733Z"",""no_price_dollars"":""0.0600"",""taker_side"":""yes"",""ticker"":""KXETH15M-26APR280300-00"",""trade_id"":""1433acd4-2875-57a0-47c4-0cb9204a103b"",""yes_price_dollars"":""0.9400""}"
KXETH15M-26APR280300-00,fb0742e9-664f-5ea1-8543-6db4474417ac,1777359216,0.95,9.09,yes,"{""count_fp"":""9.09"",""created_time"":""2026-04-28T06:53:36.666587Z"",""no_price_dollars"":""0.0500"",""taker_side"":""yes"",""ticker"":""KXETH15M-26APR280300-00"",""trade_id"":""fb0742e9-664f-5ea1-8543-6db4474417ac"",""yes_price_dollars"":""0.9500""}"
KXETH15M-26APR280300-00,3d4395c8-c649-53c1-86a5-7577448b7c83,1777359216,0.95,1.0,yes,"{""count_fp"":""1.00"",""created_time"":""2026-04-28T06:53:36.666587Z"",""no_price_dollars"":""0.0500"",""taker_side"":""yes"",""ticker"":""KXETH15M-26APR280300-00"",""trade_id"":""3d4395c8-c649-53c1-86a5-7577448b7c83"",""yes_price_dollars"":""0.9500""}"
KXETH15M-26APR280300-00,12e1c8e0-b993-522b-832e-3bcba63dfd5a,1777359216,0.95,3.0,yes,"{""count_fp"":""3.00"",""created_time"":""2026-04-28T06:53:36.666587Z"",""no_price_dollars"":""0.0500"",""taker_side"":""yes"",""ticker"":""KXETH15M-26APR280300-00"",""trade_id"":""12e1c8e0-b993-522b-832e-3bcba63dfd5a"",""yes_price_dollars"":""0.9500""}"
KXETH15M-26APR280300-00,de10aa8a-d01b-7a01-3f31-8f9ec3eb4b54,1777359225,0.95,5.23,yes,"{""count_fp"":""5.23"",""created_time"":""2026-04-28T06:53:45.357269Z"",""no_price_dollars"":""0.0500"",""taker_side"":""yes"",""ticker"":""KXETH15M-26APR280300-00"",""trade_id"":""de10aa8a-d01b-7a01-3f31-8f9ec3eb4b54"",""yes_price_dollars"":""0.9500""}"
KXETH15M-26APR280300-00,f5407ae4-4c09-502d-49b7-25a619ed9d7a,1777359226,0.956,1.0,yes,"{""count_fp"":""1.00"",""created_time"":""2026-04-28T06:53:46.420437Z"",""no_price_dollars"":""0.0440"",""taker_side"":""yes"",""ticker"":""KXETH15M-26APR280300-00"",""trade_id"":""f5407ae4-4c09-502d-49b7-25a619ed9d7a"",""yes_price_dollars"":""0.9560""}"
KXETH15M-26APR280300-00,41d651d3-fddf-50b1-7b77-e096b22f945c,1777359226,0.95,5.68,yes,"{""count_fp"":""5.68"",""created_time"":""2026-04-28T06:53:46.420437Z"",""no_price_dollars"":""0.0500"",""taker_side"":""yes"",""ticker"":""KXETH15M-26APR280300-00"",""trade_id"":""41d651d3-fddf-50b1-7b77-e096b22f945c"",""yes_price_dollars"":""0.9500""}"
KXETH15M-26APR280300-00,0eae6fdd-c110-5fd0-566e-94d668c6d4ab,1777359226,0.957,3.38,yes,"{""count_fp"":""3.38"",""created_time"":""2026-04-28T06:53:46.420437Z"",""no_price_dollars"":""0.0430"",""taker_side"":""yes"",""ticker"":""KXETH15M-26APR280300-00"",""trade_id"":""0eae6fdd-c110-5fd0-566e-94d668c6d4ab"",""yes_price_dollars"":""0.9570""}"
KXETH15M-26APR280300-00,120a6378-1024-5b6a-e660-8b65680c3214,1777359238,0.952,3.75,no,"{""count_fp"":""3.75"",""created_time"":""2026-04-28T06:53:58.698737Z"",""no_price_dollars"":""0.0480"",""taker_side"":""no"",""ticker"":""KXETH15M-26APR280300-00"",""trade_id"":""120a6378-1024-5b6a-e660-8b65680c3214"",""yes_price_dollars"":""0.9520""}"
KXETH15M-26APR280300-00,6a2a23eb-8d0f-72b6-4a3b-09797059e002,1777359244,0.951,1.0,yes,"{""count_fp"":""1.00"",""created_time"":""2026-04-28T06:54:04.769546Z"",""no_price_dollars"":""0.0490"",""taker_side"":""yes"",""ticker"":""KXETH15M-26APR280300-00"",""trade_id"":""6a2a23eb-8d0f-72b6-4a3b-09797059e002"",""yes_price_dollars"":""0.9510""}"
KXETH15M-26APR280300-00,fcc98340-f52c-5e0f-c9a1-66ea46e952fe,1777359264,0.96,1.0,yes,"{""count_fp"":""1.00"",""created_time"":""2026-04-28T06:54:24.154373Z"",""no_price_dollars"":""0.0400"",""taker_side"":""yes"",""ticker"":""KXETH15M-26APR280300-00"",""trade_id"":""fcc98340-f52c-5e0f-c9a1-66ea46e952fe"",""yes_price_dollars"":""0.9600""}"
KXETH15M-26APR280300-00,ca292f2b-73b9-5007-c0cf-ab6b26c1e5b2,1777359264,0.967,1.0,yes,"{""count_fp"":""1.00"",""created_time"":""2026-04-28T06:54:24.154373Z"",""no_price_dollars"":""0.0330"",""taker_side"":""yes"",""ticker"":""KXETH15M-26APR280300-00"",""trade_id"":""ca292f2b-73b9-5007-c0cf-ab6b26c1e5b2"",""yes_price_dollars"":""0.9670""}"
KXETH15M-26APR280300-00,93941a9a-b9e2-5171-f02f-07b9cae2148e,1777359264,0.967,386.0,yes,"{""count_fp"":""386.00"",""created_time"":""2026-04-28T06:54:24.154373Z"",""no_price_dollars"":""0.0330"",""taker_side"":""yes"",""ticker"":""KXETH15M-26APR280300-00"",""trade_id"":""93941a9a-b9e2-5171-f02f-07b9cae2148e"",""yes_price_dollars"":""0.9670""}"
KXETH15M-26APR280300-00,8281bee9-5eca-5e71-cb44-8877bfeedc75,1777359264,0.967,10.0,yes,"{""count_fp"":""10.00"",""created_time"":""2026-04-28T06:54:24.154373Z"",""no_price_dollars"":""0.0330"",""taker_side"":""yes"",""ticker"":""KXETH15M-26APR280300-00"",""trade_id"":""8281bee9-5eca-5e71-cb44-8877bfeedc75"",""yes_price_dollars"":""0.9670""}"
KXETH15M-26APR280300-00,68069854-c4a4-537f-e122-5e6a2c0afdd1,1777359264,0.96,1.0,yes,"{""count_fp"":""1.00"",""created_time"":""2026-04-28T06:54:24.154373Z"",""no_price_dollars"":""0.0400"",""taker_side"":""yes"",""ticker"":""KXETH15M-26APR280300-00"",""trade_id"":""68069854-c4a4-537f-e122-5e6a2c0afdd1"",""yes_price_dollars"":""0.9600""}"
KXETH15M-26APR280300-00,385db158-0871-56ea-d70c-be89da0a7667,1777359264,0.966,1.0,yes,"{""count_fp"":""1.00"",""created_time"":""2026-04-28T06:54:24.154373Z"",""no_price_dollars"":""0.0340"",""taker_side"":""yes"",""ticker"":""KXETH15M-26APR280300-00"",""trade_id"":""385db158-0871-56ea-d70c-be89da0a7667"",""yes_price_dollars"":""0.9660""}"
KXETH15M-26APR280300-00,9688946f-c20a-4606-b4e3-6c11c09bd426,1777359269,0.966,5.0,no,"{""count_fp"":""5.00"",""created_time"":""2026-04-28T06:54:29.314677Z"",""no_price_dollars"":""0.0340"",""taker_side"":""no"",""ticker"":""KXETH15M-26APR280300-00"",""trade_id"":""9688946f-c20a-4606-b4e3-6c11c09bd426"",""yes_price_dollars"":""0.9660""}"
KXETH15M-26APR280300-00,81b3d390-1322-54a6-fa7a-e90b3bfe3d02,1777359274,0.966,2.13,no,"{""count_fp"":""2.13"",""created_time"":""2026-04-28T06:54:34.465997Z"",""no_price_dollars"":""0.0340"",""taker_side"":""no"",""ticker"":""KXETH15M-26APR280300-00"",""trade_id"":""81b3d390-1322-54a6-fa7a-e90b3bfe3d02"",""yes_price_dollars"":""0.9660""}"
KXETH15M-26APR280300-00,feaacf23-2cb0-4e63-1727-7b36c3c14e6e,1777359284,0.97,1.0,yes,"{""count_fp"":""1.00"",""created_time"":""2026-04-28T06:54:44.476396Z"",""no_price_dollars"":""0.0300"",""taker_side"":""yes"",""ticker"":""KXETH15M-26APR280300-00"",""trade_id"":""feaacf23-2cb0-4e63-1727-7b36c3c14e6e"",""yes_price_dollars"":""0.9700""}"
KXETH15M-26APR280300-00,f33c71b7-e382-4b74-36f8-730a97e35589,1777359284,0.97,3.0,yes,"{""count_fp"":""3.00"",""created_time"":""2026-04-28T06:54:44.476396Z"",""no_price_dollars"":""0.0300"",""taker_side"":""yes"",""ticker"":""KXETH15M-26APR280300-00"",""trade_id"":""f33c71b7-e382-4b74-36f8-730a97e35589"",""yes_price_dollars"":""0.9700""}"
KXETH15M-26APR280300-00,bd59ce37-02a6-471a-0e60-45b1600f8246,1777359284,0.97,1.0,yes,"{""count_fp"":""1.00"",""created_time"":""2026-04-28T06:54:44.476396Z"",""no_price_dollars"":""0.0300"",""taker_side"":""yes"",""ticker"":""KXETH15M-26APR280300-00"",""trade_id"":""bd59ce37-02a6-471a-0e60-45b1600f8246"",""yes_price_dollars"":""0.9700""}"
KXETH15M-26APR280300-00,b381dbab-80ab-4b9f-21f8-f6f991da6a6a,1777359284,0.969,20.0,yes,"{""count_fp"":""20.00"",""created_time"":""2026-04-28T06:54:44.476396Z"",""no_price_dollars"":""0.0310"",""taker_side"":""yes"",""ticker"":""KXETH15M-26APR280300-00"",""trade_id"":""b381dbab-80ab-4b9f-21f8-f6f991da6a6a"",""yes_price_dollars"":""0.9690""}"
KXETH15M-26APR280300-00,4ef173bd-06ea-4ebe-276f-19a489a4f4c8,1777359284,0.97,1.0,yes,"{""count_fp"":""1.00"",""created_time"":""2026-04-28T06:54:44.476396Z"",""no_price_dollars"":""0.0300"",""taker_side"":""yes"",""ticker"":""KXETH15M-26APR280300-00"",""trade_id"":""4ef173bd-06ea-4ebe-276f-19a489a4f4c8"",""yes_price_dollars"":""0.9700""}"
