ticker,trade_id,ts,yes_price,count,taker_side,raw_json
KXETH15M-26APR281300-00,faceb219-9cfd-6883-4786-31bfd10f1052,1777394712,0.54,18.0,yes,"{""count_fp"":""18.00"",""created_time"":""2026-04-28T16:45:12.026357Z"",""no_price_dollars"":""0.4600"",""taker_side"":""yes"",""ticker"":""KXETH15M-26APR281300-00"",""trade_id"":""faceb219-9cfd-6883-4786-31bfd10f1052"",""yes_price_dollars"":""0.5400""}"
KXETH15M-26APR281300-00,9716e383-9f35-414e-a813-b1409e803bad,1777394713,0.48,3.72,no,"{""count_fp"":""3.72"",""created_time"":""2026-04-28T16:45:13.210715Z"",""no_price_dollars"":""0.5200"",""taker_side"":""no"",""ticker"":""KXETH15M-26APR281300-00"",""trade_id"":""9716e383-9f35-414e-a813-b1409e803bad"",""yes_price_dollars"":""0.4800""}"
KXETH15M-26APR281300-00,3fba0e90-40ed-66cb-e82c-fbb719200a42,1777394717,0.54,26.91,yes,"{""count_fp"":""26.91"",""created_time"":""2026-04-28T16:45:17.562026Z"",""no_price_dollars"":""0.4600"",""taker_side"":""yes"",""ticker"":""KXETH15M-26APR281300-00"",""trade_id"":""3fba0e90-40ed-66cb-e82c-fbb719200a42"",""yes_price_dollars"":""0.5400""}"
KXETH15M-26APR281300-00,513043b4-89f1-76eb-c71c-cf7a863f7b72,1777394719,0.54,1.0,yes,"{""count_fp"":""1.00"",""created_time"":""2026-04-28T16:45:19.464663Z"",""no_price_dollars"":""0.4600"",""taker_side"":""yes"",""ticker"":""KXETH15M-26APR281300-00"",""trade_id"":""513043b4-89f1-76eb-c71c-cf7a863f7b72"",""yes_price_dollars"":""0.5400""}"
KXETH15M-26APR281300-00,727fd917-2429-672f-59d2-d9f6a4982486,1777394721,0.54,8.0,yes,"{""count_fp"":""8.00"",""created_time"":""2026-04-28T16:45:21.030087Z"",""no_price_dollars"":""0.4600"",""taker_side"":""yes"",""ticker"":""KXETH15M-26APR281300-00"",""trade_id"":""727fd917-2429-672f-59d2-d9f6a4982486"",""yes_price_dollars"":""0.5400""}"
KXETH15M-26APR281300-00,6a0eef31-f131-661b-926f-8597ce12147a,1777394725,0.53,1.0,yes,"{""count_fp"":""1.00"",""created_time"":""2026-04-28T16:45:25.214875Z"",""no_price_dollars"":""0.4700"",""taker_side"":""yes"",""ticker"":""KXETH15M-26APR281300-00"",""trade_id"":""6a0eef31-f131-661b-926f-8597ce12147a"",""yes_price_dollars"":""0.5300""}"
KXETH15M-26APR281300-00,d764e6b7-46b7-69a6-a018-edff3ba348db,1777394735,0.58,2.0,yes,"{""count_fp"":""2.00"",""created_time"":""2026-04-28T16:45:35.683487Z"",""no_price_dollars"":""0.4200"",""taker_side"":""yes"",""ticker"":""KXETH15M-26APR281300-00"",""trade_id"":""d764e6b7-46b7-69a6-a018-edff3ba348db"",""yes_price_dollars"":""0.5800""}"
KXETH15M-26APR281300-00,bf57a37a-1ed0-6593-b7f2-78ca334bdeae,1777394735,0.58,6.36,yes,"{""count_fp"":""6.36"",""created_time"":""2026-04-28T16:45:35.683487Z"",""no_price_dollars"":""0.4200"",""taker_side"":""yes"",""ticker"":""KXETH15M-26APR281300-00"",""trade_id"":""bf57a37a-1ed0-6593-b7f2-78ca334bdeae"",""yes_price_dollars"":""0.5800""}"
KXETH15M-26APR281300-00,c18b1d32-58bd-64d1-caf8-0df5e1d5c802,1777394735,0.54,20.51,no,"{""count_fp"":""20.51"",""created_time"":""2026-04-28T16:45:35.557762Z"",""no_price_dollars"":""0.4600"",""taker_side"":""no"",""ticker"":""KXETH15M-26APR281300-00"",""trade_id"":""c18b1d32-58bd-64d1-caf8-0df5e1d5c802"",""yes_price_dollars"":""0.5400""}"
KXETH15M-26APR281300-00,66622f03-56f4-756d-ac81-532ddbc5b7b5,1777394738,0.58,2.0,no,"{""count_fp"":""2.00"",""created_time"":""2026-04-28T16:45:38.087486Z"",""no_price_dollars"":""0.4200"",""taker_side"":""no"",""ticker"":""KXETH15M-26APR281300-00"",""trade_id"":""66622f03-56f4-756d-ac81-532ddbc5b7b5"",""yes_price_dollars"":""0.5800""}"
KXETH15M-26APR281300-00,a18f2841-6cfa-4d72-50c3-09549f2b0f82,1777394740,0.6,8.1,yes,"{""count_fp"":""8.10"",""created_time"":""2026-04-28T16:45:40.718284Z"",""no_price_dollars"":""0.4000"",""taker_side"":""yes"",""ticker"":""KXETH15M-26APR281300-00"",""trade_id"":""a18f2841-6cfa-4d72-50c3-09549f2b0f82"",""yes_price_dollars"":""0.6000""}"
KXETH15M-26APR281300-00,b0f12774-761c-7c09-0028-e363a0201b65,1777394740,0.58,0.6,no,"{""count_fp"":""0.60"",""created_time"":""2026-04-28T16:45:40.592868Z"",""no_price_dollars"":""0.4200"",""taker_side"":""no"",""ticker"":""KXETH15M-26APR281300-00"",""trade_id"":""b0f12774-761c-7c09-0028-e363a0201b65"",""yes_price_dollars"":""0.5800""}"
KXETH15M-26APR281300-00,bddca2e8-7cec-755a-b603-86478c421b00,1777394744,0.59,5.0,yes,"{""count_fp"":""5.00"",""created_time"":""2026-04-28T16:45:44.977502Z"",""no_price_dollars"":""0.4100"",""taker_side"":""yes"",""ticker"":""KXETH15M-26APR281300-00"",""trade_id"":""bddca2e8-7cec-755a-b603-86478c421b00"",""yes_price_dollars"":""0.5900""}"
KXETH15M-26APR281300-00,70061391-4840-66fe-e851-127f23d69fb4,1777394749,0.59,5.0,yes,"{""count_fp"":""5.00"",""created_time"":""2026-04-28T16:45:49.862089Z"",""no_price_dollars"":""0.4100"",""taker_side"":""yes"",""ticker"":""KXETH15M-26APR281300-00"",""trade_id"":""70061391-4840-66fe-e851-127f23d69fb4"",""yes_price_dollars"":""0.5900""}"
KXETH15M-26APR281300-00,981602d7-d150-7e3a-bf26-7e259de5ca21,1777394750,0.63,1.0,yes,"{""count_fp"":""1.00"",""created_time"":""2026-04-28T16:45:50.736404Z"",""no_price_dollars"":""0.3700"",""taker_side"":""yes"",""ticker"":""KXETH15M-26APR281300-00"",""trade_id"":""981602d7-d150-7e3a-bf26-7e259de5ca21"",""yes_price_dollars"":""0.6300""}"
KXETH15M-26APR281300-00,439b8e10-ca29-5fff-8a5c-5f54678556b2,1777394760,0.62,21.0,yes,"{""count_fp"":""21.00"",""created_time"":""2026-04-28T16:46:00.773129Z"",""no_price_dollars"":""0.3800"",""taker_side"":""yes"",""ticker"":""KXETH15M-26APR281300-00"",""trade_id"":""439b8e10-ca29-5fff-8a5c-5f54678556b2"",""yes_price_dollars"":""0.6200""}"
KXETH15M-26APR281300-00,2a3b8a96-a471-6c97-6a05-057bb7ea596a,1777394760,0.62,2.0,yes,"{""count_fp"":""2.00"",""created_time"":""2026-04-28T16:46:00.059976Z"",""no_price_dollars"":""0.3800"",""taker_side"":""yes"",""ticker"":""KXETH15M-26APR281300-00"",""trade_id"":""2a3b8a96-a471-6c97-6a05-057bb7ea596a"",""yes_price_dollars"":""0.6200""}"
KXETH15M-26APR281300-00,11b8dbfc-a0cc-4c32-130e-abc6706a5095,1777394762,0.63,1.0,yes,"{""count_fp"":""1.00"",""created_time"":""2026-04-28T16:46:02.922781Z"",""no_price_dollars"":""0.3700"",""taker_side"":""yes"",""ticker"":""KXETH15M-26APR281300-00"",""trade_id"":""11b8dbfc-a0cc-4c32-130e-abc6706a5095"",""yes_price_dollars"":""0.6300""}"
KXETH15M-26APR281300-00,a5489a50-4a60-6cba-4ea8-380a1ea69fad,1777394771,0.63,3.0,yes,"{""count_fp"":""3.00"",""created_time"":""2026-04-28T16:46:11.319876Z"",""no_price_dollars"":""0.3700"",""taker_side"":""yes"",""ticker"":""KXETH15M-26APR281300-00"",""trade_id"":""a5489a50-4a60-6cba-4ea8-380a1ea69fad"",""yes_price_dollars"":""0.6300""}"
KXETH15M-26APR281300-00,6cff3e15-be31-7669-b5a0-740a2f6e2155,1777394775,0.69,2.81,no,"{""count_fp"":""2.81"",""created_time"":""2026-04-28T16:46:15.680387Z"",""no_price_dollars"":""0.3100"",""taker_side"":""no"",""ticker"":""KXETH15M-26APR281300-00"",""trade_id"":""6cff3e15-be31-7669-b5a0-740a2f6e2155"",""yes_price_dollars"":""0.6900""}"
KXETH15M-26APR281300-00,58e0c141-d791-58ed-af59-b4ef6d0595f9,1777394777,0.69,6.9,no,"{""count_fp"":""6.90"",""created_time"":""2026-04-28T16:46:17.532138Z"",""no_price_dollars"":""0.3100"",""taker_side"":""no"",""ticker"":""KXETH15M-26APR281300-00"",""trade_id"":""58e0c141-d791-58ed-af59-b4ef6d0595f9"",""yes_price_dollars"":""0.6900""}"
KXETH15M-26APR281300-00,57c94278-1911-5df2-80a8-210ad91747a0,1777394777,0.69,0.1,no,"{""count_fp"":""0.10"",""created_time"":""2026-04-28T16:46:17.532138Z"",""no_price_dollars"":""0.3100"",""taker_side"":""no"",""ticker"":""KXETH15M-26APR281300-00"",""trade_id"":""57c94278-1911-5df2-80a8-210ad91747a0"",""yes_price_dollars"":""0.6900""}"
KXETH15M-26APR281300-00,83aeb6cd-8867-42a5-131d-262e7acacc3e,1777394778,0.69,10.0,no,"{""count_fp"":""10.00"",""created_time"":""2026-04-28T16:46:18.348438Z"",""no_price_dollars"":""0.3100"",""taker_side"":""no"",""ticker"":""KXETH15M-26APR281300-00"",""trade_id"":""83aeb6cd-8867-42a5-131d-262e7acacc3e"",""yes_price_dollars"":""0.6900""}"
KXETH15M-26APR281300-00,ef778460-4ec9-41ff-83bf-f11463a52376,1777394781,0.68,1.17,yes,"{""count_fp"":""1.17"",""created_time"":""2026-04-28T16:46:21.401098Z"",""no_price_dollars"":""0.3200"",""taker_side"":""yes"",""ticker"":""KXETH15M-26APR281300-00"",""trade_id"":""ef778460-4ec9-41ff-83bf-f11463a52376"",""yes_price_dollars"":""0.6800""}"
KXETH15M-26APR281300-00,678bca6c-a82f-5388-9f38-a482e7afd44b,1777394783,0.67,0.28,no,"{""count_fp"":""0.28"",""created_time"":""2026-04-28T16:46:23.242963Z"",""no_price_dollars"":""0.3300"",""taker_side"":""no"",""ticker"":""KXETH15M-26APR281300-00"",""trade_id"":""678bca6c-a82f-5388-9f38-a482e7afd44b"",""yes_price_dollars"":""0.6700""}"
KXETH15M-26APR281300-00,d05e059c-c61d-758a-b6e9-cda59f699d34,1777394784,0.65,2.24,no,"{""count_fp"":""2.24"",""created_time"":""2026-04-28T16:46:24.653778Z"",""no_price_dollars"":""0.3500"",""taker_side"":""no"",""ticker"":""KXETH15M-26APR281300-00"",""trade_id"":""d05e059c-c61d-758a-b6e9-cda59f699d34"",""yes_price_dollars"":""0.6500""}"
KXETH15M-26APR281300-00,1c925738-8078-7c0d-b306-73d6e3eb4f02,1777394784,0.65,10.0,no,"{""count_fp"":""10.00"",""created_time"":""2026-04-28T16:46:24.653778Z"",""no_price_dollars"":""0.3500"",""taker_side"":""no"",""ticker"":""KXETH15M-26APR281300-00"",""trade_id"":""1c925738-8078-7c0d-b306-73d6e3eb4f02"",""yes_price_dollars"":""0.6500""}"
KXETH15M-26APR281300-00,09d55532-432b-7ae4-8c47-6eb7d83bf887,1777394784,0.67,0.72,no,"{""count_fp"":""0.72"",""created_time"":""2026-04-28T16:46:24.653778Z"",""no_price_dollars"":""0.3300"",""taker_side"":""no"",""ticker"":""KXETH15M-26APR281300-00"",""trade_id"":""09d55532-432b-7ae4-8c47-6eb7d83bf887"",""yes_price_dollars"":""0.6700""}"
KXETH15M-26APR281300-00,e10e8a0a-57d9-4bd8-a03e-d3aa15a6a99c,1777394790,0.66,10.0,no,"{""count_fp"":""10.00"",""created_time"":""2026-04-28T16:46:30.645184Z"",""no_price_dollars"":""0.3400"",""taker_side"":""no"",""ticker"":""KXETH15M-26APR281300-00"",""trade_id"":""e10e8a0a-57d9-4bd8-a03e-d3aa15a6a99c"",""yes_price_dollars"":""0.6600""}"
KXETH15M-26APR281300-00,d693884f-bcfd-4ac6-9af3-c6ef6cf7bdf0,1777394790,0.64,16.91,no,"{""count_fp"":""16.91"",""created_time"":""2026-04-28T16:46:30.645184Z"",""no_price_dollars"":""0.3600"",""taker_side"":""no"",""ticker"":""KXETH15M-26APR281300-00"",""trade_id"":""d693884f-bcfd-4ac6-9af3-c6ef6cf7bdf0"",""yes_price_dollars"":""0.6400""}"
KXETH15M-26APR281300-00,34672804-2678-7a8e-53bf-8dc7fd8df418,1777394791,0.62,0.29,no,"{""count_fp"":""0.29"",""created_time"":""2026-04-28T16:46:31.940281Z"",""no_price_dollars"":""0.3800"",""taker_side"":""no"",""ticker"":""KXETH15M-26APR281300-00"",""trade_id"":""34672804-2678-7a8e-53bf-8dc7fd8df418"",""yes_price_dollars"":""0.6200""}"
KXETH15M-26APR281300-00,e0e5d9af-85e1-477b-54fb-4abd50d7138a,1777394791,0.67,7.09,yes,"{""count_fp"":""7.09"",""created_time"":""2026-04-28T16:46:31.523644Z"",""no_price_dollars"":""0.3300"",""taker_side"":""yes"",""ticker"":""KXETH15M-26APR281300-00"",""trade_id"":""e0e5d9af-85e1-477b-54fb-4abd50d7138a"",""yes_price_dollars"":""0.6700""}"
KXETH15M-26APR281300-00,e68ac0f8-4dd5-5827-f907-f0de2e9d95a6,1777394792,0.67,2.0,yes,"{""count_fp"":""2.00"",""created_time"":""2026-04-28T16:46:32.225464Z"",""no_price_dollars"":""0.3300"",""taker_side"":""yes"",""ticker"":""KXETH15M-26APR281300-00"",""trade_id"":""e68ac0f8-4dd5-5827-f907-f0de2e9d95a6"",""yes_price_dollars"":""0.6700""}"
KXETH15M-26APR281300-00,78f21d6f-7295-42b3-e443-bcc20f80af7a,1777394792,0.67,5.0,yes,"{""count_fp"":""5.00"",""created_time"":""2026-04-28T16:46:32.078819Z"",""no_price_dollars"":""0.3300"",""taker_side"":""yes"",""ticker"":""KXETH15M-26APR281300-00"",""trade_id"":""78f21d6f-7295-42b3-e443-bcc20f80af7a"",""yes_price_dollars"":""0.6700""}"
KXETH15M-26APR281300-00,90be3760-d21d-7a39-b493-48f4e3e095ad,1777394803,0.63,10.0,no,"{""count_fp"":""10.00"",""created_time"":""2026-04-28T16:46:43.285308Z"",""no_price_dollars"":""0.3700"",""taker_side"":""no"",""ticker"":""KXETH15M-26APR281300-00"",""trade_id"":""90be3760-d21d-7a39-b493-48f4e3e095ad"",""yes_price_dollars"":""0.6300""}"
KXETH15M-26APR281300-00,17621c0f-bec5-7906-ab1a-69b2392eb134,1777394803,0.62,2.84,no,"{""count_fp"":""2.84"",""created_time"":""2026-04-28T16:46:43.285308Z"",""no_price_dollars"":""0.3800"",""taker_side"":""no"",""ticker"":""KXETH15M-26APR281300-00"",""trade_id"":""17621c0f-bec5-7906-ab1a-69b2392eb134"",""yes_price_dollars"":""0.6200""}"
KXETH15M-26APR281300-00,f65e76e6-7001-5027-458e-e45465caa972,1777394806,0.65,15.01,yes,"{""count_fp"":""15.01"",""created_time"":""2026-04-28T16:46:46.314342Z"",""no_price_dollars"":""0.3500"",""taker_side"":""yes"",""ticker"":""KXETH15M-26APR281300-00"",""trade_id"":""f65e76e6-7001-5027-458e-e45465caa972"",""yes_price_dollars"":""0.6500""}"
KXETH15M-26APR281300-00,2208ef37-c092-44e9-1848-18da376c4889,1777394807,0.62,10.0,no,"{""count_fp"":""10.00"",""created_time"":""2026-04-28T16:46:47.655475Z"",""no_price_dollars"":""0.3800"",""taker_side"":""no"",""ticker"":""KXETH15M-26APR281300-00"",""trade_id"":""2208ef37-c092-44e9-1848-18da376c4889"",""yes_price_dollars"":""0.6200""}"
KXETH15M-26APR281300-00,1d780e9d-496d-4046-08e5-b92feaa2592c,1777394807,0.62,17.74,no,"{""count_fp"":""17.74"",""created_time"":""2026-04-28T16:46:47.655475Z"",""no_price_dollars"":""0.3800"",""taker_side"":""no"",""ticker"":""KXETH15M-26APR281300-00"",""trade_id"":""1d780e9d-496d-4046-08e5-b92feaa2592c"",""yes_price_dollars"":""0.6200""}"
KXETH15M-26APR281300-00,cae8bbc6-b1ae-6afc-2a74-30542ce5ef1d,1777394810,0.64,1.0,yes,"{""count_fp"":""1.00"",""created_time"":""2026-04-28T16:46:50.918254Z"",""no_price_dollars"":""0.3600"",""taker_side"":""yes"",""ticker"":""KXETH15M-26APR281300-00"",""trade_id"":""cae8bbc6-b1ae-6afc-2a74-30542ce5ef1d"",""yes_price_dollars"":""0.6400""}"
KXETH15M-26APR281300-00,9be873bd-db92-647e-2bd3-dbf785b562ae,1777394815,0.63,28.08,yes,"{""count_fp"":""28.08"",""created_time"":""2026-04-28T16:46:55.445614Z"",""no_price_dollars"":""0.3700"",""taker_side"":""yes"",""ticker"":""KXETH15M-26APR281300-00"",""trade_id"":""9be873bd-db92-647e-2bd3-dbf785b562ae"",""yes_price_dollars"":""0.6300""}"
KXETH15M-26APR281300-00,38ded69f-5776-68d6-231c-b551050a8cfc,1777394815,0.63,8.91,yes,"{""count_fp"":""8.91"",""created_time"":""2026-04-28T16:46:55.445614Z"",""no_price_dollars"":""0.3700"",""taker_side"":""yes"",""ticker"":""KXETH15M-26APR281300-00"",""trade_id"":""38ded69f-5776-68d6-231c-b551050a8cfc"",""yes_price_dollars"":""0.6300""}"
KXETH15M-26APR281300-00,dd0a8555-3b1d-4715-3222-0f585ae9ff03,1777394817,0.63,1.0,yes,"{""count_fp"":""1.00"",""created_time"":""2026-04-28T16:46:57.715047Z"",""no_price_dollars"":""0.3700"",""taker_side"":""yes"",""ticker"":""KXETH15M-26APR281300-00"",""trade_id"":""dd0a8555-3b1d-4715-3222-0f585ae9ff03"",""yes_price_dollars"":""0.6300""}"
KXETH15M-26APR281300-00,f6bda9fa-f29f-73ff-730f-1d8fac7a1cf7,1777394820,0.62,1.0,no,"{""count_fp"":""1.00"",""created_time"":""2026-04-28T16:47:00.953616Z"",""no_price_dollars"":""0.3800"",""taker_side"":""no"",""ticker"":""KXETH15M-26APR281300-00"",""trade_id"":""f6bda9fa-f29f-73ff-730f-1d8fac7a1cf7"",""yes_price_dollars"":""0.6200""}"
KXETH15M-26APR281300-00,656e16ac-a15e-74c1-4514-92c18ad90683,1777394820,0.62,1.0,no,"{""count_fp"":""1.00"",""created_time"":""2026-04-28T16:47:00.953616Z"",""no_price_dollars"":""0.3800"",""taker_side"":""no"",""ticker"":""KXETH15M-26APR281300-00"",""trade_id"":""656e16ac-a15e-74c1-4514-92c18ad90683"",""yes_price_dollars"":""0.6200""}"
KXETH15M-26APR281300-00,c733433f-dfe2-4bac-f04e-57df4ddbcde8,1777394821,0.59,5.0,no,"{""count_fp"":""5.00"",""created_time"":""2026-04-28T16:47:01.521445Z"",""no_price_dollars"":""0.4100"",""taker_side"":""no"",""ticker"":""KXETH15M-26APR281300-00"",""trade_id"":""c733433f-dfe2-4bac-f04e-57df4ddbcde8"",""yes_price_dollars"":""0.5900""}"
KXETH15M-26APR281300-00,909044dc-47d2-4ae1-e68b-5cb10916cb38,1777394821,0.6,1.0,no,"{""count_fp"":""1.00"",""created_time"":""2026-04-28T16:47:01.521445Z"",""no_price_dollars"":""0.4000"",""taker_side"":""no"",""ticker"":""KXETH15M-26APR281300-00"",""trade_id"":""909044dc-47d2-4ae1-e68b-5cb10916cb38"",""yes_price_dollars"":""0.6000""}"
KXETH15M-26APR281300-00,82351117-16e9-4896-ead6-b2f46176129c,1777394821,0.59,1.0,no,"{""count_fp"":""1.00"",""created_time"":""2026-04-28T16:47:01.521445Z"",""no_price_dollars"":""0.4100"",""taker_side"":""no"",""ticker"":""KXETH15M-26APR281300-00"",""trade_id"":""82351117-16e9-4896-ead6-b2f46176129c"",""yes_price_dollars"":""0.5900""}"
KXETH15M-26APR281300-00,5c3f3f41-7274-4add-f532-c55600cc76c7,1777394821,0.61,1.0,no,"{""count_fp"":""1.00"",""created_time"":""2026-04-28T16:47:01.521445Z"",""no_price_dollars"":""0.3900"",""taker_side"":""no"",""ticker"":""KXETH15M-26APR281300-00"",""trade_id"":""5c3f3f41-7274-4add-f532-c55600cc76c7"",""yes_price_dollars"":""0.6100""}"
KXETH15M-26APR281300-00,ca595f93-f0e1-4ce3-5a3a-e2183433dc72,1777394823,0.59,40.0,yes,"{""count_fp"":""40.00"",""created_time"":""2026-04-28T16:47:03.555572Z"",""no_price_dollars"":""0.4100"",""taker_side"":""yes"",""ticker"":""KXETH15M-26APR281300-00"",""trade_id"":""ca595f93-f0e1-4ce3-5a3a-e2183433dc72"",""yes_price_dollars"":""0.5900""}"
KXETH15M-26APR281300-00,f97fb3f9-3889-606f-8d9b-6d4fbfbd4036,1777394826,0.62,5.0,yes,"{""count_fp"":""5.00"",""created_time"":""2026-04-28T16:47:06.066754Z"",""no_price_dollars"":""0.3800"",""taker_side"":""yes"",""ticker"":""KXETH15M-26APR281300-00"",""trade_id"":""f97fb3f9-3889-606f-8d9b-6d4fbfbd4036"",""yes_price_dollars"":""0.6200""}"
KXETH15M-26APR281300-00,3c46c1de-90e1-749f-f1ae-77631179fa76,1777394826,0.62,12.0,yes,"{""count_fp"":""12.00"",""created_time"":""2026-04-28T16:47:06.057817Z"",""no_price_dollars"":""0.3800"",""taker_side"":""yes"",""ticker"":""KXETH15M-26APR281300-00"",""trade_id"":""3c46c1de-90e1-749f-f1ae-77631179fa76"",""yes_price_dollars"":""0.6200""}"
KXETH15M-26APR281300-00,1b8011df-081c-7690-c749-63359d7e28ae,1777394826,0.6,10.0,yes,"{""count_fp"":""10.00"",""created_time"":""2026-04-28T16:47:06.057817Z"",""no_price_dollars"":""0.4000"",""taker_side"":""yes"",""ticker"":""KXETH15M-26APR281300-00"",""trade_id"":""1b8011df-081c-7690-c749-63359d7e28ae"",""yes_price_dollars"":""0.6000""}"
KXETH15M-26APR281300-00,ce416ec4-ae0f-6db4-b18a-d1a258db1834,1777394834,0.62,2.53,no,"{""count_fp"":""2.53"",""created_time"":""2026-04-28T16:47:14.911162Z"",""no_price_dollars"":""0.3800"",""taker_side"":""no"",""ticker"":""KXETH15M-26APR281300-00"",""trade_id"":""ce416ec4-ae0f-6db4-b18a-d1a258db1834"",""yes_price_dollars"":""0.6200""}"
KXETH15M-26APR281300-00,ca6722c9-a0b4-625c-9166-2684e0c30723,1777394834,0.62,10.0,no,"{""count_fp"":""10.00"",""created_time"":""2026-04-28T16:47:14.911162Z"",""no_price_dollars"":""0.3800"",""taker_side"":""no"",""ticker"":""KXETH15M-26APR281300-00"",""trade_id"":""ca6722c9-a0b4-625c-9166-2684e0c30723"",""yes_price_dollars"":""0.6200""}"
KXETH15M-26APR281300-00,7c0bb38b-fa32-593e-db38-781568d8c7cc,1777394838,0.6,4.0,no,"{""count_fp"":""4.00"",""created_time"":""2026-04-28T16:47:18.173414Z"",""no_price_dollars"":""0.4000"",""taker_side"":""no"",""ticker"":""KXETH15M-26APR281300-00"",""trade_id"":""7c0bb38b-fa32-593e-db38-781568d8c7cc"",""yes_price_dollars"":""0.6000""}"
KXETH15M-26APR281300-00,64a0467c-7cf6-41e2-924a-450cbbf16f41,1777394846,0.57,1.0,no,"{""count_fp"":""1.00"",""created_time"":""2026-04-28T16:47:26.778288Z"",""no_price_dollars"":""0.4300"",""taker_side"":""no"",""ticker"":""KXETH15M-26APR281300-00"",""trade_id"":""64a0467c-7cf6-41e2-924a-450cbbf16f41"",""yes_price_dollars"":""0.5700""}"
KXETH15M-26APR281300-00,07ef5640-d734-4c41-ba51-2a929c845af0,1777394846,0.58,1.0,no,"{""count_fp"":""1.00"",""created_time"":""2026-04-28T16:47:26.778288Z"",""no_price_dollars"":""0.4200"",""taker_side"":""no"",""ticker"":""KXETH15M-26APR281300-00"",""trade_id"":""07ef5640-d734-4c41-ba51-2a929c845af0"",""yes_price_dollars"":""0.5800""}"
KXETH15M-26APR281300-00,0afdd1e9-8eec-70ed-5e55-af142d415502,1777394847,0.59,8.18,yes,"{""count_fp"":""8.18"",""created_time"":""2026-04-28T16:47:27.864136Z"",""no_price_dollars"":""0.4100"",""taker_side"":""yes"",""ticker"":""KXETH15M-26APR281300-00"",""trade_id"":""0afdd1e9-8eec-70ed-5e55-af142d415502"",""yes_price_dollars"":""0.5900""}"
KXETH15M-26APR281300-00,f2905df7-ac6d-5555-baf4-af38780432b5,1777394847,0.57,8.0,yes,"{""count_fp"":""8.00"",""created_time"":""2026-04-28T16:47:27.545745Z"",""no_price_dollars"":""0.4300"",""taker_side"":""yes"",""ticker"":""KXETH15M-26APR281300-00"",""trade_id"":""f2905df7-ac6d-5555-baf4-af38780432b5"",""yes_price_dollars"":""0.5700""}"
KXETH15M-26APR281300-00,df6c6c25-c6b5-596c-b799-15293fac77aa,1777394847,0.58,2.0,yes,"{""count_fp"":""2.00"",""created_time"":""2026-04-28T16:47:27.545745Z"",""no_price_dollars"":""0.4200"",""taker_side"":""yes"",""ticker"":""KXETH15M-26APR281300-00"",""trade_id"":""df6c6c25-c6b5-596c-b799-15293fac77aa"",""yes_price_dollars"":""0.5800""}"
KXETH15M-26APR281300-00,ba53591c-830c-50fa-28a6-591649958032,1777394851,0.56,1.0,no,"{""count_fp"":""1.00"",""created_time"":""2026-04-28T16:47:31.252832Z"",""no_price_dollars"":""0.4400"",""taker_side"":""no"",""ticker"":""KXETH15M-26APR281300-00"",""trade_id"":""ba53591c-830c-50fa-28a6-591649958032"",""yes_price_dollars"":""0.5600""}"
KXETH15M-26APR281300-00,acb26b97-3e8d-54ad-3e70-d257da3587de,1777394851,0.55,1.0,no,"{""count_fp"":""1.00"",""created_time"":""2026-04-28T16:47:31.252832Z"",""no_price_dollars"":""0.4500"",""taker_side"":""no"",""ticker"":""KXETH15M-26APR281300-00"",""trade_id"":""acb26b97-3e8d-54ad-3e70-d257da3587de"",""yes_price_dollars"":""0.5500""}"
KXETH15M-26APR281300-00,46ea7b5d-dea8-5b60-1c98-658bbb048566,1777394851,0.55,10.0,no,"{""count_fp"":""10.00"",""created_time"":""2026-04-28T16:47:31.252832Z"",""no_price_dollars"":""0.4500"",""taker_side"":""no"",""ticker"":""KXETH15M-26APR281300-00"",""trade_id"":""46ea7b5d-dea8-5b60-1c98-658bbb048566"",""yes_price_dollars"":""0.5500""}"
KXETH15M-26APR281300-00,36313871-c685-544f-34f4-d181f89d1234,1777394851,0.54,9.08,no,"{""count_fp"":""9.08"",""created_time"":""2026-04-28T16:47:31.252832Z"",""no_price_dollars"":""0.4600"",""taker_side"":""no"",""ticker"":""KXETH15M-26APR281300-00"",""trade_id"":""36313871-c685-544f-34f4-d181f89d1234"",""yes_price_dollars"":""0.5400""}"
KXETH15M-26APR281300-00,4449fe49-bb60-45c1-27e0-2e74aa3e9a0b,1777394867,0.58,4.98,yes,"{""count_fp"":""4.98"",""created_time"":""2026-04-28T16:47:47.689686Z"",""no_price_dollars"":""0.4200"",""taker_side"":""yes"",""ticker"":""KXETH15M-26APR281300-00"",""trade_id"":""4449fe49-bb60-45c1-27e0-2e74aa3e9a0b"",""yes_price_dollars"":""0.5800""}"
KXETH15M-26APR281300-00,b83aec1a-8b9c-413e-2bc6-ce4314aab418,1777394873,0.58,10.0,yes,"{""count_fp"":""10.00"",""created_time"":""2026-04-28T16:47:53.308314Z"",""no_price_dollars"":""0.4200"",""taker_side"":""yes"",""ticker"":""KXETH15M-26APR281300-00"",""trade_id"":""b83aec1a-8b9c-413e-2bc6-ce4314aab418"",""yes_price_dollars"":""0.5800""}"
KXETH15M-26APR281300-00,9f413796-0107-4b96-073d-1fb39c879d45,1777394873,0.57,1.0,yes,"{""count_fp"":""1.00"",""created_time"":""2026-04-28T16:47:53.308314Z"",""no_price_dollars"":""0.4300"",""taker_side"":""yes"",""ticker"":""KXETH15M-26APR281300-00"",""trade_id"":""9f413796-0107-4b96-073d-1fb39c879d45"",""yes_price_dollars"":""0.5700""}"
KXETH15M-26APR281300-00,93a7b20c-8811-44bf-2d4f-9d8f2e3e8a1e,1777394873,0.59,19.48,yes,"{""count_fp"":""19.48"",""created_time"":""2026-04-28T16:47:53.308314Z"",""no_price_dollars"":""0.4100"",""taker_side"":""yes"",""ticker"":""KXETH15M-26APR281300-00"",""trade_id"":""93a7b20c-8811-44bf-2d4f-9d8f2e3e8a1e"",""yes_price_dollars"":""0.5900""}"
KXETH15M-26APR281300-00,8cb08b71-53a9-4579-1241-929790324bd4,1777394873,0.58,9.52,yes,"{""count_fp"":""9.52"",""created_time"":""2026-04-28T16:47:53.308314Z"",""no_price_dollars"":""0.4200"",""taker_side"":""yes"",""ticker"":""KXETH15M-26APR281300-00"",""trade_id"":""8cb08b71-53a9-4579-1241-929790324bd4"",""yes_price_dollars"":""0.5800""}"
KXETH15M-26APR281300-00,75d3ce1e-911e-5d23-aa14-bedd3db3ad7f,1777394874,0.55,0.85,no,"{""count_fp"":""0.85"",""created_time"":""2026-04-28T16:47:54.836197Z"",""no_price_dollars"":""0.4500"",""taker_side"":""no"",""ticker"":""KXETH15M-26APR281300-00"",""trade_id"":""75d3ce1e-911e-5d23-aa14-bedd3db3ad7f"",""yes_price_dollars"":""0.5500""}"
KXETH15M-26APR281300-00,aef99fee-f938-635a-63ae-05b00c74442a,1777394878,0.54,1.0,no,"{""count_fp"":""1.00"",""created_time"":""2026-04-28T16:47:58.265438Z"",""no_price_dollars"":""0.4600"",""taker_side"":""no"",""ticker"":""KXETH15M-26APR281300-00"",""trade_id"":""aef99fee-f938-635a-63ae-05b00c74442a"",""yes_price_dollars"":""0.5400""}"
KXETH15M-26APR281300-00,8915e270-d191-6923-74a3-954d30aa0da8,1777394878,0.54,0.92,no,"{""count_fp"":""0.92"",""created_time"":""2026-04-28T16:47:58.265438Z"",""no_price_dollars"":""0.4600"",""taker_side"":""no"",""ticker"":""KXETH15M-26APR281300-00"",""trade_id"":""8915e270-d191-6923-74a3-954d30aa0da8"",""yes_price_dollars"":""0.5400""}"
KXETH15M-26APR281300-00,41f4d6ed-8205-6ed3-783d-541bfc5d576f,1777394878,0.53,9.08,no,"{""count_fp"":""9.08"",""created_time"":""2026-04-28T16:47:58.265438Z"",""no_price_dollars"":""0.4700"",""taker_side"":""no"",""ticker"":""KXETH15M-26APR281300-00"",""trade_id"":""41f4d6ed-8205-6ed3-783d-541bfc5d576f"",""yes_price_dollars"":""0.5300""}"
KXETH15M-26APR281300-00,3c65ffee-5bfe-6a2b-7d32-0dcf50d6a04b,1777394878,0.55,0.15,no,"{""count_fp"":""0.15"",""created_time"":""2026-04-28T16:47:58.187648Z"",""no_price_dollars"":""0.4500"",""taker_side"":""no"",""ticker"":""KXETH15M-26APR281300-00"",""trade_id"":""3c65ffee-5bfe-6a2b-7d32-0dcf50d6a04b"",""yes_price_dollars"":""0.5500""}"
KXETH15M-26APR281300-00,2f411f49-c899-7633-1099-6a2ec2a2dce2,1777394879,0.53,10.0,yes,"{""count_fp"":""10.00"",""created_time"":""2026-04-28T16:47:59.557858Z"",""no_price_dollars"":""0.4700"",""taker_side"":""yes"",""ticker"":""KXETH15M-26APR281300-00"",""trade_id"":""2f411f49-c899-7633-1099-6a2ec2a2dce2"",""yes_price_dollars"":""0.5300""}"
KXETH15M-26APR281300-00,315aece5-32ec-6a57-6c09-a40c572d5396,1777394881,0.5,1.0,no,"{""count_fp"":""1.00"",""created_time"":""2026-04-28T16:48:01.899834Z"",""no_price_dollars"":""0.5000"",""taker_side"":""no"",""ticker"":""KXETH15M-26APR281300-00"",""trade_id"":""315aece5-32ec-6a57-6c09-a40c572d5396"",""yes_price_dollars"":""0.5000""}"
KXETH15M-26APR281300-00,d49c02e5-5ecd-4ea9-e29b-792daf9823aa,1777394881,0.52,300.0,no,"{""count_fp"":""300.00"",""created_time"":""2026-04-28T16:48:01.086508Z"",""no_price_dollars"":""0.4800"",""taker_side"":""no"",""ticker"":""KXETH15M-26APR281300-00"",""trade_id"":""d49c02e5-5ecd-4ea9-e29b-792daf9823aa"",""yes_price_dollars"":""0.5200""}"
KXETH15M-26APR281300-00,6c14ce09-762a-7b16-7c14-d795eb512d20,1777394885,0.49,1.0,no,"{""count_fp"":""1.00"",""created_time"":""2026-04-28T16:48:05.435806Z"",""no_price_dollars"":""0.5100"",""taker_side"":""no"",""ticker"":""KXETH15M-26APR281300-00"",""trade_id"":""6c14ce09-762a-7b16-7c14-d795eb512d20"",""yes_price_dollars"":""0.4900""}"
KXETH15M-26APR281300-00,3b8ac824-ca4d-6d1b-3bc6-57de1334fe68,1777394885,0.55,1.0,yes,"{""count_fp"":""1.00"",""created_time"":""2026-04-28T16:48:05.180256Z"",""no_price_dollars"":""0.4500"",""taker_side"":""yes"",""ticker"":""KXETH15M-26APR281300-00"",""trade_id"":""3b8ac824-ca4d-6d1b-3bc6-57de1334fe68"",""yes_price_dollars"":""0.5500""}"
KXETH15M-26APR281300-00,9d867e87-30b2-568e-b268-c032727e1044,1777394887,0.57,0.18,no,"{""count_fp"":""0.18"",""created_time"":""2026-04-28T16:48:07.655849Z"",""no_price_dollars"":""0.4300"",""taker_side"":""no"",""ticker"":""KXETH15M-26APR281300-00"",""trade_id"":""9d867e87-30b2-568e-b268-c032727e1044"",""yes_price_dollars"":""0.5700""}"
KXETH15M-26APR281300-00,3a004cae-6e89-6324-6d28-0920548a4d83,1777394893,0.58,2.28,no,"{""count_fp"":""2.28"",""created_time"":""2026-04-28T16:48:13.866742Z"",""no_price_dollars"":""0.4200"",""taker_side"":""no"",""ticker"":""KXETH15M-26APR281300-00"",""trade_id"":""3a004cae-6e89-6324-6d28-0920548a4d83"",""yes_price_dollars"":""0.5800""}"
KXETH15M-26APR281300-00,e1e32ad5-f89b-5723-18fe-1382c2c1274f,1777394903,0.59,1.0,no,"{""count_fp"":""1.00"",""created_time"":""2026-04-28T16:48:23.312854Z"",""no_price_dollars"":""0.4100"",""taker_side"":""no"",""ticker"":""KXETH15M-26APR281300-00"",""trade_id"":""e1e32ad5-f89b-5723-18fe-1382c2c1274f"",""yes_price_dollars"":""0.5900""}"
KXETH15M-26APR281300-00,1d808dd7-4d85-5e50-3424-fcc35478edda,1777394903,0.59,10.0,no,"{""count_fp"":""10.00"",""created_time"":""2026-04-28T16:48:23.312854Z"",""no_price_dollars"":""0.4100"",""taker_side"":""no"",""ticker"":""KXETH15M-26APR281300-00"",""trade_id"":""1d808dd7-4d85-5e50-3424-fcc35478edda"",""yes_price_dollars"":""0.5900""}"
KXETH15M-26APR281300-00,ef2c0ad9-64c6-6fdb-188b-1809582562c9,1777394908,0.57,10.0,no,"{""count_fp"":""10.00"",""created_time"":""2026-04-28T16:48:28.162004Z"",""no_price_dollars"":""0.4300"",""taker_side"":""no"",""ticker"":""KXETH15M-26APR281300-00"",""trade_id"":""ef2c0ad9-64c6-6fdb-188b-1809582562c9"",""yes_price_dollars"":""0.5700""}"
KXETH15M-26APR281300-00,c74b478c-25e2-6f06-0d35-f1673c5ef604,1777394908,0.57,101.81,no,"{""count_fp"":""101.81"",""created_time"":""2026-04-28T16:48:28.162004Z"",""no_price_dollars"":""0.4300"",""taker_side"":""no"",""ticker"":""KXETH15M-26APR281300-00"",""trade_id"":""c74b478c-25e2-6f06-0d35-f1673c5ef604"",""yes_price_dollars"":""0.5700""}"
KXETH15M-26APR281300-00,91fc12c4-7954-5798-8c87-b105566e472e,1777394909,0.61,1.84,yes,"{""count_fp"":""1.84"",""created_time"":""2026-04-28T16:48:29.945687Z"",""no_price_dollars"":""0.3900"",""taker_side"":""yes"",""ticker"":""KXETH15M-26APR281300-00"",""trade_id"":""91fc12c4-7954-5798-8c87-b105566e472e"",""yes_price_dollars"":""0.6100""}"
KXETH15M-26APR281300-00,8d002e38-982b-5557-9c5c-b22c420c0016,1777394909,0.6,1.0,yes,"{""count_fp"":""1.00"",""created_time"":""2026-04-28T16:48:29.945687Z"",""no_price_dollars"":""0.4000"",""taker_side"":""yes"",""ticker"":""KXETH15M-26APR281300-00"",""trade_id"":""8d002e38-982b-5557-9c5c-b22c420c0016"",""yes_price_dollars"":""0.6000""}"
KXETH15M-26APR281300-00,52fa95c1-a248-510e-addb-f3abe678b0e8,1777394909,0.6,10.0,yes,"{""count_fp"":""10.00"",""created_time"":""2026-04-28T16:48:29.945687Z"",""no_price_dollars"":""0.4000"",""taker_side"":""yes"",""ticker"":""KXETH15M-26APR281300-00"",""trade_id"":""52fa95c1-a248-510e-addb-f3abe678b0e8"",""yes_price_dollars"":""0.6000""}"
KXETH15M-26APR281300-00,d883bc36-9e1a-6c92-7972-b6f866d69bf4,1777394909,0.57,1.11,no,"{""count_fp"":""1.11"",""created_time"":""2026-04-28T16:48:29.800338Z"",""no_price_dollars"":""0.4300"",""taker_side"":""no"",""ticker"":""KXETH15M-26APR281300-00"",""trade_id"":""d883bc36-9e1a-6c92-7972-b6f866d69bf4"",""yes_price_dollars"":""0.5700""}"
KXETH15M-26APR281300-00,961202b3-021b-5397-b67c-59c757563f62,1777394916,0.62,10.0,yes,"{""count_fp"":""10.00"",""created_time"":""2026-04-28T16:48:36.804821Z"",""no_price_dollars"":""0.3800"",""taker_side"":""yes"",""ticker"":""KXETH15M-26APR281300-00"",""trade_id"":""961202b3-021b-5397-b67c-59c757563f62"",""yes_price_dollars"":""0.6200""}"
KXETH15M-26APR281300-00,3cc824e3-5d54-72a8-22cb-609fb349c286,1777394916,0.61,0.16,yes,"{""count_fp"":""0.16"",""created_time"":""2026-04-28T16:48:36.804739Z"",""no_price_dollars"":""0.3900"",""taker_side"":""yes"",""ticker"":""KXETH15M-26APR281300-00"",""trade_id"":""3cc824e3-5d54-72a8-22cb-609fb349c286"",""yes_price_dollars"":""0.6100""}"
KXETH15M-26APR281300-00,66dcbf58-60f4-4c40-0868-26589d6eedca,1777394916,0.61,28.0,yes,"{""count_fp"":""28.00"",""created_time"":""2026-04-28T16:48:36.788793Z"",""no_price_dollars"":""0.3900"",""taker_side"":""yes"",""ticker"":""KXETH15M-26APR281300-00"",""trade_id"":""66dcbf58-60f4-4c40-0868-26589d6eedca"",""yes_price_dollars"":""0.6100""}"
KXETH15M-26APR281300-00,bd1f1460-09ec-4c84-e711-7317ed1f0e1d,1777394917,0.63,20.0,yes,"{""count_fp"":""20.00"",""created_time"":""2026-04-28T16:48:37.324943Z"",""no_price_dollars"":""0.3700"",""taker_side"":""yes"",""ticker"":""KXETH15M-26APR281300-00"",""trade_id"":""bd1f1460-09ec-4c84-e711-7317ed1f0e1d"",""yes_price_dollars"":""0.6300""}"
KXETH15M-26APR281300-00,e07a324a-d0b5-464c-0a6e-bfb53be3487c,1777394926,0.7,1.0,yes,"{""count_fp"":""1.00"",""created_time"":""2026-04-28T16:48:46.571139Z"",""no_price_dollars"":""0.3000"",""taker_side"":""yes"",""ticker"":""KXETH15M-26APR281300-00"",""trade_id"":""e07a324a-d0b5-464c-0a6e-bfb53be3487c"",""yes_price_dollars"":""0.7000""}"
KXETH15M-26APR281300-00,b75e05b6-7a1d-4a80-1252-126d61ea4a8f,1777394926,0.71,5.0,yes,"{""count_fp"":""5.00"",""created_time"":""2026-04-28T16:48:46.571139Z"",""no_price_dollars"":""0.2900"",""taker_side"":""yes"",""ticker"":""KXETH15M-26APR281300-00"",""trade_id"":""b75e05b6-7a1d-4a80-1252-126d61ea4a8f"",""yes_price_dollars"":""0.7100""}"
KXETH15M-26APR281300-00,3577585a-c94e-43dc-09bc-f3985d407031,1777394926,0.71,60.09,yes,"{""count_fp"":""60.09"",""created_time"":""2026-04-28T16:48:46.571139Z"",""no_price_dollars"":""0.2900"",""taker_side"":""yes"",""ticker"":""KXETH15M-26APR281300-00"",""trade_id"":""3577585a-c94e-43dc-09bc-f3985d407031"",""yes_price_dollars"":""0.7100""}"
KXETH15M-26APR281300-00,136de111-e7b4-5db1-f47b-70b899b681b9,1777394927,0.71,6.9,yes,"{""count_fp"":""6.90"",""created_time"":""2026-04-28T16:48:47.925784Z"",""no_price_dollars"":""0.2900"",""taker_side"":""yes"",""ticker"":""KXETH15M-26APR281300-00"",""trade_id"":""136de111-e7b4-5db1-f47b-70b899b681b9"",""yes_price_dollars"":""0.7100""}"
KXETH15M-26APR281300-00,9a3e42fb-e28b-70e3-132c-6d371de35640,1777394932,0.7,5.0,no,"{""count_fp"":""5.00"",""created_time"":""2026-04-28T16:48:52.622421Z"",""no_price_dollars"":""0.3000"",""taker_side"":""no"",""ticker"":""KXETH15M-26APR281300-00"",""trade_id"":""9a3e42fb-e28b-70e3-132c-6d371de35640"",""yes_price_dollars"":""0.7000""}"
KXETH15M-26APR281300-00,fc442735-d804-7b35-26b1-d7c7ed1717ad,1777394932,0.73,7.89,yes,"{""count_fp"":""7.89"",""created_time"":""2026-04-28T16:48:52.360811Z"",""no_price_dollars"":""0.2700"",""taker_side"":""yes"",""ticker"":""KXETH15M-26APR281300-00"",""trade_id"":""fc442735-d804-7b35-26b1-d7c7ed1717ad"",""yes_price_dollars"":""0.7300""}"
KXETH15M-26APR281300-00,a84c15cf-11c7-7a6c-1754-21277f4de091,1777394932,0.73,10.0,yes,"{""count_fp"":""10.00"",""created_time"":""2026-04-28T16:48:52.360811Z"",""no_price_dollars"":""0.2700"",""taker_side"":""yes"",""ticker"":""KXETH15M-26APR281300-00"",""trade_id"":""a84c15cf-11c7-7a6c-1754-21277f4de091"",""yes_price_dollars"":""0.7300""}"
KXETH15M-26APR281300-00,ac31aedc-a813-486b-03b1-af0a99479f60,1777394933,0.7,3.17,no,"{""count_fp"":""3.17"",""created_time"":""2026-04-28T16:48:53.275058Z"",""no_price_dollars"":""0.3000"",""taker_side"":""no"",""ticker"":""KXETH15M-26APR281300-00"",""trade_id"":""ac31aedc-a813-486b-03b1-af0a99479f60"",""yes_price_dollars"":""0.7000""}"
KXETH15M-26APR281300-00,1c2ca0a9-3623-5c33-53b4-9535ae0a1fc4,1777394938,0.7,9.53,no,"{""count_fp"":""9.53"",""created_time"":""2026-04-28T16:48:58.143766Z"",""no_price_dollars"":""0.3000"",""taker_side"":""no"",""ticker"":""KXETH15M-26APR281300-00"",""trade_id"":""1c2ca0a9-3623-5c33-53b4-9535ae0a1fc4"",""yes_price_dollars"":""0.7000""}"
KXETH15M-26APR281300-00,9dead77c-1d3f-6818-45f7-eff45c52f5e4,1777394946,0.72,5.0,no,"{""count_fp"":""5.00"",""created_time"":""2026-04-28T16:49:06.231525Z"",""no_price_dollars"":""0.2800"",""taker_side"":""no"",""ticker"":""KXETH15M-26APR281300-00"",""trade_id"":""9dead77c-1d3f-6818-45f7-eff45c52f5e4"",""yes_price_dollars"":""0.7200""}"
KXETH15M-26APR281300-00,54e83981-7e6f-4da8-a23a-f491a1acb4b6,1777394949,0.71,8.18,no,"{""count_fp"":""8.18"",""created_time"":""2026-04-28T16:49:09.677818Z"",""no_price_dollars"":""0.2900"",""taker_side"":""no"",""ticker"":""KXETH15M-26APR281300-00"",""trade_id"":""54e83981-7e6f-4da8-a23a-f491a1acb4b6"",""yes_price_dollars"":""0.7100""}"
KXETH15M-26APR281300-00,cfe0a620-083b-5b7f-682e-876bed5a6f3b,1777394953,0.7,1.0,no,"{""count_fp"":""1.00"",""created_time"":""2026-04-28T16:49:13.515747Z"",""no_price_dollars"":""0.3000"",""taker_side"":""no"",""ticker"":""KXETH15M-26APR281300-00"",""trade_id"":""cfe0a620-083b-5b7f-682e-876bed5a6f3b"",""yes_price_dollars"":""0.7000""}"
KXETH15M-26APR281300-00,8d26cbb0-1cfc-5d92-69b0-e06b889d22e4,1777394953,0.69,7.32,no,"{""count_fp"":""7.32"",""created_time"":""2026-04-28T16:49:13.515747Z"",""no_price_dollars"":""0.3100"",""taker_side"":""no"",""ticker"":""KXETH15M-26APR281300-00"",""trade_id"":""8d26cbb0-1cfc-5d92-69b0-e06b889d22e4"",""yes_price_dollars"":""0.6900""}"
KXETH15M-26APR281300-00,3aae993e-b277-5053-40b5-9b3cb0ed2a98,1777394953,0.7,7.3,no,"{""count_fp"":""7.30"",""created_time"":""2026-04-28T16:49:13.515747Z"",""no_price_dollars"":""0.3000"",""taker_side"":""no"",""ticker"":""KXETH15M-26APR281300-00"",""trade_id"":""3aae993e-b277-5053-40b5-9b3cb0ed2a98"",""yes_price_dollars"":""0.7000""}"
KXETH15M-26APR281300-00,e4518236-c217-5da5-caf5-87847df764c0,1777394957,0.68,2.0,no,"{""count_fp"":""2.00"",""created_time"":""2026-04-28T16:49:17.900311Z"",""no_price_dollars"":""0.3200"",""taker_side"":""no"",""ticker"":""KXETH15M-26APR281300-00"",""trade_id"":""e4518236-c217-5da5-caf5-87847df764c0"",""yes_price_dollars"":""0.6800""}"
KXETH15M-26APR281300-00,e34e0c5e-3948-7491-e9fd-f4ae643f8759,1777394963,0.64,13.71,yes,"{""count_fp"":""13.71"",""created_time"":""2026-04-28T16:49:23.831663Z"",""no_price_dollars"":""0.3600"",""taker_side"":""yes"",""ticker"":""KXETH15M-26APR281300-00"",""trade_id"":""e34e0c5e-3948-7491-e9fd-f4ae643f8759"",""yes_price_dollars"":""0.6400""}"
KXETH15M-26APR281300-00,1d89cd60-2a68-52dd-60a5-2640ba535c01,1777394980,0.64,2.0,yes,"{""count_fp"":""2.00"",""created_time"":""2026-04-28T16:49:40.948851Z"",""no_price_dollars"":""0.3600"",""taker_side"":""yes"",""ticker"":""KXETH15M-26APR281300-00"",""trade_id"":""1d89cd60-2a68-52dd-60a5-2640ba535c01"",""yes_price_dollars"":""0.6400""}"
KXETH15M-26APR281300-00,d85e1c22-d6f2-6f4c-40d9-7e0a95aa949c,1777394985,0.63,1.0,no,"{""count_fp"":""1.00"",""created_time"":""2026-04-28T16:49:45.163121Z"",""no_price_dollars"":""0.3700"",""taker_side"":""no"",""ticker"":""KXETH15M-26APR281300-00"",""trade_id"":""d85e1c22-d6f2-6f4c-40d9-7e0a95aa949c"",""yes_price_dollars"":""0.6300""}"
KXETH15M-26APR281300-00,2a3813e4-0dcc-61d9-56aa-5964b17010c9,1777394985,0.57,0.25,no,"{""count_fp"":""0.25"",""created_time"":""2026-04-28T16:49:45.163121Z"",""no_price_dollars"":""0.4300"",""taker_side"":""no"",""ticker"":""KXETH15M-26APR281300-00"",""trade_id"":""2a3813e4-0dcc-61d9-56aa-5964b17010c9"",""yes_price_dollars"":""0.5700""}"
KXETH15M-26APR281300-00,ff0ed071-88ba-493a-52e3-bc794789fbaf,1777394988,0.62,5.0,yes,"{""count_fp"":""5.00"",""created_time"":""2026-04-28T16:49:48.409243Z"",""no_price_dollars"":""0.3800"",""taker_side"":""yes"",""ticker"":""KXETH15M-26APR281300-00"",""trade_id"":""ff0ed071-88ba-493a-52e3-bc794789fbaf"",""yes_price_dollars"":""0.6200""}"
KXETH15M-26APR281300-00,440efc97-d0bd-460f-6f9c-7b5e1ea02992,1777394993,0.67,8.0,yes,"{""count_fp"":""8.00"",""created_time"":""2026-04-28T16:49:53.882598Z"",""no_price_dollars"":""0.3300"",""taker_side"":""yes"",""ticker"":""KXETH15M-26APR281300-00"",""trade_id"":""440efc97-d0bd-460f-6f9c-7b5e1ea02992"",""yes_price_dollars"":""0.6700""}"
KXETH15M-26APR281300-00,81bf9a4b-6a24-7768-1845-2020686258e6,1777394998,0.66,10.0,yes,"{""count_fp"":""10.00"",""created_time"":""2026-04-28T16:49:58.910063Z"",""no_price_dollars"":""0.3400"",""taker_side"":""yes"",""ticker"":""KXETH15M-26APR281300-00"",""trade_id"":""81bf9a4b-6a24-7768-1845-2020686258e6"",""yes_price_dollars"":""0.6600""}"
KXETH15M-26APR281300-00,2f8716ed-5a14-7319-203a-26a8f664da65,1777394998,0.67,18.36,yes,"{""count_fp"":""18.36"",""created_time"":""2026-04-28T16:49:58.910063Z"",""no_price_dollars"":""0.3300"",""taker_side"":""yes"",""ticker"":""KXETH15M-26APR281300-00"",""trade_id"":""2f8716ed-5a14-7319-203a-26a8f664da65"",""yes_price_dollars"":""0.6700""}"
KXETH15M-26APR281300-00,b32c5b52-c478-6e89-7145-7735010ef2c9,1777395005,0.69,78.0,yes,"{""count_fp"":""78.00"",""created_time"":""2026-04-28T16:50:05.266044Z"",""no_price_dollars"":""0.3100"",""taker_side"":""yes"",""ticker"":""KXETH15M-26APR281300-00"",""trade_id"":""b32c5b52-c478-6e89-7145-7735010ef2c9"",""yes_price_dollars"":""0.6900""}"
KXETH15M-26APR281300-00,a0929411-a777-60e5-7a00-fc4b528f9be7,1777395005,0.66,1.0,yes,"{""count_fp"":""1.00"",""created_time"":""2026-04-28T16:50:05.266044Z"",""no_price_dollars"":""0.3400"",""taker_side"":""yes"",""ticker"":""KXETH15M-26APR281300-00"",""trade_id"":""a0929411-a777-60e5-7a00-fc4b528f9be7"",""yes_price_dollars"":""0.6600""}"
KXETH15M-26APR281300-00,4b1d1c80-75d9-6056-4140-546525076645,1777395005,0.67,5.0,yes,"{""count_fp"":""5.00"",""created_time"":""2026-04-28T16:50:05.266044Z"",""no_price_dollars"":""0.3300"",""taker_side"":""yes"",""ticker"":""KXETH15M-26APR281300-00"",""trade_id"":""4b1d1c80-75d9-6056-4140-546525076645"",""yes_price_dollars"":""0.6700""}"
KXETH15M-26APR281300-00,202ceac3-488c-65c8-5038-950e5708da77,1777395005,0.68,10.0,yes,"{""count_fp"":""10.00"",""created_time"":""2026-04-28T16:50:05.266044Z"",""no_price_dollars"":""0.3200"",""taker_side"":""yes"",""ticker"":""KXETH15M-26APR281300-00"",""trade_id"":""202ceac3-488c-65c8-5038-950e5708da77"",""yes_price_dollars"":""0.6800""}"
KXETH15M-26APR281300-00,d595f161-2ff4-581c-1826-eba5efaf6ccd,1777395008,0.64,31.4,no,"{""count_fp"":""31.40"",""created_time"":""2026-04-28T16:50:08.894903Z"",""no_price_dollars"":""0.3600"",""taker_side"":""no"",""ticker"":""KXETH15M-26APR281300-00"",""trade_id"":""d595f161-2ff4-581c-1826-eba5efaf6ccd"",""yes_price_dollars"":""0.6400""}"
KXETH15M-26APR281300-00,d4560a4b-1e59-5a66-3643-c95ec96b4290,1777395008,0.64,100.0,no,"{""count_fp"":""100.00"",""created_time"":""2026-04-28T16:50:08.894903Z"",""no_price_dollars"":""0.3600"",""taker_side"":""no"",""ticker"":""KXETH15M-26APR281300-00"",""trade_id"":""d4560a4b-1e59-5a66-3643-c95ec96b4290"",""yes_price_dollars"":""0.6400""}"
KXETH15M-26APR281300-00,8a8080d9-3558-5006-37e6-fd84e69718f0,1777395008,0.64,3.0,no,"{""count_fp"":""3.00"",""created_time"":""2026-04-28T16:50:08.894903Z"",""no_price_dollars"":""0.3600"",""taker_side"":""no"",""ticker"":""KXETH15M-26APR281300-00"",""trade_id"":""8a8080d9-3558-5006-37e6-fd84e69718f0"",""yes_price_dollars"":""0.6400""}"
KXETH15M-26APR281300-00,93516fa9-4730-620c-7a42-3b34a8e33f89,1777395008,0.65,44.65,no,"{""count_fp"":""44.65"",""created_time"":""2026-04-28T16:50:08.819694Z"",""no_price_dollars"":""0.3500"",""taker_side"":""no"",""ticker"":""KXETH15M-26APR281300-00"",""trade_id"":""93516fa9-4730-620c-7a42-3b34a8e33f89"",""yes_price_dollars"":""0.6500""}"
KXETH15M-26APR281300-00,32697994-51e8-67ad-4995-f719b77ef7a2,1777395008,0.65,10.0,no,"{""count_fp"":""10.00"",""created_time"":""2026-04-28T16:50:08.819694Z"",""no_price_dollars"":""0.3500"",""taker_side"":""no"",""ticker"":""KXETH15M-26APR281300-00"",""trade_id"":""32697994-51e8-67ad-4995-f719b77ef7a2"",""yes_price_dollars"":""0.6500""}"
KXETH15M-26APR281300-00,edfef193-e528-61c1-8b95-b22c17cf0752,1777395017,0.87,28.0,yes,"{""count_fp"":""28.00"",""created_time"":""2026-04-28T16:50:17.959394Z"",""no_price_dollars"":""0.1300"",""taker_side"":""yes"",""ticker"":""KXETH15M-26APR281300-00"",""trade_id"":""edfef193-e528-61c1-8b95-b22c17cf0752"",""yes_price_dollars"":""0.8700""}"
KXETH15M-26APR281300-00,88f484d0-e5fa-614a-92eb-543c47b0eaec,1777395017,0.87,3.0,yes,"{""count_fp"":""3.00"",""created_time"":""2026-04-28T16:50:17.959394Z"",""no_price_dollars"":""0.1300"",""taker_side"":""yes"",""ticker"":""KXETH15M-26APR281300-00"",""trade_id"":""88f484d0-e5fa-614a-92eb-543c47b0eaec"",""yes_price_dollars"":""0.8700""}"
KXETH15M-26APR281300-00,b8ddb360-43d9-5413-a81c-6558523de589,1777395017,0.84,60.0,yes,"{""count_fp"":""60.00"",""created_time"":""2026-04-28T16:50:17.715869Z"",""no_price_dollars"":""0.1600"",""taker_side"":""yes"",""ticker"":""KXETH15M-26APR281300-00"",""trade_id"":""b8ddb360-43d9-5413-a81c-6558523de589"",""yes_price_dollars"":""0.8400""}"
KXETH15M-26APR281300-00,8b883eb1-0b4d-5633-9541-348ec782301d,1777395017,0.83,17.0,yes,"{""count_fp"":""17.00"",""created_time"":""2026-04-28T16:50:17.715869Z"",""no_price_dollars"":""0.1700"",""taker_side"":""yes"",""ticker"":""KXETH15M-26APR281300-00"",""trade_id"":""8b883eb1-0b4d-5633-9541-348ec782301d"",""yes_price_dollars"":""0.8300""}"
KXETH15M-26APR281300-00,4fd44935-783c-5a65-830b-ee9d7170f4de,1777395017,0.83,3.0,yes,"{""count_fp"":""3.00"",""created_time"":""2026-04-28T16:50:17.715869Z"",""no_price_dollars"":""0.1700"",""taker_side"":""yes"",""ticker"":""KXETH15M-26APR281300-00"",""trade_id"":""4fd44935-783c-5a65-830b-ee9d7170f4de"",""yes_price_dollars"":""0.8300""}"
KXETH15M-26APR281300-00,2f07efc4-728d-5bf0-ad19-44d703205499,1777395017,0.84,1.0,yes,"{""count_fp"":""1.00"",""created_time"":""2026-04-28T16:50:17.715869Z"",""no_price_dollars"":""0.1600"",""taker_side"":""yes"",""ticker"":""KXETH15M-26APR281300-00"",""trade_id"":""2f07efc4-728d-5bf0-ad19-44d703205499"",""yes_price_dollars"":""0.8400""}"
KXETH15M-26APR281300-00,2b7d76da-4401-5b24-3f89-36656800b898,1777395017,0.82,80.0,yes,"{""count_fp"":""80.00"",""created_time"":""2026-04-28T16:50:17.708068Z"",""no_price_dollars"":""0.1800"",""taker_side"":""yes"",""ticker"":""KXETH15M-26APR281300-00"",""trade_id"":""2b7d76da-4401-5b24-3f89-36656800b898"",""yes_price_dollars"":""0.8200""}"
KXETH15M-26APR281300-00,4112223b-c521-59c4-1d59-98bff7f78995,1777395017,0.81,95.0,yes,"{""count_fp"":""95.00"",""created_time"":""2026-04-28T16:50:17.690271Z"",""no_price_dollars"":""0.1900"",""taker_side"":""yes"",""ticker"":""KXETH15M-26APR281300-00"",""trade_id"":""4112223b-c521-59c4-1d59-98bff7f78995"",""yes_price_dollars"":""0.8100""}"
KXETH15M-26APR281300-00,c4d9944a-e809-6400-c183-ff33c31dcca1,1777395017,0.81,15.0,yes,"{""count_fp"":""15.00"",""created_time"":""2026-04-28T16:50:17.688842Z"",""no_price_dollars"":""0.1900"",""taker_side"":""yes"",""ticker"":""KXETH15M-26APR281300-00"",""trade_id"":""c4d9944a-e809-6400-c183-ff33c31dcca1"",""yes_price_dollars"":""0.8100""}"
KXETH15M-26APR281300-00,abc35773-7871-4b9b-98fd-9d8990313dec,1777395017,0.8,15.0,yes,"{""count_fp"":""15.00"",""created_time"":""2026-04-28T16:50:17.657793Z"",""no_price_dollars"":""0.2000"",""taker_side"":""yes"",""ticker"":""KXETH15M-26APR281300-00"",""trade_id"":""abc35773-7871-4b9b-98fd-9d8990313dec"",""yes_price_dollars"":""0.8000""}"
KXETH15M-26APR281300-00,daf7dac6-3e80-635f-e97a-ca7b4080d900,1777395017,0.77,10.0,yes,"{""count_fp"":""10.00"",""created_time"":""2026-04-28T16:50:17.640179Z"",""no_price_dollars"":""0.2300"",""taker_side"":""yes"",""ticker"":""KXETH15M-26APR281300-00"",""trade_id"":""daf7dac6-3e80-635f-e97a-ca7b4080d900"",""yes_price_dollars"":""0.7700""}"
KXETH15M-26APR281300-00,e3166f8f-6844-7ae2-2a72-93e09185a977,1777395017,0.74,60.0,no,"{""count_fp"":""60.00"",""created_time"":""2026-04-28T16:50:17.413417Z"",""no_price_dollars"":""0.2600"",""taker_side"":""no"",""ticker"":""KXETH15M-26APR281300-00"",""trade_id"":""e3166f8f-6844-7ae2-2a72-93e09185a977"",""yes_price_dollars"":""0.7400""}"
KXETH15M-26APR281300-00,d84ea964-3ffb-64ce-3aa8-caa6deffda8f,1777395017,0.75,1.0,yes,"{""count_fp"":""1.00"",""created_time"":""2026-04-28T16:50:17.368161Z"",""no_price_dollars"":""0.2500"",""taker_side"":""yes"",""ticker"":""KXETH15M-26APR281300-00"",""trade_id"":""d84ea964-3ffb-64ce-3aa8-caa6deffda8f"",""yes_price_dollars"":""0.7500""}"
KXETH15M-26APR281300-00,ed0f8f7c-edfe-4506-d7f3-0130a3bdf15e,1777395017,0.7,23.82,yes,"{""count_fp"":""23.82"",""created_time"":""2026-04-28T16:50:17.266397Z"",""no_price_dollars"":""0.3000"",""taker_side"":""yes"",""ticker"":""KXETH15M-26APR281300-00"",""trade_id"":""ed0f8f7c-edfe-4506-d7f3-0130a3bdf15e"",""yes_price_dollars"":""0.7000""}"
KXETH15M-26APR281300-00,82656685-69b3-71ed-99c7-e074e5d2380f,1777395017,0.68,0.31,yes,"{""count_fp"":""0.31"",""created_time"":""2026-04-28T16:50:17.227348Z"",""no_price_dollars"":""0.3200"",""taker_side"":""yes"",""ticker"":""KXETH15M-26APR281300-00"",""trade_id"":""82656685-69b3-71ed-99c7-e074e5d2380f"",""yes_price_dollars"":""0.6800""}"
KXETH15M-26APR281300-00,b96f98b1-1a77-7a90-d177-09ff1bafed2f,1777395017,0.68,10.0,yes,"{""count_fp"":""10.00"",""created_time"":""2026-04-28T16:50:17.221803Z"",""no_price_dollars"":""0.3200"",""taker_side"":""yes"",""ticker"":""KXETH15M-26APR281300-00"",""trade_id"":""b96f98b1-1a77-7a90-d177-09ff1bafed2f"",""yes_price_dollars"":""0.6800""}"
KXETH15M-26APR281300-00,205ad29f-e15f-7d15-e515-182250a426e7,1777395017,0.68,10.0,yes,"{""count_fp"":""10.00"",""created_time"":""2026-04-28T16:50:17.221803Z"",""no_price_dollars"":""0.3200"",""taker_side"":""yes"",""ticker"":""KXETH15M-26APR281300-00"",""trade_id"":""205ad29f-e15f-7d15-e515-182250a426e7"",""yes_price_dollars"":""0.6800""}"
KXETH15M-26APR281300-00,15486f71-4205-4fef-4379-e05197b9675e,1777395018,0.84,1.0,yes,"{""count_fp"":""1.00"",""created_time"":""2026-04-28T16:50:18.910596Z"",""no_price_dollars"":""0.1600"",""taker_side"":""yes"",""ticker"":""KXETH15M-26APR281300-00"",""trade_id"":""15486f71-4205-4fef-4379-e05197b9675e"",""yes_price_dollars"":""0.8400""}"
KXETH15M-26APR281300-00,65be62f6-b13d-663b-4a73-da2cafec60fa,1777395018,0.84,50.0,yes,"{""count_fp"":""50.00"",""created_time"":""2026-04-28T16:50:18.773908Z"",""no_price_dollars"":""0.1600"",""taker_side"":""yes"",""ticker"":""KXETH15M-26APR281300-00"",""trade_id"":""65be62f6-b13d-663b-4a73-da2cafec60fa"",""yes_price_dollars"":""0.8400""}"
KXETH15M-26APR281300-00,3460aac9-99f8-629b-e4f5-460b4879fd96,1777395018,0.83,308.0,no,"{""count_fp"":""308.00"",""created_time"":""2026-04-28T16:50:18.767717Z"",""no_price_dollars"":""0.1700"",""taker_side"":""no"",""ticker"":""KXETH15M-26APR281300-00"",""trade_id"":""3460aac9-99f8-629b-e4f5-460b4879fd96"",""yes_price_dollars"":""0.8300""}"
KXETH15M-26APR281300-00,f14e2d0a-f815-6b47-26da-0ca32d00a49e,1777395018,0.84,1.0,yes,"{""count_fp"":""1.00"",""created_time"":""2026-04-28T16:50:18.757998Z"",""no_price_dollars"":""0.1600"",""taker_side"":""yes"",""ticker"":""KXETH15M-26APR281300-00"",""trade_id"":""f14e2d0a-f815-6b47-26da-0ca32d00a49e"",""yes_price_dollars"":""0.8400""}"
KXETH15M-26APR281300-00,01100110-ae91-40f3-5487-91827e478e16,1777395018,0.84,50.0,yes,"{""count_fp"":""50.00"",""created_time"":""2026-04-28T16:50:18.755319Z"",""no_price_dollars"":""0.1600"",""taker_side"":""yes"",""ticker"":""KXETH15M-26APR281300-00"",""trade_id"":""01100110-ae91-40f3-5487-91827e478e16"",""yes_price_dollars"":""0.8400""}"
KXETH15M-26APR281300-00,3ac18c77-ef58-6a67-28f2-520fc81890da,1777395018,0.83,442.0,no,"{""count_fp"":""442.00"",""created_time"":""2026-04-28T16:50:18.732133Z"",""no_price_dollars"":""0.1700"",""taker_side"":""no"",""ticker"":""KXETH15M-26APR281300-00"",""trade_id"":""3ac18c77-ef58-6a67-28f2-520fc81890da"",""yes_price_dollars"":""0.8300""}"
KXETH15M-26APR281300-00,a1a7ddf4-8c5d-7b0f-2ea0-921b07c6d71e,1777395018,0.84,50.0,yes,"{""count_fp"":""50.00"",""created_time"":""2026-04-28T16:50:18.728248Z"",""no_price_dollars"":""0.1600"",""taker_side"":""yes"",""ticker"":""KXETH15M-26APR281300-00"",""trade_id"":""a1a7ddf4-8c5d-7b0f-2ea0-921b07c6d71e"",""yes_price_dollars"":""0.8400""}"
KXETH15M-26APR281300-00,4abeebea-f9ca-5ab5-66cf-abded21fa735,1777395018,0.83,10.0,no,"{""count_fp"":""10.00"",""created_time"":""2026-04-28T16:50:18.601229Z"",""no_price_dollars"":""0.1700"",""taker_side"":""no"",""ticker"":""KXETH15M-26APR281300-00"",""trade_id"":""4abeebea-f9ca-5ab5-66cf-abded21fa735"",""yes_price_dollars"":""0.8300""}"
KXETH15M-26APR281300-00,38b75dde-8cf8-59b3-53d4-d84086b44439,1777395018,0.84,265.39,no,"{""count_fp"":""265.39"",""created_time"":""2026-04-28T16:50:18.601229Z"",""no_price_dollars"":""0.1600"",""taker_side"":""no"",""ticker"":""KXETH15M-26APR281300-00"",""trade_id"":""38b75dde-8cf8-59b3-53d4-d84086b44439"",""yes_price_dollars"":""0.8400""}"
KXETH15M-26APR281300-00,ac56eada-fa1a-7a58-8650-ac19418cefbe,1777395020,0.67,4.0,no,"{""count_fp"":""4.00"",""created_time"":""2026-04-28T16:50:20.322764Z"",""no_price_dollars"":""0.3300"",""taker_side"":""no"",""ticker"":""KXETH15M-26APR281300-00"",""trade_id"":""ac56eada-fa1a-7a58-8650-ac19418cefbe"",""yes_price_dollars"":""0.6700""}"
KXETH15M-26APR281300-00,a8ec1726-f9d9-713d-2dcd-2814fe2a3ce3,1777395020,0.68,5.0,no,"{""count_fp"":""5.00"",""created_time"":""2026-04-28T16:50:20.284348Z"",""no_price_dollars"":""0.3200"",""taker_side"":""no"",""ticker"":""KXETH15M-26APR281300-00"",""trade_id"":""a8ec1726-f9d9-713d-2dcd-2814fe2a3ce3"",""yes_price_dollars"":""0.6800""}"
KXETH15M-26APR281300-00,57cc0966-7283-7bc9-0eaa-aeea1c389d37,1777395020,0.7,5.0,no,"{""count_fp"":""5.00"",""created_time"":""2026-04-28T16:50:20.284348Z"",""no_price_dollars"":""0.3000"",""taker_side"":""no"",""ticker"":""KXETH15M-26APR281300-00"",""trade_id"":""57cc0966-7283-7bc9-0eaa-aeea1c389d37"",""yes_price_dollars"":""0.7000""}"
KXETH15M-26APR281300-00,2a03adc0-7813-72a7-0e2c-485a0cca7a4e,1777395020,0.68,1.0,no,"{""count_fp"":""1.00"",""created_time"":""2026-04-28T16:50:20.284348Z"",""no_price_dollars"":""0.3200"",""taker_side"":""no"",""ticker"":""KXETH15M-26APR281300-00"",""trade_id"":""2a03adc0-7813-72a7-0e2c-485a0cca7a4e"",""yes_price_dollars"":""0.6800""}"
KXETH15M-26APR281300-00,03d3f81e-8930-7c73-66f3-9e2290bfa665,1777395020,0.76,35.0,no,"{""count_fp"":""35.00"",""created_time"":""2026-04-28T16:50:20.134732Z"",""no_price_dollars"":""0.2400"",""taker_side"":""no"",""ticker"":""KXETH15M-26APR281300-00"",""trade_id"":""03d3f81e-8930-7c73-66f3-9e2290bfa665"",""yes_price_dollars"":""0.7600""}"
KXETH15M-26APR281300-00,a57ce9b6-8dde-5ae1-9442-1cd2dbf86498,1777395021,0.74,4.0,yes,"{""count_fp"":""4.00"",""created_time"":""2026-04-28T16:50:21.731748Z"",""no_price_dollars"":""0.2600"",""taker_side"":""yes"",""ticker"":""KXETH15M-26APR281300-00"",""trade_id"":""a57ce9b6-8dde-5ae1-9442-1cd2dbf86498"",""yes_price_dollars"":""0.7400""}"
KXETH15M-26APR281300-00,a294248a-a3a6-7b05-51ce-3e59b4c4307e,1777395025,0.69,10.0,yes,"{""count_fp"":""10.00"",""created_time"":""2026-04-28T16:50:25.342245Z"",""no_price_dollars"":""0.3100"",""taker_side"":""yes"",""ticker"":""KXETH15M-26APR281300-00"",""trade_id"":""a294248a-a3a6-7b05-51ce-3e59b4c4307e"",""yes_price_dollars"":""0.6900""}"
KXETH15M-26APR281300-00,5053be41-1cff-7388-5d9a-569aaae11c62,1777395025,0.67,1.0,yes,"{""count_fp"":""1.00"",""created_time"":""2026-04-28T16:50:25.342245Z"",""no_price_dollars"":""0.3300"",""taker_side"":""yes"",""ticker"":""KXETH15M-26APR281300-00"",""trade_id"":""5053be41-1cff-7388-5d9a-569aaae11c62"",""yes_price_dollars"":""0.6700""}"
KXETH15M-26APR281300-00,ed2b65c5-dd81-7958-b692-e3e179f3ae9b,1777395032,0.67,13.49,no,"{""count_fp"":""13.49"",""created_time"":""2026-04-28T16:50:32.609146Z"",""no_price_dollars"":""0.3300"",""taker_side"":""no"",""ticker"":""KXETH15M-26APR281300-00"",""trade_id"":""ed2b65c5-dd81-7958-b692-e3e179f3ae9b"",""yes_price_dollars"":""0.6700""}"
KXETH15M-26APR281300-00,4c468d6e-3eaf-5169-56be-02407f385852,1777395034,0.72,31.0,yes,"{""count_fp"":""31.00"",""created_time"":""2026-04-28T16:50:34.569265Z"",""no_price_dollars"":""0.2800"",""taker_side"":""yes"",""ticker"":""KXETH15M-26APR281300-00"",""trade_id"":""4c468d6e-3eaf-5169-56be-02407f385852"",""yes_price_dollars"":""0.7200""}"
KXETH15M-26APR281300-00,38bd11fd-ff40-5f98-7a01-e58ad46453a1,1777395034,0.72,10.0,yes,"{""count_fp"":""10.00"",""created_time"":""2026-04-28T16:50:34.569265Z"",""no_price_dollars"":""0.2800"",""taker_side"":""yes"",""ticker"":""KXETH15M-26APR281300-00"",""trade_id"":""38bd11fd-ff40-5f98-7a01-e58ad46453a1"",""yes_price_dollars"":""0.7200""}"
KXETH15M-26APR281300-00,3a7d7793-5f5b-45b5-0138-81df51974c2a,1777395040,0.74,22.0,yes,"{""count_fp"":""22.00"",""created_time"":""2026-04-28T16:50:40.654259Z"",""no_price_dollars"":""0.2600"",""taker_side"":""yes"",""ticker"":""KXETH15M-26APR281300-00"",""trade_id"":""3a7d7793-5f5b-45b5-0138-81df51974c2a"",""yes_price_dollars"":""0.7400""}"
KXETH15M-26APR281300-00,eabfaf79-45ec-7cbd-c7f4-11ee0d05a7fd,1777395043,0.72,28.32,no,"{""count_fp"":""28.32"",""created_time"":""2026-04-28T16:50:43.901398Z"",""no_price_dollars"":""0.2800"",""taker_side"":""no"",""ticker"":""KXETH15M-26APR281300-00"",""trade_id"":""eabfaf79-45ec-7cbd-c7f4-11ee0d05a7fd"",""yes_price_dollars"":""0.7200""}"
KXETH15M-26APR281300-00,ec99ab89-aa13-66d1-7234-cb2bd62de333,1777395044,0.73,5.0,yes,"{""count_fp"":""5.00"",""created_time"":""2026-04-28T16:50:44.231254Z"",""no_price_dollars"":""0.2700"",""taker_side"":""yes"",""ticker"":""KXETH15M-26APR281300-00"",""trade_id"":""ec99ab89-aa13-66d1-7234-cb2bd62de333"",""yes_price_dollars"":""0.7300""}"
KXETH15M-26APR281300-00,4351c023-b96f-645f-395d-a86906d2c616,1777395047,0.75,27.0,yes,"{""count_fp"":""27.00"",""created_time"":""2026-04-28T16:50:47.273188Z"",""no_price_dollars"":""0.2500"",""taker_side"":""yes"",""ticker"":""KXETH15M-26APR281300-00"",""trade_id"":""4351c023-b96f-645f-395d-a86906d2c616"",""yes_price_dollars"":""0.7500""}"
KXETH15M-26APR281300-00,70b004ae-3f28-5b51-5987-afe544471bb9,1777395047,0.73,8.36,no,"{""count_fp"":""8.36"",""created_time"":""2026-04-28T16:50:47.184298Z"",""no_price_dollars"":""0.2700"",""taker_side"":""no"",""ticker"":""KXETH15M-26APR281300-00"",""trade_id"":""70b004ae-3f28-5b51-5987-afe544471bb9"",""yes_price_dollars"":""0.7300""}"
KXETH15M-26APR281300-00,35991250-a56c-5b51-ae3e-db05b58a2e69,1777395048,0.76,7.61,no,"{""count_fp"":""7.61"",""created_time"":""2026-04-28T16:50:48.256845Z"",""no_price_dollars"":""0.2400"",""taker_side"":""no"",""ticker"":""KXETH15M-26APR281300-00"",""trade_id"":""35991250-a56c-5b51-ae3e-db05b58a2e69"",""yes_price_dollars"":""0.7600""}"
KXETH15M-26APR281300-00,0e0ae9b9-b793-5f6e-bbbf-db480a235b41,1777395048,0.76,10.0,no,"{""count_fp"":""10.00"",""created_time"":""2026-04-28T16:50:48.256845Z"",""no_price_dollars"":""0.2400"",""taker_side"":""no"",""ticker"":""KXETH15M-26APR281300-00"",""trade_id"":""0e0ae9b9-b793-5f6e-bbbf-db480a235b41"",""yes_price_dollars"":""0.7600""}"
KXETH15M-26APR281300-00,d8b61a72-4908-42f4-3961-fbb73c68fc85,1777395054,0.74,3.65,no,"{""count_fp"":""3.65"",""created_time"":""2026-04-28T16:50:54.089122Z"",""no_price_dollars"":""0.2600"",""taker_side"":""no"",""ticker"":""KXETH15M-26APR281300-00"",""trade_id"":""d8b61a72-4908-42f4-3961-fbb73c68fc85"",""yes_price_dollars"":""0.7400""}"
KXETH15M-26APR281300-00,415f4c72-ca33-7097-849b-d46afd4fa3e5,1777395056,0.78,1.0,yes,"{""count_fp"":""1.00"",""created_time"":""2026-04-28T16:50:56.361567Z"",""no_price_dollars"":""0.2200"",""taker_side"":""yes"",""ticker"":""KXETH15M-26APR281300-00"",""trade_id"":""415f4c72-ca33-7097-849b-d46afd4fa3e5"",""yes_price_dollars"":""0.7800""}"
KXETH15M-26APR281300-00,56bf1b37-316b-616d-5f12-ac9294147346,1777395060,0.73,2.0,yes,"{""count_fp"":""2.00"",""created_time"":""2026-04-28T16:51:00.356975Z"",""no_price_dollars"":""0.2700"",""taker_side"":""yes"",""ticker"":""KXETH15M-26APR281300-00"",""trade_id"":""56bf1b37-316b-616d-5f12-ac9294147346"",""yes_price_dollars"":""0.7300""}"
KXETH15M-26APR281300-00,731a6cb0-b1fb-50e5-f655-91b716b82bee,1777395060,0.73,1.0,yes,"{""count_fp"":""1.00"",""created_time"":""2026-04-28T16:51:00.046865Z"",""no_price_dollars"":""0.2700"",""taker_side"":""yes"",""ticker"":""KXETH15M-26APR281300-00"",""trade_id"":""731a6cb0-b1fb-50e5-f655-91b716b82bee"",""yes_price_dollars"":""0.7300""}"
KXETH15M-26APR281300-00,df37042b-bd29-50be-0719-050f0b1274aa,1777395061,0.72,0.26,yes,"{""count_fp"":""0.26"",""created_time"":""2026-04-28T16:51:01.831503Z"",""no_price_dollars"":""0.2800"",""taker_side"":""yes"",""ticker"":""KXETH15M-26APR281300-00"",""trade_id"":""df37042b-bd29-50be-0719-050f0b1274aa"",""yes_price_dollars"":""0.7200""}"
KXETH15M-26APR281300-00,13252b55-0fab-7469-19f1-c6e7f46d2a26,1777395062,0.75,12.0,yes,"{""count_fp"":""12.00"",""created_time"":""2026-04-28T16:51:02.806104Z"",""no_price_dollars"":""0.2500"",""taker_side"":""yes"",""ticker"":""KXETH15M-26APR281300-00"",""trade_id"":""13252b55-0fab-7469-19f1-c6e7f46d2a26"",""yes_price_dollars"":""0.7500""}"
KXETH15M-26APR281300-00,dd4e96b8-e4c4-4945-34b8-7e48a46b27e5,1777395063,0.71,10.0,no,"{""count_fp"":""10.00"",""created_time"":""2026-04-28T16:51:03.995973Z"",""no_price_dollars"":""0.2900"",""taker_side"":""no"",""ticker"":""KXETH15M-26APR281300-00"",""trade_id"":""dd4e96b8-e4c4-4945-34b8-7e48a46b27e5"",""yes_price_dollars"":""0.7100""}"
KXETH15M-26APR281300-00,1809d811-ea20-4bf9-3528-13fe13b12bad,1777395063,0.7,24.15,no,"{""count_fp"":""24.15"",""created_time"":""2026-04-28T16:51:03.995973Z"",""no_price_dollars"":""0.3000"",""taker_side"":""no"",""ticker"":""KXETH15M-26APR281300-00"",""trade_id"":""1809d811-ea20-4bf9-3528-13fe13b12bad"",""yes_price_dollars"":""0.7000""}"
KXETH15M-26APR281300-00,3b20ee19-1637-5ccd-6922-93f103726736,1777395063,0.75,85.0,yes,"{""count_fp"":""85.00"",""created_time"":""2026-04-28T16:51:03.138124Z"",""no_price_dollars"":""0.2500"",""taker_side"":""yes"",""ticker"":""KXETH15M-26APR281300-00"",""trade_id"":""3b20ee19-1637-5ccd-6922-93f103726736"",""yes_price_dollars"":""0.7500""}"
KXETH15M-26APR281300-00,352c38a9-85b4-607d-1d80-5481aa3257fd,1777395067,0.7,3.71,no,"{""count_fp"":""3.71"",""created_time"":""2026-04-28T16:51:07.399199Z"",""no_price_dollars"":""0.3000"",""taker_side"":""no"",""ticker"":""KXETH15M-26APR281300-00"",""trade_id"":""352c38a9-85b4-607d-1d80-5481aa3257fd"",""yes_price_dollars"":""0.7000""}"
KXETH15M-26APR281300-00,2afa24f9-a992-609b-0f7f-551970a52ce1,1777395067,0.71,10.0,no,"{""count_fp"":""10.00"",""created_time"":""2026-04-28T16:51:07.399199Z"",""no_price_dollars"":""0.2900"",""taker_side"":""no"",""ticker"":""KXETH15M-26APR281300-00"",""trade_id"":""2afa24f9-a992-609b-0f7f-551970a52ce1"",""yes_price_dollars"":""0.7100""}"
KXETH15M-26APR281300-00,0c874f7f-8b0e-7112-906d-65a28def2308,1777395067,0.75,1.0,yes,"{""count_fp"":""1.00"",""created_time"":""2026-04-28T16:51:07.306856Z"",""no_price_dollars"":""0.2500"",""taker_side"":""yes"",""ticker"":""KXETH15M-26APR281300-00"",""trade_id"":""0c874f7f-8b0e-7112-906d-65a28def2308"",""yes_price_dollars"":""0.7500""}"
KXETH15M-26APR281300-00,651f0bf7-e20a-5b7e-d81a-d91e424c57b9,1777395069,0.74,2.0,yes,"{""count_fp"":""2.00"",""created_time"":""2026-04-28T16:51:09.261223Z"",""no_price_dollars"":""0.2600"",""taker_side"":""yes"",""ticker"":""KXETH15M-26APR281300-00"",""trade_id"":""651f0bf7-e20a-5b7e-d81a-d91e424c57b9"",""yes_price_dollars"":""0.7400""}"
KXETH15M-26APR281300-00,ce299f07-ed0c-5347-1182-bb79e11a8fa4,1777395073,0.74,0.26,yes,"{""count_fp"":""0.26"",""created_time"":""2026-04-28T16:51:13.732133Z"",""no_price_dollars"":""0.2600"",""taker_side"":""yes"",""ticker"":""KXETH15M-26APR281300-00"",""trade_id"":""ce299f07-ed0c-5347-1182-bb79e11a8fa4"",""yes_price_dollars"":""0.7400""}"
KXETH15M-26APR281300-00,76783744-4523-53c7-979d-f9e03aef4ce1,1777395076,0.75,10.0,yes,"{""count_fp"":""10.00"",""created_time"":""2026-04-28T16:51:16.651725Z"",""no_price_dollars"":""0.2500"",""taker_side"":""yes"",""ticker"":""KXETH15M-26APR281300-00"",""trade_id"":""76783744-4523-53c7-979d-f9e03aef4ce1"",""yes_price_dollars"":""0.7500""}"
KXETH15M-26APR281300-00,5b7e321f-f8a6-55c6-99ca-a7e2b811836d,1777395076,0.79,10.51,yes,"{""count_fp"":""10.51"",""created_time"":""2026-04-28T16:51:16.651725Z"",""no_price_dollars"":""0.2100"",""taker_side"":""yes"",""ticker"":""KXETH15M-26APR281300-00"",""trade_id"":""5b7e321f-f8a6-55c6-99ca-a7e2b811836d"",""yes_price_dollars"":""0.7900""}"
KXETH15M-26APR281300-00,c05b387c-48dc-5e65-f63a-f0aa1b2f252a,1777395078,0.77,1.0,yes,"{""count_fp"":""1.00"",""created_time"":""2026-04-28T16:51:18.538428Z"",""no_price_dollars"":""0.2300"",""taker_side"":""yes"",""ticker"":""KXETH15M-26APR281300-00"",""trade_id"":""c05b387c-48dc-5e65-f63a-f0aa1b2f252a"",""yes_price_dollars"":""0.7700""}"
KXETH15M-26APR281300-00,e2d8e060-d9b8-56e1-2c94-3f1dbf0bbb61,1777395081,0.71,311.96,no,"{""count_fp"":""311.96"",""created_time"":""2026-04-28T16:51:21.673133Z"",""no_price_dollars"":""0.2900"",""taker_side"":""no"",""ticker"":""KXETH15M-26APR281300-00"",""trade_id"":""e2d8e060-d9b8-56e1-2c94-3f1dbf0bbb61"",""yes_price_dollars"":""0.7100""}"
KXETH15M-26APR281300-00,bdbc57e8-792a-54f6-25b0-23a8ddf38557,1777395081,0.72,10.0,no,"{""count_fp"":""10.00"",""created_time"":""2026-04-28T16:51:21.673133Z"",""no_price_dollars"":""0.2800"",""taker_side"":""no"",""ticker"":""KXETH15M-26APR281300-00"",""trade_id"":""bdbc57e8-792a-54f6-25b0-23a8ddf38557"",""yes_price_dollars"":""0.7200""}"
KXETH15M-26APR281300-00,1b0fdaeb-e5fa-58a6-0676-19a0627e031c,1777395081,0.74,1.0,no,"{""count_fp"":""1.00"",""created_time"":""2026-04-28T16:51:21.673133Z"",""no_price_dollars"":""0.2600"",""taker_side"":""no"",""ticker"":""KXETH15M-26APR281300-00"",""trade_id"":""1b0fdaeb-e5fa-58a6-0676-19a0627e031c"",""yes_price_dollars"":""0.7400""}"
KXETH15M-26APR281300-00,d9144d12-7a66-40de-6840-fd8b47b74a2a,1777395095,0.8,1.13,yes,"{""count_fp"":""1.13"",""created_time"":""2026-04-28T16:51:35.613032Z"",""no_price_dollars"":""0.2000"",""taker_side"":""yes"",""ticker"":""KXETH15M-26APR281300-00"",""trade_id"":""d9144d12-7a66-40de-6840-fd8b47b74a2a"",""yes_price_dollars"":""0.8000""}"
KXETH15M-26APR281300-00,426661d2-5e3c-4fb4-5474-75c90f457821,1777395095,0.8,5.0,yes,"{""count_fp"":""5.00"",""created_time"":""2026-04-28T16:51:35.613032Z"",""no_price_dollars"":""0.2000"",""taker_side"":""yes"",""ticker"":""KXETH15M-26APR281300-00"",""trade_id"":""426661d2-5e3c-4fb4-5474-75c90f457821"",""yes_price_dollars"":""0.8000""}"
KXETH15M-26APR281300-00,ed4c0ea6-4ce8-6fe1-4ba3-ee76d0348c7a,1777395101,0.84,18.32,yes,"{""count_fp"":""18.32"",""created_time"":""2026-04-28T16:51:41.826716Z"",""no_price_dollars"":""0.1600"",""taker_side"":""yes"",""ticker"":""KXETH15M-26APR281300-00"",""trade_id"":""ed4c0ea6-4ce8-6fe1-4ba3-ee76d0348c7a"",""yes_price_dollars"":""0.8400""}"
KXETH15M-26APR281300-00,e3d4a0eb-08f8-6071-4e06-c8a0d5fe5216,1777395101,0.84,10.0,yes,"{""count_fp"":""10.00"",""created_time"":""2026-04-28T16:51:41.826716Z"",""no_price_dollars"":""0.1600"",""taker_side"":""yes"",""ticker"":""KXETH15M-26APR281300-00"",""trade_id"":""e3d4a0eb-08f8-6071-4e06-c8a0d5fe5216"",""yes_price_dollars"":""0.8400""}"
KXETH15M-26APR281300-00,213988c2-6f57-58a2-9b24-7bbefa70158a,1777395102,0.83,5.0,no,"{""count_fp"":""5.00"",""created_time"":""2026-04-28T16:51:42.726687Z"",""no_price_dollars"":""0.1700"",""taker_side"":""no"",""ticker"":""KXETH15M-26APR281300-00"",""trade_id"":""213988c2-6f57-58a2-9b24-7bbefa70158a"",""yes_price_dollars"":""0.8300""}"
KXETH15M-26APR281300-00,8ec02fef-816c-5a15-f05b-74a33d3ce2fa,1777395103,0.84,9.0,yes,"{""count_fp"":""9.00"",""created_time"":""2026-04-28T16:51:43.744707Z"",""no_price_dollars"":""0.1600"",""taker_side"":""yes"",""ticker"":""KXETH15M-26APR281300-00"",""trade_id"":""8ec02fef-816c-5a15-f05b-74a33d3ce2fa"",""yes_price_dollars"":""0.8400""}"
KXETH15M-26APR281300-00,ab6144a2-830a-422c-757f-add52df285d0,1777395103,0.81,0.26,no,"{""count_fp"":""0.26"",""created_time"":""2026-04-28T16:51:43.243818Z"",""no_price_dollars"":""0.1900"",""taker_side"":""no"",""ticker"":""KXETH15M-26APR281300-00"",""trade_id"":""ab6144a2-830a-422c-757f-add52df285d0"",""yes_price_dollars"":""0.8100""}"
KXETH15M-26APR281300-00,5e364027-2ff0-4809-5786-e4cbaa49c8be,1777395106,0.86,5.0,yes,"{""count_fp"":""5.00"",""created_time"":""2026-04-28T16:51:46.378598Z"",""no_price_dollars"":""0.1400"",""taker_side"":""yes"",""ticker"":""KXETH15M-26APR281300-00"",""trade_id"":""5e364027-2ff0-4809-5786-e4cbaa49c8be"",""yes_price_dollars"":""0.8600""}"
KXETH15M-26APR281300-00,9b4ba893-9aed-6f25-890d-6e564154c168,1777395107,0.8,10.0,no,"{""count_fp"":""10.00"",""created_time"":""2026-04-28T16:51:47.007042Z"",""no_price_dollars"":""0.2000"",""taker_side"":""no"",""ticker"":""KXETH15M-26APR281300-00"",""trade_id"":""9b4ba893-9aed-6f25-890d-6e564154c168"",""yes_price_dollars"":""0.8000""}"
KXETH15M-26APR281300-00,01e346b3-e4a4-62e1-848d-20fb1759904c,1777395107,0.8,3.53,no,"{""count_fp"":""3.53"",""created_time"":""2026-04-28T16:51:47.007042Z"",""no_price_dollars"":""0.2000"",""taker_side"":""no"",""ticker"":""KXETH15M-26APR281300-00"",""trade_id"":""01e346b3-e4a4-62e1-848d-20fb1759904c"",""yes_price_dollars"":""0.8000""}"
KXETH15M-26APR281300-00,194c17b2-735e-7326-4e01-69f8dc1491d2,1777395113,0.89,10.0,yes,"{""count_fp"":""10.00"",""created_time"":""2026-04-28T16:51:53.829395Z"",""no_price_dollars"":""0.1100"",""taker_side"":""yes"",""ticker"":""KXETH15M-26APR281300-00"",""trade_id"":""194c17b2-735e-7326-4e01-69f8dc1491d2"",""yes_price_dollars"":""0.8900""}"
KXETH15M-26APR281300-00,80ed1b84-307c-64dd-2320-522d1f84707d,1777395114,0.84,1.0,no,"{""count_fp"":""1.00"",""created_time"":""2026-04-28T16:51:54.492703Z"",""no_price_dollars"":""0.1600"",""taker_side"":""no"",""ticker"":""KXETH15M-26APR281300-00"",""trade_id"":""80ed1b84-307c-64dd-2320-522d1f84707d"",""yes_price_dollars"":""0.8400""}"
KXETH15M-26APR281300-00,9120d4cb-8b6a-5c1e-d49b-6c0981078776,1777395114,0.89,10.0,yes,"{""count_fp"":""10.00"",""created_time"":""2026-04-28T16:51:54.420953Z"",""no_price_dollars"":""0.1100"",""taker_side"":""yes"",""ticker"":""KXETH15M-26APR281300-00"",""trade_id"":""9120d4cb-8b6a-5c1e-d49b-6c0981078776"",""yes_price_dollars"":""0.8900""}"
KXETH15M-26APR281300-00,c4d91340-cfc0-6759-299a-427f9d8c4342,1777395120,0.87,69.0,yes,"{""count_fp"":""69.00"",""created_time"":""2026-04-28T16:52:00.993829Z"",""no_price_dollars"":""0.1300"",""taker_side"":""yes"",""ticker"":""KXETH15M-26APR281300-00"",""trade_id"":""c4d91340-cfc0-6759-299a-427f9d8c4342"",""yes_price_dollars"":""0.8700""}"
KXETH15M-26APR281300-00,e2c7aab9-547c-68ab-d585-fcaf256e0a9c,1777395123,0.86,1.0,no,"{""count_fp"":""1.00"",""created_time"":""2026-04-28T16:52:03.781295Z"",""no_price_dollars"":""0.1400"",""taker_side"":""no"",""ticker"":""KXETH15M-26APR281300-00"",""trade_id"":""e2c7aab9-547c-68ab-d585-fcaf256e0a9c"",""yes_price_dollars"":""0.8600""}"
KXETH15M-26APR281300-00,b7171589-46c8-6a90-c8de-de6a7ee9cf9c,1777395123,0.85,0.77,no,"{""count_fp"":""0.77"",""created_time"":""2026-04-28T16:52:03.781295Z"",""no_price_dollars"":""0.1500"",""taker_side"":""no"",""ticker"":""KXETH15M-26APR281300-00"",""trade_id"":""b7171589-46c8-6a90-c8de-de6a7ee9cf9c"",""yes_price_dollars"":""0.8500""}"
KXETH15M-26APR281300-00,74fcac40-09b4-6066-e62b-4b52ef4c2f42,1777395123,0.86,1.0,no,"{""count_fp"":""1.00"",""created_time"":""2026-04-28T16:52:03.781295Z"",""no_price_dollars"":""0.1400"",""taker_side"":""no"",""ticker"":""KXETH15M-26APR281300-00"",""trade_id"":""74fcac40-09b4-6066-e62b-4b52ef4c2f42"",""yes_price_dollars"":""0.8600""}"
KXETH15M-26APR281300-00,2c137bd4-ac49-78ca-f27b-7e03c430c6ed,1777395132,0.88,2.0,yes,"{""count_fp"":""2.00"",""created_time"":""2026-04-28T16:52:12.998757Z"",""no_price_dollars"":""0.1200"",""taker_side"":""yes"",""ticker"":""KXETH15M-26APR281300-00"",""trade_id"":""2c137bd4-ac49-78ca-f27b-7e03c430c6ed"",""yes_price_dollars"":""0.8800""}"
KXETH15M-26APR281300-00,efe78d8e-b101-548a-294a-5bcb2ca244a5,1777395133,0.88,2.0,yes,"{""count_fp"":""2.00"",""created_time"":""2026-04-28T16:52:13.252275Z"",""no_price_dollars"":""0.1200"",""taker_side"":""yes"",""ticker"":""KXETH15M-26APR281300-00"",""trade_id"":""efe78d8e-b101-548a-294a-5bcb2ca244a5"",""yes_price_dollars"":""0.8800""}"
KXETH15M-26APR281300-00,675b086a-9fce-7607-f8ec-c02c080f616e,1777395135,0.9,1.0,yes,"{""count_fp"":""1.00"",""created_time"":""2026-04-28T16:52:15.272458Z"",""no_price_dollars"":""0.1000"",""taker_side"":""yes"",""ticker"":""KXETH15M-26APR281300-00"",""trade_id"":""675b086a-9fce-7607-f8ec-c02c080f616e"",""yes_price_dollars"":""0.9000""}"
KXETH15M-26APR281300-00,fdb8caa9-9932-4edb-67d4-282e145564ca,1777395135,0.9,9.0,yes,"{""count_fp"":""9.00"",""created_time"":""2026-04-28T16:52:15.254125Z"",""no_price_dollars"":""0.1000"",""taker_side"":""yes"",""ticker"":""KXETH15M-26APR281300-00"",""trade_id"":""fdb8caa9-9932-4edb-67d4-282e145564ca"",""yes_price_dollars"":""0.9000""}"
KXETH15M-26APR281300-00,e07ae5e3-0092-4ac1-5944-b7d547e69dd8,1777395135,0.9,3.0,yes,"{""count_fp"":""3.00"",""created_time"":""2026-04-28T16:52:15.254125Z"",""no_price_dollars"":""0.1000"",""taker_side"":""yes"",""ticker"":""KXETH15M-26APR281300-00"",""trade_id"":""e07ae5e3-0092-4ac1-5944-b7d547e69dd8"",""yes_price_dollars"":""0.9000""}"
KXETH15M-26APR281300-00,c41f1fed-090a-4cac-778d-d0d3c47aab56,1777395135,0.9,14.0,yes,"{""count_fp"":""14.00"",""created_time"":""2026-04-28T16:52:15.254125Z"",""no_price_dollars"":""0.1000"",""taker_side"":""yes"",""ticker"":""KXETH15M-26APR281300-00"",""trade_id"":""c41f1fed-090a-4cac-778d-d0d3c47aab56"",""yes_price_dollars"":""0.9000""}"
KXETH15M-26APR281300-00,b4730ed5-bc47-406c-762a-93a2209dd0ce,1777395135,0.9,1.0,yes,"{""count_fp"":""1.00"",""created_time"":""2026-04-28T16:52:15.254125Z"",""no_price_dollars"":""0.1000"",""taker_side"":""yes"",""ticker"":""KXETH15M-26APR281300-00"",""trade_id"":""b4730ed5-bc47-406c-762a-93a2209dd0ce"",""yes_price_dollars"":""0.9000""}"
KXETH15M-26APR281300-00,ad16f29c-af3e-4947-7b30-9cbda93c3429,1777395135,0.9,1.0,yes,"{""count_fp"":""1.00"",""created_time"":""2026-04-28T16:52:15.254125Z"",""no_price_dollars"":""0.1000"",""taker_side"":""yes"",""ticker"":""KXETH15M-26APR281300-00"",""trade_id"":""ad16f29c-af3e-4947-7b30-9cbda93c3429"",""yes_price_dollars"":""0.9000""}"
KXETH15M-26APR281300-00,ac057180-9cd1-46d4-73cd-828cececcc04,1777395135,0.9,1.0,yes,"{""count_fp"":""1.00"",""created_time"":""2026-04-28T16:52:15.254125Z"",""no_price_dollars"":""0.1000"",""taker_side"":""yes"",""ticker"":""KXETH15M-26APR281300-00"",""trade_id"":""ac057180-9cd1-46d4-73cd-828cececcc04"",""yes_price_dollars"":""0.9000""}"
KXETH15M-26APR281300-00,7a7223a9-3d3a-446c-69a0-122984f08049,1777395135,0.9,2.0,yes,"{""count_fp"":""2.00"",""created_time"":""2026-04-28T16:52:15.254125Z"",""no_price_dollars"":""0.1000"",""taker_side"":""yes"",""ticker"":""KXETH15M-26APR281300-00"",""trade_id"":""7a7223a9-3d3a-446c-69a0-122984f08049"",""yes_price_dollars"":""0.9000""}"
KXETH15M-26APR281300-00,3f26a2c5-fc2b-4908-517a-6a0f87851460,1777395135,0.9,1.0,yes,"{""count_fp"":""1.00"",""created_time"":""2026-04-28T16:52:15.254125Z"",""no_price_dollars"":""0.1000"",""taker_side"":""yes"",""ticker"":""KXETH15M-26APR281300-00"",""trade_id"":""3f26a2c5-fc2b-4908-517a-6a0f87851460"",""yes_price_dollars"":""0.9000""}"
KXETH15M-26APR281300-00,1fac2f6a-74df-4569-77f7-6f808b147794,1777395135,0.9,4.0,yes,"{""count_fp"":""4.00"",""created_time"":""2026-04-28T16:52:15.254125Z"",""no_price_dollars"":""0.1000"",""taker_side"":""yes"",""ticker"":""KXETH15M-26APR281300-00"",""trade_id"":""1fac2f6a-74df-4569-77f7-6f808b147794"",""yes_price_dollars"":""0.9000""}"
KXETH15M-26APR281300-00,f9de098e-416a-7b94-2a83-f45e6731d892,1777395136,0.92,1.0,yes,"{""count_fp"":""1.00"",""created_time"":""2026-04-28T16:52:16.482713Z"",""no_price_dollars"":""0.0800"",""taker_side"":""yes"",""ticker"":""KXETH15M-26APR281300-00"",""trade_id"":""f9de098e-416a-7b94-2a83-f45e6731d892"",""yes_price_dollars"":""0.9200""}"
KXETH15M-26APR281300-00,e434d1d9-d345-791e-37c8-58ef805449df,1777395136,0.91,1.0,yes,"{""count_fp"":""1.00"",""created_time"":""2026-04-28T16:52:16.482713Z"",""no_price_dollars"":""0.0900"",""taker_side"":""yes"",""ticker"":""KXETH15M-26APR281300-00"",""trade_id"":""e434d1d9-d345-791e-37c8-58ef805449df"",""yes_price_dollars"":""0.9100""}"
KXETH15M-26APR281300-00,bd606d7f-02a5-7699-295a-89996a5b5a36,1777395136,0.91,4.0,yes,"{""count_fp"":""4.00"",""created_time"":""2026-04-28T16:52:16.482713Z"",""no_price_dollars"":""0.0900"",""taker_side"":""yes"",""ticker"":""KXETH15M-26APR281300-00"",""trade_id"":""bd606d7f-02a5-7699-295a-89996a5b5a36"",""yes_price_dollars"":""0.9100""}"
KXETH15M-26APR281300-00,963d2084-e0ce-7f37-3ce8-599e6f35f4b9,1777395136,0.92,2.0,yes,"{""count_fp"":""2.00"",""created_time"":""2026-04-28T16:52:16.482713Z"",""no_price_dollars"":""0.0800"",""taker_side"":""yes"",""ticker"":""KXETH15M-26APR281300-00"",""trade_id"":""963d2084-e0ce-7f37-3ce8-599e6f35f4b9"",""yes_price_dollars"":""0.9200""}"
KXETH15M-26APR281300-00,8a677e9d-bd3c-77be-3bdf-0e53f44df01f,1777395136,0.92,6.0,yes,"{""count_fp"":""6.00"",""created_time"":""2026-04-28T16:52:16.482713Z"",""no_price_dollars"":""0.0800"",""taker_side"":""yes"",""ticker"":""KXETH15M-26APR281300-00"",""trade_id"":""8a677e9d-bd3c-77be-3bdf-0e53f44df01f"",""yes_price_dollars"":""0.9200""}"
KXETH15M-26APR281300-00,89c3ac0e-aa44-7411-2413-3f9e4f503691,1777395136,0.91,3.0,yes,"{""count_fp"":""3.00"",""created_time"":""2026-04-28T16:52:16.482713Z"",""no_price_dollars"":""0.0900"",""taker_side"":""yes"",""ticker"":""KXETH15M-26APR281300-00"",""trade_id"":""89c3ac0e-aa44-7411-2413-3f9e4f503691"",""yes_price_dollars"":""0.9100""}"
KXETH15M-26APR281300-00,4616a42c-c41a-5e9b-173e-8cff60ae5ead,1777395137,0.92,1.0,yes,"{""count_fp"":""1.00"",""created_time"":""2026-04-28T16:52:17.761221Z"",""no_price_dollars"":""0.0800"",""taker_side"":""yes"",""ticker"":""KXETH15M-26APR281300-00"",""trade_id"":""4616a42c-c41a-5e9b-173e-8cff60ae5ead"",""yes_price_dollars"":""0.9200""}"
KXETH15M-26APR281300-00,e832241d-e60a-42b0-07e4-ebf1b64fcaf8,1777395138,0.93,3.0,yes,"{""count_fp"":""3.00"",""created_time"":""2026-04-28T16:52:18.917161Z"",""no_price_dollars"":""0.0700"",""taker_side"":""yes"",""ticker"":""KXETH15M-26APR281300-00"",""trade_id"":""e832241d-e60a-42b0-07e4-ebf1b64fcaf8"",""yes_price_dollars"":""0.9300""}"
KXETH15M-26APR281300-00,cb788d98-15a2-4ab8-36fb-1ad0a4e631eb,1777395138,0.93,12.0,yes,"{""count_fp"":""12.00"",""created_time"":""2026-04-28T16:52:18.917161Z"",""no_price_dollars"":""0.0700"",""taker_side"":""yes"",""ticker"":""KXETH15M-26APR281300-00"",""trade_id"":""cb788d98-15a2-4ab8-36fb-1ad0a4e631eb"",""yes_price_dollars"":""0.9300""}"
KXETH15M-26APR281300-00,bc583be3-ef3c-41a2-3428-55acff99c66b,1777395138,0.93,8.0,yes,"{""count_fp"":""8.00"",""created_time"":""2026-04-28T16:52:18.917161Z"",""no_price_dollars"":""0.0700"",""taker_side"":""yes"",""ticker"":""KXETH15M-26APR281300-00"",""trade_id"":""bc583be3-ef3c-41a2-3428-55acff99c66b"",""yes_price_dollars"":""0.9300""}"
KXETH15M-26APR281300-00,b52061a0-0097-40df-2c74-5e236cf6417e,1777395138,0.93,1.0,yes,"{""count_fp"":""1.00"",""created_time"":""2026-04-28T16:52:18.917161Z"",""no_price_dollars"":""0.0700"",""taker_side"":""yes"",""ticker"":""KXETH15M-26APR281300-00"",""trade_id"":""b52061a0-0097-40df-2c74-5e236cf6417e"",""yes_price_dollars"":""0.9300""}"
KXETH15M-26APR281300-00,6e3f906c-d64a-498f-1f84-c5ae7c7bd900,1777395138,0.93,8.0,yes,"{""count_fp"":""8.00"",""created_time"":""2026-04-28T16:52:18.917161Z"",""no_price_dollars"":""0.0700"",""taker_side"":""yes"",""ticker"":""KXETH15M-26APR281300-00"",""trade_id"":""6e3f906c-d64a-498f-1f84-c5ae7c7bd900"",""yes_price_dollars"":""0.9300""}"
KXETH15M-26APR281300-00,55597c17-53f4-46c7-2827-d01c67062eae,1777395138,0.93,1.0,yes,"{""count_fp"":""1.00"",""created_time"":""2026-04-28T16:52:18.917161Z"",""no_price_dollars"":""0.0700"",""taker_side"":""yes"",""ticker"":""KXETH15M-26APR281300-00"",""trade_id"":""55597c17-53f4-46c7-2827-d01c67062eae"",""yes_price_dollars"":""0.9300""}"
KXETH15M-26APR281300-00,6c633cf4-6379-4070-d908-4f6eda0c53e3,1777395139,0.923,10.0,no,"{""count_fp"":""10.00"",""created_time"":""2026-04-28T16:52:19.953472Z"",""no_price_dollars"":""0.0770"",""taker_side"":""no"",""ticker"":""KXETH15M-26APR281300-00"",""trade_id"":""6c633cf4-6379-4070-d908-4f6eda0c53e3"",""yes_price_dollars"":""0.9230""}"
KXETH15M-26APR281300-00,3dae70d2-1a80-49c1-c185-4ea3e744adfc,1777395139,0.922,12.0,no,"{""count_fp"":""12.00"",""created_time"":""2026-04-28T16:52:19.953472Z"",""no_price_dollars"":""0.0780"",""taker_side"":""no"",""ticker"":""KXETH15M-26APR281300-00"",""trade_id"":""3dae70d2-1a80-49c1-c185-4ea3e744adfc"",""yes_price_dollars"":""0.9220""}"
KXETH15M-26APR281300-00,e67a1965-52fe-4a71-a078-1e3837732fe9,1777395139,0.95,9.35,yes,"{""count_fp"":""9.35"",""created_time"":""2026-04-28T16:52:19.143254Z"",""no_price_dollars"":""0.0500"",""taker_side"":""yes"",""ticker"":""KXETH15M-26APR281300-00"",""trade_id"":""e67a1965-52fe-4a71-a078-1e3837732fe9"",""yes_price_dollars"":""0.9500""}"
KXETH15M-26APR281300-00,d604ee5d-1c08-4926-a145-63acb16dd991,1777395139,0.94,3.0,yes,"{""count_fp"":""3.00"",""created_time"":""2026-04-28T16:52:19.143254Z"",""no_price_dollars"":""0.0600"",""taker_side"":""yes"",""ticker"":""KXETH15M-26APR281300-00"",""trade_id"":""d604ee5d-1c08-4926-a145-63acb16dd991"",""yes_price_dollars"":""0.9400""}"
KXETH15M-26APR281300-00,cd0ee08c-bd02-4477-ad8e-1e48dfcd12ee,1777395139,0.95,1.0,yes,"{""count_fp"":""1.00"",""created_time"":""2026-04-28T16:52:19.143254Z"",""no_price_dollars"":""0.0500"",""taker_side"":""yes"",""ticker"":""KXETH15M-26APR281300-00"",""trade_id"":""cd0ee08c-bd02-4477-ad8e-1e48dfcd12ee"",""yes_price_dollars"":""0.9500""}"
KXETH15M-26APR281300-00,c09be07e-a9df-4eee-8e09-05c7b7b2ad09,1777395139,0.94,15.0,yes,"{""count_fp"":""15.00"",""created_time"":""2026-04-28T16:52:19.143254Z"",""no_price_dollars"":""0.0600"",""taker_side"":""yes"",""ticker"":""KXETH15M-26APR281300-00"",""trade_id"":""c09be07e-a9df-4eee-8e09-05c7b7b2ad09"",""yes_price_dollars"":""0.9400""}"
KXETH15M-26APR281300-00,ad644b33-19fc-4aaf-b3dc-6a8dd88021f2,1777395139,0.94,12.0,yes,"{""count_fp"":""12.00"",""created_time"":""2026-04-28T16:52:19.143254Z"",""no_price_dollars"":""0.0600"",""taker_side"":""yes"",""ticker"":""KXETH15M-26APR281300-00"",""trade_id"":""ad644b33-19fc-4aaf-b3dc-6a8dd88021f2"",""yes_price_dollars"":""0.9400""}"
KXETH15M-26APR281300-00,95953b5f-d6ca-4f81-86c0-48a71f2fd4a8,1777395139,0.94,1.0,yes,"{""count_fp"":""1.00"",""created_time"":""2026-04-28T16:52:19.143254Z"",""no_price_dollars"":""0.0600"",""taker_side"":""yes"",""ticker"":""KXETH15M-26APR281300-00"",""trade_id"":""95953b5f-d6ca-4f81-86c0-48a71f2fd4a8"",""yes_price_dollars"":""0.9400""}"
KXETH15M-26APR281300-00,7db8ba71-917b-488c-a476-5af12f875efe,1777395139,0.94,1.0,yes,"{""count_fp"":""1.00"",""created_time"":""2026-04-28T16:52:19.143254Z"",""no_price_dollars"":""0.0600"",""taker_side"":""yes"",""ticker"":""KXETH15M-26APR281300-00"",""trade_id"":""7db8ba71-917b-488c-a476-5af12f875efe"",""yes_price_dollars"":""0.9400""}"
KXETH15M-26APR281300-00,735da3ba-e48d-4098-896e-6aeb7736f324,1777395139,0.94,8.0,yes,"{""count_fp"":""8.00"",""created_time"":""2026-04-28T16:52:19.143254Z"",""no_price_dollars"":""0.0600"",""taker_side"":""yes"",""ticker"":""KXETH15M-26APR281300-00"",""trade_id"":""735da3ba-e48d-4098-896e-6aeb7736f324"",""yes_price_dollars"":""0.9400""}"
KXETH15M-26APR281300-00,4d630bd2-e5bb-411d-a341-390adacdd16b,1777395139,0.94,1.0,yes,"{""count_fp"":""1.00"",""created_time"":""2026-04-28T16:52:19.143254Z"",""no_price_dollars"":""0.0600"",""taker_side"":""yes"",""ticker"":""KXETH15M-26APR281300-00"",""trade_id"":""4d630bd2-e5bb-411d-a341-390adacdd16b"",""yes_price_dollars"":""0.9400""}"
KXETH15M-26APR281300-00,5c7e8950-ab08-6ba5-47b6-c3ca2c26e118,1777395140,0.922,1.0,no,"{""count_fp"":""1.00"",""created_time"":""2026-04-28T16:52:20.383423Z"",""no_price_dollars"":""0.0780"",""taker_side"":""no"",""ticker"":""KXETH15M-26APR281300-00"",""trade_id"":""5c7e8950-ab08-6ba5-47b6-c3ca2c26e118"",""yes_price_dollars"":""0.9220""}"
KXETH15M-26APR281300-00,d87b7763-4868-6da9-feb9-28ee6ae9efd0,1777395141,0.922,3.0,no,"{""count_fp"":""3.00"",""created_time"":""2026-04-28T16:52:21.382713Z"",""no_price_dollars"":""0.0780"",""taker_side"":""no"",""ticker"":""KXETH15M-26APR281300-00"",""trade_id"":""d87b7763-4868-6da9-feb9-28ee6ae9efd0"",""yes_price_dollars"":""0.9220""}"
KXETH15M-26APR281300-00,78a913ea-1ef4-66bd-25dd-c1dddd71e6d0,1777395142,0.922,17.76,no,"{""count_fp"":""17.76"",""created_time"":""2026-04-28T16:52:22.365803Z"",""no_price_dollars"":""0.0780"",""taker_side"":""no"",""ticker"":""KXETH15M-26APR281300-00"",""trade_id"":""78a913ea-1ef4-66bd-25dd-c1dddd71e6d0"",""yes_price_dollars"":""0.9220""}"
KXETH15M-26APR281300-00,f14779b0-8e1f-6f3e-ec97-6a4a91d372dc,1777395144,0.93,26.0,yes,"{""count_fp"":""26.00"",""created_time"":""2026-04-28T16:52:24.177984Z"",""no_price_dollars"":""0.0700"",""taker_side"":""yes"",""ticker"":""KXETH15M-26APR281300-00"",""trade_id"":""f14779b0-8e1f-6f3e-ec97-6a4a91d372dc"",""yes_price_dollars"":""0.9300""}"
KXETH15M-26APR281300-00,4aceeddd-48e2-78fa-dbf2-34c3b6eb9f7c,1777395145,0.927,53.5,yes,"{""count_fp"":""53.50"",""created_time"":""2026-04-28T16:52:25.941402Z"",""no_price_dollars"":""0.0730"",""taker_side"":""yes"",""ticker"":""KXETH15M-26APR281300-00"",""trade_id"":""4aceeddd-48e2-78fa-dbf2-34c3b6eb9f7c"",""yes_price_dollars"":""0.9270""}"
KXETH15M-26APR281300-00,37f3286f-111f-579e-6384-41e399fe8c00,1777395146,0.93,26.75,yes,"{""count_fp"":""26.75"",""created_time"":""2026-04-28T16:52:26.383173Z"",""no_price_dollars"":""0.0700"",""taker_side"":""yes"",""ticker"":""KXETH15M-26APR281300-00"",""trade_id"":""37f3286f-111f-579e-6384-41e399fe8c00"",""yes_price_dollars"":""0.9300""}"
KXETH15M-26APR281300-00,222767e0-1402-56b5-6af0-ece208208ada,1777395152,0.903,8.1,no,"{""count_fp"":""8.10"",""created_time"":""2026-04-28T16:52:32.673837Z"",""no_price_dollars"":""0.0970"",""taker_side"":""no"",""ticker"":""KXETH15M-26APR281300-00"",""trade_id"":""222767e0-1402-56b5-6af0-ece208208ada"",""yes_price_dollars"":""0.9030""}"
KXETH15M-26APR281300-00,dfea96b2-fb14-7a21-b019-efd3674034a0,1777395152,0.912,31.31,no,"{""count_fp"":""31.31"",""created_time"":""2026-04-28T16:52:32.358715Z"",""no_price_dollars"":""0.0880"",""taker_side"":""no"",""ticker"":""KXETH15M-26APR281300-00"",""trade_id"":""dfea96b2-fb14-7a21-b019-efd3674034a0"",""yes_price_dollars"":""0.9120""}"
KXETH15M-26APR281300-00,c7f049bc-add9-7981-b823-5c01b397fe45,1777395152,0.92,1.0,no,"{""count_fp"":""1.00"",""created_time"":""2026-04-28T16:52:32.358715Z"",""no_price_dollars"":""0.0800"",""taker_side"":""no"",""ticker"":""KXETH15M-26APR281300-00"",""trade_id"":""c7f049bc-add9-7981-b823-5c01b397fe45"",""yes_price_dollars"":""0.9200""}"
KXETH15M-26APR281300-00,232adcaa-b1aa-7f12-b32a-87aa44501403,1777395152,0.913,17.69,no,"{""count_fp"":""17.69"",""created_time"":""2026-04-28T16:52:32.358715Z"",""no_price_dollars"":""0.0870"",""taker_side"":""no"",""ticker"":""KXETH15M-26APR281300-00"",""trade_id"":""232adcaa-b1aa-7f12-b32a-87aa44501403"",""yes_price_dollars"":""0.9130""}"
KXETH15M-26APR281300-00,aebaf3b3-6bf7-5ff2-b3a9-9bc14b40821c,1777395153,0.93,5.0,yes,"{""count_fp"":""5.00"",""created_time"":""2026-04-28T16:52:33.388786Z"",""no_price_dollars"":""0.0700"",""taker_side"":""yes"",""ticker"":""KXETH15M-26APR281300-00"",""trade_id"":""aebaf3b3-6bf7-5ff2-b3a9-9bc14b40821c"",""yes_price_dollars"":""0.9300""}"
KXETH15M-26APR281300-00,a67a8f6f-afa7-4c16-8be1-4dd29989dd74,1777395154,0.93,242.0,yes,"{""count_fp"":""242.00"",""created_time"":""2026-04-28T16:52:34.153842Z"",""no_price_dollars"":""0.0700"",""taker_side"":""yes"",""ticker"":""KXETH15M-26APR281300-00"",""trade_id"":""a67a8f6f-afa7-4c16-8be1-4dd29989dd74"",""yes_price_dollars"":""0.9300""}"
KXETH15M-26APR281300-00,9e4e5131-a392-770d-2db4-f3de63d1d381,1777395155,0.95,9.73,yes,"{""count_fp"":""9.73"",""created_time"":""2026-04-28T16:52:35.576267Z"",""no_price_dollars"":""0.0500"",""taker_side"":""yes"",""ticker"":""KXETH15M-26APR281300-00"",""trade_id"":""9e4e5131-a392-770d-2db4-f3de63d1d381"",""yes_price_dollars"":""0.9500""}"
KXETH15M-26APR281300-00,1b982c26-a575-796c-085d-1338d899cd00,1777395155,0.95,2.8,yes,"{""count_fp"":""2.80"",""created_time"":""2026-04-28T16:52:35.576267Z"",""no_price_dollars"":""0.0500"",""taker_side"":""yes"",""ticker"":""KXETH15M-26APR281300-00"",""trade_id"":""1b982c26-a575-796c-085d-1338d899cd00"",""yes_price_dollars"":""0.9500""}"
KXETH15M-26APR281300-00,85f8c4be-e85d-66a0-6789-cb84f4698ec4,1777395155,0.95,0.2,yes,"{""count_fp"":""0.20"",""created_time"":""2026-04-28T16:52:35.464737Z"",""no_price_dollars"":""0.0500"",""taker_side"":""yes"",""ticker"":""KXETH15M-26APR281300-00"",""trade_id"":""85f8c4be-e85d-66a0-6789-cb84f4698ec4"",""yes_price_dollars"":""0.9500""}"
KXETH15M-26APR281300-00,7bcd36fc-d772-7891-d798-e47a2db16a35,1777395158,0.933,10.0,no,"{""count_fp"":""10.00"",""created_time"":""2026-04-28T16:52:38.217295Z"",""no_price_dollars"":""0.0670"",""taker_side"":""no"",""ticker"":""KXETH15M-26APR281300-00"",""trade_id"":""7bcd36fc-d772-7891-d798-e47a2db16a35"",""yes_price_dollars"":""0.9330""}"
KXETH15M-26APR281300-00,7b6023cf-45f0-7443-d484-59de45cf7e9c,1777395158,0.933,3.9,no,"{""count_fp"":""3.90"",""created_time"":""2026-04-28T16:52:38.217295Z"",""no_price_dollars"":""0.0670"",""taker_side"":""no"",""ticker"":""KXETH15M-26APR281300-00"",""trade_id"":""7b6023cf-45f0-7443-d484-59de45cf7e9c"",""yes_price_dollars"":""0.9330""}"
KXETH15M-26APR281300-00,5bc908b9-c2da-7c08-519a-2266655b1621,1777395162,0.933,2.0,no,"{""count_fp"":""2.00"",""created_time"":""2026-04-28T16:52:42.393289Z"",""no_price_dollars"":""0.0670"",""taker_side"":""no"",""ticker"":""KXETH15M-26APR281300-00"",""trade_id"":""5bc908b9-c2da-7c08-519a-2266655b1621"",""yes_price_dollars"":""0.9330""}"
KXETH15M-26APR281300-00,0b51d036-c5e2-621d-8939-1b364162b9a9,1777395166,0.95,10.27,yes,"{""count_fp"":""10.27"",""created_time"":""2026-04-28T16:52:46.435342Z"",""no_price_dollars"":""0.0500"",""taker_side"":""yes"",""ticker"":""KXETH15M-26APR281300-00"",""trade_id"":""0b51d036-c5e2-621d-8939-1b364162b9a9"",""yes_price_dollars"":""0.9500""}"
KXETH15M-26APR281300-00,be3554d7-de87-61ef-a831-b1d7018eb48e,1777395167,0.96,1.0,yes,"{""count_fp"":""1.00"",""created_time"":""2026-04-28T16:52:47.808308Z"",""no_price_dollars"":""0.0400"",""taker_side"":""yes"",""ticker"":""KXETH15M-26APR281300-00"",""trade_id"":""be3554d7-de87-61ef-a831-b1d7018eb48e"",""yes_price_dollars"":""0.9600""}"
KXETH15M-26APR281300-00,989b1134-3716-6144-bc1b-870875d58a67,1777395167,0.969,1.13,yes,"{""count_fp"":""1.13"",""created_time"":""2026-04-28T16:52:47.808308Z"",""no_price_dollars"":""0.0310"",""taker_side"":""yes"",""ticker"":""KXETH15M-26APR281300-00"",""trade_id"":""989b1134-3716-6144-bc1b-870875d58a67"",""yes_price_dollars"":""0.9690""}"
KXETH15M-26APR281300-00,722e0608-8ec3-6b5c-b7a9-c33ab2431552,1777395167,0.967,1.0,yes,"{""count_fp"":""1.00"",""created_time"":""2026-04-28T16:52:47.808308Z"",""no_price_dollars"":""0.0330"",""taker_side"":""yes"",""ticker"":""KXETH15M-26APR281300-00"",""trade_id"":""722e0608-8ec3-6b5c-b7a9-c33ab2431552"",""yes_price_dollars"":""0.9670""}"
KXETH15M-26APR281300-00,2533b43f-6974-66e0-b204-72120abccbf0,1777395167,0.96,1.0,yes,"{""count_fp"":""1.00"",""created_time"":""2026-04-28T16:52:47.808308Z"",""no_price_dollars"":""0.0400"",""taker_side"":""yes"",""ticker"":""KXETH15M-26APR281300-00"",""trade_id"":""2533b43f-6974-66e0-b204-72120abccbf0"",""yes_price_dollars"":""0.9600""}"
KXETH15M-26APR281300-00,760a6c85-4b32-4ca7-a397-a977b978d8d4,1777395177,0.95,187.52,no,"{""count_fp"":""187.52"",""created_time"":""2026-04-28T16:52:57.749209Z"",""no_price_dollars"":""0.0500"",""taker_side"":""no"",""ticker"":""KXETH15M-26APR281300-00"",""trade_id"":""760a6c85-4b32-4ca7-a397-a977b978d8d4"",""yes_price_dollars"":""0.9500""}"
KXETH15M-26APR281300-00,a54a0801-3fe1-6559-112d-ae6a85cffcaa,1777395177,0.97,1.0,yes,"{""count_fp"":""1.00"",""created_time"":""2026-04-28T16:52:57.437712Z"",""no_price_dollars"":""0.0300"",""taker_side"":""yes"",""ticker"":""KXETH15M-26APR281300-00"",""trade_id"":""a54a0801-3fe1-6559-112d-ae6a85cffcaa"",""yes_price_dollars"":""0.9700""}"
KXETH15M-26APR281300-00,2f0509c7-fe97-6bfd-0c38-bcd9fda316d2,1777395177,0.97,1.0,yes,"{""count_fp"":""1.00"",""created_time"":""2026-04-28T16:52:57.437712Z"",""no_price_dollars"":""0.0300"",""taker_side"":""yes"",""ticker"":""KXETH15M-26APR281300-00"",""trade_id"":""2f0509c7-fe97-6bfd-0c38-bcd9fda316d2"",""yes_price_dollars"":""0.9700""}"
KXETH15M-26APR281300-00,e676ce8d-21a8-6409-73cc-6649bbd6f472,1777395184,0.96,1.0,no,"{""count_fp"":""1.00"",""created_time"":""2026-04-28T16:53:04.842839Z"",""no_price_dollars"":""0.0400"",""taker_side"":""no"",""ticker"":""KXETH15M-26APR281300-00"",""trade_id"":""e676ce8d-21a8-6409-73cc-6649bbd6f472"",""yes_price_dollars"":""0.9600""}"
KXETH15M-26APR281300-00,4502d6d2-c7a9-612f-7223-c283a614fe18,1777395184,0.96,3.0,no,"{""count_fp"":""3.00"",""created_time"":""2026-04-28T16:53:04.842839Z"",""no_price_dollars"":""0.0400"",""taker_side"":""no"",""ticker"":""KXETH15M-26APR281300-00"",""trade_id"":""4502d6d2-c7a9-612f-7223-c283a614fe18"",""yes_price_dollars"":""0.9600""}"
KXETH15M-26APR281300-00,a620b308-08fe-6f29-a6e8-dba70531a96d,1777395186,0.953,10.0,no,"{""count_fp"":""10.00"",""created_time"":""2026-04-28T16:53:06.036943Z"",""no_price_dollars"":""0.0470"",""taker_side"":""no"",""ticker"":""KXETH15M-26APR281300-00"",""trade_id"":""a620b308-08fe-6f29-a6e8-dba70531a96d"",""yes_price_dollars"":""0.9530""}"
KXETH15M-26APR281300-00,4ec6b713-0039-6f64-b07f-fc7a87ac645a,1777395186,0.951,90.0,no,"{""count_fp"":""90.00"",""created_time"":""2026-04-28T16:53:06.036943Z"",""no_price_dollars"":""0.0490"",""taker_side"":""no"",""ticker"":""KXETH15M-26APR281300-00"",""trade_id"":""4ec6b713-0039-6f64-b07f-fc7a87ac645a"",""yes_price_dollars"":""0.9510""}"
KXETH15M-26APR281300-00,8efaf6c2-e2bb-78cd-eec6-ff8ce9ef98f6,1777395188,0.961,31.0,no,"{""count_fp"":""31.00"",""created_time"":""2026-04-28T16:53:08.242201Z"",""no_price_dollars"":""0.0390"",""taker_side"":""no"",""ticker"":""KXETH15M-26APR281300-00"",""trade_id"":""8efaf6c2-e2bb-78cd-eec6-ff8ce9ef98f6"",""yes_price_dollars"":""0.9610""}"
KXETH15M-26APR281300-00,6f58f64e-bbbc-7837-da88-caf9046b7a08,1777395208,0.953,40.0,no,"{""count_fp"":""40.00"",""created_time"":""2026-04-28T16:53:28.211271Z"",""no_price_dollars"":""0.0470"",""taker_side"":""no"",""ticker"":""KXETH15M-26APR281300-00"",""trade_id"":""6f58f64e-bbbc-7837-da88-caf9046b7a08"",""yes_price_dollars"":""0.9530""}"
KXETH15M-26APR281300-00,346fdcd5-c096-7883-cc24-0f28a882a4c2,1777395208,0.953,10.0,no,"{""count_fp"":""10.00"",""created_time"":""2026-04-28T16:53:28.211271Z"",""no_price_dollars"":""0.0470"",""taker_side"":""no"",""ticker"":""KXETH15M-26APR281300-00"",""trade_id"":""346fdcd5-c096-7883-cc24-0f28a882a4c2"",""yes_price_dollars"":""0.9530""}"
KXETH15M-26APR281300-00,702885aa-2531-7c89-4794-940b0a679104,1777395217,0.99,49.0,yes,"{""count_fp"":""49.00"",""created_time"":""2026-04-28T16:53:37.596958Z"",""no_price_dollars"":""0.0100"",""taker_side"":""yes"",""ticker"":""KXETH15M-26APR281300-00"",""trade_id"":""702885aa-2531-7c89-4794-940b0a679104"",""yes_price_dollars"":""0.9900""}"
KXETH15M-26APR281300-00,db43ff30-4f2a-48db-2133-039e578e039a,1777395217,0.989,31.0,yes,"{""count_fp"":""31.00"",""created_time"":""2026-04-28T16:53:37.584297Z"",""no_price_dollars"":""0.0110"",""taker_side"":""yes"",""ticker"":""KXETH15M-26APR281300-00"",""trade_id"":""db43ff30-4f2a-48db-2133-039e578e039a"",""yes_price_dollars"":""0.9890""}"
KXETH15M-26APR281300-00,b1c50b13-26cd-43f1-2876-ad2d61319a54,1777395217,0.99,17.0,yes,"{""count_fp"":""17.00"",""created_time"":""2026-04-28T16:53:37.584297Z"",""no_price_dollars"":""0.0100"",""taker_side"":""yes"",""ticker"":""KXETH15M-26APR281300-00"",""trade_id"":""b1c50b13-26cd-43f1-2876-ad2d61319a54"",""yes_price_dollars"":""0.9900""}"
KXETH15M-26APR281300-00,916aeda4-5898-4680-14a7-291646be3e0f,1777395217,0.989,1.0,yes,"{""count_fp"":""1.00"",""created_time"":""2026-04-28T16:53:37.584297Z"",""no_price_dollars"":""0.0110"",""taker_side"":""yes"",""ticker"":""KXETH15M-26APR281300-00"",""trade_id"":""916aeda4-5898-4680-14a7-291646be3e0f"",""yes_price_dollars"":""0.9890""}"
KXETH15M-26APR281300-00,68401504-9fea-5837-d1a5-bdd385cf8c22,1777395217,0.989,46.0,yes,"{""count_fp"":""46.00"",""created_time"":""2026-04-28T16:53:37.569993Z"",""no_price_dollars"":""0.0110"",""taker_side"":""yes"",""ticker"":""KXETH15M-26APR281300-00"",""trade_id"":""68401504-9fea-5837-d1a5-bdd385cf8c22"",""yes_price_dollars"":""0.9890""}"
KXETH15M-26APR281300-00,2b739dde-014d-5468-d5d2-b5aa1e33ce0f,1777395217,0.988,2.0,yes,"{""count_fp"":""2.00"",""created_time"":""2026-04-28T16:53:37.569993Z"",""no_price_dollars"":""0.0120"",""taker_side"":""yes"",""ticker"":""KXETH15M-26APR281300-00"",""trade_id"":""2b739dde-014d-5468-d5d2-b5aa1e33ce0f"",""yes_price_dollars"":""0.9880""}"
KXETH15M-26APR281300-00,0a33dc2c-c14e-5afb-c000-5cecfec97765,1777395217,0.988,1.0,yes,"{""count_fp"":""1.00"",""created_time"":""2026-04-28T16:53:37.569993Z"",""no_price_dollars"":""0.0120"",""taker_side"":""yes"",""ticker"":""KXETH15M-26APR281300-00"",""trade_id"":""0a33dc2c-c14e-5afb-c000-5cecfec97765"",""yes_price_dollars"":""0.9880""}"
KXETH15M-26APR281300-00,f01d5a49-d024-569d-6e92-6c89ba1ec581,1777395217,0.987,1.0,yes,"{""count_fp"":""1.00"",""created_time"":""2026-04-28T16:53:37.555819Z"",""no_price_dollars"":""0.0130"",""taker_side"":""yes"",""ticker"":""KXETH15M-26APR281300-00"",""trade_id"":""f01d5a49-d024-569d-6e92-6c89ba1ec581"",""yes_price_dollars"":""0.9870""}"
KXETH15M-26APR281300-00,a34c38be-f8dd-5fec-4ca8-816aab433697,1777395217,0.988,45.0,yes,"{""count_fp"":""45.00"",""created_time"":""2026-04-28T16:53:37.555819Z"",""no_price_dollars"":""0.0120"",""taker_side"":""yes"",""ticker"":""KXETH15M-26APR281300-00"",""trade_id"":""a34c38be-f8dd-5fec-4ca8-816aab433697"",""yes_price_dollars"":""0.9880""}"
KXETH15M-26APR281300-00,95ba9165-f173-503a-6ee9-3799f8ffedae,1777395217,0.982,1.0,yes,"{""count_fp"":""1.00"",""created_time"":""2026-04-28T16:53:37.555819Z"",""no_price_dollars"":""0.0180"",""taker_side"":""yes"",""ticker"":""KXETH15M-26APR281300-00"",""trade_id"":""95ba9165-f173-503a-6ee9-3799f8ffedae"",""yes_price_dollars"":""0.9820""}"
KXETH15M-26APR281300-00,3c93554f-ca44-53dd-5e67-bbbb49ec7353,1777395217,0.986,1.0,yes,"{""count_fp"":""1.00"",""created_time"":""2026-04-28T16:53:37.555819Z"",""no_price_dollars"":""0.0140"",""taker_side"":""yes"",""ticker"":""KXETH15M-26APR281300-00"",""trade_id"":""3c93554f-ca44-53dd-5e67-bbbb49ec7353"",""yes_price_dollars"":""0.9860""}"
KXETH15M-26APR281300-00,0aaae7ef-ad0c-55ff-6206-f7e713dd810f,1777395217,0.985,1.0,yes,"{""count_fp"":""1.00"",""created_time"":""2026-04-28T16:53:37.555819Z"",""no_price_dollars"":""0.0150"",""taker_side"":""yes"",""ticker"":""KXETH15M-26APR281300-00"",""trade_id"":""0aaae7ef-ad0c-55ff-6206-f7e713dd810f"",""yes_price_dollars"":""0.9850""}"
KXETH15M-26APR281300-00,b8f8b287-daf5-60be-3164-8614b7d2e6d0,1777395217,0.98,1.0,yes,"{""count_fp"":""1.00"",""created_time"":""2026-04-28T16:53:37.507817Z"",""no_price_dollars"":""0.0200"",""taker_side"":""yes"",""ticker"":""KXETH15M-26APR281300-00"",""trade_id"":""b8f8b287-daf5-60be-3164-8614b7d2e6d0"",""yes_price_dollars"":""0.9800""}"
KXETH15M-26APR281300-00,86eabc5c-3633-68aa-27f5-a04d11ed9eee,1777395217,0.98,18.0,yes,"{""count_fp"":""18.00"",""created_time"":""2026-04-28T16:53:37.507817Z"",""no_price_dollars"":""0.0200"",""taker_side"":""yes"",""ticker"":""KXETH15M-26APR281300-00"",""trade_id"":""86eabc5c-3633-68aa-27f5-a04d11ed9eee"",""yes_price_dollars"":""0.9800""}"
KXETH15M-26APR281300-00,86c335ef-3352-6514-34db-e2e2ba40d929,1777395217,0.98,8.0,yes,"{""count_fp"":""8.00"",""created_time"":""2026-04-28T16:53:37.507817Z"",""no_price_dollars"":""0.0200"",""taker_side"":""yes"",""ticker"":""KXETH15M-26APR281300-00"",""trade_id"":""86c335ef-3352-6514-34db-e2e2ba40d929"",""yes_price_dollars"":""0.9800""}"
KXETH15M-26APR281300-00,5d7d1396-b579-66b9-0d16-452c3c8ded77,1777395217,0.98,8.0,yes,"{""count_fp"":""8.00"",""created_time"":""2026-04-28T16:53:37.507817Z"",""no_price_dollars"":""0.0200"",""taker_side"":""yes"",""ticker"":""KXETH15M-26APR281300-00"",""trade_id"":""5d7d1396-b579-66b9-0d16-452c3c8ded77"",""yes_price_dollars"":""0.9800""}"
