ticker,trade_id,ts,yes_price,count,taker_side,raw_json
KXETH15M-26APR280130-30,15c3bda5-eeb8-6994-daa5-f3371897063a,1777353303,0.56,5.0,no,"{""count_fp"":""5.00"",""created_time"":""2026-04-28T05:15:03.666172Z"",""no_price_dollars"":""0.4400"",""taker_side"":""no"",""ticker"":""KXETH15M-26APR280130-30"",""trade_id"":""15c3bda5-eeb8-6994-daa5-f3371897063a"",""yes_price_dollars"":""0.5600""}"
KXETH15M-26APR280130-30,f409dba7-f15b-6025-721b-ef3bef0fda27,1777353310,0.58,1.0,yes,"{""count_fp"":""1.00"",""created_time"":""2026-04-28T05:15:10.967874Z"",""no_price_dollars"":""0.4200"",""taker_side"":""yes"",""ticker"":""KXETH15M-26APR280130-30"",""trade_id"":""f409dba7-f15b-6025-721b-ef3bef0fda27"",""yes_price_dollars"":""0.5800""}"
KXETH15M-26APR280130-30,f002c005-abf6-6e2b-6d28-2bbd85ed25f3,1777353310,0.58,10.0,yes,"{""count_fp"":""10.00"",""created_time"":""2026-04-28T05:15:10.967874Z"",""no_price_dollars"":""0.4200"",""taker_side"":""yes"",""ticker"":""KXETH15M-26APR280130-30"",""trade_id"":""f002c005-abf6-6e2b-6d28-2bbd85ed25f3"",""yes_price_dollars"":""0.5800""}"
KXETH15M-26APR280130-30,4f53b7c6-a21d-5f54-d789-5063912eb240,1777353310,0.58,66.0,no,"{""count_fp"":""66.00"",""created_time"":""2026-04-28T05:15:10.595538Z"",""no_price_dollars"":""0.4200"",""taker_side"":""no"",""ticker"":""KXETH15M-26APR280130-30"",""trade_id"":""4f53b7c6-a21d-5f54-d789-5063912eb240"",""yes_price_dollars"":""0.5800""}"
KXETH15M-26APR280130-30,18876aca-4bcb-68f5-600a-d0aa30caeac2,1777353310,0.57,1.0,yes,"{""count_fp"":""1.00"",""created_time"":""2026-04-28T05:15:10.103932Z"",""no_price_dollars"":""0.4300"",""taker_side"":""yes"",""ticker"":""KXETH15M-26APR280130-30"",""trade_id"":""18876aca-4bcb-68f5-600a-d0aa30caeac2"",""yes_price_dollars"":""0.5700""}"
KXETH15M-26APR280130-30,cfb4b20c-a8be-700d-a98f-779aa38cbb04,1777353311,0.54,1.0,no,"{""count_fp"":""1.00"",""created_time"":""2026-04-28T05:15:11.213833Z"",""no_price_dollars"":""0.4600"",""taker_side"":""no"",""ticker"":""KXETH15M-26APR280130-30"",""trade_id"":""cfb4b20c-a8be-700d-a98f-779aa38cbb04"",""yes_price_dollars"":""0.5400""}"
KXETH15M-26APR280130-30,fb2ac546-9b78-7098-746b-76f1da0ebfd8,1777353314,0.55,4.2,yes,"{""count_fp"":""4.20"",""created_time"":""2026-04-28T05:15:14.364108Z"",""no_price_dollars"":""0.4500"",""taker_side"":""yes"",""ticker"":""KXETH15M-26APR280130-30"",""trade_id"":""fb2ac546-9b78-7098-746b-76f1da0ebfd8"",""yes_price_dollars"":""0.5500""}"
KXETH15M-26APR280130-30,e68bdabf-a188-7e7a-6cf4-c2473cee8e3b,1777353314,0.55,1.0,yes,"{""count_fp"":""1.00"",""created_time"":""2026-04-28T05:15:14.364108Z"",""no_price_dollars"":""0.4500"",""taker_side"":""yes"",""ticker"":""KXETH15M-26APR280130-30"",""trade_id"":""e68bdabf-a188-7e7a-6cf4-c2473cee8e3b"",""yes_price_dollars"":""0.5500""}"
KXETH15M-26APR280130-30,9431ff13-5be0-73b0-a031-8656871ceaf8,1777353320,0.51,4.94,yes,"{""count_fp"":""4.94"",""created_time"":""2026-04-28T05:15:20.204526Z"",""no_price_dollars"":""0.4900"",""taker_side"":""yes"",""ticker"":""KXETH15M-26APR280130-30"",""trade_id"":""9431ff13-5be0-73b0-a031-8656871ceaf8"",""yes_price_dollars"":""0.5100""}"
KXETH15M-26APR280130-30,1b7c4d51-0b53-7d8b-91a2-12ebe622b310,1777353320,0.51,1.0,yes,"{""count_fp"":""1.00"",""created_time"":""2026-04-28T05:15:20.204526Z"",""no_price_dollars"":""0.4900"",""taker_side"":""yes"",""ticker"":""KXETH15M-26APR280130-30"",""trade_id"":""1b7c4d51-0b53-7d8b-91a2-12ebe622b310"",""yes_price_dollars"":""0.5100""}"
KXETH15M-26APR280130-30,1b44e7b7-5c15-67a3-94c8-e6beba92d543,1777353322,0.51,8.0,no,"{""count_fp"":""8.00"",""created_time"":""2026-04-28T05:15:22.137816Z"",""no_price_dollars"":""0.4900"",""taker_side"":""no"",""ticker"":""KXETH15M-26APR280130-30"",""trade_id"":""1b44e7b7-5c15-67a3-94c8-e6beba92d543"",""yes_price_dollars"":""0.5100""}"
KXETH15M-26APR280130-30,9f4445b2-89a7-5184-4251-036401810dae,1777353326,0.52,1.0,no,"{""count_fp"":""1.00"",""created_time"":""2026-04-28T05:15:26.401118Z"",""no_price_dollars"":""0.4800"",""taker_side"":""no"",""ticker"":""KXETH15M-26APR280130-30"",""trade_id"":""9f4445b2-89a7-5184-4251-036401810dae"",""yes_price_dollars"":""0.5200""}"
KXETH15M-26APR280130-30,79db105a-37b6-5cf1-3259-68fdca94f0f1,1777353329,0.5,1.0,no,"{""count_fp"":""1.00"",""created_time"":""2026-04-28T05:15:29.509572Z"",""no_price_dollars"":""0.5000"",""taker_side"":""no"",""ticker"":""KXETH15M-26APR280130-30"",""trade_id"":""79db105a-37b6-5cf1-3259-68fdca94f0f1"",""yes_price_dollars"":""0.5000""}"
KXETH15M-26APR280130-30,39d697cc-4730-5fff-386f-9873c4520126,1777353329,0.5,0.92,no,"{""count_fp"":""0.92"",""created_time"":""2026-04-28T05:15:29.509572Z"",""no_price_dollars"":""0.5000"",""taker_side"":""no"",""ticker"":""KXETH15M-26APR280130-30"",""trade_id"":""39d697cc-4730-5fff-386f-9873c4520126"",""yes_price_dollars"":""0.5000""}"
KXETH15M-26APR280130-30,f9fa2870-1e28-7c2c-e1e9-cd41e128b862,1777353331,0.52,7.12,yes,"{""count_fp"":""7.12"",""created_time"":""2026-04-28T05:15:31.808789Z"",""no_price_dollars"":""0.4800"",""taker_side"":""yes"",""ticker"":""KXETH15M-26APR280130-30"",""trade_id"":""f9fa2870-1e28-7c2c-e1e9-cd41e128b862"",""yes_price_dollars"":""0.5200""}"
KXETH15M-26APR280130-30,571c91e3-63b4-7398-cdf3-e45667e0a59c,1777353331,0.51,550.86,yes,"{""count_fp"":""550.86"",""created_time"":""2026-04-28T05:15:31.808789Z"",""no_price_dollars"":""0.4900"",""taker_side"":""yes"",""ticker"":""KXETH15M-26APR280130-30"",""trade_id"":""571c91e3-63b4-7398-cdf3-e45667e0a59c"",""yes_price_dollars"":""0.5100""}"
KXETH15M-26APR280130-30,5502db9a-f8d0-7072-cd0f-40f552b67d18,1777353331,0.51,9.59,yes,"{""count_fp"":""9.59"",""created_time"":""2026-04-28T05:15:31.808789Z"",""no_price_dollars"":""0.4900"",""taker_side"":""yes"",""ticker"":""KXETH15M-26APR280130-30"",""trade_id"":""5502db9a-f8d0-7072-cd0f-40f552b67d18"",""yes_price_dollars"":""0.5100""}"
KXETH15M-26APR280130-30,4000636e-854b-7448-cab0-bad2044e24ed,1777353331,0.51,1.0,yes,"{""count_fp"":""1.00"",""created_time"":""2026-04-28T05:15:31.808789Z"",""no_price_dollars"":""0.4900"",""taker_side"":""yes"",""ticker"":""KXETH15M-26APR280130-30"",""trade_id"":""4000636e-854b-7448-cab0-bad2044e24ed"",""yes_price_dollars"":""0.5100""}"
KXETH15M-26APR280130-30,edfb4b64-682c-77d7-eba5-84b641cec242,1777353335,0.48,74.28,no,"{""count_fp"":""74.28"",""created_time"":""2026-04-28T05:15:35.819587Z"",""no_price_dollars"":""0.5200"",""taker_side"":""no"",""ticker"":""KXETH15M-26APR280130-30"",""trade_id"":""edfb4b64-682c-77d7-eba5-84b641cec242"",""yes_price_dollars"":""0.4800""}"
KXETH15M-26APR280130-30,45408575-6c71-71ff-d4e2-8dce2f73eddb,1777353335,0.49,10.0,no,"{""count_fp"":""10.00"",""created_time"":""2026-04-28T05:15:35.819587Z"",""no_price_dollars"":""0.5100"",""taker_side"":""no"",""ticker"":""KXETH15M-26APR280130-30"",""trade_id"":""45408575-6c71-71ff-d4e2-8dce2f73eddb"",""yes_price_dollars"":""0.4900""}"
KXETH15M-26APR280130-30,01756049-df38-7923-ccbd-5d4e5b5e1a02,1777353335,0.5,9.08,no,"{""count_fp"":""9.08"",""created_time"":""2026-04-28T05:15:35.819587Z"",""no_price_dollars"":""0.5000"",""taker_side"":""no"",""ticker"":""KXETH15M-26APR280130-30"",""trade_id"":""01756049-df38-7923-ccbd-5d4e5b5e1a02"",""yes_price_dollars"":""0.5000""}"
KXETH15M-26APR280130-30,b7138b9e-7a74-639b-3ec6-e6b3e382e3ea,1777353340,0.5,9.0,yes,"{""count_fp"":""9.00"",""created_time"":""2026-04-28T05:15:40.421072Z"",""no_price_dollars"":""0.5000"",""taker_side"":""yes"",""ticker"":""KXETH15M-26APR280130-30"",""trade_id"":""b7138b9e-7a74-639b-3ec6-e6b3e382e3ea"",""yes_price_dollars"":""0.5000""}"
KXETH15M-26APR280130-30,79109f9f-62b9-6dd7-343a-9e59a8837f57,1777353340,0.51,1.0,yes,"{""count_fp"":""1.00"",""created_time"":""2026-04-28T05:15:40.421072Z"",""no_price_dollars"":""0.4900"",""taker_side"":""yes"",""ticker"":""KXETH15M-26APR280130-30"",""trade_id"":""79109f9f-62b9-6dd7-343a-9e59a8837f57"",""yes_price_dollars"":""0.5100""}"
KXETH15M-26APR280130-30,6e805a94-9aa9-6b9d-2b33-0064b75c9a90,1777353340,0.52,2.0,yes,"{""count_fp"":""2.00"",""created_time"":""2026-04-28T05:15:40.421072Z"",""no_price_dollars"":""0.4800"",""taker_side"":""yes"",""ticker"":""KXETH15M-26APR280130-30"",""trade_id"":""6e805a94-9aa9-6b9d-2b33-0064b75c9a90"",""yes_price_dollars"":""0.5200""}"
KXETH15M-26APR280130-30,0e826857-213c-6c8f-024f-a336afa8a1fb,1777353340,0.51,10.0,yes,"{""count_fp"":""10.00"",""created_time"":""2026-04-28T05:15:40.421072Z"",""no_price_dollars"":""0.4900"",""taker_side"":""yes"",""ticker"":""KXETH15M-26APR280130-30"",""trade_id"":""0e826857-213c-6c8f-024f-a336afa8a1fb"",""yes_price_dollars"":""0.5100""}"
KXETH15M-26APR280130-30,0b8bd60c-c63f-60dd-3688-a530d628fcd9,1777353340,0.53,28.22,yes,"{""count_fp"":""28.22"",""created_time"":""2026-04-28T05:15:40.421072Z"",""no_price_dollars"":""0.4700"",""taker_side"":""yes"",""ticker"":""KXETH15M-26APR280130-30"",""trade_id"":""0b8bd60c-c63f-60dd-3688-a530d628fcd9"",""yes_price_dollars"":""0.5300""}"
KXETH15M-26APR280130-30,f496404a-d0eb-7de2-e9a4-fb35794aec92,1777353343,0.51,8.87,yes,"{""count_fp"":""8.87"",""created_time"":""2026-04-28T05:15:43.454261Z"",""no_price_dollars"":""0.4900"",""taker_side"":""yes"",""ticker"":""KXETH15M-26APR280130-30"",""trade_id"":""f496404a-d0eb-7de2-e9a4-fb35794aec92"",""yes_price_dollars"":""0.5100""}"
KXETH15M-26APR280130-30,d85eeed0-073a-79f2-d422-3fd103d8f333,1777353343,0.51,9.59,yes,"{""count_fp"":""9.59"",""created_time"":""2026-04-28T05:15:43.454261Z"",""no_price_dollars"":""0.4900"",""taker_side"":""yes"",""ticker"":""KXETH15M-26APR280130-30"",""trade_id"":""d85eeed0-073a-79f2-d422-3fd103d8f333"",""yes_price_dollars"":""0.5100""}"
KXETH15M-26APR280130-30,d9ddb769-8438-7672-e0e5-e18f79753b6e,1777353354,0.46,10.0,no,"{""count_fp"":""10.00"",""created_time"":""2026-04-28T05:15:54.231702Z"",""no_price_dollars"":""0.5400"",""taker_side"":""no"",""ticker"":""KXETH15M-26APR280130-30"",""trade_id"":""d9ddb769-8438-7672-e0e5-e18f79753b6e"",""yes_price_dollars"":""0.4600""}"
KXETH15M-26APR280130-30,7b2653c0-96eb-77eb-fc08-a083bfcf0f26,1777353354,0.46,10.0,no,"{""count_fp"":""10.00"",""created_time"":""2026-04-28T05:15:54.231702Z"",""no_price_dollars"":""0.5400"",""taker_side"":""no"",""ticker"":""KXETH15M-26APR280130-30"",""trade_id"":""7b2653c0-96eb-77eb-fc08-a083bfcf0f26"",""yes_price_dollars"":""0.4600""}"
KXETH15M-26APR280130-30,56ffe18f-3860-7eaa-e437-b8cf882476b3,1777353354,0.45,5.59,no,"{""count_fp"":""5.59"",""created_time"":""2026-04-28T05:15:54.231702Z"",""no_price_dollars"":""0.5500"",""taker_side"":""no"",""ticker"":""KXETH15M-26APR280130-30"",""trade_id"":""56ffe18f-3860-7eaa-e437-b8cf882476b3"",""yes_price_dollars"":""0.4500""}"
KXETH15M-26APR280130-30,1b9219cb-9ad2-7290-c3b6-1f4ac2b72863,1777353354,0.46,10.0,no,"{""count_fp"":""10.00"",""created_time"":""2026-04-28T05:15:54.231702Z"",""no_price_dollars"":""0.5400"",""taker_side"":""no"",""ticker"":""KXETH15M-26APR280130-30"",""trade_id"":""1b9219cb-9ad2-7290-c3b6-1f4ac2b72863"",""yes_price_dollars"":""0.4600""}"
KXETH15M-26APR280130-30,c3e1fe61-382d-4150-7e50-b6af873918b5,1777353362,0.49,2.0,yes,"{""count_fp"":""2.00"",""created_time"":""2026-04-28T05:16:02.321284Z"",""no_price_dollars"":""0.5100"",""taker_side"":""yes"",""ticker"":""KXETH15M-26APR280130-30"",""trade_id"":""c3e1fe61-382d-4150-7e50-b6af873918b5"",""yes_price_dollars"":""0.4900""}"
KXETH15M-26APR280130-30,84cc5504-657e-4822-51b2-300a84e4ff9f,1777353362,0.52,38.18,yes,"{""count_fp"":""38.18"",""created_time"":""2026-04-28T05:16:02.321284Z"",""no_price_dollars"":""0.4800"",""taker_side"":""yes"",""ticker"":""KXETH15M-26APR280130-30"",""trade_id"":""84cc5504-657e-4822-51b2-300a84e4ff9f"",""yes_price_dollars"":""0.5200""}"
KXETH15M-26APR280130-30,3f661fa3-5827-420a-5d76-ba20a4970ff1,1777353362,0.52,10.0,yes,"{""count_fp"":""10.00"",""created_time"":""2026-04-28T05:16:02.321284Z"",""no_price_dollars"":""0.4800"",""taker_side"":""yes"",""ticker"":""KXETH15M-26APR280130-30"",""trade_id"":""3f661fa3-5827-420a-5d76-ba20a4970ff1"",""yes_price_dollars"":""0.5200""}"
KXETH15M-26APR280130-30,d6e625a6-449e-7345-c2b9-8acea1f26a32,1777353363,0.53,1.22,yes,"{""count_fp"":""1.22"",""created_time"":""2026-04-28T05:16:03.446828Z"",""no_price_dollars"":""0.4700"",""taker_side"":""yes"",""ticker"":""KXETH15M-26APR280130-30"",""trade_id"":""d6e625a6-449e-7345-c2b9-8acea1f26a32"",""yes_price_dollars"":""0.5300""}"
KXETH15M-26APR280130-30,bbe1ade3-155b-7c35-e128-a2e4d133ed2d,1777353363,0.53,11.78,yes,"{""count_fp"":""11.78"",""created_time"":""2026-04-28T05:16:03.446828Z"",""no_price_dollars"":""0.4700"",""taker_side"":""yes"",""ticker"":""KXETH15M-26APR280130-30"",""trade_id"":""bbe1ade3-155b-7c35-e128-a2e4d133ed2d"",""yes_price_dollars"":""0.5300""}"
KXETH15M-26APR280130-30,b01f3228-623b-7dec-c9b0-bfa29435e15c,1777353363,0.53,9.0,yes,"{""count_fp"":""9.00"",""created_time"":""2026-04-28T05:16:03.446828Z"",""no_price_dollars"":""0.4700"",""taker_side"":""yes"",""ticker"":""KXETH15M-26APR280130-30"",""trade_id"":""b01f3228-623b-7dec-c9b0-bfa29435e15c"",""yes_price_dollars"":""0.5300""}"
KXETH15M-26APR280130-30,57a95a22-b19c-622a-5660-dba7b7e957b3,1777353365,0.52,6.0,no,"{""count_fp"":""6.00"",""created_time"":""2026-04-28T05:16:05.492369Z"",""no_price_dollars"":""0.4800"",""taker_side"":""no"",""ticker"":""KXETH15M-26APR280130-30"",""trade_id"":""57a95a22-b19c-622a-5660-dba7b7e957b3"",""yes_price_dollars"":""0.5200""}"
KXETH15M-26APR280130-30,76ccfd30-77b4-5b76-0cce-9eaceaa68a8f,1777353366,0.52,1.0,no,"{""count_fp"":""1.00"",""created_time"":""2026-04-28T05:16:06.296231Z"",""no_price_dollars"":""0.4800"",""taker_side"":""no"",""ticker"":""KXETH15M-26APR280130-30"",""trade_id"":""76ccfd30-77b4-5b76-0cce-9eaceaa68a8f"",""yes_price_dollars"":""0.5200""}"
KXETH15M-26APR280130-30,24155d4e-c980-6c5e-ce04-fe416eb43c83,1777353367,0.52,2.0,no,"{""count_fp"":""2.00"",""created_time"":""2026-04-28T05:16:07.670179Z"",""no_price_dollars"":""0.4800"",""taker_side"":""no"",""ticker"":""KXETH15M-26APR280130-30"",""trade_id"":""24155d4e-c980-6c5e-ce04-fe416eb43c83"",""yes_price_dollars"":""0.5200""}"
KXETH15M-26APR280130-30,ee3940f3-3df8-4946-884c-5163f41b6477,1777353369,0.52,7.17,no,"{""count_fp"":""7.17"",""created_time"":""2026-04-28T05:16:09.371757Z"",""no_price_dollars"":""0.4800"",""taker_side"":""no"",""ticker"":""KXETH15M-26APR280130-30"",""trade_id"":""ee3940f3-3df8-4946-884c-5163f41b6477"",""yes_price_dollars"":""0.5200""}"
KXETH15M-26APR280130-30,ec0ea08e-be2a-6a36-7131-cbbe0fae772d,1777353370,0.59,10.0,yes,"{""count_fp"":""10.00"",""created_time"":""2026-04-28T05:16:10.318312Z"",""no_price_dollars"":""0.4100"",""taker_side"":""yes"",""ticker"":""KXETH15M-26APR280130-30"",""trade_id"":""ec0ea08e-be2a-6a36-7131-cbbe0fae772d"",""yes_price_dollars"":""0.5900""}"
KXETH15M-26APR280130-30,9f7179d4-b677-671d-543f-2fe7f64a5d3e,1777353370,0.54,1.0,yes,"{""count_fp"":""1.00"",""created_time"":""2026-04-28T05:16:10.318312Z"",""no_price_dollars"":""0.4600"",""taker_side"":""yes"",""ticker"":""KXETH15M-26APR280130-30"",""trade_id"":""9f7179d4-b677-671d-543f-2fe7f64a5d3e"",""yes_price_dollars"":""0.5400""}"
KXETH15M-26APR280130-30,800c9c84-4b33-60ae-4cc1-753295f62f2a,1777353370,0.59,57.22,yes,"{""count_fp"":""57.22"",""created_time"":""2026-04-28T05:16:10.318312Z"",""no_price_dollars"":""0.4100"",""taker_side"":""yes"",""ticker"":""KXETH15M-26APR280130-30"",""trade_id"":""800c9c84-4b33-60ae-4cc1-753295f62f2a"",""yes_price_dollars"":""0.5900""}"
KXETH15M-26APR280130-30,7982703c-accf-6127-6167-8cf889c77c23,1777353370,0.58,10.0,yes,"{""count_fp"":""10.00"",""created_time"":""2026-04-28T05:16:10.318312Z"",""no_price_dollars"":""0.4200"",""taker_side"":""yes"",""ticker"":""KXETH15M-26APR280130-30"",""trade_id"":""7982703c-accf-6127-6167-8cf889c77c23"",""yes_price_dollars"":""0.5800""}"
KXETH15M-26APR280130-30,7077c2b5-7cc5-6bd2-45c5-b836a9eab2ff,1777353370,0.55,3.0,yes,"{""count_fp"":""3.00"",""created_time"":""2026-04-28T05:16:10.318312Z"",""no_price_dollars"":""0.4500"",""taker_side"":""yes"",""ticker"":""KXETH15M-26APR280130-30"",""trade_id"":""7077c2b5-7cc5-6bd2-45c5-b836a9eab2ff"",""yes_price_dollars"":""0.5500""}"
KXETH15M-26APR280130-30,2876239a-ecce-6f89-460c-0599af212356,1777353370,0.53,0.78,yes,"{""count_fp"":""0.78"",""created_time"":""2026-04-28T05:16:10.318312Z"",""no_price_dollars"":""0.4700"",""taker_side"":""yes"",""ticker"":""KXETH15M-26APR280130-30"",""trade_id"":""2876239a-ecce-6f89-460c-0599af212356"",""yes_price_dollars"":""0.5300""}"
KXETH15M-26APR280130-30,c17160f1-e178-6536-a42d-b2f1fd6fb593,1777353375,0.52,16.06,no,"{""count_fp"":""16.06"",""created_time"":""2026-04-28T05:16:15.873088Z"",""no_price_dollars"":""0.4800"",""taker_side"":""no"",""ticker"":""KXETH15M-26APR280130-30"",""trade_id"":""c17160f1-e178-6536-a42d-b2f1fd6fb593"",""yes_price_dollars"":""0.5200""}"
KXETH15M-26APR280130-30,a2ec9da3-8cb4-490e-06fa-c765b891a107,1777353380,0.52,10.05,no,"{""count_fp"":""10.05"",""created_time"":""2026-04-28T05:16:20.350787Z"",""no_price_dollars"":""0.4800"",""taker_side"":""no"",""ticker"":""KXETH15M-26APR280130-30"",""trade_id"":""a2ec9da3-8cb4-490e-06fa-c765b891a107"",""yes_price_dollars"":""0.5200""}"
KXETH15M-26APR280130-30,9cbf84b6-fccb-7e32-cefb-f9219dde1fa4,1777353382,0.5,1.0,no,"{""count_fp"":""1.00"",""created_time"":""2026-04-28T05:16:22.540905Z"",""no_price_dollars"":""0.5000"",""taker_side"":""no"",""ticker"":""KXETH15M-26APR280130-30"",""trade_id"":""9cbf84b6-fccb-7e32-cefb-f9219dde1fa4"",""yes_price_dollars"":""0.5000""}"
KXETH15M-26APR280130-30,9ce4f470-3fa0-7644-f48b-ce8d5bf249a3,1777353385,0.47,8.1,no,"{""count_fp"":""8.10"",""created_time"":""2026-04-28T05:16:25.332165Z"",""no_price_dollars"":""0.5300"",""taker_side"":""no"",""ticker"":""KXETH15M-26APR280130-30"",""trade_id"":""9ce4f470-3fa0-7644-f48b-ce8d5bf249a3"",""yes_price_dollars"":""0.4700""}"
KXETH15M-26APR280130-30,771c109e-e438-7d50-f509-c05eaf7a9572,1777353385,0.47,10.0,no,"{""count_fp"":""10.00"",""created_time"":""2026-04-28T05:16:25.332165Z"",""no_price_dollars"":""0.5300"",""taker_side"":""no"",""ticker"":""KXETH15M-26APR280130-30"",""trade_id"":""771c109e-e438-7d50-f509-c05eaf7a9572"",""yes_price_dollars"":""0.4700""}"
KXETH15M-26APR280130-30,58483e9b-9585-6531-d56f-61023e76bb22,1777353391,0.46,1.0,no,"{""count_fp"":""1.00"",""created_time"":""2026-04-28T05:16:31.648507Z"",""no_price_dollars"":""0.5400"",""taker_side"":""no"",""ticker"":""KXETH15M-26APR280130-30"",""trade_id"":""58483e9b-9585-6531-d56f-61023e76bb22"",""yes_price_dollars"":""0.4600""}"
KXETH15M-26APR280130-30,1e807447-64e8-6b37-d0b7-be170894ab3e,1777353396,0.46,55.7,no,"{""count_fp"":""55.70"",""created_time"":""2026-04-28T05:16:36.184209Z"",""no_price_dollars"":""0.5400"",""taker_side"":""no"",""ticker"":""KXETH15M-26APR280130-30"",""trade_id"":""1e807447-64e8-6b37-d0b7-be170894ab3e"",""yes_price_dollars"":""0.4600""}"
KXETH15M-26APR280130-30,9ebfb1a8-9b60-4bc7-2722-042d30e7daa6,1777353396,0.46,1.0,no,"{""count_fp"":""1.00"",""created_time"":""2026-04-28T05:16:36.105017Z"",""no_price_dollars"":""0.5400"",""taker_side"":""no"",""ticker"":""KXETH15M-26APR280130-30"",""trade_id"":""9ebfb1a8-9b60-4bc7-2722-042d30e7daa6"",""yes_price_dollars"":""0.4600""}"
KXETH15M-26APR280130-30,e93b3a4d-56eb-43bc-7dcb-2d328f302b1b,1777353398,0.5,1.0,yes,"{""count_fp"":""1.00"",""created_time"":""2026-04-28T05:16:38.102818Z"",""no_price_dollars"":""0.5000"",""taker_side"":""yes"",""ticker"":""KXETH15M-26APR280130-30"",""trade_id"":""e93b3a4d-56eb-43bc-7dcb-2d328f302b1b"",""yes_price_dollars"":""0.5000""}"
KXETH15M-26APR280130-30,88cb0b4c-bcf1-4404-514f-c4f2953e01d2,1777353398,0.47,5.0,yes,"{""count_fp"":""5.00"",""created_time"":""2026-04-28T05:16:38.102818Z"",""no_price_dollars"":""0.5300"",""taker_side"":""yes"",""ticker"":""KXETH15M-26APR280130-30"",""trade_id"":""88cb0b4c-bcf1-4404-514f-c4f2953e01d2"",""yes_price_dollars"":""0.4700""}"
KXETH15M-26APR280130-30,565d54a3-7654-50b0-3614-847a3f5c352f,1777353401,0.48,10.0,no,"{""count_fp"":""10.00"",""created_time"":""2026-04-28T05:16:41.626611Z"",""no_price_dollars"":""0.5200"",""taker_side"":""no"",""ticker"":""KXETH15M-26APR280130-30"",""trade_id"":""565d54a3-7654-50b0-3614-847a3f5c352f"",""yes_price_dollars"":""0.4800""}"
KXETH15M-26APR280130-30,36014c87-5678-577a-375f-c7ff4c5826fb,1777353401,0.48,5.02,no,"{""count_fp"":""5.02"",""created_time"":""2026-04-28T05:16:41.626611Z"",""no_price_dollars"":""0.5200"",""taker_side"":""no"",""ticker"":""KXETH15M-26APR280130-30"",""trade_id"":""36014c87-5678-577a-375f-c7ff4c5826fb"",""yes_price_dollars"":""0.4800""}"
KXETH15M-26APR280130-30,34ca9ded-5308-51b7-39e5-3fa094a0dd1a,1777353401,0.48,1.0,no,"{""count_fp"":""1.00"",""created_time"":""2026-04-28T05:16:41.626611Z"",""no_price_dollars"":""0.5200"",""taker_side"":""no"",""ticker"":""KXETH15M-26APR280130-30"",""trade_id"":""34ca9ded-5308-51b7-39e5-3fa094a0dd1a"",""yes_price_dollars"":""0.4800""}"
KXETH15M-26APR280130-30,d22e2056-f2b9-6837-35e2-3c5227521cc9,1777353401,0.49,9.13,no,"{""count_fp"":""9.13"",""created_time"":""2026-04-28T05:16:41.524628Z"",""no_price_dollars"":""0.5100"",""taker_side"":""no"",""ticker"":""KXETH15M-26APR280130-30"",""trade_id"":""d22e2056-f2b9-6837-35e2-3c5227521cc9"",""yes_price_dollars"":""0.4900""}"
KXETH15M-26APR280130-30,2174547c-2bdc-4b16-2d3e-49ca4ec9d0ab,1777353411,0.48,1.0,no,"{""count_fp"":""1.00"",""created_time"":""2026-04-28T05:16:51.404585Z"",""no_price_dollars"":""0.5200"",""taker_side"":""no"",""ticker"":""KXETH15M-26APR280130-30"",""trade_id"":""2174547c-2bdc-4b16-2d3e-49ca4ec9d0ab"",""yes_price_dollars"":""0.4800""}"
KXETH15M-26APR280130-30,74129f78-2858-49c2-75be-0e50e87e67cb,1777353417,0.48,18.6,no,"{""count_fp"":""18.60"",""created_time"":""2026-04-28T05:16:57.129241Z"",""no_price_dollars"":""0.5200"",""taker_side"":""no"",""ticker"":""KXETH15M-26APR280130-30"",""trade_id"":""74129f78-2858-49c2-75be-0e50e87e67cb"",""yes_price_dollars"":""0.4800""}"
KXETH15M-26APR280130-30,628347db-78a4-7c77-983a-3a5c3e783546,1777353421,0.49,7.39,yes,"{""count_fp"":""7.39"",""created_time"":""2026-04-28T05:17:01.599629Z"",""no_price_dollars"":""0.5100"",""taker_side"":""yes"",""ticker"":""KXETH15M-26APR280130-30"",""trade_id"":""628347db-78a4-7c77-983a-3a5c3e783546"",""yes_price_dollars"":""0.4900""}"
KXETH15M-26APR280130-30,577d49c0-df44-7f02-b07f-0a7bcd2f6ff7,1777353421,0.49,10.0,yes,"{""count_fp"":""10.00"",""created_time"":""2026-04-28T05:17:01.599629Z"",""no_price_dollars"":""0.5100"",""taker_side"":""yes"",""ticker"":""KXETH15M-26APR280130-30"",""trade_id"":""577d49c0-df44-7f02-b07f-0a7bcd2f6ff7"",""yes_price_dollars"":""0.4900""}"
KXETH15M-26APR280130-30,5e8a64e9-df57-59b3-5ba6-26e4d994a28c,1777353423,0.49,5.0,yes,"{""count_fp"":""5.00"",""created_time"":""2026-04-28T05:17:03.640336Z"",""no_price_dollars"":""0.5100"",""taker_side"":""yes"",""ticker"":""KXETH15M-26APR280130-30"",""trade_id"":""5e8a64e9-df57-59b3-5ba6-26e4d994a28c"",""yes_price_dollars"":""0.4900""}"
KXETH15M-26APR280130-30,dbf560e9-ae43-72c7-d9c1-f7074ee8e65d,1777353424,0.49,10.0,yes,"{""count_fp"":""10.00"",""created_time"":""2026-04-28T05:17:04.597119Z"",""no_price_dollars"":""0.5100"",""taker_side"":""yes"",""ticker"":""KXETH15M-26APR280130-30"",""trade_id"":""dbf560e9-ae43-72c7-d9c1-f7074ee8e65d"",""yes_price_dollars"":""0.4900""}"
KXETH15M-26APR280130-30,bb51db44-5c81-7a87-e91b-ccb6373d3dd3,1777353424,0.49,10.58,yes,"{""count_fp"":""10.58"",""created_time"":""2026-04-28T05:17:04.597119Z"",""no_price_dollars"":""0.5100"",""taker_side"":""yes"",""ticker"":""KXETH15M-26APR280130-30"",""trade_id"":""bb51db44-5c81-7a87-e91b-ccb6373d3dd3"",""yes_price_dollars"":""0.4900""}"
KXETH15M-26APR280130-30,3a954fad-f837-7fe4-eed4-1c7d7730232f,1777353424,0.5,30.2,yes,"{""count_fp"":""30.20"",""created_time"":""2026-04-28T05:17:04.597119Z"",""no_price_dollars"":""0.5000"",""taker_side"":""yes"",""ticker"":""KXETH15M-26APR280130-30"",""trade_id"":""3a954fad-f837-7fe4-eed4-1c7d7730232f"",""yes_price_dollars"":""0.5000""}"
KXETH15M-26APR280130-30,d2383916-1d54-5edd-a64d-5d55f11e5b2e,1777353432,0.44,3.63,no,"{""count_fp"":""3.63"",""created_time"":""2026-04-28T05:17:12.060054Z"",""no_price_dollars"":""0.5600"",""taker_side"":""no"",""ticker"":""KXETH15M-26APR280130-30"",""trade_id"":""d2383916-1d54-5edd-a64d-5d55f11e5b2e"",""yes_price_dollars"":""0.4400""}"
KXETH15M-26APR280130-30,b9eb05c1-a354-5372-d2f5-5f67c274a694,1777353435,0.44,0.48,yes,"{""count_fp"":""0.48"",""created_time"":""2026-04-28T05:17:15.179644Z"",""no_price_dollars"":""0.5600"",""taker_side"":""yes"",""ticker"":""KXETH15M-26APR280130-30"",""trade_id"":""b9eb05c1-a354-5372-d2f5-5f67c274a694"",""yes_price_dollars"":""0.4400""}"
KXETH15M-26APR280130-30,2283736b-4bea-4b9e-e1f6-7ab693ec1833,1777353436,0.4,1.0,no,"{""count_fp"":""1.00"",""created_time"":""2026-04-28T05:17:16.870929Z"",""no_price_dollars"":""0.6000"",""taker_side"":""no"",""ticker"":""KXETH15M-26APR280130-30"",""trade_id"":""2283736b-4bea-4b9e-e1f6-7ab693ec1833"",""yes_price_dollars"":""0.4000""}"
KXETH15M-26APR280130-30,fcc8b47a-b7a5-6e4e-c7e6-5629ee9b19c6,1777353437,0.39,10.0,no,"{""count_fp"":""10.00"",""created_time"":""2026-04-28T05:17:17.445425Z"",""no_price_dollars"":""0.6100"",""taker_side"":""no"",""ticker"":""KXETH15M-26APR280130-30"",""trade_id"":""fcc8b47a-b7a5-6e4e-c7e6-5629ee9b19c6"",""yes_price_dollars"":""0.3900""}"
KXETH15M-26APR280130-30,4376e6e0-9a82-6fda-c459-a4975e48aea7,1777353437,0.4,4.0,no,"{""count_fp"":""4.00"",""created_time"":""2026-04-28T05:17:17.445425Z"",""no_price_dollars"":""0.6000"",""taker_side"":""no"",""ticker"":""KXETH15M-26APR280130-30"",""trade_id"":""4376e6e0-9a82-6fda-c459-a4975e48aea7"",""yes_price_dollars"":""0.4000""}"
KXETH15M-26APR280130-30,d63fe48d-5ac5-5525-209c-72115564443c,1777353439,0.36,14.24,no,"{""count_fp"":""14.24"",""created_time"":""2026-04-28T05:17:19.375958Z"",""no_price_dollars"":""0.6400"",""taker_side"":""no"",""ticker"":""KXETH15M-26APR280130-30"",""trade_id"":""d63fe48d-5ac5-5525-209c-72115564443c"",""yes_price_dollars"":""0.3600""}"
KXETH15M-26APR280130-30,ae889875-7687-5b17-2b30-2c5e4bec75fa,1777353439,0.36,1.0,no,"{""count_fp"":""1.00"",""created_time"":""2026-04-28T05:17:19.375958Z"",""no_price_dollars"":""0.6400"",""taker_side"":""no"",""ticker"":""KXETH15M-26APR280130-30"",""trade_id"":""ae889875-7687-5b17-2b30-2c5e4bec75fa"",""yes_price_dollars"":""0.3600""}"
KXETH15M-26APR280130-30,b2fdd54b-70c9-6d61-315e-cf78cbc8c388,1777353442,0.36,2.0,no,"{""count_fp"":""2.00"",""created_time"":""2026-04-28T05:17:22.109977Z"",""no_price_dollars"":""0.6400"",""taker_side"":""no"",""ticker"":""KXETH15M-26APR280130-30"",""trade_id"":""b2fdd54b-70c9-6d61-315e-cf78cbc8c388"",""yes_price_dollars"":""0.3600""}"
KXETH15M-26APR280130-30,0a81181c-dde8-6922-3552-c18a92aa7912,1777353442,0.37,2.0,no,"{""count_fp"":""2.00"",""created_time"":""2026-04-28T05:17:22.109977Z"",""no_price_dollars"":""0.6300"",""taker_side"":""no"",""ticker"":""KXETH15M-26APR280130-30"",""trade_id"":""0a81181c-dde8-6922-3552-c18a92aa7912"",""yes_price_dollars"":""0.3700""}"
KXETH15M-26APR280130-30,0576194a-0b99-6446-0d06-71ea6211de8e,1777353442,0.36,1.0,no,"{""count_fp"":""1.00"",""created_time"":""2026-04-28T05:17:22.109977Z"",""no_price_dollars"":""0.6400"",""taker_side"":""no"",""ticker"":""KXETH15M-26APR280130-30"",""trade_id"":""0576194a-0b99-6446-0d06-71ea6211de8e"",""yes_price_dollars"":""0.3600""}"
KXETH15M-26APR280130-30,7c9706e8-ea05-50fd-2e7c-638cd230a078,1777353444,0.39,1.0,no,"{""count_fp"":""1.00"",""created_time"":""2026-04-28T05:17:24.024946Z"",""no_price_dollars"":""0.6100"",""taker_side"":""no"",""ticker"":""KXETH15M-26APR280130-30"",""trade_id"":""7c9706e8-ea05-50fd-2e7c-638cd230a078"",""yes_price_dollars"":""0.3900""}"
KXETH15M-26APR280130-30,577a1bca-4f14-5a48-2117-055fecdf4f93,1777353444,0.39,1.0,no,"{""count_fp"":""1.00"",""created_time"":""2026-04-28T05:17:24.024946Z"",""no_price_dollars"":""0.6100"",""taker_side"":""no"",""ticker"":""KXETH15M-26APR280130-30"",""trade_id"":""577a1bca-4f14-5a48-2117-055fecdf4f93"",""yes_price_dollars"":""0.3900""}"
KXETH15M-26APR280130-30,e79ac11a-86b4-4b85-4baa-b4e7944ab5f7,1777353446,0.39,3.0,no,"{""count_fp"":""3.00"",""created_time"":""2026-04-28T05:17:26.752777Z"",""no_price_dollars"":""0.6100"",""taker_side"":""no"",""ticker"":""KXETH15M-26APR280130-30"",""trade_id"":""e79ac11a-86b4-4b85-4baa-b4e7944ab5f7"",""yes_price_dollars"":""0.3900""}"
KXETH15M-26APR280130-30,27af1d43-f858-5591-578b-dc8535297ceb,1777353446,0.39,3.0,no,"{""count_fp"":""3.00"",""created_time"":""2026-04-28T05:17:26.613763Z"",""no_price_dollars"":""0.6100"",""taker_side"":""no"",""ticker"":""KXETH15M-26APR280130-30"",""trade_id"":""27af1d43-f858-5591-578b-dc8535297ceb"",""yes_price_dollars"":""0.3900""}"
KXETH15M-26APR280130-30,da2f7380-7ad8-4f5d-b855-031e520e7d2b,1777353446,0.39,2.04,no,"{""count_fp"":""2.04"",""created_time"":""2026-04-28T05:17:26.465452Z"",""no_price_dollars"":""0.6100"",""taker_side"":""no"",""ticker"":""KXETH15M-26APR280130-30"",""trade_id"":""da2f7380-7ad8-4f5d-b855-031e520e7d2b"",""yes_price_dollars"":""0.3900""}"
KXETH15M-26APR280130-30,a1a2c684-4fc8-405d-bd6e-2194df803217,1777353446,0.39,1.0,no,"{""count_fp"":""1.00"",""created_time"":""2026-04-28T05:17:26.465452Z"",""no_price_dollars"":""0.6100"",""taker_side"":""no"",""ticker"":""KXETH15M-26APR280130-30"",""trade_id"":""a1a2c684-4fc8-405d-bd6e-2194df803217"",""yes_price_dollars"":""0.3900""}"
KXETH15M-26APR280130-30,c8551323-1a19-57f1-31a5-18c52f71245e,1777353448,0.39,10.0,no,"{""count_fp"":""10.00"",""created_time"":""2026-04-28T05:17:28.982457Z"",""no_price_dollars"":""0.6100"",""taker_side"":""no"",""ticker"":""KXETH15M-26APR280130-30"",""trade_id"":""c8551323-1a19-57f1-31a5-18c52f71245e"",""yes_price_dollars"":""0.3900""}"
KXETH15M-26APR280130-30,075ca61b-8ffb-5a60-21b1-320f105cd907,1777353448,0.38,1.0,no,"{""count_fp"":""1.00"",""created_time"":""2026-04-28T05:17:28.982457Z"",""no_price_dollars"":""0.6200"",""taker_side"":""no"",""ticker"":""KXETH15M-26APR280130-30"",""trade_id"":""075ca61b-8ffb-5a60-21b1-320f105cd907"",""yes_price_dollars"":""0.3800""}"
KXETH15M-26APR280130-30,06ea304d-38cd-51dd-1d2f-b0cc62f3796c,1777353448,0.38,1.35,no,"{""count_fp"":""1.35"",""created_time"":""2026-04-28T05:17:28.982457Z"",""no_price_dollars"":""0.6200"",""taker_side"":""no"",""ticker"":""KXETH15M-26APR280130-30"",""trade_id"":""06ea304d-38cd-51dd-1d2f-b0cc62f3796c"",""yes_price_dollars"":""0.3800""}"
KXETH15M-26APR280130-30,02225880-2ce8-5eed-07c1-a3cf4f0a8fe3,1777353448,0.39,1.96,no,"{""count_fp"":""1.96"",""created_time"":""2026-04-28T05:17:28.982457Z"",""no_price_dollars"":""0.6100"",""taker_side"":""no"",""ticker"":""KXETH15M-26APR280130-30"",""trade_id"":""02225880-2ce8-5eed-07c1-a3cf4f0a8fe3"",""yes_price_dollars"":""0.3900""}"
KXETH15M-26APR280130-30,da3447c7-8638-67eb-b4b2-248dc7eea0b4,1777353453,0.4,5.58,yes,"{""count_fp"":""5.58"",""created_time"":""2026-04-28T05:17:33.613474Z"",""no_price_dollars"":""0.6000"",""taker_side"":""yes"",""ticker"":""KXETH15M-26APR280130-30"",""trade_id"":""da3447c7-8638-67eb-b4b2-248dc7eea0b4"",""yes_price_dollars"":""0.4000""}"
KXETH15M-26APR280130-30,5e386759-64b3-73bd-5896-cd901c4e3c7c,1777353457,0.39,10.0,no,"{""count_fp"":""10.00"",""created_time"":""2026-04-28T05:17:37.006806Z"",""no_price_dollars"":""0.6100"",""taker_side"":""no"",""ticker"":""KXETH15M-26APR280130-30"",""trade_id"":""5e386759-64b3-73bd-5896-cd901c4e3c7c"",""yes_price_dollars"":""0.3900""}"
KXETH15M-26APR280130-30,fc789f0c-b757-5e0a-0434-bd81e4f4b102,1777353459,0.39,2.39,yes,"{""count_fp"":""2.39"",""created_time"":""2026-04-28T05:17:39.739608Z"",""no_price_dollars"":""0.6100"",""taker_side"":""yes"",""ticker"":""KXETH15M-26APR280130-30"",""trade_id"":""fc789f0c-b757-5e0a-0434-bd81e4f4b102"",""yes_price_dollars"":""0.3900""}"
KXETH15M-26APR280130-30,bd1c18b1-b1dd-4128-a869-509cb8fc24f4,1777353459,0.37,15.47,no,"{""count_fp"":""15.47"",""created_time"":""2026-04-28T05:17:39.368976Z"",""no_price_dollars"":""0.6300"",""taker_side"":""no"",""ticker"":""KXETH15M-26APR280130-30"",""trade_id"":""bd1c18b1-b1dd-4128-a869-509cb8fc24f4"",""yes_price_dollars"":""0.3700""}"
KXETH15M-26APR280130-30,7116f86a-04f4-62f3-27f8-69b2fe0382f8,1777353459,0.4,1.99,yes,"{""count_fp"":""1.99"",""created_time"":""2026-04-28T05:17:39.194642Z"",""no_price_dollars"":""0.6000"",""taker_side"":""yes"",""ticker"":""KXETH15M-26APR280130-30"",""trade_id"":""7116f86a-04f4-62f3-27f8-69b2fe0382f8"",""yes_price_dollars"":""0.4000""}"
KXETH15M-26APR280130-30,0293d848-bcd4-6057-3a7c-63689cb9be04,1777353459,0.39,10.0,yes,"{""count_fp"":""10.00"",""created_time"":""2026-04-28T05:17:39.194642Z"",""no_price_dollars"":""0.6100"",""taker_side"":""yes"",""ticker"":""KXETH15M-26APR280130-30"",""trade_id"":""0293d848-bcd4-6057-3a7c-63689cb9be04"",""yes_price_dollars"":""0.3900""}"
KXETH15M-26APR280130-30,c084844e-7989-596c-e466-a8e464033388,1777353459,0.37,1.0,no,"{""count_fp"":""1.00"",""created_time"":""2026-04-28T05:17:39.151037Z"",""no_price_dollars"":""0.6300"",""taker_side"":""no"",""ticker"":""KXETH15M-26APR280130-30"",""trade_id"":""c084844e-7989-596c-e466-a8e464033388"",""yes_price_dollars"":""0.3700""}"
KXETH15M-26APR280130-30,808a62ab-6805-77f0-ce48-ef383bb550c8,1777353460,0.37,23.2,no,"{""count_fp"":""23.20"",""created_time"":""2026-04-28T05:17:40.707475Z"",""no_price_dollars"":""0.6300"",""taker_side"":""no"",""ticker"":""KXETH15M-26APR280130-30"",""trade_id"":""808a62ab-6805-77f0-ce48-ef383bb550c8"",""yes_price_dollars"":""0.3700""}"
KXETH15M-26APR280130-30,d994c238-1165-6dc8-6499-5ff68bad613c,1777353460,0.37,72.0,no,"{""count_fp"":""72.00"",""created_time"":""2026-04-28T05:17:40.537484Z"",""no_price_dollars"":""0.6300"",""taker_side"":""no"",""ticker"":""KXETH15M-26APR280130-30"",""trade_id"":""d994c238-1165-6dc8-6499-5ff68bad613c"",""yes_price_dollars"":""0.3700""}"
KXETH15M-26APR280130-30,31466703-8dcd-673d-7cb7-45b78a063da0,1777353460,0.38,10.0,no,"{""count_fp"":""10.00"",""created_time"":""2026-04-28T05:17:40.537484Z"",""no_price_dollars"":""0.6200"",""taker_side"":""no"",""ticker"":""KXETH15M-26APR280130-30"",""trade_id"":""31466703-8dcd-673d-7cb7-45b78a063da0"",""yes_price_dollars"":""0.3800""}"
KXETH15M-26APR280130-30,afe3a2c7-ebf5-4d28-d779-0f178becfa2c,1777353461,0.37,1.0,no,"{""count_fp"":""1.00"",""created_time"":""2026-04-28T05:17:41.152281Z"",""no_price_dollars"":""0.6300"",""taker_side"":""no"",""ticker"":""KXETH15M-26APR280130-30"",""trade_id"":""afe3a2c7-ebf5-4d28-d779-0f178becfa2c"",""yes_price_dollars"":""0.3700""}"
KXETH15M-26APR280130-30,3b8fecc6-1631-6538-4a1f-3e12339c26f0,1777353462,0.37,15.46,no,"{""count_fp"":""15.46"",""created_time"":""2026-04-28T05:17:42.989127Z"",""no_price_dollars"":""0.6300"",""taker_side"":""no"",""ticker"":""KXETH15M-26APR280130-30"",""trade_id"":""3b8fecc6-1631-6538-4a1f-3e12339c26f0"",""yes_price_dollars"":""0.3700""}"
KXETH15M-26APR280130-30,93e9fa98-3b41-7f5c-4c69-cff6aa752fe8,1777353462,0.37,3.09,no,"{""count_fp"":""3.09"",""created_time"":""2026-04-28T05:17:42.550283Z"",""no_price_dollars"":""0.6300"",""taker_side"":""no"",""ticker"":""KXETH15M-26APR280130-30"",""trade_id"":""93e9fa98-3b41-7f5c-4c69-cff6aa752fe8"",""yes_price_dollars"":""0.3700""}"
KXETH15M-26APR280130-30,331340d5-cc11-5098-10ff-5195806bd6d0,1777353464,0.37,1.0,no,"{""count_fp"":""1.00"",""created_time"":""2026-04-28T05:17:44.660152Z"",""no_price_dollars"":""0.6300"",""taker_side"":""no"",""ticker"":""KXETH15M-26APR280130-30"",""trade_id"":""331340d5-cc11-5098-10ff-5195806bd6d0"",""yes_price_dollars"":""0.3700""}"
KXETH15M-26APR280130-30,b9d24821-62d1-6740-50ba-c75e306421ec,1777353464,0.37,3.09,no,"{""count_fp"":""3.09"",""created_time"":""2026-04-28T05:17:44.563819Z"",""no_price_dollars"":""0.6300"",""taker_side"":""no"",""ticker"":""KXETH15M-26APR280130-30"",""trade_id"":""b9d24821-62d1-6740-50ba-c75e306421ec"",""yes_price_dollars"":""0.3700""}"
KXETH15M-26APR280130-30,9bd5dac8-e1ad-7088-6b71-6d47c2d7f4ec,1777353464,0.37,4.64,no,"{""count_fp"":""4.64"",""created_time"":""2026-04-28T05:17:44.311023Z"",""no_price_dollars"":""0.6300"",""taker_side"":""no"",""ticker"":""KXETH15M-26APR280130-30"",""trade_id"":""9bd5dac8-e1ad-7088-6b71-6d47c2d7f4ec"",""yes_price_dollars"":""0.3700""}"
KXETH15M-26APR280130-30,45f71cd1-e965-7a84-54c0-d7dea206a9f8,1777353464,0.37,25.0,no,"{""count_fp"":""25.00"",""created_time"":""2026-04-28T05:17:44.270349Z"",""no_price_dollars"":""0.6300"",""taker_side"":""no"",""ticker"":""KXETH15M-26APR280130-30"",""trade_id"":""45f71cd1-e965-7a84-54c0-d7dea206a9f8"",""yes_price_dollars"":""0.3700""}"
KXETH15M-26APR280130-30,be09aaeb-7cbe-5a97-f67e-d70620a744d1,1777353465,0.37,5.0,no,"{""count_fp"":""5.00"",""created_time"":""2026-04-28T05:17:45.084566Z"",""no_price_dollars"":""0.6300"",""taker_side"":""no"",""ticker"":""KXETH15M-26APR280130-30"",""trade_id"":""be09aaeb-7cbe-5a97-f67e-d70620a744d1"",""yes_price_dollars"":""0.3700""}"
KXETH15M-26APR280130-30,8708efb1-17cd-5411-e922-26d671c29ffc,1777353465,0.34,2.95,no,"{""count_fp"":""2.95"",""created_time"":""2026-04-28T05:17:45.084566Z"",""no_price_dollars"":""0.6600"",""taker_side"":""no"",""ticker"":""KXETH15M-26APR280130-30"",""trade_id"":""8708efb1-17cd-5411-e922-26d671c29ffc"",""yes_price_dollars"":""0.3400""}"
KXETH15M-26APR280130-30,7441d433-6bcb-55e8-c4d5-d86dee47ae32,1777353465,0.37,10.0,no,"{""count_fp"":""10.00"",""created_time"":""2026-04-28T05:17:45.084566Z"",""no_price_dollars"":""0.6300"",""taker_side"":""no"",""ticker"":""KXETH15M-26APR280130-30"",""trade_id"":""7441d433-6bcb-55e8-c4d5-d86dee47ae32"",""yes_price_dollars"":""0.3700""}"
KXETH15M-26APR280130-30,6a74595a-89d2-5f6c-d649-d9158accaf00,1777353465,0.34,1.0,no,"{""count_fp"":""1.00"",""created_time"":""2026-04-28T05:17:45.084566Z"",""no_price_dollars"":""0.6600"",""taker_side"":""no"",""ticker"":""KXETH15M-26APR280130-30"",""trade_id"":""6a74595a-89d2-5f6c-d649-d9158accaf00"",""yes_price_dollars"":""0.3400""}"
KXETH15M-26APR280130-30,5ce30e29-c751-5b08-e951-6ad1a03f2284,1777353465,0.37,135.05,no,"{""count_fp"":""135.05"",""created_time"":""2026-04-28T05:17:45.084566Z"",""no_price_dollars"":""0.6300"",""taker_side"":""no"",""ticker"":""KXETH15M-26APR280130-30"",""trade_id"":""5ce30e29-c751-5b08-e951-6ad1a03f2284"",""yes_price_dollars"":""0.3700""}"
KXETH15M-26APR280130-30,ae9db3b7-c467-4f32-8ce9-5046d7faf92b,1777353466,0.37,1.0,yes,"{""count_fp"":""1.00"",""created_time"":""2026-04-28T05:17:46.922097Z"",""no_price_dollars"":""0.6300"",""taker_side"":""yes"",""ticker"":""KXETH15M-26APR280130-30"",""trade_id"":""ae9db3b7-c467-4f32-8ce9-5046d7faf92b"",""yes_price_dollars"":""0.3700""}"
KXETH15M-26APR280130-30,1c64a5ca-858f-4d42-920a-cf8b500d554a,1777353466,0.38,0.19,yes,"{""count_fp"":""0.19"",""created_time"":""2026-04-28T05:17:46.922097Z"",""no_price_dollars"":""0.6200"",""taker_side"":""yes"",""ticker"":""KXETH15M-26APR280130-30"",""trade_id"":""1c64a5ca-858f-4d42-920a-cf8b500d554a"",""yes_price_dollars"":""0.3800""}"
KXETH15M-26APR280130-30,441c90f4-7883-6987-42b2-a04dc4d54886,1777353469,0.36,1.0,yes,"{""count_fp"":""1.00"",""created_time"":""2026-04-28T05:17:49.627201Z"",""no_price_dollars"":""0.6400"",""taker_side"":""yes"",""ticker"":""KXETH15M-26APR280130-30"",""trade_id"":""441c90f4-7883-6987-42b2-a04dc4d54886"",""yes_price_dollars"":""0.3600""}"
KXETH15M-26APR280130-30,380ee2de-540d-6846-7a35-c89cb8e160ae,1777353469,0.36,1.6,yes,"{""count_fp"":""1.60"",""created_time"":""2026-04-28T05:17:49.627201Z"",""no_price_dollars"":""0.6400"",""taker_side"":""yes"",""ticker"":""KXETH15M-26APR280130-30"",""trade_id"":""380ee2de-540d-6846-7a35-c89cb8e160ae"",""yes_price_dollars"":""0.3600""}"
KXETH15M-26APR280130-30,5a6df402-3c85-77d9-a9fc-cc8985234264,1777353470,0.33,79.51,no,"{""count_fp"":""79.51"",""created_time"":""2026-04-28T05:17:50.718319Z"",""no_price_dollars"":""0.6700"",""taker_side"":""no"",""ticker"":""KXETH15M-26APR280130-30"",""trade_id"":""5a6df402-3c85-77d9-a9fc-cc8985234264"",""yes_price_dollars"":""0.3300""}"
KXETH15M-26APR280130-30,83433981-fa9d-7939-0bc1-d8af60c6be3c,1777353470,0.33,20.83,no,"{""count_fp"":""20.83"",""created_time"":""2026-04-28T05:17:50.558762Z"",""no_price_dollars"":""0.6700"",""taker_side"":""no"",""ticker"":""KXETH15M-26APR280130-30"",""trade_id"":""83433981-fa9d-7939-0bc1-d8af60c6be3c"",""yes_price_dollars"":""0.3300""}"
KXETH15M-26APR280130-30,2018aac6-ef8a-7b6f-27c3-385d0cb94cb3,1777353470,0.34,10.0,no,"{""count_fp"":""10.00"",""created_time"":""2026-04-28T05:17:50.558762Z"",""no_price_dollars"":""0.6600"",""taker_side"":""no"",""ticker"":""KXETH15M-26APR280130-30"",""trade_id"":""2018aac6-ef8a-7b6f-27c3-385d0cb94cb3"",""yes_price_dollars"":""0.3400""}"
KXETH15M-26APR280130-30,1860dbdf-b651-7d6d-1020-6fce025ed92d,1777353470,0.34,9.17,no,"{""count_fp"":""9.17"",""created_time"":""2026-04-28T05:17:50.558762Z"",""no_price_dollars"":""0.6600"",""taker_side"":""no"",""ticker"":""KXETH15M-26APR280130-30"",""trade_id"":""1860dbdf-b651-7d6d-1020-6fce025ed92d"",""yes_price_dollars"":""0.3400""}"
KXETH15M-26APR280130-30,baa9b49a-6aae-5750-5dcb-412fac62f10e,1777353474,0.36,9.29,yes,"{""count_fp"":""9.29"",""created_time"":""2026-04-28T05:17:54.583412Z"",""no_price_dollars"":""0.6400"",""taker_side"":""yes"",""ticker"":""KXETH15M-26APR280130-30"",""trade_id"":""baa9b49a-6aae-5750-5dcb-412fac62f10e"",""yes_price_dollars"":""0.3600""}"
KXETH15M-26APR280130-30,77325df1-68ab-599b-58d0-36c8043be1f4,1777353474,0.36,1.0,yes,"{""count_fp"":""1.00"",""created_time"":""2026-04-28T05:17:54.583412Z"",""no_price_dollars"":""0.6400"",""taker_side"":""yes"",""ticker"":""KXETH15M-26APR280130-30"",""trade_id"":""77325df1-68ab-599b-58d0-36c8043be1f4"",""yes_price_dollars"":""0.3600""}"
KXETH15M-26APR280130-30,32354310-203a-5a95-4945-5bdc712db43a,1777353474,0.36,10.46,yes,"{""count_fp"":""10.46"",""created_time"":""2026-04-28T05:17:54.583412Z"",""no_price_dollars"":""0.6400"",""taker_side"":""yes"",""ticker"":""KXETH15M-26APR280130-30"",""trade_id"":""32354310-203a-5a95-4945-5bdc712db43a"",""yes_price_dollars"":""0.3600""}"
KXETH15M-26APR280130-30,79e5ffac-51d5-64cc-d54e-62eef88741c5,1777353474,0.35,1.0,yes,"{""count_fp"":""1.00"",""created_time"":""2026-04-28T05:17:54.172485Z"",""no_price_dollars"":""0.6500"",""taker_side"":""yes"",""ticker"":""KXETH15M-26APR280130-30"",""trade_id"":""79e5ffac-51d5-64cc-d54e-62eef88741c5"",""yes_price_dollars"":""0.3500""}"
KXETH15M-26APR280130-30,1725011c-bc57-58cb-3549-ca045cd4adef,1777353475,0.35,6.0,no,"{""count_fp"":""6.00"",""created_time"":""2026-04-28T05:17:55.837156Z"",""no_price_dollars"":""0.6500"",""taker_side"":""no"",""ticker"":""KXETH15M-26APR280130-30"",""trade_id"":""1725011c-bc57-58cb-3549-ca045cd4adef"",""yes_price_dollars"":""0.3500""}"
KXETH15M-26APR280130-30,cb243a40-5303-513b-0b05-43d94681cd35,1777353480,0.35,1.0,yes,"{""count_fp"":""1.00"",""created_time"":""2026-04-28T05:18:00.471736Z"",""no_price_dollars"":""0.6500"",""taker_side"":""yes"",""ticker"":""KXETH15M-26APR280130-30"",""trade_id"":""cb243a40-5303-513b-0b05-43d94681cd35"",""yes_price_dollars"":""0.3500""}"
KXETH15M-26APR280130-30,9b86467e-7301-4e7b-d0e7-081e210bcbe7,1777353481,0.29,8.0,no,"{""count_fp"":""8.00"",""created_time"":""2026-04-28T05:18:01.562776Z"",""no_price_dollars"":""0.7100"",""taker_side"":""no"",""ticker"":""KXETH15M-26APR280130-30"",""trade_id"":""9b86467e-7301-4e7b-d0e7-081e210bcbe7"",""yes_price_dollars"":""0.2900""}"
KXETH15M-26APR280130-30,7348f404-9f01-4b66-d9ea-2c3bf931fae0,1777353481,0.3,1.0,no,"{""count_fp"":""1.00"",""created_time"":""2026-04-28T05:18:01.562776Z"",""no_price_dollars"":""0.7000"",""taker_side"":""no"",""ticker"":""KXETH15M-26APR280130-30"",""trade_id"":""7348f404-9f01-4b66-d9ea-2c3bf931fae0"",""yes_price_dollars"":""0.3000""}"
KXETH15M-26APR280130-30,3d46c4f7-a13d-484e-f8f1-f4e7fffe9d94,1777353481,0.3,1.0,no,"{""count_fp"":""1.00"",""created_time"":""2026-04-28T05:18:01.562776Z"",""no_price_dollars"":""0.7000"",""taker_side"":""no"",""ticker"":""KXETH15M-26APR280130-30"",""trade_id"":""3d46c4f7-a13d-484e-f8f1-f4e7fffe9d94"",""yes_price_dollars"":""0.3000""}"
KXETH15M-26APR280130-30,fe30f9ee-96f5-592a-ae0e-fbbff6578b48,1777353481,0.3,1.0,no,"{""count_fp"":""1.00"",""created_time"":""2026-04-28T05:18:01.133296Z"",""no_price_dollars"":""0.7000"",""taker_side"":""no"",""ticker"":""KXETH15M-26APR280130-30"",""trade_id"":""fe30f9ee-96f5-592a-ae0e-fbbff6578b48"",""yes_price_dollars"":""0.3000""}"
KXETH15M-26APR280130-30,ad65478d-8c4c-5e66-d4e9-fde318982c79,1777353482,0.29,1.0,yes,"{""count_fp"":""1.00"",""created_time"":""2026-04-28T05:18:02.091873Z"",""no_price_dollars"":""0.7100"",""taker_side"":""yes"",""ticker"":""KXETH15M-26APR280130-30"",""trade_id"":""ad65478d-8c4c-5e66-d4e9-fde318982c79"",""yes_price_dollars"":""0.2900""}"
KXETH15M-26APR280130-30,652a630e-bbc8-5c77-f357-32275a850a13,1777353482,0.29,1.0,yes,"{""count_fp"":""1.00"",""created_time"":""2026-04-28T05:18:02.091873Z"",""no_price_dollars"":""0.7100"",""taker_side"":""yes"",""ticker"":""KXETH15M-26APR280130-30"",""trade_id"":""652a630e-bbc8-5c77-f357-32275a850a13"",""yes_price_dollars"":""0.2900""}"
KXETH15M-26APR280130-30,5b1cb59a-a16b-56c2-e438-3613a5e9d682,1777353482,0.33,22.0,yes,"{""count_fp"":""22.00"",""created_time"":""2026-04-28T05:18:02.091873Z"",""no_price_dollars"":""0.6700"",""taker_side"":""yes"",""ticker"":""KXETH15M-26APR280130-30"",""trade_id"":""5b1cb59a-a16b-56c2-e438-3613a5e9d682"",""yes_price_dollars"":""0.3300""}"
KXETH15M-26APR280130-30,cc04158e-ce4b-5fe9-f4ae-e40f9d605101,1777353483,0.28,5.0,no,"{""count_fp"":""5.00"",""created_time"":""2026-04-28T05:18:03.721445Z"",""no_price_dollars"":""0.7200"",""taker_side"":""no"",""ticker"":""KXETH15M-26APR280130-30"",""trade_id"":""cc04158e-ce4b-5fe9-f4ae-e40f9d605101"",""yes_price_dollars"":""0.2800""}"
KXETH15M-26APR280130-30,ed18df18-4cd4-5445-04dd-7e5401bef42d,1777353485,0.35,1.0,yes,"{""count_fp"":""1.00"",""created_time"":""2026-04-28T05:18:05.606652Z"",""no_price_dollars"":""0.6500"",""taker_side"":""yes"",""ticker"":""KXETH15M-26APR280130-30"",""trade_id"":""ed18df18-4cd4-5445-04dd-7e5401bef42d"",""yes_price_dollars"":""0.3500""}"
KXETH15M-26APR280130-30,d41b76ba-4db6-5e61-1117-cbb0bab5b067,1777353485,0.35,2.0,yes,"{""count_fp"":""2.00"",""created_time"":""2026-04-28T05:18:05.606652Z"",""no_price_dollars"":""0.6500"",""taker_side"":""yes"",""ticker"":""KXETH15M-26APR280130-30"",""trade_id"":""d41b76ba-4db6-5e61-1117-cbb0bab5b067"",""yes_price_dollars"":""0.3500""}"
KXETH15M-26APR280130-30,a6805d03-7ff1-5d9f-2295-10573263c671,1777353485,0.35,1.0,yes,"{""count_fp"":""1.00"",""created_time"":""2026-04-28T05:18:05.606652Z"",""no_price_dollars"":""0.6500"",""taker_side"":""yes"",""ticker"":""KXETH15M-26APR280130-30"",""trade_id"":""a6805d03-7ff1-5d9f-2295-10573263c671"",""yes_price_dollars"":""0.3500""}"
KXETH15M-26APR280130-30,4bf4a254-efbe-5149-2909-5c46d6674355,1777353485,0.35,1.0,yes,"{""count_fp"":""1.00"",""created_time"":""2026-04-28T05:18:05.606652Z"",""no_price_dollars"":""0.6500"",""taker_side"":""yes"",""ticker"":""KXETH15M-26APR280130-30"",""trade_id"":""4bf4a254-efbe-5149-2909-5c46d6674355"",""yes_price_dollars"":""0.3500""}"
KXETH15M-26APR280130-30,c7dbdf16-813a-59dd-e9bd-a998ecaf54f0,1777353485,0.34,1.0,yes,"{""count_fp"":""1.00"",""created_time"":""2026-04-28T05:18:05.535695Z"",""no_price_dollars"":""0.6600"",""taker_side"":""yes"",""ticker"":""KXETH15M-26APR280130-30"",""trade_id"":""c7dbdf16-813a-59dd-e9bd-a998ecaf54f0"",""yes_price_dollars"":""0.3400""}"
KXETH15M-26APR280130-30,91ea92ba-0f1b-53ea-c4bf-b3f88fde6808,1777353485,0.33,1.0,yes,"{""count_fp"":""1.00"",""created_time"":""2026-04-28T05:18:05.535695Z"",""no_price_dollars"":""0.6700"",""taker_side"":""yes"",""ticker"":""KXETH15M-26APR280130-30"",""trade_id"":""91ea92ba-0f1b-53ea-c4bf-b3f88fde6808"",""yes_price_dollars"":""0.3300""}"
KXETH15M-26APR280130-30,52d54ad1-411e-55af-d2f5-000945516610,1777353485,0.34,1.0,yes,"{""count_fp"":""1.00"",""created_time"":""2026-04-28T05:18:05.535695Z"",""no_price_dollars"":""0.6600"",""taker_side"":""yes"",""ticker"":""KXETH15M-26APR280130-30"",""trade_id"":""52d54ad1-411e-55af-d2f5-000945516610"",""yes_price_dollars"":""0.3400""}"
KXETH15M-26APR280130-30,21e43832-9aab-5e99-f3b6-1cec3f0f4649,1777353485,0.33,1.0,yes,"{""count_fp"":""1.00"",""created_time"":""2026-04-28T05:18:05.535695Z"",""no_price_dollars"":""0.6700"",""taker_side"":""yes"",""ticker"":""KXETH15M-26APR280130-30"",""trade_id"":""21e43832-9aab-5e99-f3b6-1cec3f0f4649"",""yes_price_dollars"":""0.3300""}"
KXETH15M-26APR280130-30,be8b88cd-a19a-6d6a-6a5a-afd78ef7af5f,1777353485,0.3,1.0,no,"{""count_fp"":""1.00"",""created_time"":""2026-04-28T05:18:05.302034Z"",""no_price_dollars"":""0.7000"",""taker_side"":""no"",""ticker"":""KXETH15M-26APR280130-30"",""trade_id"":""be8b88cd-a19a-6d6a-6a5a-afd78ef7af5f"",""yes_price_dollars"":""0.3000""}"
KXETH15M-26APR280130-30,435a2dab-6f1d-63e0-7690-6b739867aa83,1777353485,0.3,3.1,no,"{""count_fp"":""3.10"",""created_time"":""2026-04-28T05:18:05.302034Z"",""no_price_dollars"":""0.7000"",""taker_side"":""no"",""ticker"":""KXETH15M-26APR280130-30"",""trade_id"":""435a2dab-6f1d-63e0-7690-6b739867aa83"",""yes_price_dollars"":""0.3000""}"
KXETH15M-26APR280130-30,419c6ae2-dc88-6371-7c30-b02481825539,1777353485,0.31,10.0,no,"{""count_fp"":""10.00"",""created_time"":""2026-04-28T05:18:05.302034Z"",""no_price_dollars"":""0.6900"",""taker_side"":""no"",""ticker"":""KXETH15M-26APR280130-30"",""trade_id"":""419c6ae2-dc88-6371-7c30-b02481825539"",""yes_price_dollars"":""0.3100""}"
KXETH15M-26APR280130-30,cb8b338c-efda-7489-82a6-5ecf5fef9dd7,1777353490,0.35,10.0,yes,"{""count_fp"":""10.00"",""created_time"":""2026-04-28T05:18:10.526719Z"",""no_price_dollars"":""0.6500"",""taker_side"":""yes"",""ticker"":""KXETH15M-26APR280130-30"",""trade_id"":""cb8b338c-efda-7489-82a6-5ecf5fef9dd7"",""yes_price_dollars"":""0.3500""}"
KXETH15M-26APR280130-30,a92d96db-9c4c-7df7-bbac-a4ea2ff9b62f,1777353490,0.35,6.0,yes,"{""count_fp"":""6.00"",""created_time"":""2026-04-28T05:18:10.526719Z"",""no_price_dollars"":""0.6500"",""taker_side"":""yes"",""ticker"":""KXETH15M-26APR280130-30"",""trade_id"":""a92d96db-9c4c-7df7-bbac-a4ea2ff9b62f"",""yes_price_dollars"":""0.3500""}"
KXETH15M-26APR280130-30,2af930ca-b9e0-752e-1d1f-b269624f55eb,1777353491,0.34,13.99,no,"{""count_fp"":""13.99"",""created_time"":""2026-04-28T05:18:11.731928Z"",""no_price_dollars"":""0.6600"",""taker_side"":""no"",""ticker"":""KXETH15M-26APR280130-30"",""trade_id"":""2af930ca-b9e0-752e-1d1f-b269624f55eb"",""yes_price_dollars"":""0.3400""}"
KXETH15M-26APR280130-30,141b4f72-e904-644e-f95d-8373e18d927f,1777353493,0.34,1.0,no,"{""count_fp"":""1.00"",""created_time"":""2026-04-28T05:18:13.652869Z"",""no_price_dollars"":""0.6600"",""taker_side"":""no"",""ticker"":""KXETH15M-26APR280130-30"",""trade_id"":""141b4f72-e904-644e-f95d-8373e18d927f"",""yes_price_dollars"":""0.3400""}"
KXETH15M-26APR280130-30,c1b65c88-bc32-4513-9019-dd939613414b,1777353496,0.36,0.5,yes,"{""count_fp"":""0.50"",""created_time"":""2026-04-28T05:18:16.830309Z"",""no_price_dollars"":""0.6400"",""taker_side"":""yes"",""ticker"":""KXETH15M-26APR280130-30"",""trade_id"":""c1b65c88-bc32-4513-9019-dd939613414b"",""yes_price_dollars"":""0.3600""}"
KXETH15M-26APR280130-30,e6fb99e3-4d3e-795d-ddaf-ed0ab92fd964,1777353496,0.35,1.0,no,"{""count_fp"":""1.00"",""created_time"":""2026-04-28T05:18:16.148975Z"",""no_price_dollars"":""0.6500"",""taker_side"":""no"",""ticker"":""KXETH15M-26APR280130-30"",""trade_id"":""e6fb99e3-4d3e-795d-ddaf-ed0ab92fd964"",""yes_price_dollars"":""0.3500""}"
KXETH15M-26APR280130-30,7acbf784-f403-426d-8c9a-f08ab22c245e,1777353498,0.34,10.0,no,"{""count_fp"":""10.00"",""created_time"":""2026-04-28T05:18:18.648176Z"",""no_price_dollars"":""0.6600"",""taker_side"":""no"",""ticker"":""KXETH15M-26APR280130-30"",""trade_id"":""7acbf784-f403-426d-8c9a-f08ab22c245e"",""yes_price_dollars"":""0.3400""}"
KXETH15M-26APR280130-30,eb7fa73b-9447-4c82-17e7-3797f00d03c4,1777353502,0.32,1.0,no,"{""count_fp"":""1.00"",""created_time"":""2026-04-28T05:18:22.661842Z"",""no_price_dollars"":""0.6800"",""taker_side"":""no"",""ticker"":""KXETH15M-26APR280130-30"",""trade_id"":""eb7fa73b-9447-4c82-17e7-3797f00d03c4"",""yes_price_dollars"":""0.3200""}"
KXETH15M-26APR280130-30,dd71382c-3237-707c-c07e-b69f410677dc,1777353505,0.32,1.0,no,"{""count_fp"":""1.00"",""created_time"":""2026-04-28T05:18:25.332037Z"",""no_price_dollars"":""0.6800"",""taker_side"":""no"",""ticker"":""KXETH15M-26APR280130-30"",""trade_id"":""dd71382c-3237-707c-c07e-b69f410677dc"",""yes_price_dollars"":""0.3200""}"
KXETH15M-26APR280130-30,7f664c4c-ca4b-5ad6-02ea-276d017bedce,1777353512,0.35,13.29,yes,"{""count_fp"":""13.29"",""created_time"":""2026-04-28T05:18:32.788901Z"",""no_price_dollars"":""0.6500"",""taker_side"":""yes"",""ticker"":""KXETH15M-26APR280130-30"",""trade_id"":""7f664c4c-ca4b-5ad6-02ea-276d017bedce"",""yes_price_dollars"":""0.3500""}"
KXETH15M-26APR280130-30,dc966ca1-08ce-543e-7e19-04f63c9f30c9,1777353513,0.31,0.05,no,"{""count_fp"":""0.05"",""created_time"":""2026-04-28T05:18:33.957409Z"",""no_price_dollars"":""0.6900"",""taker_side"":""no"",""ticker"":""KXETH15M-26APR280130-30"",""trade_id"":""dc966ca1-08ce-543e-7e19-04f63c9f30c9"",""yes_price_dollars"":""0.3100""}"
KXETH15M-26APR280130-30,70ab2302-a693-5410-56c6-21bfe0d4a58b,1777353513,0.32,10.0,no,"{""count_fp"":""10.00"",""created_time"":""2026-04-28T05:18:33.957409Z"",""no_price_dollars"":""0.6800"",""taker_side"":""no"",""ticker"":""KXETH15M-26APR280130-30"",""trade_id"":""70ab2302-a693-5410-56c6-21bfe0d4a58b"",""yes_price_dollars"":""0.3200""}"
KXETH15M-26APR280130-30,859bc9e1-78fe-67d0-4cd7-3dca6dd7f5e4,1777353516,0.35,0.14,no,"{""count_fp"":""0.14"",""created_time"":""2026-04-28T05:18:36.463891Z"",""no_price_dollars"":""0.6500"",""taker_side"":""no"",""ticker"":""KXETH15M-26APR280130-30"",""trade_id"":""859bc9e1-78fe-67d0-4cd7-3dca6dd7f5e4"",""yes_price_dollars"":""0.3500""}"
KXETH15M-26APR280130-30,1d450081-4645-55a0-1a4a-9f54e8546a55,1777353516,0.35,10.0,yes,"{""count_fp"":""10.00"",""created_time"":""2026-04-28T05:18:36.403513Z"",""no_price_dollars"":""0.6500"",""taker_side"":""yes"",""ticker"":""KXETH15M-26APR280130-30"",""trade_id"":""1d450081-4645-55a0-1a4a-9f54e8546a55"",""yes_price_dollars"":""0.3500""}"
KXETH15M-26APR280130-30,67f9bda7-f1b8-6d5e-0b2c-99a3931eaa83,1777353517,0.35,37.0,no,"{""count_fp"":""37.00"",""created_time"":""2026-04-28T05:18:37.872488Z"",""no_price_dollars"":""0.6500"",""taker_side"":""no"",""ticker"":""KXETH15M-26APR280130-30"",""trade_id"":""67f9bda7-f1b8-6d5e-0b2c-99a3931eaa83"",""yes_price_dollars"":""0.3500""}"
KXETH15M-26APR280130-30,09eb9950-6228-5c1e-9a2e-7ebc6ad0677b,1777353517,0.35,3.0,no,"{""count_fp"":""3.00"",""created_time"":""2026-04-28T05:18:37.766494Z"",""no_price_dollars"":""0.6500"",""taker_side"":""no"",""ticker"":""KXETH15M-26APR280130-30"",""trade_id"":""09eb9950-6228-5c1e-9a2e-7ebc6ad0677b"",""yes_price_dollars"":""0.3500""}"
KXETH15M-26APR280130-30,5a3fbcdd-16f4-4326-c774-44e9775788cf,1777353517,0.35,1.0,no,"{""count_fp"":""1.00"",""created_time"":""2026-04-28T05:18:37.115303Z"",""no_price_dollars"":""0.6500"",""taker_side"":""no"",""ticker"":""KXETH15M-26APR280130-30"",""trade_id"":""5a3fbcdd-16f4-4326-c774-44e9775788cf"",""yes_price_dollars"":""0.3500""}"
KXETH15M-26APR280130-30,fc270bfe-5df6-7833-90df-0bcce54acb13,1777353520,0.36,0.5,yes,"{""count_fp"":""0.50"",""created_time"":""2026-04-28T05:18:40.915915Z"",""no_price_dollars"":""0.6400"",""taker_side"":""yes"",""ticker"":""KXETH15M-26APR280130-30"",""trade_id"":""fc270bfe-5df6-7833-90df-0bcce54acb13"",""yes_price_dollars"":""0.3600""}"
KXETH15M-26APR280130-30,6e5328c2-b5dd-7cc4-83c1-e0d6f8f08ca1,1777353520,0.36,1.0,yes,"{""count_fp"":""1.00"",""created_time"":""2026-04-28T05:18:40.915915Z"",""no_price_dollars"":""0.6400"",""taker_side"":""yes"",""ticker"":""KXETH15M-26APR280130-30"",""trade_id"":""6e5328c2-b5dd-7cc4-83c1-e0d6f8f08ca1"",""yes_price_dollars"":""0.3600""}"
KXETH15M-26APR280130-30,698e123f-5ad0-71e3-a5f1-f6ae1f3dbf3b,1777353520,0.38,1.0,yes,"{""count_fp"":""1.00"",""created_time"":""2026-04-28T05:18:40.915915Z"",""no_price_dollars"":""0.6200"",""taker_side"":""yes"",""ticker"":""KXETH15M-26APR280130-30"",""trade_id"":""698e123f-5ad0-71e3-a5f1-f6ae1f3dbf3b"",""yes_price_dollars"":""0.3800""}"
KXETH15M-26APR280130-30,10623166-5a65-7362-bcf1-939ae51d8b0e,1777353520,0.37,10.0,yes,"{""count_fp"":""10.00"",""created_time"":""2026-04-28T05:18:40.915915Z"",""no_price_dollars"":""0.6300"",""taker_side"":""yes"",""ticker"":""KXETH15M-26APR280130-30"",""trade_id"":""10623166-5a65-7362-bcf1-939ae51d8b0e"",""yes_price_dollars"":""0.3700""}"
KXETH15M-26APR280130-30,0123f167-5670-74df-be09-4f5be26112b0,1777353520,0.38,11.87,yes,"{""count_fp"":""11.87"",""created_time"":""2026-04-28T05:18:40.915915Z"",""no_price_dollars"":""0.6200"",""taker_side"":""yes"",""ticker"":""KXETH15M-26APR280130-30"",""trade_id"":""0123f167-5670-74df-be09-4f5be26112b0"",""yes_price_dollars"":""0.3800""}"
KXETH15M-26APR280130-30,1deeeb27-84f1-48f8-021d-791832c0306b,1777353527,0.37,0.3,no,"{""count_fp"":""0.30"",""created_time"":""2026-04-28T05:18:47.845578Z"",""no_price_dollars"":""0.6300"",""taker_side"":""no"",""ticker"":""KXETH15M-26APR280130-30"",""trade_id"":""1deeeb27-84f1-48f8-021d-791832c0306b"",""yes_price_dollars"":""0.3700""}"
KXETH15M-26APR280130-30,307383d4-4f03-67b5-6d81-a27eed2efb75,1777353527,0.37,1.0,no,"{""count_fp"":""1.00"",""created_time"":""2026-04-28T05:18:47.652569Z"",""no_price_dollars"":""0.6300"",""taker_side"":""no"",""ticker"":""KXETH15M-26APR280130-30"",""trade_id"":""307383d4-4f03-67b5-6d81-a27eed2efb75"",""yes_price_dollars"":""0.3700""}"
KXETH15M-26APR280130-30,25227780-0ef8-7ea6-6c51-d1b9b84e7f7f,1777353530,0.38,7.73,no,"{""count_fp"":""7.73"",""created_time"":""2026-04-28T05:18:50.894799Z"",""no_price_dollars"":""0.6200"",""taker_side"":""no"",""ticker"":""KXETH15M-26APR280130-30"",""trade_id"":""25227780-0ef8-7ea6-6c51-d1b9b84e7f7f"",""yes_price_dollars"":""0.3800""}"
KXETH15M-26APR280130-30,b5d219e5-825c-7d43-31d8-c04ba163ca85,1777353535,0.39,2.45,yes,"{""count_fp"":""2.45"",""created_time"":""2026-04-28T05:18:55.368806Z"",""no_price_dollars"":""0.6100"",""taker_side"":""yes"",""ticker"":""KXETH15M-26APR280130-30"",""trade_id"":""b5d219e5-825c-7d43-31d8-c04ba163ca85"",""yes_price_dollars"":""0.3900""}"
KXETH15M-26APR280130-30,6c314610-1038-5f86-8f1b-35ca2a74b257,1777353536,0.38,40.0,no,"{""count_fp"":""40.00"",""created_time"":""2026-04-28T05:18:56.178744Z"",""no_price_dollars"":""0.6200"",""taker_side"":""no"",""ticker"":""KXETH15M-26APR280130-30"",""trade_id"":""6c314610-1038-5f86-8f1b-35ca2a74b257"",""yes_price_dollars"":""0.3800""}"
KXETH15M-26APR280130-30,fbd858af-d2d6-7dea-2cfb-37991407b09d,1777353537,0.41,10.0,yes,"{""count_fp"":""10.00"",""created_time"":""2026-04-28T05:18:57.039674Z"",""no_price_dollars"":""0.5900"",""taker_side"":""yes"",""ticker"":""KXETH15M-26APR280130-30"",""trade_id"":""fbd858af-d2d6-7dea-2cfb-37991407b09d"",""yes_price_dollars"":""0.4100""}"
KXETH15M-26APR280130-30,7d91b687-0099-7ca1-0243-bcbccd068c27,1777353537,0.41,7.6,yes,"{""count_fp"":""7.60"",""created_time"":""2026-04-28T05:18:57.039674Z"",""no_price_dollars"":""0.5900"",""taker_side"":""yes"",""ticker"":""KXETH15M-26APR280130-30"",""trade_id"":""7d91b687-0099-7ca1-0243-bcbccd068c27"",""yes_price_dollars"":""0.4100""}"
KXETH15M-26APR280130-30,6368ff13-766b-7541-180f-e03e32e49499,1777353537,0.41,1.0,yes,"{""count_fp"":""1.00"",""created_time"":""2026-04-28T05:18:57.039674Z"",""no_price_dollars"":""0.5900"",""taker_side"":""yes"",""ticker"":""KXETH15M-26APR280130-30"",""trade_id"":""6368ff13-766b-7541-180f-e03e32e49499"",""yes_price_dollars"":""0.4100""}"
KXETH15M-26APR280130-30,e6b6b46c-ced4-6d02-91f1-7d2faca7b163,1777353538,0.38,157.11,no,"{""count_fp"":""157.11"",""created_time"":""2026-04-28T05:18:58.450991Z"",""no_price_dollars"":""0.6200"",""taker_side"":""no"",""ticker"":""KXETH15M-26APR280130-30"",""trade_id"":""e6b6b46c-ced4-6d02-91f1-7d2faca7b163"",""yes_price_dollars"":""0.3800""}"
KXETH15M-26APR280130-30,78bd7608-2c00-5522-6e51-bded0302f313,1777353539,0.38,1.0,no,"{""count_fp"":""1.00"",""created_time"":""2026-04-28T05:18:59.419484Z"",""no_price_dollars"":""0.6200"",""taker_side"":""no"",""ticker"":""KXETH15M-26APR280130-30"",""trade_id"":""78bd7608-2c00-5522-6e51-bded0302f313"",""yes_price_dollars"":""0.3800""}"
KXETH15M-26APR280130-30,c3d0ac89-b2a0-7c96-1ff6-8e30b92ac8ac,1777353540,0.4,13.42,yes,"{""count_fp"":""13.42"",""created_time"":""2026-04-28T05:19:00.231201Z"",""no_price_dollars"":""0.6000"",""taker_side"":""yes"",""ticker"":""KXETH15M-26APR280130-30"",""trade_id"":""c3d0ac89-b2a0-7c96-1ff6-8e30b92ac8ac"",""yes_price_dollars"":""0.4000""}"
KXETH15M-26APR280130-30,92153fad-5a34-73f4-288d-df941f0332d4,1777353540,0.4,10.0,yes,"{""count_fp"":""10.00"",""created_time"":""2026-04-28T05:19:00.231201Z"",""no_price_dollars"":""0.6000"",""taker_side"":""yes"",""ticker"":""KXETH15M-26APR280130-30"",""trade_id"":""92153fad-5a34-73f4-288d-df941f0332d4"",""yes_price_dollars"":""0.4000""}"
KXETH15M-26APR280130-30,eb5fd71a-bace-49bc-5b13-b60e7afd417d,1777353542,0.41,98.8,yes,"{""count_fp"":""98.80"",""created_time"":""2026-04-28T05:19:02.466641Z"",""no_price_dollars"":""0.5900"",""taker_side"":""yes"",""ticker"":""KXETH15M-26APR280130-30"",""trade_id"":""eb5fd71a-bace-49bc-5b13-b60e7afd417d"",""yes_price_dollars"":""0.4100""}"
KXETH15M-26APR280130-30,b7e63e51-9994-453c-67f3-998c8d60c784,1777353542,0.42,50.0,yes,"{""count_fp"":""50.00"",""created_time"":""2026-04-28T05:19:02.466641Z"",""no_price_dollars"":""0.5800"",""taker_side"":""yes"",""ticker"":""KXETH15M-26APR280130-30"",""trade_id"":""b7e63e51-9994-453c-67f3-998c8d60c784"",""yes_price_dollars"":""0.4200""}"
KXETH15M-26APR280130-30,8f8ac575-7f50-4273-4d83-8028a63e4676,1777353542,0.42,100.0,yes,"{""count_fp"":""100.00"",""created_time"":""2026-04-28T05:19:02.466641Z"",""no_price_dollars"":""0.5800"",""taker_side"":""yes"",""ticker"":""KXETH15M-26APR280130-30"",""trade_id"":""8f8ac575-7f50-4273-4d83-8028a63e4676"",""yes_price_dollars"":""0.4200""}"
KXETH15M-26APR280130-30,6d99e311-89aa-4c98-4e38-c2ffdbad5100,1777353542,0.42,10.0,yes,"{""count_fp"":""10.00"",""created_time"":""2026-04-28T05:19:02.466641Z"",""no_price_dollars"":""0.5800"",""taker_side"":""yes"",""ticker"":""KXETH15M-26APR280130-30"",""trade_id"":""6d99e311-89aa-4c98-4e38-c2ffdbad5100"",""yes_price_dollars"":""0.4200""}"
KXETH15M-26APR280130-30,5e1a0b54-e7dc-42af-6f83-42229da00ab7,1777353542,0.41,2.0,yes,"{""count_fp"":""2.00"",""created_time"":""2026-04-28T05:19:02.466641Z"",""no_price_dollars"":""0.5900"",""taker_side"":""yes"",""ticker"":""KXETH15M-26APR280130-30"",""trade_id"":""5e1a0b54-e7dc-42af-6f83-42229da00ab7"",""yes_price_dollars"":""0.4100""}"
KXETH15M-26APR280130-30,4ea7a88a-dc73-4d7e-4909-0bfdd04cab36,1777353542,0.44,175.49,yes,"{""count_fp"":""175.49"",""created_time"":""2026-04-28T05:19:02.466641Z"",""no_price_dollars"":""0.5600"",""taker_side"":""yes"",""ticker"":""KXETH15M-26APR280130-30"",""trade_id"":""4ea7a88a-dc73-4d7e-4909-0bfdd04cab36"",""yes_price_dollars"":""0.4400""}"
KXETH15M-26APR280130-30,7c29d9e7-c2ad-4968-202e-4ae3e7ac2bc8,1777353542,0.41,1.0,yes,"{""count_fp"":""1.00"",""created_time"":""2026-04-28T05:19:02.439346Z"",""no_price_dollars"":""0.5900"",""taker_side"":""yes"",""ticker"":""KXETH15M-26APR280130-30"",""trade_id"":""7c29d9e7-c2ad-4968-202e-4ae3e7ac2bc8"",""yes_price_dollars"":""0.4100""}"
KXETH15M-26APR280130-30,75a6bd0d-6c16-4fac-13ad-323dfbf30de9,1777353542,0.41,6.73,yes,"{""count_fp"":""6.73"",""created_time"":""2026-04-28T05:19:02.439346Z"",""no_price_dollars"":""0.5900"",""taker_side"":""yes"",""ticker"":""KXETH15M-26APR280130-30"",""trade_id"":""75a6bd0d-6c16-4fac-13ad-323dfbf30de9"",""yes_price_dollars"":""0.4100""}"
KXETH15M-26APR280130-30,c19d3d3f-1a4b-5319-e572-f4d630f60fd5,1777353556,0.38,5.85,no,"{""count_fp"":""5.85"",""created_time"":""2026-04-28T05:19:16.936762Z"",""no_price_dollars"":""0.6200"",""taker_side"":""no"",""ticker"":""KXETH15M-26APR280130-30"",""trade_id"":""c19d3d3f-1a4b-5319-e572-f4d630f60fd5"",""yes_price_dollars"":""0.3800""}"
KXETH15M-26APR280130-30,3cc14cf4-2a36-5d94-df03-a9579f890cbc,1777353556,0.38,2.0,no,"{""count_fp"":""2.00"",""created_time"":""2026-04-28T05:19:16.936762Z"",""no_price_dollars"":""0.6200"",""taker_side"":""no"",""ticker"":""KXETH15M-26APR280130-30"",""trade_id"":""3cc14cf4-2a36-5d94-df03-a9579f890cbc"",""yes_price_dollars"":""0.3800""}"
KXETH15M-26APR280130-30,fba1a3f1-ecde-57c4-99f8-fcc51cdae9ae,1777353556,0.42,0.32,yes,"{""count_fp"":""0.32"",""created_time"":""2026-04-28T05:19:16.166873Z"",""no_price_dollars"":""0.5800"",""taker_side"":""yes"",""ticker"":""KXETH15M-26APR280130-30"",""trade_id"":""fba1a3f1-ecde-57c4-99f8-fcc51cdae9ae"",""yes_price_dollars"":""0.4200""}"
KXETH15M-26APR280130-30,4988bda0-abcb-583f-bb7f-0e82aca37959,1777353556,0.41,2.0,yes,"{""count_fp"":""2.00"",""created_time"":""2026-04-28T05:19:16.166873Z"",""no_price_dollars"":""0.5900"",""taker_side"":""yes"",""ticker"":""KXETH15M-26APR280130-30"",""trade_id"":""4988bda0-abcb-583f-bb7f-0e82aca37959"",""yes_price_dollars"":""0.4100""}"
KXETH15M-26APR280130-30,929044a6-5b12-6d9e-d7c8-95ea85713a8f,1777353562,0.46,1.0,yes,"{""count_fp"":""1.00"",""created_time"":""2026-04-28T05:19:22.469006Z"",""no_price_dollars"":""0.5400"",""taker_side"":""yes"",""ticker"":""KXETH15M-26APR280130-30"",""trade_id"":""929044a6-5b12-6d9e-d7c8-95ea85713a8f"",""yes_price_dollars"":""0.4600""}"
KXETH15M-26APR280130-30,f48ff683-2f33-62b6-de3f-4541519fb965,1777353562,0.41,10.0,yes,"{""count_fp"":""10.00"",""created_time"":""2026-04-28T05:19:22.155883Z"",""no_price_dollars"":""0.5900"",""taker_side"":""yes"",""ticker"":""KXETH15M-26APR280130-30"",""trade_id"":""f48ff683-2f33-62b6-de3f-4541519fb965"",""yes_price_dollars"":""0.4100""}"
KXETH15M-26APR280130-30,f3c5f9a2-1ad0-685c-348e-01066e420e17,1777353563,0.41,1.0,no,"{""count_fp"":""1.00"",""created_time"":""2026-04-28T05:19:23.149314Z"",""no_price_dollars"":""0.5900"",""taker_side"":""no"",""ticker"":""KXETH15M-26APR280130-30"",""trade_id"":""f3c5f9a2-1ad0-685c-348e-01066e420e17"",""yes_price_dollars"":""0.4100""}"
KXETH15M-26APR280130-30,b072bf41-06a6-65c9-de2b-22d2e6db8d21,1777353571,0.45,10.0,no,"{""count_fp"":""10.00"",""created_time"":""2026-04-28T05:19:31.782664Z"",""no_price_dollars"":""0.5500"",""taker_side"":""no"",""ticker"":""KXETH15M-26APR280130-30"",""trade_id"":""b072bf41-06a6-65c9-de2b-22d2e6db8d21"",""yes_price_dollars"":""0.4500""}"
KXETH15M-26APR280130-30,404e7ebf-2d4f-620d-c6da-9b637696e3cf,1777353572,0.42,9.28,no,"{""count_fp"":""9.28"",""created_time"":""2026-04-28T05:19:32.312499Z"",""no_price_dollars"":""0.5800"",""taker_side"":""no"",""ticker"":""KXETH15M-26APR280130-30"",""trade_id"":""404e7ebf-2d4f-620d-c6da-9b637696e3cf"",""yes_price_dollars"":""0.4200""}"
KXETH15M-26APR280130-30,3c07cecb-e81b-67c0-ec86-2922ca28c80b,1777353572,0.41,0.72,no,"{""count_fp"":""0.72"",""created_time"":""2026-04-28T05:19:32.312499Z"",""no_price_dollars"":""0.5900"",""taker_side"":""no"",""ticker"":""KXETH15M-26APR280130-30"",""trade_id"":""3c07cecb-e81b-67c0-ec86-2922ca28c80b"",""yes_price_dollars"":""0.4100""}"
KXETH15M-26APR280130-30,d7992011-643f-7f19-6ef3-fc3ca88e4b79,1777353572,0.41,10.0,no,"{""count_fp"":""10.00"",""created_time"":""2026-04-28T05:19:32.218115Z"",""no_price_dollars"":""0.5900"",""taker_side"":""no"",""ticker"":""KXETH15M-26APR280130-30"",""trade_id"":""d7992011-643f-7f19-6ef3-fc3ca88e4b79"",""yes_price_dollars"":""0.4100""}"
KXETH15M-26APR280130-30,a0676fe2-b548-7950-61f8-fc3b5ed72da0,1777353572,0.43,2.0,no,"{""count_fp"":""2.00"",""created_time"":""2026-04-28T05:19:32.218115Z"",""no_price_dollars"":""0.5700"",""taker_side"":""no"",""ticker"":""KXETH15M-26APR280130-30"",""trade_id"":""a0676fe2-b548-7950-61f8-fc3b5ed72da0"",""yes_price_dollars"":""0.4300""}"
KXETH15M-26APR280130-30,6ee65b92-8d43-7332-7e87-57dfc46842fb,1777353572,0.41,20.0,no,"{""count_fp"":""20.00"",""created_time"":""2026-04-28T05:19:32.218115Z"",""no_price_dollars"":""0.5900"",""taker_side"":""no"",""ticker"":""KXETH15M-26APR280130-30"",""trade_id"":""6ee65b92-8d43-7332-7e87-57dfc46842fb"",""yes_price_dollars"":""0.4100""}"
KXETH15M-26APR280130-30,07287109-942e-69b4-10d6-6b183e2c544f,1777353582,0.43,15.47,yes,"{""count_fp"":""15.47"",""created_time"":""2026-04-28T05:19:42.455591Z"",""no_price_dollars"":""0.5700"",""taker_side"":""yes"",""ticker"":""KXETH15M-26APR280130-30"",""trade_id"":""07287109-942e-69b4-10d6-6b183e2c544f"",""yes_price_dollars"":""0.4300""}"
KXETH15M-26APR280130-30,fc6156b7-811f-760f-286d-9be4d85a8e04,1777353584,0.44,2.0,yes,"{""count_fp"":""2.00"",""created_time"":""2026-04-28T05:19:44.570168Z"",""no_price_dollars"":""0.5600"",""taker_side"":""yes"",""ticker"":""KXETH15M-26APR280130-30"",""trade_id"":""fc6156b7-811f-760f-286d-9be4d85a8e04"",""yes_price_dollars"":""0.4400""}"
KXETH15M-26APR280130-30,bdf9346c-105c-4de7-3f12-5ddc1ca567ad,1777353584,0.43,9.47,yes,"{""count_fp"":""9.47"",""created_time"":""2026-04-28T05:19:44.533781Z"",""no_price_dollars"":""0.5700"",""taker_side"":""yes"",""ticker"":""KXETH15M-26APR280130-30"",""trade_id"":""bdf9346c-105c-4de7-3f12-5ddc1ca567ad"",""yes_price_dollars"":""0.4300""}"
KXETH15M-26APR280130-30,9b4e6750-66fa-4fe6-17e3-a445fa83e485,1777353584,0.43,10.0,yes,"{""count_fp"":""10.00"",""created_time"":""2026-04-28T05:19:44.533781Z"",""no_price_dollars"":""0.5700"",""taker_side"":""yes"",""ticker"":""KXETH15M-26APR280130-30"",""trade_id"":""9b4e6750-66fa-4fe6-17e3-a445fa83e485"",""yes_price_dollars"":""0.4300""}"
KXETH15M-26APR280130-30,0e20dec2-97fb-7913-dd2f-55d22322ab7b,1777353588,0.47,0.35,no,"{""count_fp"":""0.35"",""created_time"":""2026-04-28T05:19:48.784757Z"",""no_price_dollars"":""0.5300"",""taker_side"":""no"",""ticker"":""KXETH15M-26APR280130-30"",""trade_id"":""0e20dec2-97fb-7913-dd2f-55d22322ab7b"",""yes_price_dollars"":""0.4700""}"
KXETH15M-26APR280130-30,db1d76c9-f926-7fe9-56de-f072e3078551,1777353593,0.5,39.0,yes,"{""count_fp"":""39.00"",""created_time"":""2026-04-28T05:19:53.644319Z"",""no_price_dollars"":""0.5000"",""taker_side"":""yes"",""ticker"":""KXETH15M-26APR280130-30"",""trade_id"":""db1d76c9-f926-7fe9-56de-f072e3078551"",""yes_price_dollars"":""0.5000""}"
KXETH15M-26APR280130-30,51fcf6da-d2d2-70c2-78c3-482e16cdd76d,1777353593,0.49,10.0,yes,"{""count_fp"":""10.00"",""created_time"":""2026-04-28T05:19:53.644319Z"",""no_price_dollars"":""0.5100"",""taker_side"":""yes"",""ticker"":""KXETH15M-26APR280130-30"",""trade_id"":""51fcf6da-d2d2-70c2-78c3-482e16cdd76d"",""yes_price_dollars"":""0.4900""}"
KXETH15M-26APR280130-30,2fc7ed57-949d-7760-56f6-1a4f1cc22888,1777353593,0.5,1.0,yes,"{""count_fp"":""1.00"",""created_time"":""2026-04-28T05:19:53.644319Z"",""no_price_dollars"":""0.5000"",""taker_side"":""yes"",""ticker"":""KXETH15M-26APR280130-30"",""trade_id"":""2fc7ed57-949d-7760-56f6-1a4f1cc22888"",""yes_price_dollars"":""0.5000""}"
KXETH15M-26APR280130-30,5d724305-e54b-7d98-38ff-29956e93fc6f,1777353596,0.56,1.0,yes,"{""count_fp"":""1.00"",""created_time"":""2026-04-28T05:19:56.852501Z"",""no_price_dollars"":""0.4400"",""taker_side"":""yes"",""ticker"":""KXETH15M-26APR280130-30"",""trade_id"":""5d724305-e54b-7d98-38ff-29956e93fc6f"",""yes_price_dollars"":""0.5600""}"
KXETH15M-26APR280130-30,4ff02e9a-5e89-7909-3c39-fe02bcf3c164,1777353596,0.56,2.37,yes,"{""count_fp"":""2.37"",""created_time"":""2026-04-28T05:19:56.852501Z"",""no_price_dollars"":""0.4400"",""taker_side"":""yes"",""ticker"":""KXETH15M-26APR280130-30"",""trade_id"":""4ff02e9a-5e89-7909-3c39-fe02bcf3c164"",""yes_price_dollars"":""0.5600""}"
KXETH15M-26APR280130-30,ac2592a4-7e6d-7fa6-4055-87bd6e2522bf,1777353596,0.52,1.0,no,"{""count_fp"":""1.00"",""created_time"":""2026-04-28T05:19:56.650428Z"",""no_price_dollars"":""0.4800"",""taker_side"":""no"",""ticker"":""KXETH15M-26APR280130-30"",""trade_id"":""ac2592a4-7e6d-7fa6-4055-87bd6e2522bf"",""yes_price_dollars"":""0.5200""}"
KXETH15M-26APR280130-30,6d12c3dc-1075-5ff2-dbe9-c2260cc2db77,1777353597,0.52,1.0,no,"{""count_fp"":""1.00"",""created_time"":""2026-04-28T05:19:57.933757Z"",""no_price_dollars"":""0.4800"",""taker_side"":""no"",""ticker"":""KXETH15M-26APR280130-30"",""trade_id"":""6d12c3dc-1075-5ff2-dbe9-c2260cc2db77"",""yes_price_dollars"":""0.5200""}"
KXETH15M-26APR280130-30,41a82ba4-36e5-7931-6852-baeb11a7c3f8,1777353602,0.54,10.0,yes,"{""count_fp"":""10.00"",""created_time"":""2026-04-28T05:20:02.097604Z"",""no_price_dollars"":""0.4600"",""taker_side"":""yes"",""ticker"":""KXETH15M-26APR280130-30"",""trade_id"":""41a82ba4-36e5-7931-6852-baeb11a7c3f8"",""yes_price_dollars"":""0.5400""}"
KXETH15M-26APR280130-30,6883f7c7-8bdb-4f33-3749-21dd820c91d3,1777353605,0.58,1.0,yes,"{""count_fp"":""1.00"",""created_time"":""2026-04-28T05:20:05.938451Z"",""no_price_dollars"":""0.4200"",""taker_side"":""yes"",""ticker"":""KXETH15M-26APR280130-30"",""trade_id"":""6883f7c7-8bdb-4f33-3749-21dd820c91d3"",""yes_price_dollars"":""0.5800""}"
KXETH15M-26APR280130-30,12142fe2-2be5-517c-6630-51168be76001,1777353605,0.56,1.0,yes,"{""count_fp"":""1.00"",""created_time"":""2026-04-28T05:20:05.149533Z"",""no_price_dollars"":""0.4400"",""taker_side"":""yes"",""ticker"":""KXETH15M-26APR280130-30"",""trade_id"":""12142fe2-2be5-517c-6630-51168be76001"",""yes_price_dollars"":""0.5600""}"
KXETH15M-26APR280130-30,611db23a-3141-5a46-5e25-941f1af277e0,1777353607,0.59,1.0,yes,"{""count_fp"":""1.00"",""created_time"":""2026-04-28T05:20:07.048585Z"",""no_price_dollars"":""0.4100"",""taker_side"":""yes"",""ticker"":""KXETH15M-26APR280130-30"",""trade_id"":""611db23a-3141-5a46-5e25-941f1af277e0"",""yes_price_dollars"":""0.5900""}"
KXETH15M-26APR280130-30,62c72b29-674f-6c86-f3f6-b0280a3198a9,1777353608,0.58,10.0,no,"{""count_fp"":""10.00"",""created_time"":""2026-04-28T05:20:08.029365Z"",""no_price_dollars"":""0.4200"",""taker_side"":""no"",""ticker"":""KXETH15M-26APR280130-30"",""trade_id"":""62c72b29-674f-6c86-f3f6-b0280a3198a9"",""yes_price_dollars"":""0.5800""}"
KXETH15M-26APR280130-30,f9344e49-3649-491e-e524-0d7a0053ecfc,1777353610,0.59,1.0,yes,"{""count_fp"":""1.00"",""created_time"":""2026-04-28T05:20:10.182921Z"",""no_price_dollars"":""0.4100"",""taker_side"":""yes"",""ticker"":""KXETH15M-26APR280130-30"",""trade_id"":""f9344e49-3649-491e-e524-0d7a0053ecfc"",""yes_price_dollars"":""0.5900""}"
KXETH15M-26APR280130-30,f292d651-f3dd-44cc-a9ac-f5bca895c702,1777353617,0.56,10.0,no,"{""count_fp"":""10.00"",""created_time"":""2026-04-28T05:20:17.418837Z"",""no_price_dollars"":""0.4400"",""taker_side"":""no"",""ticker"":""KXETH15M-26APR280130-30"",""trade_id"":""f292d651-f3dd-44cc-a9ac-f5bca895c702"",""yes_price_dollars"":""0.5600""}"
KXETH15M-26APR280130-30,bd1fba50-afde-42ad-9ada-455bc5c36b76,1777353617,0.56,0.68,no,"{""count_fp"":""0.68"",""created_time"":""2026-04-28T05:20:17.418837Z"",""no_price_dollars"":""0.4400"",""taker_side"":""no"",""ticker"":""KXETH15M-26APR280130-30"",""trade_id"":""bd1fba50-afde-42ad-9ada-455bc5c36b76"",""yes_price_dollars"":""0.5600""}"
KXETH15M-26APR280130-30,5228121b-5dd3-56fe-52d0-eb82ce136070,1777353619,0.58,1.67,yes,"{""count_fp"":""1.67"",""created_time"":""2026-04-28T05:20:19.280195Z"",""no_price_dollars"":""0.4200"",""taker_side"":""yes"",""ticker"":""KXETH15M-26APR280130-30"",""trade_id"":""5228121b-5dd3-56fe-52d0-eb82ce136070"",""yes_price_dollars"":""0.5800""}"
KXETH15M-26APR280130-30,1e14d084-da0e-6f59-4a6f-9d15b86d9c64,1777353621,0.56,1.0,no,"{""count_fp"":""1.00"",""created_time"":""2026-04-28T05:20:21.711752Z"",""no_price_dollars"":""0.4400"",""taker_side"":""no"",""ticker"":""KXETH15M-26APR280130-30"",""trade_id"":""1e14d084-da0e-6f59-4a6f-9d15b86d9c64"",""yes_price_dollars"":""0.5600""}"
KXETH15M-26APR280130-30,92abbf55-3cd2-71af-deb8-456eb9572a60,1777353624,0.58,10.0,yes,"{""count_fp"":""10.00"",""created_time"":""2026-04-28T05:20:24.317193Z"",""no_price_dollars"":""0.4200"",""taker_side"":""yes"",""ticker"":""KXETH15M-26APR280130-30"",""trade_id"":""92abbf55-3cd2-71af-deb8-456eb9572a60"",""yes_price_dollars"":""0.5800""}"
KXETH15M-26APR280130-30,4468bc0d-0555-7d9a-2dcd-e718fba04308,1777353630,0.59,198.0,yes,"{""count_fp"":""198.00"",""created_time"":""2026-04-28T05:20:30.418747Z"",""no_price_dollars"":""0.4100"",""taker_side"":""yes"",""ticker"":""KXETH15M-26APR280130-30"",""trade_id"":""4468bc0d-0555-7d9a-2dcd-e718fba04308"",""yes_price_dollars"":""0.5900""}"
KXETH15M-26APR280130-30,512aab3d-3c66-7772-d2b6-d60ebd7944f0,1777353637,0.56,2.18,no,"{""count_fp"":""2.18"",""created_time"":""2026-04-28T05:20:37.581677Z"",""no_price_dollars"":""0.4400"",""taker_side"":""no"",""ticker"":""KXETH15M-26APR280130-30"",""trade_id"":""512aab3d-3c66-7772-d2b6-d60ebd7944f0"",""yes_price_dollars"":""0.5600""}"
KXETH15M-26APR280130-30,257e0b6d-0229-5dcf-6432-2bd1619a6431,1777353638,0.57,8.23,yes,"{""count_fp"":""8.23"",""created_time"":""2026-04-28T05:20:38.465261Z"",""no_price_dollars"":""0.4300"",""taker_side"":""yes"",""ticker"":""KXETH15M-26APR280130-30"",""trade_id"":""257e0b6d-0229-5dcf-6432-2bd1619a6431"",""yes_price_dollars"":""0.5700""}"
KXETH15M-26APR280130-30,319b51fa-100d-77ef-ab5e-73e6a2b930c9,1777353640,0.57,16.62,yes,"{""count_fp"":""16.62"",""created_time"":""2026-04-28T05:20:40.238171Z"",""no_price_dollars"":""0.4300"",""taker_side"":""yes"",""ticker"":""KXETH15M-26APR280130-30"",""trade_id"":""319b51fa-100d-77ef-ab5e-73e6a2b930c9"",""yes_price_dollars"":""0.5700""}"
KXETH15M-26APR280130-30,bd76d38a-d506-530b-4e25-691dc966e9cd,1777353641,0.55,6.69,yes,"{""count_fp"":""6.69"",""created_time"":""2026-04-28T05:20:41.937009Z"",""no_price_dollars"":""0.4500"",""taker_side"":""yes"",""ticker"":""KXETH15M-26APR280130-30"",""trade_id"":""bd76d38a-d506-530b-4e25-691dc966e9cd"",""yes_price_dollars"":""0.5500""}"
KXETH15M-26APR280130-30,c3d6c7e5-06a2-4f6a-b72c-206f61bab960,1777353641,0.56,1.82,no,"{""count_fp"":""1.82"",""created_time"":""2026-04-28T05:20:41.215427Z"",""no_price_dollars"":""0.4400"",""taker_side"":""no"",""ticker"":""KXETH15M-26APR280130-30"",""trade_id"":""c3d6c7e5-06a2-4f6a-b72c-206f61bab960"",""yes_price_dollars"":""0.5600""}"
KXETH15M-26APR280130-30,b4e025c6-d522-4453-ac2c-2bc52b357be6,1777353645,0.55,1.76,yes,"{""count_fp"":""1.76"",""created_time"":""2026-04-28T05:20:45.866155Z"",""no_price_dollars"":""0.4500"",""taker_side"":""yes"",""ticker"":""KXETH15M-26APR280130-30"",""trade_id"":""b4e025c6-d522-4453-ac2c-2bc52b357be6"",""yes_price_dollars"":""0.5500""}"
KXETH15M-26APR280130-30,aae826b4-eaca-6fd2-a6c3-469e3604101d,1777353646,0.52,2.0,no,"{""count_fp"":""2.00"",""created_time"":""2026-04-28T05:20:46.239603Z"",""no_price_dollars"":""0.4800"",""taker_side"":""no"",""ticker"":""KXETH15M-26APR280130-30"",""trade_id"":""aae826b4-eaca-6fd2-a6c3-469e3604101d"",""yes_price_dollars"":""0.5200""}"
KXETH15M-26APR280130-30,7ac5cf30-1e1f-6ef6-b057-6a923fe38894,1777353646,0.53,1.0,no,"{""count_fp"":""1.00"",""created_time"":""2026-04-28T05:20:46.239603Z"",""no_price_dollars"":""0.4700"",""taker_side"":""no"",""ticker"":""KXETH15M-26APR280130-30"",""trade_id"":""7ac5cf30-1e1f-6ef6-b057-6a923fe38894"",""yes_price_dollars"":""0.5300""}"
KXETH15M-26APR280130-30,95725eb1-b7de-772d-f384-ef6a0113462c,1777353650,0.49,0.18,no,"{""count_fp"":""0.18"",""created_time"":""2026-04-28T05:20:50.730852Z"",""no_price_dollars"":""0.5100"",""taker_side"":""no"",""ticker"":""KXETH15M-26APR280130-30"",""trade_id"":""95725eb1-b7de-772d-f384-ef6a0113462c"",""yes_price_dollars"":""0.4900""}"
KXETH15M-26APR280130-30,be14f0ac-4efb-46e4-ef90-4d8e88730b02,1777353651,0.49,5.68,no,"{""count_fp"":""5.68"",""created_time"":""2026-04-28T05:20:51.190343Z"",""no_price_dollars"":""0.5100"",""taker_side"":""no"",""ticker"":""KXETH15M-26APR280130-30"",""trade_id"":""be14f0ac-4efb-46e4-ef90-4d8e88730b02"",""yes_price_dollars"":""0.4900""}"
KXETH15M-26APR280130-30,d13769a0-316d-4d1b-2bfc-37dbbfce8c49,1777353652,0.55,43.76,yes,"{""count_fp"":""43.76"",""created_time"":""2026-04-28T05:20:52.099571Z"",""no_price_dollars"":""0.4500"",""taker_side"":""yes"",""ticker"":""KXETH15M-26APR280130-30"",""trade_id"":""d13769a0-316d-4d1b-2bfc-37dbbfce8c49"",""yes_price_dollars"":""0.5500""}"
KXETH15M-26APR280130-30,c52c74e8-7b6e-4340-0dd8-14f267ae2333,1777353652,0.52,10.0,yes,"{""count_fp"":""10.00"",""created_time"":""2026-04-28T05:20:52.099571Z"",""no_price_dollars"":""0.4800"",""taker_side"":""yes"",""ticker"":""KXETH15M-26APR280130-30"",""trade_id"":""c52c74e8-7b6e-4340-0dd8-14f267ae2333"",""yes_price_dollars"":""0.5200""}"
KXETH15M-26APR280130-30,202cccd9-8a4d-4d9e-03e2-9fe22cf09cb4,1777353652,0.53,0.24,yes,"{""count_fp"":""0.24"",""created_time"":""2026-04-28T05:20:52.099571Z"",""no_price_dollars"":""0.4700"",""taker_side"":""yes"",""ticker"":""KXETH15M-26APR280130-30"",""trade_id"":""202cccd9-8a4d-4d9e-03e2-9fe22cf09cb4"",""yes_price_dollars"":""0.5300""}"
KXETH15M-26APR280130-30,eaa87a2f-b69d-78bf-222b-37409ec40894,1777353661,0.52,1.0,no,"{""count_fp"":""1.00"",""created_time"":""2026-04-28T05:21:01.149834Z"",""no_price_dollars"":""0.4800"",""taker_side"":""no"",""ticker"":""KXETH15M-26APR280130-30"",""trade_id"":""eaa87a2f-b69d-78bf-222b-37409ec40894"",""yes_price_dollars"":""0.5200""}"
KXETH15M-26APR280130-30,43f094c5-ec51-5a27-1ca7-0f967f143378,1777353663,0.52,1.0,no,"{""count_fp"":""1.00"",""created_time"":""2026-04-28T05:21:03.151339Z"",""no_price_dollars"":""0.4800"",""taker_side"":""no"",""ticker"":""KXETH15M-26APR280130-30"",""trade_id"":""43f094c5-ec51-5a27-1ca7-0f967f143378"",""yes_price_dollars"":""0.5200""}"
KXETH15M-26APR280130-30,68aad3a0-dc25-5523-553a-a2e2a784dfab,1777353665,0.54,0.21,yes,"{""count_fp"":""0.21"",""created_time"":""2026-04-28T05:21:05.286149Z"",""no_price_dollars"":""0.4600"",""taker_side"":""yes"",""ticker"":""KXETH15M-26APR280130-30"",""trade_id"":""68aad3a0-dc25-5523-553a-a2e2a784dfab"",""yes_price_dollars"":""0.5400""}"
KXETH15M-26APR280130-30,78405588-9abc-7300-7683-b2d6538d5a60,1777353670,0.54,2.0,yes,"{""count_fp"":""2.00"",""created_time"":""2026-04-28T05:21:10.434305Z"",""no_price_dollars"":""0.4600"",""taker_side"":""yes"",""ticker"":""KXETH15M-26APR280130-30"",""trade_id"":""78405588-9abc-7300-7683-b2d6538d5a60"",""yes_price_dollars"":""0.5400""}"
KXETH15M-26APR280130-30,4505a3d2-a858-76e0-4a6e-4c20f04e0c94,1777353670,0.57,10.0,yes,"{""count_fp"":""10.00"",""created_time"":""2026-04-28T05:21:10.434305Z"",""no_price_dollars"":""0.4300"",""taker_side"":""yes"",""ticker"":""KXETH15M-26APR280130-30"",""trade_id"":""4505a3d2-a858-76e0-4a6e-4c20f04e0c94"",""yes_price_dollars"":""0.5700""}"
KXETH15M-26APR280130-30,31d277cd-95a5-63fe-6357-98a7607404cf,1777353671,0.57,13.29,no,"{""count_fp"":""13.29"",""created_time"":""2026-04-28T05:21:11.089571Z"",""no_price_dollars"":""0.4300"",""taker_side"":""no"",""ticker"":""KXETH15M-26APR280130-30"",""trade_id"":""31d277cd-95a5-63fe-6357-98a7607404cf"",""yes_price_dollars"":""0.5700""}"
KXETH15M-26APR280130-30,48c13bec-7d3a-7f62-6d0f-9925d85366b4,1777353678,0.59,1.0,no,"{""count_fp"":""1.00"",""created_time"":""2026-04-28T05:21:18.647779Z"",""no_price_dollars"":""0.4100"",""taker_side"":""no"",""ticker"":""KXETH15M-26APR280130-30"",""trade_id"":""48c13bec-7d3a-7f62-6d0f-9925d85366b4"",""yes_price_dollars"":""0.5900""}"
KXETH15M-26APR280130-30,51bee1c6-d79e-755a-dc2c-0bfab956e344,1777353681,0.59,1.0,no,"{""count_fp"":""1.00"",""created_time"":""2026-04-28T05:21:21.742845Z"",""no_price_dollars"":""0.4100"",""taker_side"":""no"",""ticker"":""KXETH15M-26APR280130-30"",""trade_id"":""51bee1c6-d79e-755a-dc2c-0bfab956e344"",""yes_price_dollars"":""0.5900""}"
KXETH15M-26APR280130-30,2d7db8b3-6b11-730c-de31-04f105f0afef,1777353681,0.57,1.27,no,"{""count_fp"":""1.27"",""created_time"":""2026-04-28T05:21:21.742845Z"",""no_price_dollars"":""0.4300"",""taker_side"":""no"",""ticker"":""KXETH15M-26APR280130-30"",""trade_id"":""2d7db8b3-6b11-730c-de31-04f105f0afef"",""yes_price_dollars"":""0.5700""}"
KXETH15M-26APR280130-30,0286a505-b2d6-54e9-679f-2acb5e911044,1777353689,0.58,4.37,no,"{""count_fp"":""4.37"",""created_time"":""2026-04-28T05:21:29.502814Z"",""no_price_dollars"":""0.4200"",""taker_side"":""no"",""ticker"":""KXETH15M-26APR280130-30"",""trade_id"":""0286a505-b2d6-54e9-679f-2acb5e911044"",""yes_price_dollars"":""0.5800""}"
KXETH15M-26APR280130-30,9705dc81-45b7-7caf-e590-f59c029639c8,1777353691,0.6,7.89,yes,"{""count_fp"":""7.89"",""created_time"":""2026-04-28T05:21:31.745036Z"",""no_price_dollars"":""0.4000"",""taker_side"":""yes"",""ticker"":""KXETH15M-26APR280130-30"",""trade_id"":""9705dc81-45b7-7caf-e590-f59c029639c8"",""yes_price_dollars"":""0.6000""}"
KXETH15M-26APR280130-30,447dfe65-0d38-7b7f-d3cc-b050a428cbd4,1777353691,0.6,1.11,yes,"{""count_fp"":""1.11"",""created_time"":""2026-04-28T05:21:31.745036Z"",""no_price_dollars"":""0.4000"",""taker_side"":""yes"",""ticker"":""KXETH15M-26APR280130-30"",""trade_id"":""447dfe65-0d38-7b7f-d3cc-b050a428cbd4"",""yes_price_dollars"":""0.6000""}"
KXETH15M-26APR280130-30,0827b542-1062-7e87-d9ab-27ff9e17b740,1777353691,0.6,10.0,yes,"{""count_fp"":""10.00"",""created_time"":""2026-04-28T05:21:31.745036Z"",""no_price_dollars"":""0.4000"",""taker_side"":""yes"",""ticker"":""KXETH15M-26APR280130-30"",""trade_id"":""0827b542-1062-7e87-d9ab-27ff9e17b740"",""yes_price_dollars"":""0.6000""}"
KXETH15M-26APR280130-30,3634aad4-2410-45f5-dd84-077975d4b8c9,1777353693,0.65,40.0,yes,"{""count_fp"":""40.00"",""created_time"":""2026-04-28T05:21:33.402687Z"",""no_price_dollars"":""0.3500"",""taker_side"":""yes"",""ticker"":""KXETH15M-26APR280130-30"",""trade_id"":""3634aad4-2410-45f5-dd84-077975d4b8c9"",""yes_price_dollars"":""0.6500""}"
KXETH15M-26APR280130-30,28238489-e9de-41a9-8005-9266491854ad,1777353693,0.6,0.89,yes,"{""count_fp"":""0.89"",""created_time"":""2026-04-28T05:21:33.391951Z"",""no_price_dollars"":""0.4000"",""taker_side"":""yes"",""ticker"":""KXETH15M-26APR280130-30"",""trade_id"":""28238489-e9de-41a9-8005-9266491854ad"",""yes_price_dollars"":""0.6000""}"
KXETH15M-26APR280130-30,6e041899-3279-575d-eaec-55270d3a0157,1777353695,0.6,2.0,no,"{""count_fp"":""2.00"",""created_time"":""2026-04-28T05:21:35.260117Z"",""no_price_dollars"":""0.4000"",""taker_side"":""no"",""ticker"":""KXETH15M-26APR280130-30"",""trade_id"":""6e041899-3279-575d-eaec-55270d3a0157"",""yes_price_dollars"":""0.6000""}"
KXETH15M-26APR280130-30,535ff4e3-c455-5b98-d978-59de7861b1ff,1777353695,0.6,9.44,no,"{""count_fp"":""9.44"",""created_time"":""2026-04-28T05:21:35.260117Z"",""no_price_dollars"":""0.4000"",""taker_side"":""no"",""ticker"":""KXETH15M-26APR280130-30"",""trade_id"":""535ff4e3-c455-5b98-d978-59de7861b1ff"",""yes_price_dollars"":""0.6000""}"
KXETH15M-26APR280130-30,501f6f73-6265-6f18-4880-09a94378643f,1777353712,0.6,0.19,no,"{""count_fp"":""0.19"",""created_time"":""2026-04-28T05:21:52.924171Z"",""no_price_dollars"":""0.4000"",""taker_side"":""no"",""ticker"":""KXETH15M-26APR280130-30"",""trade_id"":""501f6f73-6265-6f18-4880-09a94378643f"",""yes_price_dollars"":""0.6000""}"
KXETH15M-26APR280130-30,37952f1b-9888-6998-7a48-073129c94387,1777353712,0.6,1.0,no,"{""count_fp"":""1.00"",""created_time"":""2026-04-28T05:21:52.924171Z"",""no_price_dollars"":""0.4000"",""taker_side"":""no"",""ticker"":""KXETH15M-26APR280130-30"",""trade_id"":""37952f1b-9888-6998-7a48-073129c94387"",""yes_price_dollars"":""0.6000""}"
KXETH15M-26APR280130-30,ccc4824c-4029-7f5c-1bd4-77c90427563f,1777353716,0.6,0.89,no,"{""count_fp"":""0.89"",""created_time"":""2026-04-28T05:21:56.405963Z"",""no_price_dollars"":""0.4000"",""taker_side"":""no"",""ticker"":""KXETH15M-26APR280130-30"",""trade_id"":""ccc4824c-4029-7f5c-1bd4-77c90427563f"",""yes_price_dollars"":""0.6000""}"
KXETH15M-26APR280130-30,6468c3a3-d86d-4ea0-a6eb-674383025533,1777353717,0.6,11.99,no,"{""count_fp"":""11.99"",""created_time"":""2026-04-28T05:21:57.628836Z"",""no_price_dollars"":""0.4000"",""taker_side"":""no"",""ticker"":""KXETH15M-26APR280130-30"",""trade_id"":""6468c3a3-d86d-4ea0-a6eb-674383025533"",""yes_price_dollars"":""0.6000""}"
KXETH15M-26APR280130-30,e86c3b03-95d9-6043-e47d-eaefb22c5252,1777353718,0.67,1.0,yes,"{""count_fp"":""1.00"",""created_time"":""2026-04-28T05:21:58.553048Z"",""no_price_dollars"":""0.3300"",""taker_side"":""yes"",""ticker"":""KXETH15M-26APR280130-30"",""trade_id"":""e86c3b03-95d9-6043-e47d-eaefb22c5252"",""yes_price_dollars"":""0.6700""}"
KXETH15M-26APR280130-30,de326766-3f1d-635e-c629-965a5f887659,1777353718,0.61,2.0,yes,"{""count_fp"":""2.00"",""created_time"":""2026-04-28T05:21:58.553048Z"",""no_price_dollars"":""0.3900"",""taker_side"":""yes"",""ticker"":""KXETH15M-26APR280130-30"",""trade_id"":""de326766-3f1d-635e-c629-965a5f887659"",""yes_price_dollars"":""0.6100""}"
KXETH15M-26APR280130-30,7e9c756d-2bd9-6b77-e099-a295f2a01e7e,1777353718,0.67,6.0,yes,"{""count_fp"":""6.00"",""created_time"":""2026-04-28T05:21:58.553048Z"",""no_price_dollars"":""0.3300"",""taker_side"":""yes"",""ticker"":""KXETH15M-26APR280130-30"",""trade_id"":""7e9c756d-2bd9-6b77-e099-a295f2a01e7e"",""yes_price_dollars"":""0.6700""}"
KXETH15M-26APR280130-30,79b54eb7-bd5e-627b-caa4-7e54459c21d9,1777353718,0.65,10.0,yes,"{""count_fp"":""10.00"",""created_time"":""2026-04-28T05:21:58.553048Z"",""no_price_dollars"":""0.3500"",""taker_side"":""yes"",""ticker"":""KXETH15M-26APR280130-30"",""trade_id"":""79b54eb7-bd5e-627b-caa4-7e54459c21d9"",""yes_price_dollars"":""0.6500""}"
KXETH15M-26APR280130-30,1970cdbc-362d-60e6-c32d-ed5736c0dd01,1777353718,0.66,10.0,yes,"{""count_fp"":""10.00"",""created_time"":""2026-04-28T05:21:58.553048Z"",""no_price_dollars"":""0.3400"",""taker_side"":""yes"",""ticker"":""KXETH15M-26APR280130-30"",""trade_id"":""1970cdbc-362d-60e6-c32d-ed5736c0dd01"",""yes_price_dollars"":""0.6600""}"
KXETH15M-26APR280130-30,b959f7ed-f3e1-6af4-70f5-fa49f94d6cca,1777353721,0.62,1.0,no,"{""count_fp"":""1.00"",""created_time"":""2026-04-28T05:22:01.745575Z"",""no_price_dollars"":""0.3800"",""taker_side"":""no"",""ticker"":""KXETH15M-26APR280130-30"",""trade_id"":""b959f7ed-f3e1-6af4-70f5-fa49f94d6cca"",""yes_price_dollars"":""0.6200""}"
KXETH15M-26APR280130-30,dc034cc6-2901-5190-b265-680bdda797b2,1777353723,0.62,1.0,no,"{""count_fp"":""1.00"",""created_time"":""2026-04-28T05:22:03.390406Z"",""no_price_dollars"":""0.3800"",""taker_side"":""no"",""ticker"":""KXETH15M-26APR280130-30"",""trade_id"":""dc034cc6-2901-5190-b265-680bdda797b2"",""yes_price_dollars"":""0.6200""}"
KXETH15M-26APR280130-30,e036d304-799f-7c00-2ce6-f04fd255be71,1777353725,0.59,1.0,yes,"{""count_fp"":""1.00"",""created_time"":""2026-04-28T05:22:05.308185Z"",""no_price_dollars"":""0.4100"",""taker_side"":""yes"",""ticker"":""KXETH15M-26APR280130-30"",""trade_id"":""e036d304-799f-7c00-2ce6-f04fd255be71"",""yes_price_dollars"":""0.5900""}"
KXETH15M-26APR280130-30,36ef0f2f-5549-768b-2165-94b499079b25,1777353725,0.59,5.17,yes,"{""count_fp"":""5.17"",""created_time"":""2026-04-28T05:22:05.308185Z"",""no_price_dollars"":""0.4100"",""taker_side"":""yes"",""ticker"":""KXETH15M-26APR280130-30"",""trade_id"":""36ef0f2f-5549-768b-2165-94b499079b25"",""yes_price_dollars"":""0.5900""}"
KXETH15M-26APR280130-30,4a9a6e01-f06e-4179-8d8c-83b3e812a59c,1777353725,0.59,10.0,no,"{""count_fp"":""10.00"",""created_time"":""2026-04-28T05:22:05.119164Z"",""no_price_dollars"":""0.4100"",""taker_side"":""no"",""ticker"":""KXETH15M-26APR280130-30"",""trade_id"":""4a9a6e01-f06e-4179-8d8c-83b3e812a59c"",""yes_price_dollars"":""0.5900""}"
KXETH15M-26APR280130-30,0cc88219-7263-7d71-abeb-0c862265dd8a,1777353726,0.57,3.0,yes,"{""count_fp"":""3.00"",""created_time"":""2026-04-28T05:22:06.287751Z"",""no_price_dollars"":""0.4300"",""taker_side"":""yes"",""ticker"":""KXETH15M-26APR280130-30"",""trade_id"":""0cc88219-7263-7d71-abeb-0c862265dd8a"",""yes_price_dollars"":""0.5700""}"
KXETH15M-26APR280130-30,dd9d5602-348c-53e3-8ce3-b7e2dd9fe53d,1777353726,0.58,10.0,no,"{""count_fp"":""10.00"",""created_time"":""2026-04-28T05:22:06.037874Z"",""no_price_dollars"":""0.4200"",""taker_side"":""no"",""ticker"":""KXETH15M-26APR280130-30"",""trade_id"":""dd9d5602-348c-53e3-8ce3-b7e2dd9fe53d"",""yes_price_dollars"":""0.5800""}"
KXETH15M-26APR280130-30,b56eb9eb-4522-5eb2-ac61-23a20820a2d4,1777353726,0.58,5.0,no,"{""count_fp"":""5.00"",""created_time"":""2026-04-28T05:22:06.037874Z"",""no_price_dollars"":""0.4200"",""taker_side"":""no"",""ticker"":""KXETH15M-26APR280130-30"",""trade_id"":""b56eb9eb-4522-5eb2-ac61-23a20820a2d4"",""yes_price_dollars"":""0.5800""}"
KXETH15M-26APR280130-30,500ffd21-5327-7a3e-50a6-c1a7b29813a0,1777353728,0.58,2.0,yes,"{""count_fp"":""2.00"",""created_time"":""2026-04-28T05:22:08.351401Z"",""no_price_dollars"":""0.4200"",""taker_side"":""yes"",""ticker"":""KXETH15M-26APR280130-30"",""trade_id"":""500ffd21-5327-7a3e-50a6-c1a7b29813a0"",""yes_price_dollars"":""0.5800""}"
KXETH15M-26APR280130-30,532e19d7-7841-57f3-8e55-b5b46dcaaa85,1777353729,0.59,1.0,yes,"{""count_fp"":""1.00"",""created_time"":""2026-04-28T05:22:09.441282Z"",""no_price_dollars"":""0.4100"",""taker_side"":""yes"",""ticker"":""KXETH15M-26APR280130-30"",""trade_id"":""532e19d7-7841-57f3-8e55-b5b46dcaaa85"",""yes_price_dollars"":""0.5900""}"
KXETH15M-26APR280130-30,2a51b25f-9dff-73be-cff7-ee926eef77f1,1777353735,0.57,3.4,yes,"{""count_fp"":""3.40"",""created_time"":""2026-04-28T05:22:15.543214Z"",""no_price_dollars"":""0.4300"",""taker_side"":""yes"",""ticker"":""KXETH15M-26APR280130-30"",""trade_id"":""2a51b25f-9dff-73be-cff7-ee926eef77f1"",""yes_price_dollars"":""0.5700""}"
KXETH15M-26APR280130-30,2b488397-24f4-605e-51cc-ef42e4242dfc,1777353739,0.54,0.2,no,"{""count_fp"":""0.20"",""created_time"":""2026-04-28T05:22:19.126696Z"",""no_price_dollars"":""0.4600"",""taker_side"":""no"",""ticker"":""KXETH15M-26APR280130-30"",""trade_id"":""2b488397-24f4-605e-51cc-ef42e4242dfc"",""yes_price_dollars"":""0.5400""}"
KXETH15M-26APR280130-30,7973b192-0980-6bdd-6849-f4f00e2cef02,1777353744,0.53,9.27,no,"{""count_fp"":""9.27"",""created_time"":""2026-04-28T05:22:24.290875Z"",""no_price_dollars"":""0.4700"",""taker_side"":""no"",""ticker"":""KXETH15M-26APR280130-30"",""trade_id"":""7973b192-0980-6bdd-6849-f4f00e2cef02"",""yes_price_dollars"":""0.5300""}"
KXETH15M-26APR280130-30,51c701cf-97c8-6510-4e32-9f1febfb1588,1777353744,0.54,1.0,no,"{""count_fp"":""1.00"",""created_time"":""2026-04-28T05:22:24.290875Z"",""no_price_dollars"":""0.4600"",""taker_side"":""no"",""ticker"":""KXETH15M-26APR280130-30"",""trade_id"":""51c701cf-97c8-6510-4e32-9f1febfb1588"",""yes_price_dollars"":""0.5400""}"
KXETH15M-26APR280130-30,7ee9f155-24fe-4107-a125-e1ea5e51af0d,1777353747,0.54,1.0,no,"{""count_fp"":""1.00"",""created_time"":""2026-04-28T05:22:27.549775Z"",""no_price_dollars"":""0.4600"",""taker_side"":""no"",""ticker"":""KXETH15M-26APR280130-30"",""trade_id"":""7ee9f155-24fe-4107-a125-e1ea5e51af0d"",""yes_price_dollars"":""0.5400""}"
KXETH15M-26APR280130-30,b2dd10bc-f144-69a2-4298-09d9e289edbf,1777353747,0.53,1.06,no,"{""count_fp"":""1.06"",""created_time"":""2026-04-28T05:22:27.071621Z"",""no_price_dollars"":""0.4700"",""taker_side"":""no"",""ticker"":""KXETH15M-26APR280130-30"",""trade_id"":""b2dd10bc-f144-69a2-4298-09d9e289edbf"",""yes_price_dollars"":""0.5300""}"
KXETH15M-26APR280130-30,a2cebe05-d310-6aa4-76fe-576869867742,1777353747,0.54,1.0,no,"{""count_fp"":""1.00"",""created_time"":""2026-04-28T05:22:27.071621Z"",""no_price_dollars"":""0.4600"",""taker_side"":""no"",""ticker"":""KXETH15M-26APR280130-30"",""trade_id"":""a2cebe05-d310-6aa4-76fe-576869867742"",""yes_price_dollars"":""0.5400""}"
KXETH15M-26APR280130-30,d013745a-e181-6acf-cf72-87ae0b32b7f5,1777353748,0.57,84.0,yes,"{""count_fp"":""84.00"",""created_time"":""2026-04-28T05:22:28.075935Z"",""no_price_dollars"":""0.4300"",""taker_side"":""yes"",""ticker"":""KXETH15M-26APR280130-30"",""trade_id"":""d013745a-e181-6acf-cf72-87ae0b32b7f5"",""yes_price_dollars"":""0.5700""}"
KXETH15M-26APR280130-30,bb149d29-eef0-600e-eabd-ab6dce91c40b,1777353748,0.54,2.0,yes,"{""count_fp"":""2.00"",""created_time"":""2026-04-28T05:22:28.075935Z"",""no_price_dollars"":""0.4600"",""taker_side"":""yes"",""ticker"":""KXETH15M-26APR280130-30"",""trade_id"":""bb149d29-eef0-600e-eabd-ab6dce91c40b"",""yes_price_dollars"":""0.5400""}"
KXETH15M-26APR280130-30,553825fc-220c-6e4b-da7e-8daec8fc28ec,1777353748,0.56,10.0,yes,"{""count_fp"":""10.00"",""created_time"":""2026-04-28T05:22:28.075935Z"",""no_price_dollars"":""0.4400"",""taker_side"":""yes"",""ticker"":""KXETH15M-26APR280130-30"",""trade_id"":""553825fc-220c-6e4b-da7e-8daec8fc28ec"",""yes_price_dollars"":""0.5600""}"
KXETH15M-26APR280130-30,f9c69b54-212c-5943-7401-d36163a74191,1777353759,0.59,10.0,yes,"{""count_fp"":""10.00"",""created_time"":""2026-04-28T05:22:39.469655Z"",""no_price_dollars"":""0.4100"",""taker_side"":""yes"",""ticker"":""KXETH15M-26APR280130-30"",""trade_id"":""f9c69b54-212c-5943-7401-d36163a74191"",""yes_price_dollars"":""0.5900""}"
KXETH15M-26APR280130-30,107c32af-7a57-42d8-9c7e-71a7a618ec1d,1777353761,0.55,1.0,no,"{""count_fp"":""1.00"",""created_time"":""2026-04-28T05:22:41.648933Z"",""no_price_dollars"":""0.4500"",""taker_side"":""no"",""ticker"":""KXETH15M-26APR280130-30"",""trade_id"":""107c32af-7a57-42d8-9c7e-71a7a618ec1d"",""yes_price_dollars"":""0.5500""}"
KXETH15M-26APR280130-30,fb170219-1f0d-773b-985b-76449bc4c608,1777353772,0.52,9.66,no,"{""count_fp"":""9.66"",""created_time"":""2026-04-28T05:22:52.705728Z"",""no_price_dollars"":""0.4800"",""taker_side"":""no"",""ticker"":""KXETH15M-26APR280130-30"",""trade_id"":""fb170219-1f0d-773b-985b-76449bc4c608"",""yes_price_dollars"":""0.5200""}"
KXETH15M-26APR280130-30,56092612-f2ec-4366-9f3c-611a16366d7a,1777353774,0.51,38.64,no,"{""count_fp"":""38.64"",""created_time"":""2026-04-28T05:22:54.475478Z"",""no_price_dollars"":""0.4900"",""taker_side"":""no"",""ticker"":""KXETH15M-26APR280130-30"",""trade_id"":""56092612-f2ec-4366-9f3c-611a16366d7a"",""yes_price_dollars"":""0.5100""}"
KXETH15M-26APR280130-30,936a705b-4f2e-4ce4-651c-7b3befb8c48a,1777353775,0.52,6.03,no,"{""count_fp"":""6.03"",""created_time"":""2026-04-28T05:22:55.259471Z"",""no_price_dollars"":""0.4800"",""taker_side"":""no"",""ticker"":""KXETH15M-26APR280130-30"",""trade_id"":""936a705b-4f2e-4ce4-651c-7b3befb8c48a"",""yes_price_dollars"":""0.5200""}"
KXETH15M-26APR280130-30,1b5c8678-24d1-5f4c-5bf6-0b08a4b6ec9f,1777353778,0.52,13.52,no,"{""count_fp"":""13.52"",""created_time"":""2026-04-28T05:22:58.640471Z"",""no_price_dollars"":""0.4800"",""taker_side"":""no"",""ticker"":""KXETH15M-26APR280130-30"",""trade_id"":""1b5c8678-24d1-5f4c-5bf6-0b08a4b6ec9f"",""yes_price_dollars"":""0.5200""}"
KXETH15M-26APR280130-30,49521090-8361-6b7e-5df9-2d2e3af5e92b,1777353781,0.52,0.5,no,"{""count_fp"":""0.50"",""created_time"":""2026-04-28T05:23:01.856143Z"",""no_price_dollars"":""0.4800"",""taker_side"":""no"",""ticker"":""KXETH15M-26APR280130-30"",""trade_id"":""49521090-8361-6b7e-5df9-2d2e3af5e92b"",""yes_price_dollars"":""0.5200""}"
KXETH15M-26APR280130-30,8f6657ae-d2e7-4008-a066-a34d7924087c,1777353781,0.52,2.01,no,"{""count_fp"":""2.01"",""created_time"":""2026-04-28T05:23:01.475909Z"",""no_price_dollars"":""0.4800"",""taker_side"":""no"",""ticker"":""KXETH15M-26APR280130-30"",""trade_id"":""8f6657ae-d2e7-4008-a066-a34d7924087c"",""yes_price_dollars"":""0.5200""}"
KXETH15M-26APR280130-30,2a13967e-6bad-55aa-0bf3-eefdc9030a27,1777353782,0.52,20.1,no,"{""count_fp"":""20.10"",""created_time"":""2026-04-28T05:23:02.861868Z"",""no_price_dollars"":""0.4800"",""taker_side"":""no"",""ticker"":""KXETH15M-26APR280130-30"",""trade_id"":""2a13967e-6bad-55aa-0bf3-eefdc9030a27"",""yes_price_dollars"":""0.5200""}"
KXETH15M-26APR280130-30,5b6339de-824f-7923-21fb-c2b9d2ec1bb4,1777353784,0.56,1.0,yes,"{""count_fp"":""1.00"",""created_time"":""2026-04-28T05:23:04.794455Z"",""no_price_dollars"":""0.4400"",""taker_side"":""yes"",""ticker"":""KXETH15M-26APR280130-30"",""trade_id"":""5b6339de-824f-7923-21fb-c2b9d2ec1bb4"",""yes_price_dollars"":""0.5600""}"
