ticker,trade_id,ts,yes_price,count,taker_side,raw_json
KXETH15M-26APR280800-00,dc666c8b-6171-59dd-5cea-c24ccdf513b8,1777376716,0.56,58.0,yes,"{""count_fp"":""58.00"",""created_time"":""2026-04-28T11:45:16.748715Z"",""no_price_dollars"":""0.4400"",""taker_side"":""yes"",""ticker"":""KXETH15M-26APR280800-00"",""trade_id"":""dc666c8b-6171-59dd-5cea-c24ccdf513b8"",""yes_price_dollars"":""0.5600""}"
KXETH15M-26APR280800-00,eae0156e-62ed-748c-ad8e-10003b8d6ec5,1777376716,0.56,10.0,no,"{""count_fp"":""10.00"",""created_time"":""2026-04-28T11:45:16.691814Z"",""no_price_dollars"":""0.4400"",""taker_side"":""no"",""ticker"":""KXETH15M-26APR280800-00"",""trade_id"":""eae0156e-62ed-748c-ad8e-10003b8d6ec5"",""yes_price_dollars"":""0.5600""}"
KXETH15M-26APR280800-00,77bc584f-39ed-7dcc-af54-9d61e2e092a2,1777376716,0.58,66.0,no,"{""count_fp"":""66.00"",""created_time"":""2026-04-28T11:45:16.691814Z"",""no_price_dollars"":""0.4200"",""taker_side"":""no"",""ticker"":""KXETH15M-26APR280800-00"",""trade_id"":""77bc584f-39ed-7dcc-af54-9d61e2e092a2"",""yes_price_dollars"":""0.5800""}"
KXETH15M-26APR280800-00,a481fe37-9d25-6e7d-f90a-2523a6cf3864,1777376716,0.57,3.0,no,"{""count_fp"":""3.00"",""created_time"":""2026-04-28T11:45:16.110119Z"",""no_price_dollars"":""0.4300"",""taker_side"":""no"",""ticker"":""KXETH15M-26APR280800-00"",""trade_id"":""a481fe37-9d25-6e7d-f90a-2523a6cf3864"",""yes_price_dollars"":""0.5700""}"
KXETH15M-26APR280800-00,d29eafe2-f744-56da-b454-47195997dde2,1777376718,0.64,10.0,yes,"{""count_fp"":""10.00"",""created_time"":""2026-04-28T11:45:18.307615Z"",""no_price_dollars"":""0.3600"",""taker_side"":""yes"",""ticker"":""KXETH15M-26APR280800-00"",""trade_id"":""d29eafe2-f744-56da-b454-47195997dde2"",""yes_price_dollars"":""0.6400""}"
KXETH15M-26APR280800-00,90a2548f-bcc3-5210-849d-9d07015f8de8,1777376718,0.63,2.0,yes,"{""count_fp"":""2.00"",""created_time"":""2026-04-28T11:45:18.307615Z"",""no_price_dollars"":""0.3700"",""taker_side"":""yes"",""ticker"":""KXETH15M-26APR280800-00"",""trade_id"":""90a2548f-bcc3-5210-849d-9d07015f8de8"",""yes_price_dollars"":""0.6300""}"
KXETH15M-26APR280800-00,a746bf38-92f3-74d1-edac-f706da7c09ad,1777376722,0.63,1.0,no,"{""count_fp"":""1.00"",""created_time"":""2026-04-28T11:45:22.143821Z"",""no_price_dollars"":""0.3700"",""taker_side"":""no"",""ticker"":""KXETH15M-26APR280800-00"",""trade_id"":""a746bf38-92f3-74d1-edac-f706da7c09ad"",""yes_price_dollars"":""0.6300""}"
KXETH15M-26APR280800-00,60bd2b28-b06c-434e-7681-326d600425c3,1777376727,0.67,7.29,yes,"{""count_fp"":""7.29"",""created_time"":""2026-04-28T11:45:27.499166Z"",""no_price_dollars"":""0.3300"",""taker_side"":""yes"",""ticker"":""KXETH15M-26APR280800-00"",""trade_id"":""60bd2b28-b06c-434e-7681-326d600425c3"",""yes_price_dollars"":""0.6700""}"
KXETH15M-26APR280800-00,906181e7-50be-5176-7f0e-db36597d0695,1777376730,0.62,2.0,no,"{""count_fp"":""2.00"",""created_time"":""2026-04-28T11:45:30.296439Z"",""no_price_dollars"":""0.3800"",""taker_side"":""no"",""ticker"":""KXETH15M-26APR280800-00"",""trade_id"":""906181e7-50be-5176-7f0e-db36597d0695"",""yes_price_dollars"":""0.6200""}"
KXETH15M-26APR280800-00,73a98778-0d73-5a01-793f-96a33cf29339,1777376730,0.63,2.0,no,"{""count_fp"":""2.00"",""created_time"":""2026-04-28T11:45:30.296439Z"",""no_price_dollars"":""0.3700"",""taker_side"":""no"",""ticker"":""KXETH15M-26APR280800-00"",""trade_id"":""73a98778-0d73-5a01-793f-96a33cf29339"",""yes_price_dollars"":""0.6300""}"
KXETH15M-26APR280800-00,16c3e776-883a-5dd3-70ee-6df5425acdb3,1777376730,0.62,40.0,no,"{""count_fp"":""40.00"",""created_time"":""2026-04-28T11:45:30.296439Z"",""no_price_dollars"":""0.3800"",""taker_side"":""no"",""ticker"":""KXETH15M-26APR280800-00"",""trade_id"":""16c3e776-883a-5dd3-70ee-6df5425acdb3"",""yes_price_dollars"":""0.6200""}"
KXETH15M-26APR280800-00,d9c61f45-c71b-47e1-e28e-a9de538dff01,1777376732,0.57,8.1,yes,"{""count_fp"":""8.10"",""created_time"":""2026-04-28T11:45:32.573964Z"",""no_price_dollars"":""0.4300"",""taker_side"":""yes"",""ticker"":""KXETH15M-26APR280800-00"",""trade_id"":""d9c61f45-c71b-47e1-e28e-a9de538dff01"",""yes_price_dollars"":""0.5700""}"
KXETH15M-26APR280800-00,0aa61871-d44f-5917-3105-168fb0148466,1777376736,0.51,3.94,no,"{""count_fp"":""3.94"",""created_time"":""2026-04-28T11:45:36.251917Z"",""no_price_dollars"":""0.4900"",""taker_side"":""no"",""ticker"":""KXETH15M-26APR280800-00"",""trade_id"":""0aa61871-d44f-5917-3105-168fb0148466"",""yes_price_dollars"":""0.5100""}"
KXETH15M-26APR280800-00,0c5ac10d-c1bf-5399-e24d-b2186132e9c5,1777376737,0.54,5.38,yes,"{""count_fp"":""5.38"",""created_time"":""2026-04-28T11:45:37.775722Z"",""no_price_dollars"":""0.4600"",""taker_side"":""yes"",""ticker"":""KXETH15M-26APR280800-00"",""trade_id"":""0c5ac10d-c1bf-5399-e24d-b2186132e9c5"",""yes_price_dollars"":""0.5400""}"
KXETH15M-26APR280800-00,872ce485-faf7-5503-d51c-2d75ca5a70fe,1777376738,0.51,7.29,no,"{""count_fp"":""7.29"",""created_time"":""2026-04-28T11:45:38.362762Z"",""no_price_dollars"":""0.4900"",""taker_side"":""no"",""ticker"":""KXETH15M-26APR280800-00"",""trade_id"":""872ce485-faf7-5503-d51c-2d75ca5a70fe"",""yes_price_dollars"":""0.5100""}"
KXETH15M-26APR280800-00,18124871-3298-6aed-8758-dc48efd0f217,1777376741,0.52,1.83,yes,"{""count_fp"":""1.83"",""created_time"":""2026-04-28T11:45:41.798449Z"",""no_price_dollars"":""0.4800"",""taker_side"":""yes"",""ticker"":""KXETH15M-26APR280800-00"",""trade_id"":""18124871-3298-6aed-8758-dc48efd0f217"",""yes_price_dollars"":""0.5200""}"
KXETH15M-26APR280800-00,58826d3a-c384-4f0a-b130-24dceb71ae1f,1777376748,0.54,2.79,yes,"{""count_fp"":""2.79"",""created_time"":""2026-04-28T11:45:48.144347Z"",""no_price_dollars"":""0.4600"",""taker_side"":""yes"",""ticker"":""KXETH15M-26APR280800-00"",""trade_id"":""58826d3a-c384-4f0a-b130-24dceb71ae1f"",""yes_price_dollars"":""0.5400""}"
KXETH15M-26APR280800-00,2748484a-805b-4087-984d-12829d00d94c,1777376748,0.54,60.0,yes,"{""count_fp"":""60.00"",""created_time"":""2026-04-28T11:45:48.144347Z"",""no_price_dollars"":""0.4600"",""taker_side"":""yes"",""ticker"":""KXETH15M-26APR280800-00"",""trade_id"":""2748484a-805b-4087-984d-12829d00d94c"",""yes_price_dollars"":""0.5400""}"
KXETH15M-26APR280800-00,fc462ffd-ec93-6d30-fbe5-26de64b4fb1d,1777376750,0.5,10.0,no,"{""count_fp"":""10.00"",""created_time"":""2026-04-28T11:45:50.785728Z"",""no_price_dollars"":""0.5000"",""taker_side"":""no"",""ticker"":""KXETH15M-26APR280800-00"",""trade_id"":""fc462ffd-ec93-6d30-fbe5-26de64b4fb1d"",""yes_price_dollars"":""0.5000""}"
KXETH15M-26APR280800-00,4f11e7d5-076f-6755-d670-b4c80c36e2a1,1777376750,0.5,1.0,no,"{""count_fp"":""1.00"",""created_time"":""2026-04-28T11:45:50.785728Z"",""no_price_dollars"":""0.5000"",""taker_side"":""no"",""ticker"":""KXETH15M-26APR280800-00"",""trade_id"":""4f11e7d5-076f-6755-d670-b4c80c36e2a1"",""yes_price_dollars"":""0.5000""}"
KXETH15M-26APR280800-00,4a943ca8-4be3-6f68-c93c-8be9ca881cce,1777376750,0.5,2.0,no,"{""count_fp"":""2.00"",""created_time"":""2026-04-28T11:45:50.785728Z"",""no_price_dollars"":""0.5000"",""taker_side"":""no"",""ticker"":""KXETH15M-26APR280800-00"",""trade_id"":""4a943ca8-4be3-6f68-c93c-8be9ca881cce"",""yes_price_dollars"":""0.5000""}"
KXETH15M-26APR280800-00,6fe03760-dd17-6d25-c3ba-f6834c27b221,1777376750,0.51,17.55,yes,"{""count_fp"":""17.55"",""created_time"":""2026-04-28T11:45:50.746204Z"",""no_price_dollars"":""0.4900"",""taker_side"":""yes"",""ticker"":""KXETH15M-26APR280800-00"",""trade_id"":""6fe03760-dd17-6d25-c3ba-f6834c27b221"",""yes_price_dollars"":""0.5100""}"
KXETH15M-26APR280800-00,04d7ceea-c20a-68e6-d0b9-9232362db5df,1777376750,0.51,9.59,yes,"{""count_fp"":""9.59"",""created_time"":""2026-04-28T11:45:50.746204Z"",""no_price_dollars"":""0.4900"",""taker_side"":""yes"",""ticker"":""KXETH15M-26APR280800-00"",""trade_id"":""04d7ceea-c20a-68e6-d0b9-9232362db5df"",""yes_price_dollars"":""0.5100""}"
KXETH15M-26APR280800-00,d5979732-cccd-7c70-5146-be8122082c13,1777376752,0.5,88.08,yes,"{""count_fp"":""88.08"",""created_time"":""2026-04-28T11:45:52.243536Z"",""no_price_dollars"":""0.5000"",""taker_side"":""yes"",""ticker"":""KXETH15M-26APR280800-00"",""trade_id"":""d5979732-cccd-7c70-5146-be8122082c13"",""yes_price_dollars"":""0.5000""}"
KXETH15M-26APR280800-00,9aa76d46-7f87-7d15-5e1c-db7a9a84e69d,1777376752,0.5,100.0,yes,"{""count_fp"":""100.00"",""created_time"":""2026-04-28T11:45:52.243536Z"",""no_price_dollars"":""0.5000"",""taker_side"":""yes"",""ticker"":""KXETH15M-26APR280800-00"",""trade_id"":""9aa76d46-7f87-7d15-5e1c-db7a9a84e69d"",""yes_price_dollars"":""0.5000""}"
KXETH15M-26APR280800-00,789b4f70-13d1-65f6-6a62-4553247fca38,1777376755,0.48,5.0,yes,"{""count_fp"":""5.00"",""created_time"":""2026-04-28T11:45:55.576182Z"",""no_price_dollars"":""0.5200"",""taker_side"":""yes"",""ticker"":""KXETH15M-26APR280800-00"",""trade_id"":""789b4f70-13d1-65f6-6a62-4553247fca38"",""yes_price_dollars"":""0.4800""}"
KXETH15M-26APR280800-00,419cfe68-bf26-61ef-4e44-2d00d36d9649,1777376755,0.48,10.0,yes,"{""count_fp"":""10.00"",""created_time"":""2026-04-28T11:45:55.576182Z"",""no_price_dollars"":""0.5200"",""taker_side"":""yes"",""ticker"":""KXETH15M-26APR280800-00"",""trade_id"":""419cfe68-bf26-61ef-4e44-2d00d36d9649"",""yes_price_dollars"":""0.4800""}"
KXETH15M-26APR280800-00,dc02fa70-87e0-6bfb-67f6-38fd1c9edcc5,1777376756,0.49,9.66,yes,"{""count_fp"":""9.66"",""created_time"":""2026-04-28T11:45:56.229074Z"",""no_price_dollars"":""0.5100"",""taker_side"":""yes"",""ticker"":""KXETH15M-26APR280800-00"",""trade_id"":""dc02fa70-87e0-6bfb-67f6-38fd1c9edcc5"",""yes_price_dollars"":""0.4900""}"
KXETH15M-26APR280800-00,0b63e8fe-db14-7615-e5af-d33c4fe16cf9,1777376758,0.49,1.0,yes,"{""count_fp"":""1.00"",""created_time"":""2026-04-28T11:45:58.352137Z"",""no_price_dollars"":""0.5100"",""taker_side"":""yes"",""ticker"":""KXETH15M-26APR280800-00"",""trade_id"":""0b63e8fe-db14-7615-e5af-d33c4fe16cf9"",""yes_price_dollars"":""0.4900""}"
KXETH15M-26APR280800-00,170b5ba1-ca2c-74a7-c363-2f812e28b3bd,1777376759,0.49,1.97,yes,"{""count_fp"":""1.97"",""created_time"":""2026-04-28T11:45:59.312454Z"",""no_price_dollars"":""0.5100"",""taker_side"":""yes"",""ticker"":""KXETH15M-26APR280800-00"",""trade_id"":""170b5ba1-ca2c-74a7-c363-2f812e28b3bd"",""yes_price_dollars"":""0.4900""}"
KXETH15M-26APR280800-00,fcd737bb-2551-446f-1d9f-9afade74b9ad,1777376761,0.48,1.0,yes,"{""count_fp"":""1.00"",""created_time"":""2026-04-28T11:46:01.627231Z"",""no_price_dollars"":""0.5200"",""taker_side"":""yes"",""ticker"":""KXETH15M-26APR280800-00"",""trade_id"":""fcd737bb-2551-446f-1d9f-9afade74b9ad"",""yes_price_dollars"":""0.4800""}"
KXETH15M-26APR280800-00,24985c6c-2153-4cc1-6945-4404d9dece0a,1777376761,0.47,10.0,no,"{""count_fp"":""10.00"",""created_time"":""2026-04-28T11:46:01.569124Z"",""no_price_dollars"":""0.5300"",""taker_side"":""no"",""ticker"":""KXETH15M-26APR280800-00"",""trade_id"":""24985c6c-2153-4cc1-6945-4404d9dece0a"",""yes_price_dollars"":""0.4700""}"
KXETH15M-26APR280800-00,7a15f21d-cb6d-6cf5-5b84-c08a3beccc29,1777376761,0.48,1.0,no,"{""count_fp"":""1.00"",""created_time"":""2026-04-28T11:46:01.503661Z"",""no_price_dollars"":""0.5200"",""taker_side"":""no"",""ticker"":""KXETH15M-26APR280800-00"",""trade_id"":""7a15f21d-cb6d-6cf5-5b84-c08a3beccc29"",""yes_price_dollars"":""0.4800""}"
KXETH15M-26APR280800-00,85d15cbc-b46c-4063-c60f-9e2da397726e,1777376762,0.44,1.0,no,"{""count_fp"":""1.00"",""created_time"":""2026-04-28T11:46:02.541901Z"",""no_price_dollars"":""0.5600"",""taker_side"":""no"",""ticker"":""KXETH15M-26APR280800-00"",""trade_id"":""85d15cbc-b46c-4063-c60f-9e2da397726e"",""yes_price_dollars"":""0.4400""}"
KXETH15M-26APR280800-00,997797ef-7d28-7bab-4889-f414aacfcf18,1777376765,0.43,1.0,no,"{""count_fp"":""1.00"",""created_time"":""2026-04-28T11:46:05.469406Z"",""no_price_dollars"":""0.5700"",""taker_side"":""no"",""ticker"":""KXETH15M-26APR280800-00"",""trade_id"":""997797ef-7d28-7bab-4889-f414aacfcf18"",""yes_price_dollars"":""0.4300""}"
KXETH15M-26APR280800-00,5e018b3c-6560-60f7-73f8-ee3c4835e5ad,1777376767,0.42,3.0,yes,"{""count_fp"":""3.00"",""created_time"":""2026-04-28T11:46:07.912307Z"",""no_price_dollars"":""0.5800"",""taker_side"":""yes"",""ticker"":""KXETH15M-26APR280800-00"",""trade_id"":""5e018b3c-6560-60f7-73f8-ee3c4835e5ad"",""yes_price_dollars"":""0.4200""}"
KXETH15M-26APR280800-00,c953a3ac-a93c-40ab-ed08-82113ff57c48,1777376767,0.43,109.0,no,"{""count_fp"":""109.00"",""created_time"":""2026-04-28T11:46:07.627133Z"",""no_price_dollars"":""0.5700"",""taker_side"":""no"",""ticker"":""KXETH15M-26APR280800-00"",""trade_id"":""c953a3ac-a93c-40ab-ed08-82113ff57c48"",""yes_price_dollars"":""0.4300""}"
KXETH15M-26APR280800-00,1a9cace9-4ba5-792f-d171-aa13d9164061,1777376768,0.41,0.83,no,"{""count_fp"":""0.83"",""created_time"":""2026-04-28T11:46:08.839682Z"",""no_price_dollars"":""0.5900"",""taker_side"":""no"",""ticker"":""KXETH15M-26APR280800-00"",""trade_id"":""1a9cace9-4ba5-792f-d171-aa13d9164061"",""yes_price_dollars"":""0.4100""}"
KXETH15M-26APR280800-00,5c989879-4a3d-54db-e392-d4af7dc34109,1777376768,0.41,0.17,no,"{""count_fp"":""0.17"",""created_time"":""2026-04-28T11:46:08.334954Z"",""no_price_dollars"":""0.5900"",""taker_side"":""no"",""ticker"":""KXETH15M-26APR280800-00"",""trade_id"":""5c989879-4a3d-54db-e392-d4af7dc34109"",""yes_price_dollars"":""0.4100""}"
KXETH15M-26APR280800-00,352c70bd-e4a4-7484-e22c-327afcbf09c3,1777376769,0.4,5.0,no,"{""count_fp"":""5.00"",""created_time"":""2026-04-28T11:46:09.434643Z"",""no_price_dollars"":""0.6000"",""taker_side"":""no"",""ticker"":""KXETH15M-26APR280800-00"",""trade_id"":""352c70bd-e4a4-7484-e22c-327afcbf09c3"",""yes_price_dollars"":""0.4000""}"
KXETH15M-26APR280800-00,5f850a05-da2c-4d2f-23ec-ec94b2cffe8d,1777376774,0.35,5.59,yes,"{""count_fp"":""5.59"",""created_time"":""2026-04-28T11:46:14.987207Z"",""no_price_dollars"":""0.6500"",""taker_side"":""yes"",""ticker"":""KXETH15M-26APR280800-00"",""trade_id"":""5f850a05-da2c-4d2f-23ec-ec94b2cffe8d"",""yes_price_dollars"":""0.3500""}"
KXETH15M-26APR280800-00,3d87d1fc-a7c0-64c3-1792-7ee6ddb3a325,1777376774,0.36,2.02,yes,"{""count_fp"":""2.02"",""created_time"":""2026-04-28T11:46:14.697438Z"",""no_price_dollars"":""0.6400"",""taker_side"":""yes"",""ticker"":""KXETH15M-26APR280800-00"",""trade_id"":""3d87d1fc-a7c0-64c3-1792-7ee6ddb3a325"",""yes_price_dollars"":""0.3600""}"
KXETH15M-26APR280800-00,344f0590-943e-60ee-34fa-8c297fe667a4,1777376774,0.36,5.0,yes,"{""count_fp"":""5.00"",""created_time"":""2026-04-28T11:46:14.697438Z"",""no_price_dollars"":""0.6400"",""taker_side"":""yes"",""ticker"":""KXETH15M-26APR280800-00"",""trade_id"":""344f0590-943e-60ee-34fa-8c297fe667a4"",""yes_price_dollars"":""0.3600""}"
KXETH15M-26APR280800-00,7c2ea411-d37e-4d6c-1bbc-270e0ea518d1,1777376777,0.4,10.0,yes,"{""count_fp"":""10.00"",""created_time"":""2026-04-28T11:46:17.444424Z"",""no_price_dollars"":""0.6000"",""taker_side"":""yes"",""ticker"":""KXETH15M-26APR280800-00"",""trade_id"":""7c2ea411-d37e-4d6c-1bbc-270e0ea518d1"",""yes_price_dollars"":""0.4000""}"
KXETH15M-26APR280800-00,2d40cc80-98c8-448e-0ccd-5bc25e9a34be,1777376777,0.37,3.0,yes,"{""count_fp"":""3.00"",""created_time"":""2026-04-28T11:46:17.444424Z"",""no_price_dollars"":""0.6300"",""taker_side"":""yes"",""ticker"":""KXETH15M-26APR280800-00"",""trade_id"":""2d40cc80-98c8-448e-0ccd-5bc25e9a34be"",""yes_price_dollars"":""0.3700""}"
KXETH15M-26APR280800-00,0a658ce6-9df8-452a-12f8-6d651df5f013,1777376777,0.41,10.0,yes,"{""count_fp"":""10.00"",""created_time"":""2026-04-28T11:46:17.444424Z"",""no_price_dollars"":""0.5900"",""taker_side"":""yes"",""ticker"":""KXETH15M-26APR280800-00"",""trade_id"":""0a658ce6-9df8-452a-12f8-6d651df5f013"",""yes_price_dollars"":""0.4100""}"
KXETH15M-26APR280800-00,bde097a2-5487-63e7-f4da-d84327c17eda,1777376779,0.39,10.0,no,"{""count_fp"":""10.00"",""created_time"":""2026-04-28T11:46:19.777384Z"",""no_price_dollars"":""0.6100"",""taker_side"":""no"",""ticker"":""KXETH15M-26APR280800-00"",""trade_id"":""bde097a2-5487-63e7-f4da-d84327c17eda"",""yes_price_dollars"":""0.3900""}"
KXETH15M-26APR280800-00,121a919d-e2b0-6cbc-f463-91fcf4fc28ce,1777376779,0.38,6.04,no,"{""count_fp"":""6.04"",""created_time"":""2026-04-28T11:46:19.777384Z"",""no_price_dollars"":""0.6200"",""taker_side"":""no"",""ticker"":""KXETH15M-26APR280800-00"",""trade_id"":""121a919d-e2b0-6cbc-f463-91fcf4fc28ce"",""yes_price_dollars"":""0.3800""}"
KXETH15M-26APR280800-00,f2fa121e-03bc-4867-d07c-2cf48e1c748d,1777376779,0.44,40.0,yes,"{""count_fp"":""40.00"",""created_time"":""2026-04-28T11:46:19.066532Z"",""no_price_dollars"":""0.5600"",""taker_side"":""yes"",""ticker"":""KXETH15M-26APR280800-00"",""trade_id"":""f2fa121e-03bc-4867-d07c-2cf48e1c748d"",""yes_price_dollars"":""0.4400""}"
KXETH15M-26APR280800-00,ce90b69d-128c-5307-b1d3-68839a333069,1777376787,0.42,24.0,yes,"{""count_fp"":""24.00"",""created_time"":""2026-04-28T11:46:27.113736Z"",""no_price_dollars"":""0.5800"",""taker_side"":""yes"",""ticker"":""KXETH15M-26APR280800-00"",""trade_id"":""ce90b69d-128c-5307-b1d3-68839a333069"",""yes_price_dollars"":""0.4200""}"
KXETH15M-26APR280800-00,f4cc4ae4-a9b4-4c32-2d60-3a0e3b02a938,1777376790,0.45,10.0,yes,"{""count_fp"":""10.00"",""created_time"":""2026-04-28T11:46:30.328786Z"",""no_price_dollars"":""0.5500"",""taker_side"":""yes"",""ticker"":""KXETH15M-26APR280800-00"",""trade_id"":""f4cc4ae4-a9b4-4c32-2d60-3a0e3b02a938"",""yes_price_dollars"":""0.4500""}"
KXETH15M-26APR280800-00,0027d0d0-4f26-40c5-2cc3-ec30d5209414,1777376790,0.43,2.0,yes,"{""count_fp"":""2.00"",""created_time"":""2026-04-28T11:46:30.328786Z"",""no_price_dollars"":""0.5700"",""taker_side"":""yes"",""ticker"":""KXETH15M-26APR280800-00"",""trade_id"":""0027d0d0-4f26-40c5-2cc3-ec30d5209414"",""yes_price_dollars"":""0.4300""}"
KXETH15M-26APR280800-00,6ddc5ee3-39dd-5b63-971e-fbcde2c1b853,1777376791,0.43,3.0,no,"{""count_fp"":""3.00"",""created_time"":""2026-04-28T11:46:31.943949Z"",""no_price_dollars"":""0.5700"",""taker_side"":""no"",""ticker"":""KXETH15M-26APR280800-00"",""trade_id"":""6ddc5ee3-39dd-5b63-971e-fbcde2c1b853"",""yes_price_dollars"":""0.4300""}"
KXETH15M-26APR280800-00,ae727a3a-e5ac-4ac1-81f8-2ae3f6a92cf5,1777376796,0.47,31.0,yes,"{""count_fp"":""31.00"",""created_time"":""2026-04-28T11:46:36.816045Z"",""no_price_dollars"":""0.5300"",""taker_side"":""yes"",""ticker"":""KXETH15M-26APR280800-00"",""trade_id"":""ae727a3a-e5ac-4ac1-81f8-2ae3f6a92cf5"",""yes_price_dollars"":""0.4700""}"
KXETH15M-26APR280800-00,a63e248e-dcb4-7786-15e1-a8e79e8b5f35,1777376797,0.47,25.23,no,"{""count_fp"":""25.23"",""created_time"":""2026-04-28T11:46:37.484311Z"",""no_price_dollars"":""0.5300"",""taker_side"":""no"",""ticker"":""KXETH15M-26APR280800-00"",""trade_id"":""a63e248e-dcb4-7786-15e1-a8e79e8b5f35"",""yes_price_dollars"":""0.4700""}"
KXETH15M-26APR280800-00,15686ece-973a-7056-1033-c82806b21bc9,1777376797,0.47,10.0,no,"{""count_fp"":""10.00"",""created_time"":""2026-04-28T11:46:37.484311Z"",""no_price_dollars"":""0.5300"",""taker_side"":""no"",""ticker"":""KXETH15M-26APR280800-00"",""trade_id"":""15686ece-973a-7056-1033-c82806b21bc9"",""yes_price_dollars"":""0.4700""}"
KXETH15M-26APR280800-00,ddb75fd9-aa41-71b9-45c5-8b4253a156d2,1777376806,0.5,2.0,yes,"{""count_fp"":""2.00"",""created_time"":""2026-04-28T11:46:46.729724Z"",""no_price_dollars"":""0.5000"",""taker_side"":""yes"",""ticker"":""KXETH15M-26APR280800-00"",""trade_id"":""ddb75fd9-aa41-71b9-45c5-8b4253a156d2"",""yes_price_dollars"":""0.5000""}"
KXETH15M-26APR280800-00,cbffa636-821f-7493-5403-0d9ab58e7a8a,1777376806,0.5,2.0,yes,"{""count_fp"":""2.00"",""created_time"":""2026-04-28T11:46:46.729724Z"",""no_price_dollars"":""0.5000"",""taker_side"":""yes"",""ticker"":""KXETH15M-26APR280800-00"",""trade_id"":""cbffa636-821f-7493-5403-0d9ab58e7a8a"",""yes_price_dollars"":""0.5000""}"
KXETH15M-26APR280800-00,8dd655d9-7fa4-7e57-6f75-4fbe7f76dc57,1777376806,0.5,1.0,yes,"{""count_fp"":""1.00"",""created_time"":""2026-04-28T11:46:46.729724Z"",""no_price_dollars"":""0.5000"",""taker_side"":""yes"",""ticker"":""KXETH15M-26APR280800-00"",""trade_id"":""8dd655d9-7fa4-7e57-6f75-4fbe7f76dc57"",""yes_price_dollars"":""0.5000""}"
KXETH15M-26APR280800-00,86439f0e-93d1-7656-6831-4368566c29bc,1777376806,0.5,6.0,yes,"{""count_fp"":""6.00"",""created_time"":""2026-04-28T11:46:46.729724Z"",""no_price_dollars"":""0.5000"",""taker_side"":""yes"",""ticker"":""KXETH15M-26APR280800-00"",""trade_id"":""86439f0e-93d1-7656-6831-4368566c29bc"",""yes_price_dollars"":""0.5000""}"
KXETH15M-26APR280800-00,6839010a-e8af-77c9-7112-385bb3f37af0,1777376806,0.5,10.0,yes,"{""count_fp"":""10.00"",""created_time"":""2026-04-28T11:46:46.729724Z"",""no_price_dollars"":""0.5000"",""taker_side"":""yes"",""ticker"":""KXETH15M-26APR280800-00"",""trade_id"":""6839010a-e8af-77c9-7112-385bb3f37af0"",""yes_price_dollars"":""0.5000""}"
KXETH15M-26APR280800-00,0543cec4-33e5-71b2-50e5-ef2b60d9bdbc,1777376806,0.5,7.98,yes,"{""count_fp"":""7.98"",""created_time"":""2026-04-28T11:46:46.729724Z"",""no_price_dollars"":""0.5000"",""taker_side"":""yes"",""ticker"":""KXETH15M-26APR280800-00"",""trade_id"":""0543cec4-33e5-71b2-50e5-ef2b60d9bdbc"",""yes_price_dollars"":""0.5000""}"
KXETH15M-26APR280800-00,34fbe274-4964-58fc-3219-a7c8c88e12ba,1777376807,0.46,5.0,no,"{""count_fp"":""5.00"",""created_time"":""2026-04-28T11:46:47.983547Z"",""no_price_dollars"":""0.5400"",""taker_side"":""no"",""ticker"":""KXETH15M-26APR280800-00"",""trade_id"":""34fbe274-4964-58fc-3219-a7c8c88e12ba"",""yes_price_dollars"":""0.4600""}"
KXETH15M-26APR280800-00,f2fd5f20-c977-5a4c-fbf5-a785379d9c1f,1777376813,0.42,2.0,no,"{""count_fp"":""2.00"",""created_time"":""2026-04-28T11:46:53.026441Z"",""no_price_dollars"":""0.5800"",""taker_side"":""no"",""ticker"":""KXETH15M-26APR280800-00"",""trade_id"":""f2fd5f20-c977-5a4c-fbf5-a785379d9c1f"",""yes_price_dollars"":""0.4200""}"
KXETH15M-26APR280800-00,89c5f7c8-958d-5618-e739-d66ab502b9b6,1777376813,0.4,9.0,no,"{""count_fp"":""9.00"",""created_time"":""2026-04-28T11:46:53.026441Z"",""no_price_dollars"":""0.6000"",""taker_side"":""no"",""ticker"":""KXETH15M-26APR280800-00"",""trade_id"":""89c5f7c8-958d-5618-e739-d66ab502b9b6"",""yes_price_dollars"":""0.4000""}"
KXETH15M-26APR280800-00,66c40afd-8cff-5eda-e703-34d80403c877,1777376813,0.42,10.0,no,"{""count_fp"":""10.00"",""created_time"":""2026-04-28T11:46:53.026441Z"",""no_price_dollars"":""0.5800"",""taker_side"":""no"",""ticker"":""KXETH15M-26APR280800-00"",""trade_id"":""66c40afd-8cff-5eda-e703-34d80403c877"",""yes_price_dollars"":""0.4200""}"
KXETH15M-26APR280800-00,46cd6a93-2754-5502-d5e4-facfc115eec9,1777376813,0.4,2.27,no,"{""count_fp"":""2.27"",""created_time"":""2026-04-28T11:46:53.026441Z"",""no_price_dollars"":""0.6000"",""taker_side"":""no"",""ticker"":""KXETH15M-26APR280800-00"",""trade_id"":""46cd6a93-2754-5502-d5e4-facfc115eec9"",""yes_price_dollars"":""0.4000""}"
KXETH15M-26APR280800-00,40b0e822-3908-57d6-e12a-1cf0b0eff86a,1777376813,0.41,10.0,no,"{""count_fp"":""10.00"",""created_time"":""2026-04-28T11:46:53.026441Z"",""no_price_dollars"":""0.5900"",""taker_side"":""no"",""ticker"":""KXETH15M-26APR280800-00"",""trade_id"":""40b0e822-3908-57d6-e12a-1cf0b0eff86a"",""yes_price_dollars"":""0.4100""}"
KXETH15M-26APR280800-00,b90de56d-f1a8-785d-5cc4-ee477a165184,1777376828,0.45,2.0,yes,"{""count_fp"":""2.00"",""created_time"":""2026-04-28T11:47:08.359514Z"",""no_price_dollars"":""0.5500"",""taker_side"":""yes"",""ticker"":""KXETH15M-26APR280800-00"",""trade_id"":""b90de56d-f1a8-785d-5cc4-ee477a165184"",""yes_price_dollars"":""0.4500""}"
KXETH15M-26APR280800-00,5bfaaef6-800a-69e1-cf4b-86c5245743d0,1777376833,0.47,10.0,yes,"{""count_fp"":""10.00"",""created_time"":""2026-04-28T11:47:13.976017Z"",""no_price_dollars"":""0.5300"",""taker_side"":""yes"",""ticker"":""KXETH15M-26APR280800-00"",""trade_id"":""5bfaaef6-800a-69e1-cf4b-86c5245743d0"",""yes_price_dollars"":""0.4700""}"
KXETH15M-26APR280800-00,d0f8f658-18ce-695f-d40b-c2ba3ea26fae,1777376833,0.47,1.02,yes,"{""count_fp"":""1.02"",""created_time"":""2026-04-28T11:47:13.691577Z"",""no_price_dollars"":""0.5300"",""taker_side"":""yes"",""ticker"":""KXETH15M-26APR280800-00"",""trade_id"":""d0f8f658-18ce-695f-d40b-c2ba3ea26fae"",""yes_price_dollars"":""0.4700""}"
KXETH15M-26APR280800-00,e31d9dea-e607-79b0-cb79-2de7cb10f59c,1777376838,0.51,10.0,yes,"{""count_fp"":""10.00"",""created_time"":""2026-04-28T11:47:18.921421Z"",""no_price_dollars"":""0.4900"",""taker_side"":""yes"",""ticker"":""KXETH15M-26APR280800-00"",""trade_id"":""e31d9dea-e607-79b0-cb79-2de7cb10f59c"",""yes_price_dollars"":""0.5100""}"
KXETH15M-26APR280800-00,80c75e15-de5a-71e3-c889-56008618653a,1777376838,0.51,10.0,yes,"{""count_fp"":""10.00"",""created_time"":""2026-04-28T11:47:18.921421Z"",""no_price_dollars"":""0.4900"",""taker_side"":""yes"",""ticker"":""KXETH15M-26APR280800-00"",""trade_id"":""80c75e15-de5a-71e3-c889-56008618653a"",""yes_price_dollars"":""0.5100""}"
KXETH15M-26APR280800-00,c57487aa-941b-6e63-ea0a-229f611ede89,1777376841,0.47,9.69,no,"{""count_fp"":""9.69"",""created_time"":""2026-04-28T11:47:21.059076Z"",""no_price_dollars"":""0.5300"",""taker_side"":""no"",""ticker"":""KXETH15M-26APR280800-00"",""trade_id"":""c57487aa-941b-6e63-ea0a-229f611ede89"",""yes_price_dollars"":""0.4700""}"
KXETH15M-26APR280800-00,ac5bb023-5997-6c45-c164-b6565e4371d8,1777376841,0.46,6.08,no,"{""count_fp"":""6.08"",""created_time"":""2026-04-28T11:47:21.059076Z"",""no_price_dollars"":""0.5400"",""taker_side"":""no"",""ticker"":""KXETH15M-26APR280800-00"",""trade_id"":""ac5bb023-5997-6c45-c164-b6565e4371d8"",""yes_price_dollars"":""0.4600""}"
KXETH15M-26APR280800-00,a59030c5-4b2f-6cfc-e2dd-abbd9100ccd8,1777376841,0.47,2.0,no,"{""count_fp"":""2.00"",""created_time"":""2026-04-28T11:47:21.059076Z"",""no_price_dollars"":""0.5300"",""taker_side"":""no"",""ticker"":""KXETH15M-26APR280800-00"",""trade_id"":""a59030c5-4b2f-6cfc-e2dd-abbd9100ccd8"",""yes_price_dollars"":""0.4700""}"
KXETH15M-26APR280800-00,edd451c5-27b9-4bc2-d023-13c5de40c646,1777376843,0.52,10.0,yes,"{""count_fp"":""10.00"",""created_time"":""2026-04-28T11:47:23.942732Z"",""no_price_dollars"":""0.4800"",""taker_side"":""yes"",""ticker"":""KXETH15M-26APR280800-00"",""trade_id"":""edd451c5-27b9-4bc2-d023-13c5de40c646"",""yes_price_dollars"":""0.5200""}"
KXETH15M-26APR280800-00,ebfde93c-ba29-43a8-e957-dcfe39e06c6d,1777376843,0.53,95.09,yes,"{""count_fp"":""95.09"",""created_time"":""2026-04-28T11:47:23.942732Z"",""no_price_dollars"":""0.4700"",""taker_side"":""yes"",""ticker"":""KXETH15M-26APR280800-00"",""trade_id"":""ebfde93c-ba29-43a8-e957-dcfe39e06c6d"",""yes_price_dollars"":""0.5300""}"
KXETH15M-26APR280800-00,d4fb19a6-9f5d-492b-d344-8647be1c0e1e,1777376843,0.51,2.0,yes,"{""count_fp"":""2.00"",""created_time"":""2026-04-28T11:47:23.942732Z"",""no_price_dollars"":""0.4900"",""taker_side"":""yes"",""ticker"":""KXETH15M-26APR280800-00"",""trade_id"":""d4fb19a6-9f5d-492b-d344-8647be1c0e1e"",""yes_price_dollars"":""0.5100""}"
KXETH15M-26APR280800-00,9c1d0e81-eba6-42d7-c71b-cd4f4d7409aa,1777376843,0.52,10.0,yes,"{""count_fp"":""10.00"",""created_time"":""2026-04-28T11:47:23.942732Z"",""no_price_dollars"":""0.4800"",""taker_side"":""yes"",""ticker"":""KXETH15M-26APR280800-00"",""trade_id"":""9c1d0e81-eba6-42d7-c71b-cd4f4d7409aa"",""yes_price_dollars"":""0.5200""}"
KXETH15M-26APR280800-00,a06d07b7-9355-5c28-f9b3-f62822c44743,1777376843,0.46,1.0,no,"{""count_fp"":""1.00"",""created_time"":""2026-04-28T11:47:23.632702Z"",""no_price_dollars"":""0.5400"",""taker_side"":""no"",""ticker"":""KXETH15M-26APR280800-00"",""trade_id"":""a06d07b7-9355-5c28-f9b3-f62822c44743"",""yes_price_dollars"":""0.4600""}"
KXETH15M-26APR280800-00,9dad1711-7a70-7f67-add7-624c0826e8f4,1777376854,0.56,2.0,yes,"{""count_fp"":""2.00"",""created_time"":""2026-04-28T11:47:34.098809Z"",""no_price_dollars"":""0.4400"",""taker_side"":""yes"",""ticker"":""KXETH15M-26APR280800-00"",""trade_id"":""9dad1711-7a70-7f67-add7-624c0826e8f4"",""yes_price_dollars"":""0.5600""}"
KXETH15M-26APR280800-00,3899370c-4c1a-78da-962b-a2548cc47d39,1777376854,0.56,2.0,yes,"{""count_fp"":""2.00"",""created_time"":""2026-04-28T11:47:34.098809Z"",""no_price_dollars"":""0.4400"",""taker_side"":""yes"",""ticker"":""KXETH15M-26APR280800-00"",""trade_id"":""3899370c-4c1a-78da-962b-a2548cc47d39"",""yes_price_dollars"":""0.5600""}"
KXETH15M-26APR280800-00,8681582f-a1d8-5bbb-5c47-dc110e794f2d,1777376856,0.53,2.0,yes,"{""count_fp"":""2.00"",""created_time"":""2026-04-28T11:47:36.617502Z"",""no_price_dollars"":""0.4700"",""taker_side"":""yes"",""ticker"":""KXETH15M-26APR280800-00"",""trade_id"":""8681582f-a1d8-5bbb-5c47-dc110e794f2d"",""yes_price_dollars"":""0.5300""}"
KXETH15M-26APR280800-00,2a400be1-5ea2-4842-7154-051fdba19731,1777376856,0.56,12.0,no,"{""count_fp"":""12.00"",""created_time"":""2026-04-28T11:47:36.360588Z"",""no_price_dollars"":""0.4400"",""taker_side"":""no"",""ticker"":""KXETH15M-26APR280800-00"",""trade_id"":""2a400be1-5ea2-4842-7154-051fdba19731"",""yes_price_dollars"":""0.5600""}"
KXETH15M-26APR280800-00,cbdb5917-75d8-4c65-f21e-9fc59d9d740e,1777376857,0.52,1.0,yes,"{""count_fp"":""1.00"",""created_time"":""2026-04-28T11:47:37.473111Z"",""no_price_dollars"":""0.4800"",""taker_side"":""yes"",""ticker"":""KXETH15M-26APR280800-00"",""trade_id"":""cbdb5917-75d8-4c65-f21e-9fc59d9d740e"",""yes_price_dollars"":""0.5200""}"
KXETH15M-26APR280800-00,bdb01f10-0ae1-51c6-3978-5a13c61515a9,1777376865,0.51,0.94,yes,"{""count_fp"":""0.94"",""created_time"":""2026-04-28T11:47:45.436208Z"",""no_price_dollars"":""0.4900"",""taker_side"":""yes"",""ticker"":""KXETH15M-26APR280800-00"",""trade_id"":""bdb01f10-0ae1-51c6-3978-5a13c61515a9"",""yes_price_dollars"":""0.5100""}"
KXETH15M-26APR280800-00,c161b5a9-940b-769a-8e52-d797d98cf0bc,1777376868,0.53,2.0,yes,"{""count_fp"":""2.00"",""created_time"":""2026-04-28T11:47:48.038697Z"",""no_price_dollars"":""0.4700"",""taker_side"":""yes"",""ticker"":""KXETH15M-26APR280800-00"",""trade_id"":""c161b5a9-940b-769a-8e52-d797d98cf0bc"",""yes_price_dollars"":""0.5300""}"
KXETH15M-26APR280800-00,b1e1cdf4-c5da-7b62-a674-d7c82e8ea783,1777376868,0.53,10.0,yes,"{""count_fp"":""10.00"",""created_time"":""2026-04-28T11:47:48.038697Z"",""no_price_dollars"":""0.4700"",""taker_side"":""yes"",""ticker"":""KXETH15M-26APR280800-00"",""trade_id"":""b1e1cdf4-c5da-7b62-a674-d7c82e8ea783"",""yes_price_dollars"":""0.5300""}"
KXETH15M-26APR280800-00,a02c0e6e-ca58-7857-a572-d7f539db56e9,1777376868,0.54,23.9,yes,"{""count_fp"":""23.90"",""created_time"":""2026-04-28T11:47:48.038697Z"",""no_price_dollars"":""0.4600"",""taker_side"":""yes"",""ticker"":""KXETH15M-26APR280800-00"",""trade_id"":""a02c0e6e-ca58-7857-a572-d7f539db56e9"",""yes_price_dollars"":""0.5400""}"
KXETH15M-26APR280800-00,e7723027-67ae-7e0a-7b46-36a75fd8738e,1777376872,0.42,60.0,no,"{""count_fp"":""60.00"",""created_time"":""2026-04-28T11:47:52.984562Z"",""no_price_dollars"":""0.5800"",""taker_side"":""no"",""ticker"":""KXETH15M-26APR280800-00"",""trade_id"":""e7723027-67ae-7e0a-7b46-36a75fd8738e"",""yes_price_dollars"":""0.4200""}"
KXETH15M-26APR280800-00,15746440-1173-7a64-7bf0-303a72beb49d,1777376872,0.44,140.0,no,"{""count_fp"":""140.00"",""created_time"":""2026-04-28T11:47:52.984562Z"",""no_price_dollars"":""0.5600"",""taker_side"":""no"",""ticker"":""KXETH15M-26APR280800-00"",""trade_id"":""15746440-1173-7a64-7bf0-303a72beb49d"",""yes_price_dollars"":""0.4400""}"
KXETH15M-26APR280800-00,31f3d880-141b-42c4-f66e-f4c8407c40ad,1777376872,0.44,20.0,no,"{""count_fp"":""20.00"",""created_time"":""2026-04-28T11:47:52.982922Z"",""no_price_dollars"":""0.5600"",""taker_side"":""no"",""ticker"":""KXETH15M-26APR280800-00"",""trade_id"":""31f3d880-141b-42c4-f66e-f4c8407c40ad"",""yes_price_dollars"":""0.4400""}"
KXETH15M-26APR280800-00,31c5b313-f80f-40c6-ce20-8600d39b8e91,1777376872,0.45,478.0,no,"{""count_fp"":""478.00"",""created_time"":""2026-04-28T11:47:52.982922Z"",""no_price_dollars"":""0.5500"",""taker_side"":""no"",""ticker"":""KXETH15M-26APR280800-00"",""trade_id"":""31c5b313-f80f-40c6-ce20-8600d39b8e91"",""yes_price_dollars"":""0.4500""}"
KXETH15M-26APR280800-00,c85756bd-2ba1-5c94-c98b-eda168b9194f,1777376872,0.48,10.0,no,"{""count_fp"":""10.00"",""created_time"":""2026-04-28T11:47:52.923592Z"",""no_price_dollars"":""0.5200"",""taker_side"":""no"",""ticker"":""KXETH15M-26APR280800-00"",""trade_id"":""c85756bd-2ba1-5c94-c98b-eda168b9194f"",""yes_price_dollars"":""0.4800""}"
KXETH15M-26APR280800-00,14c6a809-134d-5754-d3df-b236b256c78d,1777376872,0.47,10.0,no,"{""count_fp"":""10.00"",""created_time"":""2026-04-28T11:47:52.923592Z"",""no_price_dollars"":""0.5300"",""taker_side"":""no"",""ticker"":""KXETH15M-26APR280800-00"",""trade_id"":""14c6a809-134d-5754-d3df-b236b256c78d"",""yes_price_dollars"":""0.4700""}"
KXETH15M-26APR280800-00,e12f5c7f-97a8-5141-c456-404992e21844,1777376872,0.51,8.0,no,"{""count_fp"":""8.00"",""created_time"":""2026-04-28T11:47:52.678717Z"",""no_price_dollars"":""0.4900"",""taker_side"":""no"",""ticker"":""KXETH15M-26APR280800-00"",""trade_id"":""e12f5c7f-97a8-5141-c456-404992e21844"",""yes_price_dollars"":""0.5100""}"
KXETH15M-26APR280800-00,7f61b0eb-076a-508e-dcc1-18fef41b8284,1777376872,0.52,2.0,no,"{""count_fp"":""2.00"",""created_time"":""2026-04-28T11:47:52.678717Z"",""no_price_dollars"":""0.4800"",""taker_side"":""no"",""ticker"":""KXETH15M-26APR280800-00"",""trade_id"":""7f61b0eb-076a-508e-dcc1-18fef41b8284"",""yes_price_dollars"":""0.5200""}"
KXETH15M-26APR280800-00,5fd22c82-563e-6e3d-bc3b-24e331e3a909,1777376873,0.45,40.0,no,"{""count_fp"":""40.00"",""created_time"":""2026-04-28T11:47:53.347323Z"",""no_price_dollars"":""0.5500"",""taker_side"":""no"",""ticker"":""KXETH15M-26APR280800-00"",""trade_id"":""5fd22c82-563e-6e3d-bc3b-24e331e3a909"",""yes_price_dollars"":""0.4500""}"
KXETH15M-26APR280800-00,7a24852f-f0cc-4af0-a366-856ebfb86fdb,1777376875,0.42,33.75,yes,"{""count_fp"":""33.75"",""created_time"":""2026-04-28T11:47:55.895383Z"",""no_price_dollars"":""0.5800"",""taker_side"":""yes"",""ticker"":""KXETH15M-26APR280800-00"",""trade_id"":""7a24852f-f0cc-4af0-a366-856ebfb86fdb"",""yes_price_dollars"":""0.4200""}"
KXETH15M-26APR280800-00,ea4ce4d7-8e8c-60c2-4b66-04d47cf53445,1777376877,0.4,1.0,no,"{""count_fp"":""1.00"",""created_time"":""2026-04-28T11:47:57.750533Z"",""no_price_dollars"":""0.6000"",""taker_side"":""no"",""ticker"":""KXETH15M-26APR280800-00"",""trade_id"":""ea4ce4d7-8e8c-60c2-4b66-04d47cf53445"",""yes_price_dollars"":""0.4000""}"
KXETH15M-26APR280800-00,f2a038a4-0504-552e-afdb-2317913b1d2d,1777376883,0.4,1.0,no,"{""count_fp"":""1.00"",""created_time"":""2026-04-28T11:48:03.412128Z"",""no_price_dollars"":""0.6000"",""taker_side"":""no"",""ticker"":""KXETH15M-26APR280800-00"",""trade_id"":""f2a038a4-0504-552e-afdb-2317913b1d2d"",""yes_price_dollars"":""0.4000""}"
KXETH15M-26APR280800-00,106caf69-870c-42a2-fa6c-2f73d5fbf9cd,1777376886,0.4,1.0,no,"{""count_fp"":""1.00"",""created_time"":""2026-04-28T11:48:06.211567Z"",""no_price_dollars"":""0.6000"",""taker_side"":""no"",""ticker"":""KXETH15M-26APR280800-00"",""trade_id"":""106caf69-870c-42a2-fa6c-2f73d5fbf9cd"",""yes_price_dollars"":""0.4000""}"
KXETH15M-26APR280800-00,d8fb4fbb-3ed8-5580-c220-5a5ae1dd39e3,1777376886,0.41,23.97,yes,"{""count_fp"":""23.97"",""created_time"":""2026-04-28T11:48:06.014237Z"",""no_price_dollars"":""0.5900"",""taker_side"":""yes"",""ticker"":""KXETH15M-26APR280800-00"",""trade_id"":""d8fb4fbb-3ed8-5580-c220-5a5ae1dd39e3"",""yes_price_dollars"":""0.4100""}"
KXETH15M-26APR280800-00,b4644dc4-7bc6-59b2-ff1a-5f75a165f78e,1777376886,0.41,1.0,yes,"{""count_fp"":""1.00"",""created_time"":""2026-04-28T11:48:06.014237Z"",""no_price_dollars"":""0.5900"",""taker_side"":""yes"",""ticker"":""KXETH15M-26APR280800-00"",""trade_id"":""b4644dc4-7bc6-59b2-ff1a-5f75a165f78e"",""yes_price_dollars"":""0.4100""}"
KXETH15M-26APR280800-00,6b38a217-af95-5c91-e472-d138cc7f5dcc,1777376886,0.41,10.16,yes,"{""count_fp"":""10.16"",""created_time"":""2026-04-28T11:48:06.014237Z"",""no_price_dollars"":""0.5900"",""taker_side"":""yes"",""ticker"":""KXETH15M-26APR280800-00"",""trade_id"":""6b38a217-af95-5c91-e472-d138cc7f5dcc"",""yes_price_dollars"":""0.4100""}"
KXETH15M-26APR280800-00,96eafb34-1230-639a-0b01-49ef8e058035,1777376892,0.4,4.73,no,"{""count_fp"":""4.73"",""created_time"":""2026-04-28T11:48:12.532521Z"",""no_price_dollars"":""0.6000"",""taker_side"":""no"",""ticker"":""KXETH15M-26APR280800-00"",""trade_id"":""96eafb34-1230-639a-0b01-49ef8e058035"",""yes_price_dollars"":""0.4000""}"
KXETH15M-26APR280800-00,326053d5-3937-6cee-0d16-738efb9e9631,1777376892,0.36,0.27,no,"{""count_fp"":""0.27"",""created_time"":""2026-04-28T11:48:12.532521Z"",""no_price_dollars"":""0.6400"",""taker_side"":""no"",""ticker"":""KXETH15M-26APR280800-00"",""trade_id"":""326053d5-3937-6cee-0d16-738efb9e9631"",""yes_price_dollars"":""0.3600""}"
KXETH15M-26APR280800-00,d15c1692-b18b-75e2-641c-0e87dc87af65,1777376893,0.36,0.73,no,"{""count_fp"":""0.73"",""created_time"":""2026-04-28T11:48:13.233152Z"",""no_price_dollars"":""0.6400"",""taker_side"":""no"",""ticker"":""KXETH15M-26APR280800-00"",""trade_id"":""d15c1692-b18b-75e2-641c-0e87dc87af65"",""yes_price_dollars"":""0.3600""}"
KXETH15M-26APR280800-00,c7e84f63-5948-560d-ea10-b84c4aab163a,1777376899,0.29,2.0,no,"{""count_fp"":""2.00"",""created_time"":""2026-04-28T11:48:19.782946Z"",""no_price_dollars"":""0.7100"",""taker_side"":""no"",""ticker"":""KXETH15M-26APR280800-00"",""trade_id"":""c7e84f63-5948-560d-ea10-b84c4aab163a"",""yes_price_dollars"":""0.2900""}"
KXETH15M-26APR280800-00,ecee11bb-4f20-7544-9c22-31dbcbff30db,1777376900,0.29,1.44,yes,"{""count_fp"":""1.44"",""created_time"":""2026-04-28T11:48:20.870053Z"",""no_price_dollars"":""0.7100"",""taker_side"":""yes"",""ticker"":""KXETH15M-26APR280800-00"",""trade_id"":""ecee11bb-4f20-7544-9c22-31dbcbff30db"",""yes_price_dollars"":""0.2900""}"
KXETH15M-26APR280800-00,d9e07298-8b47-7ed7-746e-fe2907445944,1777376901,0.3,2.0,yes,"{""count_fp"":""2.00"",""created_time"":""2026-04-28T11:48:21.993764Z"",""no_price_dollars"":""0.7000"",""taker_side"":""yes"",""ticker"":""KXETH15M-26APR280800-00"",""trade_id"":""d9e07298-8b47-7ed7-746e-fe2907445944"",""yes_price_dollars"":""0.3000""}"
KXETH15M-26APR280800-00,c88d5f10-bddc-7c7f-7c40-4ea705f562e5,1777376901,0.31,33.39,yes,"{""count_fp"":""33.39"",""created_time"":""2026-04-28T11:48:21.993764Z"",""no_price_dollars"":""0.6900"",""taker_side"":""yes"",""ticker"":""KXETH15M-26APR280800-00"",""trade_id"":""c88d5f10-bddc-7c7f-7c40-4ea705f562e5"",""yes_price_dollars"":""0.3100""}"
KXETH15M-26APR280800-00,91ce6479-b104-7d80-7c44-d441be33101b,1777376901,0.31,100.0,yes,"{""count_fp"":""100.00"",""created_time"":""2026-04-28T11:48:21.993764Z"",""no_price_dollars"":""0.6900"",""taker_side"":""yes"",""ticker"":""KXETH15M-26APR280800-00"",""trade_id"":""91ce6479-b104-7d80-7c44-d441be33101b"",""yes_price_dollars"":""0.3100""}"
KXETH15M-26APR280800-00,8bdbed52-e60f-7702-67a5-7b583b6deb8e,1777376901,0.31,1.0,yes,"{""count_fp"":""1.00"",""created_time"":""2026-04-28T11:48:21.993764Z"",""no_price_dollars"":""0.6900"",""taker_side"":""yes"",""ticker"":""KXETH15M-26APR280800-00"",""trade_id"":""8bdbed52-e60f-7702-67a5-7b583b6deb8e"",""yes_price_dollars"":""0.3100""}"
KXETH15M-26APR280800-00,00b1bb90-3311-71f7-3e73-7f743813dd6f,1777376902,0.3,5.0,yes,"{""count_fp"":""5.00"",""created_time"":""2026-04-28T11:48:22.148182Z"",""no_price_dollars"":""0.7000"",""taker_side"":""yes"",""ticker"":""KXETH15M-26APR280800-00"",""trade_id"":""00b1bb90-3311-71f7-3e73-7f743813dd6f"",""yes_price_dollars"":""0.3000""}"
KXETH15M-26APR280800-00,1ea29854-007d-4dab-0351-6f877e74593f,1777376903,0.31,1.48,yes,"{""count_fp"":""1.48"",""created_time"":""2026-04-28T11:48:23.181298Z"",""no_price_dollars"":""0.6900"",""taker_side"":""yes"",""ticker"":""KXETH15M-26APR280800-00"",""trade_id"":""1ea29854-007d-4dab-0351-6f877e74593f"",""yes_price_dollars"":""0.3100""}"
KXETH15M-26APR280800-00,f92aedc9-7cd3-7794-f72e-7d289a50312a,1777376908,0.29,0.06,no,"{""count_fp"":""0.06"",""created_time"":""2026-04-28T11:48:28.396475Z"",""no_price_dollars"":""0.7100"",""taker_side"":""no"",""ticker"":""KXETH15M-26APR280800-00"",""trade_id"":""f92aedc9-7cd3-7794-f72e-7d289a50312a"",""yes_price_dollars"":""0.2900""}"
KXETH15M-26APR280800-00,380fc624-a647-78b0-ab57-5ec1046defc6,1777376912,0.29,4.94,no,"{""count_fp"":""4.94"",""created_time"":""2026-04-28T11:48:32.735573Z"",""no_price_dollars"":""0.7100"",""taker_side"":""no"",""ticker"":""KXETH15M-26APR280800-00"",""trade_id"":""380fc624-a647-78b0-ab57-5ec1046defc6"",""yes_price_dollars"":""0.2900""}"
KXETH15M-26APR280800-00,2182ba3c-58c1-4c9f-b6c5-23b3ce8c0b7f,1777376912,0.3,100.0,yes,"{""count_fp"":""100.00"",""created_time"":""2026-04-28T11:48:32.410568Z"",""no_price_dollars"":""0.7000"",""taker_side"":""yes"",""ticker"":""KXETH15M-26APR280800-00"",""trade_id"":""2182ba3c-58c1-4c9f-b6c5-23b3ce8c0b7f"",""yes_price_dollars"":""0.3000""}"
KXETH15M-26APR280800-00,092b4b3c-86d6-4e34-9d7d-940b7bb26cfc,1777376912,0.3,10.0,yes,"{""count_fp"":""10.00"",""created_time"":""2026-04-28T11:48:32.410568Z"",""no_price_dollars"":""0.7000"",""taker_side"":""yes"",""ticker"":""KXETH15M-26APR280800-00"",""trade_id"":""092b4b3c-86d6-4e34-9d7d-940b7bb26cfc"",""yes_price_dollars"":""0.3000""}"
KXETH15M-26APR280800-00,bdc5fd21-628a-544e-ce5e-5cbb8dc38ed7,1777376918,0.27,10.0,no,"{""count_fp"":""10.00"",""created_time"":""2026-04-28T11:48:38.658195Z"",""no_price_dollars"":""0.7300"",""taker_side"":""no"",""ticker"":""KXETH15M-26APR280800-00"",""trade_id"":""bdc5fd21-628a-544e-ce5e-5cbb8dc38ed7"",""yes_price_dollars"":""0.2700""}"
KXETH15M-26APR280800-00,b8843fbf-85dc-5d31-f65b-34de40c87b85,1777376918,0.25,5.0,no,"{""count_fp"":""5.00"",""created_time"":""2026-04-28T11:48:38.658195Z"",""no_price_dollars"":""0.7500"",""taker_side"":""no"",""ticker"":""KXETH15M-26APR280800-00"",""trade_id"":""b8843fbf-85dc-5d31-f65b-34de40c87b85"",""yes_price_dollars"":""0.2500""}"
KXETH15M-26APR280800-00,b727ce04-d427-5711-ee13-8326196a1b4c,1777376918,0.28,1.0,no,"{""count_fp"":""1.00"",""created_time"":""2026-04-28T11:48:38.658195Z"",""no_price_dollars"":""0.7200"",""taker_side"":""no"",""ticker"":""KXETH15M-26APR280800-00"",""trade_id"":""b727ce04-d427-5711-ee13-8326196a1b4c"",""yes_price_dollars"":""0.2800""}"
KXETH15M-26APR280800-00,545ebe3e-f7e4-5601-cbb0-9288ff877f5b,1777376918,0.26,10.0,no,"{""count_fp"":""10.00"",""created_time"":""2026-04-28T11:48:38.658195Z"",""no_price_dollars"":""0.7400"",""taker_side"":""no"",""ticker"":""KXETH15M-26APR280800-00"",""trade_id"":""545ebe3e-f7e4-5601-cbb0-9288ff877f5b"",""yes_price_dollars"":""0.2600""}"
KXETH15M-26APR280800-00,81dc1db6-08db-544e-e987-8f349bb4c3fe,1777376921,0.25,2.97,no,"{""count_fp"":""2.97"",""created_time"":""2026-04-28T11:48:41.216538Z"",""no_price_dollars"":""0.7500"",""taker_side"":""no"",""ticker"":""KXETH15M-26APR280800-00"",""trade_id"":""81dc1db6-08db-544e-e987-8f349bb4c3fe"",""yes_price_dollars"":""0.2500""}"
KXETH15M-26APR280800-00,30ca77f5-cd57-5bc7-e5e6-4847d71a1595,1777376921,0.26,10.0,no,"{""count_fp"":""10.00"",""created_time"":""2026-04-28T11:48:41.216538Z"",""no_price_dollars"":""0.7400"",""taker_side"":""no"",""ticker"":""KXETH15M-26APR280800-00"",""trade_id"":""30ca77f5-cd57-5bc7-e5e6-4847d71a1595"",""yes_price_dollars"":""0.2600""}"
KXETH15M-26APR280800-00,ee035e75-a114-4e0a-f039-c6dc1ffaa1c7,1777376923,0.3,18.94,yes,"{""count_fp"":""18.94"",""created_time"":""2026-04-28T11:48:43.085178Z"",""no_price_dollars"":""0.7000"",""taker_side"":""yes"",""ticker"":""KXETH15M-26APR280800-00"",""trade_id"":""ee035e75-a114-4e0a-f039-c6dc1ffaa1c7"",""yes_price_dollars"":""0.3000""}"
KXETH15M-26APR280800-00,ce1a240b-bf79-497d-ff5d-591f0345fed7,1777376923,0.29,1.06,yes,"{""count_fp"":""1.06"",""created_time"":""2026-04-28T11:48:43.085178Z"",""no_price_dollars"":""0.7100"",""taker_side"":""yes"",""ticker"":""KXETH15M-26APR280800-00"",""trade_id"":""ce1a240b-bf79-497d-ff5d-591f0345fed7"",""yes_price_dollars"":""0.2900""}"
KXETH15M-26APR280800-00,782ebe1b-19e3-47a6-e8d0-da85bfbd0854,1777376923,0.27,1.0,yes,"{""count_fp"":""1.00"",""created_time"":""2026-04-28T11:48:43.085178Z"",""no_price_dollars"":""0.7300"",""taker_side"":""yes"",""ticker"":""KXETH15M-26APR280800-00"",""trade_id"":""782ebe1b-19e3-47a6-e8d0-da85bfbd0854"",""yes_price_dollars"":""0.2700""}"
KXETH15M-26APR280800-00,5b02ece0-7b23-4346-e16a-0f2052840738,1777376923,0.3,10.0,yes,"{""count_fp"":""10.00"",""created_time"":""2026-04-28T11:48:43.085178Z"",""no_price_dollars"":""0.7000"",""taker_side"":""yes"",""ticker"":""KXETH15M-26APR280800-00"",""trade_id"":""5b02ece0-7b23-4346-e16a-0f2052840738"",""yes_price_dollars"":""0.3000""}"
KXETH15M-26APR280800-00,ef6b3141-f518-445e-55d0-fd7b01d9a289,1777376925,0.25,10.0,no,"{""count_fp"":""10.00"",""created_time"":""2026-04-28T11:48:45.616744Z"",""no_price_dollars"":""0.7500"",""taker_side"":""no"",""ticker"":""KXETH15M-26APR280800-00"",""trade_id"":""ef6b3141-f518-445e-55d0-fd7b01d9a289"",""yes_price_dollars"":""0.2500""}"
KXETH15M-26APR280800-00,a677ba08-7c72-447b-63a4-2dd446562bef,1777376925,0.25,10.0,no,"{""count_fp"":""10.00"",""created_time"":""2026-04-28T11:48:45.616744Z"",""no_price_dollars"":""0.7500"",""taker_side"":""no"",""ticker"":""KXETH15M-26APR280800-00"",""trade_id"":""a677ba08-7c72-447b-63a4-2dd446562bef"",""yes_price_dollars"":""0.2500""}"
KXETH15M-26APR280800-00,5fa57f10-22f5-4b7f-5396-6db37e65a3dc,1777376925,0.22,68.08,no,"{""count_fp"":""68.08"",""created_time"":""2026-04-28T11:48:45.616744Z"",""no_price_dollars"":""0.7800"",""taker_side"":""no"",""ticker"":""KXETH15M-26APR280800-00"",""trade_id"":""5fa57f10-22f5-4b7f-5396-6db37e65a3dc"",""yes_price_dollars"":""0.2200""}"
KXETH15M-26APR280800-00,1e7816c9-7d44-4b11-676a-a1314351a9dd,1777376925,0.24,100.0,no,"{""count_fp"":""100.00"",""created_time"":""2026-04-28T11:48:45.616744Z"",""no_price_dollars"":""0.7600"",""taker_side"":""no"",""ticker"":""KXETH15M-26APR280800-00"",""trade_id"":""1e7816c9-7d44-4b11-676a-a1314351a9dd"",""yes_price_dollars"":""0.2400""}"
KXETH15M-26APR280800-00,a090f8fb-6143-7cb4-8444-3ecdb0b7ce08,1777376938,0.2,7.34,no,"{""count_fp"":""7.34"",""created_time"":""2026-04-28T11:48:58.740585Z"",""no_price_dollars"":""0.8000"",""taker_side"":""no"",""ticker"":""KXETH15M-26APR280800-00"",""trade_id"":""a090f8fb-6143-7cb4-8444-3ecdb0b7ce08"",""yes_price_dollars"":""0.2000""}"
KXETH15M-26APR280800-00,642b7f5e-871b-70b8-9611-fb05ec49efd7,1777376938,0.19,11.85,no,"{""count_fp"":""11.85"",""created_time"":""2026-04-28T11:48:58.740585Z"",""no_price_dollars"":""0.8100"",""taker_side"":""no"",""ticker"":""KXETH15M-26APR280800-00"",""trade_id"":""642b7f5e-871b-70b8-9611-fb05ec49efd7"",""yes_price_dollars"":""0.1900""}"
KXETH15M-26APR280800-00,1ebd0fba-597f-7344-bf98-6281c5e842d4,1777376938,0.2,1.0,no,"{""count_fp"":""1.00"",""created_time"":""2026-04-28T11:48:58.740585Z"",""no_price_dollars"":""0.8000"",""taker_side"":""no"",""ticker"":""KXETH15M-26APR280800-00"",""trade_id"":""1ebd0fba-597f-7344-bf98-6281c5e842d4"",""yes_price_dollars"":""0.2000""}"
KXETH15M-26APR280800-00,0d858703-fa00-7c81-978b-d0d16f26e3be,1777376938,0.2,10.0,no,"{""count_fp"":""10.00"",""created_time"":""2026-04-28T11:48:58.740585Z"",""no_price_dollars"":""0.8000"",""taker_side"":""no"",""ticker"":""KXETH15M-26APR280800-00"",""trade_id"":""0d858703-fa00-7c81-978b-d0d16f26e3be"",""yes_price_dollars"":""0.2000""}"
KXETH15M-26APR280800-00,5a816441-6b6d-593a-bc2a-f9471d94d658,1777376942,0.24,9.0,yes,"{""count_fp"":""9.00"",""created_time"":""2026-04-28T11:49:02.463989Z"",""no_price_dollars"":""0.7600"",""taker_side"":""yes"",""ticker"":""KXETH15M-26APR280800-00"",""trade_id"":""5a816441-6b6d-593a-bc2a-f9471d94d658"",""yes_price_dollars"":""0.2400""}"
KXETH15M-26APR280800-00,631da79e-3140-4b63-a333-1dce2e4b5b65,1777376948,0.24,8.61,yes,"{""count_fp"":""8.61"",""created_time"":""2026-04-28T11:49:08.759163Z"",""no_price_dollars"":""0.7600"",""taker_side"":""yes"",""ticker"":""KXETH15M-26APR280800-00"",""trade_id"":""631da79e-3140-4b63-a333-1dce2e4b5b65"",""yes_price_dollars"":""0.2400""}"
KXETH15M-26APR280800-00,e4da68e6-2f30-7e66-b2e1-ecdbc9548c17,1777376948,0.24,2.0,yes,"{""count_fp"":""2.00"",""created_time"":""2026-04-28T11:49:08.746242Z"",""no_price_dollars"":""0.7600"",""taker_side"":""yes"",""ticker"":""KXETH15M-26APR280800-00"",""trade_id"":""e4da68e6-2f30-7e66-b2e1-ecdbc9548c17"",""yes_price_dollars"":""0.2400""}"
KXETH15M-26APR280800-00,be3a7794-ee4c-7e3f-a86a-a37dfc3af815,1777376948,0.24,18.0,yes,"{""count_fp"":""18.00"",""created_time"":""2026-04-28T11:49:08.746242Z"",""no_price_dollars"":""0.7600"",""taker_side"":""yes"",""ticker"":""KXETH15M-26APR280800-00"",""trade_id"":""be3a7794-ee4c-7e3f-a86a-a37dfc3af815"",""yes_price_dollars"":""0.2400""}"
KXETH15M-26APR280800-00,5f20a6bf-6bae-4ad3-ebbe-2700c64c5d84,1777376948,0.19,10.0,no,"{""count_fp"":""10.00"",""created_time"":""2026-04-28T11:49:08.270933Z"",""no_price_dollars"":""0.8100"",""taker_side"":""no"",""ticker"":""KXETH15M-26APR280800-00"",""trade_id"":""5f20a6bf-6bae-4ad3-ebbe-2700c64c5d84"",""yes_price_dollars"":""0.1900""}"
KXETH15M-26APR280800-00,35233eaf-e081-67b4-2acb-f2df7231aecf,1777376948,0.2,10.0,no,"{""count_fp"":""10.00"",""created_time"":""2026-04-28T11:49:08.243971Z"",""no_price_dollars"":""0.8000"",""taker_side"":""no"",""ticker"":""KXETH15M-26APR280800-00"",""trade_id"":""35233eaf-e081-67b4-2acb-f2df7231aecf"",""yes_price_dollars"":""0.2000""}"
KXETH15M-26APR280800-00,0479f7c6-e6fd-6a84-1cf8-775c2fedd1aa,1777376948,0.2,7.0,no,"{""count_fp"":""7.00"",""created_time"":""2026-04-28T11:49:08.243971Z"",""no_price_dollars"":""0.8000"",""taker_side"":""no"",""ticker"":""KXETH15M-26APR280800-00"",""trade_id"":""0479f7c6-e6fd-6a84-1cf8-775c2fedd1aa"",""yes_price_dollars"":""0.2000""}"
KXETH15M-26APR280800-00,3225eb32-9a61-5bef-9581-243d4dcfbb9e,1777376949,0.18,1.0,no,"{""count_fp"":""1.00"",""created_time"":""2026-04-28T11:49:09.217896Z"",""no_price_dollars"":""0.8200"",""taker_side"":""no"",""ticker"":""KXETH15M-26APR280800-00"",""trade_id"":""3225eb32-9a61-5bef-9581-243d4dcfbb9e"",""yes_price_dollars"":""0.1800""}"
KXETH15M-26APR280800-00,354d0343-848d-4972-8307-7ec1653b276e,1777376953,0.25,9.0,yes,"{""count_fp"":""9.00"",""created_time"":""2026-04-28T11:49:13.689133Z"",""no_price_dollars"":""0.7500"",""taker_side"":""yes"",""ticker"":""KXETH15M-26APR280800-00"",""trade_id"":""354d0343-848d-4972-8307-7ec1653b276e"",""yes_price_dollars"":""0.2500""}"
KXETH15M-26APR280800-00,3ae4d0f8-917c-77d4-6a2e-973fd4e75054,1777376955,0.22,4.0,no,"{""count_fp"":""4.00"",""created_time"":""2026-04-28T11:49:15.188209Z"",""no_price_dollars"":""0.7800"",""taker_side"":""no"",""ticker"":""KXETH15M-26APR280800-00"",""trade_id"":""3ae4d0f8-917c-77d4-6a2e-973fd4e75054"",""yes_price_dollars"":""0.2200""}"
KXETH15M-26APR280800-00,0f2a221d-cc35-7e5f-404e-f721d396a0d2,1777376955,0.22,5.0,no,"{""count_fp"":""5.00"",""created_time"":""2026-04-28T11:49:15.188209Z"",""no_price_dollars"":""0.7800"",""taker_side"":""no"",""ticker"":""KXETH15M-26APR280800-00"",""trade_id"":""0f2a221d-cc35-7e5f-404e-f721d396a0d2"",""yes_price_dollars"":""0.2200""}"
KXETH15M-26APR280800-00,fc1ce6f4-eb6f-488c-29a1-d0fc4009649f,1777376957,0.25,1.34,no,"{""count_fp"":""1.34"",""created_time"":""2026-04-28T11:49:17.643153Z"",""no_price_dollars"":""0.7500"",""taker_side"":""no"",""ticker"":""KXETH15M-26APR280800-00"",""trade_id"":""fc1ce6f4-eb6f-488c-29a1-d0fc4009649f"",""yes_price_dollars"":""0.2500""}"
KXETH15M-26APR280800-00,27c54950-e4b0-4608-1a80-4639e85a2a17,1777376957,0.25,8.66,no,"{""count_fp"":""8.66"",""created_time"":""2026-04-28T11:49:17.643153Z"",""no_price_dollars"":""0.7500"",""taker_side"":""no"",""ticker"":""KXETH15M-26APR280800-00"",""trade_id"":""27c54950-e4b0-4608-1a80-4639e85a2a17"",""yes_price_dollars"":""0.2500""}"
KXETH15M-26APR280800-00,6bf2ea04-0c64-536d-705e-c630761b673b,1777376957,0.25,5.0,no,"{""count_fp"":""5.00"",""created_time"":""2026-04-28T11:49:17.146781Z"",""no_price_dollars"":""0.7500"",""taker_side"":""no"",""ticker"":""KXETH15M-26APR280800-00"",""trade_id"":""6bf2ea04-0c64-536d-705e-c630761b673b"",""yes_price_dollars"":""0.2500""}"
KXETH15M-26APR280800-00,ebeae3e4-87a0-6397-ffea-8b8b8948a8ec,1777376963,0.26,2.0,yes,"{""count_fp"":""2.00"",""created_time"":""2026-04-28T11:49:23.992363Z"",""no_price_dollars"":""0.7400"",""taker_side"":""yes"",""ticker"":""KXETH15M-26APR280800-00"",""trade_id"":""ebeae3e4-87a0-6397-ffea-8b8b8948a8ec"",""yes_price_dollars"":""0.2600""}"
KXETH15M-26APR280800-00,df2f7421-d57b-67af-c2a7-2d9d9ff130e4,1777376963,0.25,10.0,no,"{""count_fp"":""10.00"",""created_time"":""2026-04-28T11:49:23.793068Z"",""no_price_dollars"":""0.7500"",""taker_side"":""no"",""ticker"":""KXETH15M-26APR280800-00"",""trade_id"":""df2f7421-d57b-67af-c2a7-2d9d9ff130e4"",""yes_price_dollars"":""0.2500""}"
KXETH15M-26APR280800-00,d93ca105-0d9c-6b59-c8cf-aa8fdc0197a7,1777376963,0.16,1.0,no,"{""count_fp"":""1.00"",""created_time"":""2026-04-28T11:49:23.793068Z"",""no_price_dollars"":""0.8400"",""taker_side"":""no"",""ticker"":""KXETH15M-26APR280800-00"",""trade_id"":""d93ca105-0d9c-6b59-c8cf-aa8fdc0197a7"",""yes_price_dollars"":""0.1600""}"
KXETH15M-26APR280800-00,d36e1aba-37db-6200-ed74-2f39efb20dd3,1777376963,0.25,100.0,no,"{""count_fp"":""100.00"",""created_time"":""2026-04-28T11:49:23.793068Z"",""no_price_dollars"":""0.7500"",""taker_side"":""no"",""ticker"":""KXETH15M-26APR280800-00"",""trade_id"":""d36e1aba-37db-6200-ed74-2f39efb20dd3"",""yes_price_dollars"":""0.2500""}"
KXETH15M-26APR280800-00,b831ac00-574d-676f-c31c-2297a650f966,1777376963,0.25,10.0,no,"{""count_fp"":""10.00"",""created_time"":""2026-04-28T11:49:23.793068Z"",""no_price_dollars"":""0.7500"",""taker_side"":""no"",""ticker"":""KXETH15M-26APR280800-00"",""trade_id"":""b831ac00-574d-676f-c31c-2297a650f966"",""yes_price_dollars"":""0.2500""}"
KXETH15M-26APR280800-00,b2d305aa-ea2b-65cf-f5b1-c317d1c9fc79,1777376963,0.17,7.0,no,"{""count_fp"":""7.00"",""created_time"":""2026-04-28T11:49:23.793068Z"",""no_price_dollars"":""0.8300"",""taker_side"":""no"",""ticker"":""KXETH15M-26APR280800-00"",""trade_id"":""b2d305aa-ea2b-65cf-f5b1-c317d1c9fc79"",""yes_price_dollars"":""0.1700""}"
KXETH15M-26APR280800-00,9850acfd-e41b-61f7-c206-22fdbb2556e3,1777376963,0.25,8.66,no,"{""count_fp"":""8.66"",""created_time"":""2026-04-28T11:49:23.793068Z"",""no_price_dollars"":""0.7500"",""taker_side"":""no"",""ticker"":""KXETH15M-26APR280800-00"",""trade_id"":""9850acfd-e41b-61f7-c206-22fdbb2556e3"",""yes_price_dollars"":""0.2500""}"
KXETH15M-26APR280800-00,9671c53e-ee4f-66b5-ff08-3c34a225e21f,1777376963,0.2,50.0,no,"{""count_fp"":""50.00"",""created_time"":""2026-04-28T11:49:23.793068Z"",""no_price_dollars"":""0.8000"",""taker_side"":""no"",""ticker"":""KXETH15M-26APR280800-00"",""trade_id"":""9671c53e-ee4f-66b5-ff08-3c34a225e21f"",""yes_price_dollars"":""0.2000""}"
KXETH15M-26APR280800-00,8ed6ebd7-4e92-6683-feca-2119f8e5946c,1777376963,0.23,60.0,no,"{""count_fp"":""60.00"",""created_time"":""2026-04-28T11:49:23.793068Z"",""no_price_dollars"":""0.7700"",""taker_side"":""no"",""ticker"":""KXETH15M-26APR280800-00"",""trade_id"":""8ed6ebd7-4e92-6683-feca-2119f8e5946c"",""yes_price_dollars"":""0.2300""}"
KXETH15M-26APR280800-00,0d0645b4-860b-6005-f69c-cfcdca467d97,1777376963,0.16,8.91,no,"{""count_fp"":""8.91"",""created_time"":""2026-04-28T11:49:23.793068Z"",""no_price_dollars"":""0.8400"",""taker_side"":""no"",""ticker"":""KXETH15M-26APR280800-00"",""trade_id"":""0d0645b4-860b-6005-f69c-cfcdca467d97"",""yes_price_dollars"":""0.1600""}"
KXETH15M-26APR280800-00,ded257b9-7d1c-7919-5eff-4977fbcc71a5,1777376968,0.28,0.73,no,"{""count_fp"":""0.73"",""created_time"":""2026-04-28T11:49:28.188303Z"",""no_price_dollars"":""0.7200"",""taker_side"":""no"",""ticker"":""KXETH15M-26APR280800-00"",""trade_id"":""ded257b9-7d1c-7919-5eff-4977fbcc71a5"",""yes_price_dollars"":""0.2800""}"
KXETH15M-26APR280800-00,0bfdb804-c854-6190-df06-a3dfaa443260,1777376968,0.28,10.0,no,"{""count_fp"":""10.00"",""created_time"":""2026-04-28T11:49:28.174538Z"",""no_price_dollars"":""0.7200"",""taker_side"":""no"",""ticker"":""KXETH15M-26APR280800-00"",""trade_id"":""0bfdb804-c854-6190-df06-a3dfaa443260"",""yes_price_dollars"":""0.2800""}"
KXETH15M-26APR280800-00,038f3bec-11c0-6895-ec92-8f687149a1e1,1777376968,0.28,7.0,no,"{""count_fp"":""7.00"",""created_time"":""2026-04-28T11:49:28.174538Z"",""no_price_dollars"":""0.7200"",""taker_side"":""no"",""ticker"":""KXETH15M-26APR280800-00"",""trade_id"":""038f3bec-11c0-6895-ec92-8f687149a1e1"",""yes_price_dollars"":""0.2800""}"
KXETH15M-26APR280800-00,507c1f7e-2319-6854-25fb-165b0407e056,1777376971,0.22,1.0,no,"{""count_fp"":""1.00"",""created_time"":""2026-04-28T11:49:31.878343Z"",""no_price_dollars"":""0.7800"",""taker_side"":""no"",""ticker"":""KXETH15M-26APR280800-00"",""trade_id"":""507c1f7e-2319-6854-25fb-165b0407e056"",""yes_price_dollars"":""0.2200""}"
KXETH15M-26APR280800-00,96c399e4-eafd-67b8-9aab-568565941dde,1777376987,0.22,1.0,no,"{""count_fp"":""1.00"",""created_time"":""2026-04-28T11:49:47.102244Z"",""no_price_dollars"":""0.7800"",""taker_side"":""no"",""ticker"":""KXETH15M-26APR280800-00"",""trade_id"":""96c399e4-eafd-67b8-9aab-568565941dde"",""yes_price_dollars"":""0.2200""}"
KXETH15M-26APR280800-00,3f33d8bd-6495-6d69-afbf-ec9651b15a8a,1777376987,0.19,1.0,no,"{""count_fp"":""1.00"",""created_time"":""2026-04-28T11:49:47.102244Z"",""no_price_dollars"":""0.8100"",""taker_side"":""no"",""ticker"":""KXETH15M-26APR280800-00"",""trade_id"":""3f33d8bd-6495-6d69-afbf-ec9651b15a8a"",""yes_price_dollars"":""0.1900""}"
KXETH15M-26APR280800-00,5c404582-b599-5ba1-1d10-adef3e84f9f4,1777376990,0.16,1.0,no,"{""count_fp"":""1.00"",""created_time"":""2026-04-28T11:49:50.656602Z"",""no_price_dollars"":""0.8400"",""taker_side"":""no"",""ticker"":""KXETH15M-26APR280800-00"",""trade_id"":""5c404582-b599-5ba1-1d10-adef3e84f9f4"",""yes_price_dollars"":""0.1600""}"
KXETH15M-26APR280800-00,e2b0cbaf-effc-612d-d6a5-716432d53bdd,1777376991,0.23,15.0,yes,"{""count_fp"":""15.00"",""created_time"":""2026-04-28T11:49:51.850577Z"",""no_price_dollars"":""0.7700"",""taker_side"":""yes"",""ticker"":""KXETH15M-26APR280800-00"",""trade_id"":""e2b0cbaf-effc-612d-d6a5-716432d53bdd"",""yes_price_dollars"":""0.2300""}"
KXETH15M-26APR280800-00,b4ac9d0f-4e46-6cf4-fec6-3d135a854886,1777376991,0.23,2.0,yes,"{""count_fp"":""2.00"",""created_time"":""2026-04-28T11:49:51.850577Z"",""no_price_dollars"":""0.7700"",""taker_side"":""yes"",""ticker"":""KXETH15M-26APR280800-00"",""trade_id"":""b4ac9d0f-4e46-6cf4-fec6-3d135a854886"",""yes_price_dollars"":""0.2300""}"
KXETH15M-26APR280800-00,9209a087-ed5a-6d89-f394-9c1a39e5a559,1777376991,0.22,60.0,yes,"{""count_fp"":""60.00"",""created_time"":""2026-04-28T11:49:51.850577Z"",""no_price_dollars"":""0.7800"",""taker_side"":""yes"",""ticker"":""KXETH15M-26APR280800-00"",""trade_id"":""9209a087-ed5a-6d89-f394-9c1a39e5a559"",""yes_price_dollars"":""0.2200""}"
KXETH15M-26APR280800-00,7dd2cd51-5fbd-6e66-d112-78caa7c043e6,1777376991,0.23,10.0,yes,"{""count_fp"":""10.00"",""created_time"":""2026-04-28T11:49:51.850577Z"",""no_price_dollars"":""0.7700"",""taker_side"":""yes"",""ticker"":""KXETH15M-26APR280800-00"",""trade_id"":""7dd2cd51-5fbd-6e66-d112-78caa7c043e6"",""yes_price_dollars"":""0.2300""}"
KXETH15M-26APR280800-00,c4ebc886-a6d5-43b3-cc08-0486d20c0bf3,1777376991,0.16,9.0,yes,"{""count_fp"":""9.00"",""created_time"":""2026-04-28T11:49:51.218539Z"",""no_price_dollars"":""0.8400"",""taker_side"":""yes"",""ticker"":""KXETH15M-26APR280800-00"",""trade_id"":""c4ebc886-a6d5-43b3-cc08-0486d20c0bf3"",""yes_price_dollars"":""0.1600""}"
KXETH15M-26APR280800-00,cde469e3-f3c7-4563-fbd5-d805a66726bd,1777376993,0.18,10.0,no,"{""count_fp"":""10.00"",""created_time"":""2026-04-28T11:49:53.754256Z"",""no_price_dollars"":""0.8200"",""taker_side"":""no"",""ticker"":""KXETH15M-26APR280800-00"",""trade_id"":""cde469e3-f3c7-4563-fbd5-d805a66726bd"",""yes_price_dollars"":""0.1800""}"
KXETH15M-26APR280800-00,698e6a91-fa47-4ca9-e6d6-8932e7cf5705,1777376993,0.18,2.04,no,"{""count_fp"":""2.04"",""created_time"":""2026-04-28T11:49:53.754256Z"",""no_price_dollars"":""0.8200"",""taker_side"":""no"",""ticker"":""KXETH15M-26APR280800-00"",""trade_id"":""698e6a91-fa47-4ca9-e6d6-8932e7cf5705"",""yes_price_dollars"":""0.1800""}"
KXETH15M-26APR280800-00,66ce40b9-48d6-4c29-9636-fab87583aa44,1777376993,0.19,5.0,yes,"{""count_fp"":""5.00"",""created_time"":""2026-04-28T11:49:53.261467Z"",""no_price_dollars"":""0.8100"",""taker_side"":""yes"",""ticker"":""KXETH15M-26APR280800-00"",""trade_id"":""66ce40b9-48d6-4c29-9636-fab87583aa44"",""yes_price_dollars"":""0.1900""}"
KXETH15M-26APR280800-00,7af01d01-8026-46a9-8566-b8dc38de53e4,1777376994,0.19,2.33,yes,"{""count_fp"":""2.33"",""created_time"":""2026-04-28T11:49:54.319883Z"",""no_price_dollars"":""0.8100"",""taker_side"":""yes"",""ticker"":""KXETH15M-26APR280800-00"",""trade_id"":""7af01d01-8026-46a9-8566-b8dc38de53e4"",""yes_price_dollars"":""0.1900""}"
KXETH15M-26APR280800-00,c400edf8-0ed1-73f2-257c-2bf0234e6b89,1777376997,0.15,1.0,no,"{""count_fp"":""1.00"",""created_time"":""2026-04-28T11:49:57.654543Z"",""no_price_dollars"":""0.8500"",""taker_side"":""no"",""ticker"":""KXETH15M-26APR280800-00"",""trade_id"":""c400edf8-0ed1-73f2-257c-2bf0234e6b89"",""yes_price_dollars"":""0.1500""}"
KXETH15M-26APR280800-00,f62a4be2-afc4-5a73-c8a3-4351f5189d39,1777377001,0.18,2.0,yes,"{""count_fp"":""2.00"",""created_time"":""2026-04-28T11:50:01.714525Z"",""no_price_dollars"":""0.8200"",""taker_side"":""yes"",""ticker"":""KXETH15M-26APR280800-00"",""trade_id"":""f62a4be2-afc4-5a73-c8a3-4351f5189d39"",""yes_price_dollars"":""0.1800""}"
KXETH15M-26APR280800-00,7e7158e1-0c22-6cdf-cde9-82abff2b0d0b,1777377002,0.2,20.0,yes,"{""count_fp"":""20.00"",""created_time"":""2026-04-28T11:50:02.037315Z"",""no_price_dollars"":""0.8000"",""taker_side"":""yes"",""ticker"":""KXETH15M-26APR280800-00"",""trade_id"":""7e7158e1-0c22-6cdf-cde9-82abff2b0d0b"",""yes_price_dollars"":""0.2000""}"
KXETH15M-26APR280800-00,bfa2d853-8400-4808-143f-1a532231432e,1777377012,0.18,1.0,no,"{""count_fp"":""1.00"",""created_time"":""2026-04-28T11:50:12.044355Z"",""no_price_dollars"":""0.8200"",""taker_side"":""no"",""ticker"":""KXETH15M-26APR280800-00"",""trade_id"":""bfa2d853-8400-4808-143f-1a532231432e"",""yes_price_dollars"":""0.1800""}"
KXETH15M-26APR280800-00,d2dab50b-d8fa-6b55-6edb-9c82a67e744d,1777377016,0.19,4.0,yes,"{""count_fp"":""4.00"",""created_time"":""2026-04-28T11:50:16.224621Z"",""no_price_dollars"":""0.8100"",""taker_side"":""yes"",""ticker"":""KXETH15M-26APR280800-00"",""trade_id"":""d2dab50b-d8fa-6b55-6edb-9c82a67e744d"",""yes_price_dollars"":""0.1900""}"
KXETH15M-26APR280800-00,a0615baa-d447-64d6-115e-1beaff355d0f,1777377023,0.23,10.0,yes,"{""count_fp"":""10.00"",""created_time"":""2026-04-28T11:50:23.191434Z"",""no_price_dollars"":""0.7700"",""taker_side"":""yes"",""ticker"":""KXETH15M-26APR280800-00"",""trade_id"":""a0615baa-d447-64d6-115e-1beaff355d0f"",""yes_price_dollars"":""0.2300""}"
KXETH15M-26APR280800-00,7eb55e9d-624b-6060-39c8-d1d1bab76961,1777377024,0.25,3.0,yes,"{""count_fp"":""3.00"",""created_time"":""2026-04-28T11:50:24.001153Z"",""no_price_dollars"":""0.7500"",""taker_side"":""yes"",""ticker"":""KXETH15M-26APR280800-00"",""trade_id"":""7eb55e9d-624b-6060-39c8-d1d1bab76961"",""yes_price_dollars"":""0.2500""}"
KXETH15M-26APR280800-00,72914ca3-6368-7b3e-40c4-29d3822d4f97,1777377028,0.25,100.0,yes,"{""count_fp"":""100.00"",""created_time"":""2026-04-28T11:50:28.822623Z"",""no_price_dollars"":""0.7500"",""taker_side"":""yes"",""ticker"":""KXETH15M-26APR280800-00"",""trade_id"":""72914ca3-6368-7b3e-40c4-29d3822d4f97"",""yes_price_dollars"":""0.2500""}"
KXETH15M-26APR280800-00,ba3da463-d9c7-7e89-1ff1-afba3101e53e,1777377028,0.23,10.0,yes,"{""count_fp"":""10.00"",""created_time"":""2026-04-28T11:50:28.777687Z"",""no_price_dollars"":""0.7700"",""taker_side"":""yes"",""ticker"":""KXETH15M-26APR280800-00"",""trade_id"":""ba3da463-d9c7-7e89-1ff1-afba3101e53e"",""yes_price_dollars"":""0.2300""}"
KXETH15M-26APR280800-00,cf47f906-e7ef-70b4-79bb-af1a7a2bc4db,1777377028,0.17,1.89,no,"{""count_fp"":""1.89"",""created_time"":""2026-04-28T11:50:28.167808Z"",""no_price_dollars"":""0.8300"",""taker_side"":""no"",""ticker"":""KXETH15M-26APR280800-00"",""trade_id"":""cf47f906-e7ef-70b4-79bb-af1a7a2bc4db"",""yes_price_dollars"":""0.1700""}"
KXETH15M-26APR280800-00,a71ce678-8e8c-79ca-710b-5621aef95e65,1777377028,0.17,1.11,no,"{""count_fp"":""1.11"",""created_time"":""2026-04-28T11:50:28.167808Z"",""no_price_dollars"":""0.8300"",""taker_side"":""no"",""ticker"":""KXETH15M-26APR280800-00"",""trade_id"":""a71ce678-8e8c-79ca-710b-5621aef95e65"",""yes_price_dollars"":""0.1700""}"
KXETH15M-26APR280800-00,3c5fb947-ee86-52e8-0028-6666f0a1b39c,1777377029,0.26,10.0,yes,"{""count_fp"":""10.00"",""created_time"":""2026-04-28T11:50:29.165865Z"",""no_price_dollars"":""0.7400"",""taker_side"":""yes"",""ticker"":""KXETH15M-26APR280800-00"",""trade_id"":""3c5fb947-ee86-52e8-0028-6666f0a1b39c"",""yes_price_dollars"":""0.2600""}"
KXETH15M-26APR280800-00,c018e01d-bac8-4482-45b1-c515f2699a75,1777377030,0.22,1.0,no,"{""count_fp"":""1.00"",""created_time"":""2026-04-28T11:50:30.078591Z"",""no_price_dollars"":""0.7800"",""taker_side"":""no"",""ticker"":""KXETH15M-26APR280800-00"",""trade_id"":""c018e01d-bac8-4482-45b1-c515f2699a75"",""yes_price_dollars"":""0.2200""}"
KXETH15M-26APR280800-00,2dd4af78-47e4-4f6a-4398-c7c5c0851d0d,1777377031,0.24,1.29,no,"{""count_fp"":""1.29"",""created_time"":""2026-04-28T11:50:31.128676Z"",""no_price_dollars"":""0.7600"",""taker_side"":""no"",""ticker"":""KXETH15M-26APR280800-00"",""trade_id"":""2dd4af78-47e4-4f6a-4398-c7c5c0851d0d"",""yes_price_dollars"":""0.2400""}"
KXETH15M-26APR280800-00,bb1ca7d5-4bf4-7bdd-e806-e0129acaffd8,1777377032,0.31,1323.0,yes,"{""count_fp"":""1323.00"",""created_time"":""2026-04-28T11:50:32.901123Z"",""no_price_dollars"":""0.6900"",""taker_side"":""yes"",""ticker"":""KXETH15M-26APR280800-00"",""trade_id"":""bb1ca7d5-4bf4-7bdd-e806-e0129acaffd8"",""yes_price_dollars"":""0.3100""}"
KXETH15M-26APR280800-00,88b34bca-9d91-7e58-f7b9-482c6087249f,1777377032,0.31,10.0,yes,"{""count_fp"":""10.00"",""created_time"":""2026-04-28T11:50:32.901123Z"",""no_price_dollars"":""0.6900"",""taker_side"":""yes"",""ticker"":""KXETH15M-26APR280800-00"",""trade_id"":""88b34bca-9d91-7e58-f7b9-482c6087249f"",""yes_price_dollars"":""0.3100""}"
KXETH15M-26APR280800-00,6c6adb21-4af5-7942-f8f1-3b855fdb37f1,1777377032,0.31,10.0,yes,"{""count_fp"":""10.00"",""created_time"":""2026-04-28T11:50:32.901123Z"",""no_price_dollars"":""0.6900"",""taker_side"":""yes"",""ticker"":""KXETH15M-26APR280800-00"",""trade_id"":""6c6adb21-4af5-7942-f8f1-3b855fdb37f1"",""yes_price_dollars"":""0.3100""}"
KXETH15M-26APR280800-00,31760fbb-bb54-7309-f879-a6965f5fa43d,1777377032,0.34,10.0,yes,"{""count_fp"":""10.00"",""created_time"":""2026-04-28T11:50:32.901123Z"",""no_price_dollars"":""0.6600"",""taker_side"":""yes"",""ticker"":""KXETH15M-26APR280800-00"",""trade_id"":""31760fbb-bb54-7309-f879-a6965f5fa43d"",""yes_price_dollars"":""0.3400""}"
KXETH15M-26APR280800-00,051c5ad4-5d1b-7408-e827-beea986cb25e,1777377032,0.34,4.0,yes,"{""count_fp"":""4.00"",""created_time"":""2026-04-28T11:50:32.901123Z"",""no_price_dollars"":""0.6600"",""taker_side"":""yes"",""ticker"":""KXETH15M-26APR280800-00"",""trade_id"":""051c5ad4-5d1b-7408-e827-beea986cb25e"",""yes_price_dollars"":""0.3400""}"
KXETH15M-26APR280800-00,308c80c5-0529-759f-7e00-85c090440c68,1777377032,0.26,10.0,no,"{""count_fp"":""10.00"",""created_time"":""2026-04-28T11:50:32.749062Z"",""no_price_dollars"":""0.7400"",""taker_side"":""no"",""ticker"":""KXETH15M-26APR280800-00"",""trade_id"":""308c80c5-0529-759f-7e00-85c090440c68"",""yes_price_dollars"":""0.2600""}"
KXETH15M-26APR280800-00,0e5e8ef2-f050-581e-ac1f-650377d695d9,1777377036,0.23,1.0,no,"{""count_fp"":""1.00"",""created_time"":""2026-04-28T11:50:36.592567Z"",""no_price_dollars"":""0.7700"",""taker_side"":""no"",""ticker"":""KXETH15M-26APR280800-00"",""trade_id"":""0e5e8ef2-f050-581e-ac1f-650377d695d9"",""yes_price_dollars"":""0.2300""}"
KXETH15M-26APR280800-00,1da8e399-7949-7776-b418-bfdbc955cd90,1777377037,0.23,1.0,no,"{""count_fp"":""1.00"",""created_time"":""2026-04-28T11:50:37.400393Z"",""no_price_dollars"":""0.7700"",""taker_side"":""no"",""ticker"":""KXETH15M-26APR280800-00"",""trade_id"":""1da8e399-7949-7776-b418-bfdbc955cd90"",""yes_price_dollars"":""0.2300""}"
KXETH15M-26APR280800-00,c55c869a-5711-7a86-1846-76e237a6d37f,1777377039,0.24,2.0,no,"{""count_fp"":""2.00"",""created_time"":""2026-04-28T11:50:39.732685Z"",""no_price_dollars"":""0.7600"",""taker_side"":""no"",""ticker"":""KXETH15M-26APR280800-00"",""trade_id"":""c55c869a-5711-7a86-1846-76e237a6d37f"",""yes_price_dollars"":""0.2400""}"
KXETH15M-26APR280800-00,6f7c7a12-eb58-771e-1879-35ec67dcbaad,1777377039,0.23,10.0,no,"{""count_fp"":""10.00"",""created_time"":""2026-04-28T11:50:39.732685Z"",""no_price_dollars"":""0.7700"",""taker_side"":""no"",""ticker"":""KXETH15M-26APR280800-00"",""trade_id"":""6f7c7a12-eb58-771e-1879-35ec67dcbaad"",""yes_price_dollars"":""0.2300""}"
KXETH15M-26APR280800-00,3da68b5b-68b8-77d3-2fe6-2d362a500a6d,1777377039,0.22,3.0,no,"{""count_fp"":""3.00"",""created_time"":""2026-04-28T11:50:39.732685Z"",""no_price_dollars"":""0.7800"",""taker_side"":""no"",""ticker"":""KXETH15M-26APR280800-00"",""trade_id"":""3da68b5b-68b8-77d3-2fe6-2d362a500a6d"",""yes_price_dollars"":""0.2200""}"
KXETH15M-26APR280800-00,8598dc6e-b545-569d-e2df-57a4a467d0d9,1777377042,0.24,10.0,no,"{""count_fp"":""10.00"",""created_time"":""2026-04-28T11:50:42.678634Z"",""no_price_dollars"":""0.7600"",""taker_side"":""no"",""ticker"":""KXETH15M-26APR280800-00"",""trade_id"":""8598dc6e-b545-569d-e2df-57a4a467d0d9"",""yes_price_dollars"":""0.2400""}"
KXETH15M-26APR280800-00,68a6a059-a08d-5b1c-c0a4-987fe8bd6288,1777377042,0.24,29.11,no,"{""count_fp"":""29.11"",""created_time"":""2026-04-28T11:50:42.678634Z"",""no_price_dollars"":""0.7600"",""taker_side"":""no"",""ticker"":""KXETH15M-26APR280800-00"",""trade_id"":""68a6a059-a08d-5b1c-c0a4-987fe8bd6288"",""yes_price_dollars"":""0.2400""}"
KXETH15M-26APR280800-00,372518e7-0a94-57ed-c169-f3644fe74488,1777377042,0.24,10.0,no,"{""count_fp"":""10.00"",""created_time"":""2026-04-28T11:50:42.678634Z"",""no_price_dollars"":""0.7600"",""taker_side"":""no"",""ticker"":""KXETH15M-26APR280800-00"",""trade_id"":""372518e7-0a94-57ed-c169-f3644fe74488"",""yes_price_dollars"":""0.2400""}"
KXETH15M-26APR280800-00,917f67b1-a940-63f1-f3a7-40f8d45bba8c,1777377044,0.18,13.0,no,"{""count_fp"":""13.00"",""created_time"":""2026-04-28T11:50:44.911186Z"",""no_price_dollars"":""0.8200"",""taker_side"":""no"",""ticker"":""KXETH15M-26APR280800-00"",""trade_id"":""917f67b1-a940-63f1-f3a7-40f8d45bba8c"",""yes_price_dollars"":""0.1800""}"
KXETH15M-26APR280800-00,d600a6a2-2d8d-5f73-fc05-77b85fdfbe44,1777377044,0.19,47.0,no,"{""count_fp"":""47.00"",""created_time"":""2026-04-28T11:50:44.872316Z"",""no_price_dollars"":""0.8100"",""taker_side"":""no"",""ticker"":""KXETH15M-26APR280800-00"",""trade_id"":""d600a6a2-2d8d-5f73-fc05-77b85fdfbe44"",""yes_price_dollars"":""0.1900""}"
KXETH15M-26APR280800-00,81338b3a-c6f6-5319-f42f-b48e24c82931,1777377044,0.2,10.0,no,"{""count_fp"":""10.00"",""created_time"":""2026-04-28T11:50:44.872316Z"",""no_price_dollars"":""0.8000"",""taker_side"":""no"",""ticker"":""KXETH15M-26APR280800-00"",""trade_id"":""81338b3a-c6f6-5319-f42f-b48e24c82931"",""yes_price_dollars"":""0.2000""}"
KXETH15M-26APR280800-00,5864199a-dbda-5691-dfc8-013a7393bbed,1777377044,0.19,50.0,no,"{""count_fp"":""50.00"",""created_time"":""2026-04-28T11:50:44.872316Z"",""no_price_dollars"":""0.8100"",""taker_side"":""no"",""ticker"":""KXETH15M-26APR280800-00"",""trade_id"":""5864199a-dbda-5691-dfc8-013a7393bbed"",""yes_price_dollars"":""0.1900""}"
KXETH15M-26APR280800-00,08272bfb-b79b-583a-d5fe-58302f803d24,1777377044,0.19,3.0,no,"{""count_fp"":""3.00"",""created_time"":""2026-04-28T11:50:44.872316Z"",""no_price_dollars"":""0.8100"",""taker_side"":""no"",""ticker"":""KXETH15M-26APR280800-00"",""trade_id"":""08272bfb-b79b-583a-d5fe-58302f803d24"",""yes_price_dollars"":""0.1900""}"
KXETH15M-26APR280800-00,429bf966-9cb1-6c84-f5f2-67b68619a410,1777377044,0.21,100.0,no,"{""count_fp"":""100.00"",""created_time"":""2026-04-28T11:50:44.840861Z"",""no_price_dollars"":""0.7900"",""taker_side"":""no"",""ticker"":""KXETH15M-26APR280800-00"",""trade_id"":""429bf966-9cb1-6c84-f5f2-67b68619a410"",""yes_price_dollars"":""0.2100""}"
KXETH15M-26APR280800-00,4d52e90a-9f31-68e5-e17f-bad4eb61c911,1777377044,0.28,4.97,yes,"{""count_fp"":""4.97"",""created_time"":""2026-04-28T11:50:44.251827Z"",""no_price_dollars"":""0.7200"",""taker_side"":""yes"",""ticker"":""KXETH15M-26APR280800-00"",""trade_id"":""4d52e90a-9f31-68e5-e17f-bad4eb61c911"",""yes_price_dollars"":""0.2800""}"
KXETH15M-26APR280800-00,2f620cfb-d7b0-6c8a-c48f-43bb13feebca,1777377044,0.25,2.0,yes,"{""count_fp"":""2.00"",""created_time"":""2026-04-28T11:50:44.251827Z"",""no_price_dollars"":""0.7500"",""taker_side"":""yes"",""ticker"":""KXETH15M-26APR280800-00"",""trade_id"":""2f620cfb-d7b0-6c8a-c48f-43bb13feebca"",""yes_price_dollars"":""0.2500""}"
KXETH15M-26APR280800-00,861aa76e-bec0-6fe9-8066-d978d783b29d,1777377047,0.17,3.94,yes,"{""count_fp"":""3.94"",""created_time"":""2026-04-28T11:50:47.905329Z"",""no_price_dollars"":""0.8300"",""taker_side"":""yes"",""ticker"":""KXETH15M-26APR280800-00"",""trade_id"":""861aa76e-bec0-6fe9-8066-d978d783b29d"",""yes_price_dollars"":""0.1700""}"
KXETH15M-26APR280800-00,534123cf-4a2c-5fd7-bd63-e85fc8cde452,1777377049,0.22,26.0,yes,"{""count_fp"":""26.00"",""created_time"":""2026-04-28T11:50:49.194878Z"",""no_price_dollars"":""0.7800"",""taker_side"":""yes"",""ticker"":""KXETH15M-26APR280800-00"",""trade_id"":""534123cf-4a2c-5fd7-bd63-e85fc8cde452"",""yes_price_dollars"":""0.2200""}"
KXETH15M-26APR280800-00,d65fb97c-1401-5e1c-f72d-68040398c32b,1777377055,0.21,10.0,yes,"{""count_fp"":""10.00"",""created_time"":""2026-04-28T11:50:55.894254Z"",""no_price_dollars"":""0.7900"",""taker_side"":""yes"",""ticker"":""KXETH15M-26APR280800-00"",""trade_id"":""d65fb97c-1401-5e1c-f72d-68040398c32b"",""yes_price_dollars"":""0.2100""}"
KXETH15M-26APR280800-00,43471aa3-7dfa-5029-fb03-589e40b18485,1777377055,0.21,10.0,yes,"{""count_fp"":""10.00"",""created_time"":""2026-04-28T11:50:55.894254Z"",""no_price_dollars"":""0.7900"",""taker_side"":""yes"",""ticker"":""KXETH15M-26APR280800-00"",""trade_id"":""43471aa3-7dfa-5029-fb03-589e40b18485"",""yes_price_dollars"":""0.2100""}"
KXETH15M-26APR280800-00,41460078-314c-57c3-e4a9-e10a1f6885ca,1777377055,0.22,0.08,yes,"{""count_fp"":""0.08"",""created_time"":""2026-04-28T11:50:55.894254Z"",""no_price_dollars"":""0.7800"",""taker_side"":""yes"",""ticker"":""KXETH15M-26APR280800-00"",""trade_id"":""41460078-314c-57c3-e4a9-e10a1f6885ca"",""yes_price_dollars"":""0.2200""}"
KXETH15M-26APR280800-00,384a58cf-6269-50c4-c0af-3901dc60104c,1777377055,0.21,2.0,yes,"{""count_fp"":""2.00"",""created_time"":""2026-04-28T11:50:55.894254Z"",""no_price_dollars"":""0.7900"",""taker_side"":""yes"",""ticker"":""KXETH15M-26APR280800-00"",""trade_id"":""384a58cf-6269-50c4-c0af-3901dc60104c"",""yes_price_dollars"":""0.2100""}"
KXETH15M-26APR280800-00,c8b52ca3-10ab-76f3-2e6c-3ecf0fa85572,1777377063,0.18,1.0,no,"{""count_fp"":""1.00"",""created_time"":""2026-04-28T11:51:03.114284Z"",""no_price_dollars"":""0.8200"",""taker_side"":""no"",""ticker"":""KXETH15M-26APR280800-00"",""trade_id"":""c8b52ca3-10ab-76f3-2e6c-3ecf0fa85572"",""yes_price_dollars"":""0.1800""}"
KXETH15M-26APR280800-00,15c87e2c-bf30-673b-19a1-a6c3e199c06a,1777377069,0.23,20.62,yes,"{""count_fp"":""20.62"",""created_time"":""2026-04-28T11:51:09.211842Z"",""no_price_dollars"":""0.7700"",""taker_side"":""yes"",""ticker"":""KXETH15M-26APR280800-00"",""trade_id"":""15c87e2c-bf30-673b-19a1-a6c3e199c06a"",""yes_price_dollars"":""0.2300""}"
KXETH15M-26APR280800-00,f2010839-ee14-67c4-bbf9-c94fdeb025a3,1777377073,0.18,10.0,no,"{""count_fp"":""10.00"",""created_time"":""2026-04-28T11:51:13.604466Z"",""no_price_dollars"":""0.8200"",""taker_side"":""no"",""ticker"":""KXETH15M-26APR280800-00"",""trade_id"":""f2010839-ee14-67c4-bbf9-c94fdeb025a3"",""yes_price_dollars"":""0.1800""}"
KXETH15M-26APR280800-00,4297f650-bf65-6aea-a2da-d7a5be61ccfa,1777377073,0.19,1.0,no,"{""count_fp"":""1.00"",""created_time"":""2026-04-28T11:51:13.604466Z"",""no_price_dollars"":""0.8100"",""taker_side"":""no"",""ticker"":""KXETH15M-26APR280800-00"",""trade_id"":""4297f650-bf65-6aea-a2da-d7a5be61ccfa"",""yes_price_dollars"":""0.1900""}"
KXETH15M-26APR280800-00,d99f479d-7772-548f-1cd2-aa47bc2d7059,1777377076,0.17,37.0,no,"{""count_fp"":""37.00"",""created_time"":""2026-04-28T11:51:16.395942Z"",""no_price_dollars"":""0.8300"",""taker_side"":""no"",""ticker"":""KXETH15M-26APR280800-00"",""trade_id"":""d99f479d-7772-548f-1cd2-aa47bc2d7059"",""yes_price_dollars"":""0.1700""}"
KXETH15M-26APR280800-00,b51cef19-41bf-4758-414c-d8941a7f9aca,1777377088,0.15,10.0,no,"{""count_fp"":""10.00"",""created_time"":""2026-04-28T11:51:28.309653Z"",""no_price_dollars"":""0.8500"",""taker_side"":""no"",""ticker"":""KXETH15M-26APR280800-00"",""trade_id"":""b51cef19-41bf-4758-414c-d8941a7f9aca"",""yes_price_dollars"":""0.1500""}"
KXETH15M-26APR280800-00,1fb949e2-1573-53cb-8d80-f35a70d445ff,1777377089,0.16,10.0,no,"{""count_fp"":""10.00"",""created_time"":""2026-04-28T11:51:29.858636Z"",""no_price_dollars"":""0.8400"",""taker_side"":""no"",""ticker"":""KXETH15M-26APR280800-00"",""trade_id"":""1fb949e2-1573-53cb-8d80-f35a70d445ff"",""yes_price_dollars"":""0.1600""}"
KXETH15M-26APR280800-00,cbcd0faa-2195-5239-d694-878d9520428e,1777377089,0.16,2.0,yes,"{""count_fp"":""2.00"",""created_time"":""2026-04-28T11:51:29.559362Z"",""no_price_dollars"":""0.8400"",""taker_side"":""yes"",""ticker"":""KXETH15M-26APR280800-00"",""trade_id"":""cbcd0faa-2195-5239-d694-878d9520428e"",""yes_price_dollars"":""0.1600""}"
KXETH15M-26APR280800-00,1cc2ba9d-c86e-5fb1-f3ac-1056ed5e8190,1777377089,0.16,24.0,yes,"{""count_fp"":""24.00"",""created_time"":""2026-04-28T11:51:29.559362Z"",""no_price_dollars"":""0.8400"",""taker_side"":""yes"",""ticker"":""KXETH15M-26APR280800-00"",""trade_id"":""1cc2ba9d-c86e-5fb1-f3ac-1056ed5e8190"",""yes_price_dollars"":""0.1600""}"
KXETH15M-26APR280800-00,ece2a84f-ec0c-7f57-6a61-f98b3638f59d,1777377094,0.18,6.02,no,"{""count_fp"":""6.02"",""created_time"":""2026-04-28T11:51:34.663015Z"",""no_price_dollars"":""0.8200"",""taker_side"":""no"",""ticker"":""KXETH15M-26APR280800-00"",""trade_id"":""ece2a84f-ec0c-7f57-6a61-f98b3638f59d"",""yes_price_dollars"":""0.1800""}"
KXETH15M-26APR280800-00,215fb43a-8dba-4fae-df89-4959e132a230,1777377097,0.17,0.3,no,"{""count_fp"":""0.30"",""created_time"":""2026-04-28T11:51:37.257155Z"",""no_price_dollars"":""0.8300"",""taker_side"":""no"",""ticker"":""KXETH15M-26APR280800-00"",""trade_id"":""215fb43a-8dba-4fae-df89-4959e132a230"",""yes_price_dollars"":""0.1700""}"
KXETH15M-26APR280800-00,3f006046-733e-6432-f17c-e429952c4cc9,1777377106,0.21,1.0,no,"{""count_fp"":""1.00"",""created_time"":""2026-04-28T11:51:46.345575Z"",""no_price_dollars"":""0.7900"",""taker_side"":""no"",""ticker"":""KXETH15M-26APR280800-00"",""trade_id"":""3f006046-733e-6432-f17c-e429952c4cc9"",""yes_price_dollars"":""0.2100""}"
KXETH15M-26APR280800-00,962ee1e5-8593-519f-c57a-e1290fa3b1fe,1777377107,0.18,10.0,no,"{""count_fp"":""10.00"",""created_time"":""2026-04-28T11:51:47.230359Z"",""no_price_dollars"":""0.8200"",""taker_side"":""no"",""ticker"":""KXETH15M-26APR280800-00"",""trade_id"":""962ee1e5-8593-519f-c57a-e1290fa3b1fe"",""yes_price_dollars"":""0.1800""}"
KXETH15M-26APR280800-00,758e4714-138f-52cc-f1e3-c1456f728c00,1777377107,0.18,100.0,no,"{""count_fp"":""100.00"",""created_time"":""2026-04-28T11:51:47.230359Z"",""no_price_dollars"":""0.8200"",""taker_side"":""no"",""ticker"":""KXETH15M-26APR280800-00"",""trade_id"":""758e4714-138f-52cc-f1e3-c1456f728c00"",""yes_price_dollars"":""0.1800""}"
KXETH15M-26APR280800-00,675c9594-0626-5105-fe3d-5eb763f42df9,1777377107,0.16,7.9,no,"{""count_fp"":""7.90"",""created_time"":""2026-04-28T11:51:47.230359Z"",""no_price_dollars"":""0.8400"",""taker_side"":""no"",""ticker"":""KXETH15M-26APR280800-00"",""trade_id"":""675c9594-0626-5105-fe3d-5eb763f42df9"",""yes_price_dollars"":""0.1600""}"
KXETH15M-26APR280800-00,9cbfe55b-089e-6759-ea7a-b78b86e1ac0d,1777377119,0.18,19.71,no,"{""count_fp"":""19.71"",""created_time"":""2026-04-28T11:51:59.310988Z"",""no_price_dollars"":""0.8200"",""taker_side"":""no"",""ticker"":""KXETH15M-26APR280800-00"",""trade_id"":""9cbfe55b-089e-6759-ea7a-b78b86e1ac0d"",""yes_price_dollars"":""0.1800""}"
KXETH15M-26APR280800-00,2d21eca2-f163-6e0a-e5b6-dfc9ff9726ff,1777377119,0.21,100.0,no,"{""count_fp"":""100.00"",""created_time"":""2026-04-28T11:51:59.310988Z"",""no_price_dollars"":""0.7900"",""taker_side"":""no"",""ticker"":""KXETH15M-26APR280800-00"",""trade_id"":""2d21eca2-f163-6e0a-e5b6-dfc9ff9726ff"",""yes_price_dollars"":""0.2100""}"
KXETH15M-26APR280800-00,0dbfd678-11b8-6dca-c65e-aeae7a96fcb7,1777377119,0.22,6.68,no,"{""count_fp"":""6.68"",""created_time"":""2026-04-28T11:51:59.310988Z"",""no_price_dollars"":""0.7800"",""taker_side"":""no"",""ticker"":""KXETH15M-26APR280800-00"",""trade_id"":""0dbfd678-11b8-6dca-c65e-aeae7a96fcb7"",""yes_price_dollars"":""0.2200""}"
KXETH15M-26APR280800-00,031d407b-95d3-6a00-eaeb-4f46a30b513e,1777377119,0.22,10.0,no,"{""count_fp"":""10.00"",""created_time"":""2026-04-28T11:51:59.310988Z"",""no_price_dollars"":""0.7800"",""taker_side"":""no"",""ticker"":""KXETH15M-26APR280800-00"",""trade_id"":""031d407b-95d3-6a00-eaeb-4f46a30b513e"",""yes_price_dollars"":""0.2200""}"
KXETH15M-26APR280800-00,a71753fb-e810-51c9-99b8-5c1a442e0376,1777377125,0.18,1.0,yes,"{""count_fp"":""1.00"",""created_time"":""2026-04-28T11:52:05.240221Z"",""no_price_dollars"":""0.8200"",""taker_side"":""yes"",""ticker"":""KXETH15M-26APR280800-00"",""trade_id"":""a71753fb-e810-51c9-99b8-5c1a442e0376"",""yes_price_dollars"":""0.1800""}"
KXETH15M-26APR280800-00,b2581e03-306f-69cf-687a-df9415b32ef5,1777377126,0.18,1.0,no,"{""count_fp"":""1.00"",""created_time"":""2026-04-28T11:52:06.429339Z"",""no_price_dollars"":""0.8200"",""taker_side"":""no"",""ticker"":""KXETH15M-26APR280800-00"",""trade_id"":""b2581e03-306f-69cf-687a-df9415b32ef5"",""yes_price_dollars"":""0.1800""}"
KXETH15M-26APR280800-00,6ed2ef05-c3ad-7727-a0f4-c2fc514e3129,1777377134,0.23,10.0,yes,"{""count_fp"":""10.00"",""created_time"":""2026-04-28T11:52:14.326314Z"",""no_price_dollars"":""0.7700"",""taker_side"":""yes"",""ticker"":""KXETH15M-26APR280800-00"",""trade_id"":""6ed2ef05-c3ad-7727-a0f4-c2fc514e3129"",""yes_price_dollars"":""0.2300""}"
KXETH15M-26APR280800-00,cb00ae29-e8f5-7951-e168-1b5a44306457,1777377135,0.22,1.0,no,"{""count_fp"":""1.00"",""created_time"":""2026-04-28T11:52:15.142801Z"",""no_price_dollars"":""0.7800"",""taker_side"":""no"",""ticker"":""KXETH15M-26APR280800-00"",""trade_id"":""cb00ae29-e8f5-7951-e168-1b5a44306457"",""yes_price_dollars"":""0.2200""}"
KXETH15M-26APR280800-00,f5f120c1-de19-50ad-1cab-b066c4e2af33,1777377144,0.13,2.91,no,"{""count_fp"":""2.91"",""created_time"":""2026-04-28T11:52:24.955761Z"",""no_price_dollars"":""0.8700"",""taker_side"":""no"",""ticker"":""KXETH15M-26APR280800-00"",""trade_id"":""f5f120c1-de19-50ad-1cab-b066c4e2af33"",""yes_price_dollars"":""0.1300""}"
KXETH15M-26APR280800-00,a51fadac-c0eb-52d3-14b1-826d52f3d839,1777377144,0.15,10.0,no,"{""count_fp"":""10.00"",""created_time"":""2026-04-28T11:52:24.955761Z"",""no_price_dollars"":""0.8500"",""taker_side"":""no"",""ticker"":""KXETH15M-26APR280800-00"",""trade_id"":""a51fadac-c0eb-52d3-14b1-826d52f3d839"",""yes_price_dollars"":""0.1500""}"
KXETH15M-26APR280800-00,700951dd-27a0-5972-3e0a-3767ada7f1a0,1777377144,0.15,10.0,no,"{""count_fp"":""10.00"",""created_time"":""2026-04-28T11:52:24.955761Z"",""no_price_dollars"":""0.8500"",""taker_side"":""no"",""ticker"":""KXETH15M-26APR280800-00"",""trade_id"":""700951dd-27a0-5972-3e0a-3767ada7f1a0"",""yes_price_dollars"":""0.1500""}"
KXETH15M-26APR280800-00,d52ca13f-56d7-75fd-38eb-9db15ee3f281,1777377154,0.19,4.73,yes,"{""count_fp"":""4.73"",""created_time"":""2026-04-28T11:52:34.678855Z"",""no_price_dollars"":""0.8100"",""taker_side"":""yes"",""ticker"":""KXETH15M-26APR280800-00"",""trade_id"":""d52ca13f-56d7-75fd-38eb-9db15ee3f281"",""yes_price_dollars"":""0.1900""}"
KXETH15M-26APR280800-00,1075a9cc-0f7f-7bca-1c4e-7c4e01239c23,1777377161,0.14,2.0,no,"{""count_fp"":""2.00"",""created_time"":""2026-04-28T11:52:41.475582Z"",""no_price_dollars"":""0.8600"",""taker_side"":""no"",""ticker"":""KXETH15M-26APR280800-00"",""trade_id"":""1075a9cc-0f7f-7bca-1c4e-7c4e01239c23"",""yes_price_dollars"":""0.1400""}"
KXETH15M-26APR280800-00,e8b1acef-be68-439d-94c6-122397c4f55d,1777377170,0.17,0.23,no,"{""count_fp"":""0.23"",""created_time"":""2026-04-28T11:52:50.789888Z"",""no_price_dollars"":""0.8300"",""taker_side"":""no"",""ticker"":""KXETH15M-26APR280800-00"",""trade_id"":""e8b1acef-be68-439d-94c6-122397c4f55d"",""yes_price_dollars"":""0.1700""}"
KXETH15M-26APR280800-00,df80649c-0ddc-4f71-ca5c-f0bd5eae8855,1777377170,0.17,8.0,no,"{""count_fp"":""8.00"",""created_time"":""2026-04-28T11:52:50.775391Z"",""no_price_dollars"":""0.8300"",""taker_side"":""no"",""ticker"":""KXETH15M-26APR280800-00"",""trade_id"":""df80649c-0ddc-4f71-ca5c-f0bd5eae8855"",""yes_price_dollars"":""0.1700""}"
KXETH15M-26APR280800-00,933021bf-4b43-4bcf-e264-c788bf84967b,1777377170,0.17,10.0,no,"{""count_fp"":""10.00"",""created_time"":""2026-04-28T11:52:50.775391Z"",""no_price_dollars"":""0.8300"",""taker_side"":""no"",""ticker"":""KXETH15M-26APR280800-00"",""trade_id"":""933021bf-4b43-4bcf-e264-c788bf84967b"",""yes_price_dollars"":""0.1700""}"
KXETH15M-26APR280800-00,e3203bbc-3c57-52c7-32ec-6f2c5b30522c,1777377179,0.21,10.0,yes,"{""count_fp"":""10.00"",""created_time"":""2026-04-28T11:52:59.740132Z"",""no_price_dollars"":""0.7900"",""taker_side"":""yes"",""ticker"":""KXETH15M-26APR280800-00"",""trade_id"":""e3203bbc-3c57-52c7-32ec-6f2c5b30522c"",""yes_price_dollars"":""0.2100""}"
KXETH15M-26APR280800-00,81c716b0-69d7-5571-26b5-2427e7688a4d,1777377179,0.22,11.0,yes,"{""count_fp"":""11.00"",""created_time"":""2026-04-28T11:52:59.740132Z"",""no_price_dollars"":""0.7800"",""taker_side"":""yes"",""ticker"":""KXETH15M-26APR280800-00"",""trade_id"":""81c716b0-69d7-5571-26b5-2427e7688a4d"",""yes_price_dollars"":""0.2200""}"
KXETH15M-26APR280800-00,18476e1b-41f7-7387-9aa0-dc0f3e35dca1,1777377180,0.15,1.0,no,"{""count_fp"":""1.00"",""created_time"":""2026-04-28T11:53:00.319577Z"",""no_price_dollars"":""0.8500"",""taker_side"":""no"",""ticker"":""KXETH15M-26APR280800-00"",""trade_id"":""18476e1b-41f7-7387-9aa0-dc0f3e35dca1"",""yes_price_dollars"":""0.1500""}"
KXETH15M-26APR280800-00,5d27c259-3ce2-4d9b-caec-6088f536c494,1777377184,0.16,1.17,no,"{""count_fp"":""1.17"",""created_time"":""2026-04-28T11:53:04.673419Z"",""no_price_dollars"":""0.8400"",""taker_side"":""no"",""ticker"":""KXETH15M-26APR280800-00"",""trade_id"":""5d27c259-3ce2-4d9b-caec-6088f536c494"",""yes_price_dollars"":""0.1600""}"
KXETH15M-26APR280800-00,bebb9dc0-621d-4add-87be-01729b4658f3,1777377185,0.14,1.0,no,"{""count_fp"":""1.00"",""created_time"":""2026-04-28T11:53:05.645309Z"",""no_price_dollars"":""0.8600"",""taker_side"":""no"",""ticker"":""KXETH15M-26APR280800-00"",""trade_id"":""bebb9dc0-621d-4add-87be-01729b4658f3"",""yes_price_dollars"":""0.1400""}"
KXETH15M-26APR280800-00,fd9cd6f9-52fd-5b69-0ecb-3e4bdf866a9b,1777377186,0.12,9.2,no,"{""count_fp"":""9.20"",""created_time"":""2026-04-28T11:53:06.908133Z"",""no_price_dollars"":""0.8800"",""taker_side"":""no"",""ticker"":""KXETH15M-26APR280800-00"",""trade_id"":""fd9cd6f9-52fd-5b69-0ecb-3e4bdf866a9b"",""yes_price_dollars"":""0.1200""}"
KXETH15M-26APR280800-00,c2e951a6-d586-5810-36a4-37f078be471c,1777377186,0.12,9.0,no,"{""count_fp"":""9.00"",""created_time"":""2026-04-28T11:53:06.908133Z"",""no_price_dollars"":""0.8800"",""taker_side"":""no"",""ticker"":""KXETH15M-26APR280800-00"",""trade_id"":""c2e951a6-d586-5810-36a4-37f078be471c"",""yes_price_dollars"":""0.1200""}"
KXETH15M-26APR280800-00,962debfe-3ce6-522c-3860-2a436dcd9115,1777377186,0.15,10.0,no,"{""count_fp"":""10.00"",""created_time"":""2026-04-28T11:53:06.908133Z"",""no_price_dollars"":""0.8500"",""taker_side"":""no"",""ticker"":""KXETH15M-26APR280800-00"",""trade_id"":""962debfe-3ce6-522c-3860-2a436dcd9115"",""yes_price_dollars"":""0.1500""}"
KXETH15M-26APR280800-00,3b94ceb1-53d2-4178-bb09-c928943060f8,1777377186,0.12,1.0,no,"{""count_fp"":""1.00"",""created_time"":""2026-04-28T11:53:06.503196Z"",""no_price_dollars"":""0.8800"",""taker_side"":""no"",""ticker"":""KXETH15M-26APR280800-00"",""trade_id"":""3b94ceb1-53d2-4178-bb09-c928943060f8"",""yes_price_dollars"":""0.1200""}"
KXETH15M-26APR280800-00,2f542582-a43d-6015-a556-f9344cd19e3b,1777377186,0.14,1.0,no,"{""count_fp"":""1.00"",""created_time"":""2026-04-28T11:53:06.012335Z"",""no_price_dollars"":""0.8600"",""taker_side"":""no"",""ticker"":""KXETH15M-26APR280800-00"",""trade_id"":""2f542582-a43d-6015-a556-f9344cd19e3b"",""yes_price_dollars"":""0.1400""}"
KXETH15M-26APR280800-00,521f173b-c796-5fcd-4088-a7e21d811ee9,1777377187,0.12,1.0,no,"{""count_fp"":""1.00"",""created_time"":""2026-04-28T11:53:07.670198Z"",""no_price_dollars"":""0.8800"",""taker_side"":""no"",""ticker"":""KXETH15M-26APR280800-00"",""trade_id"":""521f173b-c796-5fcd-4088-a7e21d811ee9"",""yes_price_dollars"":""0.1200""}"
KXETH15M-26APR280800-00,d87fb90d-6823-6e6b-6b1a-81388be1f126,1777377191,0.15,6.0,no,"{""count_fp"":""6.00"",""created_time"":""2026-04-28T11:53:11.386172Z"",""no_price_dollars"":""0.8500"",""taker_side"":""no"",""ticker"":""KXETH15M-26APR280800-00"",""trade_id"":""d87fb90d-6823-6e6b-6b1a-81388be1f126"",""yes_price_dollars"":""0.1500""}"
KXETH15M-26APR280800-00,cb02f210-2b99-6e61-6659-260175053af3,1777377191,0.15,4.19,no,"{""count_fp"":""4.19"",""created_time"":""2026-04-28T11:53:11.386172Z"",""no_price_dollars"":""0.8500"",""taker_side"":""no"",""ticker"":""KXETH15M-26APR280800-00"",""trade_id"":""cb02f210-2b99-6e61-6659-260175053af3"",""yes_price_dollars"":""0.1500""}"
KXETH15M-26APR280800-00,6b06b0dc-4b8f-6c0b-7af2-33ec962c571c,1777377191,0.15,9.33,no,"{""count_fp"":""9.33"",""created_time"":""2026-04-28T11:53:11.386172Z"",""no_price_dollars"":""0.8500"",""taker_side"":""no"",""ticker"":""KXETH15M-26APR280800-00"",""trade_id"":""6b06b0dc-4b8f-6c0b-7af2-33ec962c571c"",""yes_price_dollars"":""0.1500""}"
KXETH15M-26APR280800-00,45241635-1c61-7ac0-2221-c01843713fde,1777377192,0.15,1.0,no,"{""count_fp"":""1.00"",""created_time"":""2026-04-28T11:53:12.396191Z"",""no_price_dollars"":""0.8500"",""taker_side"":""no"",""ticker"":""KXETH15M-26APR280800-00"",""trade_id"":""45241635-1c61-7ac0-2221-c01843713fde"",""yes_price_dollars"":""0.1500""}"
KXETH15M-26APR280800-00,0c5444b9-7c8d-79f9-5118-d36083fe870f,1777377194,0.14,2.0,no,"{""count_fp"":""2.00"",""created_time"":""2026-04-28T11:53:14.206628Z"",""no_price_dollars"":""0.8600"",""taker_side"":""no"",""ticker"":""KXETH15M-26APR280800-00"",""trade_id"":""0c5444b9-7c8d-79f9-5118-d36083fe870f"",""yes_price_dollars"":""0.1400""}"
KXETH15M-26APR280800-00,7ff184bb-ec33-7419-ed6f-524222355e69,1777377198,0.17,1.0,yes,"{""count_fp"":""1.00"",""created_time"":""2026-04-28T11:53:18.362274Z"",""no_price_dollars"":""0.8300"",""taker_side"":""yes"",""ticker"":""KXETH15M-26APR280800-00"",""trade_id"":""7ff184bb-ec33-7419-ed6f-524222355e69"",""yes_price_dollars"":""0.1700""}"
KXETH15M-26APR280800-00,fc145c97-a909-6ebf-788b-b311be80756d,1777377201,0.11,1.0,no,"{""count_fp"":""1.00"",""created_time"":""2026-04-28T11:53:21.951086Z"",""no_price_dollars"":""0.8900"",""taker_side"":""no"",""ticker"":""KXETH15M-26APR280800-00"",""trade_id"":""fc145c97-a909-6ebf-788b-b311be80756d"",""yes_price_dollars"":""0.1100""}"
KXETH15M-26APR280800-00,9191d936-c000-7faf-b48c-9e38f2d6106d,1777377202,0.1,0.45,no,"{""count_fp"":""0.45"",""created_time"":""2026-04-28T11:53:22.525404Z"",""no_price_dollars"":""0.9000"",""taker_side"":""no"",""ticker"":""KXETH15M-26APR280800-00"",""trade_id"":""9191d936-c000-7faf-b48c-9e38f2d6106d"",""yes_price_dollars"":""0.1000""}"
KXETH15M-26APR280800-00,4e82f098-55be-7d4b-af33-0c0e1a622e8b,1777377202,0.1,1.0,no,"{""count_fp"":""1.00"",""created_time"":""2026-04-28T11:53:22.525404Z"",""no_price_dollars"":""0.9000"",""taker_side"":""no"",""ticker"":""KXETH15M-26APR280800-00"",""trade_id"":""4e82f098-55be-7d4b-af33-0c0e1a622e8b"",""yes_price_dollars"":""0.1000""}"
KXETH15M-26APR280800-00,278405c2-17f4-7a4e-b34f-81df00f4b137,1777377202,0.1,3.0,no,"{""count_fp"":""3.00"",""created_time"":""2026-04-28T11:53:22.525404Z"",""no_price_dollars"":""0.9000"",""taker_side"":""no"",""ticker"":""KXETH15M-26APR280800-00"",""trade_id"":""278405c2-17f4-7a4e-b34f-81df00f4b137"",""yes_price_dollars"":""0.1000""}"
KXETH15M-26APR280800-00,6cfc68dd-64f8-5c9f-b512-78295d8287d5,1777377202,0.1,0.55,no,"{""count_fp"":""0.55"",""created_time"":""2026-04-28T11:53:22.228672Z"",""no_price_dollars"":""0.9000"",""taker_side"":""no"",""ticker"":""KXETH15M-26APR280800-00"",""trade_id"":""6cfc68dd-64f8-5c9f-b512-78295d8287d5"",""yes_price_dollars"":""0.1000""}"
KXETH15M-26APR280800-00,a378095b-fa76-603d-ddd3-b51b088ce073,1777377203,0.09,1.95,yes,"{""count_fp"":""1.95"",""created_time"":""2026-04-28T11:53:23.989991Z"",""no_price_dollars"":""0.9100"",""taker_side"":""yes"",""ticker"":""KXETH15M-26APR280800-00"",""trade_id"":""a378095b-fa76-603d-ddd3-b51b088ce073"",""yes_price_dollars"":""0.0900""}"
KXETH15M-26APR280800-00,c14a2e17-fa26-637b-9f81-27943288c288,1777377203,0.09,3.0,no,"{""count_fp"":""3.00"",""created_time"":""2026-04-28T11:53:23.798501Z"",""no_price_dollars"":""0.9100"",""taker_side"":""no"",""ticker"":""KXETH15M-26APR280800-00"",""trade_id"":""c14a2e17-fa26-637b-9f81-27943288c288"",""yes_price_dollars"":""0.0900""}"
KXETH15M-26APR280800-00,55123aa8-20a4-606c-b939-8c45087e2cff,1777377203,0.09,1.0,no,"{""count_fp"":""1.00"",""created_time"":""2026-04-28T11:53:23.798501Z"",""no_price_dollars"":""0.9100"",""taker_side"":""no"",""ticker"":""KXETH15M-26APR280800-00"",""trade_id"":""55123aa8-20a4-606c-b939-8c45087e2cff"",""yes_price_dollars"":""0.0900""}"
KXETH15M-26APR280800-00,ff540972-0df7-7e2f-fd97-aa13bdbcab3e,1777377204,0.084,1.0,no,"{""count_fp"":""1.00"",""created_time"":""2026-04-28T11:53:24.788386Z"",""no_price_dollars"":""0.9160"",""taker_side"":""no"",""ticker"":""KXETH15M-26APR280800-00"",""trade_id"":""ff540972-0df7-7e2f-fd97-aa13bdbcab3e"",""yes_price_dollars"":""0.0840""}"
KXETH15M-26APR280800-00,f5dcbe4b-d9e4-725b-4b69-b45e8c64bb92,1777377204,0.15,13.3,yes,"{""count_fp"":""13.30"",""created_time"":""2026-04-28T11:53:24.120782Z"",""no_price_dollars"":""0.8500"",""taker_side"":""yes"",""ticker"":""KXETH15M-26APR280800-00"",""trade_id"":""f5dcbe4b-d9e4-725b-4b69-b45e8c64bb92"",""yes_price_dollars"":""0.1500""}"
KXETH15M-26APR280800-00,97c33b6c-181e-76ea-5948-22b875b1d0df,1777377204,0.14,100.0,yes,"{""count_fp"":""100.00"",""created_time"":""2026-04-28T11:53:24.120782Z"",""no_price_dollars"":""0.8600"",""taker_side"":""yes"",""ticker"":""KXETH15M-26APR280800-00"",""trade_id"":""97c33b6c-181e-76ea-5948-22b875b1d0df"",""yes_price_dollars"":""0.1400""}"
KXETH15M-26APR280800-00,957b9892-03ae-73fd-7341-08c2af924197,1777377204,0.09,4.05,yes,"{""count_fp"":""4.05"",""created_time"":""2026-04-28T11:53:24.120782Z"",""no_price_dollars"":""0.9100"",""taker_side"":""yes"",""ticker"":""KXETH15M-26APR280800-00"",""trade_id"":""957b9892-03ae-73fd-7341-08c2af924197"",""yes_price_dollars"":""0.0900""}"
KXETH15M-26APR280800-00,8e804ce7-54da-7f18-4018-9d728b617fcd,1777377204,0.13,11.58,yes,"{""count_fp"":""11.58"",""created_time"":""2026-04-28T11:53:24.120782Z"",""no_price_dollars"":""0.8700"",""taker_side"":""yes"",""ticker"":""KXETH15M-26APR280800-00"",""trade_id"":""8e804ce7-54da-7f18-4018-9d728b617fcd"",""yes_price_dollars"":""0.1300""}"
KXETH15M-26APR280800-00,6858a96a-5b22-79b3-5233-62ece6938ee0,1777377204,0.15,2.07,yes,"{""count_fp"":""2.07"",""created_time"":""2026-04-28T11:53:24.120782Z"",""no_price_dollars"":""0.8500"",""taker_side"":""yes"",""ticker"":""KXETH15M-26APR280800-00"",""trade_id"":""6858a96a-5b22-79b3-5233-62ece6938ee0"",""yes_price_dollars"":""0.1500""}"
KXETH15M-26APR280800-00,b13da49d-97f4-4a74-c250-90c5c164b06c,1777377207,0.084,1.0,no,"{""count_fp"":""1.00"",""created_time"":""2026-04-28T11:53:27.757529Z"",""no_price_dollars"":""0.9160"",""taker_side"":""no"",""ticker"":""KXETH15M-26APR280800-00"",""trade_id"":""b13da49d-97f4-4a74-c250-90c5c164b06c"",""yes_price_dollars"":""0.0840""}"
KXETH15M-26APR280800-00,d64c61c3-c443-41af-b6ee-fe5866cca3ce,1777377214,0.074,10.0,no,"{""count_fp"":""10.00"",""created_time"":""2026-04-28T11:53:34.471551Z"",""no_price_dollars"":""0.9260"",""taker_side"":""no"",""ticker"":""KXETH15M-26APR280800-00"",""trade_id"":""d64c61c3-c443-41af-b6ee-fe5866cca3ce"",""yes_price_dollars"":""0.0740""}"
KXETH15M-26APR280800-00,cb8a4150-a586-4590-85f4-8109461dced5,1777377214,0.073,10.0,no,"{""count_fp"":""10.00"",""created_time"":""2026-04-28T11:53:34.471551Z"",""no_price_dollars"":""0.9270"",""taker_side"":""no"",""ticker"":""KXETH15M-26APR280800-00"",""trade_id"":""cb8a4150-a586-4590-85f4-8109461dced5"",""yes_price_dollars"":""0.0730""}"
KXETH15M-26APR280800-00,b5c33238-6441-4dc9-95fc-2a0397d25133,1777377214,0.072,10.74,no,"{""count_fp"":""10.74"",""created_time"":""2026-04-28T11:53:34.471551Z"",""no_price_dollars"":""0.9280"",""taker_side"":""no"",""ticker"":""KXETH15M-26APR280800-00"",""trade_id"":""b5c33238-6441-4dc9-95fc-2a0397d25133"",""yes_price_dollars"":""0.0720""}"
KXETH15M-26APR280800-00,7d5c442a-8ca1-4f34-92e5-a87286f857f6,1777377214,0.075,6.33,no,"{""count_fp"":""6.33"",""created_time"":""2026-04-28T11:53:34.471551Z"",""no_price_dollars"":""0.9250"",""taker_side"":""no"",""ticker"":""KXETH15M-26APR280800-00"",""trade_id"":""7d5c442a-8ca1-4f34-92e5-a87286f857f6"",""yes_price_dollars"":""0.0750""}"
KXETH15M-26APR280800-00,3e2c0223-b6ed-4cc0-893b-44552da6ed6a,1777377214,0.08,2.93,no,"{""count_fp"":""2.93"",""created_time"":""2026-04-28T11:53:34.471551Z"",""no_price_dollars"":""0.9200"",""taker_side"":""no"",""ticker"":""KXETH15M-26APR280800-00"",""trade_id"":""3e2c0223-b6ed-4cc0-893b-44552da6ed6a"",""yes_price_dollars"":""0.0800""}"
KXETH15M-26APR280800-00,ea68c856-0eb5-5388-0e8d-1613aebf6252,1777377214,0.08,0.07,no,"{""count_fp"":""0.07"",""created_time"":""2026-04-28T11:53:34.313884Z"",""no_price_dollars"":""0.9200"",""taker_side"":""no"",""ticker"":""KXETH15M-26APR280800-00"",""trade_id"":""ea68c856-0eb5-5388-0e8d-1613aebf6252"",""yes_price_dollars"":""0.0800""}"
KXETH15M-26APR280800-00,b410ff8b-7c9e-5fa8-392e-27dd9b6d2df8,1777377214,0.08,1.0,no,"{""count_fp"":""1.00"",""created_time"":""2026-04-28T11:53:34.313884Z"",""no_price_dollars"":""0.9200"",""taker_side"":""no"",""ticker"":""KXETH15M-26APR280800-00"",""trade_id"":""b410ff8b-7c9e-5fa8-392e-27dd9b6d2df8"",""yes_price_dollars"":""0.0800""}"
KXETH15M-26APR280800-00,5384ce9d-10ac-7ae4-525c-88532e2756e8,1777377218,0.13,2.58,yes,"{""count_fp"":""2.58"",""created_time"":""2026-04-28T11:53:38.978961Z"",""no_price_dollars"":""0.8700"",""taker_side"":""yes"",""ticker"":""KXETH15M-26APR280800-00"",""trade_id"":""5384ce9d-10ac-7ae4-525c-88532e2756e8"",""yes_price_dollars"":""0.1300""}"
KXETH15M-26APR280800-00,c8ee7292-3ca4-7ad7-7df3-c1c014c95cac,1777377218,0.13,2.0,yes,"{""count_fp"":""2.00"",""created_time"":""2026-04-28T11:53:38.964902Z"",""no_price_dollars"":""0.8700"",""taker_side"":""yes"",""ticker"":""KXETH15M-26APR280800-00"",""trade_id"":""c8ee7292-3ca4-7ad7-7df3-c1c014c95cac"",""yes_price_dollars"":""0.1300""}"
