ticker,trade_id,ts,yes_price,count,taker_side,raw_json
KXETH15M-26APR280845-45,cedbc132-6ab4-4216-e301-0fbf8e8713a2,1777379419,0.4,6.0,yes,"{""count_fp"":""6.00"",""created_time"":""2026-04-28T12:30:19.619701Z"",""no_price_dollars"":""0.6000"",""taker_side"":""yes"",""ticker"":""KXETH15M-26APR280845-45"",""trade_id"":""cedbc132-6ab4-4216-e301-0fbf8e8713a2"",""yes_price_dollars"":""0.4000""}"
KXETH15M-26APR280845-45,e2f25730-2a9b-479a-a400-3cd35aa0f3a8,1777379419,0.43,6.82,yes,"{""count_fp"":""6.82"",""created_time"":""2026-04-28T12:30:19.019884Z"",""no_price_dollars"":""0.5700"",""taker_side"":""yes"",""ticker"":""KXETH15M-26APR280845-45"",""trade_id"":""e2f25730-2a9b-479a-a400-3cd35aa0f3a8"",""yes_price_dollars"":""0.4300""}"
KXETH15M-26APR280845-45,afc0a232-5b95-49d0-82e3-f73d3db9f18f,1777379419,0.42,100.0,yes,"{""count_fp"":""100.00"",""created_time"":""2026-04-28T12:30:19.019884Z"",""no_price_dollars"":""0.5800"",""taker_side"":""yes"",""ticker"":""KXETH15M-26APR280845-45"",""trade_id"":""afc0a232-5b95-49d0-82e3-f73d3db9f18f"",""yes_price_dollars"":""0.4200""}"
KXETH15M-26APR280845-45,a42e573d-1c6f-4fd2-7943-8d4618e1bdd8,1777379420,0.41,28.18,yes,"{""count_fp"":""28.18"",""created_time"":""2026-04-28T12:30:20.671354Z"",""no_price_dollars"":""0.5900"",""taker_side"":""yes"",""ticker"":""KXETH15M-26APR280845-45"",""trade_id"":""a42e573d-1c6f-4fd2-7943-8d4618e1bdd8"",""yes_price_dollars"":""0.4100""}"
KXETH15M-26APR280845-45,74fd9cb7-5c25-4e9e-5bf2-112b98ae4595,1777379420,0.42,100.0,yes,"{""count_fp"":""100.00"",""created_time"":""2026-04-28T12:30:20.671354Z"",""no_price_dollars"":""0.5800"",""taker_side"":""yes"",""ticker"":""KXETH15M-26APR280845-45"",""trade_id"":""74fd9cb7-5c25-4e9e-5bf2-112b98ae4595"",""yes_price_dollars"":""0.4200""}"
KXETH15M-26APR280845-45,0216945c-07c0-4d08-7440-cbc88cd9cfde,1777379420,0.44,10.0,yes,"{""count_fp"":""10.00"",""created_time"":""2026-04-28T12:30:20.671354Z"",""no_price_dollars"":""0.5600"",""taker_side"":""yes"",""ticker"":""KXETH15M-26APR280845-45"",""trade_id"":""0216945c-07c0-4d08-7440-cbc88cd9cfde"",""yes_price_dollars"":""0.4400""}"
KXETH15M-26APR280845-45,f6d8df98-dd55-7f61-a784-97a6a78facd6,1777379424,0.45,42.79,yes,"{""count_fp"":""42.79"",""created_time"":""2026-04-28T12:30:24.115148Z"",""no_price_dollars"":""0.5500"",""taker_side"":""yes"",""ticker"":""KXETH15M-26APR280845-45"",""trade_id"":""f6d8df98-dd55-7f61-a784-97a6a78facd6"",""yes_price_dollars"":""0.4500""}"
KXETH15M-26APR280845-45,dc7783f6-44c2-72d9-9366-91756d5e4cfc,1777379430,0.44,1.0,no,"{""count_fp"":""1.00"",""created_time"":""2026-04-28T12:30:30.057351Z"",""no_price_dollars"":""0.5600"",""taker_side"":""no"",""ticker"":""KXETH15M-26APR280845-45"",""trade_id"":""dc7783f6-44c2-72d9-9366-91756d5e4cfc"",""yes_price_dollars"":""0.4400""}"
KXETH15M-26APR280845-45,d557fd54-1cde-5609-2c81-6f18c5dbdef8,1777379433,0.44,6.0,no,"{""count_fp"":""6.00"",""created_time"":""2026-04-28T12:30:33.178236Z"",""no_price_dollars"":""0.5600"",""taker_side"":""no"",""ticker"":""KXETH15M-26APR280845-45"",""trade_id"":""d557fd54-1cde-5609-2c81-6f18c5dbdef8"",""yes_price_dollars"":""0.4400""}"
KXETH15M-26APR280845-45,9743aec1-6051-4899-0814-732eaebde276,1777379435,0.45,2.0,yes,"{""count_fp"":""2.00"",""created_time"":""2026-04-28T12:30:35.090836Z"",""no_price_dollars"":""0.5500"",""taker_side"":""yes"",""ticker"":""KXETH15M-26APR280845-45"",""trade_id"":""9743aec1-6051-4899-0814-732eaebde276"",""yes_price_dollars"":""0.4500""}"
KXETH15M-26APR280845-45,b626cce5-972e-6af1-806b-f792e35b003c,1777379436,0.44,29.45,no,"{""count_fp"":""29.45"",""created_time"":""2026-04-28T12:30:36.928095Z"",""no_price_dollars"":""0.5600"",""taker_side"":""no"",""ticker"":""KXETH15M-26APR280845-45"",""trade_id"":""b626cce5-972e-6af1-806b-f792e35b003c"",""yes_price_dollars"":""0.4400""}"
KXETH15M-26APR280845-45,f22f26db-a7ba-4731-17f4-5a5b3eb6edd8,1777379438,0.44,1.0,no,"{""count_fp"":""1.00"",""created_time"":""2026-04-28T12:30:38.699429Z"",""no_price_dollars"":""0.5600"",""taker_side"":""no"",""ticker"":""KXETH15M-26APR280845-45"",""trade_id"":""f22f26db-a7ba-4731-17f4-5a5b3eb6edd8"",""yes_price_dollars"":""0.4400""}"
KXETH15M-26APR280845-45,b7ac65e2-5916-4ec1-4d15-9ef947c68820,1777379439,0.44,0.37,no,"{""count_fp"":""0.37"",""created_time"":""2026-04-28T12:30:39.344131Z"",""no_price_dollars"":""0.5600"",""taker_side"":""no"",""ticker"":""KXETH15M-26APR280845-45"",""trade_id"":""b7ac65e2-5916-4ec1-4d15-9ef947c68820"",""yes_price_dollars"":""0.4400""}"
KXETH15M-26APR280845-45,1433e451-9c92-51d5-73d1-a8d38741414c,1777379439,0.44,19.0,no,"{""count_fp"":""19.00"",""created_time"":""2026-04-28T12:30:39.327817Z"",""no_price_dollars"":""0.5600"",""taker_side"":""no"",""ticker"":""KXETH15M-26APR280845-45"",""trade_id"":""1433e451-9c92-51d5-73d1-a8d38741414c"",""yes_price_dollars"":""0.4400""}"
KXETH15M-26APR280845-45,0b57bd49-4e76-6f77-3762-3bd293d81fb6,1777379451,0.4,5.0,no,"{""count_fp"":""5.00"",""created_time"":""2026-04-28T12:30:51.509517Z"",""no_price_dollars"":""0.6000"",""taker_side"":""no"",""ticker"":""KXETH15M-26APR280845-45"",""trade_id"":""0b57bd49-4e76-6f77-3762-3bd293d81fb6"",""yes_price_dollars"":""0.4000""}"
KXETH15M-26APR280845-45,9ca087f9-78a7-75ad-7e1e-832e6c48cdd0,1777379456,0.42,10.95,yes,"{""count_fp"":""10.95"",""created_time"":""2026-04-28T12:30:56.083185Z"",""no_price_dollars"":""0.5800"",""taker_side"":""yes"",""ticker"":""KXETH15M-26APR280845-45"",""trade_id"":""9ca087f9-78a7-75ad-7e1e-832e6c48cdd0"",""yes_price_dollars"":""0.4200""}"
KXETH15M-26APR280845-45,943b7b3c-76ee-58cc-0412-3004b40960d0,1777379466,0.39,5.86,no,"{""count_fp"":""5.86"",""created_time"":""2026-04-28T12:31:06.231411Z"",""no_price_dollars"":""0.6100"",""taker_side"":""no"",""ticker"":""KXETH15M-26APR280845-45"",""trade_id"":""943b7b3c-76ee-58cc-0412-3004b40960d0"",""yes_price_dollars"":""0.3900""}"
KXETH15M-26APR280845-45,91a089dd-d7f5-51f8-0bb1-e1e09de0f8b9,1777379466,0.39,10.0,no,"{""count_fp"":""10.00"",""created_time"":""2026-04-28T12:31:06.231411Z"",""no_price_dollars"":""0.6100"",""taker_side"":""no"",""ticker"":""KXETH15M-26APR280845-45"",""trade_id"":""91a089dd-d7f5-51f8-0bb1-e1e09de0f8b9"",""yes_price_dollars"":""0.3900""}"
KXETH15M-26APR280845-45,3c46570e-f15b-7432-c13b-226878e762e9,1777379468,0.39,3.0,yes,"{""count_fp"":""3.00"",""created_time"":""2026-04-28T12:31:08.310839Z"",""no_price_dollars"":""0.6100"",""taker_side"":""yes"",""ticker"":""KXETH15M-26APR280845-45"",""trade_id"":""3c46570e-f15b-7432-c13b-226878e762e9"",""yes_price_dollars"":""0.3900""}"
KXETH15M-26APR280845-45,5e5f6656-149f-53c9-ecb8-8d1a5386db20,1777379470,0.39,5.0,yes,"{""count_fp"":""5.00"",""created_time"":""2026-04-28T12:31:10.917445Z"",""no_price_dollars"":""0.6100"",""taker_side"":""yes"",""ticker"":""KXETH15M-26APR280845-45"",""trade_id"":""5e5f6656-149f-53c9-ecb8-8d1a5386db20"",""yes_price_dollars"":""0.3900""}"
KXETH15M-26APR280845-45,acb036ac-e4f8-72a0-5791-f1d9c28a57c7,1777379473,0.36,10.0,no,"{""count_fp"":""10.00"",""created_time"":""2026-04-28T12:31:13.753425Z"",""no_price_dollars"":""0.6400"",""taker_side"":""no"",""ticker"":""KXETH15M-26APR280845-45"",""trade_id"":""acb036ac-e4f8-72a0-5791-f1d9c28a57c7"",""yes_price_dollars"":""0.3600""}"
KXETH15M-26APR280845-45,1f06f993-e163-69d5-f881-8b0b62c28590,1777379475,0.34,35.98,yes,"{""count_fp"":""35.98"",""created_time"":""2026-04-28T12:31:15.324769Z"",""no_price_dollars"":""0.6600"",""taker_side"":""yes"",""ticker"":""KXETH15M-26APR280845-45"",""trade_id"":""1f06f993-e163-69d5-f881-8b0b62c28590"",""yes_price_dollars"":""0.3400""}"
KXETH15M-26APR280845-45,6c0d5e55-dd6c-4748-b9df-8dddf96ac6be,1777379476,0.32,3.0,no,"{""count_fp"":""3.00"",""created_time"":""2026-04-28T12:31:16.443427Z"",""no_price_dollars"":""0.6800"",""taker_side"":""no"",""ticker"":""KXETH15M-26APR280845-45"",""trade_id"":""6c0d5e55-dd6c-4748-b9df-8dddf96ac6be"",""yes_price_dollars"":""0.3200""}"
KXETH15M-26APR280845-45,a49fcdd7-dc23-7f65-2c38-b78edf7a4afc,1777379477,0.35,100.0,yes,"{""count_fp"":""100.00"",""created_time"":""2026-04-28T12:31:17.705116Z"",""no_price_dollars"":""0.6500"",""taker_side"":""yes"",""ticker"":""KXETH15M-26APR280845-45"",""trade_id"":""a49fcdd7-dc23-7f65-2c38-b78edf7a4afc"",""yes_price_dollars"":""0.3500""}"
KXETH15M-26APR280845-45,49129208-c1a2-7ead-2a59-9178de394f98,1777379477,0.35,10.0,yes,"{""count_fp"":""10.00"",""created_time"":""2026-04-28T12:31:17.705116Z"",""no_price_dollars"":""0.6500"",""taker_side"":""yes"",""ticker"":""KXETH15M-26APR280845-45"",""trade_id"":""49129208-c1a2-7ead-2a59-9178de394f98"",""yes_price_dollars"":""0.3500""}"
KXETH15M-26APR280845-45,dd0a6cc9-4f2a-59b8-5a89-19222545b5db,1777379478,0.35,8.0,no,"{""count_fp"":""8.00"",""created_time"":""2026-04-28T12:31:18.859561Z"",""no_price_dollars"":""0.6500"",""taker_side"":""no"",""ticker"":""KXETH15M-26APR280845-45"",""trade_id"":""dd0a6cc9-4f2a-59b8-5a89-19222545b5db"",""yes_price_dollars"":""0.3500""}"
KXETH15M-26APR280845-45,224b7901-b2e8-45bc-83d6-b20f35e229e2,1777379483,0.36,10.0,yes,"{""count_fp"":""10.00"",""created_time"":""2026-04-28T12:31:23.068722Z"",""no_price_dollars"":""0.6400"",""taker_side"":""yes"",""ticker"":""KXETH15M-26APR280845-45"",""trade_id"":""224b7901-b2e8-45bc-83d6-b20f35e229e2"",""yes_price_dollars"":""0.3600""}"
KXETH15M-26APR280845-45,08470da4-89aa-4ce9-b3bd-e0cc3df07fa8,1777379483,0.36,3.29,yes,"{""count_fp"":""3.29"",""created_time"":""2026-04-28T12:31:23.068722Z"",""no_price_dollars"":""0.6400"",""taker_side"":""yes"",""ticker"":""KXETH15M-26APR280845-45"",""trade_id"":""08470da4-89aa-4ce9-b3bd-e0cc3df07fa8"",""yes_price_dollars"":""0.3600""}"
KXETH15M-26APR280845-45,6fdad030-83fe-5259-ac3c-acbf3b3e0ca4,1777379488,0.38,100.0,yes,"{""count_fp"":""100.00"",""created_time"":""2026-04-28T12:31:28.004444Z"",""no_price_dollars"":""0.6200"",""taker_side"":""yes"",""ticker"":""KXETH15M-26APR280845-45"",""trade_id"":""6fdad030-83fe-5259-ac3c-acbf3b3e0ca4"",""yes_price_dollars"":""0.3800""}"
KXETH15M-26APR280845-45,ec8d021c-4478-690e-062c-8fd2dd267670,1777379489,0.39,2.45,yes,"{""count_fp"":""2.45"",""created_time"":""2026-04-28T12:31:29.031316Z"",""no_price_dollars"":""0.6100"",""taker_side"":""yes"",""ticker"":""KXETH15M-26APR280845-45"",""trade_id"":""ec8d021c-4478-690e-062c-8fd2dd267670"",""yes_price_dollars"":""0.3900""}"
KXETH15M-26APR280845-45,856c951d-1e98-4022-039e-0d2674df0c9c,1777379492,0.36,12.61,yes,"{""count_fp"":""12.61"",""created_time"":""2026-04-28T12:31:32.813985Z"",""no_price_dollars"":""0.6400"",""taker_side"":""yes"",""ticker"":""KXETH15M-26APR280845-45"",""trade_id"":""856c951d-1e98-4022-039e-0d2674df0c9c"",""yes_price_dollars"":""0.3600""}"
KXETH15M-26APR280845-45,83bf6c2c-88d7-491e-2969-de067e619993,1777379495,0.36,5.0,yes,"{""count_fp"":""5.00"",""created_time"":""2026-04-28T12:31:35.347253Z"",""no_price_dollars"":""0.6400"",""taker_side"":""yes"",""ticker"":""KXETH15M-26APR280845-45"",""trade_id"":""83bf6c2c-88d7-491e-2969-de067e619993"",""yes_price_dollars"":""0.3600""}"
KXETH15M-26APR280845-45,e5643779-e672-7819-ad8d-a5cdf9c26308,1777379497,0.4,10.0,yes,"{""count_fp"":""10.00"",""created_time"":""2026-04-28T12:31:37.016532Z"",""no_price_dollars"":""0.6000"",""taker_side"":""yes"",""ticker"":""KXETH15M-26APR280845-45"",""trade_id"":""e5643779-e672-7819-ad8d-a5cdf9c26308"",""yes_price_dollars"":""0.4000""}"
KXETH15M-26APR280845-45,d5049f0b-3d3a-7d60-924b-bc973d8bf2db,1777379497,0.39,6.0,yes,"{""count_fp"":""6.00"",""created_time"":""2026-04-28T12:31:37.016532Z"",""no_price_dollars"":""0.6100"",""taker_side"":""yes"",""ticker"":""KXETH15M-26APR280845-45"",""trade_id"":""d5049f0b-3d3a-7d60-924b-bc973d8bf2db"",""yes_price_dollars"":""0.3900""}"
KXETH15M-26APR280845-45,5beaa400-a134-7929-a055-1704fba3fd3f,1777379497,0.4,10.0,yes,"{""count_fp"":""10.00"",""created_time"":""2026-04-28T12:31:37.016532Z"",""no_price_dollars"":""0.6000"",""taker_side"":""yes"",""ticker"":""KXETH15M-26APR280845-45"",""trade_id"":""5beaa400-a134-7929-a055-1704fba3fd3f"",""yes_price_dollars"":""0.4000""}"
KXETH15M-26APR280845-45,966cb81d-5dee-5fe9-f33f-92637a3ce968,1777379509,0.5,1.0,yes,"{""count_fp"":""1.00"",""created_time"":""2026-04-28T12:31:49.296228Z"",""no_price_dollars"":""0.5000"",""taker_side"":""yes"",""ticker"":""KXETH15M-26APR280845-45"",""trade_id"":""966cb81d-5dee-5fe9-f33f-92637a3ce968"",""yes_price_dollars"":""0.5000""}"
KXETH15M-26APR280845-45,7d46b9b0-c757-5159-cff7-a55575ac7750,1777379509,0.47,1.0,yes,"{""count_fp"":""1.00"",""created_time"":""2026-04-28T12:31:49.296228Z"",""no_price_dollars"":""0.5300"",""taker_side"":""yes"",""ticker"":""KXETH15M-26APR280845-45"",""trade_id"":""7d46b9b0-c757-5159-cff7-a55575ac7750"",""yes_price_dollars"":""0.4700""}"
KXETH15M-26APR280845-45,5881b49d-f23a-5918-c889-8dba354faaef,1777379509,0.5,10.0,yes,"{""count_fp"":""10.00"",""created_time"":""2026-04-28T12:31:49.296228Z"",""no_price_dollars"":""0.5000"",""taker_side"":""yes"",""ticker"":""KXETH15M-26APR280845-45"",""trade_id"":""5881b49d-f23a-5918-c889-8dba354faaef"",""yes_price_dollars"":""0.5000""}"
KXETH15M-26APR280845-45,50284552-3a63-5883-f560-c3364734ccd3,1777379509,0.5,2.0,yes,"{""count_fp"":""2.00"",""created_time"":""2026-04-28T12:31:49.296228Z"",""no_price_dollars"":""0.5000"",""taker_side"":""yes"",""ticker"":""KXETH15M-26APR280845-45"",""trade_id"":""50284552-3a63-5883-f560-c3364734ccd3"",""yes_price_dollars"":""0.5000""}"
KXETH15M-26APR280845-45,4d72ed9c-1713-5471-e04e-35e9101c4823,1777379509,0.48,1.0,yes,"{""count_fp"":""1.00"",""created_time"":""2026-04-28T12:31:49.296228Z"",""no_price_dollars"":""0.5200"",""taker_side"":""yes"",""ticker"":""KXETH15M-26APR280845-45"",""trade_id"":""4d72ed9c-1713-5471-e04e-35e9101c4823"",""yes_price_dollars"":""0.4800""}"
KXETH15M-26APR280845-45,1b929ef4-d247-52f9-fe51-77cf4fdc5825,1777379509,0.46,1.0,yes,"{""count_fp"":""1.00"",""created_time"":""2026-04-28T12:31:49.296228Z"",""no_price_dollars"":""0.5400"",""taker_side"":""yes"",""ticker"":""KXETH15M-26APR280845-45"",""trade_id"":""1b929ef4-d247-52f9-fe51-77cf4fdc5825"",""yes_price_dollars"":""0.4600""}"
KXETH15M-26APR280845-45,00026f5a-33ce-5951-db57-3d54a4be8681,1777379509,0.49,1.0,yes,"{""count_fp"":""1.00"",""created_time"":""2026-04-28T12:31:49.296228Z"",""no_price_dollars"":""0.5100"",""taker_side"":""yes"",""ticker"":""KXETH15M-26APR280845-45"",""trade_id"":""00026f5a-33ce-5951-db57-3d54a4be8681"",""yes_price_dollars"":""0.4900""}"
KXETH15M-26APR280845-45,784803d9-83ec-400d-ab20-22be0a4bdbcb,1777379509,0.45,0.21,yes,"{""count_fp"":""0.21"",""created_time"":""2026-04-28T12:31:49.281193Z"",""no_price_dollars"":""0.5500"",""taker_side"":""yes"",""ticker"":""KXETH15M-26APR280845-45"",""trade_id"":""784803d9-83ec-400d-ab20-22be0a4bdbcb"",""yes_price_dollars"":""0.4500""}"
KXETH15M-26APR280845-45,9b208a91-0680-5247-626e-b227b70b953b,1777379509,0.44,30.0,yes,"{""count_fp"":""30.00"",""created_time"":""2026-04-28T12:31:49.278271Z"",""no_price_dollars"":""0.5600"",""taker_side"":""yes"",""ticker"":""KXETH15M-26APR280845-45"",""trade_id"":""9b208a91-0680-5247-626e-b227b70b953b"",""yes_price_dollars"":""0.4400""}"
KXETH15M-26APR280845-45,92a4969c-8570-510d-4f02-774b0c0896e3,1777379509,0.45,0.79,yes,"{""count_fp"":""0.79"",""created_time"":""2026-04-28T12:31:49.278271Z"",""no_price_dollars"":""0.5500"",""taker_side"":""yes"",""ticker"":""KXETH15M-26APR280845-45"",""trade_id"":""92a4969c-8570-510d-4f02-774b0c0896e3"",""yes_price_dollars"":""0.4500""}"
KXETH15M-26APR280845-45,779de727-faed-5953-5ff5-c243a0d5e6de,1777379509,0.45,2.0,yes,"{""count_fp"":""2.00"",""created_time"":""2026-04-28T12:31:49.278271Z"",""no_price_dollars"":""0.5500"",""taker_side"":""yes"",""ticker"":""KXETH15M-26APR280845-45"",""trade_id"":""779de727-faed-5953-5ff5-c243a0d5e6de"",""yes_price_dollars"":""0.4500""}"
KXETH15M-26APR280845-45,2e66ee49-2cb6-5c36-69a5-196040def295,1777379509,0.45,5.0,yes,"{""count_fp"":""5.00"",""created_time"":""2026-04-28T12:31:49.278271Z"",""no_price_dollars"":""0.5500"",""taker_side"":""yes"",""ticker"":""KXETH15M-26APR280845-45"",""trade_id"":""2e66ee49-2cb6-5c36-69a5-196040def295"",""yes_price_dollars"":""0.4500""}"
KXETH15M-26APR280845-45,2b171ecc-2221-5f99-635b-e5f3907539a6,1777379509,0.45,455.21,yes,"{""count_fp"":""455.21"",""created_time"":""2026-04-28T12:31:49.278271Z"",""no_price_dollars"":""0.5500"",""taker_side"":""yes"",""ticker"":""KXETH15M-26APR280845-45"",""trade_id"":""2b171ecc-2221-5f99-635b-e5f3907539a6"",""yes_price_dollars"":""0.4500""}"
KXETH15M-26APR280845-45,26b136a2-1d44-577a-6238-6dbbec63405f,1777379509,0.45,9.0,yes,"{""count_fp"":""9.00"",""created_time"":""2026-04-28T12:31:49.278271Z"",""no_price_dollars"":""0.5500"",""taker_side"":""yes"",""ticker"":""KXETH15M-26APR280845-45"",""trade_id"":""26b136a2-1d44-577a-6238-6dbbec63405f"",""yes_price_dollars"":""0.4500""}"
KXETH15M-26APR280845-45,f8b1fd0a-9310-7b0f-e647-23172b44ae1f,1777379509,0.44,3.0,yes,"{""count_fp"":""3.00"",""created_time"":""2026-04-28T12:31:49.113865Z"",""no_price_dollars"":""0.5600"",""taker_side"":""yes"",""ticker"":""KXETH15M-26APR280845-45"",""trade_id"":""f8b1fd0a-9310-7b0f-e647-23172b44ae1f"",""yes_price_dollars"":""0.4400""}"
KXETH15M-26APR280845-45,f775cbf7-fe2b-73a5-ea90-75d50cb2d0a6,1777379509,0.43,1.0,yes,"{""count_fp"":""1.00"",""created_time"":""2026-04-28T12:31:49.113865Z"",""no_price_dollars"":""0.5700"",""taker_side"":""yes"",""ticker"":""KXETH15M-26APR280845-45"",""trade_id"":""f775cbf7-fe2b-73a5-ea90-75d50cb2d0a6"",""yes_price_dollars"":""0.4300""}"
KXETH15M-26APR280845-45,d4289ccb-af5f-74a9-ed89-b05b9204d550,1777379509,0.42,1.0,yes,"{""count_fp"":""1.00"",""created_time"":""2026-04-28T12:31:49.113865Z"",""no_price_dollars"":""0.5800"",""taker_side"":""yes"",""ticker"":""KXETH15M-26APR280845-45"",""trade_id"":""d4289ccb-af5f-74a9-ed89-b05b9204d550"",""yes_price_dollars"":""0.4200""}"
KXETH15M-26APR280845-45,1dee82e2-7a57-7414-e791-850fcf7587ce,1777379509,0.42,1.0,yes,"{""count_fp"":""1.00"",""created_time"":""2026-04-28T12:31:49.113865Z"",""no_price_dollars"":""0.5800"",""taker_side"":""yes"",""ticker"":""KXETH15M-26APR280845-45"",""trade_id"":""1dee82e2-7a57-7414-e791-850fcf7587ce"",""yes_price_dollars"":""0.4200""}"
KXETH15M-26APR280845-45,531e72bb-5710-4c7a-3f15-a5cc5f414855,1777379510,0.5,1.0,no,"{""count_fp"":""1.00"",""created_time"":""2026-04-28T12:31:50.621246Z"",""no_price_dollars"":""0.5000"",""taker_side"":""no"",""ticker"":""KXETH15M-26APR280845-45"",""trade_id"":""531e72bb-5710-4c7a-3f15-a5cc5f414855"",""yes_price_dollars"":""0.5000""}"
KXETH15M-26APR280845-45,c4b4e7ee-34cc-711a-61a8-e39d95669bc5,1777379511,0.5,193.23,no,"{""count_fp"":""193.23"",""created_time"":""2026-04-28T12:31:51.325433Z"",""no_price_dollars"":""0.5000"",""taker_side"":""no"",""ticker"":""KXETH15M-26APR280845-45"",""trade_id"":""c4b4e7ee-34cc-711a-61a8-e39d95669bc5"",""yes_price_dollars"":""0.5000""}"
KXETH15M-26APR280845-45,e171a042-86b3-74b4-0aaa-9856f244b087,1777379514,0.51,56.0,yes,"{""count_fp"":""56.00"",""created_time"":""2026-04-28T12:31:54.220843Z"",""no_price_dollars"":""0.4900"",""taker_side"":""yes"",""ticker"":""KXETH15M-26APR280845-45"",""trade_id"":""e171a042-86b3-74b4-0aaa-9856f244b087"",""yes_price_dollars"":""0.5100""}"
KXETH15M-26APR280845-45,8613ccaf-ee89-7497-33ec-bb2f2da5a59f,1777379514,0.51,1.0,yes,"{""count_fp"":""1.00"",""created_time"":""2026-04-28T12:31:54.220843Z"",""no_price_dollars"":""0.4900"",""taker_side"":""yes"",""ticker"":""KXETH15M-26APR280845-45"",""trade_id"":""8613ccaf-ee89-7497-33ec-bb2f2da5a59f"",""yes_price_dollars"":""0.5100""}"
KXETH15M-26APR280845-45,ab42aaad-4759-54fd-b1e8-48791071033d,1777379521,0.54,9.79,yes,"{""count_fp"":""9.79"",""created_time"":""2026-04-28T12:32:01.645449Z"",""no_price_dollars"":""0.4600"",""taker_side"":""yes"",""ticker"":""KXETH15M-26APR280845-45"",""trade_id"":""ab42aaad-4759-54fd-b1e8-48791071033d"",""yes_price_dollars"":""0.5400""}"
KXETH15M-26APR280845-45,5c2df3db-2941-5065-b5c4-6e4add3b74cc,1777379521,0.52,1.0,yes,"{""count_fp"":""1.00"",""created_time"":""2026-04-28T12:32:01.645449Z"",""no_price_dollars"":""0.4800"",""taker_side"":""yes"",""ticker"":""KXETH15M-26APR280845-45"",""trade_id"":""5c2df3db-2941-5065-b5c4-6e4add3b74cc"",""yes_price_dollars"":""0.5200""}"
KXETH15M-26APR280845-45,a03abcc5-b326-719d-29a6-074bc77284bb,1777379529,0.55,35.25,yes,"{""count_fp"":""35.25"",""created_time"":""2026-04-28T12:32:09.902047Z"",""no_price_dollars"":""0.4500"",""taker_side"":""yes"",""ticker"":""KXETH15M-26APR280845-45"",""trade_id"":""a03abcc5-b326-719d-29a6-074bc77284bb"",""yes_price_dollars"":""0.5500""}"
KXETH15M-26APR280845-45,1c5280be-1ffc-543e-8ca4-5cf603bc1195,1777379536,0.53,12.61,no,"{""count_fp"":""12.61"",""created_time"":""2026-04-28T12:32:16.341472Z"",""no_price_dollars"":""0.4700"",""taker_side"":""no"",""ticker"":""KXETH15M-26APR280845-45"",""trade_id"":""1c5280be-1ffc-543e-8ca4-5cf603bc1195"",""yes_price_dollars"":""0.5300""}"
KXETH15M-26APR280845-45,3a9a3a1d-12fa-71c9-d016-dc448fa00d63,1777379545,0.55,21.15,yes,"{""count_fp"":""21.15"",""created_time"":""2026-04-28T12:32:25.935551Z"",""no_price_dollars"":""0.4500"",""taker_side"":""yes"",""ticker"":""KXETH15M-26APR280845-45"",""trade_id"":""3a9a3a1d-12fa-71c9-d016-dc448fa00d63"",""yes_price_dollars"":""0.5500""}"
KXETH15M-26APR280845-45,23801d7e-ec60-5b16-cb08-4d877b6fac79,1777379547,0.54,10.0,no,"{""count_fp"":""10.00"",""created_time"":""2026-04-28T12:32:27.111903Z"",""no_price_dollars"":""0.4600"",""taker_side"":""no"",""ticker"":""KXETH15M-26APR280845-45"",""trade_id"":""23801d7e-ec60-5b16-cb08-4d877b6fac79"",""yes_price_dollars"":""0.5400""}"
KXETH15M-26APR280845-45,9ff3ad29-99ed-6aba-476a-d8a807ee412f,1777379552,0.53,0.23,no,"{""count_fp"":""0.23"",""created_time"":""2026-04-28T12:32:32.967163Z"",""no_price_dollars"":""0.4700"",""taker_side"":""no"",""ticker"":""KXETH15M-26APR280845-45"",""trade_id"":""9ff3ad29-99ed-6aba-476a-d8a807ee412f"",""yes_price_dollars"":""0.5300""}"
KXETH15M-26APR280845-45,426ddaed-c145-6b46-4679-717a41044cd4,1777379552,0.53,10.0,no,"{""count_fp"":""10.00"",""created_time"":""2026-04-28T12:32:32.967163Z"",""no_price_dollars"":""0.4700"",""taker_side"":""no"",""ticker"":""KXETH15M-26APR280845-45"",""trade_id"":""426ddaed-c145-6b46-4679-717a41044cd4"",""yes_price_dollars"":""0.5300""}"
KXETH15M-26APR280845-45,f928e1a2-3179-7a4a-e37d-d0c6856d503b,1777379553,0.53,19.7,no,"{""count_fp"":""19.70"",""created_time"":""2026-04-28T12:32:33.047677Z"",""no_price_dollars"":""0.4700"",""taker_side"":""no"",""ticker"":""KXETH15M-26APR280845-45"",""trade_id"":""f928e1a2-3179-7a4a-e37d-d0c6856d503b"",""yes_price_dollars"":""0.5300""}"
KXETH15M-26APR280845-45,f6dc5306-79b2-75b9-85f1-c101e93458e7,1777379555,0.55,2.0,yes,"{""count_fp"":""2.00"",""created_time"":""2026-04-28T12:32:35.839228Z"",""no_price_dollars"":""0.4500"",""taker_side"":""yes"",""ticker"":""KXETH15M-26APR280845-45"",""trade_id"":""f6dc5306-79b2-75b9-85f1-c101e93458e7"",""yes_price_dollars"":""0.5500""}"
KXETH15M-26APR280845-45,e307fed9-4056-6d2f-7a38-64fddece5fd3,1777379556,0.55,0.72,yes,"{""count_fp"":""0.72"",""created_time"":""2026-04-28T12:32:36.768594Z"",""no_price_dollars"":""0.4500"",""taker_side"":""yes"",""ticker"":""KXETH15M-26APR280845-45"",""trade_id"":""e307fed9-4056-6d2f-7a38-64fddece5fd3"",""yes_price_dollars"":""0.5500""}"
KXETH15M-26APR280845-45,beb9050b-d83e-59e5-8130-04ca2394785b,1777379556,0.55,406.84,yes,"{""count_fp"":""406.84"",""created_time"":""2026-04-28T12:32:36.762154Z"",""no_price_dollars"":""0.4500"",""taker_side"":""yes"",""ticker"":""KXETH15M-26APR280845-45"",""trade_id"":""beb9050b-d83e-59e5-8130-04ca2394785b"",""yes_price_dollars"":""0.5500""}"
KXETH15M-26APR280845-45,6be0e66a-4792-5bd7-8107-f1eb3dd92b77,1777379556,0.55,8.16,yes,"{""count_fp"":""8.16"",""created_time"":""2026-04-28T12:32:36.762154Z"",""no_price_dollars"":""0.4500"",""taker_side"":""yes"",""ticker"":""KXETH15M-26APR280845-45"",""trade_id"":""6be0e66a-4792-5bd7-8107-f1eb3dd92b77"",""yes_price_dollars"":""0.5500""}"
KXETH15M-26APR280845-45,ea699e07-3ba2-62f1-08f8-b9f5735f2627,1777379556,0.55,17.62,yes,"{""count_fp"":""17.62"",""created_time"":""2026-04-28T12:32:36.036554Z"",""no_price_dollars"":""0.4500"",""taker_side"":""yes"",""ticker"":""KXETH15M-26APR280845-45"",""trade_id"":""ea699e07-3ba2-62f1-08f8-b9f5735f2627"",""yes_price_dollars"":""0.5500""}"
KXETH15M-26APR280845-45,ad3b7043-47d8-707d-8b91-d2c1786687a0,1777379563,0.56,10.0,no,"{""count_fp"":""10.00"",""created_time"":""2026-04-28T12:32:43.202329Z"",""no_price_dollars"":""0.4400"",""taker_side"":""no"",""ticker"":""KXETH15M-26APR280845-45"",""trade_id"":""ad3b7043-47d8-707d-8b91-d2c1786687a0"",""yes_price_dollars"":""0.5600""}"
KXETH15M-26APR280845-45,97be4011-937b-7749-b6e9-f92c0989b75f,1777379563,0.56,0.93,no,"{""count_fp"":""0.93"",""created_time"":""2026-04-28T12:32:43.202329Z"",""no_price_dollars"":""0.4400"",""taker_side"":""no"",""ticker"":""KXETH15M-26APR280845-45"",""trade_id"":""97be4011-937b-7749-b6e9-f92c0989b75f"",""yes_price_dollars"":""0.5600""}"
KXETH15M-26APR280845-45,d7230009-633a-7dba-f741-962674d9df81,1777379571,0.61,2.0,yes,"{""count_fp"":""2.00"",""created_time"":""2026-04-28T12:32:51.850686Z"",""no_price_dollars"":""0.3900"",""taker_side"":""yes"",""ticker"":""KXETH15M-26APR280845-45"",""trade_id"":""d7230009-633a-7dba-f741-962674d9df81"",""yes_price_dollars"":""0.6100""}"
KXETH15M-26APR280845-45,d3b55232-e448-7880-f533-b3ea09f59e06,1777379571,0.61,5.85,yes,"{""count_fp"":""5.85"",""created_time"":""2026-04-28T12:32:51.850686Z"",""no_price_dollars"":""0.3900"",""taker_side"":""yes"",""ticker"":""KXETH15M-26APR280845-45"",""trade_id"":""d3b55232-e448-7880-f533-b3ea09f59e06"",""yes_price_dollars"":""0.6100""}"
KXETH15M-26APR280845-45,660de3de-f999-4ffb-de8f-9830dc34c1ff,1777379585,0.59,5.0,yes,"{""count_fp"":""5.00"",""created_time"":""2026-04-28T12:33:05.925619Z"",""no_price_dollars"":""0.4100"",""taker_side"":""yes"",""ticker"":""KXETH15M-26APR280845-45"",""trade_id"":""660de3de-f999-4ffb-de8f-9830dc34c1ff"",""yes_price_dollars"":""0.5900""}"
KXETH15M-26APR280845-45,bc3eaee0-adce-580c-df7b-d5675c8be074,1777379586,0.56,2.0,no,"{""count_fp"":""2.00"",""created_time"":""2026-04-28T12:33:06.099332Z"",""no_price_dollars"":""0.4400"",""taker_side"":""no"",""ticker"":""KXETH15M-26APR280845-45"",""trade_id"":""bc3eaee0-adce-580c-df7b-d5675c8be074"",""yes_price_dollars"":""0.5600""}"
KXETH15M-26APR280845-45,273a9819-2bbb-5645-cf94-6ee627c71ec9,1777379586,0.56,0.18,no,"{""count_fp"":""0.18"",""created_time"":""2026-04-28T12:33:06.099332Z"",""no_price_dollars"":""0.4400"",""taker_side"":""no"",""ticker"":""KXETH15M-26APR280845-45"",""trade_id"":""273a9819-2bbb-5645-cf94-6ee627c71ec9"",""yes_price_dollars"":""0.5600""}"
KXETH15M-26APR280845-45,fe6dc8b6-b619-5321-714f-b68e7315197d,1777379593,0.59,1.0,yes,"{""count_fp"":""1.00"",""created_time"":""2026-04-28T12:33:13.017347Z"",""no_price_dollars"":""0.4100"",""taker_side"":""yes"",""ticker"":""KXETH15M-26APR280845-45"",""trade_id"":""fe6dc8b6-b619-5321-714f-b68e7315197d"",""yes_price_dollars"":""0.5900""}"
KXETH15M-26APR280845-45,3a325ba9-7ea9-71f0-6fa7-e0375160c8f6,1777379598,0.57,2.13,no,"{""count_fp"":""2.13"",""created_time"":""2026-04-28T12:33:18.767994Z"",""no_price_dollars"":""0.4300"",""taker_side"":""no"",""ticker"":""KXETH15M-26APR280845-45"",""trade_id"":""3a325ba9-7ea9-71f0-6fa7-e0375160c8f6"",""yes_price_dollars"":""0.5700""}"
KXETH15M-26APR280845-45,196aef1e-2a08-4e65-c216-35ba1149e873,1777379598,0.61,7.9,yes,"{""count_fp"":""7.90"",""created_time"":""2026-04-28T12:33:18.297392Z"",""no_price_dollars"":""0.3900"",""taker_side"":""yes"",""ticker"":""KXETH15M-26APR280845-45"",""trade_id"":""196aef1e-2a08-4e65-c216-35ba1149e873"",""yes_price_dollars"":""0.6100""}"
KXETH15M-26APR280845-45,ebc7e87b-4a13-75d7-380f-5ea93cb5c5c0,1777379607,0.61,2.75,yes,"{""count_fp"":""2.75"",""created_time"":""2026-04-28T12:33:27.464275Z"",""no_price_dollars"":""0.3900"",""taker_side"":""yes"",""ticker"":""KXETH15M-26APR280845-45"",""trade_id"":""ebc7e87b-4a13-75d7-380f-5ea93cb5c5c0"",""yes_price_dollars"":""0.6100""}"
KXETH15M-26APR280845-45,cfd7b191-5629-7963-16e7-6e1649e55fab,1777379607,0.61,10.0,yes,"{""count_fp"":""10.00"",""created_time"":""2026-04-28T12:33:27.464275Z"",""no_price_dollars"":""0.3900"",""taker_side"":""yes"",""ticker"":""KXETH15M-26APR280845-45"",""trade_id"":""cfd7b191-5629-7963-16e7-6e1649e55fab"",""yes_price_dollars"":""0.6100""}"
KXETH15M-26APR280845-45,cd72ea0d-3925-796e-24de-601c2e572f5e,1777379607,0.61,7.25,yes,"{""count_fp"":""7.25"",""created_time"":""2026-04-28T12:33:27.464275Z"",""no_price_dollars"":""0.3900"",""taker_side"":""yes"",""ticker"":""KXETH15M-26APR280845-45"",""trade_id"":""cd72ea0d-3925-796e-24de-601c2e572f5e"",""yes_price_dollars"":""0.6100""}"
KXETH15M-26APR280845-45,cb0e1b7a-322f-7332-9fff-d43e72a7f7a3,1777379612,0.55,10.0,no,"{""count_fp"":""10.00"",""created_time"":""2026-04-28T12:33:32.650665Z"",""no_price_dollars"":""0.4500"",""taker_side"":""no"",""ticker"":""KXETH15M-26APR280845-45"",""trade_id"":""cb0e1b7a-322f-7332-9fff-d43e72a7f7a3"",""yes_price_dollars"":""0.5500""}"
KXETH15M-26APR280845-45,6c02a20e-0f01-7fed-b902-196c4928557d,1777379612,0.54,16.48,no,"{""count_fp"":""16.48"",""created_time"":""2026-04-28T12:33:32.650665Z"",""no_price_dollars"":""0.4600"",""taker_side"":""no"",""ticker"":""KXETH15M-26APR280845-45"",""trade_id"":""6c02a20e-0f01-7fed-b902-196c4928557d"",""yes_price_dollars"":""0.5400""}"
KXETH15M-26APR280845-45,5bee0e0c-3941-7ff0-bfad-abea1e391bee,1777379612,0.55,15.0,no,"{""count_fp"":""15.00"",""created_time"":""2026-04-28T12:33:32.650665Z"",""no_price_dollars"":""0.4500"",""taker_side"":""no"",""ticker"":""KXETH15M-26APR280845-45"",""trade_id"":""5bee0e0c-3941-7ff0-bfad-abea1e391bee"",""yes_price_dollars"":""0.5500""}"
KXETH15M-26APR280845-45,39a63f69-b2aa-7a6c-b46c-18c24ec9b829,1777379612,0.59,2.0,no,"{""count_fp"":""2.00"",""created_time"":""2026-04-28T12:33:32.650665Z"",""no_price_dollars"":""0.4100"",""taker_side"":""no"",""ticker"":""KXETH15M-26APR280845-45"",""trade_id"":""39a63f69-b2aa-7a6c-b46c-18c24ec9b829"",""yes_price_dollars"":""0.5900""}"
KXETH15M-26APR280845-45,115e3b7d-c02d-75c4-9d01-aeaad1eace9a,1777379612,0.56,10.0,no,"{""count_fp"":""10.00"",""created_time"":""2026-04-28T12:33:32.650665Z"",""no_price_dollars"":""0.4400"",""taker_side"":""no"",""ticker"":""KXETH15M-26APR280845-45"",""trade_id"":""115e3b7d-c02d-75c4-9d01-aeaad1eace9a"",""yes_price_dollars"":""0.5600""}"
KXETH15M-26APR280845-45,db0978c6-962a-715c-87dc-4a46b1ec27e3,1777379618,0.54,3.29,no,"{""count_fp"":""3.29"",""created_time"":""2026-04-28T12:33:38.246822Z"",""no_price_dollars"":""0.4600"",""taker_side"":""no"",""ticker"":""KXETH15M-26APR280845-45"",""trade_id"":""db0978c6-962a-715c-87dc-4a46b1ec27e3"",""yes_price_dollars"":""0.5400""}"
KXETH15M-26APR280845-45,4ce2056e-ae55-7732-bd54-99b7855be950,1777379618,0.56,10.0,no,"{""count_fp"":""10.00"",""created_time"":""2026-04-28T12:33:38.246822Z"",""no_price_dollars"":""0.4400"",""taker_side"":""no"",""ticker"":""KXETH15M-26APR280845-45"",""trade_id"":""4ce2056e-ae55-7732-bd54-99b7855be950"",""yes_price_dollars"":""0.5600""}"
KXETH15M-26APR280845-45,1b6c92bd-0f85-7938-9534-1695712caf3d,1777379626,0.58,1.67,yes,"{""count_fp"":""1.67"",""created_time"":""2026-04-28T12:33:46.736572Z"",""no_price_dollars"":""0.4200"",""taker_side"":""yes"",""ticker"":""KXETH15M-26APR280845-45"",""trade_id"":""1b6c92bd-0f85-7938-9534-1695712caf3d"",""yes_price_dollars"":""0.5800""}"
KXETH15M-26APR280845-45,2a43d019-48f6-68ee-543d-2c1921e32061,1777379628,0.54,2.0,no,"{""count_fp"":""2.00"",""created_time"":""2026-04-28T12:33:48.275942Z"",""no_price_dollars"":""0.4600"",""taker_side"":""no"",""ticker"":""KXETH15M-26APR280845-45"",""trade_id"":""2a43d019-48f6-68ee-543d-2c1921e32061"",""yes_price_dollars"":""0.5400""}"
KXETH15M-26APR280845-45,2fff2214-5089-4ce2-0d25-f196a7964de9,1777379630,0.55,10.0,no,"{""count_fp"":""10.00"",""created_time"":""2026-04-28T12:33:50.047664Z"",""no_price_dollars"":""0.4500"",""taker_side"":""no"",""ticker"":""KXETH15M-26APR280845-45"",""trade_id"":""2fff2214-5089-4ce2-0d25-f196a7964de9"",""yes_price_dollars"":""0.5500""}"
KXETH15M-26APR280845-45,2acbc707-36af-4b61-2df1-652a8e368c7f,1777379630,0.55,8.85,no,"{""count_fp"":""8.85"",""created_time"":""2026-04-28T12:33:50.047664Z"",""no_price_dollars"":""0.4500"",""taker_side"":""no"",""ticker"":""KXETH15M-26APR280845-45"",""trade_id"":""2acbc707-36af-4b61-2df1-652a8e368c7f"",""yes_price_dollars"":""0.5500""}"
KXETH15M-26APR280845-45,2d05da16-90cd-457b-0190-9615e0af3931,1777379632,0.58,0.33,yes,"{""count_fp"":""0.33"",""created_time"":""2026-04-28T12:33:52.741917Z"",""no_price_dollars"":""0.4200"",""taker_side"":""yes"",""ticker"":""KXETH15M-26APR280845-45"",""trade_id"":""2d05da16-90cd-457b-0190-9615e0af3931"",""yes_price_dollars"":""0.5800""}"
KXETH15M-26APR280845-45,0321bc9e-284c-4cc8-2d2c-3f5fd1e0e1e2,1777379632,0.59,9.67,yes,"{""count_fp"":""9.67"",""created_time"":""2026-04-28T12:33:52.741917Z"",""no_price_dollars"":""0.4100"",""taker_side"":""yes"",""ticker"":""KXETH15M-26APR280845-45"",""trade_id"":""0321bc9e-284c-4cc8-2d2c-3f5fd1e0e1e2"",""yes_price_dollars"":""0.5900""}"
KXETH15M-26APR280845-45,1662d047-0d27-52ff-0c14-4a8e38061ade,1777379632,0.56,2.45,no,"{""count_fp"":""2.45"",""created_time"":""2026-04-28T12:33:52.671838Z"",""no_price_dollars"":""0.4400"",""taker_side"":""no"",""ticker"":""KXETH15M-26APR280845-45"",""trade_id"":""1662d047-0d27-52ff-0c14-4a8e38061ade"",""yes_price_dollars"":""0.5600""}"
KXETH15M-26APR280845-45,bce77e7e-0965-6bd4-bcea-d4cbe93a589a,1777379641,0.52,9.0,no,"{""count_fp"":""9.00"",""created_time"":""2026-04-28T12:34:01.831339Z"",""no_price_dollars"":""0.4800"",""taker_side"":""no"",""ticker"":""KXETH15M-26APR280845-45"",""trade_id"":""bce77e7e-0965-6bd4-bcea-d4cbe93a589a"",""yes_price_dollars"":""0.5200""}"
KXETH15M-26APR280845-45,b6df745f-a5c7-7662-d136-7d54b767fd2d,1777379641,0.53,7.0,no,"{""count_fp"":""7.00"",""created_time"":""2026-04-28T12:34:01.814589Z"",""no_price_dollars"":""0.4700"",""taker_side"":""no"",""ticker"":""KXETH15M-26APR280845-45"",""trade_id"":""b6df745f-a5c7-7662-d136-7d54b767fd2d"",""yes_price_dollars"":""0.5300""}"
KXETH15M-26APR280845-45,095ea097-4e9b-768a-e3b1-3a8948ca6edd,1777379641,0.53,4.0,no,"{""count_fp"":""4.00"",""created_time"":""2026-04-28T12:34:01.814589Z"",""no_price_dollars"":""0.4700"",""taker_side"":""no"",""ticker"":""KXETH15M-26APR280845-45"",""trade_id"":""095ea097-4e9b-768a-e3b1-3a8948ca6edd"",""yes_price_dollars"":""0.5300""}"
KXETH15M-26APR280845-45,907e2894-b40b-638a-7c77-2ac7abd65899,1777379641,0.53,2.0,no,"{""count_fp"":""2.00"",""created_time"":""2026-04-28T12:34:01.492396Z"",""no_price_dollars"":""0.4700"",""taker_side"":""no"",""ticker"":""KXETH15M-26APR280845-45"",""trade_id"":""907e2894-b40b-638a-7c77-2ac7abd65899"",""yes_price_dollars"":""0.5300""}"
KXETH15M-26APR280845-45,9a83ef4b-507c-7302-8bd3-46ec0312c4c8,1777379651,0.45,26.0,yes,"{""count_fp"":""26.00"",""created_time"":""2026-04-28T12:34:11.203321Z"",""no_price_dollars"":""0.5500"",""taker_side"":""yes"",""ticker"":""KXETH15M-26APR280845-45"",""trade_id"":""9a83ef4b-507c-7302-8bd3-46ec0312c4c8"",""yes_price_dollars"":""0.4500""}"
KXETH15M-26APR280845-45,b5ae7ce9-9931-4d25-1cf8-879d0668769c,1777379651,0.42,31.0,no,"{""count_fp"":""31.00"",""created_time"":""2026-04-28T12:34:11.109335Z"",""no_price_dollars"":""0.5800"",""taker_side"":""no"",""ticker"":""KXETH15M-26APR280845-45"",""trade_id"":""b5ae7ce9-9931-4d25-1cf8-879d0668769c"",""yes_price_dollars"":""0.4200""}"
KXETH15M-26APR280845-45,7dd6e643-7074-40f2-29f0-354b2e56a1e1,1777379651,0.42,10.0,no,"{""count_fp"":""10.00"",""created_time"":""2026-04-28T12:34:11.109335Z"",""no_price_dollars"":""0.5800"",""taker_side"":""no"",""ticker"":""KXETH15M-26APR280845-45"",""trade_id"":""7dd6e643-7074-40f2-29f0-354b2e56a1e1"",""yes_price_dollars"":""0.4200""}"
KXETH15M-26APR280845-45,a38383ce-f8a3-4ed9-17f3-02ece564573f,1777379652,0.44,11.0,yes,"{""count_fp"":""11.00"",""created_time"":""2026-04-28T12:34:12.773428Z"",""no_price_dollars"":""0.5600"",""taker_side"":""yes"",""ticker"":""KXETH15M-26APR280845-45"",""trade_id"":""a38383ce-f8a3-4ed9-17f3-02ece564573f"",""yes_price_dollars"":""0.4400""}"
KXETH15M-26APR280845-45,540cdf4c-a79f-45e5-dd68-d77095fb5327,1777379655,0.43,4.37,yes,"{""count_fp"":""4.37"",""created_time"":""2026-04-28T12:34:15.970117Z"",""no_price_dollars"":""0.5700"",""taker_side"":""yes"",""ticker"":""KXETH15M-26APR280845-45"",""trade_id"":""540cdf4c-a79f-45e5-dd68-d77095fb5327"",""yes_price_dollars"":""0.4300""}"
KXETH15M-26APR280845-45,f6982a32-a9d3-7bc1-1fa6-5f6b58805873,1777379655,0.43,24.0,yes,"{""count_fp"":""24.00"",""created_time"":""2026-04-28T12:34:15.281149Z"",""no_price_dollars"":""0.5700"",""taker_side"":""yes"",""ticker"":""KXETH15M-26APR280845-45"",""trade_id"":""f6982a32-a9d3-7bc1-1fa6-5f6b58805873"",""yes_price_dollars"":""0.4300""}"
KXETH15M-26APR280845-45,010fde9c-43d3-7b4d-e17f-65033ec12ccf,1777379662,0.43,2.23,yes,"{""count_fp"":""2.23"",""created_time"":""2026-04-28T12:34:22.977339Z"",""no_price_dollars"":""0.5700"",""taker_side"":""yes"",""ticker"":""KXETH15M-26APR280845-45"",""trade_id"":""010fde9c-43d3-7b4d-e17f-65033ec12ccf"",""yes_price_dollars"":""0.4300""}"
KXETH15M-26APR280845-45,5b4fa93f-fb14-6fec-f5cb-1126747a5708,1777379666,0.42,1.0,no,"{""count_fp"":""1.00"",""created_time"":""2026-04-28T12:34:26.514345Z"",""no_price_dollars"":""0.5800"",""taker_side"":""no"",""ticker"":""KXETH15M-26APR280845-45"",""trade_id"":""5b4fa93f-fb14-6fec-f5cb-1126747a5708"",""yes_price_dollars"":""0.4200""}"
KXETH15M-26APR280845-45,9261919d-7ad8-7a54-1652-b50348da22b0,1777379666,0.42,6.0,no,"{""count_fp"":""6.00"",""created_time"":""2026-04-28T12:34:26.039196Z"",""no_price_dollars"":""0.5800"",""taker_side"":""no"",""ticker"":""KXETH15M-26APR280845-45"",""trade_id"":""9261919d-7ad8-7a54-1652-b50348da22b0"",""yes_price_dollars"":""0.4200""}"
KXETH15M-26APR280845-45,6465d5e5-83a0-7cf5-3014-8cba543a27e0,1777379666,0.42,10.0,no,"{""count_fp"":""10.00"",""created_time"":""2026-04-28T12:34:26.039196Z"",""no_price_dollars"":""0.5800"",""taker_side"":""no"",""ticker"":""KXETH15M-26APR280845-45"",""trade_id"":""6465d5e5-83a0-7cf5-3014-8cba543a27e0"",""yes_price_dollars"":""0.4200""}"
KXETH15M-26APR280845-45,c6f56522-6c62-4c2d-f9d7-ea2db5e74ef7,1777379678,0.48,8.19,yes,"{""count_fp"":""8.19"",""created_time"":""2026-04-28T12:34:38.154403Z"",""no_price_dollars"":""0.5200"",""taker_side"":""yes"",""ticker"":""KXETH15M-26APR280845-45"",""trade_id"":""c6f56522-6c62-4c2d-f9d7-ea2db5e74ef7"",""yes_price_dollars"":""0.4800""}"
KXETH15M-26APR280845-45,7248133c-a718-4d98-d9b1-bf08ae39755c,1777379678,0.47,10.0,yes,"{""count_fp"":""10.00"",""created_time"":""2026-04-28T12:34:38.154403Z"",""no_price_dollars"":""0.5300"",""taker_side"":""yes"",""ticker"":""KXETH15M-26APR280845-45"",""trade_id"":""7248133c-a718-4d98-d9b1-bf08ae39755c"",""yes_price_dollars"":""0.4700""}"
KXETH15M-26APR280845-45,6d89008b-cde3-4d59-c1c2-03d16e35fb62,1777379678,0.47,2.0,yes,"{""count_fp"":""2.00"",""created_time"":""2026-04-28T12:34:38.154403Z"",""no_price_dollars"":""0.5300"",""taker_side"":""yes"",""ticker"":""KXETH15M-26APR280845-45"",""trade_id"":""6d89008b-cde3-4d59-c1c2-03d16e35fb62"",""yes_price_dollars"":""0.4700""}"
KXETH15M-26APR280845-45,70fe2750-d2e7-63a2-e90b-5de96184ff0b,1777379681,0.46,2.0,no,"{""count_fp"":""2.00"",""created_time"":""2026-04-28T12:34:41.562963Z"",""no_price_dollars"":""0.5400"",""taker_side"":""no"",""ticker"":""KXETH15M-26APR280845-45"",""trade_id"":""70fe2750-d2e7-63a2-e90b-5de96184ff0b"",""yes_price_dollars"":""0.4600""}"
KXETH15M-26APR280845-45,1c3657a3-ac36-6c07-c0a2-c4a022efe081,1777379681,0.45,1.0,no,"{""count_fp"":""1.00"",""created_time"":""2026-04-28T12:34:41.562963Z"",""no_price_dollars"":""0.5500"",""taker_side"":""no"",""ticker"":""KXETH15M-26APR280845-45"",""trade_id"":""1c3657a3-ac36-6c07-c0a2-c4a022efe081"",""yes_price_dollars"":""0.4500""}"
KXETH15M-26APR280845-45,2842beb2-a94b-4caf-41e4-5ce4d41a7240,1777379683,0.54,70.0,yes,"{""count_fp"":""70.00"",""created_time"":""2026-04-28T12:34:43.403464Z"",""no_price_dollars"":""0.4600"",""taker_side"":""yes"",""ticker"":""KXETH15M-26APR280845-45"",""trade_id"":""2842beb2-a94b-4caf-41e4-5ce4d41a7240"",""yes_price_dollars"":""0.5400""}"
KXETH15M-26APR280845-45,eed4ae86-0b40-7890-d6c7-4d5d2d8aa994,1777379683,0.51,10.0,yes,"{""count_fp"":""10.00"",""created_time"":""2026-04-28T12:34:43.348546Z"",""no_price_dollars"":""0.4900"",""taker_side"":""yes"",""ticker"":""KXETH15M-26APR280845-45"",""trade_id"":""eed4ae86-0b40-7890-d6c7-4d5d2d8aa994"",""yes_price_dollars"":""0.5100""}"
KXETH15M-26APR280845-45,be11f099-c659-761c-ccf8-b342d6f0fc60,1777379683,0.51,10.0,yes,"{""count_fp"":""10.00"",""created_time"":""2026-04-28T12:34:43.348546Z"",""no_price_dollars"":""0.4900"",""taker_side"":""yes"",""ticker"":""KXETH15M-26APR280845-45"",""trade_id"":""be11f099-c659-761c-ccf8-b342d6f0fc60"",""yes_price_dollars"":""0.5100""}"
KXETH15M-26APR280845-45,98ec5775-73fa-7ede-d88c-ed3dcd1c3675,1777379683,0.49,2.0,yes,"{""count_fp"":""2.00"",""created_time"":""2026-04-28T12:34:43.348546Z"",""no_price_dollars"":""0.5100"",""taker_side"":""yes"",""ticker"":""KXETH15M-26APR280845-45"",""trade_id"":""98ec5775-73fa-7ede-d88c-ed3dcd1c3675"",""yes_price_dollars"":""0.4900""}"
KXETH15M-26APR280845-45,f98916d3-e1f0-5890-bd64-d264a091e8fa,1777379685,0.59,2.0,yes,"{""count_fp"":""2.00"",""created_time"":""2026-04-28T12:34:45.746476Z"",""no_price_dollars"":""0.4100"",""taker_side"":""yes"",""ticker"":""KXETH15M-26APR280845-45"",""trade_id"":""f98916d3-e1f0-5890-bd64-d264a091e8fa"",""yes_price_dollars"":""0.5900""}"
KXETH15M-26APR280845-45,7fcb9ce0-b77c-6e2b-79d2-2d5afcb2865c,1777379687,0.61,12.0,yes,"{""count_fp"":""12.00"",""created_time"":""2026-04-28T12:34:47.493153Z"",""no_price_dollars"":""0.3900"",""taker_side"":""yes"",""ticker"":""KXETH15M-26APR280845-45"",""trade_id"":""7fcb9ce0-b77c-6e2b-79d2-2d5afcb2865c"",""yes_price_dollars"":""0.6100""}"
KXETH15M-26APR280845-45,ff5e0941-edc8-5df3-cb55-c5b7b1900838,1777379687,0.61,12.0,yes,"{""count_fp"":""12.00"",""created_time"":""2026-04-28T12:34:47.483257Z"",""no_price_dollars"":""0.3900"",""taker_side"":""yes"",""ticker"":""KXETH15M-26APR280845-45"",""trade_id"":""ff5e0941-edc8-5df3-cb55-c5b7b1900838"",""yes_price_dollars"":""0.6100""}"
KXETH15M-26APR280845-45,a59ad424-bd85-7b7a-9437-bf2520944c90,1777379687,0.61,10.0,yes,"{""count_fp"":""10.00"",""created_time"":""2026-04-28T12:34:47.453606Z"",""no_price_dollars"":""0.3900"",""taker_side"":""yes"",""ticker"":""KXETH15M-26APR280845-45"",""trade_id"":""a59ad424-bd85-7b7a-9437-bf2520944c90"",""yes_price_dollars"":""0.6100""}"
KXETH15M-26APR280845-45,db99f6dd-2234-6944-c230-7db63fa9731e,1777379687,0.6,10.0,yes,"{""count_fp"":""10.00"",""created_time"":""2026-04-28T12:34:47.453102Z"",""no_price_dollars"":""0.4000"",""taker_side"":""yes"",""ticker"":""KXETH15M-26APR280845-45"",""trade_id"":""db99f6dd-2234-6944-c230-7db63fa9731e"",""yes_price_dollars"":""0.6000""}"
KXETH15M-26APR280845-45,ca1697e4-8a0a-6380-f7b2-706f5325fcee,1777379687,0.58,2.0,yes,"{""count_fp"":""2.00"",""created_time"":""2026-04-28T12:34:47.453102Z"",""no_price_dollars"":""0.4200"",""taker_side"":""yes"",""ticker"":""KXETH15M-26APR280845-45"",""trade_id"":""ca1697e4-8a0a-6380-f7b2-706f5325fcee"",""yes_price_dollars"":""0.5800""}"
KXETH15M-26APR280845-45,beef1df1-a467-48cd-6637-4cd1e12d541e,1777379688,0.62,45.22,no,"{""count_fp"":""45.22"",""created_time"":""2026-04-28T12:34:48.022607Z"",""no_price_dollars"":""0.3800"",""taker_side"":""no"",""ticker"":""KXETH15M-26APR280845-45"",""trade_id"":""beef1df1-a467-48cd-6637-4cd1e12d541e"",""yes_price_dollars"":""0.6200""}"
KXETH15M-26APR280845-45,bc8aba9f-0142-7b94-0356-25bffdef4d93,1777379691,0.69,2.0,yes,"{""count_fp"":""2.00"",""created_time"":""2026-04-28T12:34:51.858108Z"",""no_price_dollars"":""0.3100"",""taker_side"":""yes"",""ticker"":""KXETH15M-26APR280845-45"",""trade_id"":""bc8aba9f-0142-7b94-0356-25bffdef4d93"",""yes_price_dollars"":""0.6900""}"
KXETH15M-26APR280845-45,97011b37-73e1-64fa-2797-7b3f741d539f,1777379692,0.68,1.0,yes,"{""count_fp"":""1.00"",""created_time"":""2026-04-28T12:34:52.851939Z"",""no_price_dollars"":""0.3200"",""taker_side"":""yes"",""ticker"":""KXETH15M-26APR280845-45"",""trade_id"":""97011b37-73e1-64fa-2797-7b3f741d539f"",""yes_price_dollars"":""0.6800""}"
KXETH15M-26APR280845-45,f50a3bab-9d57-4631-9c28-b9c382f9969b,1777379693,0.69,36.0,yes,"{""count_fp"":""36.00"",""created_time"":""2026-04-28T12:34:53.737612Z"",""no_price_dollars"":""0.3100"",""taker_side"":""yes"",""ticker"":""KXETH15M-26APR280845-45"",""trade_id"":""f50a3bab-9d57-4631-9c28-b9c382f9969b"",""yes_price_dollars"":""0.6900""}"
KXETH15M-26APR280845-45,3ce5829d-cd25-4130-b35c-823726226a3b,1777379693,0.68,10.31,yes,"{""count_fp"":""10.31"",""created_time"":""2026-04-28T12:34:53.312046Z"",""no_price_dollars"":""0.3200"",""taker_side"":""yes"",""ticker"":""KXETH15M-26APR280845-45"",""trade_id"":""3ce5829d-cd25-4130-b35c-823726226a3b"",""yes_price_dollars"":""0.6800""}"
KXETH15M-26APR280845-45,074b0cc1-deb5-4586-879e-f729426b40ef,1777379693,0.68,9.69,yes,"{""count_fp"":""9.69"",""created_time"":""2026-04-28T12:34:53.312046Z"",""no_price_dollars"":""0.3200"",""taker_side"":""yes"",""ticker"":""KXETH15M-26APR280845-45"",""trade_id"":""074b0cc1-deb5-4586-879e-f729426b40ef"",""yes_price_dollars"":""0.6800""}"
KXETH15M-26APR280845-45,ef6d7010-e047-5395-985e-bd0c8c57015a,1777379693,0.63,34.0,no,"{""count_fp"":""34.00"",""created_time"":""2026-04-28T12:34:53.108096Z"",""no_price_dollars"":""0.3700"",""taker_side"":""no"",""ticker"":""KXETH15M-26APR280845-45"",""trade_id"":""ef6d7010-e047-5395-985e-bd0c8c57015a"",""yes_price_dollars"":""0.6300""}"
KXETH15M-26APR280845-45,aeba6686-46ad-56fb-b26d-d9d81d1e3594,1777379693,0.67,10.0,no,"{""count_fp"":""10.00"",""created_time"":""2026-04-28T12:34:53.108096Z"",""no_price_dollars"":""0.3300"",""taker_side"":""no"",""ticker"":""KXETH15M-26APR280845-45"",""trade_id"":""aeba6686-46ad-56fb-b26d-d9d81d1e3594"",""yes_price_dollars"":""0.6700""}"
KXETH15M-26APR280845-45,db9d9ab6-d6f6-7eb2-925e-3ec615f89595,1777379697,0.61,2.23,no,"{""count_fp"":""2.23"",""created_time"":""2026-04-28T12:34:57.871218Z"",""no_price_dollars"":""0.3900"",""taker_side"":""no"",""ticker"":""KXETH15M-26APR280845-45"",""trade_id"":""db9d9ab6-d6f6-7eb2-925e-3ec615f89595"",""yes_price_dollars"":""0.6100""}"
KXETH15M-26APR280845-45,b9691831-3f1b-404d-947a-0499ab4e5fae,1777379703,0.63,4.0,no,"{""count_fp"":""4.00"",""created_time"":""2026-04-28T12:35:03.772521Z"",""no_price_dollars"":""0.3700"",""taker_side"":""no"",""ticker"":""KXETH15M-26APR280845-45"",""trade_id"":""b9691831-3f1b-404d-947a-0499ab4e5fae"",""yes_price_dollars"":""0.6300""}"
KXETH15M-26APR280845-45,92c93466-a591-4e4c-a1a3-6eb073833d1a,1777379703,0.63,1.0,no,"{""count_fp"":""1.00"",""created_time"":""2026-04-28T12:35:03.772521Z"",""no_price_dollars"":""0.3700"",""taker_side"":""no"",""ticker"":""KXETH15M-26APR280845-45"",""trade_id"":""92c93466-a591-4e4c-a1a3-6eb073833d1a"",""yes_price_dollars"":""0.6300""}"
KXETH15M-26APR280845-45,5ef967a8-a92c-4fe5-ad39-62b56902a98b,1777379703,0.64,10.46,no,"{""count_fp"":""10.46"",""created_time"":""2026-04-28T12:35:03.772521Z"",""no_price_dollars"":""0.3600"",""taker_side"":""no"",""ticker"":""KXETH15M-26APR280845-45"",""trade_id"":""5ef967a8-a92c-4fe5-ad39-62b56902a98b"",""yes_price_dollars"":""0.6400""}"
KXETH15M-26APR280845-45,3d144ad9-09f2-477a-9da2-7d22b5aafe2d,1777379703,0.64,10.0,no,"{""count_fp"":""10.00"",""created_time"":""2026-04-28T12:35:03.772521Z"",""no_price_dollars"":""0.3600"",""taker_side"":""no"",""ticker"":""KXETH15M-26APR280845-45"",""trade_id"":""3d144ad9-09f2-477a-9da2-7d22b5aafe2d"",""yes_price_dollars"":""0.6400""}"
KXETH15M-26APR280845-45,a3f5c456-6407-66fb-008b-21e2854743d2,1777379709,0.65,1.0,yes,"{""count_fp"":""1.00"",""created_time"":""2026-04-28T12:35:09.149538Z"",""no_price_dollars"":""0.3500"",""taker_side"":""yes"",""ticker"":""KXETH15M-26APR280845-45"",""trade_id"":""a3f5c456-6407-66fb-008b-21e2854743d2"",""yes_price_dollars"":""0.6500""}"
KXETH15M-26APR280845-45,db4ad15f-b3c9-5071-6adb-3b63676fda46,1777379713,0.62,27.0,no,"{""count_fp"":""27.00"",""created_time"":""2026-04-28T12:35:13.334373Z"",""no_price_dollars"":""0.3800"",""taker_side"":""no"",""ticker"":""KXETH15M-26APR280845-45"",""trade_id"":""db4ad15f-b3c9-5071-6adb-3b63676fda46"",""yes_price_dollars"":""0.6200""}"
KXETH15M-26APR280845-45,df2eb02b-4171-4d72-c0b5-1f50e01219a8,1777379713,0.65,4.0,no,"{""count_fp"":""4.00"",""created_time"":""2026-04-28T12:35:13.276799Z"",""no_price_dollars"":""0.3500"",""taker_side"":""no"",""ticker"":""KXETH15M-26APR280845-45"",""trade_id"":""df2eb02b-4171-4d72-c0b5-1f50e01219a8"",""yes_price_dollars"":""0.6500""}"
KXETH15M-26APR280845-45,5a3616bb-67d1-4516-f57e-b7dfbbbf1f50,1777379713,0.63,5.0,no,"{""count_fp"":""5.00"",""created_time"":""2026-04-28T12:35:13.276799Z"",""no_price_dollars"":""0.3700"",""taker_side"":""no"",""ticker"":""KXETH15M-26APR280845-45"",""trade_id"":""5a3616bb-67d1-4516-f57e-b7dfbbbf1f50"",""yes_price_dollars"":""0.6300""}"
KXETH15M-26APR280845-45,5a18c5c2-6c53-7bbd-0e12-31ca047ff873,1777379716,0.58,22.69,yes,"{""count_fp"":""22.69"",""created_time"":""2026-04-28T12:35:16.877808Z"",""no_price_dollars"":""0.4200"",""taker_side"":""yes"",""ticker"":""KXETH15M-26APR280845-45"",""trade_id"":""5a18c5c2-6c53-7bbd-0e12-31ca047ff873"",""yes_price_dollars"":""0.5800""}"
KXETH15M-26APR280845-45,5095db02-dd0e-75e6-ac05-d720aff46fba,1777379718,0.59,1.0,yes,"{""count_fp"":""1.00"",""created_time"":""2026-04-28T12:35:18.462236Z"",""no_price_dollars"":""0.4100"",""taker_side"":""yes"",""ticker"":""KXETH15M-26APR280845-45"",""trade_id"":""5095db02-dd0e-75e6-ac05-d720aff46fba"",""yes_price_dollars"":""0.5900""}"
KXETH15M-26APR280845-45,143448c9-e4bd-43d0-69e5-c3cd20f9d427,1777379730,0.65,70.0,yes,"{""count_fp"":""70.00"",""created_time"":""2026-04-28T12:35:30.421923Z"",""no_price_dollars"":""0.3500"",""taker_side"":""yes"",""ticker"":""KXETH15M-26APR280845-45"",""trade_id"":""143448c9-e4bd-43d0-69e5-c3cd20f9d427"",""yes_price_dollars"":""0.6500""}"
KXETH15M-26APR280845-45,c6603fc3-34bb-49be-ec2b-3b72df854c1a,1777379730,0.61,10.0,yes,"{""count_fp"":""10.00"",""created_time"":""2026-04-28T12:35:30.273887Z"",""no_price_dollars"":""0.3900"",""taker_side"":""yes"",""ticker"":""KXETH15M-26APR280845-45"",""trade_id"":""c6603fc3-34bb-49be-ec2b-3b72df854c1a"",""yes_price_dollars"":""0.6100""}"
KXETH15M-26APR280845-45,b07bb283-e317-7f4d-9545-255a64054025,1777379733,0.63,2.58,no,"{""count_fp"":""2.58"",""created_time"":""2026-04-28T12:35:33.748101Z"",""no_price_dollars"":""0.3700"",""taker_side"":""no"",""ticker"":""KXETH15M-26APR280845-45"",""trade_id"":""b07bb283-e317-7f4d-9545-255a64054025"",""yes_price_dollars"":""0.6300""}"
KXETH15M-26APR280845-45,d1a4a71a-538f-6d34-8a44-b23f998f7e8c,1777379740,0.69,10.0,yes,"{""count_fp"":""10.00"",""created_time"":""2026-04-28T12:35:40.751381Z"",""no_price_dollars"":""0.3100"",""taker_side"":""yes"",""ticker"":""KXETH15M-26APR280845-45"",""trade_id"":""d1a4a71a-538f-6d34-8a44-b23f998f7e8c"",""yes_price_dollars"":""0.6900""}"
KXETH15M-26APR280845-45,504d43f4-e21d-68aa-9caf-48f74515518f,1777379740,0.69,4.18,yes,"{""count_fp"":""4.18"",""created_time"":""2026-04-28T12:35:40.751381Z"",""no_price_dollars"":""0.3100"",""taker_side"":""yes"",""ticker"":""KXETH15M-26APR280845-45"",""trade_id"":""504d43f4-e21d-68aa-9caf-48f74515518f"",""yes_price_dollars"":""0.6900""}"
KXETH15M-26APR280845-45,a1c98e7b-0c47-4327-3a22-be1699a416f6,1777379745,0.68,10.0,no,"{""count_fp"":""10.00"",""created_time"":""2026-04-28T12:35:45.679566Z"",""no_price_dollars"":""0.3200"",""taker_side"":""no"",""ticker"":""KXETH15M-26APR280845-45"",""trade_id"":""a1c98e7b-0c47-4327-3a22-be1699a416f6"",""yes_price_dollars"":""0.6800""}"
KXETH15M-26APR280845-45,6b8b6d25-8d73-42f9-1854-fdba1b1cb3b6,1777379745,0.67,4.32,no,"{""count_fp"":""4.32"",""created_time"":""2026-04-28T12:35:45.679566Z"",""no_price_dollars"":""0.3300"",""taker_side"":""no"",""ticker"":""KXETH15M-26APR280845-45"",""trade_id"":""6b8b6d25-8d73-42f9-1854-fdba1b1cb3b6"",""yes_price_dollars"":""0.6700""}"
KXETH15M-26APR280845-45,31205ddc-5c33-5a82-888f-fa1616e3d3c8,1777379745,0.7,1.0,yes,"{""count_fp"":""1.00"",""created_time"":""2026-04-28T12:35:45.366423Z"",""no_price_dollars"":""0.3000"",""taker_side"":""yes"",""ticker"":""KXETH15M-26APR280845-45"",""trade_id"":""31205ddc-5c33-5a82-888f-fa1616e3d3c8"",""yes_price_dollars"":""0.7000""}"
KXETH15M-26APR280845-45,c2f404b1-43eb-7095-7bf8-610c9b26c97e,1777379749,0.69,20.19,no,"{""count_fp"":""20.19"",""created_time"":""2026-04-28T12:35:49.693232Z"",""no_price_dollars"":""0.3100"",""taker_side"":""no"",""ticker"":""KXETH15M-26APR280845-45"",""trade_id"":""c2f404b1-43eb-7095-7bf8-610c9b26c97e"",""yes_price_dollars"":""0.6900""}"
KXETH15M-26APR280845-45,fb9b020d-015b-52d5-741e-bcbf4a0d16fa,1777379750,0.69,17.36,no,"{""count_fp"":""17.36"",""created_time"":""2026-04-28T12:35:50.597058Z"",""no_price_dollars"":""0.3100"",""taker_side"":""no"",""ticker"":""KXETH15M-26APR280845-45"",""trade_id"":""fb9b020d-015b-52d5-741e-bcbf4a0d16fa"",""yes_price_dollars"":""0.6900""}"
KXETH15M-26APR280845-45,8f565d7b-1911-5c5e-1d4c-8b87064c2997,1777379755,0.75,5.0,yes,"{""count_fp"":""5.00"",""created_time"":""2026-04-28T12:35:55.598782Z"",""no_price_dollars"":""0.2500"",""taker_side"":""yes"",""ticker"":""KXETH15M-26APR280845-45"",""trade_id"":""8f565d7b-1911-5c5e-1d4c-8b87064c2997"",""yes_price_dollars"":""0.7500""}"
KXETH15M-26APR280845-45,b2a065d6-b0e5-6d26-06ef-f086d03c4cb2,1777379755,0.73,70.0,yes,"{""count_fp"":""70.00"",""created_time"":""2026-04-28T12:35:55.573348Z"",""no_price_dollars"":""0.2700"",""taker_side"":""yes"",""ticker"":""KXETH15M-26APR280845-45"",""trade_id"":""b2a065d6-b0e5-6d26-06ef-f086d03c4cb2"",""yes_price_dollars"":""0.7300""}"
KXETH15M-26APR280845-45,a7636a49-2350-69a4-342c-3ac46f8519c3,1777379755,0.73,10.0,yes,"{""count_fp"":""10.00"",""created_time"":""2026-04-28T12:35:55.573348Z"",""no_price_dollars"":""0.2700"",""taker_side"":""yes"",""ticker"":""KXETH15M-26APR280845-45"",""trade_id"":""a7636a49-2350-69a4-342c-3ac46f8519c3"",""yes_price_dollars"":""0.7300""}"
KXETH15M-26APR280845-45,b704d0d6-d6b3-4a46-e9a0-ddb8f7c696d8,1777379755,0.7,749.0,yes,"{""count_fp"":""749.00"",""created_time"":""2026-04-28T12:35:55.536891Z"",""no_price_dollars"":""0.3000"",""taker_side"":""yes"",""ticker"":""KXETH15M-26APR280845-45"",""trade_id"":""b704d0d6-d6b3-4a46-e9a0-ddb8f7c696d8"",""yes_price_dollars"":""0.7000""}"
KXETH15M-26APR280845-45,8325e8aa-6b57-416f-f01d-ba53706fa8bb,1777379755,0.7,15.0,yes,"{""count_fp"":""15.00"",""created_time"":""2026-04-28T12:35:55.536891Z"",""no_price_dollars"":""0.3000"",""taker_side"":""yes"",""ticker"":""KXETH15M-26APR280845-45"",""trade_id"":""8325e8aa-6b57-416f-f01d-ba53706fa8bb"",""yes_price_dollars"":""0.7000""}"
KXETH15M-26APR280845-45,ddb11879-21ed-643e-933f-a967f3763a2a,1777379759,0.77,12.62,yes,"{""count_fp"":""12.62"",""created_time"":""2026-04-28T12:35:59.744838Z"",""no_price_dollars"":""0.2300"",""taker_side"":""yes"",""ticker"":""KXETH15M-26APR280845-45"",""trade_id"":""ddb11879-21ed-643e-933f-a967f3763a2a"",""yes_price_dollars"":""0.7700""}"
KXETH15M-26APR280845-45,b315862e-a43e-4170-d1fb-3fa287c9f57c,1777379760,0.71,3.0,no,"{""count_fp"":""3.00"",""created_time"":""2026-04-28T12:36:00.993372Z"",""no_price_dollars"":""0.2900"",""taker_side"":""no"",""ticker"":""KXETH15M-26APR280845-45"",""trade_id"":""b315862e-a43e-4170-d1fb-3fa287c9f57c"",""yes_price_dollars"":""0.7100""}"
KXETH15M-26APR280845-45,86ce4848-c8d2-7468-e3e0-7acc0c7725f0,1777379763,0.72,10.0,no,"{""count_fp"":""10.00"",""created_time"":""2026-04-28T12:36:03.120739Z"",""no_price_dollars"":""0.2800"",""taker_side"":""no"",""ticker"":""KXETH15M-26APR280845-45"",""trade_id"":""86ce4848-c8d2-7468-e3e0-7acc0c7725f0"",""yes_price_dollars"":""0.7200""}"
KXETH15M-26APR280845-45,5fbb5738-ccd1-7781-e53b-82734c0b9ed9,1777379763,0.71,15.25,no,"{""count_fp"":""15.25"",""created_time"":""2026-04-28T12:36:03.120739Z"",""no_price_dollars"":""0.2900"",""taker_side"":""no"",""ticker"":""KXETH15M-26APR280845-45"",""trade_id"":""5fbb5738-ccd1-7781-e53b-82734c0b9ed9"",""yes_price_dollars"":""0.7100""}"
KXETH15M-26APR280845-45,5ac4a9c7-1873-79ab-ec0e-4cd6eba691e0,1777379763,0.72,10.0,no,"{""count_fp"":""10.00"",""created_time"":""2026-04-28T12:36:03.120739Z"",""no_price_dollars"":""0.2800"",""taker_side"":""no"",""ticker"":""KXETH15M-26APR280845-45"",""trade_id"":""5ac4a9c7-1873-79ab-ec0e-4cd6eba691e0"",""yes_price_dollars"":""0.7200""}"
KXETH15M-26APR280845-45,7deefc22-cc17-502f-b0c2-65f7dc149691,1777379768,0.75,6.0,no,"{""count_fp"":""6.00"",""created_time"":""2026-04-28T12:36:08.638509Z"",""no_price_dollars"":""0.2500"",""taker_side"":""no"",""ticker"":""KXETH15M-26APR280845-45"",""trade_id"":""7deefc22-cc17-502f-b0c2-65f7dc149691"",""yes_price_dollars"":""0.7500""}"
KXETH15M-26APR280845-45,17e557c3-40d5-5ba1-8c79-3c5356eb6e1d,1777379768,0.74,4.21,no,"{""count_fp"":""4.21"",""created_time"":""2026-04-28T12:36:08.638509Z"",""no_price_dollars"":""0.2600"",""taker_side"":""no"",""ticker"":""KXETH15M-26APR280845-45"",""trade_id"":""17e557c3-40d5-5ba1-8c79-3c5356eb6e1d"",""yes_price_dollars"":""0.7400""}"
KXETH15M-26APR280845-45,e6d8b9af-ec01-53be-617e-1298c83cd467,1777379772,0.78,10.0,yes,"{""count_fp"":""10.00"",""created_time"":""2026-04-28T12:36:12.590153Z"",""no_price_dollars"":""0.2200"",""taker_side"":""yes"",""ticker"":""KXETH15M-26APR280845-45"",""trade_id"":""e6d8b9af-ec01-53be-617e-1298c83cd467"",""yes_price_dollars"":""0.7800""}"
KXETH15M-26APR280845-45,b45e6863-ecb0-5e13-5901-2b70d1eeddf0,1777379772,0.79,9.51,yes,"{""count_fp"":""9.51"",""created_time"":""2026-04-28T12:36:12.590153Z"",""no_price_dollars"":""0.2100"",""taker_side"":""yes"",""ticker"":""KXETH15M-26APR280845-45"",""trade_id"":""b45e6863-ecb0-5e13-5901-2b70d1eeddf0"",""yes_price_dollars"":""0.7900""}"
KXETH15M-26APR280845-45,b1326de4-87b1-5b00-6035-e8ec7e0404d1,1777379772,0.79,1.67,yes,"{""count_fp"":""1.67"",""created_time"":""2026-04-28T12:36:12.590153Z"",""no_price_dollars"":""0.2100"",""taker_side"":""yes"",""ticker"":""KXETH15M-26APR280845-45"",""trade_id"":""b1326de4-87b1-5b00-6035-e8ec7e0404d1"",""yes_price_dollars"":""0.7900""}"
KXETH15M-26APR280845-45,54d26daa-516c-5e70-69de-614a9897439c,1777379772,0.79,10.0,yes,"{""count_fp"":""10.00"",""created_time"":""2026-04-28T12:36:12.590153Z"",""no_price_dollars"":""0.2100"",""taker_side"":""yes"",""ticker"":""KXETH15M-26APR280845-45"",""trade_id"":""54d26daa-516c-5e70-69de-614a9897439c"",""yes_price_dollars"":""0.7900""}"
KXETH15M-26APR280845-45,17e49499-c642-5a6c-2635-240102524319,1777379774,0.8,10.0,yes,"{""count_fp"":""10.00"",""created_time"":""2026-04-28T12:36:14.582604Z"",""no_price_dollars"":""0.2000"",""taker_side"":""yes"",""ticker"":""KXETH15M-26APR280845-45"",""trade_id"":""17e49499-c642-5a6c-2635-240102524319"",""yes_price_dollars"":""0.8000""}"
KXETH15M-26APR280845-45,48a07166-a26c-5a15-3998-03f5c9a251f7,1777379776,0.79,5.0,yes,"{""count_fp"":""5.00"",""created_time"":""2026-04-28T12:36:16.741191Z"",""no_price_dollars"":""0.2100"",""taker_side"":""yes"",""ticker"":""KXETH15M-26APR280845-45"",""trade_id"":""48a07166-a26c-5a15-3998-03f5c9a251f7"",""yes_price_dollars"":""0.7900""}"
KXETH15M-26APR280845-45,f220a432-9527-6ead-b8d8-5b386df97d4d,1777379779,0.78,15.86,yes,"{""count_fp"":""15.86"",""created_time"":""2026-04-28T12:36:19.655084Z"",""no_price_dollars"":""0.2200"",""taker_side"":""yes"",""ticker"":""KXETH15M-26APR280845-45"",""trade_id"":""f220a432-9527-6ead-b8d8-5b386df97d4d"",""yes_price_dollars"":""0.7800""}"
KXETH15M-26APR280845-45,ef090635-6b5c-7f15-36ae-2232461dc21a,1777379780,0.79,1.0,yes,"{""count_fp"":""1.00"",""created_time"":""2026-04-28T12:36:20.618971Z"",""no_price_dollars"":""0.2100"",""taker_side"":""yes"",""ticker"":""KXETH15M-26APR280845-45"",""trade_id"":""ef090635-6b5c-7f15-36ae-2232461dc21a"",""yes_price_dollars"":""0.7900""}"
KXETH15M-26APR280845-45,88bf7b44-4455-4489-f82c-8373fda2e4f9,1777379781,0.75,8.0,no,"{""count_fp"":""8.00"",""created_time"":""2026-04-28T12:36:21.920322Z"",""no_price_dollars"":""0.2500"",""taker_side"":""no"",""ticker"":""KXETH15M-26APR280845-45"",""trade_id"":""88bf7b44-4455-4489-f82c-8373fda2e4f9"",""yes_price_dollars"":""0.7500""}"
KXETH15M-26APR280845-45,0f92679f-6e08-4732-d48e-7638958ef914,1777379781,0.75,10.0,no,"{""count_fp"":""10.00"",""created_time"":""2026-04-28T12:36:21.920322Z"",""no_price_dollars"":""0.2500"",""taker_side"":""no"",""ticker"":""KXETH15M-26APR280845-45"",""trade_id"":""0f92679f-6e08-4732-d48e-7638958ef914"",""yes_price_dollars"":""0.7500""}"
KXETH15M-26APR280845-45,7c80234e-7696-4b11-7c8e-55216b19a680,1777379784,0.83,1.0,yes,"{""count_fp"":""1.00"",""created_time"":""2026-04-28T12:36:24.150851Z"",""no_price_dollars"":""0.1700"",""taker_side"":""yes"",""ticker"":""KXETH15M-26APR280845-45"",""trade_id"":""7c80234e-7696-4b11-7c8e-55216b19a680"",""yes_price_dollars"":""0.8300""}"
KXETH15M-26APR280845-45,5774e237-5a09-5d68-7349-b49cf468f9a3,1777379793,0.71,6.0,no,"{""count_fp"":""6.00"",""created_time"":""2026-04-28T12:36:33.118707Z"",""no_price_dollars"":""0.2900"",""taker_side"":""no"",""ticker"":""KXETH15M-26APR280845-45"",""trade_id"":""5774e237-5a09-5d68-7349-b49cf468f9a3"",""yes_price_dollars"":""0.7100""}"
KXETH15M-26APR280845-45,45446171-cad5-5916-7762-230166a67b97,1777379793,0.71,10.0,no,"{""count_fp"":""10.00"",""created_time"":""2026-04-28T12:36:33.118707Z"",""no_price_dollars"":""0.2900"",""taker_side"":""no"",""ticker"":""KXETH15M-26APR280845-45"",""trade_id"":""45446171-cad5-5916-7762-230166a67b97"",""yes_price_dollars"":""0.7100""}"
KXETH15M-26APR280845-45,fbae73d5-f99d-4b01-8e4f-22a6fade5c5e,1777379793,0.72,10.0,no,"{""count_fp"":""10.00"",""created_time"":""2026-04-28T12:36:33.087435Z"",""no_price_dollars"":""0.2800"",""taker_side"":""no"",""ticker"":""KXETH15M-26APR280845-45"",""trade_id"":""fbae73d5-f99d-4b01-8e4f-22a6fade5c5e"",""yes_price_dollars"":""0.7200""}"
KXETH15M-26APR280845-45,cde78b0b-42a2-798c-b92a-ab315bea20e2,1777379798,0.65,95.36,no,"{""count_fp"":""95.36"",""created_time"":""2026-04-28T12:36:38.284689Z"",""no_price_dollars"":""0.3500"",""taker_side"":""no"",""ticker"":""KXETH15M-26APR280845-45"",""trade_id"":""cde78b0b-42a2-798c-b92a-ab315bea20e2"",""yes_price_dollars"":""0.6500""}"
KXETH15M-26APR280845-45,375ccf94-b5f9-71f8-b625-bdf7f45dea0a,1777379798,0.69,4.0,no,"{""count_fp"":""4.00"",""created_time"":""2026-04-28T12:36:38.189093Z"",""no_price_dollars"":""0.3100"",""taker_side"":""no"",""ticker"":""KXETH15M-26APR280845-45"",""trade_id"":""375ccf94-b5f9-71f8-b625-bdf7f45dea0a"",""yes_price_dollars"":""0.6900""}"
KXETH15M-26APR280845-45,ba0d69af-7f82-6fa5-4745-d2b553dd2ab0,1777379798,0.7,142.0,no,"{""count_fp"":""142.00"",""created_time"":""2026-04-28T12:36:38.182994Z"",""no_price_dollars"":""0.3000"",""taker_side"":""no"",""ticker"":""KXETH15M-26APR280845-45"",""trade_id"":""ba0d69af-7f82-6fa5-4745-d2b553dd2ab0"",""yes_price_dollars"":""0.7000""}"
KXETH15M-26APR280845-45,05ee5010-75dc-6e6e-5396-594d6a6d0df5,1777379798,0.7,1.0,no,"{""count_fp"":""1.00"",""created_time"":""2026-04-28T12:36:38.182994Z"",""no_price_dollars"":""0.3000"",""taker_side"":""no"",""ticker"":""KXETH15M-26APR280845-45"",""trade_id"":""05ee5010-75dc-6e6e-5396-594d6a6d0df5"",""yes_price_dollars"":""0.7000""}"
KXETH15M-26APR280845-45,7077e86e-2ef3-47d8-f4be-d9f0eb219f4c,1777379798,0.72,1.0,yes,"{""count_fp"":""1.00"",""created_time"":""2026-04-28T12:36:38.046131Z"",""no_price_dollars"":""0.2800"",""taker_side"":""yes"",""ticker"":""KXETH15M-26APR280845-45"",""trade_id"":""7077e86e-2ef3-47d8-f4be-d9f0eb219f4c"",""yes_price_dollars"":""0.7200""}"
KXETH15M-26APR280845-45,65c8b4bc-b7d1-61f6-2e0f-27abe51fa222,1777379808,0.59,1.0,yes,"{""count_fp"":""1.00"",""created_time"":""2026-04-28T12:36:48.590761Z"",""no_price_dollars"":""0.4100"",""taker_side"":""yes"",""ticker"":""KXETH15M-26APR280845-45"",""trade_id"":""65c8b4bc-b7d1-61f6-2e0f-27abe51fa222"",""yes_price_dollars"":""0.5900""}"
KXETH15M-26APR280845-45,489661fe-82d0-75e4-d4a3-d30db23e5b44,1777379808,0.59,10.0,no,"{""count_fp"":""10.00"",""created_time"":""2026-04-28T12:36:48.408124Z"",""no_price_dollars"":""0.4100"",""taker_side"":""no"",""ticker"":""KXETH15M-26APR280845-45"",""trade_id"":""489661fe-82d0-75e4-d4a3-d30db23e5b44"",""yes_price_dollars"":""0.5900""}"
KXETH15M-26APR280845-45,1117c98e-1c67-71d7-d139-6a78331b0c7f,1777379808,0.59,10.0,no,"{""count_fp"":""10.00"",""created_time"":""2026-04-28T12:36:48.408124Z"",""no_price_dollars"":""0.4100"",""taker_side"":""no"",""ticker"":""KXETH15M-26APR280845-45"",""trade_id"":""1117c98e-1c67-71d7-d139-6a78331b0c7f"",""yes_price_dollars"":""0.5900""}"
KXETH15M-26APR280845-45,1c79dc41-7002-6f3c-f114-99d44b7e67f0,1777379810,0.61,10.0,yes,"{""count_fp"":""10.00"",""created_time"":""2026-04-28T12:36:50.336594Z"",""no_price_dollars"":""0.3900"",""taker_side"":""yes"",""ticker"":""KXETH15M-26APR280845-45"",""trade_id"":""1c79dc41-7002-6f3c-f114-99d44b7e67f0"",""yes_price_dollars"":""0.6100""}"
KXETH15M-26APR280845-45,9926a1dc-a89f-6bee-c539-f7c7d31e5221,1777379816,0.58,9.65,no,"{""count_fp"":""9.65"",""created_time"":""2026-04-28T12:36:56.161536Z"",""no_price_dollars"":""0.4200"",""taker_side"":""no"",""ticker"":""KXETH15M-26APR280845-45"",""trade_id"":""9926a1dc-a89f-6bee-c539-f7c7d31e5221"",""yes_price_dollars"":""0.5800""}"
KXETH15M-26APR280845-45,6ca516ad-7a62-6007-e5d2-0b95e05db793,1777379816,0.58,1.0,no,"{""count_fp"":""1.00"",""created_time"":""2026-04-28T12:36:56.161536Z"",""no_price_dollars"":""0.4200"",""taker_side"":""no"",""ticker"":""KXETH15M-26APR280845-45"",""trade_id"":""6ca516ad-7a62-6007-e5d2-0b95e05db793"",""yes_price_dollars"":""0.5800""}"
KXETH15M-26APR280845-45,6288e8eb-f42b-666a-ddcf-e633b2837ce0,1777379816,0.58,18.35,no,"{""count_fp"":""18.35"",""created_time"":""2026-04-28T12:36:56.161536Z"",""no_price_dollars"":""0.4200"",""taker_side"":""no"",""ticker"":""KXETH15M-26APR280845-45"",""trade_id"":""6288e8eb-f42b-666a-ddcf-e633b2837ce0"",""yes_price_dollars"":""0.5800""}"
KXETH15M-26APR280845-45,1d160341-6ea1-6938-f78c-b3433832e217,1777379816,0.58,10.0,no,"{""count_fp"":""10.00"",""created_time"":""2026-04-28T12:36:56.161536Z"",""no_price_dollars"":""0.4200"",""taker_side"":""no"",""ticker"":""KXETH15M-26APR280845-45"",""trade_id"":""1d160341-6ea1-6938-f78c-b3433832e217"",""yes_price_dollars"":""0.5800""}"
KXETH15M-26APR280845-45,6a97fd22-20eb-6dc9-728a-3043c9477d8d,1777379820,0.64,10.0,yes,"{""count_fp"":""10.00"",""created_time"":""2026-04-28T12:37:00.888058Z"",""no_price_dollars"":""0.3600"",""taker_side"":""yes"",""ticker"":""KXETH15M-26APR280845-45"",""trade_id"":""6a97fd22-20eb-6dc9-728a-3043c9477d8d"",""yes_price_dollars"":""0.6400""}"
KXETH15M-26APR280845-45,912820cc-358c-661e-01e7-ff37dfd9e2a8,1777379823,0.64,10.0,no,"{""count_fp"":""10.00"",""created_time"":""2026-04-28T12:37:03.219971Z"",""no_price_dollars"":""0.3600"",""taker_side"":""no"",""ticker"":""KXETH15M-26APR280845-45"",""trade_id"":""912820cc-358c-661e-01e7-ff37dfd9e2a8"",""yes_price_dollars"":""0.6400""}"
KXETH15M-26APR280845-45,20f4c81a-7b1c-5db6-c822-11ffad85d14e,1777379826,0.64,0.14,yes,"{""count_fp"":""0.14"",""created_time"":""2026-04-28T12:37:06.027998Z"",""no_price_dollars"":""0.3600"",""taker_side"":""yes"",""ticker"":""KXETH15M-26APR280845-45"",""trade_id"":""20f4c81a-7b1c-5db6-c822-11ffad85d14e"",""yes_price_dollars"":""0.6400""}"
KXETH15M-26APR280845-45,820c2043-ead0-5a62-6dd7-61351a99af52,1777379827,0.64,0.86,yes,"{""count_fp"":""0.86"",""created_time"":""2026-04-28T12:37:07.027543Z"",""no_price_dollars"":""0.3600"",""taker_side"":""yes"",""ticker"":""KXETH15M-26APR280845-45"",""trade_id"":""820c2043-ead0-5a62-6dd7-61351a99af52"",""yes_price_dollars"":""0.6400""}"
KXETH15M-26APR280845-45,2b308160-e4f0-58a6-d3b1-8e6507bc0b0e,1777379831,0.64,2.65,no,"{""count_fp"":""2.65"",""created_time"":""2026-04-28T12:37:11.886214Z"",""no_price_dollars"":""0.3600"",""taker_side"":""no"",""ticker"":""KXETH15M-26APR280845-45"",""trade_id"":""2b308160-e4f0-58a6-d3b1-8e6507bc0b0e"",""yes_price_dollars"":""0.6400""}"
KXETH15M-26APR280845-45,a4a8f07f-417a-5433-da04-d4d801ba7c3d,1777379833,0.63,3.0,no,"{""count_fp"":""3.00"",""created_time"":""2026-04-28T12:37:13.350684Z"",""no_price_dollars"":""0.3700"",""taker_side"":""no"",""ticker"":""KXETH15M-26APR280845-45"",""trade_id"":""a4a8f07f-417a-5433-da04-d4d801ba7c3d"",""yes_price_dollars"":""0.6300""}"
KXETH15M-26APR280845-45,0e4b9405-f02f-7c1f-9952-5c4b90374f04,1777379834,0.66,10.0,yes,"{""count_fp"":""10.00"",""created_time"":""2026-04-28T12:37:14.886842Z"",""no_price_dollars"":""0.3400"",""taker_side"":""yes"",""ticker"":""KXETH15M-26APR280845-45"",""trade_id"":""0e4b9405-f02f-7c1f-9952-5c4b90374f04"",""yes_price_dollars"":""0.6600""}"
KXETH15M-26APR280845-45,5f2c56ea-515e-6798-4871-e733fd326803,1777379838,0.67,7.29,yes,"{""count_fp"":""7.29"",""created_time"":""2026-04-28T12:37:18.251751Z"",""no_price_dollars"":""0.3300"",""taker_side"":""yes"",""ticker"":""KXETH15M-26APR280845-45"",""trade_id"":""5f2c56ea-515e-6798-4871-e733fd326803"",""yes_price_dollars"":""0.6700""}"
KXETH15M-26APR280845-45,93d53fea-0017-6969-6a78-04ba98194766,1777379845,0.66,1.0,yes,"{""count_fp"":""1.00"",""created_time"":""2026-04-28T12:37:25.223594Z"",""no_price_dollars"":""0.3400"",""taker_side"":""yes"",""ticker"":""KXETH15M-26APR280845-45"",""trade_id"":""93d53fea-0017-6969-6a78-04ba98194766"",""yes_price_dollars"":""0.6600""}"
KXETH15M-26APR280845-45,7f5c3fd7-74fb-67b5-1ac4-9c70ce2402ce,1777379845,0.66,9.0,yes,"{""count_fp"":""9.00"",""created_time"":""2026-04-28T12:37:25.209745Z"",""no_price_dollars"":""0.3400"",""taker_side"":""yes"",""ticker"":""KXETH15M-26APR280845-45"",""trade_id"":""7f5c3fd7-74fb-67b5-1ac4-9c70ce2402ce"",""yes_price_dollars"":""0.6600""}"
KXETH15M-26APR280845-45,c4a2467c-f105-4e0e-d498-3ee15f98f26a,1777379849,0.67,7.19,yes,"{""count_fp"":""7.19"",""created_time"":""2026-04-28T12:37:29.543044Z"",""no_price_dollars"":""0.3300"",""taker_side"":""yes"",""ticker"":""KXETH15M-26APR280845-45"",""trade_id"":""c4a2467c-f105-4e0e-d498-3ee15f98f26a"",""yes_price_dollars"":""0.6700""}"
KXETH15M-26APR280845-45,88dfb8bc-9fb5-67ab-bcd2-1b7aa99ac950,1777379849,0.67,5.0,yes,"{""count_fp"":""5.00"",""created_time"":""2026-04-28T12:37:29.388434Z"",""no_price_dollars"":""0.3300"",""taker_side"":""yes"",""ticker"":""KXETH15M-26APR280845-45"",""trade_id"":""88dfb8bc-9fb5-67ab-bcd2-1b7aa99ac950"",""yes_price_dollars"":""0.6700""}"
KXETH15M-26APR280845-45,f05d322f-46d5-465b-a462-860d1709b8b4,1777379850,0.68,10.21,yes,"{""count_fp"":""10.21"",""created_time"":""2026-04-28T12:37:30.098539Z"",""no_price_dollars"":""0.3200"",""taker_side"":""yes"",""ticker"":""KXETH15M-26APR280845-45"",""trade_id"":""f05d322f-46d5-465b-a462-860d1709b8b4"",""yes_price_dollars"":""0.6800""}"
KXETH15M-26APR280845-45,ede55567-d546-759e-b479-4d4d8c1436b5,1777379864,0.64,0.16,yes,"{""count_fp"":""0.16"",""created_time"":""2026-04-28T12:37:44.798069Z"",""no_price_dollars"":""0.3600"",""taker_side"":""yes"",""ticker"":""KXETH15M-26APR280845-45"",""trade_id"":""ede55567-d546-759e-b479-4d4d8c1436b5"",""yes_price_dollars"":""0.6400""}"
KXETH15M-26APR280845-45,dc26e722-2617-68d3-65be-b15ae66d3f95,1777379864,0.64,10.0,yes,"{""count_fp"":""10.00"",""created_time"":""2026-04-28T12:37:44.781838Z"",""no_price_dollars"":""0.3600"",""taker_side"":""yes"",""ticker"":""KXETH15M-26APR280845-45"",""trade_id"":""dc26e722-2617-68d3-65be-b15ae66d3f95"",""yes_price_dollars"":""0.6400""}"
KXETH15M-26APR280845-45,a3710ede-6ba2-6212-4e42-edc9107591cd,1777379864,0.64,9.0,yes,"{""count_fp"":""9.00"",""created_time"":""2026-04-28T12:37:44.781838Z"",""no_price_dollars"":""0.3600"",""taker_side"":""yes"",""ticker"":""KXETH15M-26APR280845-45"",""trade_id"":""a3710ede-6ba2-6212-4e42-edc9107591cd"",""yes_price_dollars"":""0.6400""}"
KXETH15M-26APR280845-45,cb3181dc-b522-619b-5125-6c3fc9496c12,1777379873,0.79,689.0,yes,"{""count_fp"":""689.00"",""created_time"":""2026-04-28T12:37:53.413044Z"",""no_price_dollars"":""0.2100"",""taker_side"":""yes"",""ticker"":""KXETH15M-26APR280845-45"",""trade_id"":""cb3181dc-b522-619b-5125-6c3fc9496c12"",""yes_price_dollars"":""0.7900""}"
KXETH15M-26APR280845-45,348e59eb-29d9-65e4-66d6-81ac8fc37dbe,1777379873,0.77,200.0,yes,"{""count_fp"":""200.00"",""created_time"":""2026-04-28T12:37:53.413044Z"",""no_price_dollars"":""0.2300"",""taker_side"":""yes"",""ticker"":""KXETH15M-26APR280845-45"",""trade_id"":""348e59eb-29d9-65e4-66d6-81ac8fc37dbe"",""yes_price_dollars"":""0.7700""}"
KXETH15M-26APR280845-45,bdcafbbd-4536-70cb-fb5c-1fa30a5e455e,1777379873,0.79,130.0,yes,"{""count_fp"":""130.00"",""created_time"":""2026-04-28T12:37:53.389762Z"",""no_price_dollars"":""0.2100"",""taker_side"":""yes"",""ticker"":""KXETH15M-26APR280845-45"",""trade_id"":""bdcafbbd-4536-70cb-fb5c-1fa30a5e455e"",""yes_price_dollars"":""0.7900""}"
KXETH15M-26APR280845-45,0725e3a0-dbac-7a4e-e8c2-299f9422c838,1777379873,0.76,133.0,yes,"{""count_fp"":""133.00"",""created_time"":""2026-04-28T12:37:53.389762Z"",""no_price_dollars"":""0.2400"",""taker_side"":""yes"",""ticker"":""KXETH15M-26APR280845-45"",""trade_id"":""0725e3a0-dbac-7a4e-e8c2-299f9422c838"",""yes_price_dollars"":""0.7600""}"
KXETH15M-26APR280845-45,ea4aa77d-0ba5-7b4a-cb15-3e5639106732,1777379873,0.75,0.64,yes,"{""count_fp"":""0.64"",""created_time"":""2026-04-28T12:37:53.373979Z"",""no_price_dollars"":""0.2500"",""taker_side"":""yes"",""ticker"":""KXETH15M-26APR280845-45"",""trade_id"":""ea4aa77d-0ba5-7b4a-cb15-3e5639106732"",""yes_price_dollars"":""0.7500""}"
KXETH15M-26APR280845-45,b587bf45-3782-7f8b-f8bc-eba7b8fdfe96,1777379873,0.79,162.36,yes,"{""count_fp"":""162.36"",""created_time"":""2026-04-28T12:37:53.373979Z"",""no_price_dollars"":""0.2100"",""taker_side"":""yes"",""ticker"":""KXETH15M-26APR280845-45"",""trade_id"":""b587bf45-3782-7f8b-f8bc-eba7b8fdfe96"",""yes_price_dollars"":""0.7900""}"
KXETH15M-26APR280845-45,80f5594b-cd11-7dee-e8b6-634aacc885b6,1777379873,0.77,100.0,yes,"{""count_fp"":""100.00"",""created_time"":""2026-04-28T12:37:53.373979Z"",""no_price_dollars"":""0.2300"",""taker_side"":""yes"",""ticker"":""KXETH15M-26APR280845-45"",""trade_id"":""80f5594b-cd11-7dee-e8b6-634aacc885b6"",""yes_price_dollars"":""0.7700""}"
KXETH15M-26APR280845-45,bca65881-7a9b-55c4-b2da-7221fd9af35a,1777379873,0.74,10.0,yes,"{""count_fp"":""10.00"",""created_time"":""2026-04-28T12:37:53.373831Z"",""no_price_dollars"":""0.2600"",""taker_side"":""yes"",""ticker"":""KXETH15M-26APR280845-45"",""trade_id"":""bca65881-7a9b-55c4-b2da-7221fd9af35a"",""yes_price_dollars"":""0.7400""}"
KXETH15M-26APR280845-45,b00f7e05-0cea-5c68-b94f-5818962a8eea,1777379873,0.74,139.5,yes,"{""count_fp"":""139.50"",""created_time"":""2026-04-28T12:37:53.373831Z"",""no_price_dollars"":""0.2600"",""taker_side"":""yes"",""ticker"":""KXETH15M-26APR280845-45"",""trade_id"":""b00f7e05-0cea-5c68-b94f-5818962a8eea"",""yes_price_dollars"":""0.7400""}"
KXETH15M-26APR280845-45,a814050a-9f31-5712-bafe-856e32359d76,1777379873,0.75,9.36,yes,"{""count_fp"":""9.36"",""created_time"":""2026-04-28T12:37:53.373831Z"",""no_price_dollars"":""0.2500"",""taker_side"":""yes"",""ticker"":""KXETH15M-26APR280845-45"",""trade_id"":""a814050a-9f31-5712-bafe-856e32359d76"",""yes_price_dollars"":""0.7500""}"
KXETH15M-26APR280845-45,3f2fdeac-eadb-5de9-a870-32a75dff9bd5,1777379873,0.74,54.14,yes,"{""count_fp"":""54.14"",""created_time"":""2026-04-28T12:37:53.373831Z"",""no_price_dollars"":""0.2600"",""taker_side"":""yes"",""ticker"":""KXETH15M-26APR280845-45"",""trade_id"":""3f2fdeac-eadb-5de9-a870-32a75dff9bd5"",""yes_price_dollars"":""0.7400""}"
KXETH15M-26APR280845-45,156e2241-9efe-5dc9-8d8c-5e20c160b8fa,1777379873,0.75,50.0,yes,"{""count_fp"":""50.00"",""created_time"":""2026-04-28T12:37:53.373831Z"",""no_price_dollars"":""0.2500"",""taker_side"":""yes"",""ticker"":""KXETH15M-26APR280845-45"",""trade_id"":""156e2241-9efe-5dc9-8d8c-5e20c160b8fa"",""yes_price_dollars"":""0.7500""}"
KXETH15M-26APR280845-45,81b1a5e3-0239-7b2b-c604-24bb67827e4d,1777379874,0.85,24.0,yes,"{""count_fp"":""24.00"",""created_time"":""2026-04-28T12:37:54.024276Z"",""no_price_dollars"":""0.1500"",""taker_side"":""yes"",""ticker"":""KXETH15M-26APR280845-45"",""trade_id"":""81b1a5e3-0239-7b2b-c604-24bb67827e4d"",""yes_price_dollars"":""0.8500""}"
KXETH15M-26APR280845-45,35bc2839-3d18-7b54-c8b3-56160feb3500,1777379874,0.85,11.0,yes,"{""count_fp"":""11.00"",""created_time"":""2026-04-28T12:37:54.024276Z"",""no_price_dollars"":""0.1500"",""taker_side"":""yes"",""ticker"":""KXETH15M-26APR280845-45"",""trade_id"":""35bc2839-3d18-7b54-c8b3-56160feb3500"",""yes_price_dollars"":""0.8500""}"
KXETH15M-26APR280845-45,21e69190-6bb1-7adf-eb86-771c209fb6d7,1777379874,0.85,140.88,yes,"{""count_fp"":""140.88"",""created_time"":""2026-04-28T12:37:54.024276Z"",""no_price_dollars"":""0.1500"",""taker_side"":""yes"",""ticker"":""KXETH15M-26APR280845-45"",""trade_id"":""21e69190-6bb1-7adf-eb86-771c209fb6d7"",""yes_price_dollars"":""0.8500""}"
KXETH15M-26APR280845-45,0397bc4d-5ac9-7992-f63e-3e97c88fa62b,1777379874,0.85,24.12,yes,"{""count_fp"":""24.12"",""created_time"":""2026-04-28T12:37:54.024276Z"",""no_price_dollars"":""0.1500"",""taker_side"":""yes"",""ticker"":""KXETH15M-26APR280845-45"",""trade_id"":""0397bc4d-5ac9-7992-f63e-3e97c88fa62b"",""yes_price_dollars"":""0.8500""}"
KXETH15M-26APR280845-45,ad0bd03c-ca20-4910-943c-f98836bdebc3,1777379875,0.78,11.15,no,"{""count_fp"":""11.15"",""created_time"":""2026-04-28T12:37:55.894767Z"",""no_price_dollars"":""0.2200"",""taker_side"":""no"",""ticker"":""KXETH15M-26APR280845-45"",""trade_id"":""ad0bd03c-ca20-4910-943c-f98836bdebc3"",""yes_price_dollars"":""0.7800""}"
KXETH15M-26APR280845-45,a6de29d3-14b6-40ab-888d-5381123ec354,1777379875,0.78,10.0,no,"{""count_fp"":""10.00"",""created_time"":""2026-04-28T12:37:55.894767Z"",""no_price_dollars"":""0.2200"",""taker_side"":""no"",""ticker"":""KXETH15M-26APR280845-45"",""trade_id"":""a6de29d3-14b6-40ab-888d-5381123ec354"",""yes_price_dollars"":""0.7800""}"
KXETH15M-26APR280845-45,d4bee374-2cdd-5496-7d4f-a70a0501c8fc,1777379876,0.84,10.0,yes,"{""count_fp"":""10.00"",""created_time"":""2026-04-28T12:37:56.004375Z"",""no_price_dollars"":""0.1600"",""taker_side"":""yes"",""ticker"":""KXETH15M-26APR280845-45"",""trade_id"":""d4bee374-2cdd-5496-7d4f-a70a0501c8fc"",""yes_price_dollars"":""0.8400""}"
KXETH15M-26APR280845-45,d1717068-2e9d-5a7b-4bb2-368ee03121bf,1777379876,0.85,35.36,yes,"{""count_fp"":""35.36"",""created_time"":""2026-04-28T12:37:56.004375Z"",""no_price_dollars"":""0.1500"",""taker_side"":""yes"",""ticker"":""KXETH15M-26APR280845-45"",""trade_id"":""d1717068-2e9d-5a7b-4bb2-368ee03121bf"",""yes_price_dollars"":""0.8500""}"
KXETH15M-26APR280845-45,5b9d8b1f-4229-55ab-5eda-da79780ecd09,1777379876,0.84,8.12,yes,"{""count_fp"":""8.12"",""created_time"":""2026-04-28T12:37:56.004375Z"",""no_price_dollars"":""0.1600"",""taker_side"":""yes"",""ticker"":""KXETH15M-26APR280845-45"",""trade_id"":""5b9d8b1f-4229-55ab-5eda-da79780ecd09"",""yes_price_dollars"":""0.8400""}"
KXETH15M-26APR280845-45,f4600678-c4dc-5840-7216-9ffd931e7f5f,1777379877,0.78,7.29,no,"{""count_fp"":""7.29"",""created_time"":""2026-04-28T12:37:57.860757Z"",""no_price_dollars"":""0.2200"",""taker_side"":""no"",""ticker"":""KXETH15M-26APR280845-45"",""trade_id"":""f4600678-c4dc-5840-7216-9ffd931e7f5f"",""yes_price_dollars"":""0.7800""}"
KXETH15M-26APR280845-45,6f87bdc8-71c3-609e-4598-2102a635966c,1777379877,0.84,5.0,yes,"{""count_fp"":""5.00"",""created_time"":""2026-04-28T12:37:57.278823Z"",""no_price_dollars"":""0.1600"",""taker_side"":""yes"",""ticker"":""KXETH15M-26APR280845-45"",""trade_id"":""6f87bdc8-71c3-609e-4598-2102a635966c"",""yes_price_dollars"":""0.8400""}"
KXETH15M-26APR280845-45,a6650d83-a079-7f32-6738-6a901f0208e5,1777379881,0.82,1.0,yes,"{""count_fp"":""1.00"",""created_time"":""2026-04-28T12:38:01.636368Z"",""no_price_dollars"":""0.1800"",""taker_side"":""yes"",""ticker"":""KXETH15M-26APR280845-45"",""trade_id"":""a6650d83-a079-7f32-6738-6a901f0208e5"",""yes_price_dollars"":""0.8200""}"
KXETH15M-26APR280845-45,f4d9b0f6-60fc-6be1-b38d-6edec6f9fe44,1777379885,0.79,1.0,no,"{""count_fp"":""1.00"",""created_time"":""2026-04-28T12:38:05.980847Z"",""no_price_dollars"":""0.2100"",""taker_side"":""no"",""ticker"":""KXETH15M-26APR280845-45"",""trade_id"":""f4d9b0f6-60fc-6be1-b38d-6edec6f9fe44"",""yes_price_dollars"":""0.7900""}"
KXETH15M-26APR280845-45,89aae063-f428-78d1-d489-a247b287382c,1777379886,0.79,1.0,no,"{""count_fp"":""1.00"",""created_time"":""2026-04-28T12:38:06.684791Z"",""no_price_dollars"":""0.2100"",""taker_side"":""no"",""ticker"":""KXETH15M-26APR280845-45"",""trade_id"":""89aae063-f428-78d1-d489-a247b287382c"",""yes_price_dollars"":""0.7900""}"
KXETH15M-26APR280845-45,3766214e-bff4-7ba5-d133-42297f8e3be4,1777379886,0.79,1.0,no,"{""count_fp"":""1.00"",""created_time"":""2026-04-28T12:38:06.480075Z"",""no_price_dollars"":""0.2100"",""taker_side"":""no"",""ticker"":""KXETH15M-26APR280845-45"",""trade_id"":""3766214e-bff4-7ba5-d133-42297f8e3be4"",""yes_price_dollars"":""0.7900""}"
KXETH15M-26APR280845-45,f99883fe-2aed-6eb3-aebf-4c86a49460b3,1777379887,0.83,30.59,yes,"{""count_fp"":""30.59"",""created_time"":""2026-04-28T12:38:07.126077Z"",""no_price_dollars"":""0.1700"",""taker_side"":""yes"",""ticker"":""KXETH15M-26APR280845-45"",""trade_id"":""f99883fe-2aed-6eb3-aebf-4c86a49460b3"",""yes_price_dollars"":""0.8300""}"
KXETH15M-26APR280845-45,dbd86eb9-2a33-61e7-a871-5250fb56b867,1777379887,0.82,7.22,yes,"{""count_fp"":""7.22"",""created_time"":""2026-04-28T12:38:07.126077Z"",""no_price_dollars"":""0.1800"",""taker_side"":""yes"",""ticker"":""KXETH15M-26APR280845-45"",""trade_id"":""dbd86eb9-2a33-61e7-a871-5250fb56b867"",""yes_price_dollars"":""0.8200""}"
KXETH15M-26APR280845-45,7e3d6bbb-9716-6b78-84a3-20f27d132598,1777379887,0.82,10.0,yes,"{""count_fp"":""10.00"",""created_time"":""2026-04-28T12:38:07.126077Z"",""no_price_dollars"":""0.1800"",""taker_side"":""yes"",""ticker"":""KXETH15M-26APR280845-45"",""trade_id"":""7e3d6bbb-9716-6b78-84a3-20f27d132598"",""yes_price_dollars"":""0.8200""}"
KXETH15M-26APR280845-45,6db45390-affe-4d57-48fc-0bca986826ec,1777379896,0.8,10.0,no,"{""count_fp"":""10.00"",""created_time"":""2026-04-28T12:38:16.794614Z"",""no_price_dollars"":""0.2000"",""taker_side"":""no"",""ticker"":""KXETH15M-26APR280845-45"",""trade_id"":""6db45390-affe-4d57-48fc-0bca986826ec"",""yes_price_dollars"":""0.8000""}"
KXETH15M-26APR280845-45,094c1287-0f7c-4f5d-7acf-8e8764f30a34,1777379896,0.8,9.0,no,"{""count_fp"":""9.00"",""created_time"":""2026-04-28T12:38:16.794614Z"",""no_price_dollars"":""0.2000"",""taker_side"":""no"",""ticker"":""KXETH15M-26APR280845-45"",""trade_id"":""094c1287-0f7c-4f5d-7acf-8e8764f30a34"",""yes_price_dollars"":""0.8000""}"
KXETH15M-26APR280845-45,53b02714-56c1-7b6f-cef5-58013db34bde,1777379896,0.83,1.0,yes,"{""count_fp"":""1.00"",""created_time"":""2026-04-28T12:38:16.560945Z"",""no_price_dollars"":""0.1700"",""taker_side"":""yes"",""ticker"":""KXETH15M-26APR280845-45"",""trade_id"":""53b02714-56c1-7b6f-cef5-58013db34bde"",""yes_price_dollars"":""0.8300""}"
KXETH15M-26APR280845-45,9e021331-78ed-6af7-bcb6-ebc882e72c4e,1777379897,0.83,1.0,yes,"{""count_fp"":""1.00"",""created_time"":""2026-04-28T12:38:17.268013Z"",""no_price_dollars"":""0.1700"",""taker_side"":""yes"",""ticker"":""KXETH15M-26APR280845-45"",""trade_id"":""9e021331-78ed-6af7-bcb6-ebc882e72c4e"",""yes_price_dollars"":""0.8300""}"
KXETH15M-26APR280845-45,aa377ca8-c5b1-4cc7-036b-04cd78d7ec72,1777379899,0.83,229.0,yes,"{""count_fp"":""229.00"",""created_time"":""2026-04-28T12:38:19.080659Z"",""no_price_dollars"":""0.1700"",""taker_side"":""yes"",""ticker"":""KXETH15M-26APR280845-45"",""trade_id"":""aa377ca8-c5b1-4cc7-036b-04cd78d7ec72"",""yes_price_dollars"":""0.8300""}"
KXETH15M-26APR280845-45,43fa79e6-9bb5-7acf-abbd-6436b51351b6,1777379900,0.83,148.0,yes,"{""count_fp"":""148.00"",""created_time"":""2026-04-28T12:38:20.132253Z"",""no_price_dollars"":""0.1700"",""taker_side"":""yes"",""ticker"":""KXETH15M-26APR280845-45"",""trade_id"":""43fa79e6-9bb5-7acf-abbd-6436b51351b6"",""yes_price_dollars"":""0.8300""}"
KXETH15M-26APR280845-45,e7bdbee0-447c-6460-385e-58bc76246401,1777379902,0.82,10.0,no,"{""count_fp"":""10.00"",""created_time"":""2026-04-28T12:38:22.570817Z"",""no_price_dollars"":""0.1800"",""taker_side"":""no"",""ticker"":""KXETH15M-26APR280845-45"",""trade_id"":""e7bdbee0-447c-6460-385e-58bc76246401"",""yes_price_dollars"":""0.8200""}"
KXETH15M-26APR280845-45,dad2d6f0-43e5-4c63-0ba8-1b2c2ae15606,1777379904,0.83,516.0,yes,"{""count_fp"":""516.00"",""created_time"":""2026-04-28T12:38:24.969021Z"",""no_price_dollars"":""0.1700"",""taker_side"":""yes"",""ticker"":""KXETH15M-26APR280845-45"",""trade_id"":""dad2d6f0-43e5-4c63-0ba8-1b2c2ae15606"",""yes_price_dollars"":""0.8300""}"
KXETH15M-26APR280845-45,dd7185b9-68ef-6ed2-0fe4-2c11165e4a52,1777379906,0.87,3.0,yes,"{""count_fp"":""3.00"",""created_time"":""2026-04-28T12:38:26.796783Z"",""no_price_dollars"":""0.1300"",""taker_side"":""yes"",""ticker"":""KXETH15M-26APR280845-45"",""trade_id"":""dd7185b9-68ef-6ed2-0fe4-2c11165e4a52"",""yes_price_dollars"":""0.8700""}"
KXETH15M-26APR280845-45,677270c9-01ac-6f31-099d-6ba48bb862f9,1777379906,0.87,7.0,yes,"{""count_fp"":""7.00"",""created_time"":""2026-04-28T12:38:26.796783Z"",""no_price_dollars"":""0.1300"",""taker_side"":""yes"",""ticker"":""KXETH15M-26APR280845-45"",""trade_id"":""677270c9-01ac-6f31-099d-6ba48bb862f9"",""yes_price_dollars"":""0.8700""}"
KXETH15M-26APR280845-45,519a57ce-4cd6-6e19-a3fe-3892fb0ca194,1777379907,0.86,10.0,yes,"{""count_fp"":""10.00"",""created_time"":""2026-04-28T12:38:27.392657Z"",""no_price_dollars"":""0.1400"",""taker_side"":""yes"",""ticker"":""KXETH15M-26APR280845-45"",""trade_id"":""519a57ce-4cd6-6e19-a3fe-3892fb0ca194"",""yes_price_dollars"":""0.8600""}"
KXETH15M-26APR280845-45,794c9dea-c378-4394-50a9-efc0c08e1a67,1777379912,0.89,28.0,yes,"{""count_fp"":""28.00"",""created_time"":""2026-04-28T12:38:32.209922Z"",""no_price_dollars"":""0.1100"",""taker_side"":""yes"",""ticker"":""KXETH15M-26APR280845-45"",""trade_id"":""794c9dea-c378-4394-50a9-efc0c08e1a67"",""yes_price_dollars"":""0.8900""}"
KXETH15M-26APR280845-45,8cdc3c83-3f04-7be8-a36e-70a8f95cccad,1777379918,0.85,10.0,no,"{""count_fp"":""10.00"",""created_time"":""2026-04-28T12:38:38.797243Z"",""no_price_dollars"":""0.1500"",""taker_side"":""no"",""ticker"":""KXETH15M-26APR280845-45"",""trade_id"":""8cdc3c83-3f04-7be8-a36e-70a8f95cccad"",""yes_price_dollars"":""0.8500""}"
KXETH15M-26APR280845-45,70229ba9-beda-7c03-b61b-373e2c89b8c3,1777379918,0.85,7.0,no,"{""count_fp"":""7.00"",""created_time"":""2026-04-28T12:38:38.797243Z"",""no_price_dollars"":""0.1500"",""taker_side"":""no"",""ticker"":""KXETH15M-26APR280845-45"",""trade_id"":""70229ba9-beda-7c03-b61b-373e2c89b8c3"",""yes_price_dollars"":""0.8500""}"
KXETH15M-26APR280845-45,28c7f596-80d2-7c35-8ce6-50206b387ba8,1777379918,0.85,9.0,no,"{""count_fp"":""9.00"",""created_time"":""2026-04-28T12:38:38.797243Z"",""no_price_dollars"":""0.1500"",""taker_side"":""no"",""ticker"":""KXETH15M-26APR280845-45"",""trade_id"":""28c7f596-80d2-7c35-8ce6-50206b387ba8"",""yes_price_dollars"":""0.8500""}"
KXETH15M-26APR280845-45,842490e0-dfd7-6ffa-5aed-80588a94fe5e,1777379921,0.89,1.0,yes,"{""count_fp"":""1.00"",""created_time"":""2026-04-28T12:38:41.606283Z"",""no_price_dollars"":""0.1100"",""taker_side"":""yes"",""ticker"":""KXETH15M-26APR280845-45"",""trade_id"":""842490e0-dfd7-6ffa-5aed-80588a94fe5e"",""yes_price_dollars"":""0.8900""}"
KXETH15M-26APR280845-45,464975a6-0ae3-4d82-9b75-6cbc0ff19502,1777379924,0.89,18.0,yes,"{""count_fp"":""18.00"",""created_time"":""2026-04-28T12:38:44.998305Z"",""no_price_dollars"":""0.1100"",""taker_side"":""yes"",""ticker"":""KXETH15M-26APR280845-45"",""trade_id"":""464975a6-0ae3-4d82-9b75-6cbc0ff19502"",""yes_price_dollars"":""0.8900""}"
KXETH15M-26APR280845-45,ded35235-84b8-5d7e-3a10-3fa6a9a8458d,1777379924,0.89,1.0,yes,"{""count_fp"":""1.00"",""created_time"":""2026-04-28T12:38:44.282485Z"",""no_price_dollars"":""0.1100"",""taker_side"":""yes"",""ticker"":""KXETH15M-26APR280845-45"",""trade_id"":""ded35235-84b8-5d7e-3a10-3fa6a9a8458d"",""yes_price_dollars"":""0.8900""}"
KXETH15M-26APR280845-45,eb8e32fe-b8bf-738a-7f3a-e5000d0c00ba,1777379926,0.87,1.15,yes,"{""count_fp"":""1.15"",""created_time"":""2026-04-28T12:38:46.998427Z"",""no_price_dollars"":""0.1300"",""taker_side"":""yes"",""ticker"":""KXETH15M-26APR280845-45"",""trade_id"":""eb8e32fe-b8bf-738a-7f3a-e5000d0c00ba"",""yes_price_dollars"":""0.8700""}"
KXETH15M-26APR280845-45,dca1b677-4287-7bd2-65ff-eaec0d0de75b,1777379926,0.87,10.0,yes,"{""count_fp"":""10.00"",""created_time"":""2026-04-28T12:38:46.998427Z"",""no_price_dollars"":""0.1300"",""taker_side"":""yes"",""ticker"":""KXETH15M-26APR280845-45"",""trade_id"":""dca1b677-4287-7bd2-65ff-eaec0d0de75b"",""yes_price_dollars"":""0.8700""}"
KXETH15M-26APR280845-45,947933dd-2038-60c5-106e-3673eaa5e2e7,1777379931,0.86,1.0,yes,"{""count_fp"":""1.00"",""created_time"":""2026-04-28T12:38:51.455731Z"",""no_price_dollars"":""0.1400"",""taker_side"":""yes"",""ticker"":""KXETH15M-26APR280845-45"",""trade_id"":""947933dd-2038-60c5-106e-3673eaa5e2e7"",""yes_price_dollars"":""0.8600""}"
KXETH15M-26APR280845-45,6dffa006-faa4-5c29-e129-6081a5be540f,1777379932,0.86,8.28,yes,"{""count_fp"":""8.28"",""created_time"":""2026-04-28T12:38:52.359381Z"",""no_price_dollars"":""0.1400"",""taker_side"":""yes"",""ticker"":""KXETH15M-26APR280845-45"",""trade_id"":""6dffa006-faa4-5c29-e129-6081a5be540f"",""yes_price_dollars"":""0.8600""}"
KXETH15M-26APR280845-45,04783c3c-7ef1-56d9-ef00-59745a4ecdbd,1777379932,0.86,0.93,yes,"{""count_fp"":""0.93"",""created_time"":""2026-04-28T12:38:52.359381Z"",""no_price_dollars"":""0.1400"",""taker_side"":""yes"",""ticker"":""KXETH15M-26APR280845-45"",""trade_id"":""04783c3c-7ef1-56d9-ef00-59745a4ecdbd"",""yes_price_dollars"":""0.8600""}"
KXETH15M-26APR280845-45,06fc4008-0382-5191-013b-7b2f1b5da9f3,1777379934,0.84,10.0,no,"{""count_fp"":""10.00"",""created_time"":""2026-04-28T12:38:54.446448Z"",""no_price_dollars"":""0.1600"",""taker_side"":""no"",""ticker"":""KXETH15M-26APR280845-45"",""trade_id"":""06fc4008-0382-5191-013b-7b2f1b5da9f3"",""yes_price_dollars"":""0.8400""}"
KXETH15M-26APR280845-45,c5356e39-70be-6aaa-8643-41907e00605f,1777379934,0.86,1.0,yes,"{""count_fp"":""1.00"",""created_time"":""2026-04-28T12:38:54.134616Z"",""no_price_dollars"":""0.1400"",""taker_side"":""yes"",""ticker"":""KXETH15M-26APR280845-45"",""trade_id"":""c5356e39-70be-6aaa-8643-41907e00605f"",""yes_price_dollars"":""0.8600""}"
KXETH15M-26APR280845-45,8f61c2cb-d917-609e-e895-a0f640006176,1777379940,0.84,41.0,yes,"{""count_fp"":""41.00"",""created_time"":""2026-04-28T12:39:00.126087Z"",""no_price_dollars"":""0.1600"",""taker_side"":""yes"",""ticker"":""KXETH15M-26APR280845-45"",""trade_id"":""8f61c2cb-d917-609e-e895-a0f640006176"",""yes_price_dollars"":""0.8400""}"
KXETH15M-26APR280845-45,68962a80-a351-6b62-d25f-8a823cc93961,1777379940,0.84,100.0,yes,"{""count_fp"":""100.00"",""created_time"":""2026-04-28T12:39:00.126087Z"",""no_price_dollars"":""0.1600"",""taker_side"":""yes"",""ticker"":""KXETH15M-26APR280845-45"",""trade_id"":""68962a80-a351-6b62-d25f-8a823cc93961"",""yes_price_dollars"":""0.8400""}"
KXETH15M-26APR280845-45,55c3916f-6fb3-60f6-e8f3-f0ff4e19bf7c,1777379940,0.83,10.0,yes,"{""count_fp"":""10.00"",""created_time"":""2026-04-28T12:39:00.126087Z"",""no_price_dollars"":""0.1700"",""taker_side"":""yes"",""ticker"":""KXETH15M-26APR280845-45"",""trade_id"":""55c3916f-6fb3-60f6-e8f3-f0ff4e19bf7c"",""yes_price_dollars"":""0.8300""}"
KXETH15M-26APR280845-45,19fbd89e-f677-4b2e-e7bf-dace77577c1a,1777379942,0.84,1.0,yes,"{""count_fp"":""1.00"",""created_time"":""2026-04-28T12:39:02.981204Z"",""no_price_dollars"":""0.1600"",""taker_side"":""yes"",""ticker"":""KXETH15M-26APR280845-45"",""trade_id"":""19fbd89e-f677-4b2e-e7bf-dace77577c1a"",""yes_price_dollars"":""0.8400""}"
KXETH15M-26APR280845-45,d8533039-4c6f-4f1e-b9d7-234c8dd20d6e,1777379942,0.84,90.0,yes,"{""count_fp"":""90.00"",""created_time"":""2026-04-28T12:39:02.932644Z"",""no_price_dollars"":""0.1600"",""taker_side"":""yes"",""ticker"":""KXETH15M-26APR280845-45"",""trade_id"":""d8533039-4c6f-4f1e-b9d7-234c8dd20d6e"",""yes_price_dollars"":""0.8400""}"
KXETH15M-26APR280845-45,5f988923-dcbd-409f-9aea-2cebb46eaeb6,1777379942,0.83,10.0,yes,"{""count_fp"":""10.00"",""created_time"":""2026-04-28T12:39:02.932644Z"",""no_price_dollars"":""0.1700"",""taker_side"":""yes"",""ticker"":""KXETH15M-26APR280845-45"",""trade_id"":""5f988923-dcbd-409f-9aea-2cebb46eaeb6"",""yes_price_dollars"":""0.8300""}"
KXETH15M-26APR280845-45,3e77522b-0bd3-6d22-3a2c-3fd2748c9242,1777379943,0.84,1.0,yes,"{""count_fp"":""1.00"",""created_time"":""2026-04-28T12:39:03.768289Z"",""no_price_dollars"":""0.1600"",""taker_side"":""yes"",""ticker"":""KXETH15M-26APR280845-45"",""trade_id"":""3e77522b-0bd3-6d22-3a2c-3fd2748c9242"",""yes_price_dollars"":""0.8400""}"
KXETH15M-26APR280845-45,09bb334c-4db7-538a-ee1d-0d0df0b985ce,1777379944,0.84,1.0,yes,"{""count_fp"":""1.00"",""created_time"":""2026-04-28T12:39:04.282124Z"",""no_price_dollars"":""0.1600"",""taker_side"":""yes"",""ticker"":""KXETH15M-26APR280845-45"",""trade_id"":""09bb334c-4db7-538a-ee1d-0d0df0b985ce"",""yes_price_dollars"":""0.8400""}"
KXETH15M-26APR280845-45,728ed693-d697-7c42-f5b1-a00c3154deda,1777379945,0.84,1.0,yes,"{""count_fp"":""1.00"",""created_time"":""2026-04-28T12:39:05.788296Z"",""no_price_dollars"":""0.1600"",""taker_side"":""yes"",""ticker"":""KXETH15M-26APR280845-45"",""trade_id"":""728ed693-d697-7c42-f5b1-a00c3154deda"",""yes_price_dollars"":""0.8400""}"
KXETH15M-26APR280845-45,ebfd7aa4-9859-6256-bb42-b44682a1e21c,1777379946,0.81,37.34,no,"{""count_fp"":""37.34"",""created_time"":""2026-04-28T12:39:06.574014Z"",""no_price_dollars"":""0.1900"",""taker_side"":""no"",""ticker"":""KXETH15M-26APR280845-45"",""trade_id"":""ebfd7aa4-9859-6256-bb42-b44682a1e21c"",""yes_price_dollars"":""0.8100""}"
KXETH15M-26APR280845-45,745b2ddf-3e5c-64f9-b032-14634a49ece8,1777379946,0.81,10.0,no,"{""count_fp"":""10.00"",""created_time"":""2026-04-28T12:39:06.574014Z"",""no_price_dollars"":""0.1900"",""taker_side"":""no"",""ticker"":""KXETH15M-26APR280845-45"",""trade_id"":""745b2ddf-3e5c-64f9-b032-14634a49ece8"",""yes_price_dollars"":""0.8100""}"
KXETH15M-26APR280845-45,8f37c160-0ac5-7a7f-5aa5-287bb4f85a23,1777379947,0.83,5.88,yes,"{""count_fp"":""5.88"",""created_time"":""2026-04-28T12:39:07.223872Z"",""no_price_dollars"":""0.1700"",""taker_side"":""yes"",""ticker"":""KXETH15M-26APR280845-45"",""trade_id"":""8f37c160-0ac5-7a7f-5aa5-287bb4f85a23"",""yes_price_dollars"":""0.8300""}"
KXETH15M-26APR280845-45,ad1f5581-d6a2-6357-6416-e7f94eb3a036,1777379971,0.85,2.0,yes,"{""count_fp"":""2.00"",""created_time"":""2026-04-28T12:39:31.410006Z"",""no_price_dollars"":""0.1500"",""taker_side"":""yes"",""ticker"":""KXETH15M-26APR280845-45"",""trade_id"":""ad1f5581-d6a2-6357-6416-e7f94eb3a036"",""yes_price_dollars"":""0.8500""}"
KXETH15M-26APR280845-45,34ae98f4-309f-46a2-e322-0eb95447edad,1777379974,0.87,1.0,yes,"{""count_fp"":""1.00"",""created_time"":""2026-04-28T12:39:34.434221Z"",""no_price_dollars"":""0.1300"",""taker_side"":""yes"",""ticker"":""KXETH15M-26APR280845-45"",""trade_id"":""34ae98f4-309f-46a2-e322-0eb95447edad"",""yes_price_dollars"":""0.8700""}"
KXETH15M-26APR280845-45,7eaa6aa7-0f10-52d2-405f-de0ace43cccb,1777379975,0.89,1.0,yes,"{""count_fp"":""1.00"",""created_time"":""2026-04-28T12:39:35.887109Z"",""no_price_dollars"":""0.1100"",""taker_side"":""yes"",""ticker"":""KXETH15M-26APR280845-45"",""trade_id"":""7eaa6aa7-0f10-52d2-405f-de0ace43cccb"",""yes_price_dollars"":""0.8900""}"
KXETH15M-26APR280845-45,33e1e4a4-e4a0-7cfa-9568-481dc53a5fe3,1777379975,0.89,1.0,yes,"{""count_fp"":""1.00"",""created_time"":""2026-04-28T12:39:35.218375Z"",""no_price_dollars"":""0.1100"",""taker_side"":""yes"",""ticker"":""KXETH15M-26APR280845-45"",""trade_id"":""33e1e4a4-e4a0-7cfa-9568-481dc53a5fe3"",""yes_price_dollars"":""0.8900""}"
KXETH15M-26APR280845-45,fe549070-95d4-4cd4-90bc-37e9df359b9d,1777379977,0.89,10.0,yes,"{""count_fp"":""10.00"",""created_time"":""2026-04-28T12:39:37.948271Z"",""no_price_dollars"":""0.1100"",""taker_side"":""yes"",""ticker"":""KXETH15M-26APR280845-45"",""trade_id"":""fe549070-95d4-4cd4-90bc-37e9df359b9d"",""yes_price_dollars"":""0.8900""}"
KXETH15M-26APR280845-45,87e0ed62-c540-4c7a-aee4-ffc064ef4667,1777379977,0.89,64.0,yes,"{""count_fp"":""64.00"",""created_time"":""2026-04-28T12:39:37.948271Z"",""no_price_dollars"":""0.1100"",""taker_side"":""yes"",""ticker"":""KXETH15M-26APR280845-45"",""trade_id"":""87e0ed62-c540-4c7a-aee4-ffc064ef4667"",""yes_price_dollars"":""0.8900""}"
KXETH15M-26APR280845-45,122e1e1c-899b-498d-90da-4b0a334385c4,1777379977,0.89,10.0,yes,"{""count_fp"":""10.00"",""created_time"":""2026-04-28T12:39:37.948271Z"",""no_price_dollars"":""0.1100"",""taker_side"":""yes"",""ticker"":""KXETH15M-26APR280845-45"",""trade_id"":""122e1e1c-899b-498d-90da-4b0a334385c4"",""yes_price_dollars"":""0.8900""}"
KXETH15M-26APR280845-45,5b2b9e38-c6a4-7dca-be2d-1e49a79acd03,1777379977,0.89,84.0,yes,"{""count_fp"":""84.00"",""created_time"":""2026-04-28T12:39:37.640243Z"",""no_price_dollars"":""0.1100"",""taker_side"":""yes"",""ticker"":""KXETH15M-26APR280845-45"",""trade_id"":""5b2b9e38-c6a4-7dca-be2d-1e49a79acd03"",""yes_price_dollars"":""0.8900""}"
KXETH15M-26APR280845-45,98b072c7-a3db-4116-3080-40e5db6c87ad,1777379978,0.9,1.0,yes,"{""count_fp"":""1.00"",""created_time"":""2026-04-28T12:39:38.264257Z"",""no_price_dollars"":""0.1000"",""taker_side"":""yes"",""ticker"":""KXETH15M-26APR280845-45"",""trade_id"":""98b072c7-a3db-4116-3080-40e5db6c87ad"",""yes_price_dollars"":""0.9000""}"
KXETH15M-26APR280845-45,7370315f-17b2-4975-31ab-4ce4246f4710,1777379978,0.9,1.0,yes,"{""count_fp"":""1.00"",""created_time"":""2026-04-28T12:39:38.264257Z"",""no_price_dollars"":""0.1000"",""taker_side"":""yes"",""ticker"":""KXETH15M-26APR280845-45"",""trade_id"":""7370315f-17b2-4975-31ab-4ce4246f4710"",""yes_price_dollars"":""0.9000""}"
KXETH15M-26APR280845-45,5a0f3092-86f7-4262-0e23-1e087b696952,1777379978,0.9,76.0,yes,"{""count_fp"":""76.00"",""created_time"":""2026-04-28T12:39:38.264257Z"",""no_price_dollars"":""0.1000"",""taker_side"":""yes"",""ticker"":""KXETH15M-26APR280845-45"",""trade_id"":""5a0f3092-86f7-4262-0e23-1e087b696952"",""yes_price_dollars"":""0.9000""}"
KXETH15M-26APR280845-45,3c8e6fd0-9c62-4639-2de1-cfe6fa09ff8f,1777379978,0.9,1.0,yes,"{""count_fp"":""1.00"",""created_time"":""2026-04-28T12:39:38.264257Z"",""no_price_dollars"":""0.1000"",""taker_side"":""yes"",""ticker"":""KXETH15M-26APR280845-45"",""trade_id"":""3c8e6fd0-9c62-4639-2de1-cfe6fa09ff8f"",""yes_price_dollars"":""0.9000""}"
KXETH15M-26APR280845-45,19fecd2a-be5c-460d-33c9-e9740bf1b6a2,1777379978,0.9,3.0,yes,"{""count_fp"":""3.00"",""created_time"":""2026-04-28T12:39:38.264257Z"",""no_price_dollars"":""0.1000"",""taker_side"":""yes"",""ticker"":""KXETH15M-26APR280845-45"",""trade_id"":""19fecd2a-be5c-460d-33c9-e9740bf1b6a2"",""yes_price_dollars"":""0.9000""}"
KXETH15M-26APR280845-45,8eeab9d7-0c67-6191-0518-7baa7e9e159e,1777379979,0.86,6.3,no,"{""count_fp"":""6.30"",""created_time"":""2026-04-28T12:39:39.899553Z"",""no_price_dollars"":""0.1400"",""taker_side"":""no"",""ticker"":""KXETH15M-26APR280845-45"",""trade_id"":""8eeab9d7-0c67-6191-0518-7baa7e9e159e"",""yes_price_dollars"":""0.8600""}"
