ticker,trade_id,ts,yes_price,count,taker_side,raw_json
KXETH15M-26APR272100-00,631865a6-08e6-4b6f-b306-1732c9ccc086,1777337115,0.55,10.0,yes,"{""count_fp"":""10.00"",""created_time"":""2026-04-28T00:45:15.749484Z"",""no_price_dollars"":""0.4500"",""taker_side"":""yes"",""ticker"":""KXETH15M-26APR272100-00"",""trade_id"":""631865a6-08e6-4b6f-b306-1732c9ccc086"",""yes_price_dollars"":""0.5500""}"
KXETH15M-26APR272100-00,26669c5a-f8c4-4ae2-84c9-e31449917289,1777337115,0.56,40.0,yes,"{""count_fp"":""40.00"",""created_time"":""2026-04-28T00:45:15.749484Z"",""no_price_dollars"":""0.4400"",""taker_side"":""yes"",""ticker"":""KXETH15M-26APR272100-00"",""trade_id"":""26669c5a-f8c4-4ae2-84c9-e31449917289"",""yes_price_dollars"":""0.5600""}"
KXETH15M-26APR272100-00,13c5df05-b396-4af5-9ef7-8d432d50d0d7,1777337115,0.58,17.0,yes,"{""count_fp"":""17.00"",""created_time"":""2026-04-28T00:45:15.749484Z"",""no_price_dollars"":""0.4200"",""taker_side"":""yes"",""ticker"":""KXETH15M-26APR272100-00"",""trade_id"":""13c5df05-b396-4af5-9ef7-8d432d50d0d7"",""yes_price_dollars"":""0.5800""}"
KXETH15M-26APR272100-00,da08355b-e751-68b9-9c24-94670ea44bad,1777337115,0.52,1.0,no,"{""count_fp"":""1.00"",""created_time"":""2026-04-28T00:45:15.593025Z"",""no_price_dollars"":""0.4800"",""taker_side"":""no"",""ticker"":""KXETH15M-26APR272100-00"",""trade_id"":""da08355b-e751-68b9-9c24-94670ea44bad"",""yes_price_dollars"":""0.5200""}"
KXETH15M-26APR272100-00,c291d7ec-b9af-6590-a8c7-9673c8712420,1777337115,0.5,3.11,no,"{""count_fp"":""3.11"",""created_time"":""2026-04-28T00:45:15.593025Z"",""no_price_dollars"":""0.5000"",""taker_side"":""no"",""ticker"":""KXETH15M-26APR272100-00"",""trade_id"":""c291d7ec-b9af-6590-a8c7-9673c8712420"",""yes_price_dollars"":""0.5000""}"
KXETH15M-26APR272100-00,ec30ada0-4ddb-47ec-f1ad-f5fb99f004c4,1777337120,0.52,10.0,no,"{""count_fp"":""10.00"",""created_time"":""2026-04-28T00:45:20.730535Z"",""no_price_dollars"":""0.4800"",""taker_side"":""no"",""ticker"":""KXETH15M-26APR272100-00"",""trade_id"":""ec30ada0-4ddb-47ec-f1ad-f5fb99f004c4"",""yes_price_dollars"":""0.5200""}"
KXETH15M-26APR272100-00,0c8cbd65-c40f-459a-f21b-7d2bdb7db202,1777337120,0.52,30.2,no,"{""count_fp"":""30.20"",""created_time"":""2026-04-28T00:45:20.730535Z"",""no_price_dollars"":""0.4800"",""taker_side"":""no"",""ticker"":""KXETH15M-26APR272100-00"",""trade_id"":""0c8cbd65-c40f-459a-f21b-7d2bdb7db202"",""yes_price_dollars"":""0.5200""}"
KXETH15M-26APR272100-00,f0aa8a84-e6e5-5aaa-2cc2-40273fdae284,1777337122,0.25,10.0,no,"{""count_fp"":""10.00"",""created_time"":""2026-04-28T00:45:22.422276Z"",""no_price_dollars"":""0.7500"",""taker_side"":""no"",""ticker"":""KXETH15M-26APR272100-00"",""trade_id"":""f0aa8a84-e6e5-5aaa-2cc2-40273fdae284"",""yes_price_dollars"":""0.2500""}"
KXETH15M-26APR272100-00,b36f36ff-1121-52dc-01b0-9de5d774b24c,1777337122,0.24,6.0,no,"{""count_fp"":""6.00"",""created_time"":""2026-04-28T00:45:22.422276Z"",""no_price_dollars"":""0.7600"",""taker_side"":""no"",""ticker"":""KXETH15M-26APR272100-00"",""trade_id"":""b36f36ff-1121-52dc-01b0-9de5d774b24c"",""yes_price_dollars"":""0.2400""}"
KXETH15M-26APR272100-00,a98cf7eb-44e5-5658-05fc-3bb92b0fde4a,1777337122,0.23,4.09,no,"{""count_fp"":""4.09"",""created_time"":""2026-04-28T00:45:22.422276Z"",""no_price_dollars"":""0.7700"",""taker_side"":""no"",""ticker"":""KXETH15M-26APR272100-00"",""trade_id"":""a98cf7eb-44e5-5658-05fc-3bb92b0fde4a"",""yes_price_dollars"":""0.2300""}"
KXETH15M-26APR272100-00,a68bbf24-b376-5472-2e48-06651d8ee89f,1777337122,0.48,80.0,no,"{""count_fp"":""80.00"",""created_time"":""2026-04-28T00:45:22.422276Z"",""no_price_dollars"":""0.5200"",""taker_side"":""no"",""ticker"":""KXETH15M-26APR272100-00"",""trade_id"":""a68bbf24-b376-5472-2e48-06651d8ee89f"",""yes_price_dollars"":""0.4800""}"
KXETH15M-26APR272100-00,9aab6dd8-3e33-5d96-361a-8ef7dc81a37a,1777337122,0.5,100.0,no,"{""count_fp"":""100.00"",""created_time"":""2026-04-28T00:45:22.422276Z"",""no_price_dollars"":""0.5000"",""taker_side"":""no"",""ticker"":""KXETH15M-26APR272100-00"",""trade_id"":""9aab6dd8-3e33-5d96-361a-8ef7dc81a37a"",""yes_price_dollars"":""0.5000""}"
KXETH15M-26APR272100-00,8dc3d47e-9c8f-57c5-1a4c-1f3994b0fc7d,1777337122,0.5,60.0,no,"{""count_fp"":""60.00"",""created_time"":""2026-04-28T00:45:22.422276Z"",""no_price_dollars"":""0.5000"",""taker_side"":""no"",""ticker"":""KXETH15M-26APR272100-00"",""trade_id"":""8dc3d47e-9c8f-57c5-1a4c-1f3994b0fc7d"",""yes_price_dollars"":""0.5000""}"
KXETH15M-26APR272100-00,6eea73a0-59e5-5b5c-3554-c2a2c442fe26,1777337122,0.4,5.0,no,"{""count_fp"":""5.00"",""created_time"":""2026-04-28T00:45:22.422276Z"",""no_price_dollars"":""0.6000"",""taker_side"":""no"",""ticker"":""KXETH15M-26APR272100-00"",""trade_id"":""6eea73a0-59e5-5b5c-3554-c2a2c442fe26"",""yes_price_dollars"":""0.4000""}"
KXETH15M-26APR272100-00,64977b3c-7fa5-57b4-1989-bcc6da0400c3,1777337122,0.51,2.0,no,"{""count_fp"":""2.00"",""created_time"":""2026-04-28T00:45:22.422276Z"",""no_price_dollars"":""0.4900"",""taker_side"":""no"",""ticker"":""KXETH15M-26APR272100-00"",""trade_id"":""64977b3c-7fa5-57b4-1989-bcc6da0400c3"",""yes_price_dollars"":""0.5100""}"
KXETH15M-26APR272100-00,3053abc2-4fb8-5140-15cc-f91fe79a5cec,1777337122,0.5,10.0,no,"{""count_fp"":""10.00"",""created_time"":""2026-04-28T00:45:22.422276Z"",""no_price_dollars"":""0.5000"",""taker_side"":""no"",""ticker"":""KXETH15M-26APR272100-00"",""trade_id"":""3053abc2-4fb8-5140-15cc-f91fe79a5cec"",""yes_price_dollars"":""0.5000""}"
KXETH15M-26APR272100-00,29c7bfda-6bb1-5472-1365-cecc60a0f4eb,1777337122,0.25,1.0,no,"{""count_fp"":""1.00"",""created_time"":""2026-04-28T00:45:22.422276Z"",""no_price_dollars"":""0.7500"",""taker_side"":""no"",""ticker"":""KXETH15M-26APR272100-00"",""trade_id"":""29c7bfda-6bb1-5472-1365-cecc60a0f4eb"",""yes_price_dollars"":""0.2500""}"
KXETH15M-26APR272100-00,21cf121b-2925-5af8-26c6-b3df0f044509,1777337122,0.3,4.0,no,"{""count_fp"":""4.00"",""created_time"":""2026-04-28T00:45:22.422276Z"",""no_price_dollars"":""0.7000"",""taker_side"":""no"",""ticker"":""KXETH15M-26APR272100-00"",""trade_id"":""21cf121b-2925-5af8-26c6-b3df0f044509"",""yes_price_dollars"":""0.3000""}"
KXETH15M-26APR272100-00,1404cc3b-78ed-5888-0922-e04392cfee94,1777337122,0.45,50.0,no,"{""count_fp"":""50.00"",""created_time"":""2026-04-28T00:45:22.422276Z"",""no_price_dollars"":""0.5500"",""taker_side"":""no"",""ticker"":""KXETH15M-26APR272100-00"",""trade_id"":""1404cc3b-78ed-5888-0922-e04392cfee94"",""yes_price_dollars"":""0.4500""}"
KXETH15M-26APR272100-00,152cc266-33ee-793d-33ba-20baf4132ab5,1777337123,0.56,7.0,yes,"{""count_fp"":""7.00"",""created_time"":""2026-04-28T00:45:23.078141Z"",""no_price_dollars"":""0.4400"",""taker_side"":""yes"",""ticker"":""KXETH15M-26APR272100-00"",""trade_id"":""152cc266-33ee-793d-33ba-20baf4132ab5"",""yes_price_dollars"":""0.5600""}"
KXETH15M-26APR272100-00,703eb16f-f9ff-67b5-3b9d-c0aa589f0e4b,1777337126,0.49,8.75,no,"{""count_fp"":""8.75"",""created_time"":""2026-04-28T00:45:26.882413Z"",""no_price_dollars"":""0.5100"",""taker_side"":""no"",""ticker"":""KXETH15M-26APR272100-00"",""trade_id"":""703eb16f-f9ff-67b5-3b9d-c0aa589f0e4b"",""yes_price_dollars"":""0.4900""}"
KXETH15M-26APR272100-00,5b490216-959b-6a9b-0608-e9cf88536ef4,1777337126,0.49,10.2,no,"{""count_fp"":""10.20"",""created_time"":""2026-04-28T00:45:26.882413Z"",""no_price_dollars"":""0.5100"",""taker_side"":""no"",""ticker"":""KXETH15M-26APR272100-00"",""trade_id"":""5b490216-959b-6a9b-0608-e9cf88536ef4"",""yes_price_dollars"":""0.4900""}"
KXETH15M-26APR272100-00,ceec8b39-194e-6d66-047b-c68858cf2aca,1777337129,0.5,1.93,no,"{""count_fp"":""1.93"",""created_time"":""2026-04-28T00:45:29.930379Z"",""no_price_dollars"":""0.5000"",""taker_side"":""no"",""ticker"":""KXETH15M-26APR272100-00"",""trade_id"":""ceec8b39-194e-6d66-047b-c68858cf2aca"",""yes_price_dollars"":""0.5000""}"
KXETH15M-26APR272100-00,cb021d02-1306-4c26-8aa1-681e0f010f4a,1777337130,0.5,1.0,no,"{""count_fp"":""1.00"",""created_time"":""2026-04-28T00:45:30.248238Z"",""no_price_dollars"":""0.5000"",""taker_side"":""no"",""ticker"":""KXETH15M-26APR272100-00"",""trade_id"":""cb021d02-1306-4c26-8aa1-681e0f010f4a"",""yes_price_dollars"":""0.5000""}"
KXETH15M-26APR272100-00,8d2f878f-5b92-6ad1-2de7-eab5496424f0,1777337135,0.5,2.0,no,"{""count_fp"":""2.00"",""created_time"":""2026-04-28T00:45:35.154107Z"",""no_price_dollars"":""0.5000"",""taker_side"":""no"",""ticker"":""KXETH15M-26APR272100-00"",""trade_id"":""8d2f878f-5b92-6ad1-2de7-eab5496424f0"",""yes_price_dollars"":""0.5000""}"
KXETH15M-26APR272100-00,9ac6373a-f512-5cfa-7ab8-f5bab6e648d2,1777337141,0.48,3.0,no,"{""count_fp"":""3.00"",""created_time"":""2026-04-28T00:45:41.180051Z"",""no_price_dollars"":""0.5200"",""taker_side"":""no"",""ticker"":""KXETH15M-26APR272100-00"",""trade_id"":""9ac6373a-f512-5cfa-7ab8-f5bab6e648d2"",""yes_price_dollars"":""0.4800""}"
KXETH15M-26APR272100-00,f2c5ea16-6d8b-7dfc-25bb-1a4d40ac2c99,1777337146,0.53,0.71,yes,"{""count_fp"":""0.71"",""created_time"":""2026-04-28T00:45:46.808949Z"",""no_price_dollars"":""0.4700"",""taker_side"":""yes"",""ticker"":""KXETH15M-26APR272100-00"",""trade_id"":""f2c5ea16-6d8b-7dfc-25bb-1a4d40ac2c99"",""yes_price_dollars"":""0.5300""}"
KXETH15M-26APR272100-00,b82e20f7-8301-7e1b-35c3-3595551e99f4,1777337146,0.52,2.0,yes,"{""count_fp"":""2.00"",""created_time"":""2026-04-28T00:45:46.808949Z"",""no_price_dollars"":""0.4800"",""taker_side"":""yes"",""ticker"":""KXETH15M-26APR272100-00"",""trade_id"":""b82e20f7-8301-7e1b-35c3-3595551e99f4"",""yes_price_dollars"":""0.5200""}"
KXETH15M-26APR272100-00,385efcb0-e201-73f8-190e-a703628a5c59,1777337146,0.51,1.0,yes,"{""count_fp"":""1.00"",""created_time"":""2026-04-28T00:45:46.808949Z"",""no_price_dollars"":""0.4900"",""taker_side"":""yes"",""ticker"":""KXETH15M-26APR272100-00"",""trade_id"":""385efcb0-e201-73f8-190e-a703628a5c59"",""yes_price_dollars"":""0.5100""}"
KXETH15M-26APR272100-00,5acf2699-ff48-6cce-b2d9-46ba8099911a,1777337150,0.55,10.0,yes,"{""count_fp"":""10.00"",""created_time"":""2026-04-28T00:45:50.429557Z"",""no_price_dollars"":""0.4500"",""taker_side"":""yes"",""ticker"":""KXETH15M-26APR272100-00"",""trade_id"":""5acf2699-ff48-6cce-b2d9-46ba8099911a"",""yes_price_dollars"":""0.5500""}"
KXETH15M-26APR272100-00,3f6b51da-1147-61f8-b439-ed8b7164a35d,1777337150,0.53,10.0,yes,"{""count_fp"":""10.00"",""created_time"":""2026-04-28T00:45:50.429557Z"",""no_price_dollars"":""0.4700"",""taker_side"":""yes"",""ticker"":""KXETH15M-26APR272100-00"",""trade_id"":""3f6b51da-1147-61f8-b439-ed8b7164a35d"",""yes_price_dollars"":""0.5300""}"
KXETH15M-26APR272100-00,37c3e522-f335-6b33-8d39-74d82e668626,1777337150,0.55,10.0,yes,"{""count_fp"":""10.00"",""created_time"":""2026-04-28T00:45:50.429557Z"",""no_price_dollars"":""0.4500"",""taker_side"":""yes"",""ticker"":""KXETH15M-26APR272100-00"",""trade_id"":""37c3e522-f335-6b33-8d39-74d82e668626"",""yes_price_dollars"":""0.5500""}"
KXETH15M-26APR272100-00,2228e157-f210-6c6c-8186-c356f79330f5,1777337150,0.55,49.5,yes,"{""count_fp"":""49.50"",""created_time"":""2026-04-28T00:45:50.429557Z"",""no_price_dollars"":""0.4500"",""taker_side"":""yes"",""ticker"":""KXETH15M-26APR272100-00"",""trade_id"":""2228e157-f210-6c6c-8186-c356f79330f5"",""yes_price_dollars"":""0.5500""}"
KXETH15M-26APR272100-00,13fd04db-d47b-6ee4-8ca6-c4ab7d902409,1777337150,0.53,9.29,yes,"{""count_fp"":""9.29"",""created_time"":""2026-04-28T00:45:50.429557Z"",""no_price_dollars"":""0.4700"",""taker_side"":""yes"",""ticker"":""KXETH15M-26APR272100-00"",""trade_id"":""13fd04db-d47b-6ee4-8ca6-c4ab7d902409"",""yes_price_dollars"":""0.5300""}"
KXETH15M-26APR272100-00,3061f9a5-fdcd-7313-a591-9c77814656c9,1777337151,0.57,1.0,yes,"{""count_fp"":""1.00"",""created_time"":""2026-04-28T00:45:51.713975Z"",""no_price_dollars"":""0.4300"",""taker_side"":""yes"",""ticker"":""KXETH15M-26APR272100-00"",""trade_id"":""3061f9a5-fdcd-7313-a591-9c77814656c9"",""yes_price_dollars"":""0.5700""}"
KXETH15M-26APR272100-00,7bd83997-b40c-5fce-2af1-feb49f73b0d9,1777337156,0.57,4.46,no,"{""count_fp"":""4.46"",""created_time"":""2026-04-28T00:45:56.742669Z"",""no_price_dollars"":""0.4300"",""taker_side"":""no"",""ticker"":""KXETH15M-26APR272100-00"",""trade_id"":""7bd83997-b40c-5fce-2af1-feb49f73b0d9"",""yes_price_dollars"":""0.5700""}"
KXETH15M-26APR272100-00,62471c57-11f8-69da-4fc6-f7254a13ded9,1777337158,0.57,0.54,no,"{""count_fp"":""0.54"",""created_time"":""2026-04-28T00:45:58.854542Z"",""no_price_dollars"":""0.4300"",""taker_side"":""no"",""ticker"":""KXETH15M-26APR272100-00"",""trade_id"":""62471c57-11f8-69da-4fc6-f7254a13ded9"",""yes_price_dollars"":""0.5700""}"
KXETH15M-26APR272100-00,b2349ef6-0098-5df7-3b05-ce4e984bc878,1777337160,0.56,0.46,yes,"{""count_fp"":""0.46"",""created_time"":""2026-04-28T00:46:00.233135Z"",""no_price_dollars"":""0.4400"",""taker_side"":""yes"",""ticker"":""KXETH15M-26APR272100-00"",""trade_id"":""b2349ef6-0098-5df7-3b05-ce4e984bc878"",""yes_price_dollars"":""0.5600""}"
KXETH15M-26APR272100-00,4a8d313e-ce0e-58e8-2dc3-3d0af39a6293,1777337160,0.58,0.54,yes,"{""count_fp"":""0.54"",""created_time"":""2026-04-28T00:46:00.233135Z"",""no_price_dollars"":""0.4200"",""taker_side"":""yes"",""ticker"":""KXETH15M-26APR272100-00"",""trade_id"":""4a8d313e-ce0e-58e8-2dc3-3d0af39a6293"",""yes_price_dollars"":""0.5800""}"
KXETH15M-26APR272100-00,c59b33f0-9525-511f-2ff9-0f1b63c21a25,1777337161,0.59,8.23,yes,"{""count_fp"":""8.23"",""created_time"":""2026-04-28T00:46:01.621828Z"",""no_price_dollars"":""0.4100"",""taker_side"":""yes"",""ticker"":""KXETH15M-26APR272100-00"",""trade_id"":""c59b33f0-9525-511f-2ff9-0f1b63c21a25"",""yes_price_dollars"":""0.5900""}"
KXETH15M-26APR272100-00,8d227ee7-3cb7-6199-2244-b8762d013643,1777337166,0.58,1.0,yes,"{""count_fp"":""1.00"",""created_time"":""2026-04-28T00:46:06.812365Z"",""no_price_dollars"":""0.4200"",""taker_side"":""yes"",""ticker"":""KXETH15M-26APR272100-00"",""trade_id"":""8d227ee7-3cb7-6199-2244-b8762d013643"",""yes_price_dollars"":""0.5800""}"
KXETH15M-26APR272100-00,d1768b28-9741-4f35-7ce2-66fc15989bf9,1777337166,0.55,30.09,no,"{""count_fp"":""30.09"",""created_time"":""2026-04-28T00:46:06.093737Z"",""no_price_dollars"":""0.4500"",""taker_side"":""no"",""ticker"":""KXETH15M-26APR272100-00"",""trade_id"":""d1768b28-9741-4f35-7ce2-66fc15989bf9"",""yes_price_dollars"":""0.5500""}"
KXETH15M-26APR272100-00,409a363e-661a-409d-4694-9d3d978a4116,1777337166,0.55,2.0,no,"{""count_fp"":""2.00"",""created_time"":""2026-04-28T00:46:06.093737Z"",""no_price_dollars"":""0.4500"",""taker_side"":""no"",""ticker"":""KXETH15M-26APR272100-00"",""trade_id"":""409a363e-661a-409d-4694-9d3d978a4116"",""yes_price_dollars"":""0.5500""}"
KXETH15M-26APR272100-00,86625480-7497-57ca-a677-0108125d6278,1777337169,0.58,1.0,yes,"{""count_fp"":""1.00"",""created_time"":""2026-04-28T00:46:09.013876Z"",""no_price_dollars"":""0.4200"",""taker_side"":""yes"",""ticker"":""KXETH15M-26APR272100-00"",""trade_id"":""86625480-7497-57ca-a677-0108125d6278"",""yes_price_dollars"":""0.5800""}"
KXETH15M-26APR272100-00,cc85bce8-9a0f-7e22-6b86-7635f778a716,1777337170,0.6,1.0,yes,"{""count_fp"":""1.00"",""created_time"":""2026-04-28T00:46:10.281931Z"",""no_price_dollars"":""0.4000"",""taker_side"":""yes"",""ticker"":""KXETH15M-26APR272100-00"",""trade_id"":""cc85bce8-9a0f-7e22-6b86-7635f778a716"",""yes_price_dollars"":""0.6000""}"
KXETH15M-26APR272100-00,f1e7ad80-3229-6e2e-b156-42e6d63326de,1777337173,0.7,4.0,yes,"{""count_fp"":""4.00"",""created_time"":""2026-04-28T00:46:13.422596Z"",""no_price_dollars"":""0.3000"",""taker_side"":""yes"",""ticker"":""KXETH15M-26APR272100-00"",""trade_id"":""f1e7ad80-3229-6e2e-b156-42e6d63326de"",""yes_price_dollars"":""0.7000""}"
KXETH15M-26APR272100-00,bc50130b-9a2d-69bd-901c-fb67f5dd8833,1777337173,0.73,32.0,yes,"{""count_fp"":""32.00"",""created_time"":""2026-04-28T00:46:13.422596Z"",""no_price_dollars"":""0.2700"",""taker_side"":""yes"",""ticker"":""KXETH15M-26APR272100-00"",""trade_id"":""bc50130b-9a2d-69bd-901c-fb67f5dd8833"",""yes_price_dollars"":""0.7300""}"
KXETH15M-26APR272100-00,7a6f1e81-664e-6ab8-95ff-00aad6ff155e,1777337173,0.7,1.0,yes,"{""count_fp"":""1.00"",""created_time"":""2026-04-28T00:46:13.422596Z"",""no_price_dollars"":""0.3000"",""taker_side"":""yes"",""ticker"":""KXETH15M-26APR272100-00"",""trade_id"":""7a6f1e81-664e-6ab8-95ff-00aad6ff155e"",""yes_price_dollars"":""0.7000""}"
KXETH15M-26APR272100-00,695764d5-2b45-601f-87e8-76e8a232123b,1777337173,0.69,100.0,yes,"{""count_fp"":""100.00"",""created_time"":""2026-04-28T00:46:13.422596Z"",""no_price_dollars"":""0.3100"",""taker_side"":""yes"",""ticker"":""KXETH15M-26APR272100-00"",""trade_id"":""695764d5-2b45-601f-87e8-76e8a232123b"",""yes_price_dollars"":""0.6900""}"
KXETH15M-26APR272100-00,4b22841a-9e75-6ee3-a40b-385c382a6711,1777337173,0.65,10.0,yes,"{""count_fp"":""10.00"",""created_time"":""2026-04-28T00:46:13.422596Z"",""no_price_dollars"":""0.3500"",""taker_side"":""yes"",""ticker"":""KXETH15M-26APR272100-00"",""trade_id"":""4b22841a-9e75-6ee3-a40b-385c382a6711"",""yes_price_dollars"":""0.6500""}"
KXETH15M-26APR272100-00,36ae0725-f70d-6fdc-9d7f-8688a8b32c38,1777337173,0.62,10.0,yes,"{""count_fp"":""10.00"",""created_time"":""2026-04-28T00:46:13.422596Z"",""no_price_dollars"":""0.3800"",""taker_side"":""yes"",""ticker"":""KXETH15M-26APR272100-00"",""trade_id"":""36ae0725-f70d-6fdc-9d7f-8688a8b32c38"",""yes_price_dollars"":""0.6200""}"
KXETH15M-26APR272100-00,100e551a-a36a-6949-9241-1b71cb10eb77,1777337173,0.67,43.0,yes,"{""count_fp"":""43.00"",""created_time"":""2026-04-28T00:46:13.422596Z"",""no_price_dollars"":""0.3300"",""taker_side"":""yes"",""ticker"":""KXETH15M-26APR272100-00"",""trade_id"":""100e551a-a36a-6949-9241-1b71cb10eb77"",""yes_price_dollars"":""0.6700""}"
KXETH15M-26APR272100-00,93a882bb-5e09-54fa-f2a2-097d575e1165,1777337174,0.59,1.0,no,"{""count_fp"":""1.00"",""created_time"":""2026-04-28T00:46:14.812189Z"",""no_price_dollars"":""0.4100"",""taker_side"":""no"",""ticker"":""KXETH15M-26APR272100-00"",""trade_id"":""93a882bb-5e09-54fa-f2a2-097d575e1165"",""yes_price_dollars"":""0.5900""}"
KXETH15M-26APR272100-00,c26bbfd4-fa23-6672-b4f1-9dd06aba1c8c,1777337174,0.65,10.0,yes,"{""count_fp"":""10.00"",""created_time"":""2026-04-28T00:46:14.660584Z"",""no_price_dollars"":""0.3500"",""taker_side"":""yes"",""ticker"":""KXETH15M-26APR272100-00"",""trade_id"":""c26bbfd4-fa23-6672-b4f1-9dd06aba1c8c"",""yes_price_dollars"":""0.6500""}"
KXETH15M-26APR272100-00,66f47ba3-e4ba-622e-9bb6-16f9cf30c975,1777337174,0.65,10.0,yes,"{""count_fp"":""10.00"",""created_time"":""2026-04-28T00:46:14.660584Z"",""no_price_dollars"":""0.3500"",""taker_side"":""yes"",""ticker"":""KXETH15M-26APR272100-00"",""trade_id"":""66f47ba3-e4ba-622e-9bb6-16f9cf30c975"",""yes_price_dollars"":""0.6500""}"
KXETH15M-26APR272100-00,a141ddc3-efe3-6dab-ec45-2e02e653659e,1777337176,0.66,5.0,yes,"{""count_fp"":""5.00"",""created_time"":""2026-04-28T00:46:16.011597Z"",""no_price_dollars"":""0.3400"",""taker_side"":""yes"",""ticker"":""KXETH15M-26APR272100-00"",""trade_id"":""a141ddc3-efe3-6dab-ec45-2e02e653659e"",""yes_price_dollars"":""0.6600""}"
KXETH15M-26APR272100-00,50db5edf-11ff-7bb5-7891-9fb60239a3d6,1777337177,0.66,10.0,yes,"{""count_fp"":""10.00"",""created_time"":""2026-04-28T00:46:17.966514Z"",""no_price_dollars"":""0.3400"",""taker_side"":""yes"",""ticker"":""KXETH15M-26APR272100-00"",""trade_id"":""50db5edf-11ff-7bb5-7891-9fb60239a3d6"",""yes_price_dollars"":""0.6600""}"
KXETH15M-26APR272100-00,98982ddd-41d9-72b2-81c0-e2d543820370,1777337178,0.64,4.0,no,"{""count_fp"":""4.00"",""created_time"":""2026-04-28T00:46:18.554181Z"",""no_price_dollars"":""0.3600"",""taker_side"":""no"",""ticker"":""KXETH15M-26APR272100-00"",""trade_id"":""98982ddd-41d9-72b2-81c0-e2d543820370"",""yes_price_dollars"":""0.6400""}"
KXETH15M-26APR272100-00,b80ffe7b-a3d6-46c5-e006-bd783d0993f1,1777337178,0.7,1.0,yes,"{""count_fp"":""1.00"",""created_time"":""2026-04-28T00:46:18.491548Z"",""no_price_dollars"":""0.3000"",""taker_side"":""yes"",""ticker"":""KXETH15M-26APR272100-00"",""trade_id"":""b80ffe7b-a3d6-46c5-e006-bd783d0993f1"",""yes_price_dollars"":""0.7000""}"
KXETH15M-26APR272100-00,27f55165-498c-62c4-ef51-3f48b81c0db6,1777337178,0.71,1.0,yes,"{""count_fp"":""1.00"",""created_time"":""2026-04-28T00:46:18.405582Z"",""no_price_dollars"":""0.2900"",""taker_side"":""yes"",""ticker"":""KXETH15M-26APR272100-00"",""trade_id"":""27f55165-498c-62c4-ef51-3f48b81c0db6"",""yes_price_dollars"":""0.7100""}"
KXETH15M-26APR272100-00,ab4ff0bb-e73a-4bf5-ae9b-82c15c9fd891,1777337178,0.72,9.0,yes,"{""count_fp"":""9.00"",""created_time"":""2026-04-28T00:46:18.111508Z"",""no_price_dollars"":""0.2800"",""taker_side"":""yes"",""ticker"":""KXETH15M-26APR272100-00"",""trade_id"":""ab4ff0bb-e73a-4bf5-ae9b-82c15c9fd891"",""yes_price_dollars"":""0.7200""}"
KXETH15M-26APR272100-00,50eebe0d-4896-45c5-738e-8dc323f54fe1,1777337180,0.7,1.0,yes,"{""count_fp"":""1.00"",""created_time"":""2026-04-28T00:46:20.401628Z"",""no_price_dollars"":""0.3000"",""taker_side"":""yes"",""ticker"":""KXETH15M-26APR272100-00"",""trade_id"":""50eebe0d-4896-45c5-738e-8dc323f54fe1"",""yes_price_dollars"":""0.7000""}"
KXETH15M-26APR272100-00,a4975725-7e71-6e56-dfb5-ee1af1097332,1777337181,0.69,1.0,yes,"{""count_fp"":""1.00"",""created_time"":""2026-04-28T00:46:21.758614Z"",""no_price_dollars"":""0.3100"",""taker_side"":""yes"",""ticker"":""KXETH15M-26APR272100-00"",""trade_id"":""a4975725-7e71-6e56-dfb5-ee1af1097332"",""yes_price_dollars"":""0.6900""}"
KXETH15M-26APR272100-00,f6be5511-2cf9-4943-4f79-3e6a20f4b89f,1777337184,0.73,10.0,yes,"{""count_fp"":""10.00"",""created_time"":""2026-04-28T00:46:24.875813Z"",""no_price_dollars"":""0.2700"",""taker_side"":""yes"",""ticker"":""KXETH15M-26APR272100-00"",""trade_id"":""f6be5511-2cf9-4943-4f79-3e6a20f4b89f"",""yes_price_dollars"":""0.7300""}"
KXETH15M-26APR272100-00,a56c72b5-85c8-7c19-d532-5ac5148eb46a,1777337184,0.7,3.0,yes,"{""count_fp"":""3.00"",""created_time"":""2026-04-28T00:46:24.108312Z"",""no_price_dollars"":""0.3000"",""taker_side"":""yes"",""ticker"":""KXETH15M-26APR272100-00"",""trade_id"":""a56c72b5-85c8-7c19-d532-5ac5148eb46a"",""yes_price_dollars"":""0.7000""}"
KXETH15M-26APR272100-00,386c6e05-daf3-7495-c3b7-286f5e4cf690,1777337184,0.68,5.0,yes,"{""count_fp"":""5.00"",""created_time"":""2026-04-28T00:46:24.108312Z"",""no_price_dollars"":""0.3200"",""taker_side"":""yes"",""ticker"":""KXETH15M-26APR272100-00"",""trade_id"":""386c6e05-daf3-7495-c3b7-286f5e4cf690"",""yes_price_dollars"":""0.6800""}"
KXETH15M-26APR272100-00,82403651-eb61-70ce-20bf-f4fbb3a88829,1777337185,0.7,3.79,no,"{""count_fp"":""3.79"",""created_time"":""2026-04-28T00:46:25.382403Z"",""no_price_dollars"":""0.3000"",""taker_side"":""no"",""ticker"":""KXETH15M-26APR272100-00"",""trade_id"":""82403651-eb61-70ce-20bf-f4fbb3a88829"",""yes_price_dollars"":""0.7000""}"
KXETH15M-26APR272100-00,669dd09f-8c34-75d4-2428-a7f09d956c72,1777337185,0.7,2.0,no,"{""count_fp"":""2.00"",""created_time"":""2026-04-28T00:46:25.382403Z"",""no_price_dollars"":""0.3000"",""taker_side"":""no"",""ticker"":""KXETH15M-26APR272100-00"",""trade_id"":""669dd09f-8c34-75d4-2428-a7f09d956c72"",""yes_price_dollars"":""0.7000""}"
KXETH15M-26APR272100-00,06b7e849-065c-419a-088e-dca69a578639,1777337187,0.74,1.0,yes,"{""count_fp"":""1.00"",""created_time"":""2026-04-28T00:46:27.477454Z"",""no_price_dollars"":""0.2600"",""taker_side"":""yes"",""ticker"":""KXETH15M-26APR272100-00"",""trade_id"":""06b7e849-065c-419a-088e-dca69a578639"",""yes_price_dollars"":""0.7400""}"
KXETH15M-26APR272100-00,fadb66ca-b37d-6aba-89ef-4861e01fd968,1777337191,0.71,36.66,no,"{""count_fp"":""36.66"",""created_time"":""2026-04-28T00:46:31.240798Z"",""no_price_dollars"":""0.2900"",""taker_side"":""no"",""ticker"":""KXETH15M-26APR272100-00"",""trade_id"":""fadb66ca-b37d-6aba-89ef-4861e01fd968"",""yes_price_dollars"":""0.7100""}"
KXETH15M-26APR272100-00,f2e9a62a-41d5-6f76-8c26-25c6db7625a1,1777337191,0.71,10.0,no,"{""count_fp"":""10.00"",""created_time"":""2026-04-28T00:46:31.240798Z"",""no_price_dollars"":""0.2900"",""taker_side"":""no"",""ticker"":""KXETH15M-26APR272100-00"",""trade_id"":""f2e9a62a-41d5-6f76-8c26-25c6db7625a1"",""yes_price_dollars"":""0.7100""}"
KXETH15M-26APR272100-00,e5656238-6768-64f5-9e06-cf01a8b4600a,1777337191,0.71,1.0,no,"{""count_fp"":""1.00"",""created_time"":""2026-04-28T00:46:31.240798Z"",""no_price_dollars"":""0.2900"",""taker_side"":""no"",""ticker"":""KXETH15M-26APR272100-00"",""trade_id"":""e5656238-6768-64f5-9e06-cf01a8b4600a"",""yes_price_dollars"":""0.7100""}"
KXETH15M-26APR272100-00,f3cf3232-37a9-5294-673d-3f5b5450b8cb,1777337191,0.75,6.49,yes,"{""count_fp"":""6.49"",""created_time"":""2026-04-28T00:46:31.163227Z"",""no_price_dollars"":""0.2500"",""taker_side"":""yes"",""ticker"":""KXETH15M-26APR272100-00"",""trade_id"":""f3cf3232-37a9-5294-673d-3f5b5450b8cb"",""yes_price_dollars"":""0.7500""}"
KXETH15M-26APR272100-00,cd874ef5-e81d-7f2e-4cfe-5341b99377ba,1777337195,0.71,25.21,yes,"{""count_fp"":""25.21"",""created_time"":""2026-04-28T00:46:35.044104Z"",""no_price_dollars"":""0.2900"",""taker_side"":""yes"",""ticker"":""KXETH15M-26APR272100-00"",""trade_id"":""cd874ef5-e81d-7f2e-4cfe-5341b99377ba"",""yes_price_dollars"":""0.7100""}"
KXETH15M-26APR272100-00,6ac0dea6-4bd3-5379-9ec7-aae289206bdd,1777337196,0.72,10.0,yes,"{""count_fp"":""10.00"",""created_time"":""2026-04-28T00:46:36.514386Z"",""no_price_dollars"":""0.2800"",""taker_side"":""yes"",""ticker"":""KXETH15M-26APR272100-00"",""trade_id"":""6ac0dea6-4bd3-5379-9ec7-aae289206bdd"",""yes_price_dollars"":""0.7200""}"
KXETH15M-26APR272100-00,ebc5629f-53d2-6a55-3433-c94afae010c6,1777337197,0.76,2.0,yes,"{""count_fp"":""2.00"",""created_time"":""2026-04-28T00:46:37.466899Z"",""no_price_dollars"":""0.2400"",""taker_side"":""yes"",""ticker"":""KXETH15M-26APR272100-00"",""trade_id"":""ebc5629f-53d2-6a55-3433-c94afae010c6"",""yes_price_dollars"":""0.7600""}"
KXETH15M-26APR272100-00,5e432c94-e321-7dd6-6472-f98bcc764975,1777337197,0.75,200.0,yes,"{""count_fp"":""200.00"",""created_time"":""2026-04-28T00:46:37.447588Z"",""no_price_dollars"":""0.2500"",""taker_side"":""yes"",""ticker"":""KXETH15M-26APR272100-00"",""trade_id"":""5e432c94-e321-7dd6-6472-f98bcc764975"",""yes_price_dollars"":""0.7500""}"
KXETH15M-26APR272100-00,b36eda10-cff8-631c-a4c4-454787ed0ce2,1777337197,0.74,7.0,yes,"{""count_fp"":""7.00"",""created_time"":""2026-04-28T00:46:37.156561Z"",""no_price_dollars"":""0.2600"",""taker_side"":""yes"",""ticker"":""KXETH15M-26APR272100-00"",""trade_id"":""b36eda10-cff8-631c-a4c4-454787ed0ce2"",""yes_price_dollars"":""0.7400""}"
KXETH15M-26APR272100-00,9690410f-9688-6206-c664-5ca877419723,1777337198,0.8,6.0,yes,"{""count_fp"":""6.00"",""created_time"":""2026-04-28T00:46:38.114275Z"",""no_price_dollars"":""0.2000"",""taker_side"":""yes"",""ticker"":""KXETH15M-26APR272100-00"",""trade_id"":""9690410f-9688-6206-c664-5ca877419723"",""yes_price_dollars"":""0.8000""}"
KXETH15M-26APR272100-00,3b0dae35-93d4-62c8-feb4-db37687fbf16,1777337198,0.8,1.0,yes,"{""count_fp"":""1.00"",""created_time"":""2026-04-28T00:46:38.114275Z"",""no_price_dollars"":""0.2000"",""taker_side"":""yes"",""ticker"":""KXETH15M-26APR272100-00"",""trade_id"":""3b0dae35-93d4-62c8-feb4-db37687fbf16"",""yes_price_dollars"":""0.8000""}"
KXETH15M-26APR272100-00,a3794462-8d97-77c6-189c-c7380398aa0f,1777337199,0.77,10.0,yes,"{""count_fp"":""10.00"",""created_time"":""2026-04-28T00:46:39.949208Z"",""no_price_dollars"":""0.2300"",""taker_side"":""yes"",""ticker"":""KXETH15M-26APR272100-00"",""trade_id"":""a3794462-8d97-77c6-189c-c7380398aa0f"",""yes_price_dollars"":""0.7700""}"
KXETH15M-26APR272100-00,1a8829e3-9df5-7e8a-3f02-5db55f15c0c6,1777337199,0.77,27.96,yes,"{""count_fp"":""27.96"",""created_time"":""2026-04-28T00:46:39.949208Z"",""no_price_dollars"":""0.2300"",""taker_side"":""yes"",""ticker"":""KXETH15M-26APR272100-00"",""trade_id"":""1a8829e3-9df5-7e8a-3f02-5db55f15c0c6"",""yes_price_dollars"":""0.7700""}"
KXETH15M-26APR272100-00,b542937e-5e45-753e-64e5-c7ad5c91fcfa,1777337199,0.79,14.0,yes,"{""count_fp"":""14.00"",""created_time"":""2026-04-28T00:46:39.041851Z"",""no_price_dollars"":""0.2100"",""taker_side"":""yes"",""ticker"":""KXETH15M-26APR272100-00"",""trade_id"":""b542937e-5e45-753e-64e5-c7ad5c91fcfa"",""yes_price_dollars"":""0.7900""}"
KXETH15M-26APR272100-00,865f7623-c902-5d03-4cd5-299768bdc088,1777337202,0.73,3.52,no,"{""count_fp"":""3.52"",""created_time"":""2026-04-28T00:46:42.404611Z"",""no_price_dollars"":""0.2700"",""taker_side"":""no"",""ticker"":""KXETH15M-26APR272100-00"",""trade_id"":""865f7623-c902-5d03-4cd5-299768bdc088"",""yes_price_dollars"":""0.7300""}"
KXETH15M-26APR272100-00,ee9c47d2-b31e-4bcb-41f3-1a3e8cc95334,1777337202,0.73,1.0,no,"{""count_fp"":""1.00"",""created_time"":""2026-04-28T00:46:42.397827Z"",""no_price_dollars"":""0.2700"",""taker_side"":""no"",""ticker"":""KXETH15M-26APR272100-00"",""trade_id"":""ee9c47d2-b31e-4bcb-41f3-1a3e8cc95334"",""yes_price_dollars"":""0.7300""}"
KXETH15M-26APR272100-00,6d7a777e-c5aa-5c07-9c5e-d41dd1217824,1777337207,0.74,10.0,no,"{""count_fp"":""10.00"",""created_time"":""2026-04-28T00:46:47.769785Z"",""no_price_dollars"":""0.2600"",""taker_side"":""no"",""ticker"":""KXETH15M-26APR272100-00"",""trade_id"":""6d7a777e-c5aa-5c07-9c5e-d41dd1217824"",""yes_price_dollars"":""0.7400""}"
KXETH15M-26APR272100-00,235182f6-9bb6-523b-ae2a-25952f9dec3e,1777337207,0.74,7.0,no,"{""count_fp"":""7.00"",""created_time"":""2026-04-28T00:46:47.769785Z"",""no_price_dollars"":""0.2600"",""taker_side"":""no"",""ticker"":""KXETH15M-26APR272100-00"",""trade_id"":""235182f6-9bb6-523b-ae2a-25952f9dec3e"",""yes_price_dollars"":""0.7400""}"
KXETH15M-26APR272100-00,2a941733-e442-53a1-c74d-c8f0d84a1157,1777337207,0.75,10.0,yes,"{""count_fp"":""10.00"",""created_time"":""2026-04-28T00:46:47.149078Z"",""no_price_dollars"":""0.2500"",""taker_side"":""yes"",""ticker"":""KXETH15M-26APR272100-00"",""trade_id"":""2a941733-e442-53a1-c74d-c8f0d84a1157"",""yes_price_dollars"":""0.7500""}"
KXETH15M-26APR272100-00,7e1a00a4-200c-4fb6-bea9-69bfaf1a23db,1777337208,0.77,9.0,yes,"{""count_fp"":""9.00"",""created_time"":""2026-04-28T00:46:48.122749Z"",""no_price_dollars"":""0.2300"",""taker_side"":""yes"",""ticker"":""KXETH15M-26APR272100-00"",""trade_id"":""7e1a00a4-200c-4fb6-bea9-69bfaf1a23db"",""yes_price_dollars"":""0.7700""}"
KXETH15M-26APR272100-00,349a6638-ea5e-5d5b-7839-693edd77ccc7,1777337209,0.75,6.8,no,"{""count_fp"":""6.80"",""created_time"":""2026-04-28T00:46:49.609701Z"",""no_price_dollars"":""0.2500"",""taker_side"":""no"",""ticker"":""KXETH15M-26APR272100-00"",""trade_id"":""349a6638-ea5e-5d5b-7839-693edd77ccc7"",""yes_price_dollars"":""0.7500""}"
KXETH15M-26APR272100-00,d22bead8-58ac-4c6d-81da-a9a90c44501c,1777337210,0.79,4.0,yes,"{""count_fp"":""4.00"",""created_time"":""2026-04-28T00:46:50.119779Z"",""no_price_dollars"":""0.2100"",""taker_side"":""yes"",""ticker"":""KXETH15M-26APR272100-00"",""trade_id"":""d22bead8-58ac-4c6d-81da-a9a90c44501c"",""yes_price_dollars"":""0.7900""}"
KXETH15M-26APR272100-00,b3956ccb-442d-44f2-b2e5-120df9913382,1777337210,0.79,3.0,yes,"{""count_fp"":""3.00"",""created_time"":""2026-04-28T00:46:50.119779Z"",""no_price_dollars"":""0.2100"",""taker_side"":""yes"",""ticker"":""KXETH15M-26APR272100-00"",""trade_id"":""b3956ccb-442d-44f2-b2e5-120df9913382"",""yes_price_dollars"":""0.7900""}"
KXETH15M-26APR272100-00,66b045ff-afbe-6f9a-8779-91e82ff492dc,1777337211,0.77,6.0,yes,"{""count_fp"":""6.00"",""created_time"":""2026-04-28T00:46:51.130073Z"",""no_price_dollars"":""0.2300"",""taker_side"":""yes"",""ticker"":""KXETH15M-26APR272100-00"",""trade_id"":""66b045ff-afbe-6f9a-8779-91e82ff492dc"",""yes_price_dollars"":""0.7700""}"
KXETH15M-26APR272100-00,656be3b9-b9bd-4286-c46f-47a8592142c8,1777337214,0.75,1.0,no,"{""count_fp"":""1.00"",""created_time"":""2026-04-28T00:46:54.568842Z"",""no_price_dollars"":""0.2500"",""taker_side"":""no"",""ticker"":""KXETH15M-26APR272100-00"",""trade_id"":""656be3b9-b9bd-4286-c46f-47a8592142c8"",""yes_price_dollars"":""0.7500""}"
KXETH15M-26APR272100-00,e0ebb53a-e839-5c2a-8649-471b76d1af26,1777337215,0.78,2.48,yes,"{""count_fp"":""2.48"",""created_time"":""2026-04-28T00:46:55.838291Z"",""no_price_dollars"":""0.2200"",""taker_side"":""yes"",""ticker"":""KXETH15M-26APR272100-00"",""trade_id"":""e0ebb53a-e839-5c2a-8649-471b76d1af26"",""yes_price_dollars"":""0.7800""}"
KXETH15M-26APR272100-00,572b32b2-7fc1-7d5e-e53a-7fba41188192,1777337215,0.78,0.31,yes,"{""count_fp"":""0.31"",""created_time"":""2026-04-28T00:46:55.717955Z"",""no_price_dollars"":""0.2200"",""taker_side"":""yes"",""ticker"":""KXETH15M-26APR272100-00"",""trade_id"":""572b32b2-7fc1-7d5e-e53a-7fba41188192"",""yes_price_dollars"":""0.7800""}"
KXETH15M-26APR272100-00,b1cc4f1d-2e81-6056-d500-e9dd12a8e1d6,1777337216,0.78,1.0,yes,"{""count_fp"":""1.00"",""created_time"":""2026-04-28T00:46:56.909895Z"",""no_price_dollars"":""0.2200"",""taker_side"":""yes"",""ticker"":""KXETH15M-26APR272100-00"",""trade_id"":""b1cc4f1d-2e81-6056-d500-e9dd12a8e1d6"",""yes_price_dollars"":""0.7800""}"
KXETH15M-26APR272100-00,fd45d9f9-1b11-4a5a-d3d2-b7b164e93000,1777337217,0.75,99.0,no,"{""count_fp"":""99.00"",""created_time"":""2026-04-28T00:46:57.487837Z"",""no_price_dollars"":""0.2500"",""taker_side"":""no"",""ticker"":""KXETH15M-26APR272100-00"",""trade_id"":""fd45d9f9-1b11-4a5a-d3d2-b7b164e93000"",""yes_price_dollars"":""0.7500""}"
KXETH15M-26APR272100-00,e8111eba-40e2-4362-cd19-2f650844322d,1777337217,0.74,10.0,no,"{""count_fp"":""10.00"",""created_time"":""2026-04-28T00:46:57.487837Z"",""no_price_dollars"":""0.2600"",""taker_side"":""no"",""ticker"":""KXETH15M-26APR272100-00"",""trade_id"":""e8111eba-40e2-4362-cd19-2f650844322d"",""yes_price_dollars"":""0.7400""}"
KXETH15M-26APR272100-00,b70b567b-e787-487b-c069-4681013047a5,1777337217,0.75,20.0,no,"{""count_fp"":""20.00"",""created_time"":""2026-04-28T00:46:57.487837Z"",""no_price_dollars"":""0.2500"",""taker_side"":""no"",""ticker"":""KXETH15M-26APR272100-00"",""trade_id"":""b70b567b-e787-487b-c069-4681013047a5"",""yes_price_dollars"":""0.7500""}"
KXETH15M-26APR272100-00,8fdead32-c03b-4ea9-f5c7-b88834476617,1777337217,0.74,51.25,no,"{""count_fp"":""51.25"",""created_time"":""2026-04-28T00:46:57.487837Z"",""no_price_dollars"":""0.2600"",""taker_side"":""no"",""ticker"":""KXETH15M-26APR272100-00"",""trade_id"":""8fdead32-c03b-4ea9-f5c7-b88834476617"",""yes_price_dollars"":""0.7400""}"
KXETH15M-26APR272100-00,54957b36-02de-4b73-e210-080fb0ee9656,1777337217,0.72,174.72,no,"{""count_fp"":""174.72"",""created_time"":""2026-04-28T00:46:57.487837Z"",""no_price_dollars"":""0.2800"",""taker_side"":""no"",""ticker"":""KXETH15M-26APR272100-00"",""trade_id"":""54957b36-02de-4b73-e210-080fb0ee9656"",""yes_price_dollars"":""0.7200""}"
KXETH15M-26APR272100-00,dd30577d-c274-7638-34c7-410fa392d73a,1777337218,0.76,2.0,yes,"{""count_fp"":""2.00"",""created_time"":""2026-04-28T00:46:58.423301Z"",""no_price_dollars"":""0.2400"",""taker_side"":""yes"",""ticker"":""KXETH15M-26APR272100-00"",""trade_id"":""dd30577d-c274-7638-34c7-410fa392d73a"",""yes_price_dollars"":""0.7600""}"
KXETH15M-26APR272100-00,03924e11-b594-660c-9238-db47dd51f1de,1777337218,0.76,1.0,yes,"{""count_fp"":""1.00"",""created_time"":""2026-04-28T00:46:58.343372Z"",""no_price_dollars"":""0.2400"",""taker_side"":""yes"",""ticker"":""KXETH15M-26APR272100-00"",""trade_id"":""03924e11-b594-660c-9238-db47dd51f1de"",""yes_price_dollars"":""0.7600""}"
KXETH15M-26APR272100-00,c00664f3-029c-4640-27a2-753d5498a416,1777337219,0.77,5.0,yes,"{""count_fp"":""5.00"",""created_time"":""2026-04-28T00:46:59.718242Z"",""no_price_dollars"":""0.2300"",""taker_side"":""yes"",""ticker"":""KXETH15M-26APR272100-00"",""trade_id"":""c00664f3-029c-4640-27a2-753d5498a416"",""yes_price_dollars"":""0.7700""}"
KXETH15M-26APR272100-00,088b74e0-1ac0-7573-452b-2c65c23f3a3e,1777337219,0.77,10.0,yes,"{""count_fp"":""10.00"",""created_time"":""2026-04-28T00:46:59.613256Z"",""no_price_dollars"":""0.2300"",""taker_side"":""yes"",""ticker"":""KXETH15M-26APR272100-00"",""trade_id"":""088b74e0-1ac0-7573-452b-2c65c23f3a3e"",""yes_price_dollars"":""0.7700""}"
KXETH15M-26APR272100-00,7f551bbf-f1ed-4e92-8527-9134e301a5a6,1777337220,0.78,1.0,yes,"{""count_fp"":""1.00"",""created_time"":""2026-04-28T00:47:00.953294Z"",""no_price_dollars"":""0.2200"",""taker_side"":""yes"",""ticker"":""KXETH15M-26APR272100-00"",""trade_id"":""7f551bbf-f1ed-4e92-8527-9134e301a5a6"",""yes_price_dollars"":""0.7800""}"
KXETH15M-26APR272100-00,9f56b943-c7ba-67bc-212d-7b2e349fe5b4,1777337222,0.73,30.0,no,"{""count_fp"":""30.00"",""created_time"":""2026-04-28T00:47:02.404265Z"",""no_price_dollars"":""0.2700"",""taker_side"":""no"",""ticker"":""KXETH15M-26APR272100-00"",""trade_id"":""9f56b943-c7ba-67bc-212d-7b2e349fe5b4"",""yes_price_dollars"":""0.7300""}"
KXETH15M-26APR272100-00,91009afb-2d76-6ed4-07dd-d7c0fcdd0df2,1777337222,0.73,10.0,no,"{""count_fp"":""10.00"",""created_time"":""2026-04-28T00:47:02.404265Z"",""no_price_dollars"":""0.2700"",""taker_side"":""no"",""ticker"":""KXETH15M-26APR272100-00"",""trade_id"":""91009afb-2d76-6ed4-07dd-d7c0fcdd0df2"",""yes_price_dollars"":""0.7300""}"
KXETH15M-26APR272100-00,259bd2a7-06c9-6afa-cb91-990b4d30dc32,1777337222,0.78,19.0,yes,"{""count_fp"":""19.00"",""created_time"":""2026-04-28T00:47:02.133771Z"",""no_price_dollars"":""0.2200"",""taker_side"":""yes"",""ticker"":""KXETH15M-26APR272100-00"",""trade_id"":""259bd2a7-06c9-6afa-cb91-990b4d30dc32"",""yes_price_dollars"":""0.7800""}"
KXETH15M-26APR272100-00,84538c42-9ce8-45dc-6935-29139bac6c04,1777337223,0.77,10.0,yes,"{""count_fp"":""10.00"",""created_time"":""2026-04-28T00:47:03.129765Z"",""no_price_dollars"":""0.2300"",""taker_side"":""yes"",""ticker"":""KXETH15M-26APR272100-00"",""trade_id"":""84538c42-9ce8-45dc-6935-29139bac6c04"",""yes_price_dollars"":""0.7700""}"
KXETH15M-26APR272100-00,6a11d84c-3f29-40d2-5f43-8c6662f117ae,1777337223,0.78,6.0,yes,"{""count_fp"":""6.00"",""created_time"":""2026-04-28T00:47:03.129765Z"",""no_price_dollars"":""0.2200"",""taker_side"":""yes"",""ticker"":""KXETH15M-26APR272100-00"",""trade_id"":""6a11d84c-3f29-40d2-5f43-8c6662f117ae"",""yes_price_dollars"":""0.7800""}"
KXETH15M-26APR272100-00,6b758d9d-85a5-7a22-429e-20c022948cc6,1777337226,0.77,6.31,yes,"{""count_fp"":""6.31"",""created_time"":""2026-04-28T00:47:06.530716Z"",""no_price_dollars"":""0.2300"",""taker_side"":""yes"",""ticker"":""KXETH15M-26APR272100-00"",""trade_id"":""6b758d9d-85a5-7a22-429e-20c022948cc6"",""yes_price_dollars"":""0.7700""}"
KXETH15M-26APR272100-00,160848ce-0e19-5a46-39b1-227ebac0bb8a,1777337228,0.77,18.0,yes,"{""count_fp"":""18.00"",""created_time"":""2026-04-28T00:47:08.138986Z"",""no_price_dollars"":""0.2300"",""taker_side"":""yes"",""ticker"":""KXETH15M-26APR272100-00"",""trade_id"":""160848ce-0e19-5a46-39b1-227ebac0bb8a"",""yes_price_dollars"":""0.7700""}"
KXETH15M-26APR272100-00,86ed3f13-ebbd-4b36-a35a-72481ee36f62,1777337228,0.77,128.0,yes,"{""count_fp"":""128.00"",""created_time"":""2026-04-28T00:47:08.129448Z"",""no_price_dollars"":""0.2300"",""taker_side"":""yes"",""ticker"":""KXETH15M-26APR272100-00"",""trade_id"":""86ed3f13-ebbd-4b36-a35a-72481ee36f62"",""yes_price_dollars"":""0.7700""}"
KXETH15M-26APR272100-00,a8c49f66-adac-6da8-8447-0ccc93c3c4da,1777337231,0.78,10.0,yes,"{""count_fp"":""10.00"",""created_time"":""2026-04-28T00:47:11.145364Z"",""no_price_dollars"":""0.2200"",""taker_side"":""yes"",""ticker"":""KXETH15M-26APR272100-00"",""trade_id"":""a8c49f66-adac-6da8-8447-0ccc93c3c4da"",""yes_price_dollars"":""0.7800""}"
KXETH15M-26APR272100-00,9d41749b-7b85-6c37-b20f-c36d66109cc2,1777337231,0.79,4.0,yes,"{""count_fp"":""4.00"",""created_time"":""2026-04-28T00:47:11.145364Z"",""no_price_dollars"":""0.2100"",""taker_side"":""yes"",""ticker"":""KXETH15M-26APR272100-00"",""trade_id"":""9d41749b-7b85-6c37-b20f-c36d66109cc2"",""yes_price_dollars"":""0.7900""}"
KXETH15M-26APR272100-00,59b3ca0b-4cad-547e-f821-c85d9e340d72,1777337235,0.8,1.0,yes,"{""count_fp"":""1.00"",""created_time"":""2026-04-28T00:47:15.856797Z"",""no_price_dollars"":""0.2000"",""taker_side"":""yes"",""ticker"":""KXETH15M-26APR272100-00"",""trade_id"":""59b3ca0b-4cad-547e-f821-c85d9e340d72"",""yes_price_dollars"":""0.8000""}"
KXETH15M-26APR272100-00,6d139f81-3292-6a77-e93b-dbc54635c8ea,1777337235,0.76,19.76,no,"{""count_fp"":""19.76"",""created_time"":""2026-04-28T00:47:15.396444Z"",""no_price_dollars"":""0.2400"",""taker_side"":""no"",""ticker"":""KXETH15M-26APR272100-00"",""trade_id"":""6d139f81-3292-6a77-e93b-dbc54635c8ea"",""yes_price_dollars"":""0.7600""}"
KXETH15M-26APR272100-00,290c177b-a89d-6c91-461c-84ee84a2acea,1777337235,0.79,10.0,yes,"{""count_fp"":""10.00"",""created_time"":""2026-04-28T00:47:15.089428Z"",""no_price_dollars"":""0.2100"",""taker_side"":""yes"",""ticker"":""KXETH15M-26APR272100-00"",""trade_id"":""290c177b-a89d-6c91-461c-84ee84a2acea"",""yes_price_dollars"":""0.7900""}"
KXETH15M-26APR272100-00,03e7a750-9b01-61aa-690e-2d1f1ad9c182,1777337235,0.79,4.0,yes,"{""count_fp"":""4.00"",""created_time"":""2026-04-28T00:47:15.089428Z"",""no_price_dollars"":""0.2100"",""taker_side"":""yes"",""ticker"":""KXETH15M-26APR272100-00"",""trade_id"":""03e7a750-9b01-61aa-690e-2d1f1ad9c182"",""yes_price_dollars"":""0.7900""}"
KXETH15M-26APR272100-00,d7e6adce-afc6-5943-596d-c2cc7be0e46b,1777337235,0.76,1.97,no,"{""count_fp"":""1.97"",""created_time"":""2026-04-28T00:47:15.059844Z"",""no_price_dollars"":""0.2400"",""taker_side"":""no"",""ticker"":""KXETH15M-26APR272100-00"",""trade_id"":""d7e6adce-afc6-5943-596d-c2cc7be0e46b"",""yes_price_dollars"":""0.7600""}"
KXETH15M-26APR272100-00,39d2b248-a5b1-7b8e-29fc-f669bbd6c00e,1777337236,0.8,6.8,yes,"{""count_fp"":""6.80"",""created_time"":""2026-04-28T00:47:16.093327Z"",""no_price_dollars"":""0.2000"",""taker_side"":""yes"",""ticker"":""KXETH15M-26APR272100-00"",""trade_id"":""39d2b248-a5b1-7b8e-29fc-f669bbd6c00e"",""yes_price_dollars"":""0.8000""}"
KXETH15M-26APR272100-00,615d5a36-1474-5790-6377-e289c3cbebb6,1777337237,0.79,1.0,yes,"{""count_fp"":""1.00"",""created_time"":""2026-04-28T00:47:17.526697Z"",""no_price_dollars"":""0.2100"",""taker_side"":""yes"",""ticker"":""KXETH15M-26APR272100-00"",""trade_id"":""615d5a36-1474-5790-6377-e289c3cbebb6"",""yes_price_dollars"":""0.7900""}"
KXETH15M-26APR272100-00,2b9f99f2-52be-61f9-b67d-adb0f93b16c5,1777337238,0.76,3.95,no,"{""count_fp"":""3.95"",""created_time"":""2026-04-28T00:47:18.631197Z"",""no_price_dollars"":""0.2400"",""taker_side"":""no"",""ticker"":""KXETH15M-26APR272100-00"",""trade_id"":""2b9f99f2-52be-61f9-b67d-adb0f93b16c5"",""yes_price_dollars"":""0.7600""}"
KXETH15M-26APR272100-00,570689af-6fe1-5d46-82b8-0f4ed7e958a2,1777337238,0.8,1.22,yes,"{""count_fp"":""1.22"",""created_time"":""2026-04-28T00:47:18.542522Z"",""no_price_dollars"":""0.2000"",""taker_side"":""yes"",""ticker"":""KXETH15M-26APR272100-00"",""trade_id"":""570689af-6fe1-5d46-82b8-0f4ed7e958a2"",""yes_price_dollars"":""0.8000""}"
KXETH15M-26APR272100-00,8c126433-3381-4946-09ee-95232f27dd46,1777337238,0.8,2.46,yes,"{""count_fp"":""2.46"",""created_time"":""2026-04-28T00:47:18.096193Z"",""no_price_dollars"":""0.2000"",""taker_side"":""yes"",""ticker"":""KXETH15M-26APR272100-00"",""trade_id"":""8c126433-3381-4946-09ee-95232f27dd46"",""yes_price_dollars"":""0.8000""}"
KXETH15M-26APR272100-00,cc015cbd-aa8e-51c3-8e8f-7382091371ef,1777337242,0.77,1.14,no,"{""count_fp"":""1.14"",""created_time"":""2026-04-28T00:47:22.340489Z"",""no_price_dollars"":""0.2300"",""taker_side"":""no"",""ticker"":""KXETH15M-26APR272100-00"",""trade_id"":""cc015cbd-aa8e-51c3-8e8f-7382091371ef"",""yes_price_dollars"":""0.7700""}"
KXETH15M-26APR272100-00,ebfbd419-19ee-6c9d-9f75-6854ec5a05b9,1777337242,0.8,0.61,yes,"{""count_fp"":""0.61"",""created_time"":""2026-04-28T00:47:22.024088Z"",""no_price_dollars"":""0.2000"",""taker_side"":""yes"",""ticker"":""KXETH15M-26APR272100-00"",""trade_id"":""ebfbd419-19ee-6c9d-9f75-6854ec5a05b9"",""yes_price_dollars"":""0.8000""}"
KXETH15M-26APR272100-00,82673420-b392-759c-13cf-444bc767901c,1777337243,0.77,82.5,no,"{""count_fp"":""82.50"",""created_time"":""2026-04-28T00:47:23.974247Z"",""no_price_dollars"":""0.2300"",""taker_side"":""no"",""ticker"":""KXETH15M-26APR272100-00"",""trade_id"":""82673420-b392-759c-13cf-444bc767901c"",""yes_price_dollars"":""0.7700""}"
KXETH15M-26APR272100-00,91a8de16-c5a1-5782-485a-fbaa5f382b22,1777337245,0.8,10.0,yes,"{""count_fp"":""10.00"",""created_time"":""2026-04-28T00:47:25.168959Z"",""no_price_dollars"":""0.2000"",""taker_side"":""yes"",""ticker"":""KXETH15M-26APR272100-00"",""trade_id"":""91a8de16-c5a1-5782-485a-fbaa5f382b22"",""yes_price_dollars"":""0.8000""}"
KXETH15M-26APR272100-00,041a59c1-55c9-77f6-d73d-164de2c018fe,1777337246,0.8,5.6,yes,"{""count_fp"":""5.60"",""created_time"":""2026-04-28T00:47:26.946361Z"",""no_price_dollars"":""0.2000"",""taker_side"":""yes"",""ticker"":""KXETH15M-26APR272100-00"",""trade_id"":""041a59c1-55c9-77f6-d73d-164de2c018fe"",""yes_price_dollars"":""0.8000""}"
KXETH15M-26APR272100-00,c1b7712e-d7b2-52fe-9e5d-051b0065b5f6,1777337251,0.8,4.0,yes,"{""count_fp"":""4.00"",""created_time"":""2026-04-28T00:47:31.348058Z"",""no_price_dollars"":""0.2000"",""taker_side"":""yes"",""ticker"":""KXETH15M-26APR272100-00"",""trade_id"":""c1b7712e-d7b2-52fe-9e5d-051b0065b5f6"",""yes_price_dollars"":""0.8000""}"
KXETH15M-26APR272100-00,7c8ad21e-301a-4d5f-5198-1d9b46abec73,1777337252,0.77,2.06,no,"{""count_fp"":""2.06"",""created_time"":""2026-04-28T00:47:32.143385Z"",""no_price_dollars"":""0.2300"",""taker_side"":""no"",""ticker"":""KXETH15M-26APR272100-00"",""trade_id"":""7c8ad21e-301a-4d5f-5198-1d9b46abec73"",""yes_price_dollars"":""0.7700""}"
KXETH15M-26APR272100-00,bca555f1-8886-748e-dd1d-2e50ce956e46,1777337256,0.79,5.0,yes,"{""count_fp"":""5.00"",""created_time"":""2026-04-28T00:47:36.530749Z"",""no_price_dollars"":""0.2100"",""taker_side"":""yes"",""ticker"":""KXETH15M-26APR272100-00"",""trade_id"":""bca555f1-8886-748e-dd1d-2e50ce956e46"",""yes_price_dollars"":""0.7900""}"
KXETH15M-26APR272100-00,e7a55bad-00ed-6d5a-e180-f06cb5f89986,1777337263,0.78,11.0,yes,"{""count_fp"":""11.00"",""created_time"":""2026-04-28T00:47:43.463579Z"",""no_price_dollars"":""0.2200"",""taker_side"":""yes"",""ticker"":""KXETH15M-26APR272100-00"",""trade_id"":""e7a55bad-00ed-6d5a-e180-f06cb5f89986"",""yes_price_dollars"":""0.7800""}"
KXETH15M-26APR272100-00,61a7bd12-58c2-6716-da37-c7b203d00ceb,1777337263,0.78,10.0,yes,"{""count_fp"":""10.00"",""created_time"":""2026-04-28T00:47:43.463579Z"",""no_price_dollars"":""0.2200"",""taker_side"":""yes"",""ticker"":""KXETH15M-26APR272100-00"",""trade_id"":""61a7bd12-58c2-6716-da37-c7b203d00ceb"",""yes_price_dollars"":""0.7800""}"
KXETH15M-26APR272100-00,46a919c6-e5a2-62bb-31c4-b4105fe6e4f3,1777337266,0.75,5.0,no,"{""count_fp"":""5.00"",""created_time"":""2026-04-28T00:47:46.232092Z"",""no_price_dollars"":""0.2500"",""taker_side"":""no"",""ticker"":""KXETH15M-26APR272100-00"",""trade_id"":""46a919c6-e5a2-62bb-31c4-b4105fe6e4f3"",""yes_price_dollars"":""0.7500""}"
KXETH15M-26APR272100-00,af56b33f-c81b-5d7d-4380-7ae737cb439a,1777337270,0.74,30.0,no,"{""count_fp"":""30.00"",""created_time"":""2026-04-28T00:47:50.029408Z"",""no_price_dollars"":""0.2600"",""taker_side"":""no"",""ticker"":""KXETH15M-26APR272100-00"",""trade_id"":""af56b33f-c81b-5d7d-4380-7ae737cb439a"",""yes_price_dollars"":""0.7400""}"
KXETH15M-26APR272100-00,93e0a99a-2aba-51cf-5694-25973cc72037,1777337270,0.74,10.0,no,"{""count_fp"":""10.00"",""created_time"":""2026-04-28T00:47:50.029408Z"",""no_price_dollars"":""0.2600"",""taker_side"":""no"",""ticker"":""KXETH15M-26APR272100-00"",""trade_id"":""93e0a99a-2aba-51cf-5694-25973cc72037"",""yes_price_dollars"":""0.7400""}"
KXETH15M-26APR272100-00,ed5ad207-7c6f-757b-a8bf-531a373a1353,1777337271,0.75,3.8,no,"{""count_fp"":""3.80"",""created_time"":""2026-04-28T00:47:51.897287Z"",""no_price_dollars"":""0.2500"",""taker_side"":""no"",""ticker"":""KXETH15M-26APR272100-00"",""trade_id"":""ed5ad207-7c6f-757b-a8bf-531a373a1353"",""yes_price_dollars"":""0.7500""}"
KXETH15M-26APR272100-00,f5e479b7-c24b-6ca5-7b62-3a9d0b9063bc,1777337272,0.76,1.0,yes,"{""count_fp"":""1.00"",""created_time"":""2026-04-28T00:47:52.119174Z"",""no_price_dollars"":""0.2400"",""taker_side"":""yes"",""ticker"":""KXETH15M-26APR272100-00"",""trade_id"":""f5e479b7-c24b-6ca5-7b62-3a9d0b9063bc"",""yes_price_dollars"":""0.7600""}"
KXETH15M-26APR272100-00,d2b059fd-beb9-6406-5caa-1ca36c862682,1777337272,0.78,15.0,yes,"{""count_fp"":""15.00"",""created_time"":""2026-04-28T00:47:52.119174Z"",""no_price_dollars"":""0.2200"",""taker_side"":""yes"",""ticker"":""KXETH15M-26APR272100-00"",""trade_id"":""d2b059fd-beb9-6406-5caa-1ca36c862682"",""yes_price_dollars"":""0.7800""}"
KXETH15M-26APR272100-00,64de9f80-98ed-5d7a-b24d-3eb97e5c700a,1777337274,0.76,1.0,yes,"{""count_fp"":""1.00"",""created_time"":""2026-04-28T00:47:54.361417Z"",""no_price_dollars"":""0.2400"",""taker_side"":""yes"",""ticker"":""KXETH15M-26APR272100-00"",""trade_id"":""64de9f80-98ed-5d7a-b24d-3eb97e5c700a"",""yes_price_dollars"":""0.7600""}"
KXETH15M-26APR272100-00,bf3b1704-87f2-48c1-a428-a7ee643bea74,1777337275,0.74,10.0,no,"{""count_fp"":""10.00"",""created_time"":""2026-04-28T00:47:55.832628Z"",""no_price_dollars"":""0.2600"",""taker_side"":""no"",""ticker"":""KXETH15M-26APR272100-00"",""trade_id"":""bf3b1704-87f2-48c1-a428-a7ee643bea74"",""yes_price_dollars"":""0.7400""}"
KXETH15M-26APR272100-00,72d18373-621f-4182-9016-05d3bb61ceb4,1777337275,0.74,10.0,no,"{""count_fp"":""10.00"",""created_time"":""2026-04-28T00:47:55.832628Z"",""no_price_dollars"":""0.2600"",""taker_side"":""no"",""ticker"":""KXETH15M-26APR272100-00"",""trade_id"":""72d18373-621f-4182-9016-05d3bb61ceb4"",""yes_price_dollars"":""0.7400""}"
KXETH15M-26APR272100-00,27cb59e0-10aa-40db-b9a6-b92bcb075ae6,1777337275,0.74,34.85,no,"{""count_fp"":""34.85"",""created_time"":""2026-04-28T00:47:55.832628Z"",""no_price_dollars"":""0.2600"",""taker_side"":""no"",""ticker"":""KXETH15M-26APR272100-00"",""trade_id"":""27cb59e0-10aa-40db-b9a6-b92bcb075ae6"",""yes_price_dollars"":""0.7400""}"
KXETH15M-26APR272100-00,093acc9f-6064-4c5f-72ec-db55dc9252a4,1777337275,0.78,3.39,yes,"{""count_fp"":""3.39"",""created_time"":""2026-04-28T00:47:55.656606Z"",""no_price_dollars"":""0.2200"",""taker_side"":""yes"",""ticker"":""KXETH15M-26APR272100-00"",""trade_id"":""093acc9f-6064-4c5f-72ec-db55dc9252a4"",""yes_price_dollars"":""0.7800""}"
KXETH15M-26APR272100-00,87baebcd-8d8d-5a5f-20c3-c718299519b5,1777337279,0.77,1.0,yes,"{""count_fp"":""1.00"",""created_time"":""2026-04-28T00:47:59.358224Z"",""no_price_dollars"":""0.2300"",""taker_side"":""yes"",""ticker"":""KXETH15M-26APR272100-00"",""trade_id"":""87baebcd-8d8d-5a5f-20c3-c718299519b5"",""yes_price_dollars"":""0.7700""}"
KXETH15M-26APR272100-00,e4041ae8-7663-7181-28e0-60f4cc6e48e3,1777337283,0.79,20.0,yes,"{""count_fp"":""20.00"",""created_time"":""2026-04-28T00:48:03.246398Z"",""no_price_dollars"":""0.2100"",""taker_side"":""yes"",""ticker"":""KXETH15M-26APR272100-00"",""trade_id"":""e4041ae8-7663-7181-28e0-60f4cc6e48e3"",""yes_price_dollars"":""0.7900""}"
KXETH15M-26APR272100-00,77df43d2-614c-6794-648c-714acfc63cf5,1777337283,0.78,10.0,yes,"{""count_fp"":""10.00"",""created_time"":""2026-04-28T00:48:03.128276Z"",""no_price_dollars"":""0.2200"",""taker_side"":""yes"",""ticker"":""KXETH15M-26APR272100-00"",""trade_id"":""77df43d2-614c-6794-648c-714acfc63cf5"",""yes_price_dollars"":""0.7800""}"
KXETH15M-26APR272100-00,63314e8a-7d57-6f11-4101-402e5cf7bd7f,1777337283,0.79,14.0,yes,"{""count_fp"":""14.00"",""created_time"":""2026-04-28T00:48:03.128276Z"",""no_price_dollars"":""0.2100"",""taker_side"":""yes"",""ticker"":""KXETH15M-26APR272100-00"",""trade_id"":""63314e8a-7d57-6f11-4101-402e5cf7bd7f"",""yes_price_dollars"":""0.7900""}"
KXETH15M-26APR272100-00,35ce3d37-3901-6c9f-7608-412f2335de29,1777337283,0.77,10.0,yes,"{""count_fp"":""10.00"",""created_time"":""2026-04-28T00:48:03.128276Z"",""no_price_dollars"":""0.2300"",""taker_side"":""yes"",""ticker"":""KXETH15M-26APR272100-00"",""trade_id"":""35ce3d37-3901-6c9f-7608-412f2335de29"",""yes_price_dollars"":""0.7700""}"
KXETH15M-26APR272100-00,4b274a74-2a03-797b-4bc2-84a66e0a926d,1777337285,0.76,7.31,no,"{""count_fp"":""7.31"",""created_time"":""2026-04-28T00:48:05.264134Z"",""no_price_dollars"":""0.2400"",""taker_side"":""no"",""ticker"":""KXETH15M-26APR272100-00"",""trade_id"":""4b274a74-2a03-797b-4bc2-84a66e0a926d"",""yes_price_dollars"":""0.7600""}"
KXETH15M-26APR272100-00,4ccf997d-4ffa-48bf-58d4-979e2b12139f,1777337290,0.79,1.0,yes,"{""count_fp"":""1.00"",""created_time"":""2026-04-28T00:48:10.961752Z"",""no_price_dollars"":""0.2100"",""taker_side"":""yes"",""ticker"":""KXETH15M-26APR272100-00"",""trade_id"":""4ccf997d-4ffa-48bf-58d4-979e2b12139f"",""yes_price_dollars"":""0.7900""}"
KXETH15M-26APR272100-00,409ece7f-9f9b-64e5-f03b-0c353a6fa882,1777337292,0.76,1.0,no,"{""count_fp"":""1.00"",""created_time"":""2026-04-28T00:48:12.269394Z"",""no_price_dollars"":""0.2400"",""taker_side"":""no"",""ticker"":""KXETH15M-26APR272100-00"",""trade_id"":""409ece7f-9f9b-64e5-f03b-0c353a6fa882"",""yes_price_dollars"":""0.7600""}"
KXETH15M-26APR272100-00,7690cd9c-d08b-7aa9-8116-99071b938c42,1777337298,0.76,100.0,no,"{""count_fp"":""100.00"",""created_time"":""2026-04-28T00:48:18.621703Z"",""no_price_dollars"":""0.2400"",""taker_side"":""no"",""ticker"":""KXETH15M-26APR272100-00"",""trade_id"":""7690cd9c-d08b-7aa9-8116-99071b938c42"",""yes_price_dollars"":""0.7600""}"
KXETH15M-26APR272100-00,2b94aa8e-f25b-7b11-9b29-ab739da4dd76,1777337298,0.76,11.0,no,"{""count_fp"":""11.00"",""created_time"":""2026-04-28T00:48:18.621703Z"",""no_price_dollars"":""0.2400"",""taker_side"":""no"",""ticker"":""KXETH15M-26APR272100-00"",""trade_id"":""2b94aa8e-f25b-7b11-9b29-ab739da4dd76"",""yes_price_dollars"":""0.7600""}"
KXETH15M-26APR272100-00,d77a9856-e850-47a6-3abb-d9c18434caa7,1777337300,0.77,1.97,yes,"{""count_fp"":""1.97"",""created_time"":""2026-04-28T00:48:20.724051Z"",""no_price_dollars"":""0.2300"",""taker_side"":""yes"",""ticker"":""KXETH15M-26APR272100-00"",""trade_id"":""d77a9856-e850-47a6-3abb-d9c18434caa7"",""yes_price_dollars"":""0.7700""}"
KXETH15M-26APR272100-00,3d431a22-06d5-56ba-de4a-903ece3cfca2,1777337305,0.72,1.0,yes,"{""count_fp"":""1.00"",""created_time"":""2026-04-28T00:48:25.636189Z"",""no_price_dollars"":""0.2800"",""taker_side"":""yes"",""ticker"":""KXETH15M-26APR272100-00"",""trade_id"":""3d431a22-06d5-56ba-de4a-903ece3cfca2"",""yes_price_dollars"":""0.7200""}"
KXETH15M-26APR272100-00,58846994-773c-5206-e64d-a03bdf0e5d14,1777337306,0.69,1.0,no,"{""count_fp"":""1.00"",""created_time"":""2026-04-28T00:48:26.562246Z"",""no_price_dollars"":""0.3100"",""taker_side"":""no"",""ticker"":""KXETH15M-26APR272100-00"",""trade_id"":""58846994-773c-5206-e64d-a03bdf0e5d14"",""yes_price_dollars"":""0.6900""}"
KXETH15M-26APR272100-00,7e34c2ae-93c2-47e8-174e-68333ac2ebf8,1777337310,0.67,10.0,no,"{""count_fp"":""10.00"",""created_time"":""2026-04-28T00:48:30.855404Z"",""no_price_dollars"":""0.3300"",""taker_side"":""no"",""ticker"":""KXETH15M-26APR272100-00"",""trade_id"":""7e34c2ae-93c2-47e8-174e-68333ac2ebf8"",""yes_price_dollars"":""0.6700""}"
KXETH15M-26APR272100-00,29031012-b28b-61a7-d7cc-0eba696e8b9a,1777337311,0.69,1.0,yes,"{""count_fp"":""1.00"",""created_time"":""2026-04-28T00:48:31.859299Z"",""no_price_dollars"":""0.3100"",""taker_side"":""yes"",""ticker"":""KXETH15M-26APR272100-00"",""trade_id"":""29031012-b28b-61a7-d7cc-0eba696e8b9a"",""yes_price_dollars"":""0.6900""}"
KXETH15M-26APR272100-00,845c7a38-bb81-7ca2-1df5-5a334d9f809c,1777337312,0.65,1.0,no,"{""count_fp"":""1.00"",""created_time"":""2026-04-28T00:48:32.690999Z"",""no_price_dollars"":""0.3500"",""taker_side"":""no"",""ticker"":""KXETH15M-26APR272100-00"",""trade_id"":""845c7a38-bb81-7ca2-1df5-5a334d9f809c"",""yes_price_dollars"":""0.6500""}"
KXETH15M-26APR272100-00,33b7ef2e-442d-617a-1572-0ece98c719e0,1777337317,0.65,1.0,no,"{""count_fp"":""1.00"",""created_time"":""2026-04-28T00:48:37.751497Z"",""no_price_dollars"":""0.3500"",""taker_side"":""no"",""ticker"":""KXETH15M-26APR272100-00"",""trade_id"":""33b7ef2e-442d-617a-1572-0ece98c719e0"",""yes_price_dollars"":""0.6500""}"
KXETH15M-26APR272100-00,fec2e1e5-c8c6-4ba0-3ecc-eb6821400555,1777337317,0.66,1.0,yes,"{""count_fp"":""1.00"",""created_time"":""2026-04-28T00:48:37.401906Z"",""no_price_dollars"":""0.3400"",""taker_side"":""yes"",""ticker"":""KXETH15M-26APR272100-00"",""trade_id"":""fec2e1e5-c8c6-4ba0-3ecc-eb6821400555"",""yes_price_dollars"":""0.6600""}"
KXETH15M-26APR272100-00,890206c8-4149-6a4e-4de6-a4e7195106b4,1777337321,0.65,128.0,no,"{""count_fp"":""128.00"",""created_time"":""2026-04-28T00:48:41.524265Z"",""no_price_dollars"":""0.3500"",""taker_side"":""no"",""ticker"":""KXETH15M-26APR272100-00"",""trade_id"":""890206c8-4149-6a4e-4de6-a4e7195106b4"",""yes_price_dollars"":""0.6500""}"
KXETH15M-26APR272100-00,c2cfe28d-d425-5ede-4bcb-2b202a2af0d6,1777337322,0.66,1.0,yes,"{""count_fp"":""1.00"",""created_time"":""2026-04-28T00:48:42.467658Z"",""no_price_dollars"":""0.3400"",""taker_side"":""yes"",""ticker"":""KXETH15M-26APR272100-00"",""trade_id"":""c2cfe28d-d425-5ede-4bcb-2b202a2af0d6"",""yes_price_dollars"":""0.6600""}"
KXETH15M-26APR272100-00,f0b17a57-89c6-4a03-fd2d-0e4060d1ff02,1777337324,0.68,2.94,no,"{""count_fp"":""2.94"",""created_time"":""2026-04-28T00:48:44.841227Z"",""no_price_dollars"":""0.3200"",""taker_side"":""no"",""ticker"":""KXETH15M-26APR272100-00"",""trade_id"":""f0b17a57-89c6-4a03-fd2d-0e4060d1ff02"",""yes_price_dollars"":""0.6800""}"
KXETH15M-26APR272100-00,2f8714a1-1af7-4b9e-d788-18c00349332f,1777337324,0.68,10.0,no,"{""count_fp"":""10.00"",""created_time"":""2026-04-28T00:48:44.841227Z"",""no_price_dollars"":""0.3200"",""taker_side"":""no"",""ticker"":""KXETH15M-26APR272100-00"",""trade_id"":""2f8714a1-1af7-4b9e-d788-18c00349332f"",""yes_price_dollars"":""0.6800""}"
KXETH15M-26APR272100-00,3b7e5a7f-86be-48c7-4eb5-4187b5b4492e,1777337328,0.68,1.0,no,"{""count_fp"":""1.00"",""created_time"":""2026-04-28T00:48:48.191741Z"",""no_price_dollars"":""0.3200"",""taker_side"":""no"",""ticker"":""KXETH15M-26APR272100-00"",""trade_id"":""3b7e5a7f-86be-48c7-4eb5-4187b5b4492e"",""yes_price_dollars"":""0.6800""}"
KXETH15M-26APR272100-00,146170b6-5266-7def-7266-f89e6fcb8efa,1777337328,0.68,1.0,no,"{""count_fp"":""1.00"",""created_time"":""2026-04-28T00:48:48.160739Z"",""no_price_dollars"":""0.3200"",""taker_side"":""no"",""ticker"":""KXETH15M-26APR272100-00"",""trade_id"":""146170b6-5266-7def-7266-f89e6fcb8efa"",""yes_price_dollars"":""0.6800""}"
KXETH15M-26APR272100-00,1aaf4a1a-ac62-7a05-efbf-c07574d5ff4c,1777337329,0.7,21.0,yes,"{""count_fp"":""21.00"",""created_time"":""2026-04-28T00:48:49.284512Z"",""no_price_dollars"":""0.3000"",""taker_side"":""yes"",""ticker"":""KXETH15M-26APR272100-00"",""trade_id"":""1aaf4a1a-ac62-7a05-efbf-c07574d5ff4c"",""yes_price_dollars"":""0.7000""}"
KXETH15M-26APR272100-00,09d421c2-a0ad-58f9-c546-94e9d47882da,1777337331,0.71,1.0,no,"{""count_fp"":""1.00"",""created_time"":""2026-04-28T00:48:51.337687Z"",""no_price_dollars"":""0.2900"",""taker_side"":""no"",""ticker"":""KXETH15M-26APR272100-00"",""trade_id"":""09d421c2-a0ad-58f9-c546-94e9d47882da"",""yes_price_dollars"":""0.7100""}"
KXETH15M-26APR272100-00,079ce674-cbd9-5539-9dac-b080b0fa64de,1777337333,0.71,1.0,no,"{""count_fp"":""1.00"",""created_time"":""2026-04-28T00:48:53.644359Z"",""no_price_dollars"":""0.2900"",""taker_side"":""no"",""ticker"":""KXETH15M-26APR272100-00"",""trade_id"":""079ce674-cbd9-5539-9dac-b080b0fa64de"",""yes_price_dollars"":""0.7100""}"
KXETH15M-26APR272100-00,ebfeb883-1a06-7d18-d4f3-4f89399d4935,1777337340,0.75,10.0,yes,"{""count_fp"":""10.00"",""created_time"":""2026-04-28T00:49:00.190576Z"",""no_price_dollars"":""0.2500"",""taker_side"":""yes"",""ticker"":""KXETH15M-26APR272100-00"",""trade_id"":""ebfeb883-1a06-7d18-d4f3-4f89399d4935"",""yes_price_dollars"":""0.7500""}"
KXETH15M-26APR272100-00,7b2bf818-3c0f-7e19-ee23-42bfc1e8b0b7,1777337340,0.76,10.0,yes,"{""count_fp"":""10.00"",""created_time"":""2026-04-28T00:49:00.190576Z"",""no_price_dollars"":""0.2400"",""taker_side"":""yes"",""ticker"":""KXETH15M-26APR272100-00"",""trade_id"":""7b2bf818-3c0f-7e19-ee23-42bfc1e8b0b7"",""yes_price_dollars"":""0.7600""}"
KXETH15M-26APR272100-00,090d5eff-cede-67f4-f5eb-e9367ceb5639,1777337340,0.75,2.0,yes,"{""count_fp"":""2.00"",""created_time"":""2026-04-28T00:49:00.068175Z"",""no_price_dollars"":""0.2500"",""taker_side"":""yes"",""ticker"":""KXETH15M-26APR272100-00"",""trade_id"":""090d5eff-cede-67f4-f5eb-e9367ceb5639"",""yes_price_dollars"":""0.7500""}"
KXETH15M-26APR272100-00,920f5f03-5e11-74c6-0802-a804ff0a2e2a,1777337344,0.77,1.0,yes,"{""count_fp"":""1.00"",""created_time"":""2026-04-28T00:49:04.363936Z"",""no_price_dollars"":""0.2300"",""taker_side"":""yes"",""ticker"":""KXETH15M-26APR272100-00"",""trade_id"":""920f5f03-5e11-74c6-0802-a804ff0a2e2a"",""yes_price_dollars"":""0.7700""}"
KXETH15M-26APR272100-00,ccdc1a3a-bfc2-7e34-bf60-042a3525f7d5,1777337344,0.77,10.0,yes,"{""count_fp"":""10.00"",""created_time"":""2026-04-28T00:49:04.283107Z"",""no_price_dollars"":""0.2300"",""taker_side"":""yes"",""ticker"":""KXETH15M-26APR272100-00"",""trade_id"":""ccdc1a3a-bfc2-7e34-bf60-042a3525f7d5"",""yes_price_dollars"":""0.7700""}"
KXETH15M-26APR272100-00,4c49f6cf-ef39-7126-ba0c-eadd9393abc6,1777337344,0.77,40.0,yes,"{""count_fp"":""40.00"",""created_time"":""2026-04-28T00:49:04.283107Z"",""no_price_dollars"":""0.2300"",""taker_side"":""yes"",""ticker"":""KXETH15M-26APR272100-00"",""trade_id"":""4c49f6cf-ef39-7126-ba0c-eadd9393abc6"",""yes_price_dollars"":""0.7700""}"
KXETH15M-26APR272100-00,b43321b5-2fa0-45fe-33f1-71418398282e,1777337364,0.71,3.0,no,"{""count_fp"":""3.00"",""created_time"":""2026-04-28T00:49:24.640939Z"",""no_price_dollars"":""0.2900"",""taker_side"":""no"",""ticker"":""KXETH15M-26APR272100-00"",""trade_id"":""b43321b5-2fa0-45fe-33f1-71418398282e"",""yes_price_dollars"":""0.7100""}"
KXETH15M-26APR272100-00,3aedd6a0-bea4-4ef3-3b15-21828afe2f07,1777337364,0.69,6.2,no,"{""count_fp"":""6.20"",""created_time"":""2026-04-28T00:49:24.640939Z"",""no_price_dollars"":""0.3100"",""taker_side"":""no"",""ticker"":""KXETH15M-26APR272100-00"",""trade_id"":""3aedd6a0-bea4-4ef3-3b15-21828afe2f07"",""yes_price_dollars"":""0.6900""}"
KXETH15M-26APR272100-00,6d6e6d1f-cf18-6959-3757-911f2d5ae88a,1777337369,0.71,10.0,yes,"{""count_fp"":""10.00"",""created_time"":""2026-04-28T00:49:29.800364Z"",""no_price_dollars"":""0.2900"",""taker_side"":""yes"",""ticker"":""KXETH15M-26APR272100-00"",""trade_id"":""6d6e6d1f-cf18-6959-3757-911f2d5ae88a"",""yes_price_dollars"":""0.7100""}"
KXETH15M-26APR272100-00,6aace59a-ecde-6611-1ff0-c10be918e1a5,1777337369,0.72,9.19,yes,"{""count_fp"":""9.19"",""created_time"":""2026-04-28T00:49:29.800364Z"",""no_price_dollars"":""0.2800"",""taker_side"":""yes"",""ticker"":""KXETH15M-26APR272100-00"",""trade_id"":""6aace59a-ecde-6611-1ff0-c10be918e1a5"",""yes_price_dollars"":""0.7200""}"
KXETH15M-26APR272100-00,109bc773-9ce1-6d10-a488-8abbdaecff14,1777337376,0.74,1.0,yes,"{""count_fp"":""1.00"",""created_time"":""2026-04-28T00:49:36.372335Z"",""no_price_dollars"":""0.2600"",""taker_side"":""yes"",""ticker"":""KXETH15M-26APR272100-00"",""trade_id"":""109bc773-9ce1-6d10-a488-8abbdaecff14"",""yes_price_dollars"":""0.7400""}"
KXETH15M-26APR272100-00,bcd7a260-4f2a-416d-9cd6-561edce78ddd,1777337383,0.74,10.0,yes,"{""count_fp"":""10.00"",""created_time"":""2026-04-28T00:49:43.799048Z"",""no_price_dollars"":""0.2600"",""taker_side"":""yes"",""ticker"":""KXETH15M-26APR272100-00"",""trade_id"":""bcd7a260-4f2a-416d-9cd6-561edce78ddd"",""yes_price_dollars"":""0.7400""}"
KXETH15M-26APR272100-00,5f534fe1-78fd-468a-8cc3-73278d88f65e,1777337383,0.75,16.32,yes,"{""count_fp"":""16.32"",""created_time"":""2026-04-28T00:49:43.799048Z"",""no_price_dollars"":""0.2500"",""taker_side"":""yes"",""ticker"":""KXETH15M-26APR272100-00"",""trade_id"":""5f534fe1-78fd-468a-8cc3-73278d88f65e"",""yes_price_dollars"":""0.7500""}"
KXETH15M-26APR272100-00,f6831c85-4b08-55e3-8c9f-e46b4ae913ce,1777337385,0.72,5.0,no,"{""count_fp"":""5.00"",""created_time"":""2026-04-28T00:49:45.626596Z"",""no_price_dollars"":""0.2800"",""taker_side"":""no"",""ticker"":""KXETH15M-26APR272100-00"",""trade_id"":""f6831c85-4b08-55e3-8c9f-e46b4ae913ce"",""yes_price_dollars"":""0.7200""}"
KXETH15M-26APR272100-00,66d5daf3-5d73-589c-bd49-09e3aa52cd03,1777337385,0.72,1.8,no,"{""count_fp"":""1.80"",""created_time"":""2026-04-28T00:49:45.626596Z"",""no_price_dollars"":""0.2800"",""taker_side"":""no"",""ticker"":""KXETH15M-26APR272100-00"",""trade_id"":""66d5daf3-5d73-589c-bd49-09e3aa52cd03"",""yes_price_dollars"":""0.7200""}"
KXETH15M-26APR272100-00,d51817f9-4aa5-765e-aea6-3f4ce9f501fe,1777337386,0.75,652.57,yes,"{""count_fp"":""652.57"",""created_time"":""2026-04-28T00:49:46.329599Z"",""no_price_dollars"":""0.2500"",""taker_side"":""yes"",""ticker"":""KXETH15M-26APR272100-00"",""trade_id"":""d51817f9-4aa5-765e-aea6-3f4ce9f501fe"",""yes_price_dollars"":""0.7500""}"
KXETH15M-26APR272100-00,7dfa4d14-7532-420b-5298-cf5d521c83f0,1777337393,0.73,0.34,yes,"{""count_fp"":""0.34"",""created_time"":""2026-04-28T00:49:53.306498Z"",""no_price_dollars"":""0.2700"",""taker_side"":""yes"",""ticker"":""KXETH15M-26APR272100-00"",""trade_id"":""7dfa4d14-7532-420b-5298-cf5d521c83f0"",""yes_price_dollars"":""0.7300""}"
KXETH15M-26APR272100-00,b2492a84-ae62-6807-c0e8-991188eb7058,1777337393,0.73,3.95,yes,"{""count_fp"":""3.95"",""created_time"":""2026-04-28T00:49:53.043951Z"",""no_price_dollars"":""0.2700"",""taker_side"":""yes"",""ticker"":""KXETH15M-26APR272100-00"",""trade_id"":""b2492a84-ae62-6807-c0e8-991188eb7058"",""yes_price_dollars"":""0.7300""}"
KXETH15M-26APR272100-00,f86c275b-774a-6069-c586-19266605ce85,1777337394,0.75,6.1,yes,"{""count_fp"":""6.10"",""created_time"":""2026-04-28T00:49:54.578513Z"",""no_price_dollars"":""0.2500"",""taker_side"":""yes"",""ticker"":""KXETH15M-26APR272100-00"",""trade_id"":""f86c275b-774a-6069-c586-19266605ce85"",""yes_price_dollars"":""0.7500""}"
KXETH15M-26APR272100-00,bf17f453-57a2-6fa2-ff9b-a412cbbbfd18,1777337394,0.75,10.0,yes,"{""count_fp"":""10.00"",""created_time"":""2026-04-28T00:49:54.578513Z"",""no_price_dollars"":""0.2500"",""taker_side"":""yes"",""ticker"":""KXETH15M-26APR272100-00"",""trade_id"":""bf17f453-57a2-6fa2-ff9b-a412cbbbfd18"",""yes_price_dollars"":""0.7500""}"
KXETH15M-26APR272100-00,94560d0a-482b-6ed2-f402-7c79fd6202d6,1777337394,0.74,10.0,yes,"{""count_fp"":""10.00"",""created_time"":""2026-04-28T00:49:54.578513Z"",""no_price_dollars"":""0.2600"",""taker_side"":""yes"",""ticker"":""KXETH15M-26APR272100-00"",""trade_id"":""94560d0a-482b-6ed2-f402-7c79fd6202d6"",""yes_price_dollars"":""0.7400""}"
KXETH15M-26APR272100-00,5cdaa204-ad2e-53af-e6cd-fdf155077b00,1777337394,0.73,0.71,yes,"{""count_fp"":""0.71"",""created_time"":""2026-04-28T00:49:54.230433Z"",""no_price_dollars"":""0.2700"",""taker_side"":""yes"",""ticker"":""KXETH15M-26APR272100-00"",""trade_id"":""5cdaa204-ad2e-53af-e6cd-fdf155077b00"",""yes_price_dollars"":""0.7300""}"
KXETH15M-26APR272100-00,a119283e-6e72-4f98-f7e6-1c67ff508b97,1777337399,0.7,10.0,yes,"{""count_fp"":""10.00"",""created_time"":""2026-04-28T00:49:59.822804Z"",""no_price_dollars"":""0.3000"",""taker_side"":""yes"",""ticker"":""KXETH15M-26APR272100-00"",""trade_id"":""a119283e-6e72-4f98-f7e6-1c67ff508b97"",""yes_price_dollars"":""0.7000""}"
KXETH15M-26APR272100-00,25fe138b-00b2-6909-0f64-4abfaef342d1,1777337400,0.71,2.0,yes,"{""count_fp"":""2.00"",""created_time"":""2026-04-28T00:50:00.257686Z"",""no_price_dollars"":""0.2900"",""taker_side"":""yes"",""ticker"":""KXETH15M-26APR272100-00"",""trade_id"":""25fe138b-00b2-6909-0f64-4abfaef342d1"",""yes_price_dollars"":""0.7100""}"
KXETH15M-26APR272100-00,74b9ea28-a0c5-6bbf-1708-7306ea54df23,1777337406,0.66,10.0,no,"{""count_fp"":""10.00"",""created_time"":""2026-04-28T00:50:06.715703Z"",""no_price_dollars"":""0.3400"",""taker_side"":""no"",""ticker"":""KXETH15M-26APR272100-00"",""trade_id"":""74b9ea28-a0c5-6bbf-1708-7306ea54df23"",""yes_price_dollars"":""0.6600""}"
KXETH15M-26APR272100-00,62d0c41c-fef0-5be7-9114-1cebfe9c5183,1777337406,0.67,10.0,no,"{""count_fp"":""10.00"",""created_time"":""2026-04-28T00:50:06.711009Z"",""no_price_dollars"":""0.3300"",""taker_side"":""no"",""ticker"":""KXETH15M-26APR272100-00"",""trade_id"":""62d0c41c-fef0-5be7-9114-1cebfe9c5183"",""yes_price_dollars"":""0.6700""}"
KXETH15M-26APR272100-00,5935f384-6c9e-5288-8c40-86a98419e248,1777337406,0.67,5.0,no,"{""count_fp"":""5.00"",""created_time"":""2026-04-28T00:50:06.711009Z"",""no_price_dollars"":""0.3300"",""taker_side"":""no"",""ticker"":""KXETH15M-26APR272100-00"",""trade_id"":""5935f384-6c9e-5288-8c40-86a98419e248"",""yes_price_dollars"":""0.6700""}"
KXETH15M-26APR272100-00,d2450e28-349c-7107-fd40-c627b59d8a53,1777337406,0.68,7.94,no,"{""count_fp"":""7.94"",""created_time"":""2026-04-28T00:50:06.116332Z"",""no_price_dollars"":""0.3200"",""taker_side"":""no"",""ticker"":""KXETH15M-26APR272100-00"",""trade_id"":""d2450e28-349c-7107-fd40-c627b59d8a53"",""yes_price_dollars"":""0.6800""}"
KXETH15M-26APR272100-00,6c31f1d1-4b23-70fe-f819-bb812cde4196,1777337406,0.68,1.0,no,"{""count_fp"":""1.00"",""created_time"":""2026-04-28T00:50:06.116332Z"",""no_price_dollars"":""0.3200"",""taker_side"":""no"",""ticker"":""KXETH15M-26APR272100-00"",""trade_id"":""6c31f1d1-4b23-70fe-f819-bb812cde4196"",""yes_price_dollars"":""0.6800""}"
KXETH15M-26APR272100-00,22515b2b-5435-6626-7e03-796e7f8a83aa,1777337409,0.66,1.0,yes,"{""count_fp"":""1.00"",""created_time"":""2026-04-28T00:50:09.860598Z"",""no_price_dollars"":""0.3400"",""taker_side"":""yes"",""ticker"":""KXETH15M-26APR272100-00"",""trade_id"":""22515b2b-5435-6626-7e03-796e7f8a83aa"",""yes_price_dollars"":""0.6600""}"
KXETH15M-26APR272100-00,24b458de-4cb3-69d4-e816-dee9a38649bf,1777337423,0.68,1.0,no,"{""count_fp"":""1.00"",""created_time"":""2026-04-28T00:50:23.278232Z"",""no_price_dollars"":""0.3200"",""taker_side"":""no"",""ticker"":""KXETH15M-26APR272100-00"",""trade_id"":""24b458de-4cb3-69d4-e816-dee9a38649bf"",""yes_price_dollars"":""0.6800""}"
KXETH15M-26APR272100-00,d0cb500e-54bd-71a2-00e9-3711522f0876,1777337427,0.71,0.78,yes,"{""count_fp"":""0.78"",""created_time"":""2026-04-28T00:50:27.339373Z"",""no_price_dollars"":""0.2900"",""taker_side"":""yes"",""ticker"":""KXETH15M-26APR272100-00"",""trade_id"":""d0cb500e-54bd-71a2-00e9-3711522f0876"",""yes_price_dollars"":""0.7100""}"
KXETH15M-26APR272100-00,69bb1e87-4bfc-7048-1d39-b83eebbdfe93,1777337427,0.7,2.0,yes,"{""count_fp"":""2.00"",""created_time"":""2026-04-28T00:50:27.339373Z"",""no_price_dollars"":""0.3000"",""taker_side"":""yes"",""ticker"":""KXETH15M-26APR272100-00"",""trade_id"":""69bb1e87-4bfc-7048-1d39-b83eebbdfe93"",""yes_price_dollars"":""0.7000""}"
KXETH15M-26APR272100-00,3b067362-c18c-563b-6e06-aee6bb6eeb5c,1777337435,0.69,3.07,no,"{""count_fp"":""3.07"",""created_time"":""2026-04-28T00:50:35.024197Z"",""no_price_dollars"":""0.3100"",""taker_side"":""no"",""ticker"":""KXETH15M-26APR272100-00"",""trade_id"":""3b067362-c18c-563b-6e06-aee6bb6eeb5c"",""yes_price_dollars"":""0.6900""}"
KXETH15M-26APR272100-00,d34dd962-57b8-6459-136e-56e62abe9194,1777337436,0.71,9.78,yes,"{""count_fp"":""9.78"",""created_time"":""2026-04-28T00:50:36.200574Z"",""no_price_dollars"":""0.2900"",""taker_side"":""yes"",""ticker"":""KXETH15M-26APR272100-00"",""trade_id"":""d34dd962-57b8-6459-136e-56e62abe9194"",""yes_price_dollars"":""0.7100""}"
KXETH15M-26APR272100-00,54bda4a6-f508-6a4c-00e8-d78e46f9466b,1777337436,0.71,10.0,yes,"{""count_fp"":""10.00"",""created_time"":""2026-04-28T00:50:36.200574Z"",""no_price_dollars"":""0.2900"",""taker_side"":""yes"",""ticker"":""KXETH15M-26APR272100-00"",""trade_id"":""54bda4a6-f508-6a4c-00e8-d78e46f9466b"",""yes_price_dollars"":""0.7100""}"
KXETH15M-26APR272100-00,30bd218d-3da9-6b02-3950-c6270023632a,1777337436,0.71,0.22,yes,"{""count_fp"":""0.22"",""created_time"":""2026-04-28T00:50:36.200574Z"",""no_price_dollars"":""0.2900"",""taker_side"":""yes"",""ticker"":""KXETH15M-26APR272100-00"",""trade_id"":""30bd218d-3da9-6b02-3950-c6270023632a"",""yes_price_dollars"":""0.7100""}"
KXETH15M-26APR272100-00,82f52771-ace7-4888-7ee5-84f98f8ae567,1777337456,0.7,100.0,no,"{""count_fp"":""100.00"",""created_time"":""2026-04-28T00:50:56.794158Z"",""no_price_dollars"":""0.3000"",""taker_side"":""no"",""ticker"":""KXETH15M-26APR272100-00"",""trade_id"":""82f52771-ace7-4888-7ee5-84f98f8ae567"",""yes_price_dollars"":""0.7000""}"
KXETH15M-26APR272100-00,2b41ea43-77e1-47ef-5cbc-32b1c3847998,1777337456,0.7,10.0,no,"{""count_fp"":""10.00"",""created_time"":""2026-04-28T00:50:56.794158Z"",""no_price_dollars"":""0.3000"",""taker_side"":""no"",""ticker"":""KXETH15M-26APR272100-00"",""trade_id"":""2b41ea43-77e1-47ef-5cbc-32b1c3847998"",""yes_price_dollars"":""0.7000""}"
KXETH15M-26APR272100-00,b248596f-56bd-62a8-8a28-0a7c7e6625ce,1777337459,0.67,2.0,no,"{""count_fp"":""2.00"",""created_time"":""2026-04-28T00:50:59.671613Z"",""no_price_dollars"":""0.3300"",""taker_side"":""no"",""ticker"":""KXETH15M-26APR272100-00"",""trade_id"":""b248596f-56bd-62a8-8a28-0a7c7e6625ce"",""yes_price_dollars"":""0.6700""}"
KXETH15M-26APR272100-00,0ead62a9-e325-6455-b384-2e131b4d4b0b,1777337459,0.68,4.0,no,"{""count_fp"":""4.00"",""created_time"":""2026-04-28T00:50:59.671613Z"",""no_price_dollars"":""0.3200"",""taker_side"":""no"",""ticker"":""KXETH15M-26APR272100-00"",""trade_id"":""0ead62a9-e325-6455-b384-2e131b4d4b0b"",""yes_price_dollars"":""0.6800""}"
KXETH15M-26APR272100-00,e3490c96-56b6-4c19-63c9-776341394ee1,1777337460,0.66,2.0,yes,"{""count_fp"":""2.00"",""created_time"":""2026-04-28T00:51:00.680715Z"",""no_price_dollars"":""0.3400"",""taker_side"":""yes"",""ticker"":""KXETH15M-26APR272100-00"",""trade_id"":""e3490c96-56b6-4c19-63c9-776341394ee1"",""yes_price_dollars"":""0.6600""}"
KXETH15M-26APR272100-00,adb11df6-5856-4e39-f6b6-9bfd64cdfaea,1777337460,0.66,2.65,yes,"{""count_fp"":""2.65"",""created_time"":""2026-04-28T00:51:00.487827Z"",""no_price_dollars"":""0.3400"",""taker_side"":""yes"",""ticker"":""KXETH15M-26APR272100-00"",""trade_id"":""adb11df6-5856-4e39-f6b6-9bfd64cdfaea"",""yes_price_dollars"":""0.6600""}"
KXETH15M-26APR272100-00,487ac77b-f17b-7415-e465-d229bbdda8d1,1777337462,0.65,2.71,no,"{""count_fp"":""2.71"",""created_time"":""2026-04-28T00:51:02.769958Z"",""no_price_dollars"":""0.3500"",""taker_side"":""no"",""ticker"":""KXETH15M-26APR272100-00"",""trade_id"":""487ac77b-f17b-7415-e465-d229bbdda8d1"",""yes_price_dollars"":""0.6500""}"
KXETH15M-26APR272100-00,8ae63dce-8e7f-609d-105d-f64166732959,1777337467,0.65,1.0,no,"{""count_fp"":""1.00"",""created_time"":""2026-04-28T00:51:07.720949Z"",""no_price_dollars"":""0.3500"",""taker_side"":""no"",""ticker"":""KXETH15M-26APR272100-00"",""trade_id"":""8ae63dce-8e7f-609d-105d-f64166732959"",""yes_price_dollars"":""0.6500""}"
KXETH15M-26APR272100-00,d5946ba7-b5b9-6d4b-6345-fbdd328bd4f9,1777337471,0.72,30.0,yes,"{""count_fp"":""30.00"",""created_time"":""2026-04-28T00:51:11.400408Z"",""no_price_dollars"":""0.2800"",""taker_side"":""yes"",""ticker"":""KXETH15M-26APR272100-00"",""trade_id"":""d5946ba7-b5b9-6d4b-6345-fbdd328bd4f9"",""yes_price_dollars"":""0.7200""}"
KXETH15M-26APR272100-00,c0b79f55-6759-6226-41ac-b7dd20a831d6,1777337471,0.72,50.0,yes,"{""count_fp"":""50.00"",""created_time"":""2026-04-28T00:51:11.400408Z"",""no_price_dollars"":""0.2800"",""taker_side"":""yes"",""ticker"":""KXETH15M-26APR272100-00"",""trade_id"":""c0b79f55-6759-6226-41ac-b7dd20a831d6"",""yes_price_dollars"":""0.7200""}"
KXETH15M-26APR272100-00,150f2c24-48ef-661f-646a-a1b3aa58421b,1777337471,0.72,10.0,yes,"{""count_fp"":""10.00"",""created_time"":""2026-04-28T00:51:11.400408Z"",""no_price_dollars"":""0.2800"",""taker_side"":""yes"",""ticker"":""KXETH15M-26APR272100-00"",""trade_id"":""150f2c24-48ef-661f-646a-a1b3aa58421b"",""yes_price_dollars"":""0.7200""}"
KXETH15M-26APR272100-00,3a2f2323-0a2a-79d1-5cfd-457df9d71927,1777337471,0.71,30.0,yes,"{""count_fp"":""30.00"",""created_time"":""2026-04-28T00:51:11.359457Z"",""no_price_dollars"":""0.2900"",""taker_side"":""yes"",""ticker"":""KXETH15M-26APR272100-00"",""trade_id"":""3a2f2323-0a2a-79d1-5cfd-457df9d71927"",""yes_price_dollars"":""0.7100""}"
KXETH15M-26APR272100-00,ccd515d4-7e75-79eb-0d38-b619c2cedddf,1777337471,0.7,30.0,yes,"{""count_fp"":""30.00"",""created_time"":""2026-04-28T00:51:11.337203Z"",""no_price_dollars"":""0.3000"",""taker_side"":""yes"",""ticker"":""KXETH15M-26APR272100-00"",""trade_id"":""ccd515d4-7e75-79eb-0d38-b619c2cedddf"",""yes_price_dollars"":""0.7000""}"
KXETH15M-26APR272100-00,1138d0d1-649e-71f5-3406-18b1ebc3c6f9,1777337471,0.7,29.71,yes,"{""count_fp"":""29.71"",""created_time"":""2026-04-28T00:51:11.337203Z"",""no_price_dollars"":""0.3000"",""taker_side"":""yes"",""ticker"":""KXETH15M-26APR272100-00"",""trade_id"":""1138d0d1-649e-71f5-3406-18b1ebc3c6f9"",""yes_price_dollars"":""0.7000""}"
KXETH15M-26APR272100-00,032d07e3-38ca-50fc-824f-972ab7c01df8,1777337471,0.69,30.0,yes,"{""count_fp"":""30.00"",""created_time"":""2026-04-28T00:51:11.321092Z"",""no_price_dollars"":""0.3100"",""taker_side"":""yes"",""ticker"":""KXETH15M-26APR272100-00"",""trade_id"":""032d07e3-38ca-50fc-824f-972ab7c01df8"",""yes_price_dollars"":""0.6900""}"
KXETH15M-26APR272100-00,c10f7eb3-e486-437e-542b-efa92829d3c3,1777337471,0.68,10.0,yes,"{""count_fp"":""10.00"",""created_time"":""2026-04-28T00:51:11.165433Z"",""no_price_dollars"":""0.3200"",""taker_side"":""yes"",""ticker"":""KXETH15M-26APR272100-00"",""trade_id"":""c10f7eb3-e486-437e-542b-efa92829d3c3"",""yes_price_dollars"":""0.6800""}"
KXETH15M-26APR272100-00,735974be-c797-5bdc-1d08-7d534a682f81,1777337473,0.71,14.19,no,"{""count_fp"":""14.19"",""created_time"":""2026-04-28T00:51:13.065854Z"",""no_price_dollars"":""0.2900"",""taker_side"":""no"",""ticker"":""KXETH15M-26APR272100-00"",""trade_id"":""735974be-c797-5bdc-1d08-7d534a682f81"",""yes_price_dollars"":""0.7100""}"
KXETH15M-26APR272100-00,2d88098f-a0ba-5e3a-0f54-241ef42ea379,1777337473,0.72,5.0,no,"{""count_fp"":""5.00"",""created_time"":""2026-04-28T00:51:13.065854Z"",""no_price_dollars"":""0.2800"",""taker_side"":""no"",""ticker"":""KXETH15M-26APR272100-00"",""trade_id"":""2d88098f-a0ba-5e3a-0f54-241ef42ea379"",""yes_price_dollars"":""0.7200""}"
KXETH15M-26APR272100-00,0bc102ad-1766-514e-d9b2-89abb558f1c6,1777337475,0.73,8.06,yes,"{""count_fp"":""8.06"",""created_time"":""2026-04-28T00:51:15.232423Z"",""no_price_dollars"":""0.2700"",""taker_side"":""yes"",""ticker"":""KXETH15M-26APR272100-00"",""trade_id"":""0bc102ad-1766-514e-d9b2-89abb558f1c6"",""yes_price_dollars"":""0.7300""}"
KXETH15M-26APR272100-00,d2b356d7-4386-6b61-50fe-6f7f23de8f18,1777337476,0.75,1.06,yes,"{""count_fp"":""1.06"",""created_time"":""2026-04-28T00:51:16.364618Z"",""no_price_dollars"":""0.2500"",""taker_side"":""yes"",""ticker"":""KXETH15M-26APR272100-00"",""trade_id"":""d2b356d7-4386-6b61-50fe-6f7f23de8f18"",""yes_price_dollars"":""0.7500""}"
KXETH15M-26APR272100-00,96eaad59-87d8-600d-6dc1-fd627755c832,1777337476,0.74,6.0,yes,"{""count_fp"":""6.00"",""created_time"":""2026-04-28T00:51:16.364618Z"",""no_price_dollars"":""0.2600"",""taker_side"":""yes"",""ticker"":""KXETH15M-26APR272100-00"",""trade_id"":""96eaad59-87d8-600d-6dc1-fd627755c832"",""yes_price_dollars"":""0.7400""}"
KXETH15M-26APR272100-00,875b9e70-604a-6e76-6b99-5beaa0e31db6,1777337476,0.73,21.94,yes,"{""count_fp"":""21.94"",""created_time"":""2026-04-28T00:51:16.364618Z"",""no_price_dollars"":""0.2700"",""taker_side"":""yes"",""ticker"":""KXETH15M-26APR272100-00"",""trade_id"":""875b9e70-604a-6e76-6b99-5beaa0e31db6"",""yes_price_dollars"":""0.7300""}"
KXETH15M-26APR272100-00,7ba66ff3-bc20-66c9-692d-1b1922988cdc,1777337476,0.74,10.0,yes,"{""count_fp"":""10.00"",""created_time"":""2026-04-28T00:51:16.364618Z"",""no_price_dollars"":""0.2600"",""taker_side"":""yes"",""ticker"":""KXETH15M-26APR272100-00"",""trade_id"":""7ba66ff3-bc20-66c9-692d-1b1922988cdc"",""yes_price_dollars"":""0.7400""}"
KXETH15M-26APR272100-00,1230c412-74f0-6ef0-75a7-0b40fc0e1064,1777337476,0.74,30.0,yes,"{""count_fp"":""30.00"",""created_time"":""2026-04-28T00:51:16.364618Z"",""no_price_dollars"":""0.2600"",""taker_side"":""yes"",""ticker"":""KXETH15M-26APR272100-00"",""trade_id"":""1230c412-74f0-6ef0-75a7-0b40fc0e1064"",""yes_price_dollars"":""0.7400""}"
KXETH15M-26APR272100-00,2471f32e-52bf-6408-1225-6d38516c939d,1777337478,0.71,2.0,no,"{""count_fp"":""2.00"",""created_time"":""2026-04-28T00:51:18.048565Z"",""no_price_dollars"":""0.2900"",""taker_side"":""no"",""ticker"":""KXETH15M-26APR272100-00"",""trade_id"":""2471f32e-52bf-6408-1225-6d38516c939d"",""yes_price_dollars"":""0.7100""}"
KXETH15M-26APR272100-00,bc3cefb4-cad6-7875-f718-a93c6474c340,1777337480,0.75,24.0,yes,"{""count_fp"":""24.00"",""created_time"":""2026-04-28T00:51:20.599591Z"",""no_price_dollars"":""0.2500"",""taker_side"":""yes"",""ticker"":""KXETH15M-26APR272100-00"",""trade_id"":""bc3cefb4-cad6-7875-f718-a93c6474c340"",""yes_price_dollars"":""0.7500""}"
KXETH15M-26APR272100-00,7a66b41b-ef38-58b4-6526-5a49959fc9de,1777337485,0.68,10.0,no,"{""count_fp"":""10.00"",""created_time"":""2026-04-28T00:51:25.859998Z"",""no_price_dollars"":""0.3200"",""taker_side"":""no"",""ticker"":""KXETH15M-26APR272100-00"",""trade_id"":""7a66b41b-ef38-58b4-6526-5a49959fc9de"",""yes_price_dollars"":""0.6800""}"
KXETH15M-26APR272100-00,46fc20af-8367-536e-acd8-e525f10a426a,1777337493,0.68,60.0,yes,"{""count_fp"":""60.00"",""created_time"":""2026-04-28T00:51:33.887997Z"",""no_price_dollars"":""0.3200"",""taker_side"":""yes"",""ticker"":""KXETH15M-26APR272100-00"",""trade_id"":""46fc20af-8367-536e-acd8-e525f10a426a"",""yes_price_dollars"":""0.6800""}"
KXETH15M-26APR272100-00,0c74e68e-7113-5c9b-f95c-4b75ecbf11f4,1777337493,0.67,10.0,yes,"{""count_fp"":""10.00"",""created_time"":""2026-04-28T00:51:33.834383Z"",""no_price_dollars"":""0.3300"",""taker_side"":""yes"",""ticker"":""KXETH15M-26APR272100-00"",""trade_id"":""0c74e68e-7113-5c9b-f95c-4b75ecbf11f4"",""yes_price_dollars"":""0.6700""}"
KXETH15M-26APR272100-00,a640e84e-f2b0-6d77-15eb-ba44bb435cfa,1777337498,0.68,2.37,yes,"{""count_fp"":""2.37"",""created_time"":""2026-04-28T00:51:38.377599Z"",""no_price_dollars"":""0.3200"",""taker_side"":""yes"",""ticker"":""KXETH15M-26APR272100-00"",""trade_id"":""a640e84e-f2b0-6d77-15eb-ba44bb435cfa"",""yes_price_dollars"":""0.6800""}"
KXETH15M-26APR272100-00,8b7ea299-f39a-52f1-384f-0ded2ef4f0f8,1777337505,0.69,30.0,yes,"{""count_fp"":""30.00"",""created_time"":""2026-04-28T00:51:45.995109Z"",""no_price_dollars"":""0.3100"",""taker_side"":""yes"",""ticker"":""KXETH15M-26APR272100-00"",""trade_id"":""8b7ea299-f39a-52f1-384f-0ded2ef4f0f8"",""yes_price_dollars"":""0.6900""}"
KXETH15M-26APR272100-00,729d2099-8f40-5a4f-098b-f46974f4bc1e,1777337505,0.68,0.63,yes,"{""count_fp"":""0.63"",""created_time"":""2026-04-28T00:51:45.995109Z"",""no_price_dollars"":""0.3200"",""taker_side"":""yes"",""ticker"":""KXETH15M-26APR272100-00"",""trade_id"":""729d2099-8f40-5a4f-098b-f46974f4bc1e"",""yes_price_dollars"":""0.6800""}"
KXETH15M-26APR272100-00,60c032a3-d292-5a81-1884-2d34f84769f3,1777337505,0.69,29.37,yes,"{""count_fp"":""29.37"",""created_time"":""2026-04-28T00:51:45.995109Z"",""no_price_dollars"":""0.3100"",""taker_side"":""yes"",""ticker"":""KXETH15M-26APR272100-00"",""trade_id"":""60c032a3-d292-5a81-1884-2d34f84769f3"",""yes_price_dollars"":""0.6900""}"
KXETH15M-26APR272100-00,71a07897-800c-509f-8cd2-2320144a5cde,1777337505,0.68,27.0,yes,"{""count_fp"":""27.00"",""created_time"":""2026-04-28T00:51:45.890503Z"",""no_price_dollars"":""0.3200"",""taker_side"":""yes"",""ticker"":""KXETH15M-26APR272100-00"",""trade_id"":""71a07897-800c-509f-8cd2-2320144a5cde"",""yes_price_dollars"":""0.6800""}"
KXETH15M-26APR272100-00,b3025551-1be8-440a-27d4-7cacf45466ec,1777337516,0.58,10.0,no,"{""count_fp"":""10.00"",""created_time"":""2026-04-28T00:51:56.990684Z"",""no_price_dollars"":""0.4200"",""taker_side"":""no"",""ticker"":""KXETH15M-26APR272100-00"",""trade_id"":""b3025551-1be8-440a-27d4-7cacf45466ec"",""yes_price_dollars"":""0.5800""}"
KXETH15M-26APR272100-00,1f643c42-308d-4147-2af7-a0d90fa03f2d,1777337516,0.58,60.0,no,"{""count_fp"":""60.00"",""created_time"":""2026-04-28T00:51:56.990684Z"",""no_price_dollars"":""0.4200"",""taker_side"":""no"",""ticker"":""KXETH15M-26APR272100-00"",""trade_id"":""1f643c42-308d-4147-2af7-a0d90fa03f2d"",""yes_price_dollars"":""0.5800""}"
KXETH15M-26APR272100-00,1d4ca99e-5583-469a-28dc-52f8993eef7e,1777337516,0.58,1.0,no,"{""count_fp"":""1.00"",""created_time"":""2026-04-28T00:51:56.990684Z"",""no_price_dollars"":""0.4200"",""taker_side"":""no"",""ticker"":""KXETH15M-26APR272100-00"",""trade_id"":""1d4ca99e-5583-469a-28dc-52f8993eef7e"",""yes_price_dollars"":""0.5800""}"
KXETH15M-26APR272100-00,0c1947a3-19ae-488a-2670-c754c12e00dd,1777337516,0.63,10.0,no,"{""count_fp"":""10.00"",""created_time"":""2026-04-28T00:51:56.990684Z"",""no_price_dollars"":""0.3700"",""taker_side"":""no"",""ticker"":""KXETH15M-26APR272100-00"",""trade_id"":""0c1947a3-19ae-488a-2670-c754c12e00dd"",""yes_price_dollars"":""0.6300""}"
KXETH15M-26APR272100-00,6b14d5af-f018-6c85-b6f9-1aebc8e9a67b,1777337516,0.64,0.29,no,"{""count_fp"":""0.29"",""created_time"":""2026-04-28T00:51:56.978967Z"",""no_price_dollars"":""0.3600"",""taker_side"":""no"",""ticker"":""KXETH15M-26APR272100-00"",""trade_id"":""6b14d5af-f018-6c85-b6f9-1aebc8e9a67b"",""yes_price_dollars"":""0.6400""}"
KXETH15M-26APR272100-00,0723e6c7-12c0-6f39-9b63-cad89fecd8d8,1777337516,0.63,10.71,no,"{""count_fp"":""10.71"",""created_time"":""2026-04-28T00:51:56.978967Z"",""no_price_dollars"":""0.3700"",""taker_side"":""no"",""ticker"":""KXETH15M-26APR272100-00"",""trade_id"":""0723e6c7-12c0-6f39-9b63-cad89fecd8d8"",""yes_price_dollars"":""0.6300""}"
KXETH15M-26APR272100-00,79b478aa-0b97-6ff1-f306-2fee2bbea9a9,1777337516,0.65,1.29,no,"{""count_fp"":""1.29"",""created_time"":""2026-04-28T00:51:56.977424Z"",""no_price_dollars"":""0.3500"",""taker_side"":""no"",""ticker"":""KXETH15M-26APR272100-00"",""trade_id"":""79b478aa-0b97-6ff1-f306-2fee2bbea9a9"",""yes_price_dollars"":""0.6500""}"
KXETH15M-26APR272100-00,70f1f6d5-3bf4-6799-f3b0-ed6b4dde8107,1777337516,0.64,9.71,no,"{""count_fp"":""9.71"",""created_time"":""2026-04-28T00:51:56.977424Z"",""no_price_dollars"":""0.3600"",""taker_side"":""no"",""ticker"":""KXETH15M-26APR272100-00"",""trade_id"":""70f1f6d5-3bf4-6799-f3b0-ed6b4dde8107"",""yes_price_dollars"":""0.6400""}"
KXETH15M-26APR272100-00,d158094e-16b2-7b13-d409-11fff0bf6177,1777337517,0.55,38.0,no,"{""count_fp"":""38.00"",""created_time"":""2026-04-28T00:51:57.051887Z"",""no_price_dollars"":""0.4500"",""taker_side"":""no"",""ticker"":""KXETH15M-26APR272100-00"",""trade_id"":""d158094e-16b2-7b13-d409-11fff0bf6177"",""yes_price_dollars"":""0.5500""}"
KXETH15M-26APR272100-00,6933f058-516d-765c-e184-159123f6f4c2,1777337517,0.54,30.0,no,"{""count_fp"":""30.00"",""created_time"":""2026-04-28T00:51:57.051887Z"",""no_price_dollars"":""0.4600"",""taker_side"":""no"",""ticker"":""KXETH15M-26APR272100-00"",""trade_id"":""6933f058-516d-765c-e184-159123f6f4c2"",""yes_price_dollars"":""0.5400""}"
KXETH15M-26APR272100-00,e2163955-8b6a-78f3-6e1a-1c5b40083c2f,1777337517,0.55,11.0,no,"{""count_fp"":""11.00"",""created_time"":""2026-04-28T00:51:57.019919Z"",""no_price_dollars"":""0.4500"",""taker_side"":""no"",""ticker"":""KXETH15M-26APR272100-00"",""trade_id"":""e2163955-8b6a-78f3-6e1a-1c5b40083c2f"",""yes_price_dollars"":""0.5500""}"
KXETH15M-26APR272100-00,badc8dc3-bcd6-7dff-043b-169e83997b4f,1777337517,0.55,1.0,no,"{""count_fp"":""1.00"",""created_time"":""2026-04-28T00:51:57.014544Z"",""no_price_dollars"":""0.4500"",""taker_side"":""no"",""ticker"":""KXETH15M-26APR272100-00"",""trade_id"":""badc8dc3-bcd6-7dff-043b-169e83997b4f"",""yes_price_dollars"":""0.5500""}"
KXETH15M-26APR272100-00,fafc15e3-824d-546e-db3d-910a895ab1a5,1777337518,0.52,2.0,no,"{""count_fp"":""2.00"",""created_time"":""2026-04-28T00:51:58.401578Z"",""no_price_dollars"":""0.4800"",""taker_side"":""no"",""ticker"":""KXETH15M-26APR272100-00"",""trade_id"":""fafc15e3-824d-546e-db3d-910a895ab1a5"",""yes_price_dollars"":""0.5200""}"
KXETH15M-26APR272100-00,a506244e-7758-44ab-4001-ab160858f8b8,1777337519,0.53,1.0,no,"{""count_fp"":""1.00"",""created_time"":""2026-04-28T00:51:59.475842Z"",""no_price_dollars"":""0.4700"",""taker_side"":""no"",""ticker"":""KXETH15M-26APR272100-00"",""trade_id"":""a506244e-7758-44ab-4001-ab160858f8b8"",""yes_price_dollars"":""0.5300""}"
KXETH15M-26APR272100-00,9ea47188-6a7c-7f00-4ee6-ab4cc4ec4990,1777337520,0.52,5.0,no,"{""count_fp"":""5.00"",""created_time"":""2026-04-28T00:52:00.249196Z"",""no_price_dollars"":""0.4800"",""taker_side"":""no"",""ticker"":""KXETH15M-26APR272100-00"",""trade_id"":""9ea47188-6a7c-7f00-4ee6-ab4cc4ec4990"",""yes_price_dollars"":""0.5200""}"
KXETH15M-26APR272100-00,6c4221cb-0ad5-7da2-5a74-a8983ff0aa7d,1777337520,0.52,198.0,no,"{""count_fp"":""198.00"",""created_time"":""2026-04-28T00:52:00.249196Z"",""no_price_dollars"":""0.4800"",""taker_side"":""no"",""ticker"":""KXETH15M-26APR272100-00"",""trade_id"":""6c4221cb-0ad5-7da2-5a74-a8983ff0aa7d"",""yes_price_dollars"":""0.5200""}"
KXETH15M-26APR272100-00,8c773793-da21-47fa-802e-6e33607446cd,1777337525,0.52,10.0,no,"{""count_fp"":""10.00"",""created_time"":""2026-04-28T00:52:05.545766Z"",""no_price_dollars"":""0.4800"",""taker_side"":""no"",""ticker"":""KXETH15M-26APR272100-00"",""trade_id"":""8c773793-da21-47fa-802e-6e33607446cd"",""yes_price_dollars"":""0.5200""}"
KXETH15M-26APR272100-00,e2b14130-515d-6ad2-bb10-69ce87ffc0fb,1777337525,0.53,15.0,yes,"{""count_fp"":""15.00"",""created_time"":""2026-04-28T00:52:05.466065Z"",""no_price_dollars"":""0.4700"",""taker_side"":""yes"",""ticker"":""KXETH15M-26APR272100-00"",""trade_id"":""e2b14130-515d-6ad2-bb10-69ce87ffc0fb"",""yes_price_dollars"":""0.5300""}"
KXETH15M-26APR272100-00,c358739e-15ea-6cf0-afbc-12e33c5d0b1b,1777337525,0.53,1.0,yes,"{""count_fp"":""1.00"",""created_time"":""2026-04-28T00:52:05.466065Z"",""no_price_dollars"":""0.4700"",""taker_side"":""yes"",""ticker"":""KXETH15M-26APR272100-00"",""trade_id"":""c358739e-15ea-6cf0-afbc-12e33c5d0b1b"",""yes_price_dollars"":""0.5300""}"
KXETH15M-26APR272100-00,e349ddc8-623c-6588-a37d-8e0de37dd431,1777337527,0.51,96.0,yes,"{""count_fp"":""96.00"",""created_time"":""2026-04-28T00:52:07.110481Z"",""no_price_dollars"":""0.4900"",""taker_side"":""yes"",""ticker"":""KXETH15M-26APR272100-00"",""trade_id"":""e349ddc8-623c-6588-a37d-8e0de37dd431"",""yes_price_dollars"":""0.5100""}"
KXETH15M-26APR272100-00,2ac121ac-1657-692b-055e-66d2b8865545,1777337527,0.47,1.0,yes,"{""count_fp"":""1.00"",""created_time"":""2026-04-28T00:52:07.100602Z"",""no_price_dollars"":""0.5300"",""taker_side"":""yes"",""ticker"":""KXETH15M-26APR272100-00"",""trade_id"":""2ac121ac-1657-692b-055e-66d2b8865545"",""yes_price_dollars"":""0.4700""}"
KXETH15M-26APR272100-00,7a309bb2-9d2d-6d3f-7602-81dae15fd5a9,1777337529,0.49,1.0,yes,"{""count_fp"":""1.00"",""created_time"":""2026-04-28T00:52:09.433687Z"",""no_price_dollars"":""0.5100"",""taker_side"":""yes"",""ticker"":""KXETH15M-26APR272100-00"",""trade_id"":""7a309bb2-9d2d-6d3f-7602-81dae15fd5a9"",""yes_price_dollars"":""0.4900""}"
KXETH15M-26APR272100-00,24b1f81c-17e5-5333-b29e-5451db974831,1777337529,0.5,3.72,yes,"{""count_fp"":""3.72"",""created_time"":""2026-04-28T00:52:09.037924Z"",""no_price_dollars"":""0.5000"",""taker_side"":""yes"",""ticker"":""KXETH15M-26APR272100-00"",""trade_id"":""24b1f81c-17e5-5333-b29e-5451db974831"",""yes_price_dollars"":""0.5000""}"
KXETH15M-26APR272100-00,b4c0b1b4-5372-5ec2-2e68-777c41956691,1777337531,0.46,16.32,no,"{""count_fp"":""16.32"",""created_time"":""2026-04-28T00:52:11.646563Z"",""no_price_dollars"":""0.5400"",""taker_side"":""no"",""ticker"":""KXETH15M-26APR272100-00"",""trade_id"":""b4c0b1b4-5372-5ec2-2e68-777c41956691"",""yes_price_dollars"":""0.4600""}"
KXETH15M-26APR272100-00,8f8cdcb8-c82f-5a34-0992-246b3589e569,1777337531,0.47,10.0,no,"{""count_fp"":""10.00"",""created_time"":""2026-04-28T00:52:11.646563Z"",""no_price_dollars"":""0.5300"",""taker_side"":""no"",""ticker"":""KXETH15M-26APR272100-00"",""trade_id"":""8f8cdcb8-c82f-5a34-0992-246b3589e569"",""yes_price_dollars"":""0.4700""}"
KXETH15M-26APR272100-00,83d5caf7-52b4-6c1c-8686-2e2685c10370,1777337533,0.44,5.0,no,"{""count_fp"":""5.00"",""created_time"":""2026-04-28T00:52:13.743007Z"",""no_price_dollars"":""0.5600"",""taker_side"":""no"",""ticker"":""KXETH15M-26APR272100-00"",""trade_id"":""83d5caf7-52b4-6c1c-8686-2e2685c10370"",""yes_price_dollars"":""0.4400""}"
KXETH15M-26APR272100-00,7e101dd1-14a6-600e-715b-72885768ca01,1777337534,0.43,3.0,no,"{""count_fp"":""3.00"",""created_time"":""2026-04-28T00:52:14.697439Z"",""no_price_dollars"":""0.5700"",""taker_side"":""no"",""ticker"":""KXETH15M-26APR272100-00"",""trade_id"":""7e101dd1-14a6-600e-715b-72885768ca01"",""yes_price_dollars"":""0.4300""}"
KXETH15M-26APR272100-00,f7708e58-f28e-41a1-cbc5-7a1b4ca8feb5,1777337534,0.44,10.0,no,"{""count_fp"":""10.00"",""created_time"":""2026-04-28T00:52:14.665401Z"",""no_price_dollars"":""0.5600"",""taker_side"":""no"",""ticker"":""KXETH15M-26APR272100-00"",""trade_id"":""f7708e58-f28e-41a1-cbc5-7a1b4ca8feb5"",""yes_price_dollars"":""0.4400""}"
KXETH15M-26APR272100-00,2dab4d43-6b52-4af2-cfe6-10b7711287f5,1777337534,0.43,11.0,no,"{""count_fp"":""11.00"",""created_time"":""2026-04-28T00:52:14.665401Z"",""no_price_dollars"":""0.5700"",""taker_side"":""no"",""ticker"":""KXETH15M-26APR272100-00"",""trade_id"":""2dab4d43-6b52-4af2-cfe6-10b7711287f5"",""yes_price_dollars"":""0.4300""}"
KXETH15M-26APR272100-00,34da2a0a-f272-6fba-4269-f7ba8efd4d4d,1777337538,0.43,3.45,no,"{""count_fp"":""3.45"",""created_time"":""2026-04-28T00:52:18.913243Z"",""no_price_dollars"":""0.5700"",""taker_side"":""no"",""ticker"":""KXETH15M-26APR272100-00"",""trade_id"":""34da2a0a-f272-6fba-4269-f7ba8efd4d4d"",""yes_price_dollars"":""0.4300""}"
KXETH15M-26APR272100-00,21b8b5b3-288e-6a5c-5f45-823f97d29f8a,1777337538,0.43,5.0,no,"{""count_fp"":""5.00"",""created_time"":""2026-04-28T00:52:18.913243Z"",""no_price_dollars"":""0.5700"",""taker_side"":""no"",""ticker"":""KXETH15M-26APR272100-00"",""trade_id"":""21b8b5b3-288e-6a5c-5f45-823f97d29f8a"",""yes_price_dollars"":""0.4300""}"
KXETH15M-26APR272100-00,a021ca1a-0c93-675e-8883-46cb4473ca87,1777337540,0.43,10.0,no,"{""count_fp"":""10.00"",""created_time"":""2026-04-28T00:52:20.930406Z"",""no_price_dollars"":""0.5700"",""taker_side"":""no"",""ticker"":""KXETH15M-26APR272100-00"",""trade_id"":""a021ca1a-0c93-675e-8883-46cb4473ca87"",""yes_price_dollars"":""0.4300""}"
KXETH15M-26APR272100-00,6884b682-3644-6143-87fa-adc968a8f22e,1777337540,0.44,5.0,no,"{""count_fp"":""5.00"",""created_time"":""2026-04-28T00:52:20.930406Z"",""no_price_dollars"":""0.5600"",""taker_side"":""no"",""ticker"":""KXETH15M-26APR272100-00"",""trade_id"":""6884b682-3644-6143-87fa-adc968a8f22e"",""yes_price_dollars"":""0.4400""}"
KXETH15M-26APR272100-00,90f216df-7416-717a-5f15-87d9f8ac7f67,1777337541,0.42,0.23,no,"{""count_fp"":""0.23"",""created_time"":""2026-04-28T00:52:21.092938Z"",""no_price_dollars"":""0.5800"",""taker_side"":""no"",""ticker"":""KXETH15M-26APR272100-00"",""trade_id"":""90f216df-7416-717a-5f15-87d9f8ac7f67"",""yes_price_dollars"":""0.4200""}"
KXETH15M-26APR272100-00,3e734f69-ca59-47a7-e90f-dfc6c43189ad,1777337542,0.41,24.59,yes,"{""count_fp"":""24.59"",""created_time"":""2026-04-28T00:52:22.699614Z"",""no_price_dollars"":""0.5900"",""taker_side"":""yes"",""ticker"":""KXETH15M-26APR272100-00"",""trade_id"":""3e734f69-ca59-47a7-e90f-dfc6c43189ad"",""yes_price_dollars"":""0.4100""}"
KXETH15M-26APR272100-00,dd5c33db-d05a-493c-6da4-a69d857f5f16,1777337542,0.4,10.0,no,"{""count_fp"":""10.00"",""created_time"":""2026-04-28T00:52:22.095804Z"",""no_price_dollars"":""0.6000"",""taker_side"":""no"",""ticker"":""KXETH15M-26APR272100-00"",""trade_id"":""dd5c33db-d05a-493c-6da4-a69d857f5f16"",""yes_price_dollars"":""0.4000""}"
KXETH15M-26APR272100-00,81bbfc92-eda6-5db9-b4f8-af266b9570be,1777337544,0.39,15.85,no,"{""count_fp"":""15.85"",""created_time"":""2026-04-28T00:52:24.788749Z"",""no_price_dollars"":""0.6100"",""taker_side"":""no"",""ticker"":""KXETH15M-26APR272100-00"",""trade_id"":""81bbfc92-eda6-5db9-b4f8-af266b9570be"",""yes_price_dollars"":""0.3900""}"
KXETH15M-26APR272100-00,8e5b8418-ffed-7127-29c1-2c0ebe9601d1,1777337545,0.41,1.0,yes,"{""count_fp"":""1.00"",""created_time"":""2026-04-28T00:52:25.801632Z"",""no_price_dollars"":""0.5900"",""taker_side"":""yes"",""ticker"":""KXETH15M-26APR272100-00"",""trade_id"":""8e5b8418-ffed-7127-29c1-2c0ebe9601d1"",""yes_price_dollars"":""0.4100""}"
KXETH15M-26APR272100-00,b56d4ee9-340a-58b4-a1c3-bdda07943829,1777337546,0.36,20.12,yes,"{""count_fp"":""20.12"",""created_time"":""2026-04-28T00:52:26.737371Z"",""no_price_dollars"":""0.6400"",""taker_side"":""yes"",""ticker"":""KXETH15M-26APR272100-00"",""trade_id"":""b56d4ee9-340a-58b4-a1c3-bdda07943829"",""yes_price_dollars"":""0.3600""}"
KXETH15M-26APR272100-00,1c899bfe-ecc5-5e5f-b0f5-0a2328a45bc1,1777337546,0.4,28.97,yes,"{""count_fp"":""28.97"",""created_time"":""2026-04-28T00:52:26.737371Z"",""no_price_dollars"":""0.6000"",""taker_side"":""yes"",""ticker"":""KXETH15M-26APR272100-00"",""trade_id"":""1c899bfe-ecc5-5e5f-b0f5-0a2328a45bc1"",""yes_price_dollars"":""0.4000""}"
KXETH15M-26APR272100-00,ce5c71bf-5260-76e9-bfba-a2b13eba0942,1777337549,0.36,2.37,no,"{""count_fp"":""2.37"",""created_time"":""2026-04-28T00:52:29.541226Z"",""no_price_dollars"":""0.6400"",""taker_side"":""no"",""ticker"":""KXETH15M-26APR272100-00"",""trade_id"":""ce5c71bf-5260-76e9-bfba-a2b13eba0942"",""yes_price_dollars"":""0.3600""}"
KXETH15M-26APR272100-00,3ba9e0d3-4745-70b4-6edc-a9a41d5d8103,1777337550,0.37,10.0,no,"{""count_fp"":""10.00"",""created_time"":""2026-04-28T00:52:30.776144Z"",""no_price_dollars"":""0.6300"",""taker_side"":""no"",""ticker"":""KXETH15M-26APR272100-00"",""trade_id"":""3ba9e0d3-4745-70b4-6edc-a9a41d5d8103"",""yes_price_dollars"":""0.3700""}"
KXETH15M-26APR272100-00,977c1477-bbb5-6ddc-da7b-22e19654a21b,1777337550,0.37,1.0,no,"{""count_fp"":""1.00"",""created_time"":""2026-04-28T00:52:30.429549Z"",""no_price_dollars"":""0.6300"",""taker_side"":""no"",""ticker"":""KXETH15M-26APR272100-00"",""trade_id"":""977c1477-bbb5-6ddc-da7b-22e19654a21b"",""yes_price_dollars"":""0.3700""}"
KXETH15M-26APR272100-00,46ce959a-537b-55b7-a14f-0e2fdeaca6bb,1777337552,0.38,0.58,yes,"{""count_fp"":""0.58"",""created_time"":""2026-04-28T00:52:32.372633Z"",""no_price_dollars"":""0.6200"",""taker_side"":""yes"",""ticker"":""KXETH15M-26APR272100-00"",""trade_id"":""46ce959a-537b-55b7-a14f-0e2fdeaca6bb"",""yes_price_dollars"":""0.3800""}"
KXETH15M-26APR272100-00,ac091b3f-8680-4fe8-9b79-01ffaaea8f6c,1777337554,0.39,2.68,no,"{""count_fp"":""2.68"",""created_time"":""2026-04-28T00:52:34.505628Z"",""no_price_dollars"":""0.6100"",""taker_side"":""no"",""ticker"":""KXETH15M-26APR272100-00"",""trade_id"":""ac091b3f-8680-4fe8-9b79-01ffaaea8f6c"",""yes_price_dollars"":""0.3900""}"
KXETH15M-26APR272100-00,ab2f162c-be5a-44d3-b647-2e94ad5e5e01,1777337554,0.39,10.0,no,"{""count_fp"":""10.00"",""created_time"":""2026-04-28T00:52:34.505628Z"",""no_price_dollars"":""0.6100"",""taker_side"":""no"",""ticker"":""KXETH15M-26APR272100-00"",""trade_id"":""ab2f162c-be5a-44d3-b647-2e94ad5e5e01"",""yes_price_dollars"":""0.3900""}"
