ticker,trade_id,ts,yes_price,count,taker_side,raw_json
KXETH15M-26APR281230-30,ed0a7b3e-1036-5f88-a0c4-55311ef7ce24,1777392915,0.48,20.08,yes,"{""count_fp"":""20.08"",""created_time"":""2026-04-28T16:15:15.251769Z"",""no_price_dollars"":""0.5200"",""taker_side"":""yes"",""ticker"":""KXETH15M-26APR281230-30"",""trade_id"":""ed0a7b3e-1036-5f88-a0c4-55311ef7ce24"",""yes_price_dollars"":""0.4800""}"
KXETH15M-26APR281230-30,a1ebf977-abbd-7f2e-131f-63f0cbb1dcfb,1777392917,0.51,2.75,yes,"{""count_fp"":""2.75"",""created_time"":""2026-04-28T16:15:17.792458Z"",""no_price_dollars"":""0.4900"",""taker_side"":""yes"",""ticker"":""KXETH15M-26APR281230-30"",""trade_id"":""a1ebf977-abbd-7f2e-131f-63f0cbb1dcfb"",""yes_price_dollars"":""0.5100""}"
KXETH15M-26APR281230-30,991b41c4-3c1a-7dc5-2521-ddf475f3e6d4,1777392917,0.5,1.0,yes,"{""count_fp"":""1.00"",""created_time"":""2026-04-28T16:15:17.792458Z"",""no_price_dollars"":""0.5000"",""taker_side"":""yes"",""ticker"":""KXETH15M-26APR281230-30"",""trade_id"":""991b41c4-3c1a-7dc5-2521-ddf475f3e6d4"",""yes_price_dollars"":""0.5000""}"
KXETH15M-26APR281230-30,bef1cb01-beff-50cc-759b-09956cb21c7e,1777392918,0.47,1.76,no,"{""count_fp"":""1.76"",""created_time"":""2026-04-28T16:15:18.172192Z"",""no_price_dollars"":""0.5300"",""taker_side"":""no"",""ticker"":""KXETH15M-26APR281230-30"",""trade_id"":""bef1cb01-beff-50cc-759b-09956cb21c7e"",""yes_price_dollars"":""0.4700""}"
KXETH15M-26APR281230-30,f3216b80-ae0a-56b4-59bd-da9d0602c8b4,1777392919,0.49,18.6,yes,"{""count_fp"":""18.60"",""created_time"":""2026-04-28T16:15:19.916244Z"",""no_price_dollars"":""0.5100"",""taker_side"":""yes"",""ticker"":""KXETH15M-26APR281230-30"",""trade_id"":""f3216b80-ae0a-56b4-59bd-da9d0602c8b4"",""yes_price_dollars"":""0.4900""}"
KXETH15M-26APR281230-30,83f06e9d-cc72-47ec-8199-dec6b26c7808,1777392922,0.46,37.0,yes,"{""count_fp"":""37.00"",""created_time"":""2026-04-28T16:15:22.852812Z"",""no_price_dollars"":""0.5400"",""taker_side"":""yes"",""ticker"":""KXETH15M-26APR281230-30"",""trade_id"":""83f06e9d-cc72-47ec-8199-dec6b26c7808"",""yes_price_dollars"":""0.4600""}"
KXETH15M-26APR281230-30,a0c04097-4fda-7188-fd95-a04d0c489340,1777392923,0.46,6.28,yes,"{""count_fp"":""6.28"",""created_time"":""2026-04-28T16:15:23.727707Z"",""no_price_dollars"":""0.5400"",""taker_side"":""yes"",""ticker"":""KXETH15M-26APR281230-30"",""trade_id"":""a0c04097-4fda-7188-fd95-a04d0c489340"",""yes_price_dollars"":""0.4600""}"
KXETH15M-26APR281230-30,9d5e480f-d22a-5e5c-12bc-97a24df085a4,1777392927,0.44,17.0,yes,"{""count_fp"":""17.00"",""created_time"":""2026-04-28T16:15:27.446474Z"",""no_price_dollars"":""0.5600"",""taker_side"":""yes"",""ticker"":""KXETH15M-26APR281230-30"",""trade_id"":""9d5e480f-d22a-5e5c-12bc-97a24df085a4"",""yes_price_dollars"":""0.4400""}"
KXETH15M-26APR281230-30,b197cc64-141b-4474-d033-bc028efb70ee,1777392927,0.41,5.0,no,"{""count_fp"":""5.00"",""created_time"":""2026-04-28T16:15:27.174189Z"",""no_price_dollars"":""0.5900"",""taker_side"":""no"",""ticker"":""KXETH15M-26APR281230-30"",""trade_id"":""b197cc64-141b-4474-d033-bc028efb70ee"",""yes_price_dollars"":""0.4100""}"
KXETH15M-26APR281230-30,bc346792-e80f-49bc-596b-dfaebefe93ab,1777392930,0.4,1.62,no,"{""count_fp"":""1.62"",""created_time"":""2026-04-28T16:15:30.876439Z"",""no_price_dollars"":""0.6000"",""taker_side"":""no"",""ticker"":""KXETH15M-26APR281230-30"",""trade_id"":""bc346792-e80f-49bc-596b-dfaebefe93ab"",""yes_price_dollars"":""0.4000""}"
KXETH15M-26APR281230-30,fec976f6-9d01-70e0-b0f0-f79d0047e665,1777392933,0.36,15.24,no,"{""count_fp"":""15.24"",""created_time"":""2026-04-28T16:15:33.773674Z"",""no_price_dollars"":""0.6400"",""taker_side"":""no"",""ticker"":""KXETH15M-26APR281230-30"",""trade_id"":""fec976f6-9d01-70e0-b0f0-f79d0047e665"",""yes_price_dollars"":""0.3600""}"
KXETH15M-26APR281230-30,d5cd8664-7210-6e5a-c449-b954bd8eeb66,1777392938,0.35,10.0,no,"{""count_fp"":""10.00"",""created_time"":""2026-04-28T16:15:38.761362Z"",""no_price_dollars"":""0.6500"",""taker_side"":""no"",""ticker"":""KXETH15M-26APR281230-30"",""trade_id"":""d5cd8664-7210-6e5a-c449-b954bd8eeb66"",""yes_price_dollars"":""0.3500""}"
KXETH15M-26APR281230-30,c506a22b-6179-6857-ea59-6cfc0037c4db,1777392938,0.35,5.0,no,"{""count_fp"":""5.00"",""created_time"":""2026-04-28T16:15:38.761362Z"",""no_price_dollars"":""0.6500"",""taker_side"":""no"",""ticker"":""KXETH15M-26APR281230-30"",""trade_id"":""c506a22b-6179-6857-ea59-6cfc0037c4db"",""yes_price_dollars"":""0.3500""}"
KXETH15M-26APR281230-30,bfb05940-3c5c-4476-8307-272aa107ddfe,1777392938,0.35,4.0,no,"{""count_fp"":""4.00"",""created_time"":""2026-04-28T16:15:38.523921Z"",""no_price_dollars"":""0.6500"",""taker_side"":""no"",""ticker"":""KXETH15M-26APR281230-30"",""trade_id"":""bfb05940-3c5c-4476-8307-272aa107ddfe"",""yes_price_dollars"":""0.3500""}"
KXETH15M-26APR281230-30,79a3c52c-5c89-48d8-424e-718ea5867cdc,1777392939,0.35,5.0,yes,"{""count_fp"":""5.00"",""created_time"":""2026-04-28T16:15:39.500845Z"",""no_price_dollars"":""0.6500"",""taker_side"":""yes"",""ticker"":""KXETH15M-26APR281230-30"",""trade_id"":""79a3c52c-5c89-48d8-424e-718ea5867cdc"",""yes_price_dollars"":""0.3500""}"
KXETH15M-26APR281230-30,589f83e9-005a-4562-7372-c0b733197ead,1777392939,0.35,16.0,yes,"{""count_fp"":""16.00"",""created_time"":""2026-04-28T16:15:39.500845Z"",""no_price_dollars"":""0.6500"",""taker_side"":""yes"",""ticker"":""KXETH15M-26APR281230-30"",""trade_id"":""589f83e9-005a-4562-7372-c0b733197ead"",""yes_price_dollars"":""0.3500""}"
KXETH15M-26APR281230-30,e6ac6df9-ec8e-6618-b663-61dd76535fd4,1777392942,0.36,35.62,yes,"{""count_fp"":""35.62"",""created_time"":""2026-04-28T16:15:42.445766Z"",""no_price_dollars"":""0.6400"",""taker_side"":""yes"",""ticker"":""KXETH15M-26APR281230-30"",""trade_id"":""e6ac6df9-ec8e-6618-b663-61dd76535fd4"",""yes_price_dollars"":""0.3600""}"
KXETH15M-26APR281230-30,e5177b45-18d2-6f6e-b3bb-398bcb898905,1777392942,0.35,100.0,yes,"{""count_fp"":""100.00"",""created_time"":""2026-04-28T16:15:42.445766Z"",""no_price_dollars"":""0.6500"",""taker_side"":""yes"",""ticker"":""KXETH15M-26APR281230-30"",""trade_id"":""e5177b45-18d2-6f6e-b3bb-398bcb898905"",""yes_price_dollars"":""0.3500""}"
KXETH15M-26APR281230-30,af687c0b-0419-561c-1c93-7498842deca4,1777392943,0.35,11.27,yes,"{""count_fp"":""11.27"",""created_time"":""2026-04-28T16:15:43.313192Z"",""no_price_dollars"":""0.6500"",""taker_side"":""yes"",""ticker"":""KXETH15M-26APR281230-30"",""trade_id"":""af687c0b-0419-561c-1c93-7498842deca4"",""yes_price_dollars"":""0.3500""}"
KXETH15M-26APR281230-30,3131a6ac-a821-51c6-0de3-aff142ca822e,1777392943,0.35,2.0,yes,"{""count_fp"":""2.00"",""created_time"":""2026-04-28T16:15:43.313192Z"",""no_price_dollars"":""0.6500"",""taker_side"":""yes"",""ticker"":""KXETH15M-26APR281230-30"",""trade_id"":""3131a6ac-a821-51c6-0de3-aff142ca822e"",""yes_price_dollars"":""0.3500""}"
KXETH15M-26APR281230-30,f949ef7a-37cf-4338-9130-9dc83626c36e,1777392945,0.32,8.0,no,"{""count_fp"":""8.00"",""created_time"":""2026-04-28T16:15:45.296711Z"",""no_price_dollars"":""0.6800"",""taker_side"":""no"",""ticker"":""KXETH15M-26APR281230-30"",""trade_id"":""f949ef7a-37cf-4338-9130-9dc83626c36e"",""yes_price_dollars"":""0.3200""}"
KXETH15M-26APR281230-30,50730976-3c00-48cc-bbf0-082fcf8ce675,1777392945,0.32,2.0,no,"{""count_fp"":""2.00"",""created_time"":""2026-04-28T16:15:45.296711Z"",""no_price_dollars"":""0.6800"",""taker_side"":""no"",""ticker"":""KXETH15M-26APR281230-30"",""trade_id"":""50730976-3c00-48cc-bbf0-082fcf8ce675"",""yes_price_dollars"":""0.3200""}"
KXETH15M-26APR281230-30,88419dc6-1251-7734-ded8-8b33ffbe57a4,1777392945,0.35,7.0,yes,"{""count_fp"":""7.00"",""created_time"":""2026-04-28T16:15:45.277139Z"",""no_price_dollars"":""0.6500"",""taker_side"":""yes"",""ticker"":""KXETH15M-26APR281230-30"",""trade_id"":""88419dc6-1251-7734-ded8-8b33ffbe57a4"",""yes_price_dollars"":""0.3500""}"
KXETH15M-26APR281230-30,4a6dad22-eb5d-6375-ce02-4f088c499a81,1777392949,0.32,9.0,no,"{""count_fp"":""9.00"",""created_time"":""2026-04-28T16:15:49.870874Z"",""no_price_dollars"":""0.6800"",""taker_side"":""no"",""ticker"":""KXETH15M-26APR281230-30"",""trade_id"":""4a6dad22-eb5d-6375-ce02-4f088c499a81"",""yes_price_dollars"":""0.3200""}"
KXETH15M-26APR281230-30,fa47ee36-08bb-6a79-fcee-43644aa684ce,1777392949,0.36,2.52,yes,"{""count_fp"":""2.52"",""created_time"":""2026-04-28T16:15:49.041968Z"",""no_price_dollars"":""0.6400"",""taker_side"":""yes"",""ticker"":""KXETH15M-26APR281230-30"",""trade_id"":""fa47ee36-08bb-6a79-fcee-43644aa684ce"",""yes_price_dollars"":""0.3600""}"
KXETH15M-26APR281230-30,d12135d9-17a1-4098-7c99-831b7e15a35c,1777392953,0.35,2.0,yes,"{""count_fp"":""2.00"",""created_time"":""2026-04-28T16:15:53.810732Z"",""no_price_dollars"":""0.6500"",""taker_side"":""yes"",""ticker"":""KXETH15M-26APR281230-30"",""trade_id"":""d12135d9-17a1-4098-7c99-831b7e15a35c"",""yes_price_dollars"":""0.3500""}"
KXETH15M-26APR281230-30,a853d299-7dd7-42f9-4add-9998018b7e5e,1777392953,0.36,1.32,yes,"{""count_fp"":""1.32"",""created_time"":""2026-04-28T16:15:53.810732Z"",""no_price_dollars"":""0.6400"",""taker_side"":""yes"",""ticker"":""KXETH15M-26APR281230-30"",""trade_id"":""a853d299-7dd7-42f9-4add-9998018b7e5e"",""yes_price_dollars"":""0.3600""}"
KXETH15M-26APR281230-30,7ce8ffdd-5a20-4a58-46e1-5f1f36860d17,1777392953,0.36,10.0,yes,"{""count_fp"":""10.00"",""created_time"":""2026-04-28T16:15:53.810732Z"",""no_price_dollars"":""0.6400"",""taker_side"":""yes"",""ticker"":""KXETH15M-26APR281230-30"",""trade_id"":""7ce8ffdd-5a20-4a58-46e1-5f1f36860d17"",""yes_price_dollars"":""0.3600""}"
KXETH15M-26APR281230-30,d5a903a7-f2ab-5835-06ed-f05d8c0222fa,1777392954,0.38,10.0,yes,"{""count_fp"":""10.00"",""created_time"":""2026-04-28T16:15:54.973311Z"",""no_price_dollars"":""0.6200"",""taker_side"":""yes"",""ticker"":""KXETH15M-26APR281230-30"",""trade_id"":""d5a903a7-f2ab-5835-06ed-f05d8c0222fa"",""yes_price_dollars"":""0.3800""}"
KXETH15M-26APR281230-30,c4e5efa5-9a5d-518c-3634-0f1174fe087c,1777392954,0.39,10.0,yes,"{""count_fp"":""10.00"",""created_time"":""2026-04-28T16:15:54.973311Z"",""no_price_dollars"":""0.6100"",""taker_side"":""yes"",""ticker"":""KXETH15M-26APR281230-30"",""trade_id"":""c4e5efa5-9a5d-518c-3634-0f1174fe087c"",""yes_price_dollars"":""0.3900""}"
KXETH15M-26APR281230-30,7fc3d7a9-2159-4de5-779d-a53cf4fb567d,1777392954,0.34,71.91,no,"{""count_fp"":""71.91"",""created_time"":""2026-04-28T16:15:54.278176Z"",""no_price_dollars"":""0.6600"",""taker_side"":""no"",""ticker"":""KXETH15M-26APR281230-30"",""trade_id"":""7fc3d7a9-2159-4de5-779d-a53cf4fb567d"",""yes_price_dollars"":""0.3400""}"
KXETH15M-26APR281230-30,df448ace-b131-5a20-7fdb-bb0955430754,1777392956,0.36,12.6,yes,"{""count_fp"":""12.60"",""created_time"":""2026-04-28T16:15:56.824604Z"",""no_price_dollars"":""0.6400"",""taker_side"":""yes"",""ticker"":""KXETH15M-26APR281230-30"",""trade_id"":""df448ace-b131-5a20-7fdb-bb0955430754"",""yes_price_dollars"":""0.3600""}"
KXETH15M-26APR281230-30,798d1a0b-5699-540f-d7ba-3726b676ba33,1777392956,0.36,10.0,yes,"{""count_fp"":""10.00"",""created_time"":""2026-04-28T16:15:56.524665Z"",""no_price_dollars"":""0.6400"",""taker_side"":""yes"",""ticker"":""KXETH15M-26APR281230-30"",""trade_id"":""798d1a0b-5699-540f-d7ba-3726b676ba33"",""yes_price_dollars"":""0.3600""}"
KXETH15M-26APR281230-30,433caa41-e229-597c-e319-d9835f3b9040,1777392956,0.36,3.0,yes,"{""count_fp"":""3.00"",""created_time"":""2026-04-28T16:15:56.524665Z"",""no_price_dollars"":""0.6400"",""taker_side"":""yes"",""ticker"":""KXETH15M-26APR281230-30"",""trade_id"":""433caa41-e229-597c-e319-d9835f3b9040"",""yes_price_dollars"":""0.3600""}"
KXETH15M-26APR281230-30,efe42877-717a-7cf3-a83a-b58dfdae3a42,1777392956,0.34,1.0,no,"{""count_fp"":""1.00"",""created_time"":""2026-04-28T16:15:56.506741Z"",""no_price_dollars"":""0.6600"",""taker_side"":""no"",""ticker"":""KXETH15M-26APR281230-30"",""trade_id"":""efe42877-717a-7cf3-a83a-b58dfdae3a42"",""yes_price_dollars"":""0.3400""}"
KXETH15M-26APR281230-30,d4c2aed5-8a6a-6dda-034f-e0a7515ffe36,1777392959,0.34,1.0,no,"{""count_fp"":""1.00"",""created_time"":""2026-04-28T16:15:59.212531Z"",""no_price_dollars"":""0.6600"",""taker_side"":""no"",""ticker"":""KXETH15M-26APR281230-30"",""trade_id"":""d4c2aed5-8a6a-6dda-034f-e0a7515ffe36"",""yes_price_dollars"":""0.3400""}"
KXETH15M-26APR281230-30,9238f537-38de-66f5-1894-280e68b4c67b,1777392959,0.33,18.06,no,"{""count_fp"":""18.06"",""created_time"":""2026-04-28T16:15:59.212531Z"",""no_price_dollars"":""0.6700"",""taker_side"":""no"",""ticker"":""KXETH15M-26APR281230-30"",""trade_id"":""9238f537-38de-66f5-1894-280e68b4c67b"",""yes_price_dollars"":""0.3300""}"
KXETH15M-26APR281230-30,47803551-0fff-6abb-0e17-bb923b3db034,1777392959,0.34,7.94,no,"{""count_fp"":""7.94"",""created_time"":""2026-04-28T16:15:59.212531Z"",""no_price_dollars"":""0.6600"",""taker_side"":""no"",""ticker"":""KXETH15M-26APR281230-30"",""trade_id"":""47803551-0fff-6abb-0e17-bb923b3db034"",""yes_price_dollars"":""0.3400""}"
KXETH15M-26APR281230-30,184ebaa8-38a7-6998-18b6-7fadff5cc21a,1777392959,0.34,10.0,no,"{""count_fp"":""10.00"",""created_time"":""2026-04-28T16:15:59.212531Z"",""no_price_dollars"":""0.6600"",""taker_side"":""no"",""ticker"":""KXETH15M-26APR281230-30"",""trade_id"":""184ebaa8-38a7-6998-18b6-7fadff5cc21a"",""yes_price_dollars"":""0.3400""}"
KXETH15M-26APR281230-30,e24d39aa-5500-579c-efa7-0e5c3cc5900c,1777392960,0.36,5.1,yes,"{""count_fp"":""5.10"",""created_time"":""2026-04-28T16:16:00.905763Z"",""no_price_dollars"":""0.6400"",""taker_side"":""yes"",""ticker"":""KXETH15M-26APR281230-30"",""trade_id"":""e24d39aa-5500-579c-efa7-0e5c3cc5900c"",""yes_price_dollars"":""0.3600""}"
KXETH15M-26APR281230-30,0875da36-4e8e-5d8b-cf19-4c7b7be12702,1777392960,0.33,4.0,yes,"{""count_fp"":""4.00"",""created_time"":""2026-04-28T16:16:00.905763Z"",""no_price_dollars"":""0.6700"",""taker_side"":""yes"",""ticker"":""KXETH15M-26APR281230-30"",""trade_id"":""0875da36-4e8e-5d8b-cf19-4c7b7be12702"",""yes_price_dollars"":""0.3300""}"
KXETH15M-26APR281230-30,08ace157-3afc-7b0a-2277-565d22add8df,1777392960,0.33,10.0,no,"{""count_fp"":""10.00"",""created_time"":""2026-04-28T16:16:00.766742Z"",""no_price_dollars"":""0.6700"",""taker_side"":""no"",""ticker"":""KXETH15M-26APR281230-30"",""trade_id"":""08ace157-3afc-7b0a-2277-565d22add8df"",""yes_price_dollars"":""0.3300""}"
KXETH15M-26APR281230-30,1e52eaf4-ff99-55b0-5b82-12ad4ae9e425,1777392960,0.33,7.16,no,"{""count_fp"":""7.16"",""created_time"":""2026-04-28T16:16:00.219463Z"",""no_price_dollars"":""0.6700"",""taker_side"":""no"",""ticker"":""KXETH15M-26APR281230-30"",""trade_id"":""1e52eaf4-ff99-55b0-5b82-12ad4ae9e425"",""yes_price_dollars"":""0.3300""}"
KXETH15M-26APR281230-30,f4559d91-51a2-6810-464d-e306090de8ec,1777392962,0.33,1.0,no,"{""count_fp"":""1.00"",""created_time"":""2026-04-28T16:16:02.207367Z"",""no_price_dollars"":""0.6700"",""taker_side"":""no"",""ticker"":""KXETH15M-26APR281230-30"",""trade_id"":""f4559d91-51a2-6810-464d-e306090de8ec"",""yes_price_dollars"":""0.3300""}"
KXETH15M-26APR281230-30,c29edafa-2326-68e9-6db7-2194ff1ea1d8,1777392962,0.33,2.0,no,"{""count_fp"":""2.00"",""created_time"":""2026-04-28T16:16:02.207367Z"",""no_price_dollars"":""0.6700"",""taker_side"":""no"",""ticker"":""KXETH15M-26APR281230-30"",""trade_id"":""c29edafa-2326-68e9-6db7-2194ff1ea1d8"",""yes_price_dollars"":""0.3300""}"
KXETH15M-26APR281230-30,7848e21f-b7b1-4582-6787-838ff1601c98,1777392964,0.36,2.0,yes,"{""count_fp"":""2.00"",""created_time"":""2026-04-28T16:16:04.207191Z"",""no_price_dollars"":""0.6400"",""taker_side"":""yes"",""ticker"":""KXETH15M-26APR281230-30"",""trade_id"":""7848e21f-b7b1-4582-6787-838ff1601c98"",""yes_price_dollars"":""0.3600""}"
KXETH15M-26APR281230-30,2482e652-e545-4b7c-6e13-c5c1b88e47d4,1777392964,0.36,1.0,yes,"{""count_fp"":""1.00"",""created_time"":""2026-04-28T16:16:04.207191Z"",""no_price_dollars"":""0.6400"",""taker_side"":""yes"",""ticker"":""KXETH15M-26APR281230-30"",""trade_id"":""2482e652-e545-4b7c-6e13-c5c1b88e47d4"",""yes_price_dollars"":""0.3600""}"
KXETH15M-26APR281230-30,04c9737f-008d-7e95-f4db-4cde50bc5451,1777392968,0.33,1.0,no,"{""count_fp"":""1.00"",""created_time"":""2026-04-28T16:16:08.600634Z"",""no_price_dollars"":""0.6700"",""taker_side"":""no"",""ticker"":""KXETH15M-26APR281230-30"",""trade_id"":""04c9737f-008d-7e95-f4db-4cde50bc5451"",""yes_price_dollars"":""0.3300""}"
KXETH15M-26APR281230-30,bdf15833-5383-6efe-bf19-232d240b8d85,1777392972,0.33,1.0,yes,"{""count_fp"":""1.00"",""created_time"":""2026-04-28T16:16:12.579541Z"",""no_price_dollars"":""0.6700"",""taker_side"":""yes"",""ticker"":""KXETH15M-26APR281230-30"",""trade_id"":""bdf15833-5383-6efe-bf19-232d240b8d85"",""yes_price_dollars"":""0.3300""}"
KXETH15M-26APR281230-30,4b5d842d-6fcb-547b-4a51-537902243f00,1777392983,0.32,10.0,yes,"{""count_fp"":""10.00"",""created_time"":""2026-04-28T16:16:23.460748Z"",""no_price_dollars"":""0.6800"",""taker_side"":""yes"",""ticker"":""KXETH15M-26APR281230-30"",""trade_id"":""4b5d842d-6fcb-547b-4a51-537902243f00"",""yes_price_dollars"":""0.3200""}"
KXETH15M-26APR281230-30,31bb20f1-5b25-7f4d-53e8-21204de130f9,1777392985,0.32,1.0,no,"{""count_fp"":""1.00"",""created_time"":""2026-04-28T16:16:25.490148Z"",""no_price_dollars"":""0.6800"",""taker_side"":""no"",""ticker"":""KXETH15M-26APR281230-30"",""trade_id"":""31bb20f1-5b25-7f4d-53e8-21204de130f9"",""yes_price_dollars"":""0.3200""}"
KXETH15M-26APR281230-30,f6def3f9-acd2-4529-9f05-0ae048ce7d47,1777392985,0.33,42.0,yes,"{""count_fp"":""42.00"",""created_time"":""2026-04-28T16:16:25.451244Z"",""no_price_dollars"":""0.6700"",""taker_side"":""yes"",""ticker"":""KXETH15M-26APR281230-30"",""trade_id"":""f6def3f9-acd2-4529-9f05-0ae048ce7d47"",""yes_price_dollars"":""0.3300""}"
KXETH15M-26APR281230-30,11d4eba7-5861-7921-8596-a916aca88f3d,1777392986,0.33,1.41,no,"{""count_fp"":""1.41"",""created_time"":""2026-04-28T16:16:26.541579Z"",""no_price_dollars"":""0.6700"",""taker_side"":""no"",""ticker"":""KXETH15M-26APR281230-30"",""trade_id"":""11d4eba7-5861-7921-8596-a916aca88f3d"",""yes_price_dollars"":""0.3300""}"
KXETH15M-26APR281230-30,305dc7c8-c281-56a9-c040-d0f3a2136655,1777392991,0.34,74.0,no,"{""count_fp"":""74.00"",""created_time"":""2026-04-28T16:16:31.832525Z"",""no_price_dollars"":""0.6600"",""taker_side"":""no"",""ticker"":""KXETH15M-26APR281230-30"",""trade_id"":""305dc7c8-c281-56a9-c040-d0f3a2136655"",""yes_price_dollars"":""0.3400""}"
KXETH15M-26APR281230-30,8d0d1a1c-10a5-50ae-b144-2f796a62497d,1777392992,0.35,5.0,no,"{""count_fp"":""5.00"",""created_time"":""2026-04-28T16:16:32.429457Z"",""no_price_dollars"":""0.6500"",""taker_side"":""no"",""ticker"":""KXETH15M-26APR281230-30"",""trade_id"":""8d0d1a1c-10a5-50ae-b144-2f796a62497d"",""yes_price_dollars"":""0.3500""}"
KXETH15M-26APR281230-30,d0d9e478-dfd9-64ed-bd6a-76c34b823fed,1777392997,0.35,19.52,no,"{""count_fp"":""19.52"",""created_time"":""2026-04-28T16:16:37.544231Z"",""no_price_dollars"":""0.6500"",""taker_side"":""no"",""ticker"":""KXETH15M-26APR281230-30"",""trade_id"":""d0d9e478-dfd9-64ed-bd6a-76c34b823fed"",""yes_price_dollars"":""0.3500""}"
KXETH15M-26APR281230-30,6b7d102a-b1d5-427d-3fb0-18f4c1ebb649,1777393002,0.38,1.5,no,"{""count_fp"":""1.50"",""created_time"":""2026-04-28T16:16:42.178166Z"",""no_price_dollars"":""0.6200"",""taker_side"":""no"",""ticker"":""KXETH15M-26APR281230-30"",""trade_id"":""6b7d102a-b1d5-427d-3fb0-18f4c1ebb649"",""yes_price_dollars"":""0.3800""}"
KXETH15M-26APR281230-30,c89bde9d-242a-5179-0ba0-e3c05c03a101,1777393005,0.39,1.34,yes,"{""count_fp"":""1.34"",""created_time"":""2026-04-28T16:16:45.468193Z"",""no_price_dollars"":""0.6100"",""taker_side"":""yes"",""ticker"":""KXETH15M-26APR281230-30"",""trade_id"":""c89bde9d-242a-5179-0ba0-e3c05c03a101"",""yes_price_dollars"":""0.3900""}"
KXETH15M-26APR281230-30,b811573b-3134-52ef-0aa7-46405b14ba49,1777393005,0.41,2.03,yes,"{""count_fp"":""2.03"",""created_time"":""2026-04-28T16:16:45.468193Z"",""no_price_dollars"":""0.5900"",""taker_side"":""yes"",""ticker"":""KXETH15M-26APR281230-30"",""trade_id"":""b811573b-3134-52ef-0aa7-46405b14ba49"",""yes_price_dollars"":""0.4100""}"
KXETH15M-26APR281230-30,8a28bee0-4921-526b-2aa8-6ba84cd4b26f,1777393005,0.4,10.0,yes,"{""count_fp"":""10.00"",""created_time"":""2026-04-28T16:16:45.468193Z"",""no_price_dollars"":""0.6000"",""taker_side"":""yes"",""ticker"":""KXETH15M-26APR281230-30"",""trade_id"":""8a28bee0-4921-526b-2aa8-6ba84cd4b26f"",""yes_price_dollars"":""0.4000""}"
KXETH15M-26APR281230-30,766f3e85-3cf8-5966-2648-233893c35720,1777393005,0.4,10.0,yes,"{""count_fp"":""10.00"",""created_time"":""2026-04-28T16:16:45.468193Z"",""no_price_dollars"":""0.6000"",""taker_side"":""yes"",""ticker"":""KXETH15M-26APR281230-30"",""trade_id"":""766f3e85-3cf8-5966-2648-233893c35720"",""yes_price_dollars"":""0.4000""}"
KXETH15M-26APR281230-30,8f8eb00a-808d-6f11-d73b-62f6c0635a15,1777393007,0.37,3.07,no,"{""count_fp"":""3.07"",""created_time"":""2026-04-28T16:16:47.606199Z"",""no_price_dollars"":""0.6300"",""taker_side"":""no"",""ticker"":""KXETH15M-26APR281230-30"",""trade_id"":""8f8eb00a-808d-6f11-d73b-62f6c0635a15"",""yes_price_dollars"":""0.3700""}"
KXETH15M-26APR281230-30,03bd0a93-46a0-7043-213f-16b2a289f2cb,1777393007,0.37,3.0,no,"{""count_fp"":""3.00"",""created_time"":""2026-04-28T16:16:47.017989Z"",""no_price_dollars"":""0.6300"",""taker_side"":""no"",""ticker"":""KXETH15M-26APR281230-30"",""trade_id"":""03bd0a93-46a0-7043-213f-16b2a289f2cb"",""yes_price_dollars"":""0.3700""}"
KXETH15M-26APR281230-30,fec96713-537b-7a9e-5851-979ad586f286,1777393009,0.37,100.0,no,"{""count_fp"":""100.00"",""created_time"":""2026-04-28T16:16:49.121757Z"",""no_price_dollars"":""0.6300"",""taker_side"":""no"",""ticker"":""KXETH15M-26APR281230-30"",""trade_id"":""fec96713-537b-7a9e-5851-979ad586f286"",""yes_price_dollars"":""0.3700""}"
KXETH15M-26APR281230-30,e345cbc3-0885-76c1-624e-d0bd6b235aed,1777393009,0.38,10.0,no,"{""count_fp"":""10.00"",""created_time"":""2026-04-28T16:16:49.121757Z"",""no_price_dollars"":""0.6200"",""taker_side"":""no"",""ticker"":""KXETH15M-26APR281230-30"",""trade_id"":""e345cbc3-0885-76c1-624e-d0bd6b235aed"",""yes_price_dollars"":""0.3800""}"
KXETH15M-26APR281230-30,8c86c188-7071-72bd-44cb-af3da9fca4c9,1777393009,0.37,15.62,no,"{""count_fp"":""15.62"",""created_time"":""2026-04-28T16:16:49.121757Z"",""no_price_dollars"":""0.6300"",""taker_side"":""no"",""ticker"":""KXETH15M-26APR281230-30"",""trade_id"":""8c86c188-7071-72bd-44cb-af3da9fca4c9"",""yes_price_dollars"":""0.3700""}"
KXETH15M-26APR281230-30,11482225-1950-72ef-47c8-4ed059bcbc33,1777393009,0.38,10.0,no,"{""count_fp"":""10.00"",""created_time"":""2026-04-28T16:16:49.121757Z"",""no_price_dollars"":""0.6200"",""taker_side"":""no"",""ticker"":""KXETH15M-26APR281230-30"",""trade_id"":""11482225-1950-72ef-47c8-4ed059bcbc33"",""yes_price_dollars"":""0.3800""}"
KXETH15M-26APR281230-30,68fe7e8b-46d4-47b8-b2b6-3d0375024df5,1777393011,0.42,40.3,yes,"{""count_fp"":""40.30"",""created_time"":""2026-04-28T16:16:51.901739Z"",""no_price_dollars"":""0.5800"",""taker_side"":""yes"",""ticker"":""KXETH15M-26APR281230-30"",""trade_id"":""68fe7e8b-46d4-47b8-b2b6-3d0375024df5"",""yes_price_dollars"":""0.4200""}"
KXETH15M-26APR281230-30,6458a25f-8f7c-4b8c-8e92-8bbbe9a80f90,1777393011,0.42,10.0,yes,"{""count_fp"":""10.00"",""created_time"":""2026-04-28T16:16:51.901739Z"",""no_price_dollars"":""0.5800"",""taker_side"":""yes"",""ticker"":""KXETH15M-26APR281230-30"",""trade_id"":""6458a25f-8f7c-4b8c-8e92-8bbbe9a80f90"",""yes_price_dollars"":""0.4200""}"
KXETH15M-26APR281230-30,8276afec-d141-5701-4b01-f958b1348b99,1777393012,0.37,1.54,no,"{""count_fp"":""1.54"",""created_time"":""2026-04-28T16:16:52.586838Z"",""no_price_dollars"":""0.6300"",""taker_side"":""no"",""ticker"":""KXETH15M-26APR281230-30"",""trade_id"":""8276afec-d141-5701-4b01-f958b1348b99"",""yes_price_dollars"":""0.3700""}"
KXETH15M-26APR281230-30,ed6fef01-3d7e-69ee-a6a2-e230dc8aed90,1777393017,0.4,1.0,yes,"{""count_fp"":""1.00"",""created_time"":""2026-04-28T16:16:57.883514Z"",""no_price_dollars"":""0.6000"",""taker_side"":""yes"",""ticker"":""KXETH15M-26APR281230-30"",""trade_id"":""ed6fef01-3d7e-69ee-a6a2-e230dc8aed90"",""yes_price_dollars"":""0.4000""}"
KXETH15M-26APR281230-30,be20e76a-7bc5-62ca-b73a-5b3b344c3d82,1777393017,0.41,1.0,yes,"{""count_fp"":""1.00"",""created_time"":""2026-04-28T16:16:57.883514Z"",""no_price_dollars"":""0.5900"",""taker_side"":""yes"",""ticker"":""KXETH15M-26APR281230-30"",""trade_id"":""be20e76a-7bc5-62ca-b73a-5b3b344c3d82"",""yes_price_dollars"":""0.4100""}"
KXETH15M-26APR281230-30,9a81d76e-9a4d-6b29-ba09-73d046b00bbe,1777393017,0.39,1.0,yes,"{""count_fp"":""1.00"",""created_time"":""2026-04-28T16:16:57.883514Z"",""no_price_dollars"":""0.6100"",""taker_side"":""yes"",""ticker"":""KXETH15M-26APR281230-30"",""trade_id"":""9a81d76e-9a4d-6b29-ba09-73d046b00bbe"",""yes_price_dollars"":""0.3900""}"
KXETH15M-26APR281230-30,726258d3-4bb9-61a2-b513-5bb0d766d76c,1777393017,0.42,1.0,yes,"{""count_fp"":""1.00"",""created_time"":""2026-04-28T16:16:57.883514Z"",""no_price_dollars"":""0.5800"",""taker_side"":""yes"",""ticker"":""KXETH15M-26APR281230-30"",""trade_id"":""726258d3-4bb9-61a2-b513-5bb0d766d76c"",""yes_price_dollars"":""0.4200""}"
KXETH15M-26APR281230-30,70bdbcee-923e-64c3-adc0-16c0b29be3b2,1777393017,0.43,6.37,yes,"{""count_fp"":""6.37"",""created_time"":""2026-04-28T16:16:57.883514Z"",""no_price_dollars"":""0.5700"",""taker_side"":""yes"",""ticker"":""KXETH15M-26APR281230-30"",""trade_id"":""70bdbcee-923e-64c3-adc0-16c0b29be3b2"",""yes_price_dollars"":""0.4300""}"
KXETH15M-26APR281230-30,35c87fdf-d192-6e6f-b32d-c6dd23890edf,1777393017,0.43,1.0,yes,"{""count_fp"":""1.00"",""created_time"":""2026-04-28T16:16:57.883514Z"",""no_price_dollars"":""0.5700"",""taker_side"":""yes"",""ticker"":""KXETH15M-26APR281230-30"",""trade_id"":""35c87fdf-d192-6e6f-b32d-c6dd23890edf"",""yes_price_dollars"":""0.4300""}"
KXETH15M-26APR281230-30,e90ed40f-fe99-6b65-9653-f1fe3ed35e09,1777393018,0.4,1.0,no,"{""count_fp"":""1.00"",""created_time"":""2026-04-28T16:16:58.303698Z"",""no_price_dollars"":""0.6000"",""taker_side"":""no"",""ticker"":""KXETH15M-26APR281230-30"",""trade_id"":""e90ed40f-fe99-6b65-9653-f1fe3ed35e09"",""yes_price_dollars"":""0.4000""}"
KXETH15M-26APR281230-30,1868ade4-0a52-56f8-47ba-8a14d65254f0,1777393020,0.46,10.49,yes,"{""count_fp"":""10.49"",""created_time"":""2026-04-28T16:17:00.501621Z"",""no_price_dollars"":""0.5400"",""taker_side"":""yes"",""ticker"":""KXETH15M-26APR281230-30"",""trade_id"":""1868ade4-0a52-56f8-47ba-8a14d65254f0"",""yes_price_dollars"":""0.4600""}"
KXETH15M-26APR281230-30,cb876a0c-d6f6-73dc-1e53-159704c53568,1777393020,0.46,49.48,yes,"{""count_fp"":""49.48"",""created_time"":""2026-04-28T16:17:00.377975Z"",""no_price_dollars"":""0.5400"",""taker_side"":""yes"",""ticker"":""KXETH15M-26APR281230-30"",""trade_id"":""cb876a0c-d6f6-73dc-1e53-159704c53568"",""yes_price_dollars"":""0.4600""}"
KXETH15M-26APR281230-30,c869185d-2b07-7d4c-1d36-23b7d174b9c8,1777393020,0.46,1.0,yes,"{""count_fp"":""1.00"",""created_time"":""2026-04-28T16:17:00.377975Z"",""no_price_dollars"":""0.5400"",""taker_side"":""yes"",""ticker"":""KXETH15M-26APR281230-30"",""trade_id"":""c869185d-2b07-7d4c-1d36-23b7d174b9c8"",""yes_price_dollars"":""0.4600""}"
KXETH15M-26APR281230-30,9fbaec49-f713-7bc8-3427-d4676b29c133,1777393020,0.44,1.0,yes,"{""count_fp"":""1.00"",""created_time"":""2026-04-28T16:17:00.377975Z"",""no_price_dollars"":""0.5600"",""taker_side"":""yes"",""ticker"":""KXETH15M-26APR281230-30"",""trade_id"":""9fbaec49-f713-7bc8-3427-d4676b29c133"",""yes_price_dollars"":""0.4400""}"
KXETH15M-26APR281230-30,35852178-e4e9-78fd-2c67-a287b6d09aa7,1777393020,0.45,1.0,yes,"{""count_fp"":""1.00"",""created_time"":""2026-04-28T16:17:00.377975Z"",""no_price_dollars"":""0.5500"",""taker_side"":""yes"",""ticker"":""KXETH15M-26APR281230-30"",""trade_id"":""35852178-e4e9-78fd-2c67-a287b6d09aa7"",""yes_price_dollars"":""0.4500""}"
KXETH15M-26APR281230-30,8338d966-c85c-5088-581b-01c30c855dca,1777393030,0.42,0.45,yes,"{""count_fp"":""0.45"",""created_time"":""2026-04-28T16:17:10.836805Z"",""no_price_dollars"":""0.5800"",""taker_side"":""yes"",""ticker"":""KXETH15M-26APR281230-30"",""trade_id"":""8338d966-c85c-5088-581b-01c30c855dca"",""yes_price_dollars"":""0.4200""}"
KXETH15M-26APR281230-30,0ae41cb8-9124-4748-d874-bd6bfb6d5902,1777393031,0.42,1.55,yes,"{""count_fp"":""1.55"",""created_time"":""2026-04-28T16:17:11.372709Z"",""no_price_dollars"":""0.5800"",""taker_side"":""yes"",""ticker"":""KXETH15M-26APR281230-30"",""trade_id"":""0ae41cb8-9124-4748-d874-bd6bfb6d5902"",""yes_price_dollars"":""0.4200""}"
KXETH15M-26APR281230-30,8d57a77d-e7b6-77ec-5224-2c9fd1c048d7,1777393039,0.42,4.37,yes,"{""count_fp"":""4.37"",""created_time"":""2026-04-28T16:17:19.651888Z"",""no_price_dollars"":""0.5800"",""taker_side"":""yes"",""ticker"":""KXETH15M-26APR281230-30"",""trade_id"":""8d57a77d-e7b6-77ec-5224-2c9fd1c048d7"",""yes_price_dollars"":""0.4200""}"
KXETH15M-26APR281230-30,91968e70-1124-4898-af2a-bd6aa8a46d5d,1777393041,0.43,21.38,yes,"{""count_fp"":""21.38"",""created_time"":""2026-04-28T16:17:21.182859Z"",""no_price_dollars"":""0.5700"",""taker_side"":""yes"",""ticker"":""KXETH15M-26APR281230-30"",""trade_id"":""91968e70-1124-4898-af2a-bd6aa8a46d5d"",""yes_price_dollars"":""0.4300""}"
KXETH15M-26APR281230-30,7a20bad9-d8c5-448d-9a56-b52e8c390f71,1777393041,0.43,10.0,yes,"{""count_fp"":""10.00"",""created_time"":""2026-04-28T16:17:21.182859Z"",""no_price_dollars"":""0.5700"",""taker_side"":""yes"",""ticker"":""KXETH15M-26APR281230-30"",""trade_id"":""7a20bad9-d8c5-448d-9a56-b52e8c390f71"",""yes_price_dollars"":""0.4300""}"
KXETH15M-26APR281230-30,633461ba-f03d-4685-0038-0b326828f799,1777393048,0.46,10.0,no,"{""count_fp"":""10.00"",""created_time"":""2026-04-28T16:17:28.466425Z"",""no_price_dollars"":""0.5400"",""taker_side"":""no"",""ticker"":""KXETH15M-26APR281230-30"",""trade_id"":""633461ba-f03d-4685-0038-0b326828f799"",""yes_price_dollars"":""0.4600""}"
KXETH15M-26APR281230-30,226a5b42-588c-4c49-32e6-cacc44ca5fda,1777393048,0.46,10.0,no,"{""count_fp"":""10.00"",""created_time"":""2026-04-28T16:17:28.466425Z"",""no_price_dollars"":""0.5400"",""taker_side"":""no"",""ticker"":""KXETH15M-26APR281230-30"",""trade_id"":""226a5b42-588c-4c49-32e6-cacc44ca5fda"",""yes_price_dollars"":""0.4600""}"
KXETH15M-26APR281230-30,811e95ee-35eb-77d4-9169-4b0e8c631719,1777393050,0.47,1.0,yes,"{""count_fp"":""1.00"",""created_time"":""2026-04-28T16:17:30.865285Z"",""no_price_dollars"":""0.5300"",""taker_side"":""yes"",""ticker"":""KXETH15M-26APR281230-30"",""trade_id"":""811e95ee-35eb-77d4-9169-4b0e8c631719"",""yes_price_dollars"":""0.4700""}"
KXETH15M-26APR281230-30,73719442-fc5e-77b8-a6a2-be2cdbd5427c,1777393050,0.47,1.02,yes,"{""count_fp"":""1.02"",""created_time"":""2026-04-28T16:17:30.865285Z"",""no_price_dollars"":""0.5300"",""taker_side"":""yes"",""ticker"":""KXETH15M-26APR281230-30"",""trade_id"":""73719442-fc5e-77b8-a6a2-be2cdbd5427c"",""yes_price_dollars"":""0.4700""}"
KXETH15M-26APR281230-30,f6e08f81-b870-75f2-5aa3-e8a7cb0ee4d4,1777393054,0.43,1.7,no,"{""count_fp"":""1.70"",""created_time"":""2026-04-28T16:17:34.502743Z"",""no_price_dollars"":""0.5700"",""taker_side"":""no"",""ticker"":""KXETH15M-26APR281230-30"",""trade_id"":""f6e08f81-b870-75f2-5aa3-e8a7cb0ee4d4"",""yes_price_dollars"":""0.4300""}"
KXETH15M-26APR281230-30,efc2b381-0df0-668f-7e75-17aaef586d1e,1777393060,0.47,0.45,yes,"{""count_fp"":""0.45"",""created_time"":""2026-04-28T16:17:40.660538Z"",""no_price_dollars"":""0.5300"",""taker_side"":""yes"",""ticker"":""KXETH15M-26APR281230-30"",""trade_id"":""efc2b381-0df0-668f-7e75-17aaef586d1e"",""yes_price_dollars"":""0.4700""}"
KXETH15M-26APR281230-30,22008b53-ff7a-5d3f-6d05-df79fa701ffc,1777393071,0.48,0.5,yes,"{""count_fp"":""0.50"",""created_time"":""2026-04-28T16:17:51.666475Z"",""no_price_dollars"":""0.5200"",""taker_side"":""yes"",""ticker"":""KXETH15M-26APR281230-30"",""trade_id"":""22008b53-ff7a-5d3f-6d05-df79fa701ffc"",""yes_price_dollars"":""0.4800""}"
KXETH15M-26APR281230-30,fb4ba22f-94f1-59aa-3ab9-bed712cae198,1777393080,0.39,10.0,no,"{""count_fp"":""10.00"",""created_time"":""2026-04-28T16:18:00.510061Z"",""no_price_dollars"":""0.6100"",""taker_side"":""no"",""ticker"":""KXETH15M-26APR281230-30"",""trade_id"":""fb4ba22f-94f1-59aa-3ab9-bed712cae198"",""yes_price_dollars"":""0.3900""}"
KXETH15M-26APR281230-30,6697c07c-539d-5499-320a-6849d44ae029,1777393080,0.38,10.0,no,"{""count_fp"":""10.00"",""created_time"":""2026-04-28T16:18:00.510061Z"",""no_price_dollars"":""0.6200"",""taker_side"":""no"",""ticker"":""KXETH15M-26APR281230-30"",""trade_id"":""6697c07c-539d-5499-320a-6849d44ae029"",""yes_price_dollars"":""0.3800""}"
KXETH15M-26APR281230-30,e086474d-c8e7-40a3-913f-3bbb3917c5f4,1777393080,0.41,10.0,no,"{""count_fp"":""10.00"",""created_time"":""2026-04-28T16:18:00.058897Z"",""no_price_dollars"":""0.5900"",""taker_side"":""no"",""ticker"":""KXETH15M-26APR281230-30"",""trade_id"":""e086474d-c8e7-40a3-913f-3bbb3917c5f4"",""yes_price_dollars"":""0.4100""}"
KXETH15M-26APR281230-30,6809edee-bb73-4eec-bde4-ddff5602b6e7,1777393080,0.4,10.0,no,"{""count_fp"":""10.00"",""created_time"":""2026-04-28T16:18:00.058897Z"",""no_price_dollars"":""0.6000"",""taker_side"":""no"",""ticker"":""KXETH15M-26APR281230-30"",""trade_id"":""6809edee-bb73-4eec-bde4-ddff5602b6e7"",""yes_price_dollars"":""0.4000""}"
KXETH15M-26APR281230-30,4de54cb1-f37e-7812-658a-8e1529f7a8c0,1777393087,0.37,1.0,no,"{""count_fp"":""1.00"",""created_time"":""2026-04-28T16:18:07.206259Z"",""no_price_dollars"":""0.6300"",""taker_side"":""no"",""ticker"":""KXETH15M-26APR281230-30"",""trade_id"":""4de54cb1-f37e-7812-658a-8e1529f7a8c0"",""yes_price_dollars"":""0.3700""}"
KXETH15M-26APR281230-30,61a50769-5975-77b8-3480-4c5620204723,1777393088,0.36,1.52,no,"{""count_fp"":""1.52"",""created_time"":""2026-04-28T16:18:08.790281Z"",""no_price_dollars"":""0.6400"",""taker_side"":""no"",""ticker"":""KXETH15M-26APR281230-30"",""trade_id"":""61a50769-5975-77b8-3480-4c5620204723"",""yes_price_dollars"":""0.3600""}"
KXETH15M-26APR281230-30,8ea7b617-9e44-5921-b52e-561dc4a39a12,1777393089,0.41,1.19,yes,"{""count_fp"":""1.19"",""created_time"":""2026-04-28T16:18:09.279495Z"",""no_price_dollars"":""0.5900"",""taker_side"":""yes"",""ticker"":""KXETH15M-26APR281230-30"",""trade_id"":""8ea7b617-9e44-5921-b52e-561dc4a39a12"",""yes_price_dollars"":""0.4100""}"
KXETH15M-26APR281230-30,f79543c6-02e9-6168-f1ff-7af9b099f9d0,1777393093,0.4,3.0,no,"{""count_fp"":""3.00"",""created_time"":""2026-04-28T16:18:13.865901Z"",""no_price_dollars"":""0.6000"",""taker_side"":""no"",""ticker"":""KXETH15M-26APR281230-30"",""trade_id"":""f79543c6-02e9-6168-f1ff-7af9b099f9d0"",""yes_price_dollars"":""0.4000""}"
KXETH15M-26APR281230-30,75736b19-b707-5fc9-c671-61c38cc864f7,1777393094,0.42,2.0,yes,"{""count_fp"":""2.00"",""created_time"":""2026-04-28T16:18:14.720924Z"",""no_price_dollars"":""0.5800"",""taker_side"":""yes"",""ticker"":""KXETH15M-26APR281230-30"",""trade_id"":""75736b19-b707-5fc9-c671-61c38cc864f7"",""yes_price_dollars"":""0.4200""}"
KXETH15M-26APR281230-30,b45a579e-ba33-4333-af6d-4c119f75870b,1777393101,0.46,1.0,yes,"{""count_fp"":""1.00"",""created_time"":""2026-04-28T16:18:21.993094Z"",""no_price_dollars"":""0.5400"",""taker_side"":""yes"",""ticker"":""KXETH15M-26APR281230-30"",""trade_id"":""b45a579e-ba33-4333-af6d-4c119f75870b"",""yes_price_dollars"":""0.4600""}"
KXETH15M-26APR281230-30,ce665002-5f7b-559f-178a-45c924daf86e,1777393101,0.43,3.0,no,"{""count_fp"":""3.00"",""created_time"":""2026-04-28T16:18:21.751771Z"",""no_price_dollars"":""0.5700"",""taker_side"":""no"",""ticker"":""KXETH15M-26APR281230-30"",""trade_id"":""ce665002-5f7b-559f-178a-45c924daf86e"",""yes_price_dollars"":""0.4300""}"
KXETH15M-26APR281230-30,aa7c4734-0b29-6671-138d-452a7a9a4529,1777393102,0.41,1.0,no,"{""count_fp"":""1.00"",""created_time"":""2026-04-28T16:18:22.176446Z"",""no_price_dollars"":""0.5900"",""taker_side"":""no"",""ticker"":""KXETH15M-26APR281230-30"",""trade_id"":""aa7c4734-0b29-6671-138d-452a7a9a4529"",""yes_price_dollars"":""0.4100""}"
KXETH15M-26APR281230-30,0ecb16e4-48c5-5969-7abb-93180e95f8e5,1777393103,0.41,1.21,no,"{""count_fp"":""1.21"",""created_time"":""2026-04-28T16:18:23.896549Z"",""no_price_dollars"":""0.5900"",""taker_side"":""no"",""ticker"":""KXETH15M-26APR281230-30"",""trade_id"":""0ecb16e4-48c5-5969-7abb-93180e95f8e5"",""yes_price_dollars"":""0.4100""}"
KXETH15M-26APR281230-30,fb213d13-24c7-55a5-c34b-93b38e302e1f,1777393105,0.46,10.0,yes,"{""count_fp"":""10.00"",""created_time"":""2026-04-28T16:18:25.802001Z"",""no_price_dollars"":""0.5400"",""taker_side"":""yes"",""ticker"":""KXETH15M-26APR281230-30"",""trade_id"":""fb213d13-24c7-55a5-c34b-93b38e302e1f"",""yes_price_dollars"":""0.4600""}"
KXETH15M-26APR281230-30,44cd5dbb-077f-54db-f9dd-c27190cdefaf,1777393105,0.46,1.0,yes,"{""count_fp"":""1.00"",""created_time"":""2026-04-28T16:18:25.802001Z"",""no_price_dollars"":""0.5400"",""taker_side"":""yes"",""ticker"":""KXETH15M-26APR281230-30"",""trade_id"":""44cd5dbb-077f-54db-f9dd-c27190cdefaf"",""yes_price_dollars"":""0.4600""}"
KXETH15M-26APR281230-30,154d6218-8176-5330-f953-b1c9579e2adc,1777393105,0.47,9.72,yes,"{""count_fp"":""9.72"",""created_time"":""2026-04-28T16:18:25.802001Z"",""no_price_dollars"":""0.5300"",""taker_side"":""yes"",""ticker"":""KXETH15M-26APR281230-30"",""trade_id"":""154d6218-8176-5330-f953-b1c9579e2adc"",""yes_price_dollars"":""0.4700""}"
KXETH15M-26APR281230-30,c72d6f2b-1692-7635-04a1-2acaa9206f02,1777393106,0.43,10.0,no,"{""count_fp"":""10.00"",""created_time"":""2026-04-28T16:18:26.979633Z"",""no_price_dollars"":""0.5700"",""taker_side"":""no"",""ticker"":""KXETH15M-26APR281230-30"",""trade_id"":""c72d6f2b-1692-7635-04a1-2acaa9206f02"",""yes_price_dollars"":""0.4300""}"
KXETH15M-26APR281230-30,235a8de5-ba89-5240-99bf-294fe50dd813,1777393111,0.43,1.0,yes,"{""count_fp"":""1.00"",""created_time"":""2026-04-28T16:18:31.024535Z"",""no_price_dollars"":""0.5700"",""taker_side"":""yes"",""ticker"":""KXETH15M-26APR281230-30"",""trade_id"":""235a8de5-ba89-5240-99bf-294fe50dd813"",""yes_price_dollars"":""0.4300""}"
KXETH15M-26APR281230-30,a97ebdde-a488-5cba-6648-66b0899faddd,1777393117,0.4,8.1,no,"{""count_fp"":""8.10"",""created_time"":""2026-04-28T16:18:37.148006Z"",""no_price_dollars"":""0.6000"",""taker_side"":""no"",""ticker"":""KXETH15M-26APR281230-30"",""trade_id"":""a97ebdde-a488-5cba-6648-66b0899faddd"",""yes_price_dollars"":""0.4000""}"
KXETH15M-26APR281230-30,87522985-5361-7a70-9856-28fe1bd1c8a1,1777393119,0.43,4.27,yes,"{""count_fp"":""4.27"",""created_time"":""2026-04-28T16:18:39.935673Z"",""no_price_dollars"":""0.5700"",""taker_side"":""yes"",""ticker"":""KXETH15M-26APR281230-30"",""trade_id"":""87522985-5361-7a70-9856-28fe1bd1c8a1"",""yes_price_dollars"":""0.4300""}"
KXETH15M-26APR281230-30,d52e512e-e83b-7518-ad01-576a3f232b49,1777393124,0.46,10.0,yes,"{""count_fp"":""10.00"",""created_time"":""2026-04-28T16:18:44.858102Z"",""no_price_dollars"":""0.5400"",""taker_side"":""yes"",""ticker"":""KXETH15M-26APR281230-30"",""trade_id"":""d52e512e-e83b-7518-ad01-576a3f232b49"",""yes_price_dollars"":""0.4600""}"
KXETH15M-26APR281230-30,14b9bf74-bcb5-6009-9009-391803623fcd,1777393125,0.47,1.76,no,"{""count_fp"":""1.76"",""created_time"":""2026-04-28T16:18:45.660292Z"",""no_price_dollars"":""0.5300"",""taker_side"":""no"",""ticker"":""KXETH15M-26APR281230-30"",""trade_id"":""14b9bf74-bcb5-6009-9009-391803623fcd"",""yes_price_dollars"":""0.4700""}"
KXETH15M-26APR281230-30,649cea25-df8d-7b95-63f2-63eaba54eb81,1777393127,0.47,1.79,no,"{""count_fp"":""1.79"",""created_time"":""2026-04-28T16:18:47.394935Z"",""no_price_dollars"":""0.5300"",""taker_side"":""no"",""ticker"":""KXETH15M-26APR281230-30"",""trade_id"":""649cea25-df8d-7b95-63f2-63eaba54eb81"",""yes_price_dollars"":""0.4700""}"
KXETH15M-26APR281230-30,ce2e3d1d-4edd-7d2d-3705-e0df94b13039,1777393128,0.47,4.52,no,"{""count_fp"":""4.52"",""created_time"":""2026-04-28T16:18:48.142474Z"",""no_price_dollars"":""0.5300"",""taker_side"":""no"",""ticker"":""KXETH15M-26APR281230-30"",""trade_id"":""ce2e3d1d-4edd-7d2d-3705-e0df94b13039"",""yes_price_dollars"":""0.4700""}"
KXETH15M-26APR281230-30,d271fc90-8fa2-592f-9d2a-18603fb5afb8,1777393130,0.48,50.25,yes,"{""count_fp"":""50.25"",""created_time"":""2026-04-28T16:18:50.550101Z"",""no_price_dollars"":""0.5200"",""taker_side"":""yes"",""ticker"":""KXETH15M-26APR281230-30"",""trade_id"":""d271fc90-8fa2-592f-9d2a-18603fb5afb8"",""yes_price_dollars"":""0.4800""}"
KXETH15M-26APR281230-30,72d98bc0-b1ce-6261-ab91-af6513220756,1777393132,0.46,10.0,no,"{""count_fp"":""10.00"",""created_time"":""2026-04-28T16:18:52.069702Z"",""no_price_dollars"":""0.5400"",""taker_side"":""no"",""ticker"":""KXETH15M-26APR281230-30"",""trade_id"":""72d98bc0-b1ce-6261-ab91-af6513220756"",""yes_price_dollars"":""0.4600""}"
KXETH15M-26APR281230-30,d2e4139c-6572-4345-14b8-27159046fe61,1777393135,0.44,0.17,no,"{""count_fp"":""0.17"",""created_time"":""2026-04-28T16:18:55.991565Z"",""no_price_dollars"":""0.5600"",""taker_side"":""no"",""ticker"":""KXETH15M-26APR281230-30"",""trade_id"":""d2e4139c-6572-4345-14b8-27159046fe61"",""yes_price_dollars"":""0.4400""}"
KXETH15M-26APR281230-30,41fa9403-af66-6e41-4216-d39a5ccab24d,1777393137,0.44,1.0,no,"{""count_fp"":""1.00"",""created_time"":""2026-04-28T16:18:57.979798Z"",""no_price_dollars"":""0.5600"",""taker_side"":""no"",""ticker"":""KXETH15M-26APR281230-30"",""trade_id"":""41fa9403-af66-6e41-4216-d39a5ccab24d"",""yes_price_dollars"":""0.4400""}"
KXETH15M-26APR281230-30,7cc6ceb1-c72e-5c0d-1884-5aece545ceb9,1777393141,0.43,10.0,no,"{""count_fp"":""10.00"",""created_time"":""2026-04-28T16:19:01.202732Z"",""no_price_dollars"":""0.5700"",""taker_side"":""no"",""ticker"":""KXETH15M-26APR281230-30"",""trade_id"":""7cc6ceb1-c72e-5c0d-1884-5aece545ceb9"",""yes_price_dollars"":""0.4300""}"
KXETH15M-26APR281230-30,1b440bef-5e8d-5930-2cc1-a81bdd759abf,1777393141,0.43,10.0,no,"{""count_fp"":""10.00"",""created_time"":""2026-04-28T16:19:01.202732Z"",""no_price_dollars"":""0.5700"",""taker_side"":""no"",""ticker"":""KXETH15M-26APR281230-30"",""trade_id"":""1b440bef-5e8d-5930-2cc1-a81bdd759abf"",""yes_price_dollars"":""0.4300""}"
KXETH15M-26APR281230-30,9a9793f7-ce77-54c1-381f-465cf3ba8ef4,1777393150,0.44,10.0,no,"{""count_fp"":""10.00"",""created_time"":""2026-04-28T16:19:10.899282Z"",""no_price_dollars"":""0.5600"",""taker_side"":""no"",""ticker"":""KXETH15M-26APR281230-30"",""trade_id"":""9a9793f7-ce77-54c1-381f-465cf3ba8ef4"",""yes_price_dollars"":""0.4400""}"
KXETH15M-26APR281230-30,1a8d31c2-1b37-52db-e891-5321cea92011,1777393153,0.41,1.64,no,"{""count_fp"":""1.64"",""created_time"":""2026-04-28T16:19:13.920999Z"",""no_price_dollars"":""0.5900"",""taker_side"":""no"",""ticker"":""KXETH15M-26APR281230-30"",""trade_id"":""1a8d31c2-1b37-52db-e891-5321cea92011"",""yes_price_dollars"":""0.4100""}"
KXETH15M-26APR281230-30,f97e9e6f-0843-5a45-2e77-6c288a3aa1e0,1777393155,0.46,1.0,yes,"{""count_fp"":""1.00"",""created_time"":""2026-04-28T16:19:15.019881Z"",""no_price_dollars"":""0.5400"",""taker_side"":""yes"",""ticker"":""KXETH15M-26APR281230-30"",""trade_id"":""f97e9e6f-0843-5a45-2e77-6c288a3aa1e0"",""yes_price_dollars"":""0.4600""}"
KXETH15M-26APR281230-30,2e5cc323-31a2-567e-11a0-efc334641aa7,1777393155,0.47,9.27,yes,"{""count_fp"":""9.27"",""created_time"":""2026-04-28T16:19:15.019881Z"",""no_price_dollars"":""0.5300"",""taker_side"":""yes"",""ticker"":""KXETH15M-26APR281230-30"",""trade_id"":""2e5cc323-31a2-567e-11a0-efc334641aa7"",""yes_price_dollars"":""0.4700""}"
KXETH15M-26APR281230-30,742be396-119e-4876-45ff-d2b2e278bb51,1777393171,0.4,10.0,no,"{""count_fp"":""10.00"",""created_time"":""2026-04-28T16:19:31.209447Z"",""no_price_dollars"":""0.6000"",""taker_side"":""no"",""ticker"":""KXETH15M-26APR281230-30"",""trade_id"":""742be396-119e-4876-45ff-d2b2e278bb51"",""yes_price_dollars"":""0.4000""}"
KXETH15M-26APR281230-30,5b882274-a041-447e-6fda-269a9223f67a,1777393171,0.38,5.88,no,"{""count_fp"":""5.88"",""created_time"":""2026-04-28T16:19:31.209447Z"",""no_price_dollars"":""0.6200"",""taker_side"":""no"",""ticker"":""KXETH15M-26APR281230-30"",""trade_id"":""5b882274-a041-447e-6fda-269a9223f67a"",""yes_price_dollars"":""0.3800""}"
KXETH15M-26APR281230-30,f833f0ef-2e5b-546a-0aae-49c17cfe9e26,1777393178,0.42,0.22,yes,"{""count_fp"":""0.22"",""created_time"":""2026-04-28T16:19:38.445179Z"",""no_price_dollars"":""0.5800"",""taker_side"":""yes"",""ticker"":""KXETH15M-26APR281230-30"",""trade_id"":""f833f0ef-2e5b-546a-0aae-49c17cfe9e26"",""yes_price_dollars"":""0.4200""}"
KXETH15M-26APR281230-30,dc6487ab-dd11-4571-d6bb-f0c9e7705825,1777393188,0.36,1.52,no,"{""count_fp"":""1.52"",""created_time"":""2026-04-28T16:19:48.850763Z"",""no_price_dollars"":""0.6400"",""taker_side"":""no"",""ticker"":""KXETH15M-26APR281230-30"",""trade_id"":""dc6487ab-dd11-4571-d6bb-f0c9e7705825"",""yes_price_dollars"":""0.3600""}"
KXETH15M-26APR281230-30,667e1bd9-6273-538a-952f-cbecbf7b0c26,1777393194,0.45,10.0,no,"{""count_fp"":""10.00"",""created_time"":""2026-04-28T16:19:54.911186Z"",""no_price_dollars"":""0.5500"",""taker_side"":""no"",""ticker"":""KXETH15M-26APR281230-30"",""trade_id"":""667e1bd9-6273-538a-952f-cbecbf7b0c26"",""yes_price_dollars"":""0.4500""}"
KXETH15M-26APR281230-30,7a7a4954-cc6d-42ca-9b0c-7b5300434152,1777393197,0.44,1.0,no,"{""count_fp"":""1.00"",""created_time"":""2026-04-28T16:19:57.576043Z"",""no_price_dollars"":""0.5600"",""taker_side"":""no"",""ticker"":""KXETH15M-26APR281230-30"",""trade_id"":""7a7a4954-cc6d-42ca-9b0c-7b5300434152"",""yes_price_dollars"":""0.4400""}"
KXETH15M-26APR281230-30,6f228500-afc6-50eb-89b0-d6092e528a0c,1777393197,0.48,2.01,yes,"{""count_fp"":""2.01"",""created_time"":""2026-04-28T16:19:57.100648Z"",""no_price_dollars"":""0.5200"",""taker_side"":""yes"",""ticker"":""KXETH15M-26APR281230-30"",""trade_id"":""6f228500-afc6-50eb-89b0-d6092e528a0c"",""yes_price_dollars"":""0.4800""}"
KXETH15M-26APR281230-30,257bb994-f66d-5658-a8ba-503e291798fd,1777393203,0.47,2.0,yes,"{""count_fp"":""2.00"",""created_time"":""2026-04-28T16:20:03.427049Z"",""no_price_dollars"":""0.5300"",""taker_side"":""yes"",""ticker"":""KXETH15M-26APR281230-30"",""trade_id"":""257bb994-f66d-5658-a8ba-503e291798fd"",""yes_price_dollars"":""0.4700""}"
KXETH15M-26APR281230-30,597020da-5632-5817-f971-46839c5e6a78,1777393208,0.48,0.24,yes,"{""count_fp"":""0.24"",""created_time"":""2026-04-28T16:20:08.389918Z"",""no_price_dollars"":""0.5200"",""taker_side"":""yes"",""ticker"":""KXETH15M-26APR281230-30"",""trade_id"":""597020da-5632-5817-f971-46839c5e6a78"",""yes_price_dollars"":""0.4800""}"
KXETH15M-26APR281230-30,bad2bf07-ed42-7387-4317-ad08e4ec83d0,1777393208,0.48,247.0,yes,"{""count_fp"":""247.00"",""created_time"":""2026-04-28T16:20:08.373904Z"",""no_price_dollars"":""0.5200"",""taker_side"":""yes"",""ticker"":""KXETH15M-26APR281230-30"",""trade_id"":""bad2bf07-ed42-7387-4317-ad08e4ec83d0"",""yes_price_dollars"":""0.4800""}"
KXETH15M-26APR281230-30,d466fe04-459e-4656-fb0c-a23865092d85,1777393211,0.5,3.46,no,"{""count_fp"":""3.46"",""created_time"":""2026-04-28T16:20:11.095736Z"",""no_price_dollars"":""0.5000"",""taker_side"":""no"",""ticker"":""KXETH15M-26APR281230-30"",""trade_id"":""d466fe04-459e-4656-fb0c-a23865092d85"",""yes_price_dollars"":""0.5000""}"
KXETH15M-26APR281230-30,60c9caed-b4e4-491a-04e3-0a970a40b338,1777393219,0.54,0.17,yes,"{""count_fp"":""0.17"",""created_time"":""2026-04-28T16:20:19.970075Z"",""no_price_dollars"":""0.4600"",""taker_side"":""yes"",""ticker"":""KXETH15M-26APR281230-30"",""trade_id"":""60c9caed-b4e4-491a-04e3-0a970a40b338"",""yes_price_dollars"":""0.5400""}"
KXETH15M-26APR281230-30,f02e02f6-03e4-508e-43ed-17a02692be31,1777393225,0.55,600.0,yes,"{""count_fp"":""600.00"",""created_time"":""2026-04-28T16:20:25.046816Z"",""no_price_dollars"":""0.4500"",""taker_side"":""yes"",""ticker"":""KXETH15M-26APR281230-30"",""trade_id"":""f02e02f6-03e4-508e-43ed-17a02692be31"",""yes_price_dollars"":""0.5500""}"
KXETH15M-26APR281230-30,ca736ced-1598-5d12-7319-64107f9d5cfb,1777393225,0.55,4.0,yes,"{""count_fp"":""4.00"",""created_time"":""2026-04-28T16:20:25.046816Z"",""no_price_dollars"":""0.4500"",""taker_side"":""yes"",""ticker"":""KXETH15M-26APR281230-30"",""trade_id"":""ca736ced-1598-5d12-7319-64107f9d5cfb"",""yes_price_dollars"":""0.5500""}"
KXETH15M-26APR281230-30,8e6cd7e4-daff-57e1-4bf4-2e01ce32f1e6,1777393225,0.55,3.0,yes,"{""count_fp"":""3.00"",""created_time"":""2026-04-28T16:20:25.046816Z"",""no_price_dollars"":""0.4500"",""taker_side"":""yes"",""ticker"":""KXETH15M-26APR281230-30"",""trade_id"":""8e6cd7e4-daff-57e1-4bf4-2e01ce32f1e6"",""yes_price_dollars"":""0.5500""}"
KXETH15M-26APR281230-30,86e5c9a9-8209-4a6a-8d6f-4bbaf98c1ba2,1777393225,0.54,2.0,no,"{""count_fp"":""2.00"",""created_time"":""2026-04-28T16:20:25.041423Z"",""no_price_dollars"":""0.4600"",""taker_side"":""no"",""ticker"":""KXETH15M-26APR281230-30"",""trade_id"":""86e5c9a9-8209-4a6a-8d6f-4bbaf98c1ba2"",""yes_price_dollars"":""0.5400""}"
KXETH15M-26APR281230-30,6a0aed72-aee4-4818-a7c7-1a3fcad58a05,1777393225,0.54,10.0,no,"{""count_fp"":""10.00"",""created_time"":""2026-04-28T16:20:25.041423Z"",""no_price_dollars"":""0.4600"",""taker_side"":""no"",""ticker"":""KXETH15M-26APR281230-30"",""trade_id"":""6a0aed72-aee4-4818-a7c7-1a3fcad58a05"",""yes_price_dollars"":""0.5400""}"
KXETH15M-26APR281230-30,c19d2a1c-5761-4528-3da2-84eee7bb0e99,1777393228,0.63,1.0,yes,"{""count_fp"":""1.00"",""created_time"":""2026-04-28T16:20:28.719714Z"",""no_price_dollars"":""0.3700"",""taker_side"":""yes"",""ticker"":""KXETH15M-26APR281230-30"",""trade_id"":""c19d2a1c-5761-4528-3da2-84eee7bb0e99"",""yes_price_dollars"":""0.6300""}"
KXETH15M-26APR281230-30,fa66828e-88e9-7aeb-1e8e-5337b0bc9584,1777393228,0.59,11.37,yes,"{""count_fp"":""11.37"",""created_time"":""2026-04-28T16:20:28.010113Z"",""no_price_dollars"":""0.4100"",""taker_side"":""yes"",""ticker"":""KXETH15M-26APR281230-30"",""trade_id"":""fa66828e-88e9-7aeb-1e8e-5337b0bc9584"",""yes_price_dollars"":""0.5900""}"
KXETH15M-26APR281230-30,8233db01-b912-6661-7c7b-92f53724b96e,1777393228,0.58,400.0,yes,"{""count_fp"":""400.00"",""created_time"":""2026-04-28T16:20:28.008955Z"",""no_price_dollars"":""0.4200"",""taker_side"":""yes"",""ticker"":""KXETH15M-26APR281230-30"",""trade_id"":""8233db01-b912-6661-7c7b-92f53724b96e"",""yes_price_dollars"":""0.5800""}"
KXETH15M-26APR281230-30,34f74f5d-cce5-7ef8-e2e9-c2850b4d118d,1777393230,0.64,1.0,yes,"{""count_fp"":""1.00"",""created_time"":""2026-04-28T16:20:30.597034Z"",""no_price_dollars"":""0.3600"",""taker_side"":""yes"",""ticker"":""KXETH15M-26APR281230-30"",""trade_id"":""34f74f5d-cce5-7ef8-e2e9-c2850b4d118d"",""yes_price_dollars"":""0.6400""}"
KXETH15M-26APR281230-30,6e8aaba8-8508-5df0-dba0-f64abd3b24af,1777393231,0.64,1.0,yes,"{""count_fp"":""1.00"",""created_time"":""2026-04-28T16:20:31.381089Z"",""no_price_dollars"":""0.3600"",""taker_side"":""yes"",""ticker"":""KXETH15M-26APR281230-30"",""trade_id"":""6e8aaba8-8508-5df0-dba0-f64abd3b24af"",""yes_price_dollars"":""0.6400""}"
KXETH15M-26APR281230-30,d44298c2-1df1-48b4-b497-9a9b98a8eeb1,1777393235,0.62,4.64,yes,"{""count_fp"":""4.64"",""created_time"":""2026-04-28T16:20:35.978782Z"",""no_price_dollars"":""0.3800"",""taker_side"":""yes"",""ticker"":""KXETH15M-26APR281230-30"",""trade_id"":""d44298c2-1df1-48b4-b497-9a9b98a8eeb1"",""yes_price_dollars"":""0.6200""}"
KXETH15M-26APR281230-30,37f3e7d1-5c79-7a4f-0500-890f5708b447,1777393241,0.65,3.75,no,"{""count_fp"":""3.75"",""created_time"":""2026-04-28T16:20:41.470809Z"",""no_price_dollars"":""0.3500"",""taker_side"":""no"",""ticker"":""KXETH15M-26APR281230-30"",""trade_id"":""37f3e7d1-5c79-7a4f-0500-890f5708b447"",""yes_price_dollars"":""0.6500""}"
KXETH15M-26APR281230-30,db9f8359-0395-6f9f-3ce3-d47961d86c67,1777393241,0.65,2.65,no,"{""count_fp"":""2.65"",""created_time"":""2026-04-28T16:20:41.470388Z"",""no_price_dollars"":""0.3500"",""taker_side"":""no"",""ticker"":""KXETH15M-26APR281230-30"",""trade_id"":""db9f8359-0395-6f9f-3ce3-d47961d86c67"",""yes_price_dollars"":""0.6500""}"
KXETH15M-26APR281230-30,0f4150ea-cc2a-4c0c-5fa1-8c9318162ef3,1777393242,0.67,23.0,no,"{""count_fp"":""23.00"",""created_time"":""2026-04-28T16:20:42.453238Z"",""no_price_dollars"":""0.3300"",""taker_side"":""no"",""ticker"":""KXETH15M-26APR281230-30"",""trade_id"":""0f4150ea-cc2a-4c0c-5fa1-8c9318162ef3"",""yes_price_dollars"":""0.6700""}"
KXETH15M-26APR281230-30,df1f5220-4cd9-4ae4-d52a-13b7514bc5b9,1777393243,0.66,10.0,yes,"{""count_fp"":""10.00"",""created_time"":""2026-04-28T16:20:43.898391Z"",""no_price_dollars"":""0.3400"",""taker_side"":""yes"",""ticker"":""KXETH15M-26APR281230-30"",""trade_id"":""df1f5220-4cd9-4ae4-d52a-13b7514bc5b9"",""yes_price_dollars"":""0.6600""}"
KXETH15M-26APR281230-30,c4d7bb85-dbc0-4f27-ca69-83b0ddeb41f1,1777393243,0.66,9.7,yes,"{""count_fp"":""9.70"",""created_time"":""2026-04-28T16:20:43.898391Z"",""no_price_dollars"":""0.3400"",""taker_side"":""yes"",""ticker"":""KXETH15M-26APR281230-30"",""trade_id"":""c4d7bb85-dbc0-4f27-ca69-83b0ddeb41f1"",""yes_price_dollars"":""0.6600""}"
KXETH15M-26APR281230-30,60b0bd80-32eb-58c5-e91f-a6e17000c6ea,1777393245,0.65,4.0,yes,"{""count_fp"":""4.00"",""created_time"":""2026-04-28T16:20:45.637307Z"",""no_price_dollars"":""0.3500"",""taker_side"":""yes"",""ticker"":""KXETH15M-26APR281230-30"",""trade_id"":""60b0bd80-32eb-58c5-e91f-a6e17000c6ea"",""yes_price_dollars"":""0.6500""}"
KXETH15M-26APR281230-30,dae5a1ec-650c-6f31-0b3d-eaf3d19c10bc,1777393245,0.6,2.37,no,"{""count_fp"":""2.37"",""created_time"":""2026-04-28T16:20:45.567149Z"",""no_price_dollars"":""0.4000"",""taker_side"":""no"",""ticker"":""KXETH15M-26APR281230-30"",""trade_id"":""dae5a1ec-650c-6f31-0b3d-eaf3d19c10bc"",""yes_price_dollars"":""0.6000""}"
KXETH15M-26APR281230-30,b7348d7f-0f11-69b9-1990-a1a2324df0e3,1777393245,0.62,10.0,no,"{""count_fp"":""10.00"",""created_time"":""2026-04-28T16:20:45.567149Z"",""no_price_dollars"":""0.3800"",""taker_side"":""no"",""ticker"":""KXETH15M-26APR281230-30"",""trade_id"":""b7348d7f-0f11-69b9-1990-a1a2324df0e3"",""yes_price_dollars"":""0.6200""}"
KXETH15M-26APR281230-30,77966ac7-a8e5-6be3-0d55-dbafb54cf4de,1777393245,0.64,1.0,no,"{""count_fp"":""1.00"",""created_time"":""2026-04-28T16:20:45.567149Z"",""no_price_dollars"":""0.3600"",""taker_side"":""no"",""ticker"":""KXETH15M-26APR281230-30"",""trade_id"":""77966ac7-a8e5-6be3-0d55-dbafb54cf4de"",""yes_price_dollars"":""0.6400""}"
KXETH15M-26APR281230-30,262f81ad-8fcb-6884-08e2-7d5846025c5d,1777393245,0.64,10.0,no,"{""count_fp"":""10.00"",""created_time"":""2026-04-28T16:20:45.567149Z"",""no_price_dollars"":""0.3600"",""taker_side"":""no"",""ticker"":""KXETH15M-26APR281230-30"",""trade_id"":""262f81ad-8fcb-6884-08e2-7d5846025c5d"",""yes_price_dollars"":""0.6400""}"
KXETH15M-26APR281230-30,52421c23-f710-490b-c5b6-5f6c24a70eef,1777393249,0.65,10.0,yes,"{""count_fp"":""10.00"",""created_time"":""2026-04-28T16:20:49.491709Z"",""no_price_dollars"":""0.3500"",""taker_side"":""yes"",""ticker"":""KXETH15M-26APR281230-30"",""trade_id"":""52421c23-f710-490b-c5b6-5f6c24a70eef"",""yes_price_dollars"":""0.6500""}"
KXETH15M-26APR281230-30,fbd69005-348d-7da9-a99a-d190c6ffed35,1777393250,0.62,10.0,no,"{""count_fp"":""10.00"",""created_time"":""2026-04-28T16:20:50.280483Z"",""no_price_dollars"":""0.3800"",""taker_side"":""no"",""ticker"":""KXETH15M-26APR281230-30"",""trade_id"":""fbd69005-348d-7da9-a99a-d190c6ffed35"",""yes_price_dollars"":""0.6200""}"
KXETH15M-26APR281230-30,8d1245c6-f171-77cb-ae8e-feea53eb068f,1777393250,0.62,1.0,no,"{""count_fp"":""1.00"",""created_time"":""2026-04-28T16:20:50.280483Z"",""no_price_dollars"":""0.3800"",""taker_side"":""no"",""ticker"":""KXETH15M-26APR281230-30"",""trade_id"":""8d1245c6-f171-77cb-ae8e-feea53eb068f"",""yes_price_dollars"":""0.6200""}"
KXETH15M-26APR281230-30,4f69b31e-7ebf-7d10-908d-e9de6daacdb7,1777393250,0.62,9.72,no,"{""count_fp"":""9.72"",""created_time"":""2026-04-28T16:20:50.280483Z"",""no_price_dollars"":""0.3800"",""taker_side"":""no"",""ticker"":""KXETH15M-26APR281230-30"",""trade_id"":""4f69b31e-7ebf-7d10-908d-e9de6daacdb7"",""yes_price_dollars"":""0.6200""}"
KXETH15M-26APR281230-30,fd30fc69-e976-5df3-447d-eb5327d26974,1777393256,0.63,4.0,yes,"{""count_fp"":""4.00"",""created_time"":""2026-04-28T16:20:56.442594Z"",""no_price_dollars"":""0.3700"",""taker_side"":""yes"",""ticker"":""KXETH15M-26APR281230-30"",""trade_id"":""fd30fc69-e976-5df3-447d-eb5327d26974"",""yes_price_dollars"":""0.6300""}"
KXETH15M-26APR281230-30,f90a7ca5-bde1-6597-574e-dcd94199614e,1777393258,0.6,10.0,no,"{""count_fp"":""10.00"",""created_time"":""2026-04-28T16:20:58.661499Z"",""no_price_dollars"":""0.4000"",""taker_side"":""no"",""ticker"":""KXETH15M-26APR281230-30"",""trade_id"":""f90a7ca5-bde1-6597-574e-dcd94199614e"",""yes_price_dollars"":""0.6000""}"
KXETH15M-26APR281230-30,ece92de2-75f7-6f84-6f88-a1c72d0c57cf,1777393258,0.6,10.0,no,"{""count_fp"":""10.00"",""created_time"":""2026-04-28T16:20:58.661499Z"",""no_price_dollars"":""0.4000"",""taker_side"":""no"",""ticker"":""KXETH15M-26APR281230-30"",""trade_id"":""ece92de2-75f7-6f84-6f88-a1c72d0c57cf"",""yes_price_dollars"":""0.6000""}"
KXETH15M-26APR281230-30,00d9f6e6-93cc-6c0d-536c-8d25260eece0,1777393258,0.6,97.34,no,"{""count_fp"":""97.34"",""created_time"":""2026-04-28T16:20:58.661499Z"",""no_price_dollars"":""0.4000"",""taker_side"":""no"",""ticker"":""KXETH15M-26APR281230-30"",""trade_id"":""00d9f6e6-93cc-6c0d-536c-8d25260eece0"",""yes_price_dollars"":""0.6000""}"
KXETH15M-26APR281230-30,da91f004-ade7-4839-f4c1-ac11947ea42f,1777393259,0.63,4.5,yes,"{""count_fp"":""4.50"",""created_time"":""2026-04-28T16:20:59.898948Z"",""no_price_dollars"":""0.3700"",""taker_side"":""yes"",""ticker"":""KXETH15M-26APR281230-30"",""trade_id"":""da91f004-ade7-4839-f4c1-ac11947ea42f"",""yes_price_dollars"":""0.6300""}"
KXETH15M-26APR281230-30,a0235aeb-16c3-4b01-df1c-107548a81046,1777393259,0.63,10.0,yes,"{""count_fp"":""10.00"",""created_time"":""2026-04-28T16:20:59.898948Z"",""no_price_dollars"":""0.3700"",""taker_side"":""yes"",""ticker"":""KXETH15M-26APR281230-30"",""trade_id"":""a0235aeb-16c3-4b01-df1c-107548a81046"",""yes_price_dollars"":""0.6300""}"
KXETH15M-26APR281230-30,24fcb624-2597-7258-fe3a-1acbf0ff590e,1777393259,0.63,0.21,yes,"{""count_fp"":""0.21"",""created_time"":""2026-04-28T16:20:59.056959Z"",""no_price_dollars"":""0.3700"",""taker_side"":""yes"",""ticker"":""KXETH15M-26APR281230-30"",""trade_id"":""24fcb624-2597-7258-fe3a-1acbf0ff590e"",""yes_price_dollars"":""0.6300""}"
KXETH15M-26APR281230-30,0b12320f-f2e4-571a-8339-f8ba3c69bffa,1777393261,0.58,10.0,no,"{""count_fp"":""10.00"",""created_time"":""2026-04-28T16:21:01.238916Z"",""no_price_dollars"":""0.4200"",""taker_side"":""no"",""ticker"":""KXETH15M-26APR281230-30"",""trade_id"":""0b12320f-f2e4-571a-8339-f8ba3c69bffa"",""yes_price_dollars"":""0.5800""}"
KXETH15M-26APR281230-30,e03a5345-d0fa-4ada-47b1-06938b66d9d3,1777393261,0.58,10.0,no,"{""count_fp"":""10.00"",""created_time"":""2026-04-28T16:21:01.181358Z"",""no_price_dollars"":""0.4200"",""taker_side"":""no"",""ticker"":""KXETH15M-26APR281230-30"",""trade_id"":""e03a5345-d0fa-4ada-47b1-06938b66d9d3"",""yes_price_dollars"":""0.5800""}"
KXETH15M-26APR281230-30,da4be5d8-623c-4cf7-4afe-9184e5efb002,1777393261,0.59,1.0,no,"{""count_fp"":""1.00"",""created_time"":""2026-04-28T16:21:01.181358Z"",""no_price_dollars"":""0.4100"",""taker_side"":""no"",""ticker"":""KXETH15M-26APR281230-30"",""trade_id"":""da4be5d8-623c-4cf7-4afe-9184e5efb002"",""yes_price_dollars"":""0.5900""}"
KXETH15M-26APR281230-30,288aabf5-0eee-6a65-224d-605809c84d31,1777393263,0.58,1.0,yes,"{""count_fp"":""1.00"",""created_time"":""2026-04-28T16:21:03.272226Z"",""no_price_dollars"":""0.4200"",""taker_side"":""yes"",""ticker"":""KXETH15M-26APR281230-30"",""trade_id"":""288aabf5-0eee-6a65-224d-605809c84d31"",""yes_price_dollars"":""0.5800""}"
KXETH15M-26APR281230-30,d6a8965f-99fe-57a5-5b97-5b0dcee3c9e1,1777393263,0.58,3.0,yes,"{""count_fp"":""3.00"",""created_time"":""2026-04-28T16:21:03.150022Z"",""no_price_dollars"":""0.4200"",""taker_side"":""yes"",""ticker"":""KXETH15M-26APR281230-30"",""trade_id"":""d6a8965f-99fe-57a5-5b97-5b0dcee3c9e1"",""yes_price_dollars"":""0.5800""}"
KXETH15M-26APR281230-30,72b69603-e985-6ec2-9b8e-01829f343019,1777393265,0.6,0.81,yes,"{""count_fp"":""0.81"",""created_time"":""2026-04-28T16:21:05.566492Z"",""no_price_dollars"":""0.4000"",""taker_side"":""yes"",""ticker"":""KXETH15M-26APR281230-30"",""trade_id"":""72b69603-e985-6ec2-9b8e-01829f343019"",""yes_price_dollars"":""0.6000""}"
KXETH15M-26APR281230-30,cdc4bb40-5380-4062-ed6b-dec1efab8432,1777393267,0.59,2.43,yes,"{""count_fp"":""2.43"",""created_time"":""2026-04-28T16:21:07.418438Z"",""no_price_dollars"":""0.4100"",""taker_side"":""yes"",""ticker"":""KXETH15M-26APR281230-30"",""trade_id"":""cdc4bb40-5380-4062-ed6b-dec1efab8432"",""yes_price_dollars"":""0.5900""}"
KXETH15M-26APR281230-30,6a742573-d6a2-5d79-93ff-1246afec987d,1777393272,0.6,16.21,yes,"{""count_fp"":""16.21"",""created_time"":""2026-04-28T16:21:12.614636Z"",""no_price_dollars"":""0.4000"",""taker_side"":""yes"",""ticker"":""KXETH15M-26APR281230-30"",""trade_id"":""6a742573-d6a2-5d79-93ff-1246afec987d"",""yes_price_dollars"":""0.6000""}"
KXETH15M-26APR281230-30,714dd80c-4e5a-72f1-9a9c-1b11033c48c1,1777393273,0.6,25.94,yes,"{""count_fp"":""25.94"",""created_time"":""2026-04-28T16:21:13.137042Z"",""no_price_dollars"":""0.4000"",""taker_side"":""yes"",""ticker"":""KXETH15M-26APR281230-30"",""trade_id"":""714dd80c-4e5a-72f1-9a9c-1b11033c48c1"",""yes_price_dollars"":""0.6000""}"
KXETH15M-26APR281230-30,d146b882-9faa-45c3-d235-947a2da58c9a,1777393275,0.65,10.0,yes,"{""count_fp"":""10.00"",""created_time"":""2026-04-28T16:21:15.566958Z"",""no_price_dollars"":""0.3500"",""taker_side"":""yes"",""ticker"":""KXETH15M-26APR281230-30"",""trade_id"":""d146b882-9faa-45c3-d235-947a2da58c9a"",""yes_price_dollars"":""0.6500""}"
KXETH15M-26APR281230-30,20d8919d-81ed-754a-99e1-4ee31685add9,1777393275,0.62,10.0,yes,"{""count_fp"":""10.00"",""created_time"":""2026-04-28T16:21:15.516338Z"",""no_price_dollars"":""0.3800"",""taker_side"":""yes"",""ticker"":""KXETH15M-26APR281230-30"",""trade_id"":""20d8919d-81ed-754a-99e1-4ee31685add9"",""yes_price_dollars"":""0.6200""}"
KXETH15M-26APR281230-30,e05454f7-1eed-4048-5cfc-675481c63353,1777393277,0.65,0.33,no,"{""count_fp"":""0.33"",""created_time"":""2026-04-28T16:21:17.403855Z"",""no_price_dollars"":""0.3500"",""taker_side"":""no"",""ticker"":""KXETH15M-26APR281230-30"",""trade_id"":""e05454f7-1eed-4048-5cfc-675481c63353"",""yes_price_dollars"":""0.6500""}"
KXETH15M-26APR281230-30,1b6945e8-32b8-4726-f350-551ccedc99d2,1777393281,0.66,1.0,yes,"{""count_fp"":""1.00"",""created_time"":""2026-04-28T16:21:21.640448Z"",""no_price_dollars"":""0.3400"",""taker_side"":""yes"",""ticker"":""KXETH15M-26APR281230-30"",""trade_id"":""1b6945e8-32b8-4726-f350-551ccedc99d2"",""yes_price_dollars"":""0.6600""}"
KXETH15M-26APR281230-30,08e82a6b-a2e2-4f79-4290-e519186e8b05,1777393283,0.63,10.0,no,"{""count_fp"":""10.00"",""created_time"":""2026-04-28T16:21:23.384142Z"",""no_price_dollars"":""0.3700"",""taker_side"":""no"",""ticker"":""KXETH15M-26APR281230-30"",""trade_id"":""08e82a6b-a2e2-4f79-4290-e519186e8b05"",""yes_price_dollars"":""0.6300""}"
KXETH15M-26APR281230-30,f8be0b6a-5683-47df-defd-ee345dad3887,1777393283,0.66,9.7,yes,"{""count_fp"":""9.70"",""created_time"":""2026-04-28T16:21:23.147725Z"",""no_price_dollars"":""0.3400"",""taker_side"":""yes"",""ticker"":""KXETH15M-26APR281230-30"",""trade_id"":""f8be0b6a-5683-47df-defd-ee345dad3887"",""yes_price_dollars"":""0.6600""}"
KXETH15M-26APR281230-30,8e5310ff-b322-4211-ffe6-a2055f002fed,1777393283,0.67,91.3,yes,"{""count_fp"":""91.30"",""created_time"":""2026-04-28T16:21:23.147725Z"",""no_price_dollars"":""0.3300"",""taker_side"":""yes"",""ticker"":""KXETH15M-26APR281230-30"",""trade_id"":""8e5310ff-b322-4211-ffe6-a2055f002fed"",""yes_price_dollars"":""0.6700""}"
KXETH15M-26APR281230-30,f38d5a90-469a-6949-dc80-96a7b7c9ea61,1777393284,0.64,15.24,yes,"{""count_fp"":""15.24"",""created_time"":""2026-04-28T16:21:24.675349Z"",""no_price_dollars"":""0.3600"",""taker_side"":""yes"",""ticker"":""KXETH15M-26APR281230-30"",""trade_id"":""f38d5a90-469a-6949-dc80-96a7b7c9ea61"",""yes_price_dollars"":""0.6400""}"
KXETH15M-26APR281230-30,9f8066f4-ff2a-6cd5-fb55-09989f5470f1,1777393287,0.61,26.68,yes,"{""count_fp"":""26.68"",""created_time"":""2026-04-28T16:21:27.533753Z"",""no_price_dollars"":""0.3900"",""taker_side"":""yes"",""ticker"":""KXETH15M-26APR281230-30"",""trade_id"":""9f8066f4-ff2a-6cd5-fb55-09989f5470f1"",""yes_price_dollars"":""0.6100""}"
KXETH15M-26APR281230-30,6cd484e9-106b-7462-9a44-205372f54665,1777393288,0.61,7.0,yes,"{""count_fp"":""7.00"",""created_time"":""2026-04-28T16:21:28.921251Z"",""no_price_dollars"":""0.3900"",""taker_side"":""yes"",""ticker"":""KXETH15M-26APR281230-30"",""trade_id"":""6cd484e9-106b-7462-9a44-205372f54665"",""yes_price_dollars"":""0.6100""}"
KXETH15M-26APR281230-30,3eaf983a-0eb2-7a99-70e5-76b9fdbfdb15,1777393290,0.69,15.0,yes,"{""count_fp"":""15.00"",""created_time"":""2026-04-28T16:21:30.610259Z"",""no_price_dollars"":""0.3100"",""taker_side"":""yes"",""ticker"":""KXETH15M-26APR281230-30"",""trade_id"":""3eaf983a-0eb2-7a99-70e5-76b9fdbfdb15"",""yes_price_dollars"":""0.6900""}"
KXETH15M-26APR281230-30,1a535321-5ec8-7e46-7897-35e17df3525e,1777393290,0.68,10.0,yes,"{""count_fp"":""10.00"",""created_time"":""2026-04-28T16:21:30.610259Z"",""no_price_dollars"":""0.3200"",""taker_side"":""yes"",""ticker"":""KXETH15M-26APR281230-30"",""trade_id"":""1a535321-5ec8-7e46-7897-35e17df3525e"",""yes_price_dollars"":""0.6800""}"
KXETH15M-26APR281230-30,5d2ec3bf-c030-4aa1-07ad-9df0c580e87b,1777393290,0.64,12.0,yes,"{""count_fp"":""12.00"",""created_time"":""2026-04-28T16:21:30.572018Z"",""no_price_dollars"":""0.3600"",""taker_side"":""yes"",""ticker"":""KXETH15M-26APR281230-30"",""trade_id"":""5d2ec3bf-c030-4aa1-07ad-9df0c580e87b"",""yes_price_dollars"":""0.6400""}"
KXETH15M-26APR281230-30,f5693e56-3b77-4740-16f2-e1292d2fbfa4,1777393294,0.69,2.83,yes,"{""count_fp"":""2.83"",""created_time"":""2026-04-28T16:21:34.025895Z"",""no_price_dollars"":""0.3100"",""taker_side"":""yes"",""ticker"":""KXETH15M-26APR281230-30"",""trade_id"":""f5693e56-3b77-4740-16f2-e1292d2fbfa4"",""yes_price_dollars"":""0.6900""}"
KXETH15M-26APR281230-30,f0268ff9-52ff-6f39-4225-5bac7106117b,1777393296,0.69,0.14,yes,"{""count_fp"":""0.14"",""created_time"":""2026-04-28T16:21:36.783948Z"",""no_price_dollars"":""0.3100"",""taker_side"":""yes"",""ticker"":""KXETH15M-26APR281230-30"",""trade_id"":""f0268ff9-52ff-6f39-4225-5bac7106117b"",""yes_price_dollars"":""0.6900""}"
KXETH15M-26APR281230-30,64b90a2f-231d-6059-8dab-44d72ed6a1bc,1777393299,0.67,10.0,no,"{""count_fp"":""10.00"",""created_time"":""2026-04-28T16:21:39.703725Z"",""no_price_dollars"":""0.3300"",""taker_side"":""no"",""ticker"":""KXETH15M-26APR281230-30"",""trade_id"":""64b90a2f-231d-6059-8dab-44d72ed6a1bc"",""yes_price_dollars"":""0.6700""}"
KXETH15M-26APR281230-30,e754a8d6-18c8-4f1a-48b9-8c244151acf5,1777393303,0.67,10.0,no,"{""count_fp"":""10.00"",""created_time"":""2026-04-28T16:21:43.287111Z"",""no_price_dollars"":""0.3300"",""taker_side"":""no"",""ticker"":""KXETH15M-26APR281230-30"",""trade_id"":""e754a8d6-18c8-4f1a-48b9-8c244151acf5"",""yes_price_dollars"":""0.6700""}"
KXETH15M-26APR281230-30,8a330ca1-6089-5b27-9fbd-c637dfacf0d6,1777393305,0.62,3.0,no,"{""count_fp"":""3.00"",""created_time"":""2026-04-28T16:21:45.341077Z"",""no_price_dollars"":""0.3800"",""taker_side"":""no"",""ticker"":""KXETH15M-26APR281230-30"",""trade_id"":""8a330ca1-6089-5b27-9fbd-c637dfacf0d6"",""yes_price_dollars"":""0.6200""}"
KXETH15M-26APR281230-30,9665bead-5d6f-5aa9-c6a4-f5f5a48b016c,1777393307,0.61,8.67,yes,"{""count_fp"":""8.67"",""created_time"":""2026-04-28T16:21:47.226618Z"",""no_price_dollars"":""0.3900"",""taker_side"":""yes"",""ticker"":""KXETH15M-26APR281230-30"",""trade_id"":""9665bead-5d6f-5aa9-c6a4-f5f5a48b016c"",""yes_price_dollars"":""0.6100""}"
KXETH15M-26APR281230-30,3e03af97-0f87-5450-ee9f-d9e1388e6f4e,1777393307,0.61,7.0,yes,"{""count_fp"":""7.00"",""created_time"":""2026-04-28T16:21:47.226618Z"",""no_price_dollars"":""0.3900"",""taker_side"":""yes"",""ticker"":""KXETH15M-26APR281230-30"",""trade_id"":""3e03af97-0f87-5450-ee9f-d9e1388e6f4e"",""yes_price_dollars"":""0.6100""}"
KXETH15M-26APR281230-30,bfcbb7a4-58cf-5dd1-617a-4c3210839a40,1777393312,0.61,1.58,yes,"{""count_fp"":""1.58"",""created_time"":""2026-04-28T16:21:52.986664Z"",""no_price_dollars"":""0.3900"",""taker_side"":""yes"",""ticker"":""KXETH15M-26APR281230-30"",""trade_id"":""bfcbb7a4-58cf-5dd1-617a-4c3210839a40"",""yes_price_dollars"":""0.6100""}"
KXETH15M-26APR281230-30,319ec546-4392-57e9-6af8-6ee3cfafac11,1777393312,0.61,14.37,yes,"{""count_fp"":""14.37"",""created_time"":""2026-04-28T16:21:52.986664Z"",""no_price_dollars"":""0.3900"",""taker_side"":""yes"",""ticker"":""KXETH15M-26APR281230-30"",""trade_id"":""319ec546-4392-57e9-6af8-6ee3cfafac11"",""yes_price_dollars"":""0.6100""}"
KXETH15M-26APR281230-30,07533855-0ec2-7e4c-eadd-cb2373b58c31,1777393314,0.58,10.0,no,"{""count_fp"":""10.00"",""created_time"":""2026-04-28T16:21:54.066577Z"",""no_price_dollars"":""0.4200"",""taker_side"":""no"",""ticker"":""KXETH15M-26APR281230-30"",""trade_id"":""07533855-0ec2-7e4c-eadd-cb2373b58c31"",""yes_price_dollars"":""0.5800""}"
KXETH15M-26APR281230-30,ce1fe0af-9b90-4c00-4f44-bcec4dae80df,1777393314,0.59,10.0,no,"{""count_fp"":""10.00"",""created_time"":""2026-04-28T16:21:54.049485Z"",""no_price_dollars"":""0.4100"",""taker_side"":""no"",""ticker"":""KXETH15M-26APR281230-30"",""trade_id"":""ce1fe0af-9b90-4c00-4f44-bcec4dae80df"",""yes_price_dollars"":""0.5900""}"
KXETH15M-26APR281230-30,fc909883-762b-7532-abdd-bcf011bbce3e,1777393316,0.55,10.0,no,"{""count_fp"":""10.00"",""created_time"":""2026-04-28T16:21:56.929113Z"",""no_price_dollars"":""0.4500"",""taker_side"":""no"",""ticker"":""KXETH15M-26APR281230-30"",""trade_id"":""fc909883-762b-7532-abdd-bcf011bbce3e"",""yes_price_dollars"":""0.5500""}"
KXETH15M-26APR281230-30,630502ea-4cfd-71ef-ad29-f15bbeba3e91,1777393316,0.55,5.0,no,"{""count_fp"":""5.00"",""created_time"":""2026-04-28T16:21:56.929113Z"",""no_price_dollars"":""0.4500"",""taker_side"":""no"",""ticker"":""KXETH15M-26APR281230-30"",""trade_id"":""630502ea-4cfd-71ef-ad29-f15bbeba3e91"",""yes_price_dollars"":""0.5500""}"
KXETH15M-26APR281230-30,6a9f1346-e185-6c81-eb68-369fc5680ace,1777393317,0.55,1.0,yes,"{""count_fp"":""1.00"",""created_time"":""2026-04-28T16:21:57.742988Z"",""no_price_dollars"":""0.4500"",""taker_side"":""yes"",""ticker"":""KXETH15M-26APR281230-30"",""trade_id"":""6a9f1346-e185-6c81-eb68-369fc5680ace"",""yes_price_dollars"":""0.5500""}"
KXETH15M-26APR281230-30,9691f694-5888-7831-4b5c-2a79783e65c8,1777393320,0.51,7.21,no,"{""count_fp"":""7.21"",""created_time"":""2026-04-28T16:22:00.189451Z"",""no_price_dollars"":""0.4900"",""taker_side"":""no"",""ticker"":""KXETH15M-26APR281230-30"",""trade_id"":""9691f694-5888-7831-4b5c-2a79783e65c8"",""yes_price_dollars"":""0.5100""}"
KXETH15M-26APR281230-30,571c415f-8079-7c06-515d-c55b10146ee3,1777393320,0.52,9.0,no,"{""count_fp"":""9.00"",""created_time"":""2026-04-28T16:22:00.189451Z"",""no_price_dollars"":""0.4800"",""taker_side"":""no"",""ticker"":""KXETH15M-26APR281230-30"",""trade_id"":""571c415f-8079-7c06-515d-c55b10146ee3"",""yes_price_dollars"":""0.5200""}"
KXETH15M-26APR281230-30,99ab709d-d275-496d-ff66-ca7751cd88fd,1777393321,0.51,2.66,no,"{""count_fp"":""2.66"",""created_time"":""2026-04-28T16:22:01.605335Z"",""no_price_dollars"":""0.4900"",""taker_side"":""no"",""ticker"":""KXETH15M-26APR281230-30"",""trade_id"":""99ab709d-d275-496d-ff66-ca7751cd88fd"",""yes_price_dollars"":""0.5100""}"
KXETH15M-26APR281230-30,72e8019a-116d-411e-d362-d83f71e63663,1777393321,0.51,10.0,no,"{""count_fp"":""10.00"",""created_time"":""2026-04-28T16:22:01.605335Z"",""no_price_dollars"":""0.4900"",""taker_side"":""no"",""ticker"":""KXETH15M-26APR281230-30"",""trade_id"":""72e8019a-116d-411e-d362-d83f71e63663"",""yes_price_dollars"":""0.5100""}"
KXETH15M-26APR281230-30,1d443f54-baef-596a-8ec1-bd699ba46889,1777393322,0.54,2.65,yes,"{""count_fp"":""2.65"",""created_time"":""2026-04-28T16:22:02.635155Z"",""no_price_dollars"":""0.4600"",""taker_side"":""yes"",""ticker"":""KXETH15M-26APR281230-30"",""trade_id"":""1d443f54-baef-596a-8ec1-bd699ba46889"",""yes_price_dollars"":""0.5400""}"
KXETH15M-26APR281230-30,a411ac8e-0e2c-5717-3c91-589f850eecb1,1777393326,0.52,1.55,no,"{""count_fp"":""1.55"",""created_time"":""2026-04-28T16:22:06.292426Z"",""no_price_dollars"":""0.4800"",""taker_side"":""no"",""ticker"":""KXETH15M-26APR281230-30"",""trade_id"":""a411ac8e-0e2c-5717-3c91-589f850eecb1"",""yes_price_dollars"":""0.5200""}"
KXETH15M-26APR281230-30,8f4f884b-be76-5110-3650-f79183970f0d,1777393326,0.55,1.0,yes,"{""count_fp"":""1.00"",""created_time"":""2026-04-28T16:22:06.207081Z"",""no_price_dollars"":""0.4500"",""taker_side"":""yes"",""ticker"":""KXETH15M-26APR281230-30"",""trade_id"":""8f4f884b-be76-5110-3650-f79183970f0d"",""yes_price_dollars"":""0.5500""}"
KXETH15M-26APR281230-30,4978c81a-ce2d-5b8d-3675-0b2c564e1b4a,1777393326,0.55,3.0,yes,"{""count_fp"":""3.00"",""created_time"":""2026-04-28T16:22:06.207081Z"",""no_price_dollars"":""0.4500"",""taker_side"":""yes"",""ticker"":""KXETH15M-26APR281230-30"",""trade_id"":""4978c81a-ce2d-5b8d-3675-0b2c564e1b4a"",""yes_price_dollars"":""0.5500""}"
KXETH15M-26APR281230-30,2a6b867a-2f0f-5118-2af3-7cc29cf29a35,1777393326,0.55,10.0,yes,"{""count_fp"":""10.00"",""created_time"":""2026-04-28T16:22:06.207081Z"",""no_price_dollars"":""0.4500"",""taker_side"":""yes"",""ticker"":""KXETH15M-26APR281230-30"",""trade_id"":""2a6b867a-2f0f-5118-2af3-7cc29cf29a35"",""yes_price_dollars"":""0.5500""}"
KXETH15M-26APR281230-30,cffad93d-0fe8-45c7-a9f6-bbc001b5272d,1777393327,0.52,1.0,no,"{""count_fp"":""1.00"",""created_time"":""2026-04-28T16:22:07.788898Z"",""no_price_dollars"":""0.4800"",""taker_side"":""no"",""ticker"":""KXETH15M-26APR281230-30"",""trade_id"":""cffad93d-0fe8-45c7-a9f6-bbc001b5272d"",""yes_price_dollars"":""0.5200""}"
KXETH15M-26APR281230-30,ee92918a-0e0e-65b7-b6e5-46f43772d446,1777393332,0.55,10.0,yes,"{""count_fp"":""10.00"",""created_time"":""2026-04-28T16:22:12.222733Z"",""no_price_dollars"":""0.4500"",""taker_side"":""yes"",""ticker"":""KXETH15M-26APR281230-30"",""trade_id"":""ee92918a-0e0e-65b7-b6e5-46f43772d446"",""yes_price_dollars"":""0.5500""}"
KXETH15M-26APR281230-30,6816aa90-a02f-45e4-66b1-2025cc3b5fd7,1777393336,0.55,1.0,no,"{""count_fp"":""1.00"",""created_time"":""2026-04-28T16:22:16.095779Z"",""no_price_dollars"":""0.4500"",""taker_side"":""no"",""ticker"":""KXETH15M-26APR281230-30"",""trade_id"":""6816aa90-a02f-45e4-66b1-2025cc3b5fd7"",""yes_price_dollars"":""0.5500""}"
KXETH15M-26APR281230-30,28250b21-2167-69c0-8ca7-de0e063b172c,1777393338,0.57,2.23,no,"{""count_fp"":""2.23"",""created_time"":""2026-04-28T16:22:18.967415Z"",""no_price_dollars"":""0.4300"",""taker_side"":""no"",""ticker"":""KXETH15M-26APR281230-30"",""trade_id"":""28250b21-2167-69c0-8ca7-de0e063b172c"",""yes_price_dollars"":""0.5700""}"
KXETH15M-26APR281230-30,dbefe3d9-150b-6e84-35b5-94752e0f8fd8,1777393339,0.57,2.43,no,"{""count_fp"":""2.43"",""created_time"":""2026-04-28T16:22:19.204338Z"",""no_price_dollars"":""0.4300"",""taker_side"":""no"",""ticker"":""KXETH15M-26APR281230-30"",""trade_id"":""dbefe3d9-150b-6e84-35b5-94752e0f8fd8"",""yes_price_dollars"":""0.5700""}"
KXETH15M-26APR281230-30,980ef048-3310-727b-a8c5-2a8e20437b68,1777393341,0.59,0.16,yes,"{""count_fp"":""0.16"",""created_time"":""2026-04-28T16:22:21.797532Z"",""no_price_dollars"":""0.4100"",""taker_side"":""yes"",""ticker"":""KXETH15M-26APR281230-30"",""trade_id"":""980ef048-3310-727b-a8c5-2a8e20437b68"",""yes_price_dollars"":""0.5900""}"
KXETH15M-26APR281230-30,4bf7eb0b-62e0-7d7f-d5e3-a23f50c900a4,1777393342,0.59,1.64,yes,"{""count_fp"":""1.64"",""created_time"":""2026-04-28T16:22:22.375193Z"",""no_price_dollars"":""0.4100"",""taker_side"":""yes"",""ticker"":""KXETH15M-26APR281230-30"",""trade_id"":""4bf7eb0b-62e0-7d7f-d5e3-a23f50c900a4"",""yes_price_dollars"":""0.5900""}"
KXETH15M-26APR281230-30,b12d8e19-91df-5523-35eb-78ba13e96eb2,1777393346,0.62,1.0,no,"{""count_fp"":""1.00"",""created_time"":""2026-04-28T16:22:26.721083Z"",""no_price_dollars"":""0.3800"",""taker_side"":""no"",""ticker"":""KXETH15M-26APR281230-30"",""trade_id"":""b12d8e19-91df-5523-35eb-78ba13e96eb2"",""yes_price_dollars"":""0.6200""}"
KXETH15M-26APR281230-30,e46496c6-4581-6899-04ab-791bf50dea17,1777393350,0.62,2.02,no,"{""count_fp"":""2.02"",""created_time"":""2026-04-28T16:22:30.472563Z"",""no_price_dollars"":""0.3800"",""taker_side"":""no"",""ticker"":""KXETH15M-26APR281230-30"",""trade_id"":""e46496c6-4581-6899-04ab-791bf50dea17"",""yes_price_dollars"":""0.6200""}"
KXETH15M-26APR281230-30,6d5274c8-4820-508d-7c05-a9913ba0eb32,1777393362,0.67,20.0,no,"{""count_fp"":""20.00"",""created_time"":""2026-04-28T16:22:42.928787Z"",""no_price_dollars"":""0.3300"",""taker_side"":""no"",""ticker"":""KXETH15M-26APR281230-30"",""trade_id"":""6d5274c8-4820-508d-7c05-a9913ba0eb32"",""yes_price_dollars"":""0.6700""}"
KXETH15M-26APR281230-30,caced45c-0870-42fb-fe08-0086c486a210,1777393373,0.68,10.0,yes,"{""count_fp"":""10.00"",""created_time"":""2026-04-28T16:22:53.150244Z"",""no_price_dollars"":""0.3200"",""taker_side"":""yes"",""ticker"":""KXETH15M-26APR281230-30"",""trade_id"":""caced45c-0870-42fb-fe08-0086c486a210"",""yes_price_dollars"":""0.6800""}"
KXETH15M-26APR281230-30,4fec6239-475e-40bf-fffb-b7004ea93d42,1777393373,0.69,4.18,yes,"{""count_fp"":""4.18"",""created_time"":""2026-04-28T16:22:53.150244Z"",""no_price_dollars"":""0.3100"",""taker_side"":""yes"",""ticker"":""KXETH15M-26APR281230-30"",""trade_id"":""4fec6239-475e-40bf-fffb-b7004ea93d42"",""yes_price_dollars"":""0.6900""}"
KXETH15M-26APR281230-30,87815b16-c96f-64e6-7401-5063439167e8,1777393379,0.7,1.0,yes,"{""count_fp"":""1.00"",""created_time"":""2026-04-28T16:22:59.061679Z"",""no_price_dollars"":""0.3000"",""taker_side"":""yes"",""ticker"":""KXETH15M-26APR281230-30"",""trade_id"":""87815b16-c96f-64e6-7401-5063439167e8"",""yes_price_dollars"":""0.7000""}"
KXETH15M-26APR281230-30,3afa39d5-094d-5725-2c01-9f9943bbc3c2,1777393383,0.75,12.0,yes,"{""count_fp"":""12.00"",""created_time"":""2026-04-28T16:23:03.878684Z"",""no_price_dollars"":""0.2500"",""taker_side"":""yes"",""ticker"":""KXETH15M-26APR281230-30"",""trade_id"":""3afa39d5-094d-5725-2c01-9f9943bbc3c2"",""yes_price_dollars"":""0.7500""}"
KXETH15M-26APR281230-30,5c93c1c5-85ed-5f61-489d-1de7aad0240a,1777393383,0.75,2.0,yes,"{""count_fp"":""2.00"",""created_time"":""2026-04-28T16:23:03.350878Z"",""no_price_dollars"":""0.2500"",""taker_side"":""yes"",""ticker"":""KXETH15M-26APR281230-30"",""trade_id"":""5c93c1c5-85ed-5f61-489d-1de7aad0240a"",""yes_price_dollars"":""0.7500""}"
KXETH15M-26APR281230-30,868acc67-1904-7b35-ed82-9156f27ac055,1777393383,0.7,1.0,no,"{""count_fp"":""1.00"",""created_time"":""2026-04-28T16:23:03.208005Z"",""no_price_dollars"":""0.3000"",""taker_side"":""no"",""ticker"":""KXETH15M-26APR281230-30"",""trade_id"":""868acc67-1904-7b35-ed82-9156f27ac055"",""yes_price_dollars"":""0.7000""}"
KXETH15M-26APR281230-30,62273046-945c-5d56-b289-b880c46f4e2f,1777393383,0.71,9.0,yes,"{""count_fp"":""9.00"",""created_time"":""2026-04-28T16:23:03.147599Z"",""no_price_dollars"":""0.2900"",""taker_side"":""yes"",""ticker"":""KXETH15M-26APR281230-30"",""trade_id"":""62273046-945c-5d56-b289-b880c46f4e2f"",""yes_price_dollars"":""0.7100""}"
KXETH15M-26APR281230-30,cbf1ad8e-4a7d-5e39-8599-090056d9bbca,1777393394,0.8,10.0,yes,"{""count_fp"":""10.00"",""created_time"":""2026-04-28T16:23:14.867744Z"",""no_price_dollars"":""0.2000"",""taker_side"":""yes"",""ticker"":""KXETH15M-26APR281230-30"",""trade_id"":""cbf1ad8e-4a7d-5e39-8599-090056d9bbca"",""yes_price_dollars"":""0.8000""}"
KXETH15M-26APR281230-30,b5b290bf-f7dc-623e-f0b8-c8ebcd8ee75a,1777393396,0.79,43.0,yes,"{""count_fp"":""43.00"",""created_time"":""2026-04-28T16:23:16.208752Z"",""no_price_dollars"":""0.2100"",""taker_side"":""yes"",""ticker"":""KXETH15M-26APR281230-30"",""trade_id"":""b5b290bf-f7dc-623e-f0b8-c8ebcd8ee75a"",""yes_price_dollars"":""0.7900""}"
KXETH15M-26APR281230-30,0418c939-a885-4b73-4d59-1d96b688e75d,1777393396,0.78,10.0,no,"{""count_fp"":""10.00"",""created_time"":""2026-04-28T16:23:16.149425Z"",""no_price_dollars"":""0.2200"",""taker_side"":""no"",""ticker"":""KXETH15M-26APR281230-30"",""trade_id"":""0418c939-a885-4b73-4d59-1d96b688e75d"",""yes_price_dollars"":""0.7800""}"
KXETH15M-26APR281230-30,b22eddbf-aca0-5df4-abdf-769c095aa271,1777393397,0.78,3.0,no,"{""count_fp"":""3.00"",""created_time"":""2026-04-28T16:23:17.933926Z"",""no_price_dollars"":""0.2200"",""taker_side"":""no"",""ticker"":""KXETH15M-26APR281230-30"",""trade_id"":""b22eddbf-aca0-5df4-abdf-769c095aa271"",""yes_price_dollars"":""0.7800""}"
KXETH15M-26APR281230-30,14574f6b-57dc-6064-4d65-81252034c7d7,1777393398,0.71,22.0,no,"{""count_fp"":""22.00"",""created_time"":""2026-04-28T16:23:18.244035Z"",""no_price_dollars"":""0.2900"",""taker_side"":""no"",""ticker"":""KXETH15M-26APR281230-30"",""trade_id"":""14574f6b-57dc-6064-4d65-81252034c7d7"",""yes_price_dollars"":""0.7100""}"
KXETH15M-26APR281230-30,24057931-a01c-6981-7572-1577f34e7b62,1777393398,0.72,10.0,no,"{""count_fp"":""10.00"",""created_time"":""2026-04-28T16:23:18.214807Z"",""no_price_dollars"":""0.2800"",""taker_side"":""no"",""ticker"":""KXETH15M-26APR281230-30"",""trade_id"":""24057931-a01c-6981-7572-1577f34e7b62"",""yes_price_dollars"":""0.7200""}"
KXETH15M-26APR281230-30,c842f595-1cd4-4415-43eb-945593022786,1777393398,0.73,20.0,no,"{""count_fp"":""20.00"",""created_time"":""2026-04-28T16:23:18.198258Z"",""no_price_dollars"":""0.2700"",""taker_side"":""no"",""ticker"":""KXETH15M-26APR281230-30"",""trade_id"":""c842f595-1cd4-4415-43eb-945593022786"",""yes_price_dollars"":""0.7300""}"
KXETH15M-26APR281230-30,1f900a01-91b9-6d78-a687-d18f9cb708b2,1777393398,0.74,1.06,no,"{""count_fp"":""1.06"",""created_time"":""2026-04-28T16:23:18.085223Z"",""no_price_dollars"":""0.2600"",""taker_side"":""no"",""ticker"":""KXETH15M-26APR281230-30"",""trade_id"":""1f900a01-91b9-6d78-a687-d18f9cb708b2"",""yes_price_dollars"":""0.7400""}"
KXETH15M-26APR281230-30,27aee4ee-6736-78b3-c696-1d5658264900,1777393398,0.75,10.0,no,"{""count_fp"":""10.00"",""created_time"":""2026-04-28T16:23:18.001862Z"",""no_price_dollars"":""0.2500"",""taker_side"":""no"",""ticker"":""KXETH15M-26APR281230-30"",""trade_id"":""27aee4ee-6736-78b3-c696-1d5658264900"",""yes_price_dollars"":""0.7500""}"
KXETH15M-26APR281230-30,23d611c6-8eb1-7254-cf29-89aea118926e,1777393398,0.74,18.94,no,"{""count_fp"":""18.94"",""created_time"":""2026-04-28T16:23:18.001862Z"",""no_price_dollars"":""0.2600"",""taker_side"":""no"",""ticker"":""KXETH15M-26APR281230-30"",""trade_id"":""23d611c6-8eb1-7254-cf29-89aea118926e"",""yes_price_dollars"":""0.7400""}"
KXETH15M-26APR281230-30,9543f963-71af-5862-d940-f22096ce50da,1777393399,0.72,8.62,yes,"{""count_fp"":""8.62"",""created_time"":""2026-04-28T16:23:19.623775Z"",""no_price_dollars"":""0.2800"",""taker_side"":""yes"",""ticker"":""KXETH15M-26APR281230-30"",""trade_id"":""9543f963-71af-5862-d940-f22096ce50da"",""yes_price_dollars"":""0.7200""}"
KXETH15M-26APR281230-30,c74baa02-1d98-79ad-0b60-f1b28df70258,1777393401,0.71,5.0,yes,"{""count_fp"":""5.00"",""created_time"":""2026-04-28T16:23:21.873Z"",""no_price_dollars"":""0.2900"",""taker_side"":""yes"",""ticker"":""KXETH15M-26APR281230-30"",""trade_id"":""c74baa02-1d98-79ad-0b60-f1b28df70258"",""yes_price_dollars"":""0.7100""}"
KXETH15M-26APR281230-30,43cfe7bd-3007-4f96-07d0-ad7139305a7e,1777393407,0.7,1.0,yes,"{""count_fp"":""1.00"",""created_time"":""2026-04-28T16:23:27.152893Z"",""no_price_dollars"":""0.3000"",""taker_side"":""yes"",""ticker"":""KXETH15M-26APR281230-30"",""trade_id"":""43cfe7bd-3007-4f96-07d0-ad7139305a7e"",""yes_price_dollars"":""0.7000""}"
KXETH15M-26APR281230-30,a58345a3-070b-5d09-9acf-f6eb576066fa,1777393410,0.69,6.03,no,"{""count_fp"":""6.03"",""created_time"":""2026-04-28T16:23:30.264158Z"",""no_price_dollars"":""0.3100"",""taker_side"":""no"",""ticker"":""KXETH15M-26APR281230-30"",""trade_id"":""a58345a3-070b-5d09-9acf-f6eb576066fa"",""yes_price_dollars"":""0.6900""}"
KXETH15M-26APR281230-30,d20b5e0b-33b4-5d20-d219-16e10a282e4e,1777393414,0.68,23.81,no,"{""count_fp"":""23.81"",""created_time"":""2026-04-28T16:23:34.884545Z"",""no_price_dollars"":""0.3200"",""taker_side"":""no"",""ticker"":""KXETH15M-26APR281230-30"",""trade_id"":""d20b5e0b-33b4-5d20-d219-16e10a282e4e"",""yes_price_dollars"":""0.6800""}"
KXETH15M-26APR281230-30,94109c04-ec2a-43a0-d1fd-538c80cdc620,1777393422,0.75,0.14,no,"{""count_fp"":""0.14"",""created_time"":""2026-04-28T16:23:42.167035Z"",""no_price_dollars"":""0.2500"",""taker_side"":""no"",""ticker"":""KXETH15M-26APR281230-30"",""trade_id"":""94109c04-ec2a-43a0-d1fd-538c80cdc620"",""yes_price_dollars"":""0.7500""}"
KXETH15M-26APR281230-30,6288c4b4-962c-571a-d746-419a3f200f3f,1777393425,0.77,2.0,yes,"{""count_fp"":""2.00"",""created_time"":""2026-04-28T16:23:45.341225Z"",""no_price_dollars"":""0.2300"",""taker_side"":""yes"",""ticker"":""KXETH15M-26APR281230-30"",""trade_id"":""6288c4b4-962c-571a-d746-419a3f200f3f"",""yes_price_dollars"":""0.7700""}"
KXETH15M-26APR281230-30,042a1e01-98f8-578a-fe0f-85bde7eb19b0,1777393425,0.77,7.0,yes,"{""count_fp"":""7.00"",""created_time"":""2026-04-28T16:23:45.341225Z"",""no_price_dollars"":""0.2300"",""taker_side"":""yes"",""ticker"":""KXETH15M-26APR281230-30"",""trade_id"":""042a1e01-98f8-578a-fe0f-85bde7eb19b0"",""yes_price_dollars"":""0.7700""}"
KXETH15M-26APR281230-30,72f4c688-5409-7998-7304-2420792f5463,1777393425,0.75,1.0,no,"{""count_fp"":""1.00"",""created_time"":""2026-04-28T16:23:45.063888Z"",""no_price_dollars"":""0.2500"",""taker_side"":""no"",""ticker"":""KXETH15M-26APR281230-30"",""trade_id"":""72f4c688-5409-7998-7304-2420792f5463"",""yes_price_dollars"":""0.7500""}"
KXETH15M-26APR281230-30,cbaff0fb-ae47-74e9-4d82-633c4d73be63,1777393426,0.79,10.0,yes,"{""count_fp"":""10.00"",""created_time"":""2026-04-28T16:23:46.995323Z"",""no_price_dollars"":""0.2100"",""taker_side"":""yes"",""ticker"":""KXETH15M-26APR281230-30"",""trade_id"":""cbaff0fb-ae47-74e9-4d82-633c4d73be63"",""yes_price_dollars"":""0.7900""}"
KXETH15M-26APR281230-30,9432e6a0-7018-7a36-5524-44041ee43be3,1777393426,0.79,10.0,yes,"{""count_fp"":""10.00"",""created_time"":""2026-04-28T16:23:46.995323Z"",""no_price_dollars"":""0.2100"",""taker_side"":""yes"",""ticker"":""KXETH15M-26APR281230-30"",""trade_id"":""9432e6a0-7018-7a36-5524-44041ee43be3"",""yes_price_dollars"":""0.7900""}"
KXETH15M-26APR281230-30,4c2ffced-ef46-7f6b-713d-2a471e1f5b1a,1777393426,0.79,8.94,yes,"{""count_fp"":""8.94"",""created_time"":""2026-04-28T16:23:46.995323Z"",""no_price_dollars"":""0.2100"",""taker_side"":""yes"",""ticker"":""KXETH15M-26APR281230-30"",""trade_id"":""4c2ffced-ef46-7f6b-713d-2a471e1f5b1a"",""yes_price_dollars"":""0.7900""}"
KXETH15M-26APR281230-30,0a091c20-2cf3-6973-4264-92113e140298,1777393427,0.79,1.5,yes,"{""count_fp"":""1.50"",""created_time"":""2026-04-28T16:23:47.101227Z"",""no_price_dollars"":""0.2100"",""taker_side"":""yes"",""ticker"":""KXETH15M-26APR281230-30"",""trade_id"":""0a091c20-2cf3-6973-4264-92113e140298"",""yes_price_dollars"":""0.7900""}"
KXETH15M-26APR281230-30,e92b15d9-8f61-4dbd-1590-741f6af888be,1777393429,0.8,9.35,yes,"{""count_fp"":""9.35"",""created_time"":""2026-04-28T16:23:49.512589Z"",""no_price_dollars"":""0.2000"",""taker_side"":""yes"",""ticker"":""KXETH15M-26APR281230-30"",""trade_id"":""e92b15d9-8f61-4dbd-1590-741f6af888be"",""yes_price_dollars"":""0.8000""}"
KXETH15M-26APR281230-30,8ec8f9de-9bd6-4a47-0218-261a37389486,1777393429,0.8,9.14,yes,"{""count_fp"":""9.14"",""created_time"":""2026-04-28T16:23:49.512589Z"",""no_price_dollars"":""0.2000"",""taker_side"":""yes"",""ticker"":""KXETH15M-26APR281230-30"",""trade_id"":""8ec8f9de-9bd6-4a47-0218-261a37389486"",""yes_price_dollars"":""0.8000""}"
KXETH15M-26APR281230-30,17c3218e-89af-754a-d073-607fcfb362e6,1777393431,0.79,1.22,yes,"{""count_fp"":""1.22"",""created_time"":""2026-04-28T16:23:51.163826Z"",""no_price_dollars"":""0.2100"",""taker_side"":""yes"",""ticker"":""KXETH15M-26APR281230-30"",""trade_id"":""17c3218e-89af-754a-d073-607fcfb362e6"",""yes_price_dollars"":""0.7900""}"
KXETH15M-26APR281230-30,f86ff9e0-2b78-62d9-09ab-d608db121f8f,1777393432,0.76,7.04,no,"{""count_fp"":""7.04"",""created_time"":""2026-04-28T16:23:52.220922Z"",""no_price_dollars"":""0.2400"",""taker_side"":""no"",""ticker"":""KXETH15M-26APR281230-30"",""trade_id"":""f86ff9e0-2b78-62d9-09ab-d608db121f8f"",""yes_price_dollars"":""0.7600""}"
KXETH15M-26APR281230-30,081a9f57-08eb-6906-18d7-785d90dc7556,1777393433,0.78,1.0,yes,"{""count_fp"":""1.00"",""created_time"":""2026-04-28T16:23:53.158497Z"",""no_price_dollars"":""0.2200"",""taker_side"":""yes"",""ticker"":""KXETH15M-26APR281230-30"",""trade_id"":""081a9f57-08eb-6906-18d7-785d90dc7556"",""yes_price_dollars"":""0.7800""}"
KXETH15M-26APR281230-30,71288211-4d23-7576-84e4-6c292575ab36,1777393437,0.78,1.0,yes,"{""count_fp"":""1.00"",""created_time"":""2026-04-28T16:23:57.345848Z"",""no_price_dollars"":""0.2200"",""taker_side"":""yes"",""ticker"":""KXETH15M-26APR281230-30"",""trade_id"":""71288211-4d23-7576-84e4-6c292575ab36"",""yes_price_dollars"":""0.7800""}"
KXETH15M-26APR281230-30,69c6bcd6-d88b-793e-aef6-c04f4cb511da,1777393437,0.78,1.0,yes,"{""count_fp"":""1.00"",""created_time"":""2026-04-28T16:23:57.178902Z"",""no_price_dollars"":""0.2200"",""taker_side"":""yes"",""ticker"":""KXETH15M-26APR281230-30"",""trade_id"":""69c6bcd6-d88b-793e-aef6-c04f4cb511da"",""yes_price_dollars"":""0.7800""}"
KXETH15M-26APR281230-30,547591cf-fadf-458a-274a-f896d4489cb2,1777393438,0.75,0.31,yes,"{""count_fp"":""0.31"",""created_time"":""2026-04-28T16:23:58.636443Z"",""no_price_dollars"":""0.2500"",""taker_side"":""yes"",""ticker"":""KXETH15M-26APR281230-30"",""trade_id"":""547591cf-fadf-458a-274a-f896d4489cb2"",""yes_price_dollars"":""0.7500""}"
KXETH15M-26APR281230-30,ac5a6e4c-8777-474e-e706-04b25c40938e,1777393438,0.75,1.26,yes,"{""count_fp"":""1.26"",""created_time"":""2026-04-28T16:23:58.519665Z"",""no_price_dollars"":""0.2500"",""taker_side"":""yes"",""ticker"":""KXETH15M-26APR281230-30"",""trade_id"":""ac5a6e4c-8777-474e-e706-04b25c40938e"",""yes_price_dollars"":""0.7500""}"
KXETH15M-26APR281230-30,dba54dee-bf07-5195-19d3-42b780381a96,1777393439,0.72,10.0,no,"{""count_fp"":""10.00"",""created_time"":""2026-04-28T16:23:59.657683Z"",""no_price_dollars"":""0.2800"",""taker_side"":""no"",""ticker"":""KXETH15M-26APR281230-30"",""trade_id"":""dba54dee-bf07-5195-19d3-42b780381a96"",""yes_price_dollars"":""0.7200""}"
KXETH15M-26APR281230-30,312e4276-34de-5fd1-381a-c6bd6bffb274,1777393439,0.72,10.0,no,"{""count_fp"":""10.00"",""created_time"":""2026-04-28T16:23:59.657683Z"",""no_price_dollars"":""0.2800"",""taker_side"":""no"",""ticker"":""KXETH15M-26APR281230-30"",""trade_id"":""312e4276-34de-5fd1-381a-c6bd6bffb274"",""yes_price_dollars"":""0.7200""}"
KXETH15M-26APR281230-30,95a04eb5-9c92-725f-d43a-d66e77edd9ee,1777393444,0.74,4.24,yes,"{""count_fp"":""4.24"",""created_time"":""2026-04-28T16:24:04.858649Z"",""no_price_dollars"":""0.2600"",""taker_side"":""yes"",""ticker"":""KXETH15M-26APR281230-30"",""trade_id"":""95a04eb5-9c92-725f-d43a-d66e77edd9ee"",""yes_price_dollars"":""0.7400""}"
KXETH15M-26APR281230-30,5f642c05-0950-7ad6-e0a4-cf03fc310d01,1777393444,0.73,1.0,yes,"{""count_fp"":""1.00"",""created_time"":""2026-04-28T16:24:04.858649Z"",""no_price_dollars"":""0.2700"",""taker_side"":""yes"",""ticker"":""KXETH15M-26APR281230-30"",""trade_id"":""5f642c05-0950-7ad6-e0a4-cf03fc310d01"",""yes_price_dollars"":""0.7300""}"
KXETH15M-26APR281230-30,56134c65-58de-7ff0-ef0b-e627f9665018,1777393444,0.73,10.0,yes,"{""count_fp"":""10.00"",""created_time"":""2026-04-28T16:24:04.858649Z"",""no_price_dollars"":""0.2700"",""taker_side"":""yes"",""ticker"":""KXETH15M-26APR281230-30"",""trade_id"":""56134c65-58de-7ff0-ef0b-e627f9665018"",""yes_price_dollars"":""0.7300""}"
KXETH15M-26APR281230-30,5e84961b-c86a-5317-7886-216132ede6e6,1777393446,0.74,26.54,yes,"{""count_fp"":""26.54"",""created_time"":""2026-04-28T16:24:06.455739Z"",""no_price_dollars"":""0.2600"",""taker_side"":""yes"",""ticker"":""KXETH15M-26APR281230-30"",""trade_id"":""5e84961b-c86a-5317-7886-216132ede6e6"",""yes_price_dollars"":""0.7400""}"
KXETH15M-26APR281230-30,41d44b6f-68c6-795f-cbf8-2e37cbfc882a,1777393446,0.74,1.0,yes,"{""count_fp"":""1.00"",""created_time"":""2026-04-28T16:24:06.436849Z"",""no_price_dollars"":""0.2600"",""taker_side"":""yes"",""ticker"":""KXETH15M-26APR281230-30"",""trade_id"":""41d44b6f-68c6-795f-cbf8-2e37cbfc882a"",""yes_price_dollars"":""0.7400""}"
KXETH15M-26APR281230-30,5dc1ec82-595e-661f-764e-32ab9943f96e,1777393446,0.74,1.0,yes,"{""count_fp"":""1.00"",""created_time"":""2026-04-28T16:24:06.027591Z"",""no_price_dollars"":""0.2600"",""taker_side"":""yes"",""ticker"":""KXETH15M-26APR281230-30"",""trade_id"":""5dc1ec82-595e-661f-764e-32ab9943f96e"",""yes_price_dollars"":""0.7400""}"
KXETH15M-26APR281230-30,f02ae35f-bea3-6fb2-1ac2-ccd112a0b616,1777393447,0.74,6.98,yes,"{""count_fp"":""6.98"",""created_time"":""2026-04-28T16:24:07.826239Z"",""no_price_dollars"":""0.2600"",""taker_side"":""yes"",""ticker"":""KXETH15M-26APR281230-30"",""trade_id"":""f02ae35f-bea3-6fb2-1ac2-ccd112a0b616"",""yes_price_dollars"":""0.7400""}"
KXETH15M-26APR281230-30,4d4c9625-d8c6-667b-254d-031cd8eb09da,1777393447,0.74,4.96,yes,"{""count_fp"":""4.96"",""created_time"":""2026-04-28T16:24:07.826239Z"",""no_price_dollars"":""0.2600"",""taker_side"":""yes"",""ticker"":""KXETH15M-26APR281230-30"",""trade_id"":""4d4c9625-d8c6-667b-254d-031cd8eb09da"",""yes_price_dollars"":""0.7400""}"
KXETH15M-26APR281230-30,4e27012a-c6e3-4356-6484-ab43602590d2,1777393448,0.73,27.0,yes,"{""count_fp"":""27.00"",""created_time"":""2026-04-28T16:24:08.589061Z"",""no_price_dollars"":""0.2700"",""taker_side"":""yes"",""ticker"":""KXETH15M-26APR281230-30"",""trade_id"":""4e27012a-c6e3-4356-6484-ab43602590d2"",""yes_price_dollars"":""0.7300""}"
KXETH15M-26APR281230-30,e2175cc3-82bf-4272-cd49-47b2d26cc512,1777393449,0.7,32.0,yes,"{""count_fp"":""32.00"",""created_time"":""2026-04-28T16:24:09.796949Z"",""no_price_dollars"":""0.3000"",""taker_side"":""yes"",""ticker"":""KXETH15M-26APR281230-30"",""trade_id"":""e2175cc3-82bf-4272-cd49-47b2d26cc512"",""yes_price_dollars"":""0.7000""}"
KXETH15M-26APR281230-30,34596752-2574-4545-a84f-d1e2caf4cd10,1777393449,0.7,10.0,no,"{""count_fp"":""10.00"",""created_time"":""2026-04-28T16:24:09.613726Z"",""no_price_dollars"":""0.3000"",""taker_side"":""no"",""ticker"":""KXETH15M-26APR281230-30"",""trade_id"":""34596752-2574-4545-a84f-d1e2caf4cd10"",""yes_price_dollars"":""0.7000""}"
KXETH15M-26APR281230-30,503b6fea-5923-6c55-10ad-08fb59a35f29,1777393453,0.69,4.37,no,"{""count_fp"":""4.37"",""created_time"":""2026-04-28T16:24:13.676839Z"",""no_price_dollars"":""0.3100"",""taker_side"":""no"",""ticker"":""KXETH15M-26APR281230-30"",""trade_id"":""503b6fea-5923-6c55-10ad-08fb59a35f29"",""yes_price_dollars"":""0.6900""}"
KXETH15M-26APR281230-30,f0a7520c-435a-5fa3-0a22-4ebd80329bd2,1777393456,0.71,2.72,yes,"{""count_fp"":""2.72"",""created_time"":""2026-04-28T16:24:16.975422Z"",""no_price_dollars"":""0.2900"",""taker_side"":""yes"",""ticker"":""KXETH15M-26APR281230-30"",""trade_id"":""f0a7520c-435a-5fa3-0a22-4ebd80329bd2"",""yes_price_dollars"":""0.7100""}"
KXETH15M-26APR281230-30,45b2cb93-9bbb-4a72-7521-154fa269b09e,1777393462,0.71,26.7,yes,"{""count_fp"":""26.70"",""created_time"":""2026-04-28T16:24:22.910589Z"",""no_price_dollars"":""0.2900"",""taker_side"":""yes"",""ticker"":""KXETH15M-26APR281230-30"",""trade_id"":""45b2cb93-9bbb-4a72-7521-154fa269b09e"",""yes_price_dollars"":""0.7100""}"
KXETH15M-26APR281230-30,c225496f-515b-75a1-fbbd-41bd1e9a7838,1777393465,0.67,10.0,no,"{""count_fp"":""10.00"",""created_time"":""2026-04-28T16:24:25.352531Z"",""no_price_dollars"":""0.3300"",""taker_side"":""no"",""ticker"":""KXETH15M-26APR281230-30"",""trade_id"":""c225496f-515b-75a1-fbbd-41bd1e9a7838"",""yes_price_dollars"":""0.6700""}"
KXETH15M-26APR281230-30,67d423f8-282b-5288-026d-0d89c4940729,1777393467,0.66,1.0,no,"{""count_fp"":""1.00"",""created_time"":""2026-04-28T16:24:27.542404Z"",""no_price_dollars"":""0.3400"",""taker_side"":""no"",""ticker"":""KXETH15M-26APR281230-30"",""trade_id"":""67d423f8-282b-5288-026d-0d89c4940729"",""yes_price_dollars"":""0.6600""}"
KXETH15M-26APR281230-30,ce47a39d-b0db-466c-5c5e-47985ce6bfa1,1777393467,0.66,9.0,no,"{""count_fp"":""9.00"",""created_time"":""2026-04-28T16:24:27.533349Z"",""no_price_dollars"":""0.3400"",""taker_side"":""no"",""ticker"":""KXETH15M-26APR281230-30"",""trade_id"":""ce47a39d-b0db-466c-5c5e-47985ce6bfa1"",""yes_price_dollars"":""0.6600""}"
KXETH15M-26APR281230-30,6ad45a64-2b46-7fd0-3ed3-56619e645d00,1777393473,0.66,0.14,yes,"{""count_fp"":""0.14"",""created_time"":""2026-04-28T16:24:33.090261Z"",""no_price_dollars"":""0.3400"",""taker_side"":""yes"",""ticker"":""KXETH15M-26APR281230-30"",""trade_id"":""6ad45a64-2b46-7fd0-3ed3-56619e645d00"",""yes_price_dollars"":""0.6600""}"
KXETH15M-26APR281230-30,b18596aa-d184-5de8-a4db-4cf6908e6a36,1777393477,0.61,90.0,no,"{""count_fp"":""90.00"",""created_time"":""2026-04-28T16:24:37.813713Z"",""no_price_dollars"":""0.3900"",""taker_side"":""no"",""ticker"":""KXETH15M-26APR281230-30"",""trade_id"":""b18596aa-d184-5de8-a4db-4cf6908e6a36"",""yes_price_dollars"":""0.6100""}"
KXETH15M-26APR281230-30,a67754e7-19dc-698c-58bd-543c2384d972,1777393477,0.61,10.0,no,"{""count_fp"":""10.00"",""created_time"":""2026-04-28T16:24:37.796098Z"",""no_price_dollars"":""0.3900"",""taker_side"":""no"",""ticker"":""KXETH15M-26APR281230-30"",""trade_id"":""a67754e7-19dc-698c-58bd-543c2384d972"",""yes_price_dollars"":""0.6100""}"
KXETH15M-26APR281230-30,7a20e1e6-7d91-679c-51e0-d8d3a6609371,1777393477,0.61,10.0,no,"{""count_fp"":""10.00"",""created_time"":""2026-04-28T16:24:37.796098Z"",""no_price_dollars"":""0.3900"",""taker_side"":""no"",""ticker"":""KXETH15M-26APR281230-30"",""trade_id"":""7a20e1e6-7d91-679c-51e0-d8d3a6609371"",""yes_price_dollars"":""0.6100""}"
KXETH15M-26APR281230-30,78dcd681-646a-66b1-cd72-44022fc7dfbf,1777393477,0.62,20.0,no,"{""count_fp"":""20.00"",""created_time"":""2026-04-28T16:24:37.795422Z"",""no_price_dollars"":""0.3800"",""taker_side"":""no"",""ticker"":""KXETH15M-26APR281230-30"",""trade_id"":""78dcd681-646a-66b1-cd72-44022fc7dfbf"",""yes_price_dollars"":""0.6200""}"
KXETH15M-26APR281230-30,1c42c09c-ea9b-6212-6cba-1cc60a3cdeee,1777393477,0.65,123.0,yes,"{""count_fp"":""123.00"",""created_time"":""2026-04-28T16:24:37.329703Z"",""no_price_dollars"":""0.3500"",""taker_side"":""yes"",""ticker"":""KXETH15M-26APR281230-30"",""trade_id"":""1c42c09c-ea9b-6212-6cba-1cc60a3cdeee"",""yes_price_dollars"":""0.6500""}"
KXETH15M-26APR281230-30,34ff38c6-9a74-71cd-c6f7-2f96efd89d6c,1777393478,0.57,12.0,no,"{""count_fp"":""12.00"",""created_time"":""2026-04-28T16:24:38.558737Z"",""no_price_dollars"":""0.4300"",""taker_side"":""no"",""ticker"":""KXETH15M-26APR281230-30"",""trade_id"":""34ff38c6-9a74-71cd-c6f7-2f96efd89d6c"",""yes_price_dollars"":""0.5700""}"
