ticker,trade_id,ts,yes_price,count,taker_side,raw_json
KXETH15M-26APR280045-45,c1677c89-0997-6fef-aa07-4a6e158a8cb9,1777350621,0.56,1.0,yes,"{""count_fp"":""1.00"",""created_time"":""2026-04-28T04:30:21.891203Z"",""no_price_dollars"":""0.4400"",""taker_side"":""yes"",""ticker"":""KXETH15M-26APR280045-45"",""trade_id"":""c1677c89-0997-6fef-aa07-4a6e158a8cb9"",""yes_price_dollars"":""0.5600""}"
KXETH15M-26APR280045-45,61e7c243-fe6f-686e-a0f9-7867ef406fbb,1777350621,0.58,43.56,yes,"{""count_fp"":""43.56"",""created_time"":""2026-04-28T04:30:21.891203Z"",""no_price_dollars"":""0.4200"",""taker_side"":""yes"",""ticker"":""KXETH15M-26APR280045-45"",""trade_id"":""61e7c243-fe6f-686e-a0f9-7867ef406fbb"",""yes_price_dollars"":""0.5800""}"
KXETH15M-26APR280045-45,98b4bab1-7749-6c6a-64b5-ae5e3e0b9617,1777350621,0.54,1.0,yes,"{""count_fp"":""1.00"",""created_time"":""2026-04-28T04:30:21.324938Z"",""no_price_dollars"":""0.4600"",""taker_side"":""yes"",""ticker"":""KXETH15M-26APR280045-45"",""trade_id"":""98b4bab1-7749-6c6a-64b5-ae5e3e0b9617"",""yes_price_dollars"":""0.5400""}"
KXETH15M-26APR280045-45,320b484e-cab1-7358-0757-ffbc6820600b,1777350621,0.53,1.0,no,"{""count_fp"":""1.00"",""created_time"":""2026-04-28T04:30:21.175234Z"",""no_price_dollars"":""0.4700"",""taker_side"":""no"",""ticker"":""KXETH15M-26APR280045-45"",""trade_id"":""320b484e-cab1-7358-0757-ffbc6820600b"",""yes_price_dollars"":""0.5300""}"
KXETH15M-26APR280045-45,44125144-a1ae-4a99-7d6a-f909d260805e,1777350623,0.58,10.0,yes,"{""count_fp"":""10.00"",""created_time"":""2026-04-28T04:30:23.091825Z"",""no_price_dollars"":""0.4200"",""taker_side"":""yes"",""ticker"":""KXETH15M-26APR280045-45"",""trade_id"":""44125144-a1ae-4a99-7d6a-f909d260805e"",""yes_price_dollars"":""0.5800""}"
KXETH15M-26APR280045-45,0d2d40c4-9aa4-4b5f-481f-2f1457bc8e36,1777350623,0.57,1.0,yes,"{""count_fp"":""1.00"",""created_time"":""2026-04-28T04:30:23.091825Z"",""no_price_dollars"":""0.4300"",""taker_side"":""yes"",""ticker"":""KXETH15M-26APR280045-45"",""trade_id"":""0d2d40c4-9aa4-4b5f-481f-2f1457bc8e36"",""yes_price_dollars"":""0.5700""}"
KXETH15M-26APR280045-45,63b67007-90a5-457b-6e13-1394ac9d5469,1777350624,0.58,1.0,yes,"{""count_fp"":""1.00"",""created_time"":""2026-04-28T04:30:24.440505Z"",""no_price_dollars"":""0.4200"",""taker_side"":""yes"",""ticker"":""KXETH15M-26APR280045-45"",""trade_id"":""63b67007-90a5-457b-6e13-1394ac9d5469"",""yes_price_dollars"":""0.5800""}"
KXETH15M-26APR280045-45,3b78f432-0747-778c-931b-e9baf0ffcf94,1777350624,0.58,1.0,yes,"{""count_fp"":""1.00"",""created_time"":""2026-04-28T04:30:24.298904Z"",""no_price_dollars"":""0.4200"",""taker_side"":""yes"",""ticker"":""KXETH15M-26APR280045-45"",""trade_id"":""3b78f432-0747-778c-931b-e9baf0ffcf94"",""yes_price_dollars"":""0.5800""}"
KXETH15M-26APR280045-45,2e60e420-6ca4-721a-9246-0d234f1f1566,1777350624,0.6,7.14,yes,"{""count_fp"":""7.14"",""created_time"":""2026-04-28T04:30:24.298904Z"",""no_price_dollars"":""0.4000"",""taker_side"":""yes"",""ticker"":""KXETH15M-26APR280045-45"",""trade_id"":""2e60e420-6ca4-721a-9246-0d234f1f1566"",""yes_price_dollars"":""0.6000""}"
KXETH15M-26APR280045-45,cd389739-2a79-7778-8be0-4b4c4f5dfaaf,1777350629,0.58,2.0,no,"{""count_fp"":""2.00"",""created_time"":""2026-04-28T04:30:29.443006Z"",""no_price_dollars"":""0.4200"",""taker_side"":""no"",""ticker"":""KXETH15M-26APR280045-45"",""trade_id"":""cd389739-2a79-7778-8be0-4b4c4f5dfaaf"",""yes_price_dollars"":""0.5800""}"
KXETH15M-26APR280045-45,4a4a31a3-72a9-52eb-95bd-cb8499cad547,1777350632,0.64,3.0,yes,"{""count_fp"":""3.00"",""created_time"":""2026-04-28T04:30:32.120475Z"",""no_price_dollars"":""0.3600"",""taker_side"":""yes"",""ticker"":""KXETH15M-26APR280045-45"",""trade_id"":""4a4a31a3-72a9-52eb-95bd-cb8499cad547"",""yes_price_dollars"":""0.6400""}"
KXETH15M-26APR280045-45,6d896c44-d55e-4df2-3fc3-c023ce28261b,1777350634,0.64,7.62,yes,"{""count_fp"":""7.62"",""created_time"":""2026-04-28T04:30:34.588064Z"",""no_price_dollars"":""0.3600"",""taker_side"":""yes"",""ticker"":""KXETH15M-26APR280045-45"",""trade_id"":""6d896c44-d55e-4df2-3fc3-c023ce28261b"",""yes_price_dollars"":""0.6400""}"
KXETH15M-26APR280045-45,76ec59fc-4b96-69b3-2b3d-a88db8216a27,1777350639,0.54,110.0,no,"{""count_fp"":""110.00"",""created_time"":""2026-04-28T04:30:39.216632Z"",""no_price_dollars"":""0.4600"",""taker_side"":""no"",""ticker"":""KXETH15M-26APR280045-45"",""trade_id"":""76ec59fc-4b96-69b3-2b3d-a88db8216a27"",""yes_price_dollars"":""0.5400""}"
KXETH15M-26APR280045-45,33f6ce18-46e5-6e97-082d-830745dbe7ba,1777350639,0.54,1.0,no,"{""count_fp"":""1.00"",""created_time"":""2026-04-28T04:30:39.216632Z"",""no_price_dollars"":""0.4600"",""taker_side"":""no"",""ticker"":""KXETH15M-26APR280045-45"",""trade_id"":""33f6ce18-46e5-6e97-082d-830745dbe7ba"",""yes_price_dollars"":""0.5400""}"
KXETH15M-26APR280045-45,9eda8bf8-bcbf-4846-0af0-6b6b6e5b1cae,1777350661,0.57,1.0,yes,"{""count_fp"":""1.00"",""created_time"":""2026-04-28T04:31:01.836762Z"",""no_price_dollars"":""0.4300"",""taker_side"":""yes"",""ticker"":""KXETH15M-26APR280045-45"",""trade_id"":""9eda8bf8-bcbf-4846-0af0-6b6b6e5b1cae"",""yes_price_dollars"":""0.5700""}"
KXETH15M-26APR280045-45,ec467973-6833-713c-6734-361d3c3ec2ea,1777350661,0.54,1.0,yes,"{""count_fp"":""1.00"",""created_time"":""2026-04-28T04:31:01.790659Z"",""no_price_dollars"":""0.4600"",""taker_side"":""yes"",""ticker"":""KXETH15M-26APR280045-45"",""trade_id"":""ec467973-6833-713c-6734-361d3c3ec2ea"",""yes_price_dollars"":""0.5400""}"
KXETH15M-26APR280045-45,79323741-0181-7fd3-5d10-08fd995018b7,1777350661,0.56,57.0,yes,"{""count_fp"":""57.00"",""created_time"":""2026-04-28T04:31:01.790659Z"",""no_price_dollars"":""0.4400"",""taker_side"":""yes"",""ticker"":""KXETH15M-26APR280045-45"",""trade_id"":""79323741-0181-7fd3-5d10-08fd995018b7"",""yes_price_dollars"":""0.5600""}"
KXETH15M-26APR280045-45,7fd6266d-ac36-5b2e-127d-9df6d9e006d7,1777350661,0.54,100.0,yes,"{""count_fp"":""100.00"",""created_time"":""2026-04-28T04:31:01.560229Z"",""no_price_dollars"":""0.4600"",""taker_side"":""yes"",""ticker"":""KXETH15M-26APR280045-45"",""trade_id"":""7fd6266d-ac36-5b2e-127d-9df6d9e006d7"",""yes_price_dollars"":""0.5400""}"
KXETH15M-26APR280045-45,25ff0296-db05-5b86-28d2-4a8bedb93c48,1777350661,0.52,10.0,yes,"{""count_fp"":""10.00"",""created_time"":""2026-04-28T04:31:01.560229Z"",""no_price_dollars"":""0.4800"",""taker_side"":""yes"",""ticker"":""KXETH15M-26APR280045-45"",""trade_id"":""25ff0296-db05-5b86-28d2-4a8bedb93c48"",""yes_price_dollars"":""0.5200""}"
KXETH15M-26APR280045-45,04dd5a97-5473-549f-3669-0834866e932e,1777350661,0.52,1.0,yes,"{""count_fp"":""1.00"",""created_time"":""2026-04-28T04:31:01.560229Z"",""no_price_dollars"":""0.4800"",""taker_side"":""yes"",""ticker"":""KXETH15M-26APR280045-45"",""trade_id"":""04dd5a97-5473-549f-3669-0834866e932e"",""yes_price_dollars"":""0.5200""}"
KXETH15M-26APR280045-45,db45e57e-0d10-7729-5615-5ddb215fd454,1777350671,0.6,78.95,yes,"{""count_fp"":""78.95"",""created_time"":""2026-04-28T04:31:11.054926Z"",""no_price_dollars"":""0.4000"",""taker_side"":""yes"",""ticker"":""KXETH15M-26APR280045-45"",""trade_id"":""db45e57e-0d10-7729-5615-5ddb215fd454"",""yes_price_dollars"":""0.6000""}"
KXETH15M-26APR280045-45,a2870630-50d7-7949-5207-0853885d8247,1777350671,0.58,1.0,yes,"{""count_fp"":""1.00"",""created_time"":""2026-04-28T04:31:11.054926Z"",""no_price_dollars"":""0.4200"",""taker_side"":""yes"",""ticker"":""KXETH15M-26APR280045-45"",""trade_id"":""a2870630-50d7-7949-5207-0853885d8247"",""yes_price_dollars"":""0.5800""}"
KXETH15M-26APR280045-45,2a5dd041-3903-7d0c-1773-b87d09c9d333,1777350674,0.59,1.0,yes,"{""count_fp"":""1.00"",""created_time"":""2026-04-28T04:31:14.903349Z"",""no_price_dollars"":""0.4100"",""taker_side"":""yes"",""ticker"":""KXETH15M-26APR280045-45"",""trade_id"":""2a5dd041-3903-7d0c-1773-b87d09c9d333"",""yes_price_dollars"":""0.5900""}"
KXETH15M-26APR280045-45,2be96ef1-778f-5100-5c02-1c3a47a92363,1777350675,0.59,5.0,yes,"{""count_fp"":""5.00"",""created_time"":""2026-04-28T04:31:15.585538Z"",""no_price_dollars"":""0.4100"",""taker_side"":""yes"",""ticker"":""KXETH15M-26APR280045-45"",""trade_id"":""2be96ef1-778f-5100-5c02-1c3a47a92363"",""yes_price_dollars"":""0.5900""}"
KXETH15M-26APR280045-45,6ca19f15-0040-6d0f-2a5a-01673aa27f0a,1777350676,0.6,0.22,no,"{""count_fp"":""0.22"",""created_time"":""2026-04-28T04:31:16.975581Z"",""no_price_dollars"":""0.4000"",""taker_side"":""no"",""ticker"":""KXETH15M-26APR280045-45"",""trade_id"":""6ca19f15-0040-6d0f-2a5a-01673aa27f0a"",""yes_price_dollars"":""0.6000""}"
KXETH15M-26APR280045-45,5b5fe1de-efba-50d9-5e08-56a28e589d04,1777350681,0.64,4.28,yes,"{""count_fp"":""4.28"",""created_time"":""2026-04-28T04:31:21.801082Z"",""no_price_dollars"":""0.3600"",""taker_side"":""yes"",""ticker"":""KXETH15M-26APR280045-45"",""trade_id"":""5b5fe1de-efba-50d9-5e08-56a28e589d04"",""yes_price_dollars"":""0.6400""}"
KXETH15M-26APR280045-45,50ea21d8-fc04-5ade-5ec4-55b78e2304ba,1777350681,0.63,10.0,yes,"{""count_fp"":""10.00"",""created_time"":""2026-04-28T04:31:21.801082Z"",""no_price_dollars"":""0.3700"",""taker_side"":""yes"",""ticker"":""KXETH15M-26APR280045-45"",""trade_id"":""50ea21d8-fc04-5ade-5ec4-55b78e2304ba"",""yes_price_dollars"":""0.6300""}"
KXETH15M-26APR280045-45,41764820-cb88-5c21-724d-23560a98f667,1777350681,0.63,10.0,yes,"{""count_fp"":""10.00"",""created_time"":""2026-04-28T04:31:21.801082Z"",""no_price_dollars"":""0.3700"",""taker_side"":""yes"",""ticker"":""KXETH15M-26APR280045-45"",""trade_id"":""41764820-cb88-5c21-724d-23560a98f667"",""yes_price_dollars"":""0.6300""}"
KXETH15M-26APR280045-45,1b26bc30-7a7f-5028-7fee-fc429ab64876,1777350681,0.63,53.0,yes,"{""count_fp"":""53.00"",""created_time"":""2026-04-28T04:31:21.801082Z"",""no_price_dollars"":""0.3700"",""taker_side"":""yes"",""ticker"":""KXETH15M-26APR280045-45"",""trade_id"":""1b26bc30-7a7f-5028-7fee-fc429ab64876"",""yes_price_dollars"":""0.6300""}"
KXETH15M-26APR280045-45,f3f8b41c-2edc-5b39-ee76-7d8da18dea5c,1777350682,0.65,1.0,yes,"{""count_fp"":""1.00"",""created_time"":""2026-04-28T04:31:22.956777Z"",""no_price_dollars"":""0.3500"",""taker_side"":""yes"",""ticker"":""KXETH15M-26APR280045-45"",""trade_id"":""f3f8b41c-2edc-5b39-ee76-7d8da18dea5c"",""yes_price_dollars"":""0.6500""}"
KXETH15M-26APR280045-45,b2901841-025a-7620-bb3a-08df3ee15dd1,1777350683,0.64,1.0,no,"{""count_fp"":""1.00"",""created_time"":""2026-04-28T04:31:23.722294Z"",""no_price_dollars"":""0.3600"",""taker_side"":""no"",""ticker"":""KXETH15M-26APR280045-45"",""trade_id"":""b2901841-025a-7620-bb3a-08df3ee15dd1"",""yes_price_dollars"":""0.6400""}"
KXETH15M-26APR280045-45,19a24af8-e8d6-4f98-9b0c-fb7adbc0968d,1777350683,0.64,5.99,no,"{""count_fp"":""5.99"",""created_time"":""2026-04-28T04:31:23.273352Z"",""no_price_dollars"":""0.3600"",""taker_side"":""no"",""ticker"":""KXETH15M-26APR280045-45"",""trade_id"":""19a24af8-e8d6-4f98-9b0c-fb7adbc0968d"",""yes_price_dollars"":""0.6400""}"
KXETH15M-26APR280045-45,bee7fed7-a712-6518-4c4e-3985e58a5e25,1777350683,0.64,5.0,no,"{""count_fp"":""5.00"",""created_time"":""2026-04-28T04:31:23.253446Z"",""no_price_dollars"":""0.3600"",""taker_side"":""no"",""ticker"":""KXETH15M-26APR280045-45"",""trade_id"":""bee7fed7-a712-6518-4c4e-3985e58a5e25"",""yes_price_dollars"":""0.6400""}"
KXETH15M-26APR280045-45,650769fa-5f46-678c-1cdd-879e9b32ced9,1777350683,0.64,6.0,no,"{""count_fp"":""6.00"",""created_time"":""2026-04-28T04:31:23.101912Z"",""no_price_dollars"":""0.3600"",""taker_side"":""no"",""ticker"":""KXETH15M-26APR280045-45"",""trade_id"":""650769fa-5f46-678c-1cdd-879e9b32ced9"",""yes_price_dollars"":""0.6400""}"
KXETH15M-26APR280045-45,da00dc2c-f202-67c4-4e80-e8f364b54fe5,1777350684,0.64,2.01,no,"{""count_fp"":""2.01"",""created_time"":""2026-04-28T04:31:24.094041Z"",""no_price_dollars"":""0.3600"",""taker_side"":""no"",""ticker"":""KXETH15M-26APR280045-45"",""trade_id"":""da00dc2c-f202-67c4-4e80-e8f364b54fe5"",""yes_price_dollars"":""0.6400""}"
KXETH15M-26APR280045-45,1f36c83a-7e45-6d14-4ec4-669f76fff62d,1777350684,0.61,3.99,no,"{""count_fp"":""3.99"",""created_time"":""2026-04-28T04:31:24.094041Z"",""no_price_dollars"":""0.3900"",""taker_side"":""no"",""ticker"":""KXETH15M-26APR280045-45"",""trade_id"":""1f36c83a-7e45-6d14-4ec4-669f76fff62d"",""yes_price_dollars"":""0.6100""}"
KXETH15M-26APR280045-45,50fcb527-b2b0-55a8-1d58-fe1eacd97043,1777350692,0.61,1.0,yes,"{""count_fp"":""1.00"",""created_time"":""2026-04-28T04:31:32.914504Z"",""no_price_dollars"":""0.3900"",""taker_side"":""yes"",""ticker"":""KXETH15M-26APR280045-45"",""trade_id"":""50fcb527-b2b0-55a8-1d58-fe1eacd97043"",""yes_price_dollars"":""0.6100""}"
KXETH15M-26APR280045-45,c24045f9-9a87-5069-0cb9-b0d53609cb18,1777350693,0.6,450.63,no,"{""count_fp"":""450.63"",""created_time"":""2026-04-28T04:31:33.291381Z"",""no_price_dollars"":""0.4000"",""taker_side"":""no"",""ticker"":""KXETH15M-26APR280045-45"",""trade_id"":""c24045f9-9a87-5069-0cb9-b0d53609cb18"",""yes_price_dollars"":""0.6000""}"
KXETH15M-26APR280045-45,b7f711aa-5d7f-5e80-2cda-89d597a6affc,1777350693,0.62,1.0,no,"{""count_fp"":""1.00"",""created_time"":""2026-04-28T04:31:33.291381Z"",""no_price_dollars"":""0.3800"",""taker_side"":""no"",""ticker"":""KXETH15M-26APR280045-45"",""trade_id"":""b7f711aa-5d7f-5e80-2cda-89d597a6affc"",""yes_price_dollars"":""0.6200""}"
KXETH15M-26APR280045-45,b711ce76-85e4-76b9-d92a-f381a0179a60,1777350693,0.64,7.5,yes,"{""count_fp"":""7.50"",""created_time"":""2026-04-28T04:31:33.158318Z"",""no_price_dollars"":""0.3600"",""taker_side"":""yes"",""ticker"":""KXETH15M-26APR280045-45"",""trade_id"":""b711ce76-85e4-76b9-d92a-f381a0179a60"",""yes_price_dollars"":""0.6400""}"
KXETH15M-26APR280045-45,59532f90-089c-503d-85d4-c58b89dba268,1777350698,0.64,1.0,yes,"{""count_fp"":""1.00"",""created_time"":""2026-04-28T04:31:38.170073Z"",""no_price_dollars"":""0.3600"",""taker_side"":""yes"",""ticker"":""KXETH15M-26APR280045-45"",""trade_id"":""59532f90-089c-503d-85d4-c58b89dba268"",""yes_price_dollars"":""0.6400""}"
KXETH15M-26APR280045-45,80464b70-ac13-7781-7e37-f953b18fca45,1777350703,0.6,8.63,no,"{""count_fp"":""8.63"",""created_time"":""2026-04-28T04:31:43.535904Z"",""no_price_dollars"":""0.4000"",""taker_side"":""no"",""ticker"":""KXETH15M-26APR280045-45"",""trade_id"":""80464b70-ac13-7781-7e37-f953b18fca45"",""yes_price_dollars"":""0.6000""}"
KXETH15M-26APR280045-45,6a19549d-1353-737b-6c9f-e60517ed98d2,1777350703,0.62,1.0,no,"{""count_fp"":""1.00"",""created_time"":""2026-04-28T04:31:43.535904Z"",""no_price_dollars"":""0.3800"",""taker_side"":""no"",""ticker"":""KXETH15M-26APR280045-45"",""trade_id"":""6a19549d-1353-737b-6c9f-e60517ed98d2"",""yes_price_dollars"":""0.6200""}"
KXETH15M-26APR280045-45,fb7f347b-1e73-69d4-4550-60b9f0b3fa41,1777350704,0.6,10.0,no,"{""count_fp"":""10.00"",""created_time"":""2026-04-28T04:31:44.498647Z"",""no_price_dollars"":""0.4000"",""taker_side"":""no"",""ticker"":""KXETH15M-26APR280045-45"",""trade_id"":""fb7f347b-1e73-69d4-4550-60b9f0b3fa41"",""yes_price_dollars"":""0.6000""}"
KXETH15M-26APR280045-45,f306edde-6ff3-6b81-6d32-bfac4b147bed,1777350704,0.59,10.0,no,"{""count_fp"":""10.00"",""created_time"":""2026-04-28T04:31:44.498647Z"",""no_price_dollars"":""0.4100"",""taker_side"":""no"",""ticker"":""KXETH15M-26APR280045-45"",""trade_id"":""f306edde-6ff3-6b81-6d32-bfac4b147bed"",""yes_price_dollars"":""0.5900""}"
KXETH15M-26APR280045-45,cd598808-d1cb-64b4-4df1-96dd75a54069,1777350704,0.61,1.0,no,"{""count_fp"":""1.00"",""created_time"":""2026-04-28T04:31:44.498647Z"",""no_price_dollars"":""0.3900"",""taker_side"":""no"",""ticker"":""KXETH15M-26APR280045-45"",""trade_id"":""cd598808-d1cb-64b4-4df1-96dd75a54069"",""yes_price_dollars"":""0.6100""}"
KXETH15M-26APR280045-45,9c32801b-3253-66ba-72b6-70f6be2bbf37,1777350704,0.59,14.32,no,"{""count_fp"":""14.32"",""created_time"":""2026-04-28T04:31:44.498647Z"",""no_price_dollars"":""0.4100"",""taker_side"":""no"",""ticker"":""KXETH15M-26APR280045-45"",""trade_id"":""9c32801b-3253-66ba-72b6-70f6be2bbf37"",""yes_price_dollars"":""0.5900""}"
KXETH15M-26APR280045-45,27856d6a-92a8-598d-2df2-ca7085546ac2,1777350720,0.63,7.73,yes,"{""count_fp"":""7.73"",""created_time"":""2026-04-28T04:32:00.171718Z"",""no_price_dollars"":""0.3700"",""taker_side"":""yes"",""ticker"":""KXETH15M-26APR280045-45"",""trade_id"":""27856d6a-92a8-598d-2df2-ca7085546ac2"",""yes_price_dollars"":""0.6300""}"
KXETH15M-26APR280045-45,9ac3d482-9bc6-713c-9717-a45697505c8c,1777350721,0.63,1.0,yes,"{""count_fp"":""1.00"",""created_time"":""2026-04-28T04:32:01.151204Z"",""no_price_dollars"":""0.3700"",""taker_side"":""yes"",""ticker"":""KXETH15M-26APR280045-45"",""trade_id"":""9ac3d482-9bc6-713c-9717-a45697505c8c"",""yes_price_dollars"":""0.6300""}"
KXETH15M-26APR280045-45,540692f6-bec4-6c19-bb7b-ee213b71a5f4,1777350724,0.64,1.47,yes,"{""count_fp"":""1.47"",""created_time"":""2026-04-28T04:32:04.149185Z"",""no_price_dollars"":""0.3600"",""taker_side"":""yes"",""ticker"":""KXETH15M-26APR280045-45"",""trade_id"":""540692f6-bec4-6c19-bb7b-ee213b71a5f4"",""yes_price_dollars"":""0.6400""}"
KXETH15M-26APR280045-45,001313bf-a32e-4c05-1123-b7d8016d915f,1777350727,0.63,1.0,no,"{""count_fp"":""1.00"",""created_time"":""2026-04-28T04:32:07.436899Z"",""no_price_dollars"":""0.3700"",""taker_side"":""no"",""ticker"":""KXETH15M-26APR280045-45"",""trade_id"":""001313bf-a32e-4c05-1123-b7d8016d915f"",""yes_price_dollars"":""0.6300""}"
KXETH15M-26APR280045-45,8cd5a771-e3b7-70a0-abae-9544c976f4ae,1777350730,0.6,4.73,no,"{""count_fp"":""4.73"",""created_time"":""2026-04-28T04:32:10.346276Z"",""no_price_dollars"":""0.4000"",""taker_side"":""no"",""ticker"":""KXETH15M-26APR280045-45"",""trade_id"":""8cd5a771-e3b7-70a0-abae-9544c976f4ae"",""yes_price_dollars"":""0.6000""}"
KXETH15M-26APR280045-45,9f891095-7839-58cd-2023-6b729b662fb7,1777350734,0.6,2.0,no,"{""count_fp"":""2.00"",""created_time"":""2026-04-28T04:32:14.539246Z"",""no_price_dollars"":""0.4000"",""taker_side"":""no"",""ticker"":""KXETH15M-26APR280045-45"",""trade_id"":""9f891095-7839-58cd-2023-6b729b662fb7"",""yes_price_dollars"":""0.6000""}"
KXETH15M-26APR280045-45,66944bfe-d5f6-500d-27f8-774009850267,1777350734,0.6,5.98,no,"{""count_fp"":""5.98"",""created_time"":""2026-04-28T04:32:14.539246Z"",""no_price_dollars"":""0.4000"",""taker_side"":""no"",""ticker"":""KXETH15M-26APR280045-45"",""trade_id"":""66944bfe-d5f6-500d-27f8-774009850267"",""yes_price_dollars"":""0.6000""}"
KXETH15M-26APR280045-45,602ebded-7c8f-5d54-3495-b07c5ca87fca,1777350734,0.6,40.0,no,"{""count_fp"":""40.00"",""created_time"":""2026-04-28T04:32:14.539246Z"",""no_price_dollars"":""0.4000"",""taker_side"":""no"",""ticker"":""KXETH15M-26APR280045-45"",""trade_id"":""602ebded-7c8f-5d54-3495-b07c5ca87fca"",""yes_price_dollars"":""0.6000""}"
KXETH15M-26APR280045-45,cd1bb01e-4b10-4861-2979-c07017454535,1777350741,0.6,2.0,no,"{""count_fp"":""2.00"",""created_time"":""2026-04-28T04:32:21.381824Z"",""no_price_dollars"":""0.4000"",""taker_side"":""no"",""ticker"":""KXETH15M-26APR280045-45"",""trade_id"":""cd1bb01e-4b10-4861-2979-c07017454535"",""yes_price_dollars"":""0.6000""}"
KXETH15M-26APR280045-45,8882759f-6ca4-439d-1304-33420047928e,1777350741,0.59,10.0,no,"{""count_fp"":""10.00"",""created_time"":""2026-04-28T04:32:21.381824Z"",""no_price_dollars"":""0.4100"",""taker_side"":""no"",""ticker"":""KXETH15M-26APR280045-45"",""trade_id"":""8882759f-6ca4-439d-1304-33420047928e"",""yes_price_dollars"":""0.5900""}"
KXETH15M-26APR280045-45,833111e0-d75d-4176-049e-37c4b8b0399d,1777350741,0.58,21.64,no,"{""count_fp"":""21.64"",""created_time"":""2026-04-28T04:32:21.381824Z"",""no_price_dollars"":""0.4200"",""taker_side"":""no"",""ticker"":""KXETH15M-26APR280045-45"",""trade_id"":""833111e0-d75d-4176-049e-37c4b8b0399d"",""yes_price_dollars"":""0.5800""}"
KXETH15M-26APR280045-45,45b22d0a-77cd-4862-2b62-9f732928119c,1777350741,0.59,1.0,no,"{""count_fp"":""1.00"",""created_time"":""2026-04-28T04:32:21.381824Z"",""no_price_dollars"":""0.4100"",""taker_side"":""no"",""ticker"":""KXETH15M-26APR280045-45"",""trade_id"":""45b22d0a-77cd-4862-2b62-9f732928119c"",""yes_price_dollars"":""0.5900""}"
KXETH15M-26APR280045-45,cbf12256-0a1d-7afe-c5bc-4b347cf11985,1777350741,0.63,5.31,yes,"{""count_fp"":""5.31"",""created_time"":""2026-04-28T04:32:21.053683Z"",""no_price_dollars"":""0.3700"",""taker_side"":""yes"",""ticker"":""KXETH15M-26APR280045-45"",""trade_id"":""cbf12256-0a1d-7afe-c5bc-4b347cf11985"",""yes_price_dollars"":""0.6300""}"
KXETH15M-26APR280045-45,3b6b2d19-97d5-788e-c4df-29510e877af9,1777350741,0.63,2.0,yes,"{""count_fp"":""2.00"",""created_time"":""2026-04-28T04:32:21.053683Z"",""no_price_dollars"":""0.3700"",""taker_side"":""yes"",""ticker"":""KXETH15M-26APR280045-45"",""trade_id"":""3b6b2d19-97d5-788e-c4df-29510e877af9"",""yes_price_dollars"":""0.6300""}"
KXETH15M-26APR280045-45,7a62632b-af6d-475a-6992-571bc79dbbfd,1777350746,0.63,1.54,yes,"{""count_fp"":""1.54"",""created_time"":""2026-04-28T04:32:26.096835Z"",""no_price_dollars"":""0.3700"",""taker_side"":""yes"",""ticker"":""KXETH15M-26APR280045-45"",""trade_id"":""7a62632b-af6d-475a-6992-571bc79dbbfd"",""yes_price_dollars"":""0.6300""}"
KXETH15M-26APR280045-45,29ef655a-ece9-4517-653f-ad29d6006cba,1777350754,0.62,10.0,yes,"{""count_fp"":""10.00"",""created_time"":""2026-04-28T04:32:34.091275Z"",""no_price_dollars"":""0.3800"",""taker_side"":""yes"",""ticker"":""KXETH15M-26APR280045-45"",""trade_id"":""29ef655a-ece9-4517-653f-ad29d6006cba"",""yes_price_dollars"":""0.6200""}"
KXETH15M-26APR280045-45,6f3d2388-b291-41ea-61da-60bb17e77795,1777350754,0.61,1.0,yes,"{""count_fp"":""1.00"",""created_time"":""2026-04-28T04:32:34.073917Z"",""no_price_dollars"":""0.3900"",""taker_side"":""yes"",""ticker"":""KXETH15M-26APR280045-45"",""trade_id"":""6f3d2388-b291-41ea-61da-60bb17e77795"",""yes_price_dollars"":""0.6100""}"
KXETH15M-26APR280045-45,197be8e6-3323-49c2-5d68-a2327eddef2a,1777350754,0.61,8.1,yes,"{""count_fp"":""8.10"",""created_time"":""2026-04-28T04:32:34.073917Z"",""no_price_dollars"":""0.3900"",""taker_side"":""yes"",""ticker"":""KXETH15M-26APR280045-45"",""trade_id"":""197be8e6-3323-49c2-5d68-a2327eddef2a"",""yes_price_dollars"":""0.6100""}"
KXETH15M-26APR280045-45,c28d5f84-380c-5294-fc91-ee8870b54dc1,1777350755,0.6,8.32,no,"{""count_fp"":""8.32"",""created_time"":""2026-04-28T04:32:35.501332Z"",""no_price_dollars"":""0.4000"",""taker_side"":""no"",""ticker"":""KXETH15M-26APR280045-45"",""trade_id"":""c28d5f84-380c-5294-fc91-ee8870b54dc1"",""yes_price_dollars"":""0.6000""}"
KXETH15M-26APR280045-45,7c71eedc-61d5-5c28-c018-a06b8f1dae18,1777350755,0.6,10.0,no,"{""count_fp"":""10.00"",""created_time"":""2026-04-28T04:32:35.501332Z"",""no_price_dollars"":""0.4000"",""taker_side"":""no"",""ticker"":""KXETH15M-26APR280045-45"",""trade_id"":""7c71eedc-61d5-5c28-c018-a06b8f1dae18"",""yes_price_dollars"":""0.6000""}"
KXETH15M-26APR280045-45,f3b549bd-bc9d-63be-7345-4a7471dce6dd,1777350756,0.6,22.37,no,"{""count_fp"":""22.37"",""created_time"":""2026-04-28T04:32:36.670567Z"",""no_price_dollars"":""0.4000"",""taker_side"":""no"",""ticker"":""KXETH15M-26APR280045-45"",""trade_id"":""f3b549bd-bc9d-63be-7345-4a7471dce6dd"",""yes_price_dollars"":""0.6000""}"
KXETH15M-26APR280045-45,ee55eed1-59af-67d3-6c7b-570442d60d12,1777350756,0.6,1.0,no,"{""count_fp"":""1.00"",""created_time"":""2026-04-28T04:32:36.670567Z"",""no_price_dollars"":""0.4000"",""taker_side"":""no"",""ticker"":""KXETH15M-26APR280045-45"",""trade_id"":""ee55eed1-59af-67d3-6c7b-570442d60d12"",""yes_price_dollars"":""0.6000""}"
KXETH15M-26APR280045-45,c6fdd5ab-ca2a-7aa0-f8ca-db08e29ebd3f,1777350756,0.6,1.0,no,"{""count_fp"":""1.00"",""created_time"":""2026-04-28T04:32:36.063624Z"",""no_price_dollars"":""0.4000"",""taker_side"":""no"",""ticker"":""KXETH15M-26APR280045-45"",""trade_id"":""c6fdd5ab-ca2a-7aa0-f8ca-db08e29ebd3f"",""yes_price_dollars"":""0.6000""}"
KXETH15M-26APR280045-45,5afd07ef-f02d-7e33-dda4-c1c829b705f7,1777350756,0.59,10.71,no,"{""count_fp"":""10.71"",""created_time"":""2026-04-28T04:32:36.063624Z"",""no_price_dollars"":""0.4100"",""taker_side"":""no"",""ticker"":""KXETH15M-26APR280045-45"",""trade_id"":""5afd07ef-f02d-7e33-dda4-c1c829b705f7"",""yes_price_dollars"":""0.5900""}"
KXETH15M-26APR280045-45,ea335797-29a4-493b-febf-0a88015ccbd6,1777350757,0.59,1.0,yes,"{""count_fp"":""1.00"",""created_time"":""2026-04-28T04:32:37.076311Z"",""no_price_dollars"":""0.4100"",""taker_side"":""yes"",""ticker"":""KXETH15M-26APR280045-45"",""trade_id"":""ea335797-29a4-493b-febf-0a88015ccbd6"",""yes_price_dollars"":""0.5900""}"
KXETH15M-26APR280045-45,6561e792-e0e0-5574-cc2b-2a60816fe7e8,1777350758,0.61,100.0,yes,"{""count_fp"":""100.00"",""created_time"":""2026-04-28T04:32:38.014726Z"",""no_price_dollars"":""0.3900"",""taker_side"":""yes"",""ticker"":""KXETH15M-26APR280045-45"",""trade_id"":""6561e792-e0e0-5574-cc2b-2a60816fe7e8"",""yes_price_dollars"":""0.6100""}"
KXETH15M-26APR280045-45,1f85d367-1e92-55c8-ff35-39d0595f4b28,1777350758,0.61,10.0,yes,"{""count_fp"":""10.00"",""created_time"":""2026-04-28T04:32:38.014726Z"",""no_price_dollars"":""0.3900"",""taker_side"":""yes"",""ticker"":""KXETH15M-26APR280045-45"",""trade_id"":""1f85d367-1e92-55c8-ff35-39d0595f4b28"",""yes_price_dollars"":""0.6100""}"
KXETH15M-26APR280045-45,d937f5af-af27-4cf3-0d83-a604e5b8e79e,1777350759,0.69,1.0,yes,"{""count_fp"":""1.00"",""created_time"":""2026-04-28T04:32:39.632269Z"",""no_price_dollars"":""0.3100"",""taker_side"":""yes"",""ticker"":""KXETH15M-26APR280045-45"",""trade_id"":""d937f5af-af27-4cf3-0d83-a604e5b8e79e"",""yes_price_dollars"":""0.6900""}"
KXETH15M-26APR280045-45,58374b93-e007-430c-297e-47bd5734e8db,1777350761,0.68,1.0,yes,"{""count_fp"":""1.00"",""created_time"":""2026-04-28T04:32:41.693171Z"",""no_price_dollars"":""0.3200"",""taker_side"":""yes"",""ticker"":""KXETH15M-26APR280045-45"",""trade_id"":""58374b93-e007-430c-297e-47bd5734e8db"",""yes_price_dollars"":""0.6800""}"
KXETH15M-26APR280045-45,f8c30b2d-2457-7517-6c2f-8f1a09a7d0bd,1777350761,0.69,10.0,no,"{""count_fp"":""10.00"",""created_time"":""2026-04-28T04:32:41.405245Z"",""no_price_dollars"":""0.3100"",""taker_side"":""no"",""ticker"":""KXETH15M-26APR280045-45"",""trade_id"":""f8c30b2d-2457-7517-6c2f-8f1a09a7d0bd"",""yes_price_dollars"":""0.6900""}"
KXETH15M-26APR280045-45,b7abb2d1-b15c-799c-605f-a7288b45a22d,1777350761,0.69,10.0,no,"{""count_fp"":""10.00"",""created_time"":""2026-04-28T04:32:41.405245Z"",""no_price_dollars"":""0.3100"",""taker_side"":""no"",""ticker"":""KXETH15M-26APR280045-45"",""trade_id"":""b7abb2d1-b15c-799c-605f-a7288b45a22d"",""yes_price_dollars"":""0.6900""}"
KXETH15M-26APR280045-45,56d83139-0d8d-4277-9d25-8a47f9ee6c76,1777350761,0.69,0.68,no,"{""count_fp"":""0.68"",""created_time"":""2026-04-28T04:32:41.218699Z"",""no_price_dollars"":""0.3100"",""taker_side"":""no"",""ticker"":""KXETH15M-26APR280045-45"",""trade_id"":""56d83139-0d8d-4277-9d25-8a47f9ee6c76"",""yes_price_dollars"":""0.6900""}"
KXETH15M-26APR280045-45,2288cf6c-8e18-7971-5fa5-d3174490c0de,1777350762,0.66,0.37,no,"{""count_fp"":""0.37"",""created_time"":""2026-04-28T04:32:42.257744Z"",""no_price_dollars"":""0.3400"",""taker_side"":""no"",""ticker"":""KXETH15M-26APR280045-45"",""trade_id"":""2288cf6c-8e18-7971-5fa5-d3174490c0de"",""yes_price_dollars"":""0.6600""}"
KXETH15M-26APR280045-45,32e2b231-e4d4-5476-2160-a88349a34d02,1777350764,0.68,1.0,no,"{""count_fp"":""1.00"",""created_time"":""2026-04-28T04:32:44.583605Z"",""no_price_dollars"":""0.3200"",""taker_side"":""no"",""ticker"":""KXETH15M-26APR280045-45"",""trade_id"":""32e2b231-e4d4-5476-2160-a88349a34d02"",""yes_price_dollars"":""0.6800""}"
KXETH15M-26APR280045-45,847ad2e5-05d5-6ab2-62e2-bc34783ed891,1777350764,0.64,9.0,no,"{""count_fp"":""9.00"",""created_time"":""2026-04-28T04:32:44.085084Z"",""no_price_dollars"":""0.3600"",""taker_side"":""no"",""ticker"":""KXETH15M-26APR280045-45"",""trade_id"":""847ad2e5-05d5-6ab2-62e2-bc34783ed891"",""yes_price_dollars"":""0.6400""}"
KXETH15M-26APR280045-45,0eead114-96de-6b4c-7073-7385d4f5aabc,1777350764,0.66,1.0,no,"{""count_fp"":""1.00"",""created_time"":""2026-04-28T04:32:44.085084Z"",""no_price_dollars"":""0.3400"",""taker_side"":""no"",""ticker"":""KXETH15M-26APR280045-45"",""trade_id"":""0eead114-96de-6b4c-7073-7385d4f5aabc"",""yes_price_dollars"":""0.6600""}"
KXETH15M-26APR280045-45,8527107d-557f-62a1-ca55-aa2cd5a0aec0,1777350766,0.66,1.0,yes,"{""count_fp"":""1.00"",""created_time"":""2026-04-28T04:32:46.150867Z"",""no_price_dollars"":""0.3400"",""taker_side"":""yes"",""ticker"":""KXETH15M-26APR280045-45"",""trade_id"":""8527107d-557f-62a1-ca55-aa2cd5a0aec0"",""yes_price_dollars"":""0.6600""}"
KXETH15M-26APR280045-45,b129b19b-2ac3-6cd5-e85d-d49896dcf728,1777350767,0.66,18.32,yes,"{""count_fp"":""18.32"",""created_time"":""2026-04-28T04:32:47.694826Z"",""no_price_dollars"":""0.3400"",""taker_side"":""yes"",""ticker"":""KXETH15M-26APR280045-45"",""trade_id"":""b129b19b-2ac3-6cd5-e85d-d49896dcf728"",""yes_price_dollars"":""0.6600""}"
KXETH15M-26APR280045-45,ab8e1043-42b3-48cd-994a-28116816f224,1777350768,0.66,6.0,yes,"{""count_fp"":""6.00"",""created_time"":""2026-04-28T04:32:48.646Z"",""no_price_dollars"":""0.3400"",""taker_side"":""yes"",""ticker"":""KXETH15M-26APR280045-45"",""trade_id"":""ab8e1043-42b3-48cd-994a-28116816f224"",""yes_price_dollars"":""0.6600""}"
KXETH15M-26APR280045-45,0c0b5c6f-76b7-6fa2-8940-9128b86cfcef,1777350770,0.62,1.0,yes,"{""count_fp"":""1.00"",""created_time"":""2026-04-28T04:32:50.703319Z"",""no_price_dollars"":""0.3800"",""taker_side"":""yes"",""ticker"":""KXETH15M-26APR280045-45"",""trade_id"":""0c0b5c6f-76b7-6fa2-8940-9128b86cfcef"",""yes_price_dollars"":""0.6200""}"
KXETH15M-26APR280045-45,38ec6020-f0b0-7c90-0aed-2f39ae90a7a0,1777350770,0.65,2.0,no,"{""count_fp"":""2.00"",""created_time"":""2026-04-28T04:32:50.442902Z"",""no_price_dollars"":""0.3500"",""taker_side"":""no"",""ticker"":""KXETH15M-26APR280045-45"",""trade_id"":""38ec6020-f0b0-7c90-0aed-2f39ae90a7a0"",""yes_price_dollars"":""0.6500""}"
KXETH15M-26APR280045-45,0e56d5da-d57b-61d3-f3c1-695b6fec4ea4,1777350780,0.61,1.0,no,"{""count_fp"":""1.00"",""created_time"":""2026-04-28T04:33:00.798546Z"",""no_price_dollars"":""0.3900"",""taker_side"":""no"",""ticker"":""KXETH15M-26APR280045-45"",""trade_id"":""0e56d5da-d57b-61d3-f3c1-695b6fec4ea4"",""yes_price_dollars"":""0.6100""}"
KXETH15M-26APR280045-45,b14d7e39-24c7-433f-7867-394d4323d948,1777350781,0.61,1.0,no,"{""count_fp"":""1.00"",""created_time"":""2026-04-28T04:33:01.893502Z"",""no_price_dollars"":""0.3900"",""taker_side"":""no"",""ticker"":""KXETH15M-26APR280045-45"",""trade_id"":""b14d7e39-24c7-433f-7867-394d4323d948"",""yes_price_dollars"":""0.6100""}"
KXETH15M-26APR280045-45,62501f12-5b6b-7c47-f5d8-9b3333b765fc,1777350784,0.61,18.0,no,"{""count_fp"":""18.00"",""created_time"":""2026-04-28T04:33:04.954129Z"",""no_price_dollars"":""0.3900"",""taker_side"":""no"",""ticker"":""KXETH15M-26APR280045-45"",""trade_id"":""62501f12-5b6b-7c47-f5d8-9b3333b765fc"",""yes_price_dollars"":""0.6100""}"
KXETH15M-26APR280045-45,167f0a36-ee2b-61e5-fd57-73ea3f1528d8,1777350786,0.61,1.0,yes,"{""count_fp"":""1.00"",""created_time"":""2026-04-28T04:33:06.675604Z"",""no_price_dollars"":""0.3900"",""taker_side"":""yes"",""ticker"":""KXETH15M-26APR280045-45"",""trade_id"":""167f0a36-ee2b-61e5-fd57-73ea3f1528d8"",""yes_price_dollars"":""0.6100""}"
KXETH15M-26APR280045-45,ede4301d-7263-775a-c7aa-8f6ea1af861b,1777350787,0.63,10.0,yes,"{""count_fp"":""10.00"",""created_time"":""2026-04-28T04:33:07.973236Z"",""no_price_dollars"":""0.3700"",""taker_side"":""yes"",""ticker"":""KXETH15M-26APR280045-45"",""trade_id"":""ede4301d-7263-775a-c7aa-8f6ea1af861b"",""yes_price_dollars"":""0.6300""}"
KXETH15M-26APR280045-45,29180c83-bb44-4572-b2b5-b916e43a3bfe,1777350787,0.63,1.0,yes,"{""count_fp"":""1.00"",""created_time"":""2026-04-28T04:33:07.965186Z"",""no_price_dollars"":""0.3700"",""taker_side"":""yes"",""ticker"":""KXETH15M-26APR280045-45"",""trade_id"":""29180c83-bb44-4572-b2b5-b916e43a3bfe"",""yes_price_dollars"":""0.6300""}"
KXETH15M-26APR280045-45,fcd2a106-ac1d-43fa-97cd-43dafb7e2b31,1777350787,0.61,10.0,yes,"{""count_fp"":""10.00"",""created_time"":""2026-04-28T04:33:07.787778Z"",""no_price_dollars"":""0.3900"",""taker_side"":""yes"",""ticker"":""KXETH15M-26APR280045-45"",""trade_id"":""fcd2a106-ac1d-43fa-97cd-43dafb7e2b31"",""yes_price_dollars"":""0.6100""}"
KXETH15M-26APR280045-45,15e997d6-f05b-5bfa-672c-1535ea0ee2da,1777350788,0.64,1.0,yes,"{""count_fp"":""1.00"",""created_time"":""2026-04-28T04:33:08.910424Z"",""no_price_dollars"":""0.3600"",""taker_side"":""yes"",""ticker"":""KXETH15M-26APR280045-45"",""trade_id"":""15e997d6-f05b-5bfa-672c-1535ea0ee2da"",""yes_price_dollars"":""0.6400""}"
KXETH15M-26APR280045-45,0edd897f-98d2-5e11-6dd4-c15392b4517e,1777350788,0.65,7.77,yes,"{""count_fp"":""7.77"",""created_time"":""2026-04-28T04:33:08.910424Z"",""no_price_dollars"":""0.3500"",""taker_side"":""yes"",""ticker"":""KXETH15M-26APR280045-45"",""trade_id"":""0edd897f-98d2-5e11-6dd4-c15392b4517e"",""yes_price_dollars"":""0.6500""}"
KXETH15M-26APR280045-45,ded97206-e679-6b34-8e00-9def4bb56b74,1777350789,0.65,7.77,yes,"{""count_fp"":""7.77"",""created_time"":""2026-04-28T04:33:09.400105Z"",""no_price_dollars"":""0.3500"",""taker_side"":""yes"",""ticker"":""KXETH15M-26APR280045-45"",""trade_id"":""ded97206-e679-6b34-8e00-9def4bb56b74"",""yes_price_dollars"":""0.6500""}"
KXETH15M-26APR280045-45,d5b5d83c-0bac-611b-ad65-0cf807f37e14,1777350789,0.65,1.0,yes,"{""count_fp"":""1.00"",""created_time"":""2026-04-28T04:33:09.400105Z"",""no_price_dollars"":""0.3500"",""taker_side"":""yes"",""ticker"":""KXETH15M-26APR280045-45"",""trade_id"":""d5b5d83c-0bac-611b-ad65-0cf807f37e14"",""yes_price_dollars"":""0.6500""}"
KXETH15M-26APR280045-45,9858479b-dd8f-6955-b231-f56698300620,1777350789,0.66,1.23,yes,"{""count_fp"":""1.23"",""created_time"":""2026-04-28T04:33:09.400105Z"",""no_price_dollars"":""0.3400"",""taker_side"":""yes"",""ticker"":""KXETH15M-26APR280045-45"",""trade_id"":""9858479b-dd8f-6955-b231-f56698300620"",""yes_price_dollars"":""0.6600""}"
KXETH15M-26APR280045-45,58a28ca8-10de-65fa-96bc-e3e4c5901ce9,1777350789,0.66,1.0,yes,"{""count_fp"":""1.00"",""created_time"":""2026-04-28T04:33:09.400105Z"",""no_price_dollars"":""0.3400"",""taker_side"":""yes"",""ticker"":""KXETH15M-26APR280045-45"",""trade_id"":""58a28ca8-10de-65fa-96bc-e3e4c5901ce9"",""yes_price_dollars"":""0.6600""}"
KXETH15M-26APR280045-45,be6841d0-e5ab-6035-0f4c-90d44889b18c,1777350790,0.66,1.0,no,"{""count_fp"":""1.00"",""created_time"":""2026-04-28T04:33:10.768865Z"",""no_price_dollars"":""0.3400"",""taker_side"":""no"",""ticker"":""KXETH15M-26APR280045-45"",""trade_id"":""be6841d0-e5ab-6035-0f4c-90d44889b18c"",""yes_price_dollars"":""0.6600""}"
KXETH15M-26APR280045-45,9ef3f101-17cc-66a9-2eeb-65ef93e9735c,1777350790,0.66,10.65,no,"{""count_fp"":""10.65"",""created_time"":""2026-04-28T04:33:10.768865Z"",""no_price_dollars"":""0.3400"",""taker_side"":""no"",""ticker"":""KXETH15M-26APR280045-45"",""trade_id"":""9ef3f101-17cc-66a9-2eeb-65ef93e9735c"",""yes_price_dollars"":""0.6600""}"
KXETH15M-26APR280045-45,5ea0364b-ba2d-677a-1ddb-b4ca8aba54cd,1777350790,0.66,0.64,no,"{""count_fp"":""0.64"",""created_time"":""2026-04-28T04:33:10.768865Z"",""no_price_dollars"":""0.3400"",""taker_side"":""no"",""ticker"":""KXETH15M-26APR280045-45"",""trade_id"":""5ea0364b-ba2d-677a-1ddb-b4ca8aba54cd"",""yes_price_dollars"":""0.6600""}"
KXETH15M-26APR280045-45,7386fcdb-1f0c-57f1-53bf-f1fe90f622a8,1777350791,0.69,1.0,yes,"{""count_fp"":""1.00"",""created_time"":""2026-04-28T04:33:11.851906Z"",""no_price_dollars"":""0.3100"",""taker_side"":""yes"",""ticker"":""KXETH15M-26APR280045-45"",""trade_id"":""7386fcdb-1f0c-57f1-53bf-f1fe90f622a8"",""yes_price_dollars"":""0.6900""}"
KXETH15M-26APR280045-45,fb4b4f7c-05b4-6641-bf79-41c6abe48d57,1777350793,0.69,5.0,no,"{""count_fp"":""5.00"",""created_time"":""2026-04-28T04:33:13.186208Z"",""no_price_dollars"":""0.3100"",""taker_side"":""no"",""ticker"":""KXETH15M-26APR280045-45"",""trade_id"":""fb4b4f7c-05b4-6641-bf79-41c6abe48d57"",""yes_price_dollars"":""0.6900""}"
KXETH15M-26APR280045-45,ef3c3d3a-0213-419a-8ee2-a8e91cf43056,1777350794,0.67,10.0,no,"{""count_fp"":""10.00"",""created_time"":""2026-04-28T04:33:14.405528Z"",""no_price_dollars"":""0.3300"",""taker_side"":""no"",""ticker"":""KXETH15M-26APR280045-45"",""trade_id"":""ef3c3d3a-0213-419a-8ee2-a8e91cf43056"",""yes_price_dollars"":""0.6700""}"
KXETH15M-26APR280045-45,1cde0053-45f3-60a1-0ff5-6d5f2f042d38,1777350796,0.67,0.85,yes,"{""count_fp"":""0.85"",""created_time"":""2026-04-28T04:33:16.234978Z"",""no_price_dollars"":""0.3300"",""taker_side"":""yes"",""ticker"":""KXETH15M-26APR280045-45"",""trade_id"":""1cde0053-45f3-60a1-0ff5-6d5f2f042d38"",""yes_price_dollars"":""0.6700""}"
KXETH15M-26APR280045-45,7fa98fba-32af-53e9-c2a6-f0aff77cdfac,1777350799,0.66,5.0,yes,"{""count_fp"":""5.00"",""created_time"":""2026-04-28T04:33:19.658454Z"",""no_price_dollars"":""0.3400"",""taker_side"":""yes"",""ticker"":""KXETH15M-26APR280045-45"",""trade_id"":""7fa98fba-32af-53e9-c2a6-f0aff77cdfac"",""yes_price_dollars"":""0.6600""}"
KXETH15M-26APR280045-45,3576c988-f15f-573d-39d4-ffce9e5211d8,1777350804,0.66,14.79,yes,"{""count_fp"":""14.79"",""created_time"":""2026-04-28T04:33:24.582129Z"",""no_price_dollars"":""0.3400"",""taker_side"":""yes"",""ticker"":""KXETH15M-26APR280045-45"",""trade_id"":""3576c988-f15f-573d-39d4-ffce9e5211d8"",""yes_price_dollars"":""0.6600""}"
KXETH15M-26APR280045-45,9c6498ea-68c0-6743-0abc-16a2126a23ff,1777350808,0.61,10.0,no,"{""count_fp"":""10.00"",""created_time"":""2026-04-28T04:33:28.809394Z"",""no_price_dollars"":""0.3900"",""taker_side"":""no"",""ticker"":""KXETH15M-26APR280045-45"",""trade_id"":""9c6498ea-68c0-6743-0abc-16a2126a23ff"",""yes_price_dollars"":""0.6100""}"
KXETH15M-26APR280045-45,540ac3dd-81df-480d-4732-b50ab301ef44,1777350813,0.62,3.14,yes,"{""count_fp"":""3.14"",""created_time"":""2026-04-28T04:33:33.528631Z"",""no_price_dollars"":""0.3800"",""taker_side"":""yes"",""ticker"":""KXETH15M-26APR280045-45"",""trade_id"":""540ac3dd-81df-480d-4732-b50ab301ef44"",""yes_price_dollars"":""0.6200""}"
KXETH15M-26APR280045-45,47f50cbe-8d41-70d4-0ad5-52cf4b9eeb7e,1777350814,0.6,1.0,yes,"{""count_fp"":""1.00"",""created_time"":""2026-04-28T04:33:34.120944Z"",""no_price_dollars"":""0.4000"",""taker_side"":""yes"",""ticker"":""KXETH15M-26APR280045-45"",""trade_id"":""47f50cbe-8d41-70d4-0ad5-52cf4b9eeb7e"",""yes_price_dollars"":""0.6000""}"
KXETH15M-26APR280045-45,23afe236-b9d1-74dc-3e86-704e1ad40477,1777350814,0.61,1.0,yes,"{""count_fp"":""1.00"",""created_time"":""2026-04-28T04:33:34.120944Z"",""no_price_dollars"":""0.3900"",""taker_side"":""yes"",""ticker"":""KXETH15M-26APR280045-45"",""trade_id"":""23afe236-b9d1-74dc-3e86-704e1ad40477"",""yes_price_dollars"":""0.6100""}"
KXETH15M-26APR280045-45,c7dc3565-eb9b-559d-f908-3a089f089794,1777350815,0.61,0.68,yes,"{""count_fp"":""0.68"",""created_time"":""2026-04-28T04:33:35.552468Z"",""no_price_dollars"":""0.3900"",""taker_side"":""yes"",""ticker"":""KXETH15M-26APR280045-45"",""trade_id"":""c7dc3565-eb9b-559d-f908-3a089f089794"",""yes_price_dollars"":""0.6100""}"
KXETH15M-26APR280045-45,08d6fcbe-9a55-5565-d10b-0fd03dc51da2,1777350819,0.57,10.0,no,"{""count_fp"":""10.00"",""created_time"":""2026-04-28T04:33:39.177813Z"",""no_price_dollars"":""0.4300"",""taker_side"":""no"",""ticker"":""KXETH15M-26APR280045-45"",""trade_id"":""08d6fcbe-9a55-5565-d10b-0fd03dc51da2"",""yes_price_dollars"":""0.5700""}"
KXETH15M-26APR280045-45,1a96f3ec-0833-5ac2-9934-1ab0cd919606,1777350819,0.61,1.0,yes,"{""count_fp"":""1.00"",""created_time"":""2026-04-28T04:33:39.150978Z"",""no_price_dollars"":""0.3900"",""taker_side"":""yes"",""ticker"":""KXETH15M-26APR280045-45"",""trade_id"":""1a96f3ec-0833-5ac2-9934-1ab0cd919606"",""yes_price_dollars"":""0.6100""}"
KXETH15M-26APR280045-45,5a218bce-44fb-7bb5-12f8-76b4004eba30,1777350820,0.57,0.16,yes,"{""count_fp"":""0.16"",""created_time"":""2026-04-28T04:33:40.286958Z"",""no_price_dollars"":""0.4300"",""taker_side"":""yes"",""ticker"":""KXETH15M-26APR280045-45"",""trade_id"":""5a218bce-44fb-7bb5-12f8-76b4004eba30"",""yes_price_dollars"":""0.5700""}"
KXETH15M-26APR280045-45,ceaa093c-c6d7-7acd-654e-e9d24d1a3810,1777350823,0.55,40.0,yes,"{""count_fp"":""40.00"",""created_time"":""2026-04-28T04:33:43.449469Z"",""no_price_dollars"":""0.4500"",""taker_side"":""yes"",""ticker"":""KXETH15M-26APR280045-45"",""trade_id"":""ceaa093c-c6d7-7acd-654e-e9d24d1a3810"",""yes_price_dollars"":""0.5500""}"
KXETH15M-26APR280045-45,9b1c74fa-db3f-4121-e533-d87d95685630,1777350824,0.55,0.37,yes,"{""count_fp"":""0.37"",""created_time"":""2026-04-28T04:33:44.208883Z"",""no_price_dollars"":""0.4500"",""taker_side"":""yes"",""ticker"":""KXETH15M-26APR280045-45"",""trade_id"":""9b1c74fa-db3f-4121-e533-d87d95685630"",""yes_price_dollars"":""0.5500""}"
KXETH15M-26APR280045-45,b0e0174e-b11f-7c9d-2a72-b7bff25d3630,1777350827,0.54,16.56,yes,"{""count_fp"":""16.56"",""created_time"":""2026-04-28T04:33:47.602621Z"",""no_price_dollars"":""0.4600"",""taker_side"":""yes"",""ticker"":""KXETH15M-26APR280045-45"",""trade_id"":""b0e0174e-b11f-7c9d-2a72-b7bff25d3630"",""yes_price_dollars"":""0.5400""}"
KXETH15M-26APR280045-45,68c8b6f5-c693-7157-0b72-378eed4260d2,1777350827,0.53,1.0,yes,"{""count_fp"":""1.00"",""created_time"":""2026-04-28T04:33:47.602621Z"",""no_price_dollars"":""0.4700"",""taker_side"":""yes"",""ticker"":""KXETH15M-26APR280045-45"",""trade_id"":""68c8b6f5-c693-7157-0b72-378eed4260d2"",""yes_price_dollars"":""0.5300""}"
KXETH15M-26APR280045-45,675d2993-3a7f-4619-f7c7-d533963c5e2f,1777350827,0.53,1.0,no,"{""count_fp"":""1.00"",""created_time"":""2026-04-28T04:33:47.233352Z"",""no_price_dollars"":""0.4700"",""taker_side"":""no"",""ticker"":""KXETH15M-26APR280045-45"",""trade_id"":""675d2993-3a7f-4619-f7c7-d533963c5e2f"",""yes_price_dollars"":""0.5300""}"
KXETH15M-26APR280045-45,3c4135ef-de38-4ad0-dff3-450718909405,1777350827,0.52,1.02,no,"{""count_fp"":""1.02"",""created_time"":""2026-04-28T04:33:47.233352Z"",""no_price_dollars"":""0.4800"",""taker_side"":""no"",""ticker"":""KXETH15M-26APR280045-45"",""trade_id"":""3c4135ef-de38-4ad0-dff3-450718909405"",""yes_price_dollars"":""0.5200""}"
KXETH15M-26APR280045-45,eea71c78-0034-6500-9fcf-886e565ffd1d,1777350829,0.52,10.0,no,"{""count_fp"":""10.00"",""created_time"":""2026-04-28T04:33:49.013849Z"",""no_price_dollars"":""0.4800"",""taker_side"":""no"",""ticker"":""KXETH15M-26APR280045-45"",""trade_id"":""eea71c78-0034-6500-9fcf-886e565ffd1d"",""yes_price_dollars"":""0.5200""}"
KXETH15M-26APR280045-45,14ab5e2d-8345-5c15-402f-c5187410ef52,1777350832,0.48,1.86,no,"{""count_fp"":""1.86"",""created_time"":""2026-04-28T04:33:52.982818Z"",""no_price_dollars"":""0.5200"",""taker_side"":""no"",""ticker"":""KXETH15M-26APR280045-45"",""trade_id"":""14ab5e2d-8345-5c15-402f-c5187410ef52"",""yes_price_dollars"":""0.4800""}"
KXETH15M-26APR280045-45,b109b190-f067-6095-3dbd-81760beb9ef3,1777350834,0.47,1.0,yes,"{""count_fp"":""1.00"",""created_time"":""2026-04-28T04:33:54.651382Z"",""no_price_dollars"":""0.5300"",""taker_side"":""yes"",""ticker"":""KXETH15M-26APR280045-45"",""trade_id"":""b109b190-f067-6095-3dbd-81760beb9ef3"",""yes_price_dollars"":""0.4700""}"
KXETH15M-26APR280045-45,a672989e-7e77-628e-200f-468033f08316,1777350834,0.49,17.31,yes,"{""count_fp"":""17.31"",""created_time"":""2026-04-28T04:33:54.651382Z"",""no_price_dollars"":""0.5100"",""taker_side"":""yes"",""ticker"":""KXETH15M-26APR280045-45"",""trade_id"":""a672989e-7e77-628e-200f-468033f08316"",""yes_price_dollars"":""0.4900""}"
KXETH15M-26APR280045-45,f758bb98-b4e7-60c6-04d2-61d5651dff56,1777350836,0.47,1.0,yes,"{""count_fp"":""1.00"",""created_time"":""2026-04-28T04:33:56.321115Z"",""no_price_dollars"":""0.5300"",""taker_side"":""yes"",""ticker"":""KXETH15M-26APR280045-45"",""trade_id"":""f758bb98-b4e7-60c6-04d2-61d5651dff56"",""yes_price_dollars"":""0.4700""}"
KXETH15M-26APR280045-45,aa9718bd-d5d8-4be6-8337-f4827230b978,1777350838,0.47,1.82,no,"{""count_fp"":""1.82"",""created_time"":""2026-04-28T04:33:58.914459Z"",""no_price_dollars"":""0.5300"",""taker_side"":""no"",""ticker"":""KXETH15M-26APR280045-45"",""trade_id"":""aa9718bd-d5d8-4be6-8337-f4827230b978"",""yes_price_dollars"":""0.4700""}"
KXETH15M-26APR280045-45,e3ed3f80-1bd5-5705-75ea-94a6678f25f2,1777350840,0.46,10.0,no,"{""count_fp"":""10.00"",""created_time"":""2026-04-28T04:34:00.488474Z"",""no_price_dollars"":""0.5400"",""taker_side"":""no"",""ticker"":""KXETH15M-26APR280045-45"",""trade_id"":""e3ed3f80-1bd5-5705-75ea-94a6678f25f2"",""yes_price_dollars"":""0.4600""}"
KXETH15M-26APR280045-45,712b3f19-9351-5ca6-4640-22a32a39af69,1777350840,0.46,10.0,no,"{""count_fp"":""10.00"",""created_time"":""2026-04-28T04:34:00.488474Z"",""no_price_dollars"":""0.5400"",""taker_side"":""no"",""ticker"":""KXETH15M-26APR280045-45"",""trade_id"":""712b3f19-9351-5ca6-4640-22a32a39af69"",""yes_price_dollars"":""0.4600""}"
KXETH15M-26APR280045-45,9910a7cc-db60-75ba-b0ce-2ec3816016fc,1777350840,0.47,0.18,no,"{""count_fp"":""0.18"",""created_time"":""2026-04-28T04:34:00.476439Z"",""no_price_dollars"":""0.5300"",""taker_side"":""no"",""ticker"":""KXETH15M-26APR280045-45"",""trade_id"":""9910a7cc-db60-75ba-b0ce-2ec3816016fc"",""yes_price_dollars"":""0.4700""}"
KXETH15M-26APR280045-45,d9024532-f080-6e1a-be7a-dc6c9fd81780,1777350840,0.47,10.0,no,"{""count_fp"":""10.00"",""created_time"":""2026-04-28T04:34:00.468385Z"",""no_price_dollars"":""0.5300"",""taker_side"":""no"",""ticker"":""KXETH15M-26APR280045-45"",""trade_id"":""d9024532-f080-6e1a-be7a-dc6c9fd81780"",""yes_price_dollars"":""0.4700""}"
KXETH15M-26APR280045-45,f8810f4d-e7d5-6ef7-ff25-0ce1b16cedbf,1777350841,0.4,3.0,no,"{""count_fp"":""3.00"",""created_time"":""2026-04-28T04:34:01.301255Z"",""no_price_dollars"":""0.6000"",""taker_side"":""no"",""ticker"":""KXETH15M-26APR280045-45"",""trade_id"":""f8810f4d-e7d5-6ef7-ff25-0ce1b16cedbf"",""yes_price_dollars"":""0.4000""}"
KXETH15M-26APR280045-45,02c1cb50-b54f-6741-0ddb-7adc1c031128,1777350842,0.44,3.95,yes,"{""count_fp"":""3.95"",""created_time"":""2026-04-28T04:34:02.358189Z"",""no_price_dollars"":""0.5600"",""taker_side"":""yes"",""ticker"":""KXETH15M-26APR280045-45"",""trade_id"":""02c1cb50-b54f-6741-0ddb-7adc1c031128"",""yes_price_dollars"":""0.4400""}"
KXETH15M-26APR280045-45,62dec2be-8b4b-5701-78c6-d739741c39c4,1777350843,0.44,0.3,yes,"{""count_fp"":""0.30"",""created_time"":""2026-04-28T04:34:03.694714Z"",""no_price_dollars"":""0.5600"",""taker_side"":""yes"",""ticker"":""KXETH15M-26APR280045-45"",""trade_id"":""62dec2be-8b4b-5701-78c6-d739741c39c4"",""yes_price_dollars"":""0.4400""}"
KXETH15M-26APR280045-45,7f0ad635-2cdf-78ac-497a-9c5305fb07bf,1777350845,0.4,1.59,no,"{""count_fp"":""1.59"",""created_time"":""2026-04-28T04:34:05.332912Z"",""no_price_dollars"":""0.6000"",""taker_side"":""no"",""ticker"":""KXETH15M-26APR280045-45"",""trade_id"":""7f0ad635-2cdf-78ac-497a-9c5305fb07bf"",""yes_price_dollars"":""0.4000""}"
KXETH15M-26APR280045-45,bbf34139-712a-743a-942d-4eddf21cc2b2,1777350846,0.39,4.0,no,"{""count_fp"":""4.00"",""created_time"":""2026-04-28T04:34:06.010374Z"",""no_price_dollars"":""0.6100"",""taker_side"":""no"",""ticker"":""KXETH15M-26APR280045-45"",""trade_id"":""bbf34139-712a-743a-942d-4eddf21cc2b2"",""yes_price_dollars"":""0.3900""}"
KXETH15M-26APR280045-45,b875bc6e-2029-7e0e-7d36-fd71d7e436f5,1777350850,0.38,100.0,no,"{""count_fp"":""100.00"",""created_time"":""2026-04-28T04:34:10.689132Z"",""no_price_dollars"":""0.6200"",""taker_side"":""no"",""ticker"":""KXETH15M-26APR280045-45"",""trade_id"":""b875bc6e-2029-7e0e-7d36-fd71d7e436f5"",""yes_price_dollars"":""0.3800""}"
KXETH15M-26APR280045-45,62ca7c8c-31af-7ac1-6568-bd0551307ddc,1777350850,0.37,267.1,no,"{""count_fp"":""267.10"",""created_time"":""2026-04-28T04:34:10.689132Z"",""no_price_dollars"":""0.6300"",""taker_side"":""no"",""ticker"":""KXETH15M-26APR280045-45"",""trade_id"":""62ca7c8c-31af-7ac1-6568-bd0551307ddc"",""yes_price_dollars"":""0.3700""}"
KXETH15M-26APR280045-45,3b86da4c-bf5e-759e-71c1-ac44296d57fa,1777350850,0.38,10.0,no,"{""count_fp"":""10.00"",""created_time"":""2026-04-28T04:34:10.689132Z"",""no_price_dollars"":""0.6200"",""taker_side"":""no"",""ticker"":""KXETH15M-26APR280045-45"",""trade_id"":""3b86da4c-bf5e-759e-71c1-ac44296d57fa"",""yes_price_dollars"":""0.3800""}"
KXETH15M-26APR280045-45,0f839907-4d3b-738d-68bd-709b7d0bf1bf,1777350850,0.38,10.0,no,"{""count_fp"":""10.00"",""created_time"":""2026-04-28T04:34:10.689132Z"",""no_price_dollars"":""0.6200"",""taker_side"":""no"",""ticker"":""KXETH15M-26APR280045-45"",""trade_id"":""0f839907-4d3b-738d-68bd-709b7d0bf1bf"",""yes_price_dollars"":""0.3800""}"
KXETH15M-26APR280045-45,26eb0717-3093-4ac3-33f2-aa8f4e4fc3fa,1777350854,0.39,0.15,no,"{""count_fp"":""0.15"",""created_time"":""2026-04-28T04:34:14.388181Z"",""no_price_dollars"":""0.6100"",""taker_side"":""no"",""ticker"":""KXETH15M-26APR280045-45"",""trade_id"":""26eb0717-3093-4ac3-33f2-aa8f4e4fc3fa"",""yes_price_dollars"":""0.3900""}"
KXETH15M-26APR280045-45,2999517c-fe6b-56da-0e94-f3e796c5431e,1777350860,0.46,10.0,yes,"{""count_fp"":""10.00"",""created_time"":""2026-04-28T04:34:20.099987Z"",""no_price_dollars"":""0.5400"",""taker_side"":""yes"",""ticker"":""KXETH15M-26APR280045-45"",""trade_id"":""2999517c-fe6b-56da-0e94-f3e796c5431e"",""yes_price_dollars"":""0.4600""}"
KXETH15M-26APR280045-45,c67814ad-cabe-58f5-673d-b5f19db74be8,1777350860,0.45,9.0,yes,"{""count_fp"":""9.00"",""created_time"":""2026-04-28T04:34:20.052727Z"",""no_price_dollars"":""0.5500"",""taker_side"":""yes"",""ticker"":""KXETH15M-26APR280045-45"",""trade_id"":""c67814ad-cabe-58f5-673d-b5f19db74be8"",""yes_price_dollars"":""0.4500""}"
KXETH15M-26APR280045-45,b1ff36f7-3528-5c2c-68e5-eba6a5555c63,1777350860,0.45,1.0,yes,"{""count_fp"":""1.00"",""created_time"":""2026-04-28T04:34:20.052727Z"",""no_price_dollars"":""0.5500"",""taker_side"":""yes"",""ticker"":""KXETH15M-26APR280045-45"",""trade_id"":""b1ff36f7-3528-5c2c-68e5-eba6a5555c63"",""yes_price_dollars"":""0.4500""}"
KXETH15M-26APR280045-45,d9f35d3d-6e7e-7cc7-7e56-7c29416125ef,1777350860,0.43,2.0,yes,"{""count_fp"":""2.00"",""created_time"":""2026-04-28T04:34:20.010392Z"",""no_price_dollars"":""0.5700"",""taker_side"":""yes"",""ticker"":""KXETH15M-26APR280045-45"",""trade_id"":""d9f35d3d-6e7e-7cc7-7e56-7c29416125ef"",""yes_price_dollars"":""0.4300""}"
KXETH15M-26APR280045-45,60b2e8a5-716f-7361-7694-a9c996fac0f8,1777350860,0.43,10.0,yes,"{""count_fp"":""10.00"",""created_time"":""2026-04-28T04:34:20.010392Z"",""no_price_dollars"":""0.5700"",""taker_side"":""yes"",""ticker"":""KXETH15M-26APR280045-45"",""trade_id"":""60b2e8a5-716f-7361-7694-a9c996fac0f8"",""yes_price_dollars"":""0.4300""}"
KXETH15M-26APR280045-45,cafbd9b8-abe9-51e9-0fbb-0048feae4c6e,1777350862,0.51,0.18,yes,"{""count_fp"":""0.18"",""created_time"":""2026-04-28T04:34:22.893101Z"",""no_price_dollars"":""0.4900"",""taker_side"":""yes"",""ticker"":""KXETH15M-26APR280045-45"",""trade_id"":""cafbd9b8-abe9-51e9-0fbb-0048feae4c6e"",""yes_price_dollars"":""0.5100""}"
KXETH15M-26APR280045-45,0047f6b5-f564-60fa-38de-06b8c7ac5637,1777350868,0.47,0.85,no,"{""count_fp"":""0.85"",""created_time"":""2026-04-28T04:34:28.265829Z"",""no_price_dollars"":""0.5300"",""taker_side"":""no"",""ticker"":""KXETH15M-26APR280045-45"",""trade_id"":""0047f6b5-f564-60fa-38de-06b8c7ac5637"",""yes_price_dollars"":""0.4700""}"
KXETH15M-26APR280045-45,48eea2fa-3c88-7bbb-3eed-0713aca02cd8,1777350872,0.47,1.0,yes,"{""count_fp"":""1.00"",""created_time"":""2026-04-28T04:34:32.563099Z"",""no_price_dollars"":""0.5300"",""taker_side"":""yes"",""ticker"":""KXETH15M-26APR280045-45"",""trade_id"":""48eea2fa-3c88-7bbb-3eed-0713aca02cd8"",""yes_price_dollars"":""0.4700""}"
KXETH15M-26APR280045-45,c9e0642d-399e-45e6-379b-68d8572f6689,1777350875,0.49,10.0,no,"{""count_fp"":""10.00"",""created_time"":""2026-04-28T04:34:35.449186Z"",""no_price_dollars"":""0.5100"",""taker_side"":""no"",""ticker"":""KXETH15M-26APR280045-45"",""trade_id"":""c9e0642d-399e-45e6-379b-68d8572f6689"",""yes_price_dollars"":""0.4900""}"
KXETH15M-26APR280045-45,8fa9346d-cf3b-4175-19c2-d5c625e79c4e,1777350875,0.49,18.43,no,"{""count_fp"":""18.43"",""created_time"":""2026-04-28T04:34:35.449186Z"",""no_price_dollars"":""0.5100"",""taker_side"":""no"",""ticker"":""KXETH15M-26APR280045-45"",""trade_id"":""8fa9346d-cf3b-4175-19c2-d5c625e79c4e"",""yes_price_dollars"":""0.4900""}"
KXETH15M-26APR280045-45,6518b23f-3ea1-4549-71c1-524d2777fc75,1777350881,0.49,10.0,no,"{""count_fp"":""10.00"",""created_time"":""2026-04-28T04:34:41.220308Z"",""no_price_dollars"":""0.5100"",""taker_side"":""no"",""ticker"":""KXETH15M-26APR280045-45"",""trade_id"":""6518b23f-3ea1-4549-71c1-524d2777fc75"",""yes_price_dollars"":""0.4900""}"
KXETH15M-26APR280045-45,00d6a6ba-9e25-40a3-49a2-85051fc9a8c2,1777350881,0.49,4.79,no,"{""count_fp"":""4.79"",""created_time"":""2026-04-28T04:34:41.220308Z"",""no_price_dollars"":""0.5100"",""taker_side"":""no"",""ticker"":""KXETH15M-26APR280045-45"",""trade_id"":""00d6a6ba-9e25-40a3-49a2-85051fc9a8c2"",""yes_price_dollars"":""0.4900""}"
KXETH15M-26APR280045-45,f57d5075-649b-6b23-1d39-36b85a2a6802,1777350885,0.42,1.85,no,"{""count_fp"":""1.85"",""created_time"":""2026-04-28T04:34:45.126424Z"",""no_price_dollars"":""0.5800"",""taker_side"":""no"",""ticker"":""KXETH15M-26APR280045-45"",""trade_id"":""f57d5075-649b-6b23-1d39-36b85a2a6802"",""yes_price_dollars"":""0.4200""}"
KXETH15M-26APR280045-45,c7fe7066-4845-5f66-3cd4-dcc7f42902c9,1777350888,0.42,1.0,yes,"{""count_fp"":""1.00"",""created_time"":""2026-04-28T04:34:48.433413Z"",""no_price_dollars"":""0.5800"",""taker_side"":""yes"",""ticker"":""KXETH15M-26APR280045-45"",""trade_id"":""c7fe7066-4845-5f66-3cd4-dcc7f42902c9"",""yes_price_dollars"":""0.4200""}"
KXETH15M-26APR280045-45,b2c8a28e-b845-4402-c57e-0eb44d8ee139,1777350891,0.42,47.98,yes,"{""count_fp"":""47.98"",""created_time"":""2026-04-28T04:34:51.326486Z"",""no_price_dollars"":""0.5800"",""taker_side"":""yes"",""ticker"":""KXETH15M-26APR280045-45"",""trade_id"":""b2c8a28e-b845-4402-c57e-0eb44d8ee139"",""yes_price_dollars"":""0.4200""}"
KXETH15M-26APR280045-45,b6bfb30f-2eb1-5c57-d709-c4f63b2d81f6,1777350893,0.38,1.0,no,"{""count_fp"":""1.00"",""created_time"":""2026-04-28T04:34:53.800014Z"",""no_price_dollars"":""0.6200"",""taker_side"":""no"",""ticker"":""KXETH15M-26APR280045-45"",""trade_id"":""b6bfb30f-2eb1-5c57-d709-c4f63b2d81f6"",""yes_price_dollars"":""0.3800""}"
KXETH15M-26APR280045-45,55eb5a22-b433-5eb9-d3d9-b58582e3d902,1777350893,0.38,16.85,no,"{""count_fp"":""16.85"",""created_time"":""2026-04-28T04:34:53.800014Z"",""no_price_dollars"":""0.6200"",""taker_side"":""no"",""ticker"":""KXETH15M-26APR280045-45"",""trade_id"":""55eb5a22-b433-5eb9-d3d9-b58582e3d902"",""yes_price_dollars"":""0.3800""}"
KXETH15M-26APR280045-45,36a1fb9b-5e35-510e-c7c4-d00c52aaeb43,1777350893,0.39,10.0,no,"{""count_fp"":""10.00"",""created_time"":""2026-04-28T04:34:53.800014Z"",""no_price_dollars"":""0.6100"",""taker_side"":""no"",""ticker"":""KXETH15M-26APR280045-45"",""trade_id"":""36a1fb9b-5e35-510e-c7c4-d00c52aaeb43"",""yes_price_dollars"":""0.3900""}"
KXETH15M-26APR280045-45,17d60592-628c-504a-c92e-2c412b5b05a5,1777350893,0.41,10.0,no,"{""count_fp"":""10.00"",""created_time"":""2026-04-28T04:34:53.800014Z"",""no_price_dollars"":""0.5900"",""taker_side"":""no"",""ticker"":""KXETH15M-26APR280045-45"",""trade_id"":""17d60592-628c-504a-c92e-2c412b5b05a5"",""yes_price_dollars"":""0.4100""}"
KXETH15M-26APR280045-45,dc2d6b49-3df5-6e40-afb7-c49e08782d26,1777350897,0.58,56.0,yes,"{""count_fp"":""56.00"",""created_time"":""2026-04-28T04:34:57.765927Z"",""no_price_dollars"":""0.4200"",""taker_side"":""yes"",""ticker"":""KXETH15M-26APR280045-45"",""trade_id"":""dc2d6b49-3df5-6e40-afb7-c49e08782d26"",""yes_price_dollars"":""0.5800""}"
KXETH15M-26APR280045-45,4f03121d-1852-6572-8879-229a4fcbc22a,1777350897,0.56,10.0,yes,"{""count_fp"":""10.00"",""created_time"":""2026-04-28T04:34:57.765927Z"",""no_price_dollars"":""0.4400"",""taker_side"":""yes"",""ticker"":""KXETH15M-26APR280045-45"",""trade_id"":""4f03121d-1852-6572-8879-229a4fcbc22a"",""yes_price_dollars"":""0.5600""}"
KXETH15M-26APR280045-45,14e3457c-6c54-59f6-6379-e48ba833b7dd,1777350897,0.51,10.0,yes,"{""count_fp"":""10.00"",""created_time"":""2026-04-28T04:34:57.138951Z"",""no_price_dollars"":""0.4900"",""taker_side"":""yes"",""ticker"":""KXETH15M-26APR280045-45"",""trade_id"":""14e3457c-6c54-59f6-6379-e48ba833b7dd"",""yes_price_dollars"":""0.5100""}"
KXETH15M-26APR280045-45,962cea56-205b-4a25-398c-16360e74500d,1777350897,0.43,66.0,yes,"{""count_fp"":""66.00"",""created_time"":""2026-04-28T04:34:57.054915Z"",""no_price_dollars"":""0.5700"",""taker_side"":""yes"",""ticker"":""KXETH15M-26APR280045-45"",""trade_id"":""962cea56-205b-4a25-398c-16360e74500d"",""yes_price_dollars"":""0.4300""}"
KXETH15M-26APR280045-45,dd82aeff-11f5-797d-d32c-5d9f38a61b96,1777350897,0.46,1.0,yes,"{""count_fp"":""1.00"",""created_time"":""2026-04-28T04:34:57.014628Z"",""no_price_dollars"":""0.5400"",""taker_side"":""yes"",""ticker"":""KXETH15M-26APR280045-45"",""trade_id"":""dd82aeff-11f5-797d-d32c-5d9f38a61b96"",""yes_price_dollars"":""0.4600""}"
KXETH15M-26APR280045-45,99fd4662-813b-71e2-ed3c-5e548418244d,1777350897,0.42,66.0,yes,"{""count_fp"":""66.00"",""created_time"":""2026-04-28T04:34:57.014628Z"",""no_price_dollars"":""0.5800"",""taker_side"":""yes"",""ticker"":""KXETH15M-26APR280045-45"",""trade_id"":""99fd4662-813b-71e2-ed3c-5e548418244d"",""yes_price_dollars"":""0.4200""}"
KXETH15M-26APR280045-45,6035c516-56ad-7a6d-f843-060286923cd3,1777350897,0.41,10.0,yes,"{""count_fp"":""10.00"",""created_time"":""2026-04-28T04:34:57.014628Z"",""no_price_dollars"":""0.5900"",""taker_side"":""yes"",""ticker"":""KXETH15M-26APR280045-45"",""trade_id"":""6035c516-56ad-7a6d-f843-060286923cd3"",""yes_price_dollars"":""0.4100""}"
KXETH15M-26APR280045-45,5bd98389-4abb-7be7-d6a5-6cffd571c27a,1777350897,0.41,550.0,yes,"{""count_fp"":""550.00"",""created_time"":""2026-04-28T04:34:57.014628Z"",""no_price_dollars"":""0.5900"",""taker_side"":""yes"",""ticker"":""KXETH15M-26APR280045-45"",""trade_id"":""5bd98389-4abb-7be7-d6a5-6cffd571c27a"",""yes_price_dollars"":""0.4100""}"
KXETH15M-26APR280045-45,5650308c-d3b8-7088-c04c-ee6f36fc7923,1777350897,0.42,10.0,yes,"{""count_fp"":""10.00"",""created_time"":""2026-04-28T04:34:57.014628Z"",""no_price_dollars"":""0.5800"",""taker_side"":""yes"",""ticker"":""KXETH15M-26APR280045-45"",""trade_id"":""5650308c-d3b8-7088-c04c-ee6f36fc7923"",""yes_price_dollars"":""0.4200""}"
KXETH15M-26APR280045-45,42280099-b7d8-77ee-cc3e-708c400ba892,1777350897,0.45,50.0,yes,"{""count_fp"":""50.00"",""created_time"":""2026-04-28T04:34:57.014628Z"",""no_price_dollars"":""0.5500"",""taker_side"":""yes"",""ticker"":""KXETH15M-26APR280045-45"",""trade_id"":""42280099-b7d8-77ee-cc3e-708c400ba892"",""yes_price_dollars"":""0.4500""}"
KXETH15M-26APR280045-45,101a68f2-a531-777e-e72a-4a1e32920379,1777350897,0.42,51.02,yes,"{""count_fp"":""51.02"",""created_time"":""2026-04-28T04:34:57.014628Z"",""no_price_dollars"":""0.5800"",""taker_side"":""yes"",""ticker"":""KXETH15M-26APR280045-45"",""trade_id"":""101a68f2-a531-777e-e72a-4a1e32920379"",""yes_price_dollars"":""0.4200""}"
KXETH15M-26APR280045-45,0e3921c2-3d0a-7261-c4c1-f8afe5cbe8b2,1777350897,0.46,48.98,yes,"{""count_fp"":""48.98"",""created_time"":""2026-04-28T04:34:57.014628Z"",""no_price_dollars"":""0.5400"",""taker_side"":""yes"",""ticker"":""KXETH15M-26APR280045-45"",""trade_id"":""0e3921c2-3d0a-7261-c4c1-f8afe5cbe8b2"",""yes_price_dollars"":""0.4600""}"
KXETH15M-26APR280045-45,a2b1d89a-ed99-466c-354c-cfbf41fe6e94,1777350900,0.52,2.0,yes,"{""count_fp"":""2.00"",""created_time"":""2026-04-28T04:35:00.560452Z"",""no_price_dollars"":""0.4800"",""taker_side"":""yes"",""ticker"":""KXETH15M-26APR280045-45"",""trade_id"":""a2b1d89a-ed99-466c-354c-cfbf41fe6e94"",""yes_price_dollars"":""0.5200""}"
KXETH15M-26APR280045-45,c9b6e4b4-066b-5e6c-018a-d93cc7d4556b,1777350904,0.51,3.79,yes,"{""count_fp"":""3.79"",""created_time"":""2026-04-28T04:35:04.617271Z"",""no_price_dollars"":""0.4900"",""taker_side"":""yes"",""ticker"":""KXETH15M-26APR280045-45"",""trade_id"":""c9b6e4b4-066b-5e6c-018a-d93cc7d4556b"",""yes_price_dollars"":""0.5100""}"
KXETH15M-26APR280045-45,be70b795-0745-7c50-2c22-463234d50d0e,1777350907,0.48,1.0,no,"{""count_fp"":""1.00"",""created_time"":""2026-04-28T04:35:07.409448Z"",""no_price_dollars"":""0.5200"",""taker_side"":""no"",""ticker"":""KXETH15M-26APR280045-45"",""trade_id"":""be70b795-0745-7c50-2c22-463234d50d0e"",""yes_price_dollars"":""0.4800""}"
KXETH15M-26APR280045-45,3f6426a4-a818-73fa-0376-e9774a6107a5,1777350907,0.47,10.0,no,"{""count_fp"":""10.00"",""created_time"":""2026-04-28T04:35:07.409448Z"",""no_price_dollars"":""0.5300"",""taker_side"":""no"",""ticker"":""KXETH15M-26APR280045-45"",""trade_id"":""3f6426a4-a818-73fa-0376-e9774a6107a5"",""yes_price_dollars"":""0.4700""}"
KXETH15M-26APR280045-45,dce2456e-f1b1-707a-b684-dcb115ae39d4,1777350914,0.42,10.0,no,"{""count_fp"":""10.00"",""created_time"":""2026-04-28T04:35:14.902547Z"",""no_price_dollars"":""0.5800"",""taker_side"":""no"",""ticker"":""KXETH15M-26APR280045-45"",""trade_id"":""dce2456e-f1b1-707a-b684-dcb115ae39d4"",""yes_price_dollars"":""0.4200""}"
KXETH15M-26APR280045-45,9d6cd70f-f2a8-7d84-94a7-d1a39e06fff2,1777350914,0.42,1.0,no,"{""count_fp"":""1.00"",""created_time"":""2026-04-28T04:35:14.902547Z"",""no_price_dollars"":""0.5800"",""taker_side"":""no"",""ticker"":""KXETH15M-26APR280045-45"",""trade_id"":""9d6cd70f-f2a8-7d84-94a7-d1a39e06fff2"",""yes_price_dollars"":""0.4200""}"
KXETH15M-26APR280045-45,f516485f-6d59-6768-18a5-0e90438892c8,1777350914,0.44,1.0,yes,"{""count_fp"":""1.00"",""created_time"":""2026-04-28T04:35:14.651441Z"",""no_price_dollars"":""0.5600"",""taker_side"":""yes"",""ticker"":""KXETH15M-26APR280045-45"",""trade_id"":""f516485f-6d59-6768-18a5-0e90438892c8"",""yes_price_dollars"":""0.4400""}"
KXETH15M-26APR280045-45,af71540c-3f00-7305-f88e-8cdb1ca9ecc7,1777350919,0.41,10.0,no,"{""count_fp"":""10.00"",""created_time"":""2026-04-28T04:35:19.023364Z"",""no_price_dollars"":""0.5900"",""taker_side"":""no"",""ticker"":""KXETH15M-26APR280045-45"",""trade_id"":""af71540c-3f00-7305-f88e-8cdb1ca9ecc7"",""yes_price_dollars"":""0.4100""}"
KXETH15M-26APR280045-45,7429c281-0542-798a-d0f9-056133fbee89,1777350919,0.41,29.45,no,"{""count_fp"":""29.45"",""created_time"":""2026-04-28T04:35:19.023364Z"",""no_price_dollars"":""0.5900"",""taker_side"":""no"",""ticker"":""KXETH15M-26APR280045-45"",""trade_id"":""7429c281-0542-798a-d0f9-056133fbee89"",""yes_price_dollars"":""0.4100""}"
KXETH15M-26APR280045-45,e7238bdc-441f-74d2-adde-a3f09538f786,1777350924,0.41,10.0,no,"{""count_fp"":""10.00"",""created_time"":""2026-04-28T04:35:24.445129Z"",""no_price_dollars"":""0.5900"",""taker_side"":""no"",""ticker"":""KXETH15M-26APR280045-45"",""trade_id"":""e7238bdc-441f-74d2-adde-a3f09538f786"",""yes_price_dollars"":""0.4100""}"
KXETH15M-26APR280045-45,af8384cc-caab-7dd2-b7e3-dc5fffb46666,1777350924,0.41,10.0,no,"{""count_fp"":""10.00"",""created_time"":""2026-04-28T04:35:24.445129Z"",""no_price_dollars"":""0.5900"",""taker_side"":""no"",""ticker"":""KXETH15M-26APR280045-45"",""trade_id"":""af8384cc-caab-7dd2-b7e3-dc5fffb46666"",""yes_price_dollars"":""0.4100""}"
KXETH15M-26APR280045-45,ae169615-3617-7991-b70e-e18619d4c11e,1777350924,0.41,99.45,no,"{""count_fp"":""99.45"",""created_time"":""2026-04-28T04:35:24.445129Z"",""no_price_dollars"":""0.5900"",""taker_side"":""no"",""ticker"":""KXETH15M-26APR280045-45"",""trade_id"":""ae169615-3617-7991-b70e-e18619d4c11e"",""yes_price_dollars"":""0.4100""}"
KXETH15M-26APR280045-45,28d59086-3da6-7eea-a6c0-fe3539bdaf35,1777350924,0.41,519.55,no,"{""count_fp"":""519.55"",""created_time"":""2026-04-28T04:35:24.445129Z"",""no_price_dollars"":""0.5900"",""taker_side"":""no"",""ticker"":""KXETH15M-26APR280045-45"",""trade_id"":""28d59086-3da6-7eea-a6c0-fe3539bdaf35"",""yes_price_dollars"":""0.4100""}"
KXETH15M-26APR280045-45,1c4b2f05-33e0-74e5-9297-18fbae8ac16c,1777350924,0.41,1.0,no,"{""count_fp"":""1.00"",""created_time"":""2026-04-28T04:35:24.445129Z"",""no_price_dollars"":""0.5900"",""taker_side"":""no"",""ticker"":""KXETH15M-26APR280045-45"",""trade_id"":""1c4b2f05-33e0-74e5-9297-18fbae8ac16c"",""yes_price_dollars"":""0.4100""}"
KXETH15M-26APR280045-45,2e84a333-8fed-53d0-fed3-2ddd08b07e10,1777350925,0.41,117.11,yes,"{""count_fp"":""117.11"",""created_time"":""2026-04-28T04:35:25.867334Z"",""no_price_dollars"":""0.5900"",""taker_side"":""yes"",""ticker"":""KXETH15M-26APR280045-45"",""trade_id"":""2e84a333-8fed-53d0-fed3-2ddd08b07e10"",""yes_price_dollars"":""0.4100""}"
KXETH15M-26APR280045-45,d306199a-de56-5f52-d640-d4eb556da6e7,1777350926,0.37,50.0,no,"{""count_fp"":""50.00"",""created_time"":""2026-04-28T04:35:26.712972Z"",""no_price_dollars"":""0.6300"",""taker_side"":""no"",""ticker"":""KXETH15M-26APR280045-45"",""trade_id"":""d306199a-de56-5f52-d640-d4eb556da6e7"",""yes_price_dollars"":""0.3700""}"
KXETH15M-26APR280045-45,4a8db22c-08e4-63d4-3612-539f0ef95c0e,1777350927,0.36,10.0,yes,"{""count_fp"":""10.00"",""created_time"":""2026-04-28T04:35:27.762433Z"",""no_price_dollars"":""0.6400"",""taker_side"":""yes"",""ticker"":""KXETH15M-26APR280045-45"",""trade_id"":""4a8db22c-08e4-63d4-3612-539f0ef95c0e"",""yes_price_dollars"":""0.3600""}"
KXETH15M-26APR280045-45,1aac4410-f2a1-6660-1dc4-1b9196251ce0,1777350927,0.38,4.0,yes,"{""count_fp"":""4.00"",""created_time"":""2026-04-28T04:35:27.762433Z"",""no_price_dollars"":""0.6200"",""taker_side"":""yes"",""ticker"":""KXETH15M-26APR280045-45"",""trade_id"":""1aac4410-f2a1-6660-1dc4-1b9196251ce0"",""yes_price_dollars"":""0.3800""}"
KXETH15M-26APR280045-45,0e83e6d5-4ac0-6136-2bbc-69e4af92d347,1777350927,0.37,10.0,yes,"{""count_fp"":""10.00"",""created_time"":""2026-04-28T04:35:27.762433Z"",""no_price_dollars"":""0.6300"",""taker_side"":""yes"",""ticker"":""KXETH15M-26APR280045-45"",""trade_id"":""0e83e6d5-4ac0-6136-2bbc-69e4af92d347"",""yes_price_dollars"":""0.3700""}"
KXETH15M-26APR280045-45,cfba49ad-c5f5-55c0-eba7-8409af47e2f1,1777350930,0.34,100.0,no,"{""count_fp"":""100.00"",""created_time"":""2026-04-28T04:35:30.590964Z"",""no_price_dollars"":""0.6600"",""taker_side"":""no"",""ticker"":""KXETH15M-26APR280045-45"",""trade_id"":""cfba49ad-c5f5-55c0-eba7-8409af47e2f1"",""yes_price_dollars"":""0.3400""}"
KXETH15M-26APR280045-45,c4762b0e-8e33-5238-ccc6-11fd1b2b6b51,1777350930,0.32,115.62,no,"{""count_fp"":""115.62"",""created_time"":""2026-04-28T04:35:30.590964Z"",""no_price_dollars"":""0.6800"",""taker_side"":""no"",""ticker"":""KXETH15M-26APR280045-45"",""trade_id"":""c4762b0e-8e33-5238-ccc6-11fd1b2b6b51"",""yes_price_dollars"":""0.3200""}"
KXETH15M-26APR280045-45,a02b3846-a2c4-569a-fc00-e7671386bf09,1777350930,0.34,10.0,no,"{""count_fp"":""10.00"",""created_time"":""2026-04-28T04:35:30.590964Z"",""no_price_dollars"":""0.6600"",""taker_side"":""no"",""ticker"":""KXETH15M-26APR280045-45"",""trade_id"":""a02b3846-a2c4-569a-fc00-e7671386bf09"",""yes_price_dollars"":""0.3400""}"
KXETH15M-26APR280045-45,9baaab38-dfd0-5a30-eb95-9821471c1d96,1777350930,0.34,50.0,no,"{""count_fp"":""50.00"",""created_time"":""2026-04-28T04:35:30.590964Z"",""no_price_dollars"":""0.6600"",""taker_side"":""no"",""ticker"":""KXETH15M-26APR280045-45"",""trade_id"":""9baaab38-dfd0-5a30-eb95-9821471c1d96"",""yes_price_dollars"":""0.3400""}"
KXETH15M-26APR280045-45,8d6a9e0b-ad20-51fd-de02-0bd43840f1a9,1777350930,0.34,10.0,no,"{""count_fp"":""10.00"",""created_time"":""2026-04-28T04:35:30.590964Z"",""no_price_dollars"":""0.6600"",""taker_side"":""no"",""ticker"":""KXETH15M-26APR280045-45"",""trade_id"":""8d6a9e0b-ad20-51fd-de02-0bd43840f1a9"",""yes_price_dollars"":""0.3400""}"
KXETH15M-26APR280045-45,4a33ce0a-589b-5ae3-ea2c-9581783a4336,1777350930,0.34,1.0,no,"{""count_fp"":""1.00"",""created_time"":""2026-04-28T04:35:30.590964Z"",""no_price_dollars"":""0.6600"",""taker_side"":""no"",""ticker"":""KXETH15M-26APR280045-45"",""trade_id"":""4a33ce0a-589b-5ae3-ea2c-9581783a4336"",""yes_price_dollars"":""0.3400""}"
KXETH15M-26APR280045-45,fd09182b-7e89-7db0-b9e4-5a9103f42b48,1777350931,0.42,36.0,yes,"{""count_fp"":""36.00"",""created_time"":""2026-04-28T04:35:31.092268Z"",""no_price_dollars"":""0.5800"",""taker_side"":""yes"",""ticker"":""KXETH15M-26APR280045-45"",""trade_id"":""fd09182b-7e89-7db0-b9e4-5a9103f42b48"",""yes_price_dollars"":""0.4200""}"
KXETH15M-26APR280045-45,d5987330-7bb1-7c70-bce6-325213c1975a,1777350931,0.42,5.0,yes,"{""count_fp"":""5.00"",""created_time"":""2026-04-28T04:35:31.092268Z"",""no_price_dollars"":""0.5800"",""taker_side"":""yes"",""ticker"":""KXETH15M-26APR280045-45"",""trade_id"":""d5987330-7bb1-7c70-bce6-325213c1975a"",""yes_price_dollars"":""0.4200""}"
KXETH15M-26APR280045-45,6c141e8c-55c8-76ba-8023-c6d3d42af903,1777350931,0.4,1.0,yes,"{""count_fp"":""1.00"",""created_time"":""2026-04-28T04:35:31.092268Z"",""no_price_dollars"":""0.6000"",""taker_side"":""yes"",""ticker"":""KXETH15M-26APR280045-45"",""trade_id"":""6c141e8c-55c8-76ba-8023-c6d3d42af903"",""yes_price_dollars"":""0.4000""}"
KXETH15M-26APR280045-45,3667ca5c-d286-7196-bf5f-7df3603f0869,1777350931,0.39,10.0,yes,"{""count_fp"":""10.00"",""created_time"":""2026-04-28T04:35:31.092268Z"",""no_price_dollars"":""0.6100"",""taker_side"":""yes"",""ticker"":""KXETH15M-26APR280045-45"",""trade_id"":""3667ca5c-d286-7196-bf5f-7df3603f0869"",""yes_price_dollars"":""0.3900""}"
KXETH15M-26APR280045-45,1913685c-6749-7aeb-aa3e-2b075d7e403a,1777350931,0.37,10.0,yes,"{""count_fp"":""10.00"",""created_time"":""2026-04-28T04:35:31.092268Z"",""no_price_dollars"":""0.6300"",""taker_side"":""yes"",""ticker"":""KXETH15M-26APR280045-45"",""trade_id"":""1913685c-6749-7aeb-aa3e-2b075d7e403a"",""yes_price_dollars"":""0.3700""}"
KXETH15M-26APR280045-45,f357237e-91b7-4776-fbcd-5d6247fdf4bb,1777350933,0.38,100.0,no,"{""count_fp"":""100.00"",""created_time"":""2026-04-28T04:35:33.296299Z"",""no_price_dollars"":""0.6200"",""taker_side"":""no"",""ticker"":""KXETH15M-26APR280045-45"",""trade_id"":""f357237e-91b7-4776-fbcd-5d6247fdf4bb"",""yes_price_dollars"":""0.3800""}"
KXETH15M-26APR280045-45,4cc5e4c8-12a6-43de-ef36-30524204b3ef,1777350933,0.38,1.0,no,"{""count_fp"":""1.00"",""created_time"":""2026-04-28T04:35:33.296299Z"",""no_price_dollars"":""0.6200"",""taker_side"":""no"",""ticker"":""KXETH15M-26APR280045-45"",""trade_id"":""4cc5e4c8-12a6-43de-ef36-30524204b3ef"",""yes_price_dollars"":""0.3800""}"
KXETH15M-26APR280045-45,c4e79e27-4ace-6f85-cfa8-6035cc409b6f,1777350936,0.35,1.0,no,"{""count_fp"":""1.00"",""created_time"":""2026-04-28T04:35:36.833406Z"",""no_price_dollars"":""0.6500"",""taker_side"":""no"",""ticker"":""KXETH15M-26APR280045-45"",""trade_id"":""c4e79e27-4ace-6f85-cfa8-6035cc409b6f"",""yes_price_dollars"":""0.3500""}"
KXETH15M-26APR280045-45,bbc9b8d8-25e3-6fd7-e727-b80036703553,1777350936,0.35,1.0,no,"{""count_fp"":""1.00"",""created_time"":""2026-04-28T04:35:36.833406Z"",""no_price_dollars"":""0.6500"",""taker_side"":""no"",""ticker"":""KXETH15M-26APR280045-45"",""trade_id"":""bbc9b8d8-25e3-6fd7-e727-b80036703553"",""yes_price_dollars"":""0.3500""}"
KXETH15M-26APR280045-45,41b7f3f0-1ac7-475f-0522-2ac2e96af120,1777350936,0.36,3.04,no,"{""count_fp"":""3.04"",""created_time"":""2026-04-28T04:35:36.539687Z"",""no_price_dollars"":""0.6400"",""taker_side"":""no"",""ticker"":""KXETH15M-26APR280045-45"",""trade_id"":""41b7f3f0-1ac7-475f-0522-2ac2e96af120"",""yes_price_dollars"":""0.3600""}"
KXETH15M-26APR280045-45,087ea5d8-8389-5984-d95b-18061774082c,1777350939,0.39,7.37,yes,"{""count_fp"":""7.37"",""created_time"":""2026-04-28T04:35:39.374245Z"",""no_price_dollars"":""0.6100"",""taker_side"":""yes"",""ticker"":""KXETH15M-26APR280045-45"",""trade_id"":""087ea5d8-8389-5984-d95b-18061774082c"",""yes_price_dollars"":""0.3900""}"
KXETH15M-26APR280045-45,8c24047f-24bd-57dc-6d83-788e0388a814,1777350941,0.39,4.91,yes,"{""count_fp"":""4.91"",""created_time"":""2026-04-28T04:35:41.447711Z"",""no_price_dollars"":""0.6100"",""taker_side"":""yes"",""ticker"":""KXETH15M-26APR280045-45"",""trade_id"":""8c24047f-24bd-57dc-6d83-788e0388a814"",""yes_price_dollars"":""0.3900""}"
KXETH15M-26APR280045-45,c1833fdd-928d-4dd8-93ef-e994f6d90354,1777350942,0.39,48.75,yes,"{""count_fp"":""48.75"",""created_time"":""2026-04-28T04:35:42.405352Z"",""no_price_dollars"":""0.6100"",""taker_side"":""yes"",""ticker"":""KXETH15M-26APR280045-45"",""trade_id"":""c1833fdd-928d-4dd8-93ef-e994f6d90354"",""yes_price_dollars"":""0.3900""}"
KXETH15M-26APR280045-45,53e53d37-9661-4210-2094-bb1ce4805d88,1777350945,0.39,24.59,yes,"{""count_fp"":""24.59"",""created_time"":""2026-04-28T04:35:45.277175Z"",""no_price_dollars"":""0.6100"",""taker_side"":""yes"",""ticker"":""KXETH15M-26APR280045-45"",""trade_id"":""53e53d37-9661-4210-2094-bb1ce4805d88"",""yes_price_dollars"":""0.3900""}"
KXETH15M-26APR280045-45,eabf48bd-cf45-4f80-2f26-e102bbf3f151,1777350946,0.34,23.0,no,"{""count_fp"":""23.00"",""created_time"":""2026-04-28T04:35:46.117777Z"",""no_price_dollars"":""0.6600"",""taker_side"":""no"",""ticker"":""KXETH15M-26APR280045-45"",""trade_id"":""eabf48bd-cf45-4f80-2f26-e102bbf3f151"",""yes_price_dollars"":""0.3400""}"
KXETH15M-26APR280045-45,e3a88f6a-b952-40f9-3364-c03c926b9573,1777350946,0.35,10.0,no,"{""count_fp"":""10.00"",""created_time"":""2026-04-28T04:35:46.117777Z"",""no_price_dollars"":""0.6500"",""taker_side"":""no"",""ticker"":""KXETH15M-26APR280045-45"",""trade_id"":""e3a88f6a-b952-40f9-3364-c03c926b9573"",""yes_price_dollars"":""0.3500""}"
KXETH15M-26APR280045-45,2ce346f7-37a6-4a76-02c3-171039f91f30,1777350946,0.35,10.0,no,"{""count_fp"":""10.00"",""created_time"":""2026-04-28T04:35:46.117777Z"",""no_price_dollars"":""0.6500"",""taker_side"":""no"",""ticker"":""KXETH15M-26APR280045-45"",""trade_id"":""2ce346f7-37a6-4a76-02c3-171039f91f30"",""yes_price_dollars"":""0.3500""}"
KXETH15M-26APR280045-45,8180bff6-206d-7363-8d1b-ed5c2add2f1b,1777350949,0.33,1.0,no,"{""count_fp"":""1.00"",""created_time"":""2026-04-28T04:35:49.227272Z"",""no_price_dollars"":""0.6700"",""taker_side"":""no"",""ticker"":""KXETH15M-26APR280045-45"",""trade_id"":""8180bff6-206d-7363-8d1b-ed5c2add2f1b"",""yes_price_dollars"":""0.3300""}"
KXETH15M-26APR280045-45,3aae0ea9-d4fe-7fa9-8eb9-c74739179c41,1777350949,0.33,1.0,no,"{""count_fp"":""1.00"",""created_time"":""2026-04-28T04:35:49.227272Z"",""no_price_dollars"":""0.6700"",""taker_side"":""no"",""ticker"":""KXETH15M-26APR280045-45"",""trade_id"":""3aae0ea9-d4fe-7fa9-8eb9-c74739179c41"",""yes_price_dollars"":""0.3300""}"
KXETH15M-26APR280045-45,d7aa73b6-b572-6d86-f368-e2e84e72030e,1777350950,0.37,2.91,no,"{""count_fp"":""2.91"",""created_time"":""2026-04-28T04:35:50.511007Z"",""no_price_dollars"":""0.6300"",""taker_side"":""no"",""ticker"":""KXETH15M-26APR280045-45"",""trade_id"":""d7aa73b6-b572-6d86-f368-e2e84e72030e"",""yes_price_dollars"":""0.3700""}"
KXETH15M-26APR280045-45,da06eeb5-bed9-501e-686a-f45fa4164146,1777350962,0.31,4.82,no,"{""count_fp"":""4.82"",""created_time"":""2026-04-28T04:36:02.764765Z"",""no_price_dollars"":""0.6900"",""taker_side"":""no"",""ticker"":""KXETH15M-26APR280045-45"",""trade_id"":""da06eeb5-bed9-501e-686a-f45fa4164146"",""yes_price_dollars"":""0.3100""}"
KXETH15M-26APR280045-45,8f48a620-bbba-5da2-7fa8-8696f4b1616a,1777350962,0.37,3.09,no,"{""count_fp"":""3.09"",""created_time"":""2026-04-28T04:36:02.764765Z"",""no_price_dollars"":""0.6300"",""taker_side"":""no"",""ticker"":""KXETH15M-26APR280045-45"",""trade_id"":""8f48a620-bbba-5da2-7fa8-8696f4b1616a"",""yes_price_dollars"":""0.3700""}"
KXETH15M-26APR280045-45,7c5efb91-ec1f-536b-59e3-a86d68a6311d,1777350964,0.32,10.0,yes,"{""count_fp"":""10.00"",""created_time"":""2026-04-28T04:36:04.670044Z"",""no_price_dollars"":""0.6800"",""taker_side"":""yes"",""ticker"":""KXETH15M-26APR280045-45"",""trade_id"":""7c5efb91-ec1f-536b-59e3-a86d68a6311d"",""yes_price_dollars"":""0.3200""}"
KXETH15M-26APR280045-45,5c1a3b42-fe75-58ec-5459-4a5b439940a8,1777350964,0.33,231.48,yes,"{""count_fp"":""231.48"",""created_time"":""2026-04-28T04:36:04.670044Z"",""no_price_dollars"":""0.6700"",""taker_side"":""yes"",""ticker"":""KXETH15M-26APR280045-45"",""trade_id"":""5c1a3b42-fe75-58ec-5459-4a5b439940a8"",""yes_price_dollars"":""0.3300""}"
KXETH15M-26APR280045-45,0d9f4d83-d3a8-5cd6-7c6d-e188ff420327,1777350964,0.32,10.73,yes,"{""count_fp"":""10.73"",""created_time"":""2026-04-28T04:36:04.670044Z"",""no_price_dollars"":""0.6800"",""taker_side"":""yes"",""ticker"":""KXETH15M-26APR280045-45"",""trade_id"":""0d9f4d83-d3a8-5cd6-7c6d-e188ff420327"",""yes_price_dollars"":""0.3200""}"
KXETH15M-26APR280045-45,fb75916b-cdc1-48be-7896-bb52676d156a,1777350966,0.31,3.04,yes,"{""count_fp"":""3.04"",""created_time"":""2026-04-28T04:36:06.267773Z"",""no_price_dollars"":""0.6900"",""taker_side"":""yes"",""ticker"":""KXETH15M-26APR280045-45"",""trade_id"":""fb75916b-cdc1-48be-7896-bb52676d156a"",""yes_price_dollars"":""0.3100""}"
KXETH15M-26APR280045-45,c0139ae1-615c-50bc-d2d1-fd586d28e677,1777350975,0.3,10.42,yes,"{""count_fp"":""10.42"",""created_time"":""2026-04-28T04:36:15.811486Z"",""no_price_dollars"":""0.7000"",""taker_side"":""yes"",""ticker"":""KXETH15M-26APR280045-45"",""trade_id"":""c0139ae1-615c-50bc-d2d1-fd586d28e677"",""yes_price_dollars"":""0.3000""}"
KXETH15M-26APR280045-45,5cfeed46-ce91-5570-d25b-0d0507230cf4,1777350975,0.31,1.75,yes,"{""count_fp"":""1.75"",""created_time"":""2026-04-28T04:36:15.811486Z"",""no_price_dollars"":""0.6900"",""taker_side"":""yes"",""ticker"":""KXETH15M-26APR280045-45"",""trade_id"":""5cfeed46-ce91-5570-d25b-0d0507230cf4"",""yes_price_dollars"":""0.3100""}"
KXETH15M-26APR280045-45,05845f47-19bf-5f58-d90d-6493cc6c3c1a,1777350975,0.3,10.0,yes,"{""count_fp"":""10.00"",""created_time"":""2026-04-28T04:36:15.811486Z"",""no_price_dollars"":""0.7000"",""taker_side"":""yes"",""ticker"":""KXETH15M-26APR280045-45"",""trade_id"":""05845f47-19bf-5f58-d90d-6493cc6c3c1a"",""yes_price_dollars"":""0.3000""}"
KXETH15M-26APR280045-45,d0b2ae48-fbf5-5424-4e9d-cc10535fe480,1777350978,0.31,1.0,yes,"{""count_fp"":""1.00"",""created_time"":""2026-04-28T04:36:18.701587Z"",""no_price_dollars"":""0.6900"",""taker_side"":""yes"",""ticker"":""KXETH15M-26APR280045-45"",""trade_id"":""d0b2ae48-fbf5-5424-4e9d-cc10535fe480"",""yes_price_dollars"":""0.3100""}"
KXETH15M-26APR280045-45,37eed09a-4650-6fc8-acd2-ac1cbced2705,1777350983,0.26,1.0,no,"{""count_fp"":""1.00"",""created_time"":""2026-04-28T04:36:23.782676Z"",""no_price_dollars"":""0.7400"",""taker_side"":""no"",""ticker"":""KXETH15M-26APR280045-45"",""trade_id"":""37eed09a-4650-6fc8-acd2-ac1cbced2705"",""yes_price_dollars"":""0.2600""}"
KXETH15M-26APR280045-45,079e951c-8cf1-6e36-a38a-fd9c4e7e86c0,1777350983,0.26,2.0,no,"{""count_fp"":""2.00"",""created_time"":""2026-04-28T04:36:23.782676Z"",""no_price_dollars"":""0.7400"",""taker_side"":""no"",""ticker"":""KXETH15M-26APR280045-45"",""trade_id"":""079e951c-8cf1-6e36-a38a-fd9c4e7e86c0"",""yes_price_dollars"":""0.2600""}"
KXETH15M-26APR280045-45,9bcc8d36-31b5-7b5f-f22a-6b54f3ee4a34,1777350984,0.28,10.13,yes,"{""count_fp"":""10.13"",""created_time"":""2026-04-28T04:36:24.700396Z"",""no_price_dollars"":""0.7200"",""taker_side"":""yes"",""ticker"":""KXETH15M-26APR280045-45"",""trade_id"":""9bcc8d36-31b5-7b5f-f22a-6b54f3ee4a34"",""yes_price_dollars"":""0.2800""}"
KXETH15M-26APR280045-45,5e96109c-0a22-7508-e2bb-a567965e0984,1777350984,0.28,10.0,yes,"{""count_fp"":""10.00"",""created_time"":""2026-04-28T04:36:24.700396Z"",""no_price_dollars"":""0.7200"",""taker_side"":""yes"",""ticker"":""KXETH15M-26APR280045-45"",""trade_id"":""5e96109c-0a22-7508-e2bb-a567965e0984"",""yes_price_dollars"":""0.2800""}"
KXETH15M-26APR280045-45,4810bae6-0291-7c83-af76-249f83629b82,1777350990,0.3,1.9,yes,"{""count_fp"":""1.90"",""created_time"":""2026-04-28T04:36:30.157361Z"",""no_price_dollars"":""0.7000"",""taker_side"":""yes"",""ticker"":""KXETH15M-26APR280045-45"",""trade_id"":""4810bae6-0291-7c83-af76-249f83629b82"",""yes_price_dollars"":""0.3000""}"
KXETH15M-26APR280045-45,95426212-1485-5f66-ce72-77271fb31366,1777350992,0.28,10.0,no,"{""count_fp"":""10.00"",""created_time"":""2026-04-28T04:36:32.887726Z"",""no_price_dollars"":""0.7200"",""taker_side"":""no"",""ticker"":""KXETH15M-26APR280045-45"",""trade_id"":""95426212-1485-5f66-ce72-77271fb31366"",""yes_price_dollars"":""0.2800""}"
KXETH15M-26APR280045-45,79c179fc-7120-5f96-cc68-a266fec739f1,1777350992,0.28,1.0,no,"{""count_fp"":""1.00"",""created_time"":""2026-04-28T04:36:32.887726Z"",""no_price_dollars"":""0.7200"",""taker_side"":""no"",""ticker"":""KXETH15M-26APR280045-45"",""trade_id"":""79c179fc-7120-5f96-cc68-a266fec739f1"",""yes_price_dollars"":""0.2800""}"
KXETH15M-26APR280045-45,878d00c6-ae94-444e-89f8-d560d4cd4908,1777350996,0.31,5.69,yes,"{""count_fp"":""5.69"",""created_time"":""2026-04-28T04:36:36.703346Z"",""no_price_dollars"":""0.6900"",""taker_side"":""yes"",""ticker"":""KXETH15M-26APR280045-45"",""trade_id"":""878d00c6-ae94-444e-89f8-d560d4cd4908"",""yes_price_dollars"":""0.3100""}"
KXETH15M-26APR280045-45,0ad50044-4251-4deb-8e75-eccbf09eaa52,1777350996,0.3,10.0,yes,"{""count_fp"":""10.00"",""created_time"":""2026-04-28T04:36:36.703346Z"",""no_price_dollars"":""0.7000"",""taker_side"":""yes"",""ticker"":""KXETH15M-26APR280045-45"",""trade_id"":""0ad50044-4251-4deb-8e75-eccbf09eaa52"",""yes_price_dollars"":""0.3000""}"
KXETH15M-26APR280045-45,c4888102-0af9-49b7-914e-290cdd1c973f,1777350996,0.28,0.13,no,"{""count_fp"":""0.13"",""created_time"":""2026-04-28T04:36:36.599941Z"",""no_price_dollars"":""0.7200"",""taker_side"":""no"",""ticker"":""KXETH15M-26APR280045-45"",""trade_id"":""c4888102-0af9-49b7-914e-290cdd1c973f"",""yes_price_dollars"":""0.2800""}"
KXETH15M-26APR280045-45,3fc3c1dd-a39d-6ddb-9495-c045611bc980,1777351000,0.28,1.0,no,"{""count_fp"":""1.00"",""created_time"":""2026-04-28T04:36:40.267213Z"",""no_price_dollars"":""0.7200"",""taker_side"":""no"",""ticker"":""KXETH15M-26APR280045-45"",""trade_id"":""3fc3c1dd-a39d-6ddb-9495-c045611bc980"",""yes_price_dollars"":""0.2800""}"
KXETH15M-26APR280045-45,5be45d3e-c235-5c24-6a10-bd12b51c8824,1777351005,0.27,6.53,no,"{""count_fp"":""6.53"",""created_time"":""2026-04-28T04:36:45.276436Z"",""no_price_dollars"":""0.7300"",""taker_side"":""no"",""ticker"":""KXETH15M-26APR280045-45"",""trade_id"":""5be45d3e-c235-5c24-6a10-bd12b51c8824"",""yes_price_dollars"":""0.2700""}"
KXETH15M-26APR280045-45,0f6851ec-5839-4240-0925-c2339571ad2d,1777351006,0.23,2.0,no,"{""count_fp"":""2.00"",""created_time"":""2026-04-28T04:36:46.354228Z"",""no_price_dollars"":""0.7700"",""taker_side"":""no"",""ticker"":""KXETH15M-26APR280045-45"",""trade_id"":""0f6851ec-5839-4240-0925-c2339571ad2d"",""yes_price_dollars"":""0.2300""}"
KXETH15M-26APR280045-45,0ef16517-ce8c-45c5-3e96-52d88a505147,1777351006,0.24,1.0,no,"{""count_fp"":""1.00"",""created_time"":""2026-04-28T04:36:46.354228Z"",""no_price_dollars"":""0.7600"",""taker_side"":""no"",""ticker"":""KXETH15M-26APR280045-45"",""trade_id"":""0ef16517-ce8c-45c5-3e96-52d88a505147"",""yes_price_dollars"":""0.2400""}"
KXETH15M-26APR280045-45,b1b94a7e-5106-4bb2-4110-de90fb3195d3,1777351006,0.27,10.0,no,"{""count_fp"":""10.00"",""created_time"":""2026-04-28T04:36:46.168091Z"",""no_price_dollars"":""0.7300"",""taker_side"":""no"",""ticker"":""KXETH15M-26APR280045-45"",""trade_id"":""b1b94a7e-5106-4bb2-4110-de90fb3195d3"",""yes_price_dollars"":""0.2700""}"
KXETH15M-26APR280045-45,55655693-dd2d-4a5f-795d-421a6f4930c7,1777351006,0.27,1.0,no,"{""count_fp"":""1.00"",""created_time"":""2026-04-28T04:36:46.168091Z"",""no_price_dollars"":""0.7300"",""taker_side"":""no"",""ticker"":""KXETH15M-26APR280045-45"",""trade_id"":""55655693-dd2d-4a5f-795d-421a6f4930c7"",""yes_price_dollars"":""0.2700""}"
KXETH15M-26APR280045-45,5275e3d7-84dd-439b-ea4b-94f36816ce61,1777351012,0.22,46.51,no,"{""count_fp"":""46.51"",""created_time"":""2026-04-28T04:36:52.400127Z"",""no_price_dollars"":""0.7800"",""taker_side"":""no"",""ticker"":""KXETH15M-26APR280045-45"",""trade_id"":""5275e3d7-84dd-439b-ea4b-94f36816ce61"",""yes_price_dollars"":""0.2200""}"
KXETH15M-26APR280045-45,dd90c386-0c5d-743f-af78-860996f61f91,1777351013,0.22,2.0,no,"{""count_fp"":""2.00"",""created_time"":""2026-04-28T04:36:53.566388Z"",""no_price_dollars"":""0.7800"",""taker_side"":""no"",""ticker"":""KXETH15M-26APR280045-45"",""trade_id"":""dd90c386-0c5d-743f-af78-860996f61f91"",""yes_price_dollars"":""0.2200""}"
KXETH15M-26APR280045-45,cee35941-ec19-72a7-20ca-01589ee9cf89,1777351014,0.22,0.49,no,"{""count_fp"":""0.49"",""created_time"":""2026-04-28T04:36:54.886195Z"",""no_price_dollars"":""0.7800"",""taker_side"":""no"",""ticker"":""KXETH15M-26APR280045-45"",""trade_id"":""cee35941-ec19-72a7-20ca-01589ee9cf89"",""yes_price_dollars"":""0.2200""}"
KXETH15M-26APR280045-45,1f0e4ecd-4885-4887-a133-990a8256c521,1777351014,0.22,29.0,no,"{""count_fp"":""29.00"",""created_time"":""2026-04-28T04:36:54.884141Z"",""no_price_dollars"":""0.7800"",""taker_side"":""no"",""ticker"":""KXETH15M-26APR280045-45"",""trade_id"":""1f0e4ecd-4885-4887-a133-990a8256c521"",""yes_price_dollars"":""0.2200""}"
KXETH15M-26APR280045-45,9908b98f-fdac-6dd2-b8b2-fbe2795799e1,1777351018,0.2,19.0,no,"{""count_fp"":""19.00"",""created_time"":""2026-04-28T04:36:58.186322Z"",""no_price_dollars"":""0.8000"",""taker_side"":""no"",""ticker"":""KXETH15M-26APR280045-45"",""trade_id"":""9908b98f-fdac-6dd2-b8b2-fbe2795799e1"",""yes_price_dollars"":""0.2000""}"
KXETH15M-26APR280045-45,44479f24-c046-6295-91dd-953b68d9ab67,1777351018,0.21,1.0,no,"{""count_fp"":""1.00"",""created_time"":""2026-04-28T04:36:58.186322Z"",""no_price_dollars"":""0.7900"",""taker_side"":""no"",""ticker"":""KXETH15M-26APR280045-45"",""trade_id"":""44479f24-c046-6295-91dd-953b68d9ab67"",""yes_price_dollars"":""0.2100""}"
KXETH15M-26APR280045-45,a78caef4-5bd9-4369-070f-0803bd0bd942,1777351019,0.22,9.53,yes,"{""count_fp"":""9.53"",""created_time"":""2026-04-28T04:36:59.304709Z"",""no_price_dollars"":""0.7800"",""taker_side"":""yes"",""ticker"":""KXETH15M-26APR280045-45"",""trade_id"":""a78caef4-5bd9-4369-070f-0803bd0bd942"",""yes_price_dollars"":""0.2200""}"
KXETH15M-26APR280045-45,4afd4772-a39e-6627-01bd-ac9129e30fd8,1777351021,0.18,1.0,no,"{""count_fp"":""1.00"",""created_time"":""2026-04-28T04:37:01.001355Z"",""no_price_dollars"":""0.8200"",""taker_side"":""no"",""ticker"":""KXETH15M-26APR280045-45"",""trade_id"":""4afd4772-a39e-6627-01bd-ac9129e30fd8"",""yes_price_dollars"":""0.1800""}"
KXETH15M-26APR280045-45,44cff625-ab7b-6fbd-2c68-ab82f4799f29,1777351021,0.17,1.0,no,"{""count_fp"":""1.00"",""created_time"":""2026-04-28T04:37:01.001355Z"",""no_price_dollars"":""0.8300"",""taker_side"":""no"",""ticker"":""KXETH15M-26APR280045-45"",""trade_id"":""44cff625-ab7b-6fbd-2c68-ab82f4799f29"",""yes_price_dollars"":""0.1700""}"
KXETH15M-26APR280045-45,294f6520-927e-6a9d-349b-3af333ceb063,1777351021,0.19,10.0,no,"{""count_fp"":""10.00"",""created_time"":""2026-04-28T04:37:01.001355Z"",""no_price_dollars"":""0.8100"",""taker_side"":""no"",""ticker"":""KXETH15M-26APR280045-45"",""trade_id"":""294f6520-927e-6a9d-349b-3af333ceb063"",""yes_price_dollars"":""0.1900""}"
KXETH15M-26APR280045-45,f199ec3f-2953-7f22-3b3f-5044122c60fc,1777351022,0.21,10.0,yes,"{""count_fp"":""10.00"",""created_time"":""2026-04-28T04:37:02.403272Z"",""no_price_dollars"":""0.7900"",""taker_side"":""yes"",""ticker"":""KXETH15M-26APR280045-45"",""trade_id"":""f199ec3f-2953-7f22-3b3f-5044122c60fc"",""yes_price_dollars"":""0.2100""}"
KXETH15M-26APR280045-45,6ab5e5e3-f587-4f40-7e6c-3f10cc9c869d,1777351024,0.2,1.0,no,"{""count_fp"":""1.00"",""created_time"":""2026-04-28T04:37:04.777381Z"",""no_price_dollars"":""0.8000"",""taker_side"":""no"",""ticker"":""KXETH15M-26APR280045-45"",""trade_id"":""6ab5e5e3-f587-4f40-7e6c-3f10cc9c869d"",""yes_price_dollars"":""0.2000""}"
KXETH15M-26APR280045-45,48a369a8-573f-45b8-2d15-dd147e8f2d9d,1777351024,0.2,1.0,no,"{""count_fp"":""1.00"",""created_time"":""2026-04-28T04:37:04.281592Z"",""no_price_dollars"":""0.8000"",""taker_side"":""no"",""ticker"":""KXETH15M-26APR280045-45"",""trade_id"":""48a369a8-573f-45b8-2d15-dd147e8f2d9d"",""yes_price_dollars"":""0.2000""}"
KXETH15M-26APR280045-45,a2c3bacd-d1cf-6008-9b4f-727cfd0c01ab,1777351026,0.23,1.0,no,"{""count_fp"":""1.00"",""created_time"":""2026-04-28T04:37:06.433206Z"",""no_price_dollars"":""0.7700"",""taker_side"":""no"",""ticker"":""KXETH15M-26APR280045-45"",""trade_id"":""a2c3bacd-d1cf-6008-9b4f-727cfd0c01ab"",""yes_price_dollars"":""0.2300""}"
KXETH15M-26APR280045-45,78fe211c-b89f-6aec-92cc-8d0283518652,1777351026,0.22,10.0,no,"{""count_fp"":""10.00"",""created_time"":""2026-04-28T04:37:06.433206Z"",""no_price_dollars"":""0.7800"",""taker_side"":""no"",""ticker"":""KXETH15M-26APR280045-45"",""trade_id"":""78fe211c-b89f-6aec-92cc-8d0283518652"",""yes_price_dollars"":""0.2200""}"
KXETH15M-26APR280045-45,67981009-b45f-62fc-801a-4e7cd39bbfe9,1777351026,0.22,58.62,no,"{""count_fp"":""58.62"",""created_time"":""2026-04-28T04:37:06.433206Z"",""no_price_dollars"":""0.7800"",""taker_side"":""no"",""ticker"":""KXETH15M-26APR280045-45"",""trade_id"":""67981009-b45f-62fc-801a-4e7cd39bbfe9"",""yes_price_dollars"":""0.2200""}"
KXETH15M-26APR280045-45,9fea328c-d7eb-4490-af82-08adf6d1a3fd,1777351027,0.21,5.05,no,"{""count_fp"":""5.05"",""created_time"":""2026-04-28T04:37:07.946982Z"",""no_price_dollars"":""0.7900"",""taker_side"":""no"",""ticker"":""KXETH15M-26APR280045-45"",""trade_id"":""9fea328c-d7eb-4490-af82-08adf6d1a3fd"",""yes_price_dollars"":""0.2100""}"
KXETH15M-26APR280045-45,088c3670-6398-405b-a47b-ed7246969437,1777351027,0.21,1.0,no,"{""count_fp"":""1.00"",""created_time"":""2026-04-28T04:37:07.946982Z"",""no_price_dollars"":""0.7900"",""taker_side"":""no"",""ticker"":""KXETH15M-26APR280045-45"",""trade_id"":""088c3670-6398-405b-a47b-ed7246969437"",""yes_price_dollars"":""0.2100""}"
KXETH15M-26APR280045-45,f85e34ca-e31e-462c-96ce-9d562a79db7d,1777351027,0.21,31.0,no,"{""count_fp"":""31.00"",""created_time"":""2026-04-28T04:37:07.299623Z"",""no_price_dollars"":""0.7900"",""taker_side"":""no"",""ticker"":""KXETH15M-26APR280045-45"",""trade_id"":""f85e34ca-e31e-462c-96ce-9d562a79db7d"",""yes_price_dollars"":""0.2100""}"
KXETH15M-26APR280045-45,b46d646b-e499-42ca-8a5a-6d76ab14013e,1777351027,0.21,84.0,no,"{""count_fp"":""84.00"",""created_time"":""2026-04-28T04:37:07.299623Z"",""no_price_dollars"":""0.7900"",""taker_side"":""no"",""ticker"":""KXETH15M-26APR280045-45"",""trade_id"":""b46d646b-e499-42ca-8a5a-6d76ab14013e"",""yes_price_dollars"":""0.2100""}"
KXETH15M-26APR280045-45,a82db50d-934d-4e82-88b8-cf18cfccec0e,1777351027,0.21,10.0,no,"{""count_fp"":""10.00"",""created_time"":""2026-04-28T04:37:07.299623Z"",""no_price_dollars"":""0.7900"",""taker_side"":""no"",""ticker"":""KXETH15M-26APR280045-45"",""trade_id"":""a82db50d-934d-4e82-88b8-cf18cfccec0e"",""yes_price_dollars"":""0.2100""}"
KXETH15M-26APR280045-45,2ed18be5-a86b-4a42-bd47-75ddef904007,1777351027,0.22,1.0,no,"{""count_fp"":""1.00"",""created_time"":""2026-04-28T04:37:07.299623Z"",""no_price_dollars"":""0.7800"",""taker_side"":""no"",""ticker"":""KXETH15M-26APR280045-45"",""trade_id"":""2ed18be5-a86b-4a42-bd47-75ddef904007"",""yes_price_dollars"":""0.2200""}"
KXETH15M-26APR280045-45,bc7722a4-c681-5029-8420-24a37ca37146,1777351030,0.24,1.0,yes,"{""count_fp"":""1.00"",""created_time"":""2026-04-28T04:37:10.294902Z"",""no_price_dollars"":""0.7600"",""taker_side"":""yes"",""ticker"":""KXETH15M-26APR280045-45"",""trade_id"":""bc7722a4-c681-5029-8420-24a37ca37146"",""yes_price_dollars"":""0.2400""}"
KXETH15M-26APR280045-45,bc1285c4-be15-5c68-ae75-e51eef08540c,1777351030,0.28,446.43,yes,"{""count_fp"":""446.43"",""created_time"":""2026-04-28T04:37:10.294902Z"",""no_price_dollars"":""0.7200"",""taker_side"":""yes"",""ticker"":""KXETH15M-26APR280045-45"",""trade_id"":""bc1285c4-be15-5c68-ae75-e51eef08540c"",""yes_price_dollars"":""0.2800""}"
KXETH15M-26APR280045-45,9ed7032f-29f4-558c-b357-c4e819b60695,1777351030,0.25,10.0,yes,"{""count_fp"":""10.00"",""created_time"":""2026-04-28T04:37:10.294902Z"",""no_price_dollars"":""0.7500"",""taker_side"":""yes"",""ticker"":""KXETH15M-26APR280045-45"",""trade_id"":""9ed7032f-29f4-558c-b357-c4e819b60695"",""yes_price_dollars"":""0.2500""}"
KXETH15M-26APR280045-45,6782d281-6cf3-5441-bd04-dd3acb69125c,1777351030,0.27,100.0,yes,"{""count_fp"":""100.00"",""created_time"":""2026-04-28T04:37:10.294902Z"",""no_price_dollars"":""0.7300"",""taker_side"":""yes"",""ticker"":""KXETH15M-26APR280045-45"",""trade_id"":""6782d281-6cf3-5441-bd04-dd3acb69125c"",""yes_price_dollars"":""0.2700""}"
KXETH15M-26APR280045-45,53df9c5b-673e-570d-b42b-f3400cd36893,1777351030,0.26,50.0,yes,"{""count_fp"":""50.00"",""created_time"":""2026-04-28T04:37:10.294902Z"",""no_price_dollars"":""0.7400"",""taker_side"":""yes"",""ticker"":""KXETH15M-26APR280045-45"",""trade_id"":""53df9c5b-673e-570d-b42b-f3400cd36893"",""yes_price_dollars"":""0.2600""}"
KXETH15M-26APR280045-45,3e059b39-92a8-5ab0-883e-3434c5cbe0cf,1777351030,0.25,10.0,yes,"{""count_fp"":""10.00"",""created_time"":""2026-04-28T04:37:10.294902Z"",""no_price_dollars"":""0.7500"",""taker_side"":""yes"",""ticker"":""KXETH15M-26APR280045-45"",""trade_id"":""3e059b39-92a8-5ab0-883e-3434c5cbe0cf"",""yes_price_dollars"":""0.2500""}"
KXETH15M-26APR280045-45,10557a8e-c329-554f-a0c5-4a8c6efa0cc3,1777351030,0.27,60.0,yes,"{""count_fp"":""60.00"",""created_time"":""2026-04-28T04:37:10.294902Z"",""no_price_dollars"":""0.7300"",""taker_side"":""yes"",""ticker"":""KXETH15M-26APR280045-45"",""trade_id"":""10557a8e-c329-554f-a0c5-4a8c6efa0cc3"",""yes_price_dollars"":""0.2700""}"
KXETH15M-26APR280045-45,85b0f3d5-b1eb-6bb8-e7b8-f032445553f1,1777351034,0.22,1.26,no,"{""count_fp"":""1.26"",""created_time"":""2026-04-28T04:37:14.030285Z"",""no_price_dollars"":""0.7800"",""taker_side"":""no"",""ticker"":""KXETH15M-26APR280045-45"",""trade_id"":""85b0f3d5-b1eb-6bb8-e7b8-f032445553f1"",""yes_price_dollars"":""0.2200""}"
KXETH15M-26APR280045-45,d915690c-c027-7734-e5bb-60f9a0300b8d,1777351037,0.22,3.0,no,"{""count_fp"":""3.00"",""created_time"":""2026-04-28T04:37:17.127266Z"",""no_price_dollars"":""0.7800"",""taker_side"":""no"",""ticker"":""KXETH15M-26APR280045-45"",""trade_id"":""d915690c-c027-7734-e5bb-60f9a0300b8d"",""yes_price_dollars"":""0.2200""}"
KXETH15M-26APR280045-45,9a864405-73d7-6d64-c834-ba48a970b3ad,1777351039,0.22,359.33,no,"{""count_fp"":""359.33"",""created_time"":""2026-04-28T04:37:19.231544Z"",""no_price_dollars"":""0.7800"",""taker_side"":""no"",""ticker"":""KXETH15M-26APR280045-45"",""trade_id"":""9a864405-73d7-6d64-c834-ba48a970b3ad"",""yes_price_dollars"":""0.2200""}"
KXETH15M-26APR280045-45,62f77abb-46f9-67b0-da6e-81f4b569a722,1777351039,0.23,10.0,no,"{""count_fp"":""10.00"",""created_time"":""2026-04-28T04:37:19.231544Z"",""no_price_dollars"":""0.7700"",""taker_side"":""no"",""ticker"":""KXETH15M-26APR280045-45"",""trade_id"":""62f77abb-46f9-67b0-da6e-81f4b569a722"",""yes_price_dollars"":""0.2300""}"
KXETH15M-26APR280045-45,5c98e3cb-c6f2-6b9b-c566-aa1aa71b6138,1777351039,0.23,9.56,no,"{""count_fp"":""9.56"",""created_time"":""2026-04-28T04:37:19.231544Z"",""no_price_dollars"":""0.7700"",""taker_side"":""no"",""ticker"":""KXETH15M-26APR280045-45"",""trade_id"":""5c98e3cb-c6f2-6b9b-c566-aa1aa71b6138"",""yes_price_dollars"":""0.2300""}"
KXETH15M-26APR280045-45,e20352e2-e937-468c-0520-421bb07fa635,1777351040,0.22,1.47,no,"{""count_fp"":""1.47"",""created_time"":""2026-04-28T04:37:20.701817Z"",""no_price_dollars"":""0.7800"",""taker_side"":""no"",""ticker"":""KXETH15M-26APR280045-45"",""trade_id"":""e20352e2-e937-468c-0520-421bb07fa635"",""yes_price_dollars"":""0.2200""}"
KXETH15M-26APR280045-45,ada337d6-bae5-6ee8-4a38-132982b786a2,1777351052,0.22,10.0,no,"{""count_fp"":""10.00"",""created_time"":""2026-04-28T04:37:32.467664Z"",""no_price_dollars"":""0.7800"",""taker_side"":""no"",""ticker"":""KXETH15M-26APR280045-45"",""trade_id"":""ada337d6-bae5-6ee8-4a38-132982b786a2"",""yes_price_dollars"":""0.2200""}"
KXETH15M-26APR280045-45,bd86881f-09be-4c30-4b0b-0a8afbead6f2,1777351053,0.16,1.0,no,"{""count_fp"":""1.00"",""created_time"":""2026-04-28T04:37:33.543394Z"",""no_price_dollars"":""0.8400"",""taker_side"":""no"",""ticker"":""KXETH15M-26APR280045-45"",""trade_id"":""bd86881f-09be-4c30-4b0b-0a8afbead6f2"",""yes_price_dollars"":""0.1600""}"
KXETH15M-26APR280045-45,bad3f7c8-a985-45c8-63e6-3938fcbba2c3,1777351053,0.14,56.0,no,"{""count_fp"":""56.00"",""created_time"":""2026-04-28T04:37:33.543394Z"",""no_price_dollars"":""0.8600"",""taker_side"":""no"",""ticker"":""KXETH15M-26APR280045-45"",""trade_id"":""bad3f7c8-a985-45c8-63e6-3938fcbba2c3"",""yes_price_dollars"":""0.1400""}"
KXETH15M-26APR280045-45,7bea1a75-c0a3-4850-4822-1771991b56f8,1777351053,0.15,200.0,no,"{""count_fp"":""200.00"",""created_time"":""2026-04-28T04:37:33.543394Z"",""no_price_dollars"":""0.8500"",""taker_side"":""no"",""ticker"":""KXETH15M-26APR280045-45"",""trade_id"":""7bea1a75-c0a3-4850-4822-1771991b56f8"",""yes_price_dollars"":""0.1500""}"
KXETH15M-26APR280045-45,58ccaf93-53db-402d-4057-9431a4855fe9,1777351053,0.17,3.0,no,"{""count_fp"":""3.00"",""created_time"":""2026-04-28T04:37:33.543394Z"",""no_price_dollars"":""0.8300"",""taker_side"":""no"",""ticker"":""KXETH15M-26APR280045-45"",""trade_id"":""58ccaf93-53db-402d-4057-9431a4855fe9"",""yes_price_dollars"":""0.1700""}"
KXETH15M-26APR280045-45,a683fdbc-2510-4300-64c0-0a5accbf2d70,1777351053,0.18,1.0,yes,"{""count_fp"":""1.00"",""created_time"":""2026-04-28T04:37:33.053996Z"",""no_price_dollars"":""0.8200"",""taker_side"":""yes"",""ticker"":""KXETH15M-26APR280045-45"",""trade_id"":""a683fdbc-2510-4300-64c0-0a5accbf2d70"",""yes_price_dollars"":""0.1800""}"
KXETH15M-26APR280045-45,67e151cb-66eb-4e54-5348-d2954397df1e,1777351053,0.18,2.81,yes,"{""count_fp"":""2.81"",""created_time"":""2026-04-28T04:37:33.053996Z"",""no_price_dollars"":""0.8200"",""taker_side"":""yes"",""ticker"":""KXETH15M-26APR280045-45"",""trade_id"":""67e151cb-66eb-4e54-5348-d2954397df1e"",""yes_price_dollars"":""0.1800""}"
KXETH15M-26APR280045-45,2d4998f2-3e63-62d2-d052-b7f139d4ba26,1777351054,0.13,6.0,no,"{""count_fp"":""6.00"",""created_time"":""2026-04-28T04:37:34.589275Z"",""no_price_dollars"":""0.8700"",""taker_side"":""no"",""ticker"":""KXETH15M-26APR280045-45"",""trade_id"":""2d4998f2-3e63-62d2-d052-b7f139d4ba26"",""yes_price_dollars"":""0.1300""}"
KXETH15M-26APR280045-45,0f805b4d-6325-6b2f-c58c-dd7e679c5d4e,1777351054,0.13,57.0,no,"{""count_fp"":""57.00"",""created_time"":""2026-04-28T04:37:34.589275Z"",""no_price_dollars"":""0.8700"",""taker_side"":""no"",""ticker"":""KXETH15M-26APR280045-45"",""trade_id"":""0f805b4d-6325-6b2f-c58c-dd7e679c5d4e"",""yes_price_dollars"":""0.1300""}"
KXETH15M-26APR280045-45,a451cf6a-d6e4-7874-1f91-63550989cfff,1777351057,0.12,7.91,yes,"{""count_fp"":""7.91"",""created_time"":""2026-04-28T04:37:37.708361Z"",""no_price_dollars"":""0.8800"",""taker_side"":""yes"",""ticker"":""KXETH15M-26APR280045-45"",""trade_id"":""a451cf6a-d6e4-7874-1f91-63550989cfff"",""yes_price_dollars"":""0.1200""}"
KXETH15M-26APR280045-45,ea7bb09f-92da-632d-785a-44324c2e43d2,1777351057,0.12,1.0,yes,"{""count_fp"":""1.00"",""created_time"":""2026-04-28T04:37:37.187378Z"",""no_price_dollars"":""0.8800"",""taker_side"":""yes"",""ticker"":""KXETH15M-26APR280045-45"",""trade_id"":""ea7bb09f-92da-632d-785a-44324c2e43d2"",""yes_price_dollars"":""0.1200""}"
KXETH15M-26APR280045-45,180154c6-8862-68ee-705b-7a12cefecc14,1777351057,0.12,0.86,yes,"{""count_fp"":""0.86"",""created_time"":""2026-04-28T04:37:37.187378Z"",""no_price_dollars"":""0.8800"",""taker_side"":""yes"",""ticker"":""KXETH15M-26APR280045-45"",""trade_id"":""180154c6-8862-68ee-705b-7a12cefecc14"",""yes_price_dollars"":""0.1200""}"
