ticker,trade_id,ts,yes_price,count,taker_side,raw_json
KXETH15M-26APR280200-00,9ed9e00c-57e3-4bb3-db71-0346ad7ddf3b,1777355117,0.56,60.0,yes,"{""count_fp"":""60.00"",""created_time"":""2026-04-28T05:45:17.690652Z"",""no_price_dollars"":""0.4400"",""taker_side"":""yes"",""ticker"":""KXETH15M-26APR280200-00"",""trade_id"":""9ed9e00c-57e3-4bb3-db71-0346ad7ddf3b"",""yes_price_dollars"":""0.5600""}"
KXETH15M-26APR280200-00,4e763372-d5de-414c-e47c-48ce361de2cd,1777355117,0.56,1.0,yes,"{""count_fp"":""1.00"",""created_time"":""2026-04-28T05:45:17.690652Z"",""no_price_dollars"":""0.4400"",""taker_side"":""yes"",""ticker"":""KXETH15M-26APR280200-00"",""trade_id"":""4e763372-d5de-414c-e47c-48ce361de2cd"",""yes_price_dollars"":""0.5600""}"
KXETH15M-26APR280200-00,ed7905c1-e9c8-52f2-5a43-69248f8c4bd9,1777355117,0.54,10.0,yes,"{""count_fp"":""10.00"",""created_time"":""2026-04-28T05:45:17.543369Z"",""no_price_dollars"":""0.4600"",""taker_side"":""yes"",""ticker"":""KXETH15M-26APR280200-00"",""trade_id"":""ed7905c1-e9c8-52f2-5a43-69248f8c4bd9"",""yes_price_dollars"":""0.5400""}"
KXETH15M-26APR280200-00,ce5afde3-f7a2-4342-ecc9-32c1ecf7edc3,1777355128,0.58,5.0,yes,"{""count_fp"":""5.00"",""created_time"":""2026-04-28T05:45:28.296443Z"",""no_price_dollars"":""0.4200"",""taker_side"":""yes"",""ticker"":""KXETH15M-26APR280200-00"",""trade_id"":""ce5afde3-f7a2-4342-ecc9-32c1ecf7edc3"",""yes_price_dollars"":""0.5800""}"
KXETH15M-26APR280200-00,5daf3d74-261e-45a2-3ec3-32a7fa7c3593,1777355129,0.59,1.0,no,"{""count_fp"":""1.00"",""created_time"":""2026-04-28T05:45:29.131962Z"",""no_price_dollars"":""0.4100"",""taker_side"":""no"",""ticker"":""KXETH15M-26APR280200-00"",""trade_id"":""5daf3d74-261e-45a2-3ec3-32a7fa7c3593"",""yes_price_dollars"":""0.5900""}"
KXETH15M-26APR280200-00,bd3f2876-b7e6-797a-eaa4-9afea39ac9d0,1777355131,0.59,1.0,no,"{""count_fp"":""1.00"",""created_time"":""2026-04-28T05:45:31.218778Z"",""no_price_dollars"":""0.4100"",""taker_side"":""no"",""ticker"":""KXETH15M-26APR280200-00"",""trade_id"":""bd3f2876-b7e6-797a-eaa4-9afea39ac9d0"",""yes_price_dollars"":""0.5900""}"
KXETH15M-26APR280200-00,b65c0a1c-6216-7161-fefe-35336be02ccc,1777355135,0.6,6.0,yes,"{""count_fp"":""6.00"",""created_time"":""2026-04-28T05:45:35.466025Z"",""no_price_dollars"":""0.4000"",""taker_side"":""yes"",""ticker"":""KXETH15M-26APR280200-00"",""trade_id"":""b65c0a1c-6216-7161-fefe-35336be02ccc"",""yes_price_dollars"":""0.6000""}"
KXETH15M-26APR280200-00,af511014-3c70-7865-cedc-273f6e573e4a,1777355135,0.62,100.0,yes,"{""count_fp"":""100.00"",""created_time"":""2026-04-28T05:45:35.466025Z"",""no_price_dollars"":""0.3800"",""taker_side"":""yes"",""ticker"":""KXETH15M-26APR280200-00"",""trade_id"":""af511014-3c70-7865-cedc-273f6e573e4a"",""yes_price_dollars"":""0.6200""}"
KXETH15M-26APR280200-00,80d98d22-65e3-78e5-cbfa-dd964fb49cc0,1777355135,0.6,1.0,yes,"{""count_fp"":""1.00"",""created_time"":""2026-04-28T05:45:35.466025Z"",""no_price_dollars"":""0.4000"",""taker_side"":""yes"",""ticker"":""KXETH15M-26APR280200-00"",""trade_id"":""80d98d22-65e3-78e5-cbfa-dd964fb49cc0"",""yes_price_dollars"":""0.6000""}"
KXETH15M-26APR280200-00,6551ae99-0642-7872-ea11-1dcc099c16fb,1777355135,0.6,55.0,yes,"{""count_fp"":""55.00"",""created_time"":""2026-04-28T05:45:35.466025Z"",""no_price_dollars"":""0.4000"",""taker_side"":""yes"",""ticker"":""KXETH15M-26APR280200-00"",""trade_id"":""6551ae99-0642-7872-ea11-1dcc099c16fb"",""yes_price_dollars"":""0.6000""}"
KXETH15M-26APR280200-00,638b79f7-04a5-7ab8-dd01-c58448a22698,1777355135,0.61,100.0,yes,"{""count_fp"":""100.00"",""created_time"":""2026-04-28T05:45:35.466025Z"",""no_price_dollars"":""0.3900"",""taker_side"":""yes"",""ticker"":""KXETH15M-26APR280200-00"",""trade_id"":""638b79f7-04a5-7ab8-dd01-c58448a22698"",""yes_price_dollars"":""0.6100""}"
KXETH15M-26APR280200-00,5c1af354-f2e9-7772-c11f-94519832f34d,1777355135,0.63,1.0,yes,"{""count_fp"":""1.00"",""created_time"":""2026-04-28T05:45:35.466025Z"",""no_price_dollars"":""0.3700"",""taker_side"":""yes"",""ticker"":""KXETH15M-26APR280200-00"",""trade_id"":""5c1af354-f2e9-7772-c11f-94519832f34d"",""yes_price_dollars"":""0.6300""}"
KXETH15M-26APR280200-00,4b86d562-5944-7e37-e16c-68ecca149b91,1777355135,0.6,10.0,yes,"{""count_fp"":""10.00"",""created_time"":""2026-04-28T05:45:35.466025Z"",""no_price_dollars"":""0.4000"",""taker_side"":""yes"",""ticker"":""KXETH15M-26APR280200-00"",""trade_id"":""4b86d562-5944-7e37-e16c-68ecca149b91"",""yes_price_dollars"":""0.6000""}"
KXETH15M-26APR280200-00,3f5fa2f6-d67c-7457-d60f-cb8231866a72,1777355135,0.63,40.65,yes,"{""count_fp"":""40.65"",""created_time"":""2026-04-28T05:45:35.466025Z"",""no_price_dollars"":""0.3700"",""taker_side"":""yes"",""ticker"":""KXETH15M-26APR280200-00"",""trade_id"":""3f5fa2f6-d67c-7457-d60f-cb8231866a72"",""yes_price_dollars"":""0.6300""}"
KXETH15M-26APR280200-00,6eda83c7-b372-7e02-67b0-74ced3ec02e5,1777355140,0.6,48.63,yes,"{""count_fp"":""48.63"",""created_time"":""2026-04-28T05:45:40.919894Z"",""no_price_dollars"":""0.4000"",""taker_side"":""yes"",""ticker"":""KXETH15M-26APR280200-00"",""trade_id"":""6eda83c7-b372-7e02-67b0-74ced3ec02e5"",""yes_price_dollars"":""0.6000""}"
KXETH15M-26APR280200-00,5929802c-4aa2-471c-46c7-a8312dccc965,1777355142,0.59,1.0,no,"{""count_fp"":""1.00"",""created_time"":""2026-04-28T05:45:42.588432Z"",""no_price_dollars"":""0.4100"",""taker_side"":""no"",""ticker"":""KXETH15M-26APR280200-00"",""trade_id"":""5929802c-4aa2-471c-46c7-a8312dccc965"",""yes_price_dollars"":""0.5900""}"
KXETH15M-26APR280200-00,e402a11e-f7e6-5e2c-008c-98c1b6b68e79,1777355142,0.59,10.65,no,"{""count_fp"":""10.65"",""created_time"":""2026-04-28T05:45:42.503724Z"",""no_price_dollars"":""0.4100"",""taker_side"":""no"",""ticker"":""KXETH15M-26APR280200-00"",""trade_id"":""e402a11e-f7e6-5e2c-008c-98c1b6b68e79"",""yes_price_dollars"":""0.5900""}"
KXETH15M-26APR280200-00,74f70550-5b9d-5c16-152c-7edc18f8edf6,1777355142,0.61,1.0,no,"{""count_fp"":""1.00"",""created_time"":""2026-04-28T05:45:42.503724Z"",""no_price_dollars"":""0.3900"",""taker_side"":""no"",""ticker"":""KXETH15M-26APR280200-00"",""trade_id"":""74f70550-5b9d-5c16-152c-7edc18f8edf6"",""yes_price_dollars"":""0.6100""}"
KXETH15M-26APR280200-00,9f080a97-c516-7c20-6b26-f589b7c03db9,1777355147,0.59,23.42,no,"{""count_fp"":""23.42"",""created_time"":""2026-04-28T05:45:47.973273Z"",""no_price_dollars"":""0.4100"",""taker_side"":""no"",""ticker"":""KXETH15M-26APR280200-00"",""trade_id"":""9f080a97-c516-7c20-6b26-f589b7c03db9"",""yes_price_dollars"":""0.5900""}"
KXETH15M-26APR280200-00,21fc94c1-70a2-6060-5d17-34de48ce3921,1777355151,0.59,164.0,no,"{""count_fp"":""164.00"",""created_time"":""2026-04-28T05:45:51.958851Z"",""no_price_dollars"":""0.4100"",""taker_side"":""no"",""ticker"":""KXETH15M-26APR280200-00"",""trade_id"":""21fc94c1-70a2-6060-5d17-34de48ce3921"",""yes_price_dollars"":""0.5900""}"
KXETH15M-26APR280200-00,e8646e7e-b3fd-7076-0677-f2ca9b7d3f65,1777355153,0.56,45.07,no,"{""count_fp"":""45.07"",""created_time"":""2026-04-28T05:45:53.197067Z"",""no_price_dollars"":""0.4400"",""taker_side"":""no"",""ticker"":""KXETH15M-26APR280200-00"",""trade_id"":""e8646e7e-b3fd-7076-0677-f2ca9b7d3f65"",""yes_price_dollars"":""0.5600""}"
KXETH15M-26APR280200-00,278e44a3-f23e-7c18-361a-6e7b4046cdd9,1777355153,0.59,0.93,no,"{""count_fp"":""0.93"",""created_time"":""2026-04-28T05:45:53.197067Z"",""no_price_dollars"":""0.4100"",""taker_side"":""no"",""ticker"":""KXETH15M-26APR280200-00"",""trade_id"":""278e44a3-f23e-7c18-361a-6e7b4046cdd9"",""yes_price_dollars"":""0.5900""}"
KXETH15M-26APR280200-00,934c7f39-bd36-42dc-77f5-00c4f3d73507,1777355156,0.54,3.93,no,"{""count_fp"":""3.93"",""created_time"":""2026-04-28T05:45:56.135067Z"",""no_price_dollars"":""0.4600"",""taker_side"":""no"",""ticker"":""KXETH15M-26APR280200-00"",""trade_id"":""934c7f39-bd36-42dc-77f5-00c4f3d73507"",""yes_price_dollars"":""0.5400""}"
KXETH15M-26APR280200-00,7e550903-31cd-5e94-a179-afa35a71e655,1777355157,0.53,4.08,no,"{""count_fp"":""4.08"",""created_time"":""2026-04-28T05:45:57.108487Z"",""no_price_dollars"":""0.4700"",""taker_side"":""no"",""ticker"":""KXETH15M-26APR280200-00"",""trade_id"":""7e550903-31cd-5e94-a179-afa35a71e655"",""yes_price_dollars"":""0.5300""}"
KXETH15M-26APR280200-00,f8167e85-7552-7b36-66d4-24580b81f6b9,1777355159,0.51,100.0,yes,"{""count_fp"":""100.00"",""created_time"":""2026-04-28T05:45:59.277161Z"",""no_price_dollars"":""0.4900"",""taker_side"":""yes"",""ticker"":""KXETH15M-26APR280200-00"",""trade_id"":""f8167e85-7552-7b36-66d4-24580b81f6b9"",""yes_price_dollars"":""0.5100""}"
KXETH15M-26APR280200-00,720f7e62-9db3-749e-6942-e3676a85a2dd,1777355159,0.51,1.0,yes,"{""count_fp"":""1.00"",""created_time"":""2026-04-28T05:45:59.277161Z"",""no_price_dollars"":""0.4900"",""taker_side"":""yes"",""ticker"":""KXETH15M-26APR280200-00"",""trade_id"":""720f7e62-9db3-749e-6942-e3676a85a2dd"",""yes_price_dollars"":""0.5100""}"
KXETH15M-26APR280200-00,ba0c616b-eda4-712d-e6b7-c2a23efbe290,1777355160,0.51,10.0,yes,"{""count_fp"":""10.00"",""created_time"":""2026-04-28T05:46:00.312954Z"",""no_price_dollars"":""0.4900"",""taker_side"":""yes"",""ticker"":""KXETH15M-26APR280200-00"",""trade_id"":""ba0c616b-eda4-712d-e6b7-c2a23efbe290"",""yes_price_dollars"":""0.5100""}"
KXETH15M-26APR280200-00,61985c28-9f7f-747a-d5d1-1432dd32d715,1777355160,0.51,100.0,yes,"{""count_fp"":""100.00"",""created_time"":""2026-04-28T05:46:00.312954Z"",""no_price_dollars"":""0.4900"",""taker_side"":""yes"",""ticker"":""KXETH15M-26APR280200-00"",""trade_id"":""61985c28-9f7f-747a-d5d1-1432dd32d715"",""yes_price_dollars"":""0.5100""}"
KXETH15M-26APR280200-00,ce87d878-87a5-72b2-d1b1-a7243d3aff58,1777355162,0.54,6.07,yes,"{""count_fp"":""6.07"",""created_time"":""2026-04-28T05:46:02.131662Z"",""no_price_dollars"":""0.4600"",""taker_side"":""yes"",""ticker"":""KXETH15M-26APR280200-00"",""trade_id"":""ce87d878-87a5-72b2-d1b1-a7243d3aff58"",""yes_price_dollars"":""0.5400""}"
KXETH15M-26APR280200-00,6dcd7b15-9b5d-7c12-f312-99c1d33469b5,1777355162,0.56,33.93,yes,"{""count_fp"":""33.93"",""created_time"":""2026-04-28T05:46:02.131662Z"",""no_price_dollars"":""0.4400"",""taker_side"":""yes"",""ticker"":""KXETH15M-26APR280200-00"",""trade_id"":""6dcd7b15-9b5d-7c12-f312-99c1d33469b5"",""yes_price_dollars"":""0.5600""}"
KXETH15M-26APR280200-00,62fd6c8a-9326-5e77-cefb-3b9cd98f46ec,1777355164,0.55,1.0,yes,"{""count_fp"":""1.00"",""created_time"":""2026-04-28T05:46:04.139474Z"",""no_price_dollars"":""0.4500"",""taker_side"":""yes"",""ticker"":""KXETH15M-26APR280200-00"",""trade_id"":""62fd6c8a-9326-5e77-cefb-3b9cd98f46ec"",""yes_price_dollars"":""0.5500""}"
KXETH15M-26APR280200-00,108be6d4-af58-5037-eb9d-e6653d109d79,1777355164,0.56,10.0,yes,"{""count_fp"":""10.00"",""created_time"":""2026-04-28T05:46:04.139474Z"",""no_price_dollars"":""0.4400"",""taker_side"":""yes"",""ticker"":""KXETH15M-26APR280200-00"",""trade_id"":""108be6d4-af58-5037-eb9d-e6653d109d79"",""yes_price_dollars"":""0.5600""}"
KXETH15M-26APR280200-00,c3e4fc56-37a7-5bd8-4425-bf20b87c3c8f,1777355166,0.57,1.0,no,"{""count_fp"":""1.00"",""created_time"":""2026-04-28T05:46:06.654974Z"",""no_price_dollars"":""0.4300"",""taker_side"":""no"",""ticker"":""KXETH15M-26APR280200-00"",""trade_id"":""c3e4fc56-37a7-5bd8-4425-bf20b87c3c8f"",""yes_price_dollars"":""0.5700""}"
KXETH15M-26APR280200-00,20d34e0b-2db3-5a0c-4877-98f3a89194a5,1777355166,0.55,92.0,no,"{""count_fp"":""92.00"",""created_time"":""2026-04-28T05:46:06.654974Z"",""no_price_dollars"":""0.4500"",""taker_side"":""no"",""ticker"":""KXETH15M-26APR280200-00"",""trade_id"":""20d34e0b-2db3-5a0c-4877-98f3a89194a5"",""yes_price_dollars"":""0.5500""}"
KXETH15M-26APR280200-00,06044d0d-aae4-56b1-6165-4f72d8830eea,1777355166,0.56,10.0,no,"{""count_fp"":""10.00"",""created_time"":""2026-04-28T05:46:06.654974Z"",""no_price_dollars"":""0.4400"",""taker_side"":""no"",""ticker"":""KXETH15M-26APR280200-00"",""trade_id"":""06044d0d-aae4-56b1-6165-4f72d8830eea"",""yes_price_dollars"":""0.5600""}"
KXETH15M-26APR280200-00,04f477af-9773-688e-6841-adc70826f919,1777355167,0.57,1.0,no,"{""count_fp"":""1.00"",""created_time"":""2026-04-28T05:46:07.201952Z"",""no_price_dollars"":""0.4300"",""taker_side"":""no"",""ticker"":""KXETH15M-26APR280200-00"",""trade_id"":""04f477af-9773-688e-6841-adc70826f919"",""yes_price_dollars"":""0.5700""}"
KXETH15M-26APR280200-00,e22b7f73-3a31-6eba-9fe6-5358f6d3bd3d,1777355168,0.59,100.0,yes,"{""count_fp"":""100.00"",""created_time"":""2026-04-28T05:46:08.443023Z"",""no_price_dollars"":""0.4100"",""taker_side"":""yes"",""ticker"":""KXETH15M-26APR280200-00"",""trade_id"":""e22b7f73-3a31-6eba-9fe6-5358f6d3bd3d"",""yes_price_dollars"":""0.5900""}"
KXETH15M-26APR280200-00,d0bc7ff9-7857-659a-b671-1f3379e64365,1777355168,0.58,10.0,yes,"{""count_fp"":""10.00"",""created_time"":""2026-04-28T05:46:08.443023Z"",""no_price_dollars"":""0.4200"",""taker_side"":""yes"",""ticker"":""KXETH15M-26APR280200-00"",""trade_id"":""d0bc7ff9-7857-659a-b671-1f3379e64365"",""yes_price_dollars"":""0.5800""}"
KXETH15M-26APR280200-00,787e2dcc-1f6d-6cc4-b241-01dc04955912,1777355168,0.6,41.8,yes,"{""count_fp"":""41.80"",""created_time"":""2026-04-28T05:46:08.443023Z"",""no_price_dollars"":""0.4000"",""taker_side"":""yes"",""ticker"":""KXETH15M-26APR280200-00"",""trade_id"":""787e2dcc-1f6d-6cc4-b241-01dc04955912"",""yes_price_dollars"":""0.6000""}"
KXETH15M-26APR280200-00,684a84c3-3718-6b57-bfcc-419c0d558379,1777355168,0.59,10.0,yes,"{""count_fp"":""10.00"",""created_time"":""2026-04-28T05:46:08.443023Z"",""no_price_dollars"":""0.4100"",""taker_side"":""yes"",""ticker"":""KXETH15M-26APR280200-00"",""trade_id"":""684a84c3-3718-6b57-bfcc-419c0d558379"",""yes_price_dollars"":""0.5900""}"
KXETH15M-26APR280200-00,efee3fc4-cb70-4d6e-c158-25ba95f76631,1777355170,0.57,10.0,no,"{""count_fp"":""10.00"",""created_time"":""2026-04-28T05:46:10.659433Z"",""no_price_dollars"":""0.4300"",""taker_side"":""no"",""ticker"":""KXETH15M-26APR280200-00"",""trade_id"":""efee3fc4-cb70-4d6e-c158-25ba95f76631"",""yes_price_dollars"":""0.5700""}"
KXETH15M-26APR280200-00,eeaf1101-a4b2-42d5-f56e-d8f15dc24aaf,1777355170,0.57,1.0,no,"{""count_fp"":""1.00"",""created_time"":""2026-04-28T05:46:10.659433Z"",""no_price_dollars"":""0.4300"",""taker_side"":""no"",""ticker"":""KXETH15M-26APR280200-00"",""trade_id"":""eeaf1101-a4b2-42d5-f56e-d8f15dc24aaf"",""yes_price_dollars"":""0.5700""}"
KXETH15M-26APR280200-00,5ec5433c-8d39-46a0-caa5-10002e7462cc,1777355170,0.58,32.0,no,"{""count_fp"":""32.00"",""created_time"":""2026-04-28T05:46:10.659433Z"",""no_price_dollars"":""0.4200"",""taker_side"":""no"",""ticker"":""KXETH15M-26APR280200-00"",""trade_id"":""5ec5433c-8d39-46a0-caa5-10002e7462cc"",""yes_price_dollars"":""0.5800""}"
KXETH15M-26APR280200-00,50c8b30c-31a7-50b4-e510-5b2b8db3c789,1777355172,0.56,3.27,no,"{""count_fp"":""3.27"",""created_time"":""2026-04-28T05:46:12.517612Z"",""no_price_dollars"":""0.4400"",""taker_side"":""no"",""ticker"":""KXETH15M-26APR280200-00"",""trade_id"":""50c8b30c-31a7-50b4-e510-5b2b8db3c789"",""yes_price_dollars"":""0.5600""}"
KXETH15M-26APR280200-00,4305037b-6b7a-5706-f140-de8e8e2b927a,1777355172,0.58,1.0,no,"{""count_fp"":""1.00"",""created_time"":""2026-04-28T05:46:12.517612Z"",""no_price_dollars"":""0.4200"",""taker_side"":""no"",""ticker"":""KXETH15M-26APR280200-00"",""trade_id"":""4305037b-6b7a-5706-f140-de8e8e2b927a"",""yes_price_dollars"":""0.5800""}"
KXETH15M-26APR280200-00,ce991fce-9d53-4aad-35ef-299febfac89a,1777355174,0.58,1.0,no,"{""count_fp"":""1.00"",""created_time"":""2026-04-28T05:46:14.058602Z"",""no_price_dollars"":""0.4200"",""taker_side"":""no"",""ticker"":""KXETH15M-26APR280200-00"",""trade_id"":""ce991fce-9d53-4aad-35ef-299febfac89a"",""yes_price_dollars"":""0.5800""}"
KXETH15M-26APR280200-00,716f4280-6c34-488a-1fdf-3a6710cf4606,1777355174,0.57,11.18,no,"{""count_fp"":""11.18"",""created_time"":""2026-04-28T05:46:14.058602Z"",""no_price_dollars"":""0.4300"",""taker_side"":""no"",""ticker"":""KXETH15M-26APR280200-00"",""trade_id"":""716f4280-6c34-488a-1fdf-3a6710cf4606"",""yes_price_dollars"":""0.5700""}"
KXETH15M-26APR280200-00,afc9a6ac-b023-6354-2ec8-4f6606928719,1777355175,0.57,2.0,no,"{""count_fp"":""2.00"",""created_time"":""2026-04-28T05:46:15.648053Z"",""no_price_dollars"":""0.4300"",""taker_side"":""no"",""ticker"":""KXETH15M-26APR280200-00"",""trade_id"":""afc9a6ac-b023-6354-2ec8-4f6606928719"",""yes_price_dollars"":""0.5700""}"
KXETH15M-26APR280200-00,a1da1283-4a1b-77a0-5139-d53a30509595,1777355177,0.57,172.0,no,"{""count_fp"":""172.00"",""created_time"":""2026-04-28T05:46:17.438937Z"",""no_price_dollars"":""0.4300"",""taker_side"":""no"",""ticker"":""KXETH15M-26APR280200-00"",""trade_id"":""a1da1283-4a1b-77a0-5139-d53a30509595"",""yes_price_dollars"":""0.5700""}"
KXETH15M-26APR280200-00,f40d576a-a5ab-7200-2f7a-43c1ab956ba5,1777355177,0.57,1.0,no,"{""count_fp"":""1.00"",""created_time"":""2026-04-28T05:46:17.081985Z"",""no_price_dollars"":""0.4300"",""taker_side"":""no"",""ticker"":""KXETH15M-26APR280200-00"",""trade_id"":""f40d576a-a5ab-7200-2f7a-43c1ab956ba5"",""yes_price_dollars"":""0.5700""}"
KXETH15M-26APR280200-00,3f689f96-233f-7b8c-6c45-38d1075315a5,1777355177,0.57,1.0,no,"{""count_fp"":""1.00"",""created_time"":""2026-04-28T05:46:17.002746Z"",""no_price_dollars"":""0.4300"",""taker_side"":""no"",""ticker"":""KXETH15M-26APR280200-00"",""trade_id"":""3f689f96-233f-7b8c-6c45-38d1075315a5"",""yes_price_dollars"":""0.5700""}"
KXETH15M-26APR280200-00,616f8e52-d89c-649b-1a73-06cd6ee92b31,1777355178,0.58,3.29,yes,"{""count_fp"":""3.29"",""created_time"":""2026-04-28T05:46:18.921095Z"",""no_price_dollars"":""0.4200"",""taker_side"":""yes"",""ticker"":""KXETH15M-26APR280200-00"",""trade_id"":""616f8e52-d89c-649b-1a73-06cd6ee92b31"",""yes_price_dollars"":""0.5800""}"
KXETH15M-26APR280200-00,a294281a-de75-5f38-450b-e62e9a6d093a,1777355184,0.6,2.0,yes,"{""count_fp"":""2.00"",""created_time"":""2026-04-28T05:46:24.696964Z"",""no_price_dollars"":""0.4000"",""taker_side"":""yes"",""ticker"":""KXETH15M-26APR280200-00"",""trade_id"":""a294281a-de75-5f38-450b-e62e9a6d093a"",""yes_price_dollars"":""0.6000""}"
KXETH15M-26APR280200-00,8bfa22de-2202-4886-d283-2146412f2bd3,1777355187,0.59,0.8,no,"{""count_fp"":""0.80"",""created_time"":""2026-04-28T05:46:27.516186Z"",""no_price_dollars"":""0.4100"",""taker_side"":""no"",""ticker"":""KXETH15M-26APR280200-00"",""trade_id"":""8bfa22de-2202-4886-d283-2146412f2bd3"",""yes_price_dollars"":""0.5900""}"
KXETH15M-26APR280200-00,48b7b1ce-be45-49ce-e1e0-6c771836c124,1777355187,0.57,1.0,no,"{""count_fp"":""1.00"",""created_time"":""2026-04-28T05:46:27.516186Z"",""no_price_dollars"":""0.4300"",""taker_side"":""no"",""ticker"":""KXETH15M-26APR280200-00"",""trade_id"":""48b7b1ce-be45-49ce-e1e0-6c771836c124"",""yes_price_dollars"":""0.5700""}"
KXETH15M-26APR280200-00,1aafb0c0-77fa-61ca-8e06-5dbe50b508ef,1777355187,0.59,10.0,no,"{""count_fp"":""10.00"",""created_time"":""2026-04-28T05:46:27.351255Z"",""no_price_dollars"":""0.4100"",""taker_side"":""no"",""ticker"":""KXETH15M-26APR280200-00"",""trade_id"":""1aafb0c0-77fa-61ca-8e06-5dbe50b508ef"",""yes_price_dollars"":""0.5900""}"
KXETH15M-26APR280200-00,12f7328e-517f-653b-bda5-4f27a1635c8e,1777355187,0.6,1.0,no,"{""count_fp"":""1.00"",""created_time"":""2026-04-28T05:46:27.351255Z"",""no_price_dollars"":""0.4000"",""taker_side"":""no"",""ticker"":""KXETH15M-26APR280200-00"",""trade_id"":""12f7328e-517f-653b-bda5-4f27a1635c8e"",""yes_price_dollars"":""0.6000""}"
KXETH15M-26APR280200-00,cd750408-851a-78ef-b2a5-47a345bdb57b,1777355189,0.57,61.8,yes,"{""count_fp"":""61.80"",""created_time"":""2026-04-28T05:46:29.565612Z"",""no_price_dollars"":""0.4300"",""taker_side"":""yes"",""ticker"":""KXETH15M-26APR280200-00"",""trade_id"":""cd750408-851a-78ef-b2a5-47a345bdb57b"",""yes_price_dollars"":""0.5700""}"
KXETH15M-26APR280200-00,c96792e1-a60e-7c41-80ea-1ae850d8bd7a,1777355189,0.57,0.2,yes,"{""count_fp"":""0.20"",""created_time"":""2026-04-28T05:46:29.565612Z"",""no_price_dollars"":""0.4300"",""taker_side"":""yes"",""ticker"":""KXETH15M-26APR280200-00"",""trade_id"":""c96792e1-a60e-7c41-80ea-1ae850d8bd7a"",""yes_price_dollars"":""0.5700""}"
KXETH15M-26APR280200-00,1554c43b-ec27-6f82-20fb-3495e3e18b35,1777355189,0.56,1.0,no,"{""count_fp"":""1.00"",""created_time"":""2026-04-28T05:46:29.454101Z"",""no_price_dollars"":""0.4400"",""taker_side"":""no"",""ticker"":""KXETH15M-26APR280200-00"",""trade_id"":""1554c43b-ec27-6f82-20fb-3495e3e18b35"",""yes_price_dollars"":""0.5600""}"
KXETH15M-26APR280200-00,a1b803ff-78c3-63b5-6259-8a59337b582b,1777355191,0.59,9.8,yes,"{""count_fp"":""9.80"",""created_time"":""2026-04-28T05:46:31.249383Z"",""no_price_dollars"":""0.4100"",""taker_side"":""yes"",""ticker"":""KXETH15M-26APR280200-00"",""trade_id"":""a1b803ff-78c3-63b5-6259-8a59337b582b"",""yes_price_dollars"":""0.5900""}"
KXETH15M-26APR280200-00,0cbd1cee-61ca-600b-48a5-661cc2d6aea7,1777355191,0.57,0.2,yes,"{""count_fp"":""0.20"",""created_time"":""2026-04-28T05:46:31.249383Z"",""no_price_dollars"":""0.4300"",""taker_side"":""yes"",""ticker"":""KXETH15M-26APR280200-00"",""trade_id"":""0cbd1cee-61ca-600b-48a5-661cc2d6aea7"",""yes_price_dollars"":""0.5700""}"
KXETH15M-26APR280200-00,66f36080-4dbc-4a14-50bc-547802e810e2,1777355192,0.62,5.0,yes,"{""count_fp"":""5.00"",""created_time"":""2026-04-28T05:46:32.382654Z"",""no_price_dollars"":""0.3800"",""taker_side"":""yes"",""ticker"":""KXETH15M-26APR280200-00"",""trade_id"":""66f36080-4dbc-4a14-50bc-547802e810e2"",""yes_price_dollars"":""0.6200""}"
KXETH15M-26APR280200-00,8369c87b-758e-770e-869f-8c796e2cabbe,1777355199,0.62,1.0,yes,"{""count_fp"":""1.00"",""created_time"":""2026-04-28T05:46:39.923818Z"",""no_price_dollars"":""0.3800"",""taker_side"":""yes"",""ticker"":""KXETH15M-26APR280200-00"",""trade_id"":""8369c87b-758e-770e-869f-8c796e2cabbe"",""yes_price_dollars"":""0.6200""}"
KXETH15M-26APR280200-00,c98422f5-bcab-52d0-9887-a44b520b7161,1777355200,0.59,1.0,no,"{""count_fp"":""1.00"",""created_time"":""2026-04-28T05:46:40.667245Z"",""no_price_dollars"":""0.4100"",""taker_side"":""no"",""ticker"":""KXETH15M-26APR280200-00"",""trade_id"":""c98422f5-bcab-52d0-9887-a44b520b7161"",""yes_price_dollars"":""0.5900""}"
KXETH15M-26APR280200-00,60b9119d-e004-789a-09cc-469b06786d77,1777355203,0.62,1.0,yes,"{""count_fp"":""1.00"",""created_time"":""2026-04-28T05:46:43.884835Z"",""no_price_dollars"":""0.3800"",""taker_side"":""yes"",""ticker"":""KXETH15M-26APR280200-00"",""trade_id"":""60b9119d-e004-789a-09cc-469b06786d77"",""yes_price_dollars"":""0.6200""}"
KXETH15M-26APR280200-00,df5bd0da-237c-7eee-717c-0539c000026b,1777355203,0.62,9.0,yes,"{""count_fp"":""9.00"",""created_time"":""2026-04-28T05:46:43.878333Z"",""no_price_dollars"":""0.3800"",""taker_side"":""yes"",""ticker"":""KXETH15M-26APR280200-00"",""trade_id"":""df5bd0da-237c-7eee-717c-0539c000026b"",""yes_price_dollars"":""0.6200""}"
KXETH15M-26APR280200-00,ba7399c8-cc1f-7edc-597b-d3ca23cc7f78,1777355203,0.62,10.0,yes,"{""count_fp"":""10.00"",""created_time"":""2026-04-28T05:46:43.878333Z"",""no_price_dollars"":""0.3800"",""taker_side"":""yes"",""ticker"":""KXETH15M-26APR280200-00"",""trade_id"":""ba7399c8-cc1f-7edc-597b-d3ca23cc7f78"",""yes_price_dollars"":""0.6200""}"
KXETH15M-26APR280200-00,858dc362-944f-59ac-cda5-7a848ae349d9,1777355204,0.62,28.0,no,"{""count_fp"":""28.00"",""created_time"":""2026-04-28T05:46:44.989949Z"",""no_price_dollars"":""0.3800"",""taker_side"":""no"",""ticker"":""KXETH15M-26APR280200-00"",""trade_id"":""858dc362-944f-59ac-cda5-7a848ae349d9"",""yes_price_dollars"":""0.6200""}"
KXETH15M-26APR280200-00,be2fe7bb-f58b-5fd0-2cbe-3898655eca05,1777355212,0.62,2.52,no,"{""count_fp"":""2.52"",""created_time"":""2026-04-28T05:46:52.330338Z"",""no_price_dollars"":""0.3800"",""taker_side"":""no"",""ticker"":""KXETH15M-26APR280200-00"",""trade_id"":""be2fe7bb-f58b-5fd0-2cbe-3898655eca05"",""yes_price_dollars"":""0.6200""}"
KXETH15M-26APR280200-00,9594d342-edcb-6ab8-4eb0-cab4b3c1b4ad,1777355213,0.62,25.21,no,"{""count_fp"":""25.21"",""created_time"":""2026-04-28T05:46:53.602947Z"",""no_price_dollars"":""0.3800"",""taker_side"":""no"",""ticker"":""KXETH15M-26APR280200-00"",""trade_id"":""9594d342-edcb-6ab8-4eb0-cab4b3c1b4ad"",""yes_price_dollars"":""0.6200""}"
KXETH15M-26APR280200-00,dd8781b8-64cc-5c9c-e028-18a100262942,1777355220,0.63,28.1,yes,"{""count_fp"":""28.10"",""created_time"":""2026-04-28T05:47:00.700576Z"",""no_price_dollars"":""0.3700"",""taker_side"":""yes"",""ticker"":""KXETH15M-26APR280200-00"",""trade_id"":""dd8781b8-64cc-5c9c-e028-18a100262942"",""yes_price_dollars"":""0.6300""}"
KXETH15M-26APR280200-00,c5a635ca-1a73-57ca-e107-9d677bb7b99b,1777355220,0.63,10.0,yes,"{""count_fp"":""10.00"",""created_time"":""2026-04-28T05:47:00.700576Z"",""no_price_dollars"":""0.3700"",""taker_side"":""yes"",""ticker"":""KXETH15M-26APR280200-00"",""trade_id"":""c5a635ca-1a73-57ca-e107-9d677bb7b99b"",""yes_price_dollars"":""0.6300""}"
KXETH15M-26APR280200-00,4d194eed-714d-4889-28e9-d3367cc0a858,1777355224,0.66,23.42,yes,"{""count_fp"":""23.42"",""created_time"":""2026-04-28T05:47:04.388713Z"",""no_price_dollars"":""0.3400"",""taker_side"":""yes"",""ticker"":""KXETH15M-26APR280200-00"",""trade_id"":""4d194eed-714d-4889-28e9-d3367cc0a858"",""yes_price_dollars"":""0.6600""}"
KXETH15M-26APR280200-00,310e208f-e7a5-7159-9855-e4a31e3b6310,1777355225,0.66,1.0,yes,"{""count_fp"":""1.00"",""created_time"":""2026-04-28T05:47:05.167684Z"",""no_price_dollars"":""0.3400"",""taker_side"":""yes"",""ticker"":""KXETH15M-26APR280200-00"",""trade_id"":""310e208f-e7a5-7159-9855-e4a31e3b6310"",""yes_price_dollars"":""0.6600""}"
KXETH15M-26APR280200-00,dcdf853c-38a6-778e-7cc0-b538f9850515,1777355229,0.67,6.0,no,"{""count_fp"":""6.00"",""created_time"":""2026-04-28T05:47:09.150242Z"",""no_price_dollars"":""0.3300"",""taker_side"":""no"",""ticker"":""KXETH15M-26APR280200-00"",""trade_id"":""dcdf853c-38a6-778e-7cc0-b538f9850515"",""yes_price_dollars"":""0.6700""}"
KXETH15M-26APR280200-00,ccc17d55-d108-7097-5cad-ead9e962acf8,1777355229,0.66,3.94,no,"{""count_fp"":""3.94"",""created_time"":""2026-04-28T05:47:09.150242Z"",""no_price_dollars"":""0.3400"",""taker_side"":""no"",""ticker"":""KXETH15M-26APR280200-00"",""trade_id"":""ccc17d55-d108-7097-5cad-ead9e962acf8"",""yes_price_dollars"":""0.6600""}"
KXETH15M-26APR280200-00,a75f4040-2ac0-7e21-6c86-38787da1a31b,1777355229,0.66,1.0,no,"{""count_fp"":""1.00"",""created_time"":""2026-04-28T05:47:09.150242Z"",""no_price_dollars"":""0.3400"",""taker_side"":""no"",""ticker"":""KXETH15M-26APR280200-00"",""trade_id"":""a75f4040-2ac0-7e21-6c86-38787da1a31b"",""yes_price_dollars"":""0.6600""}"
KXETH15M-26APR280200-00,65ea9940-0994-555f-ac54-d9878b7ff0d6,1777355230,0.66,9.29,no,"{""count_fp"":""9.29"",""created_time"":""2026-04-28T05:47:10.757176Z"",""no_price_dollars"":""0.3400"",""taker_side"":""no"",""ticker"":""KXETH15M-26APR280200-00"",""trade_id"":""65ea9940-0994-555f-ac54-d9878b7ff0d6"",""yes_price_dollars"":""0.6600""}"
KXETH15M-26APR280200-00,63eb510d-0558-5417-8f3c-69e1db4133ac,1777355230,0.66,6.71,no,"{""count_fp"":""6.71"",""created_time"":""2026-04-28T05:47:10.757176Z"",""no_price_dollars"":""0.3400"",""taker_side"":""no"",""ticker"":""KXETH15M-26APR280200-00"",""trade_id"":""63eb510d-0558-5417-8f3c-69e1db4133ac"",""yes_price_dollars"":""0.6600""}"
KXETH15M-26APR280200-00,a2e37c9a-a6b8-6416-6b33-e6d9816b80d4,1777355230,0.68,3.0,yes,"{""count_fp"":""3.00"",""created_time"":""2026-04-28T05:47:10.228067Z"",""no_price_dollars"":""0.3200"",""taker_side"":""yes"",""ticker"":""KXETH15M-26APR280200-00"",""trade_id"":""a2e37c9a-a6b8-6416-6b33-e6d9816b80d4"",""yes_price_dollars"":""0.6800""}"
KXETH15M-26APR280200-00,becb5ff3-25ea-79d0-0269-2d0a1fb125d5,1777355231,0.65,3.0,yes,"{""count_fp"":""3.00"",""created_time"":""2026-04-28T05:47:11.159078Z"",""no_price_dollars"":""0.3500"",""taker_side"":""yes"",""ticker"":""KXETH15M-26APR280200-00"",""trade_id"":""becb5ff3-25ea-79d0-0269-2d0a1fb125d5"",""yes_price_dollars"":""0.6500""}"
KXETH15M-26APR280200-00,c6e2d9cb-39b4-7132-992a-c7bb2f9745d9,1777355233,0.67,18.81,yes,"{""count_fp"":""18.81"",""created_time"":""2026-04-28T05:47:13.552872Z"",""no_price_dollars"":""0.3300"",""taker_side"":""yes"",""ticker"":""KXETH15M-26APR280200-00"",""trade_id"":""c6e2d9cb-39b4-7132-992a-c7bb2f9745d9"",""yes_price_dollars"":""0.6700""}"
KXETH15M-26APR280200-00,6c6ede67-e238-7d2c-b50e-6e6a59cf45f6,1777355233,0.66,100.0,yes,"{""count_fp"":""100.00"",""created_time"":""2026-04-28T05:47:13.552872Z"",""no_price_dollars"":""0.3400"",""taker_side"":""yes"",""ticker"":""KXETH15M-26APR280200-00"",""trade_id"":""6c6ede67-e238-7d2c-b50e-6e6a59cf45f6"",""yes_price_dollars"":""0.6600""}"
KXETH15M-26APR280200-00,6180c347-5a89-78a0-9dcf-ccd8e318ac92,1777355233,0.67,18.2,yes,"{""count_fp"":""18.20"",""created_time"":""2026-04-28T05:47:13.552872Z"",""no_price_dollars"":""0.3300"",""taker_side"":""yes"",""ticker"":""KXETH15M-26APR280200-00"",""trade_id"":""6180c347-5a89-78a0-9dcf-ccd8e318ac92"",""yes_price_dollars"":""0.6700""}"
KXETH15M-26APR280200-00,45e37f53-6934-7fd2-8289-2e4b049bdd42,1777355233,0.67,10.0,yes,"{""count_fp"":""10.00"",""created_time"":""2026-04-28T05:47:13.552872Z"",""no_price_dollars"":""0.3300"",""taker_side"":""yes"",""ticker"":""KXETH15M-26APR280200-00"",""trade_id"":""45e37f53-6934-7fd2-8289-2e4b049bdd42"",""yes_price_dollars"":""0.6700""}"
KXETH15M-26APR280200-00,dd780027-cdff-7009-a002-1a9b49e5d487,1777355250,0.66,1.0,no,"{""count_fp"":""1.00"",""created_time"":""2026-04-28T05:47:30.977122Z"",""no_price_dollars"":""0.3400"",""taker_side"":""no"",""ticker"":""KXETH15M-26APR280200-00"",""trade_id"":""dd780027-cdff-7009-a002-1a9b49e5d487"",""yes_price_dollars"":""0.6600""}"
KXETH15M-26APR280200-00,cb5fb2e8-ea0c-74fe-893e-c6cefd8311bf,1777355250,0.64,2.0,no,"{""count_fp"":""2.00"",""created_time"":""2026-04-28T05:47:30.977122Z"",""no_price_dollars"":""0.3600"",""taker_side"":""no"",""ticker"":""KXETH15M-26APR280200-00"",""trade_id"":""cb5fb2e8-ea0c-74fe-893e-c6cefd8311bf"",""yes_price_dollars"":""0.6400""}"
KXETH15M-26APR280200-00,45ab0e38-d868-7bd9-977f-012032d822a9,1777355250,0.64,1.0,no,"{""count_fp"":""1.00"",""created_time"":""2026-04-28T05:47:30.977122Z"",""no_price_dollars"":""0.3600"",""taker_side"":""no"",""ticker"":""KXETH15M-26APR280200-00"",""trade_id"":""45ab0e38-d868-7bd9-977f-012032d822a9"",""yes_price_dollars"":""0.6400""}"
KXETH15M-26APR280200-00,18a1ee4a-b2a9-450b-2051-1cf3fe8c7528,1777355251,0.67,1.0,yes,"{""count_fp"":""1.00"",""created_time"":""2026-04-28T05:47:31.649744Z"",""no_price_dollars"":""0.3300"",""taker_side"":""yes"",""ticker"":""KXETH15M-26APR280200-00"",""trade_id"":""18a1ee4a-b2a9-450b-2051-1cf3fe8c7528"",""yes_price_dollars"":""0.6700""}"
KXETH15M-26APR280200-00,f422aa91-c38c-4fb6-55b5-c2c16dda2f3f,1777355253,0.63,4.0,no,"{""count_fp"":""4.00"",""created_time"":""2026-04-28T05:47:33.421602Z"",""no_price_dollars"":""0.3700"",""taker_side"":""no"",""ticker"":""KXETH15M-26APR280200-00"",""trade_id"":""f422aa91-c38c-4fb6-55b5-c2c16dda2f3f"",""yes_price_dollars"":""0.6300""}"
KXETH15M-26APR280200-00,7509515b-27b9-77e7-7d7f-35cfa84c8aa2,1777355256,0.66,4.0,no,"{""count_fp"":""4.00"",""created_time"":""2026-04-28T05:47:36.413273Z"",""no_price_dollars"":""0.3400"",""taker_side"":""no"",""ticker"":""KXETH15M-26APR280200-00"",""trade_id"":""7509515b-27b9-77e7-7d7f-35cfa84c8aa2"",""yes_price_dollars"":""0.6600""}"
KXETH15M-26APR280200-00,fe3d03ae-1bf5-5cd7-fa87-7835c572633a,1777355257,0.66,2.0,no,"{""count_fp"":""2.00"",""created_time"":""2026-04-28T05:47:37.397482Z"",""no_price_dollars"":""0.3400"",""taker_side"":""no"",""ticker"":""KXETH15M-26APR280200-00"",""trade_id"":""fe3d03ae-1bf5-5cd7-fa87-7835c572633a"",""yes_price_dollars"":""0.6600""}"
KXETH15M-26APR280200-00,56c3f285-a8d2-6131-5b3e-2e6ad49a8e49,1777355258,0.65,2.0,yes,"{""count_fp"":""2.00"",""created_time"":""2026-04-28T05:47:38.275095Z"",""no_price_dollars"":""0.3500"",""taker_side"":""yes"",""ticker"":""KXETH15M-26APR280200-00"",""trade_id"":""56c3f285-a8d2-6131-5b3e-2e6ad49a8e49"",""yes_price_dollars"":""0.6500""}"
KXETH15M-26APR280200-00,53ea1dbb-d1ab-6f85-40ba-235ce1db00c3,1777355258,0.65,38.0,yes,"{""count_fp"":""38.00"",""created_time"":""2026-04-28T05:47:38.275095Z"",""no_price_dollars"":""0.3500"",""taker_side"":""yes"",""ticker"":""KXETH15M-26APR280200-00"",""trade_id"":""53ea1dbb-d1ab-6f85-40ba-235ce1db00c3"",""yes_price_dollars"":""0.6500""}"
KXETH15M-26APR280200-00,4cbb8591-06a3-6351-6f80-6cf0a719bbb7,1777355263,0.63,41.77,yes,"{""count_fp"":""41.77"",""created_time"":""2026-04-28T05:47:43.012338Z"",""no_price_dollars"":""0.3700"",""taker_side"":""yes"",""ticker"":""KXETH15M-26APR280200-00"",""trade_id"":""4cbb8591-06a3-6351-6f80-6cf0a719bbb7"",""yes_price_dollars"":""0.6300""}"
KXETH15M-26APR280200-00,4197cd27-9e29-5406-5344-326f499a7e0c,1777355265,0.65,2.95,yes,"{""count_fp"":""2.95"",""created_time"":""2026-04-28T05:47:45.508241Z"",""no_price_dollars"":""0.3500"",""taker_side"":""yes"",""ticker"":""KXETH15M-26APR280200-00"",""trade_id"":""4197cd27-9e29-5406-5344-326f499a7e0c"",""yes_price_dollars"":""0.6500""}"
KXETH15M-26APR280200-00,7c9ba867-7cd9-5982-618b-c6307c98d0d2,1777355265,0.64,10.0,yes,"{""count_fp"":""10.00"",""created_time"":""2026-04-28T05:47:45.027478Z"",""no_price_dollars"":""0.3600"",""taker_side"":""yes"",""ticker"":""KXETH15M-26APR280200-00"",""trade_id"":""7c9ba867-7cd9-5982-618b-c6307c98d0d2"",""yes_price_dollars"":""0.6400""}"
KXETH15M-26APR280200-00,3e1b27fe-030b-423c-5a99-6f01cf76e929,1777355267,0.64,4.0,no,"{""count_fp"":""4.00"",""created_time"":""2026-04-28T05:47:47.986537Z"",""no_price_dollars"":""0.3600"",""taker_side"":""no"",""ticker"":""KXETH15M-26APR280200-00"",""trade_id"":""3e1b27fe-030b-423c-5a99-6f01cf76e929"",""yes_price_dollars"":""0.6400""}"
KXETH15M-26APR280200-00,d72c7567-3743-5d38-d573-80fee667b869,1777355269,0.64,4.0,no,"{""count_fp"":""4.00"",""created_time"":""2026-04-28T05:47:49.410519Z"",""no_price_dollars"":""0.3600"",""taker_side"":""no"",""ticker"":""KXETH15M-26APR280200-00"",""trade_id"":""d72c7567-3743-5d38-d573-80fee667b869"",""yes_price_dollars"":""0.6400""}"
KXETH15M-26APR280200-00,53585afb-97cf-74f9-398d-8168fb4ae27c,1777355271,0.64,10.0,no,"{""count_fp"":""10.00"",""created_time"":""2026-04-28T05:47:51.656166Z"",""no_price_dollars"":""0.3600"",""taker_side"":""no"",""ticker"":""KXETH15M-26APR280200-00"",""trade_id"":""53585afb-97cf-74f9-398d-8168fb4ae27c"",""yes_price_dollars"":""0.6400""}"
KXETH15M-26APR280200-00,a6913eaf-e909-5399-c732-511f8f937157,1777355271,0.65,4.0,yes,"{""count_fp"":""4.00"",""created_time"":""2026-04-28T05:47:51.579006Z"",""no_price_dollars"":""0.3500"",""taker_side"":""yes"",""ticker"":""KXETH15M-26APR280200-00"",""trade_id"":""a6913eaf-e909-5399-c732-511f8f937157"",""yes_price_dollars"":""0.6500""}"
KXETH15M-26APR280200-00,97bee643-3b05-519e-d498-5df3f3aac630,1777355271,0.65,1.05,yes,"{""count_fp"":""1.05"",""created_time"":""2026-04-28T05:47:51.579006Z"",""no_price_dollars"":""0.3500"",""taker_side"":""yes"",""ticker"":""KXETH15M-26APR280200-00"",""trade_id"":""97bee643-3b05-519e-d498-5df3f3aac630"",""yes_price_dollars"":""0.6500""}"
KXETH15M-26APR280200-00,2f6016b8-21d4-5c7e-d8c3-63fdbdf93b2b,1777355271,0.66,1.0,yes,"{""count_fp"":""1.00"",""created_time"":""2026-04-28T05:47:51.579006Z"",""no_price_dollars"":""0.3400"",""taker_side"":""yes"",""ticker"":""KXETH15M-26APR280200-00"",""trade_id"":""2f6016b8-21d4-5c7e-d8c3-63fdbdf93b2b"",""yes_price_dollars"":""0.6600""}"
KXETH15M-26APR280200-00,2a7159ea-b083-51a9-d349-34a9e7ea95c7,1777355271,0.67,5.6,yes,"{""count_fp"":""5.60"",""created_time"":""2026-04-28T05:47:51.579006Z"",""no_price_dollars"":""0.3300"",""taker_side"":""yes"",""ticker"":""KXETH15M-26APR280200-00"",""trade_id"":""2a7159ea-b083-51a9-d349-34a9e7ea95c7"",""yes_price_dollars"":""0.6700""}"
KXETH15M-26APR280200-00,942fe69d-9f14-5848-cb6c-3dd97a4fdbd6,1777355275,0.62,0.23,no,"{""count_fp"":""0.23"",""created_time"":""2026-04-28T05:47:55.257437Z"",""no_price_dollars"":""0.3800"",""taker_side"":""no"",""ticker"":""KXETH15M-26APR280200-00"",""trade_id"":""942fe69d-9f14-5848-cb6c-3dd97a4fdbd6"",""yes_price_dollars"":""0.6200""}"
KXETH15M-26APR280200-00,ee6d08c7-9a29-51f3-2f0e-36efaf1765a7,1777355276,0.65,1.0,yes,"{""count_fp"":""1.00"",""created_time"":""2026-04-28T05:47:56.149031Z"",""no_price_dollars"":""0.3500"",""taker_side"":""yes"",""ticker"":""KXETH15M-26APR280200-00"",""trade_id"":""ee6d08c7-9a29-51f3-2f0e-36efaf1765a7"",""yes_price_dollars"":""0.6500""}"
KXETH15M-26APR280200-00,84ebb74e-cdff-4be9-d476-3ba2e6e8003b,1777355280,0.64,20.0,yes,"{""count_fp"":""20.00"",""created_time"":""2026-04-28T05:48:00.067033Z"",""no_price_dollars"":""0.3600"",""taker_side"":""yes"",""ticker"":""KXETH15M-26APR280200-00"",""trade_id"":""84ebb74e-cdff-4be9-d476-3ba2e6e8003b"",""yes_price_dollars"":""0.6400""}"
KXETH15M-26APR280200-00,095ef96f-f4fe-585f-3c69-0750fdbb5622,1777355280,0.65,10.0,yes,"{""count_fp"":""10.00"",""created_time"":""2026-04-28T05:48:00.063355Z"",""no_price_dollars"":""0.3500"",""taker_side"":""yes"",""ticker"":""KXETH15M-26APR280200-00"",""trade_id"":""095ef96f-f4fe-585f-3c69-0750fdbb5622"",""yes_price_dollars"":""0.6500""}"
KXETH15M-26APR280200-00,a40160c8-885f-62e1-551d-073842127c15,1777355286,0.65,1.0,yes,"{""count_fp"":""1.00"",""created_time"":""2026-04-28T05:48:06.646475Z"",""no_price_dollars"":""0.3500"",""taker_side"":""yes"",""ticker"":""KXETH15M-26APR280200-00"",""trade_id"":""a40160c8-885f-62e1-551d-073842127c15"",""yes_price_dollars"":""0.6500""}"
KXETH15M-26APR280200-00,75a667ed-7cea-4f3f-cba9-b3db20c08083,1777355290,0.64,3.0,no,"{""count_fp"":""3.00"",""created_time"":""2026-04-28T05:48:10.183958Z"",""no_price_dollars"":""0.3600"",""taker_side"":""no"",""ticker"":""KXETH15M-26APR280200-00"",""trade_id"":""75a667ed-7cea-4f3f-cba9-b3db20c08083"",""yes_price_dollars"":""0.6400""}"
KXETH15M-26APR280200-00,fc1e4656-4f35-50f1-3cc3-99e72661005f,1777355290,0.65,1.0,yes,"{""count_fp"":""1.00"",""created_time"":""2026-04-28T05:48:10.124098Z"",""no_price_dollars"":""0.3500"",""taker_side"":""yes"",""ticker"":""KXETH15M-26APR280200-00"",""trade_id"":""fc1e4656-4f35-50f1-3cc3-99e72661005f"",""yes_price_dollars"":""0.6500""}"
KXETH15M-26APR280200-00,9983e639-2d35-5f82-2c9b-2146f660bf7a,1777355290,0.65,10.0,yes,"{""count_fp"":""10.00"",""created_time"":""2026-04-28T05:48:10.124098Z"",""no_price_dollars"":""0.3500"",""taker_side"":""yes"",""ticker"":""KXETH15M-26APR280200-00"",""trade_id"":""9983e639-2d35-5f82-2c9b-2146f660bf7a"",""yes_price_dollars"":""0.6500""}"
KXETH15M-26APR280200-00,5f9b9068-6e74-5558-0e24-c92a8bd9370f,1777355290,0.64,6.0,yes,"{""count_fp"":""6.00"",""created_time"":""2026-04-28T05:48:10.124098Z"",""no_price_dollars"":""0.3600"",""taker_side"":""yes"",""ticker"":""KXETH15M-26APR280200-00"",""trade_id"":""5f9b9068-6e74-5558-0e24-c92a8bd9370f"",""yes_price_dollars"":""0.6400""}"
KXETH15M-26APR280200-00,85fce67b-5273-4029-2c21-15e558198405,1777355292,0.67,33.0,yes,"{""count_fp"":""33.00"",""created_time"":""2026-04-28T05:48:12.102044Z"",""no_price_dollars"":""0.3300"",""taker_side"":""yes"",""ticker"":""KXETH15M-26APR280200-00"",""trade_id"":""85fce67b-5273-4029-2c21-15e558198405"",""yes_price_dollars"":""0.6700""}"
KXETH15M-26APR280200-00,1a1032a2-76e6-4de2-2af7-e84132cf13be,1777355292,0.66,5.0,yes,"{""count_fp"":""5.00"",""created_time"":""2026-04-28T05:48:12.102044Z"",""no_price_dollars"":""0.3400"",""taker_side"":""yes"",""ticker"":""KXETH15M-26APR280200-00"",""trade_id"":""1a1032a2-76e6-4de2-2af7-e84132cf13be"",""yes_price_dollars"":""0.6600""}"
KXETH15M-26APR280200-00,e1206824-99c9-501b-ed44-34250af5ffdf,1777355293,0.67,28.57,yes,"{""count_fp"":""28.57"",""created_time"":""2026-04-28T05:48:13.851002Z"",""no_price_dollars"":""0.3300"",""taker_side"":""yes"",""ticker"":""KXETH15M-26APR280200-00"",""trade_id"":""e1206824-99c9-501b-ed44-34250af5ffdf"",""yes_price_dollars"":""0.6700""}"
KXETH15M-26APR280200-00,573d79b3-c54f-5a6e-c31e-8a13420f1374,1777355293,0.67,1.0,yes,"{""count_fp"":""1.00"",""created_time"":""2026-04-28T05:48:13.851002Z"",""no_price_dollars"":""0.3300"",""taker_side"":""yes"",""ticker"":""KXETH15M-26APR280200-00"",""trade_id"":""573d79b3-c54f-5a6e-c31e-8a13420f1374"",""yes_price_dollars"":""0.6700""}"
KXETH15M-26APR280200-00,2b7aa563-6d47-567d-d012-1eaa18b8cb45,1777355293,0.66,100.0,yes,"{""count_fp"":""100.00"",""created_time"":""2026-04-28T05:48:13.851002Z"",""no_price_dollars"":""0.3400"",""taker_side"":""yes"",""ticker"":""KXETH15M-26APR280200-00"",""trade_id"":""2b7aa563-6d47-567d-d012-1eaa18b8cb45"",""yes_price_dollars"":""0.6600""}"
KXETH15M-26APR280200-00,d47efe22-fad8-620a-c679-b36edf3164b7,1777355293,0.64,3.0,no,"{""count_fp"":""3.00"",""created_time"":""2026-04-28T05:48:13.266794Z"",""no_price_dollars"":""0.3600"",""taker_side"":""no"",""ticker"":""KXETH15M-26APR280200-00"",""trade_id"":""d47efe22-fad8-620a-c679-b36edf3164b7"",""yes_price_dollars"":""0.6400""}"
KXETH15M-26APR280200-00,60e0c551-48f7-4c65-e776-16c9bd42f8f5,1777355293,0.68,31.0,yes,"{""count_fp"":""31.00"",""created_time"":""2026-04-28T05:48:13.029715Z"",""no_price_dollars"":""0.3200"",""taker_side"":""yes"",""ticker"":""KXETH15M-26APR280200-00"",""trade_id"":""60e0c551-48f7-4c65-e776-16c9bd42f8f5"",""yes_price_dollars"":""0.6800""}"
KXETH15M-26APR280200-00,16b9076b-c437-417e-db3e-198f1e4d01fb,1777355293,0.67,1.0,yes,"{""count_fp"":""1.00"",""created_time"":""2026-04-28T05:48:13.029715Z"",""no_price_dollars"":""0.3300"",""taker_side"":""yes"",""ticker"":""KXETH15M-26APR280200-00"",""trade_id"":""16b9076b-c437-417e-db3e-198f1e4d01fb"",""yes_price_dollars"":""0.6700""}"
KXETH15M-26APR280200-00,50a30292-0b5c-66d6-5d1e-75de71108717,1777355294,0.64,2.65,no,"{""count_fp"":""2.65"",""created_time"":""2026-04-28T05:48:14.584966Z"",""no_price_dollars"":""0.3600"",""taker_side"":""no"",""ticker"":""KXETH15M-26APR280200-00"",""trade_id"":""50a30292-0b5c-66d6-5d1e-75de71108717"",""yes_price_dollars"":""0.6400""}"
KXETH15M-26APR280200-00,5475f1fa-b1e0-5360-b80d-69839f4ae71e,1777355296,0.62,1.77,no,"{""count_fp"":""1.77"",""created_time"":""2026-04-28T05:48:16.519715Z"",""no_price_dollars"":""0.3800"",""taker_side"":""no"",""ticker"":""KXETH15M-26APR280200-00"",""trade_id"":""5475f1fa-b1e0-5360-b80d-69839f4ae71e"",""yes_price_dollars"":""0.6200""}"
KXETH15M-26APR280200-00,4464129e-fe90-5a6e-8932-e5450beab07f,1777355296,0.61,1.23,no,"{""count_fp"":""1.23"",""created_time"":""2026-04-28T05:48:16.519715Z"",""no_price_dollars"":""0.3900"",""taker_side"":""no"",""ticker"":""KXETH15M-26APR280200-00"",""trade_id"":""4464129e-fe90-5a6e-8932-e5450beab07f"",""yes_price_dollars"":""0.6100""}"
KXETH15M-26APR280200-00,b1eb69be-7370-7977-e3c6-3f5b7eac4241,1777355299,0.64,1.0,yes,"{""count_fp"":""1.00"",""created_time"":""2026-04-28T05:48:19.359084Z"",""no_price_dollars"":""0.3600"",""taker_side"":""yes"",""ticker"":""KXETH15M-26APR280200-00"",""trade_id"":""b1eb69be-7370-7977-e3c6-3f5b7eac4241"",""yes_price_dollars"":""0.6400""}"
KXETH15M-26APR280200-00,0376814e-0c2d-5afc-8a3f-18aa63c99523,1777355303,0.65,0.36,yes,"{""count_fp"":""0.36"",""created_time"":""2026-04-28T05:48:23.646059Z"",""no_price_dollars"":""0.3500"",""taker_side"":""yes"",""ticker"":""KXETH15M-26APR280200-00"",""trade_id"":""0376814e-0c2d-5afc-8a3f-18aa63c99523"",""yes_price_dollars"":""0.6500""}"
KXETH15M-26APR280200-00,c9c9ab86-d5db-5956-6699-ed84a60e6301,1777355304,0.66,28.17,yes,"{""count_fp"":""28.17"",""created_time"":""2026-04-28T05:48:24.319635Z"",""no_price_dollars"":""0.3400"",""taker_side"":""yes"",""ticker"":""KXETH15M-26APR280200-00"",""trade_id"":""c9c9ab86-d5db-5956-6699-ed84a60e6301"",""yes_price_dollars"":""0.6600""}"
KXETH15M-26APR280200-00,76cd46ad-3d30-5679-52ba-3c6cf3a78f4c,1777355304,0.64,1.0,yes,"{""count_fp"":""1.00"",""created_time"":""2026-04-28T05:48:24.319635Z"",""no_price_dollars"":""0.3600"",""taker_side"":""yes"",""ticker"":""KXETH15M-26APR280200-00"",""trade_id"":""76cd46ad-3d30-5679-52ba-3c6cf3a78f4c"",""yes_price_dollars"":""0.6400""}"
KXETH15M-26APR280200-00,f3c4dda4-40bc-419a-f188-c0839dec9a43,1777355306,0.63,2.58,no,"{""count_fp"":""2.58"",""created_time"":""2026-04-28T05:48:26.194512Z"",""no_price_dollars"":""0.3700"",""taker_side"":""no"",""ticker"":""KXETH15M-26APR280200-00"",""trade_id"":""f3c4dda4-40bc-419a-f188-c0839dec9a43"",""yes_price_dollars"":""0.6300""}"
KXETH15M-26APR280200-00,e5b309f9-b4bf-7c3e-6013-d34e0418ecd1,1777355307,0.67,10.0,yes,"{""count_fp"":""10.00"",""created_time"":""2026-04-28T05:48:27.803611Z"",""no_price_dollars"":""0.3300"",""taker_side"":""yes"",""ticker"":""KXETH15M-26APR280200-00"",""trade_id"":""e5b309f9-b4bf-7c3e-6013-d34e0418ecd1"",""yes_price_dollars"":""0.6700""}"
KXETH15M-26APR280200-00,8592e0d7-5ac8-75fb-7c36-8fea724c612d,1777355307,0.67,3.63,yes,"{""count_fp"":""3.63"",""created_time"":""2026-04-28T05:48:27.803611Z"",""no_price_dollars"":""0.3300"",""taker_side"":""yes"",""ticker"":""KXETH15M-26APR280200-00"",""trade_id"":""8592e0d7-5ac8-75fb-7c36-8fea724c612d"",""yes_price_dollars"":""0.6700""}"
KXETH15M-26APR280200-00,19025edf-d2cf-75ba-51e7-f6844bcb2a5f,1777355307,0.65,1.0,yes,"{""count_fp"":""1.00"",""created_time"":""2026-04-28T05:48:27.803611Z"",""no_price_dollars"":""0.3500"",""taker_side"":""yes"",""ticker"":""KXETH15M-26APR280200-00"",""trade_id"":""19025edf-d2cf-75ba-51e7-f6844bcb2a5f"",""yes_price_dollars"":""0.6500""}"
KXETH15M-26APR280200-00,4b1d45e2-e4ac-6872-bc44-334dd738285f,1777355315,0.66,1.0,yes,"{""count_fp"":""1.00"",""created_time"":""2026-04-28T05:48:35.556231Z"",""no_price_dollars"":""0.3400"",""taker_side"":""yes"",""ticker"":""KXETH15M-26APR280200-00"",""trade_id"":""4b1d45e2-e4ac-6872-bc44-334dd738285f"",""yes_price_dollars"":""0.6600""}"
KXETH15M-26APR280200-00,e5f0a071-fdfe-583e-158a-a73723e000ca,1777355315,0.66,10.65,no,"{""count_fp"":""10.65"",""created_time"":""2026-04-28T05:48:35.469064Z"",""no_price_dollars"":""0.3400"",""taker_side"":""no"",""ticker"":""KXETH15M-26APR280200-00"",""trade_id"":""e5f0a071-fdfe-583e-158a-a73723e000ca"",""yes_price_dollars"":""0.6600""}"
KXETH15M-26APR280200-00,caa1a91b-35ec-5a1d-036a-3d61147a508c,1777355315,0.66,3.0,no,"{""count_fp"":""3.00"",""created_time"":""2026-04-28T05:48:35.469064Z"",""no_price_dollars"":""0.3400"",""taker_side"":""no"",""ticker"":""KXETH15M-26APR280200-00"",""trade_id"":""caa1a91b-35ec-5a1d-036a-3d61147a508c"",""yes_price_dollars"":""0.6600""}"
KXETH15M-26APR280200-00,9181f9a6-c174-5271-1fb6-02deace1aa1f,1777355315,0.66,10.0,no,"{""count_fp"":""10.00"",""created_time"":""2026-04-28T05:48:35.469064Z"",""no_price_dollars"":""0.3400"",""taker_side"":""no"",""ticker"":""KXETH15M-26APR280200-00"",""trade_id"":""9181f9a6-c174-5271-1fb6-02deace1aa1f"",""yes_price_dollars"":""0.6600""}"
KXETH15M-26APR280200-00,bcdfa712-fac0-5a56-154c-facd2b207ebd,1777355316,0.72,1.0,yes,"{""count_fp"":""1.00"",""created_time"":""2026-04-28T05:48:36.791987Z"",""no_price_dollars"":""0.2800"",""taker_side"":""yes"",""ticker"":""KXETH15M-26APR280200-00"",""trade_id"":""bcdfa712-fac0-5a56-154c-facd2b207ebd"",""yes_price_dollars"":""0.7200""}"
KXETH15M-26APR280200-00,8ea3e0c2-df77-756c-eeaa-11483944cb5e,1777355316,0.7,1.0,yes,"{""count_fp"":""1.00"",""created_time"":""2026-04-28T05:48:36.736137Z"",""no_price_dollars"":""0.3000"",""taker_side"":""yes"",""ticker"":""KXETH15M-26APR280200-00"",""trade_id"":""8ea3e0c2-df77-756c-eeaa-11483944cb5e"",""yes_price_dollars"":""0.7000""}"
KXETH15M-26APR280200-00,05e1c29b-c2a4-7a86-dce0-d315d9217f5d,1777355316,0.71,8.0,yes,"{""count_fp"":""8.00"",""created_time"":""2026-04-28T05:48:36.736137Z"",""no_price_dollars"":""0.2900"",""taker_side"":""yes"",""ticker"":""KXETH15M-26APR280200-00"",""trade_id"":""05e1c29b-c2a4-7a86-dce0-d315d9217f5d"",""yes_price_dollars"":""0.7100""}"
KXETH15M-26APR280200-00,c5782de3-cf03-52d8-9d51-d546737587aa,1777355316,0.69,133.0,yes,"{""count_fp"":""133.00"",""created_time"":""2026-04-28T05:48:36.703061Z"",""no_price_dollars"":""0.3100"",""taker_side"":""yes"",""ticker"":""KXETH15M-26APR280200-00"",""trade_id"":""c5782de3-cf03-52d8-9d51-d546737587aa"",""yes_price_dollars"":""0.6900""}"
KXETH15M-26APR280200-00,4dcf20b5-6381-5ba5-ae97-a4baf73d3071,1777355316,0.69,200.0,yes,"{""count_fp"":""200.00"",""created_time"":""2026-04-28T05:48:36.703061Z"",""no_price_dollars"":""0.3100"",""taker_side"":""yes"",""ticker"":""KXETH15M-26APR280200-00"",""trade_id"":""4dcf20b5-6381-5ba5-ae97-a4baf73d3071"",""yes_price_dollars"":""0.6900""}"
KXETH15M-26APR280200-00,78a1440a-06c1-586a-359e-e527aa57aa91,1777355316,0.67,9.0,yes,"{""count_fp"":""9.00"",""created_time"":""2026-04-28T05:48:36.381801Z"",""no_price_dollars"":""0.3300"",""taker_side"":""yes"",""ticker"":""KXETH15M-26APR280200-00"",""trade_id"":""78a1440a-06c1-586a-359e-e527aa57aa91"",""yes_price_dollars"":""0.6700""}"
KXETH15M-26APR280200-00,50f05f11-f975-5f40-269a-7b590295b259,1777355316,0.67,1.0,yes,"{""count_fp"":""1.00"",""created_time"":""2026-04-28T05:48:36.381801Z"",""no_price_dollars"":""0.3300"",""taker_side"":""yes"",""ticker"":""KXETH15M-26APR280200-00"",""trade_id"":""50f05f11-f975-5f40-269a-7b590295b259"",""yes_price_dollars"":""0.6700""}"
KXETH15M-26APR280200-00,670002d1-ae95-7dac-fe49-aca054b4fce8,1777355318,0.76,1.0,yes,"{""count_fp"":""1.00"",""created_time"":""2026-04-28T05:48:38.172482Z"",""no_price_dollars"":""0.2400"",""taker_side"":""yes"",""ticker"":""KXETH15M-26APR280200-00"",""trade_id"":""670002d1-ae95-7dac-fe49-aca054b4fce8"",""yes_price_dollars"":""0.7600""}"
KXETH15M-26APR280200-00,d4b2c1e0-54c9-5594-8d9b-57b573e97698,1777355318,0.76,3.0,yes,"{""count_fp"":""3.00"",""created_time"":""2026-04-28T05:48:38.007614Z"",""no_price_dollars"":""0.2400"",""taker_side"":""yes"",""ticker"":""KXETH15M-26APR280200-00"",""trade_id"":""d4b2c1e0-54c9-5594-8d9b-57b573e97698"",""yes_price_dollars"":""0.7600""}"
KXETH15M-26APR280200-00,4bf953be-65d1-41f0-50ad-c0e8e4752f20,1777355321,0.76,1.0,yes,"{""count_fp"":""1.00"",""created_time"":""2026-04-28T05:48:41.704864Z"",""no_price_dollars"":""0.2400"",""taker_side"":""yes"",""ticker"":""KXETH15M-26APR280200-00"",""trade_id"":""4bf953be-65d1-41f0-50ad-c0e8e4752f20"",""yes_price_dollars"":""0.7600""}"
KXETH15M-26APR280200-00,5d8deee9-bbf4-660b-c8f1-0f293b3d956d,1777355330,0.68,13.99,yes,"{""count_fp"":""13.99"",""created_time"":""2026-04-28T05:48:50.673259Z"",""no_price_dollars"":""0.3200"",""taker_side"":""yes"",""ticker"":""KXETH15M-26APR280200-00"",""trade_id"":""5d8deee9-bbf4-660b-c8f1-0f293b3d956d"",""yes_price_dollars"":""0.6800""}"
KXETH15M-26APR280200-00,5db2361f-7aeb-68b6-5682-f5338896dfe1,1777355330,0.64,8.0,no,"{""count_fp"":""8.00"",""created_time"":""2026-04-28T05:48:50.537646Z"",""no_price_dollars"":""0.3600"",""taker_side"":""no"",""ticker"":""KXETH15M-26APR280200-00"",""trade_id"":""5db2361f-7aeb-68b6-5682-f5338896dfe1"",""yes_price_dollars"":""0.6400""}"
KXETH15M-26APR280200-00,474415de-9a9a-6084-7766-f09058c1c25e,1777355330,0.64,1.0,no,"{""count_fp"":""1.00"",""created_time"":""2026-04-28T05:48:50.537646Z"",""no_price_dollars"":""0.3600"",""taker_side"":""no"",""ticker"":""KXETH15M-26APR280200-00"",""trade_id"":""474415de-9a9a-6084-7766-f09058c1c25e"",""yes_price_dollars"":""0.6400""}"
KXETH15M-26APR280200-00,dd130991-043f-6376-2563-e1ff1736ab04,1777355332,0.64,1.0,no,"{""count_fp"":""1.00"",""created_time"":""2026-04-28T05:48:52.871575Z"",""no_price_dollars"":""0.3600"",""taker_side"":""no"",""ticker"":""KXETH15M-26APR280200-00"",""trade_id"":""dd130991-043f-6376-2563-e1ff1736ab04"",""yes_price_dollars"":""0.6400""}"
KXETH15M-26APR280200-00,f8a98e1c-78c8-4ebb-8b5d-1f61b3de0751,1777355333,0.68,6.0,yes,"{""count_fp"":""6.00"",""created_time"":""2026-04-28T05:48:53.685699Z"",""no_price_dollars"":""0.3200"",""taker_side"":""yes"",""ticker"":""KXETH15M-26APR280200-00"",""trade_id"":""f8a98e1c-78c8-4ebb-8b5d-1f61b3de0751"",""yes_price_dollars"":""0.6800""}"
KXETH15M-26APR280200-00,a761368d-743c-73b7-2e8c-78febd378f81,1777355334,0.68,1.0,yes,"{""count_fp"":""1.00"",""created_time"":""2026-04-28T05:48:54.313707Z"",""no_price_dollars"":""0.3200"",""taker_side"":""yes"",""ticker"":""KXETH15M-26APR280200-00"",""trade_id"":""a761368d-743c-73b7-2e8c-78febd378f81"",""yes_price_dollars"":""0.6800""}"
KXETH15M-26APR280200-00,a0e3433a-658c-55ef-1ac1-2e78e3755050,1777355341,0.61,28.0,no,"{""count_fp"":""28.00"",""created_time"":""2026-04-28T05:49:01.156383Z"",""no_price_dollars"":""0.3900"",""taker_side"":""no"",""ticker"":""KXETH15M-26APR280200-00"",""trade_id"":""a0e3433a-658c-55ef-1ac1-2e78e3755050"",""yes_price_dollars"":""0.6100""}"
KXETH15M-26APR280200-00,78361c75-ad6e-4acf-3ccd-5f0f49a05e58,1777355341,0.62,10.0,no,"{""count_fp"":""10.00"",""created_time"":""2026-04-28T05:49:01.097423Z"",""no_price_dollars"":""0.3800"",""taker_side"":""no"",""ticker"":""KXETH15M-26APR280200-00"",""trade_id"":""78361c75-ad6e-4acf-3ccd-5f0f49a05e58"",""yes_price_dollars"":""0.6200""}"
KXETH15M-26APR280200-00,6373686d-291c-4d99-26c0-ae6e82fb4b41,1777355341,0.65,1.0,no,"{""count_fp"":""1.00"",""created_time"":""2026-04-28T05:49:01.097423Z"",""no_price_dollars"":""0.3500"",""taker_side"":""no"",""ticker"":""KXETH15M-26APR280200-00"",""trade_id"":""6373686d-291c-4d99-26c0-ae6e82fb4b41"",""yes_price_dollars"":""0.6500""}"
KXETH15M-26APR280200-00,514e7ff3-6df7-4f67-1965-fec064d8ebab,1777355341,0.62,1.0,no,"{""count_fp"":""1.00"",""created_time"":""2026-04-28T05:49:01.097423Z"",""no_price_dollars"":""0.3800"",""taker_side"":""no"",""ticker"":""KXETH15M-26APR280200-00"",""trade_id"":""514e7ff3-6df7-4f67-1965-fec064d8ebab"",""yes_price_dollars"":""0.6200""}"
KXETH15M-26APR280200-00,e6c82782-e0b1-5ebf-9486-3217a3a05d96,1777355349,0.65,20.0,yes,"{""count_fp"":""20.00"",""created_time"":""2026-04-28T05:49:09.598514Z"",""no_price_dollars"":""0.3500"",""taker_side"":""yes"",""ticker"":""KXETH15M-26APR280200-00"",""trade_id"":""e6c82782-e0b1-5ebf-9486-3217a3a05d96"",""yes_price_dollars"":""0.6500""}"
KXETH15M-26APR280200-00,fd9dfebf-b465-4d76-2e04-1d1275a6b6cc,1777355349,0.64,7.56,yes,"{""count_fp"":""7.56"",""created_time"":""2026-04-28T05:49:09.596217Z"",""no_price_dollars"":""0.3600"",""taker_side"":""yes"",""ticker"":""KXETH15M-26APR280200-00"",""trade_id"":""fd9dfebf-b465-4d76-2e04-1d1275a6b6cc"",""yes_price_dollars"":""0.6400""}"
KXETH15M-26APR280200-00,d348535d-6e37-44eb-1ade-1c6b4a982afb,1777355349,0.64,1.0,yes,"{""count_fp"":""1.00"",""created_time"":""2026-04-28T05:49:09.596217Z"",""no_price_dollars"":""0.3600"",""taker_side"":""yes"",""ticker"":""KXETH15M-26APR280200-00"",""trade_id"":""d348535d-6e37-44eb-1ade-1c6b4a982afb"",""yes_price_dollars"":""0.6400""}"
KXETH15M-26APR280200-00,0c8c8069-412d-4f17-0a83-9ad834e49d1a,1777355349,0.65,11.44,yes,"{""count_fp"":""11.44"",""created_time"":""2026-04-28T05:49:09.596217Z"",""no_price_dollars"":""0.3500"",""taker_side"":""yes"",""ticker"":""KXETH15M-26APR280200-00"",""trade_id"":""0c8c8069-412d-4f17-0a83-9ad834e49d1a"",""yes_price_dollars"":""0.6500""}"
KXETH15M-26APR280200-00,ace55822-a266-5988-e881-9c877deb09c9,1777355350,0.64,1.0,yes,"{""count_fp"":""1.00"",""created_time"":""2026-04-28T05:49:10.649205Z"",""no_price_dollars"":""0.3600"",""taker_side"":""yes"",""ticker"":""KXETH15M-26APR280200-00"",""trade_id"":""ace55822-a266-5988-e881-9c877deb09c9"",""yes_price_dollars"":""0.6400""}"
KXETH15M-26APR280200-00,69a53f3d-864b-6aa7-d55c-07a57686a822,1777355351,0.6,1.98,no,"{""count_fp"":""1.98"",""created_time"":""2026-04-28T05:49:11.838003Z"",""no_price_dollars"":""0.4000"",""taker_side"":""no"",""ticker"":""KXETH15M-26APR280200-00"",""trade_id"":""69a53f3d-864b-6aa7-d55c-07a57686a822"",""yes_price_dollars"":""0.6000""}"
KXETH15M-26APR280200-00,0fe09a8c-6376-6d45-fc51-560f2348d5b8,1777355351,0.6,10.0,no,"{""count_fp"":""10.00"",""created_time"":""2026-04-28T05:49:11.838003Z"",""no_price_dollars"":""0.4000"",""taker_side"":""no"",""ticker"":""KXETH15M-26APR280200-00"",""trade_id"":""0fe09a8c-6376-6d45-fc51-560f2348d5b8"",""yes_price_dollars"":""0.6000""}"
KXETH15M-26APR280200-00,dfd0a18c-7e5f-7df7-2326-6cbdb592953f,1777355353,0.62,50.0,no,"{""count_fp"":""50.00"",""created_time"":""2026-04-28T05:49:13.326844Z"",""no_price_dollars"":""0.3800"",""taker_side"":""no"",""ticker"":""KXETH15M-26APR280200-00"",""trade_id"":""dfd0a18c-7e5f-7df7-2326-6cbdb592953f"",""yes_price_dollars"":""0.6200""}"
KXETH15M-26APR280200-00,5b3710c0-ddbb-4e6b-01de-888ad1be7933,1777355353,0.62,0.48,no,"{""count_fp"":""0.48"",""created_time"":""2026-04-28T05:49:13.071649Z"",""no_price_dollars"":""0.3800"",""taker_side"":""no"",""ticker"":""KXETH15M-26APR280200-00"",""trade_id"":""5b3710c0-ddbb-4e6b-01de-888ad1be7933"",""yes_price_dollars"":""0.6200""}"
KXETH15M-26APR280200-00,caf1212a-430a-4c0c-5da5-c1e199a09395,1777355359,0.66,10.0,yes,"{""count_fp"":""10.00"",""created_time"":""2026-04-28T05:49:19.469028Z"",""no_price_dollars"":""0.3400"",""taker_side"":""yes"",""ticker"":""KXETH15M-26APR280200-00"",""trade_id"":""caf1212a-430a-4c0c-5da5-c1e199a09395"",""yes_price_dollars"":""0.6600""}"
KXETH15M-26APR280200-00,894d65b0-4721-4ab6-5133-35c17a9c116b,1777355359,0.65,2.0,yes,"{""count_fp"":""2.00"",""created_time"":""2026-04-28T05:49:19.469028Z"",""no_price_dollars"":""0.3500"",""taker_side"":""yes"",""ticker"":""KXETH15M-26APR280200-00"",""trade_id"":""894d65b0-4721-4ab6-5133-35c17a9c116b"",""yes_price_dollars"":""0.6500""}"
KXETH15M-26APR280200-00,355bb90b-1d47-5a5f-8430-35cbc793a053,1777355360,0.65,26.42,no,"{""count_fp"":""26.42"",""created_time"":""2026-04-28T05:49:20.026051Z"",""no_price_dollars"":""0.3500"",""taker_side"":""no"",""ticker"":""KXETH15M-26APR280200-00"",""trade_id"":""355bb90b-1d47-5a5f-8430-35cbc793a053"",""yes_price_dollars"":""0.6500""}"
KXETH15M-26APR280200-00,aeff56ff-6f63-4bf3-68dc-1f969fed61db,1777355367,0.65,2.73,no,"{""count_fp"":""2.73"",""created_time"":""2026-04-28T05:49:27.637347Z"",""no_price_dollars"":""0.3500"",""taker_side"":""no"",""ticker"":""KXETH15M-26APR280200-00"",""trade_id"":""aeff56ff-6f63-4bf3-68dc-1f969fed61db"",""yes_price_dollars"":""0.6500""}"
KXETH15M-26APR280200-00,8c31a929-3dd6-54fb-b152-3538d760ebed,1777355374,0.71,0.13,yes,"{""count_fp"":""0.13"",""created_time"":""2026-04-28T05:49:34.411158Z"",""no_price_dollars"":""0.2900"",""taker_side"":""yes"",""ticker"":""KXETH15M-26APR280200-00"",""trade_id"":""8c31a929-3dd6-54fb-b152-3538d760ebed"",""yes_price_dollars"":""0.7100""}"
KXETH15M-26APR280200-00,61b5d24a-b324-7562-f1b0-df66c829a759,1777355375,0.71,2.76,yes,"{""count_fp"":""2.76"",""created_time"":""2026-04-28T05:49:35.781018Z"",""no_price_dollars"":""0.2900"",""taker_side"":""yes"",""ticker"":""KXETH15M-26APR280200-00"",""trade_id"":""61b5d24a-b324-7562-f1b0-df66c829a759"",""yes_price_dollars"":""0.7100""}"
KXETH15M-26APR280200-00,70ee25b8-2d08-7483-0de1-e657115eaa98,1777355387,0.71,1.0,yes,"{""count_fp"":""1.00"",""created_time"":""2026-04-28T05:49:47.082838Z"",""no_price_dollars"":""0.2900"",""taker_side"":""yes"",""ticker"":""KXETH15M-26APR280200-00"",""trade_id"":""70ee25b8-2d08-7483-0de1-e657115eaa98"",""yes_price_dollars"":""0.7100""}"
KXETH15M-26APR280200-00,e8b2e7ff-39bf-7e15-e9de-ebcefc1b4959,1777355388,0.69,10.0,yes,"{""count_fp"":""10.00"",""created_time"":""2026-04-28T05:49:48.563683Z"",""no_price_dollars"":""0.3100"",""taker_side"":""yes"",""ticker"":""KXETH15M-26APR280200-00"",""trade_id"":""e8b2e7ff-39bf-7e15-e9de-ebcefc1b4959"",""yes_price_dollars"":""0.6900""}"
KXETH15M-26APR280200-00,7bd8a463-e0c3-7cfa-ca71-d8968a7cf113,1777355388,0.69,1.0,yes,"{""count_fp"":""1.00"",""created_time"":""2026-04-28T05:49:48.563683Z"",""no_price_dollars"":""0.3100"",""taker_side"":""yes"",""ticker"":""KXETH15M-26APR280200-00"",""trade_id"":""7bd8a463-e0c3-7cfa-ca71-d8968a7cf113"",""yes_price_dollars"":""0.6900""}"
KXETH15M-26APR280200-00,ff7a6de6-ec6b-48f8-1271-967e7cfefa6f,1777355397,0.71,10.0,yes,"{""count_fp"":""10.00"",""created_time"":""2026-04-28T05:49:57.743097Z"",""no_price_dollars"":""0.2900"",""taker_side"":""yes"",""ticker"":""KXETH15M-26APR280200-00"",""trade_id"":""ff7a6de6-ec6b-48f8-1271-967e7cfefa6f"",""yes_price_dollars"":""0.7100""}"
KXETH15M-26APR280200-00,f2d14b2c-4744-42ce-0c74-e3aef420f05d,1777355397,0.71,48.24,yes,"{""count_fp"":""48.24"",""created_time"":""2026-04-28T05:49:57.743097Z"",""no_price_dollars"":""0.2900"",""taker_side"":""yes"",""ticker"":""KXETH15M-26APR280200-00"",""trade_id"":""f2d14b2c-4744-42ce-0c74-e3aef420f05d"",""yes_price_dollars"":""0.7100""}"
KXETH15M-26APR280200-00,e6bf0b46-d694-434a-0f51-b3fe0f76608c,1777355397,0.71,8.62,yes,"{""count_fp"":""8.62"",""created_time"":""2026-04-28T05:49:57.743097Z"",""no_price_dollars"":""0.2900"",""taker_side"":""yes"",""ticker"":""KXETH15M-26APR280200-00"",""trade_id"":""e6bf0b46-d694-434a-0f51-b3fe0f76608c"",""yes_price_dollars"":""0.7100""}"
KXETH15M-26APR280200-00,b44d069e-9637-47b2-09d0-da5b5518f914,1777355397,0.71,0.14,yes,"{""count_fp"":""0.14"",""created_time"":""2026-04-28T05:49:57.743097Z"",""no_price_dollars"":""0.2900"",""taker_side"":""yes"",""ticker"":""KXETH15M-26APR280200-00"",""trade_id"":""b44d069e-9637-47b2-09d0-da5b5518f914"",""yes_price_dollars"":""0.7100""}"
KXETH15M-26APR280200-00,ee8db658-4cbf-65e7-f0fa-2505c4f6520b,1777355400,0.69,259.47,no,"{""count_fp"":""259.47"",""created_time"":""2026-04-28T05:50:00.285532Z"",""no_price_dollars"":""0.3100"",""taker_side"":""no"",""ticker"":""KXETH15M-26APR280200-00"",""trade_id"":""ee8db658-4cbf-65e7-f0fa-2505c4f6520b"",""yes_price_dollars"":""0.6900""}"
KXETH15M-26APR280200-00,91626b94-9c2e-6166-d5f6-d45fceea7656,1777355400,0.7,10.0,no,"{""count_fp"":""10.00"",""created_time"":""2026-04-28T05:50:00.285532Z"",""no_price_dollars"":""0.3000"",""taker_side"":""no"",""ticker"":""KXETH15M-26APR280200-00"",""trade_id"":""91626b94-9c2e-6166-d5f6-d45fceea7656"",""yes_price_dollars"":""0.7000""}"
KXETH15M-26APR280200-00,207ba716-be6f-6d3d-e9e0-fd89d8094172,1777355400,0.7,1.0,no,"{""count_fp"":""1.00"",""created_time"":""2026-04-28T05:50:00.285532Z"",""no_price_dollars"":""0.3000"",""taker_side"":""no"",""ticker"":""KXETH15M-26APR280200-00"",""trade_id"":""207ba716-be6f-6d3d-e9e0-fd89d8094172"",""yes_price_dollars"":""0.7000""}"
KXETH15M-26APR280200-00,05e0f35c-be08-6633-f2fd-25db9db0663f,1777355400,0.7,12.09,no,"{""count_fp"":""12.09"",""created_time"":""2026-04-28T05:50:00.285532Z"",""no_price_dollars"":""0.3000"",""taker_side"":""no"",""ticker"":""KXETH15M-26APR280200-00"",""trade_id"":""05e0f35c-be08-6633-f2fd-25db9db0663f"",""yes_price_dollars"":""0.7000""}"
KXETH15M-26APR280200-00,8b84c9e9-5395-6128-1057-3f8760a12c47,1777355408,0.7,1.0,no,"{""count_fp"":""1.00"",""created_time"":""2026-04-28T05:50:08.874682Z"",""no_price_dollars"":""0.3000"",""taker_side"":""no"",""ticker"":""KXETH15M-26APR280200-00"",""trade_id"":""8b84c9e9-5395-6128-1057-3f8760a12c47"",""yes_price_dollars"":""0.7000""}"
KXETH15M-26APR280200-00,887af5fb-a6fb-6fbb-0ca9-2f269227028b,1777355408,0.7,100.0,no,"{""count_fp"":""100.00"",""created_time"":""2026-04-28T05:50:08.874682Z"",""no_price_dollars"":""0.3000"",""taker_side"":""no"",""ticker"":""KXETH15M-26APR280200-00"",""trade_id"":""887af5fb-a6fb-6fbb-0ca9-2f269227028b"",""yes_price_dollars"":""0.7000""}"
KXETH15M-26APR280200-00,31cf5307-bd99-6aa2-2020-a1648a578da9,1777355408,0.7,0.21,no,"{""count_fp"":""0.21"",""created_time"":""2026-04-28T05:50:08.874682Z"",""no_price_dollars"":""0.3000"",""taker_side"":""no"",""ticker"":""KXETH15M-26APR280200-00"",""trade_id"":""31cf5307-bd99-6aa2-2020-a1648a578da9"",""yes_price_dollars"":""0.7000""}"
KXETH15M-26APR280200-00,2ebf4922-f663-6a9a-0994-cd37be678dd9,1777355408,0.7,10.0,no,"{""count_fp"":""10.00"",""created_time"":""2026-04-28T05:50:08.874682Z"",""no_price_dollars"":""0.3000"",""taker_side"":""no"",""ticker"":""KXETH15M-26APR280200-00"",""trade_id"":""2ebf4922-f663-6a9a-0994-cd37be678dd9"",""yes_price_dollars"":""0.7000""}"
KXETH15M-26APR280200-00,609af7c9-a02b-5efd-b4fd-648cbc5dccfa,1777355416,0.71,1.0,no,"{""count_fp"":""1.00"",""created_time"":""2026-04-28T05:50:16.481645Z"",""no_price_dollars"":""0.2900"",""taker_side"":""no"",""ticker"":""KXETH15M-26APR280200-00"",""trade_id"":""609af7c9-a02b-5efd-b4fd-648cbc5dccfa"",""yes_price_dollars"":""0.7100""}"
KXETH15M-26APR280200-00,0872c260-bc18-5328-b1f7-9908072fdd52,1777355416,0.71,2.0,no,"{""count_fp"":""2.00"",""created_time"":""2026-04-28T05:50:16.481645Z"",""no_price_dollars"":""0.2900"",""taker_side"":""no"",""ticker"":""KXETH15M-26APR280200-00"",""trade_id"":""0872c260-bc18-5328-b1f7-9908072fdd52"",""yes_price_dollars"":""0.7100""}"
KXETH15M-26APR280200-00,43d63f24-6666-7857-f0be-376dcdeabe29,1777355417,0.76,327.0,yes,"{""count_fp"":""327.00"",""created_time"":""2026-04-28T05:50:17.672422Z"",""no_price_dollars"":""0.2400"",""taker_side"":""yes"",""ticker"":""KXETH15M-26APR280200-00"",""trade_id"":""43d63f24-6666-7857-f0be-376dcdeabe29"",""yes_price_dollars"":""0.7600""}"
KXETH15M-26APR280200-00,09537e7d-fb16-7621-c008-e0be1b0a8b54,1777355417,0.76,71.0,yes,"{""count_fp"":""71.00"",""created_time"":""2026-04-28T05:50:17.672422Z"",""no_price_dollars"":""0.2400"",""taker_side"":""yes"",""ticker"":""KXETH15M-26APR280200-00"",""trade_id"":""09537e7d-fb16-7621-c008-e0be1b0a8b54"",""yes_price_dollars"":""0.7600""}"
KXETH15M-26APR280200-00,1813d688-353e-4ff7-370f-a114b3091abd,1777355417,0.76,73.0,yes,"{""count_fp"":""73.00"",""created_time"":""2026-04-28T05:50:17.636062Z"",""no_price_dollars"":""0.2400"",""taker_side"":""yes"",""ticker"":""KXETH15M-26APR280200-00"",""trade_id"":""1813d688-353e-4ff7-370f-a114b3091abd"",""yes_price_dollars"":""0.7600""}"
KXETH15M-26APR280200-00,ab3095fa-2626-4d30-262f-4769c0eb6c48,1777355417,0.72,2.0,yes,"{""count_fp"":""2.00"",""created_time"":""2026-04-28T05:50:17.599753Z"",""no_price_dollars"":""0.2800"",""taker_side"":""yes"",""ticker"":""KXETH15M-26APR280200-00"",""trade_id"":""ab3095fa-2626-4d30-262f-4769c0eb6c48"",""yes_price_dollars"":""0.7200""}"
KXETH15M-26APR280200-00,6c6c6a61-2d6f-4908-1783-13f3cb1722da,1777355417,0.74,60.0,yes,"{""count_fp"":""60.00"",""created_time"":""2026-04-28T05:50:17.599753Z"",""no_price_dollars"":""0.2600"",""taker_side"":""yes"",""ticker"":""KXETH15M-26APR280200-00"",""trade_id"":""6c6c6a61-2d6f-4908-1783-13f3cb1722da"",""yes_price_dollars"":""0.7400""}"
KXETH15M-26APR280200-00,303ae283-d546-43bb-29b7-9a4b41c1464b,1777355417,0.74,1.0,yes,"{""count_fp"":""1.00"",""created_time"":""2026-04-28T05:50:17.599753Z"",""no_price_dollars"":""0.2600"",""taker_side"":""yes"",""ticker"":""KXETH15M-26APR280200-00"",""trade_id"":""303ae283-d546-43bb-29b7-9a4b41c1464b"",""yes_price_dollars"":""0.7400""}"
KXETH15M-26APR280200-00,28a3e162-36a9-4829-2922-b7d2c20bb8b1,1777355417,0.74,10.0,yes,"{""count_fp"":""10.00"",""created_time"":""2026-04-28T05:50:17.599753Z"",""no_price_dollars"":""0.2600"",""taker_side"":""yes"",""ticker"":""KXETH15M-26APR280200-00"",""trade_id"":""28a3e162-36a9-4829-2922-b7d2c20bb8b1"",""yes_price_dollars"":""0.7400""}"
KXETH15M-26APR280200-00,2dbd71b8-062a-7427-6a8b-01feedbc7136,1777355418,0.76,5.0,no,"{""count_fp"":""5.00"",""created_time"":""2026-04-28T05:50:18.978928Z"",""no_price_dollars"":""0.2400"",""taker_side"":""no"",""ticker"":""KXETH15M-26APR280200-00"",""trade_id"":""2dbd71b8-062a-7427-6a8b-01feedbc7136"",""yes_price_dollars"":""0.7600""}"
KXETH15M-26APR280200-00,1aa82136-37d5-7869-d73b-f33d2f3bf262,1777355418,0.77,2.0,yes,"{""count_fp"":""2.00"",""created_time"":""2026-04-28T05:50:18.651975Z"",""no_price_dollars"":""0.2300"",""taker_side"":""yes"",""ticker"":""KXETH15M-26APR280200-00"",""trade_id"":""1aa82136-37d5-7869-d73b-f33d2f3bf262"",""yes_price_dollars"":""0.7700""}"
KXETH15M-26APR280200-00,e4884174-bff8-53bd-3b2c-51f4c05d1ecf,1777355420,0.8,10.0,yes,"{""count_fp"":""10.00"",""created_time"":""2026-04-28T05:50:20.390406Z"",""no_price_dollars"":""0.2000"",""taker_side"":""yes"",""ticker"":""KXETH15M-26APR280200-00"",""trade_id"":""e4884174-bff8-53bd-3b2c-51f4c05d1ecf"",""yes_price_dollars"":""0.8000""}"
KXETH15M-26APR280200-00,d61bcfa6-7673-5d47-1b91-fd4a65299b5d,1777355420,0.78,1.0,yes,"{""count_fp"":""1.00"",""created_time"":""2026-04-28T05:50:20.390406Z"",""no_price_dollars"":""0.2200"",""taker_side"":""yes"",""ticker"":""KXETH15M-26APR280200-00"",""trade_id"":""d61bcfa6-7673-5d47-1b91-fd4a65299b5d"",""yes_price_dollars"":""0.7800""}"
KXETH15M-26APR280200-00,643a3761-6f6f-5d19-0430-4671808c82f1,1777355420,0.8,10.0,yes,"{""count_fp"":""10.00"",""created_time"":""2026-04-28T05:50:20.390406Z"",""no_price_dollars"":""0.2000"",""taker_side"":""yes"",""ticker"":""KXETH15M-26APR280200-00"",""trade_id"":""643a3761-6f6f-5d19-0430-4671808c82f1"",""yes_price_dollars"":""0.8000""}"
KXETH15M-26APR280200-00,62a7870f-7f27-58a8-2d8e-146c68722705,1777355420,0.77,1.0,yes,"{""count_fp"":""1.00"",""created_time"":""2026-04-28T05:50:20.390406Z"",""no_price_dollars"":""0.2300"",""taker_side"":""yes"",""ticker"":""KXETH15M-26APR280200-00"",""trade_id"":""62a7870f-7f27-58a8-2d8e-146c68722705"",""yes_price_dollars"":""0.7700""}"
KXETH15M-26APR280200-00,1f6bddac-aa59-51d8-2eeb-72477e9741d1,1777355420,0.81,81.0,yes,"{""count_fp"":""81.00"",""created_time"":""2026-04-28T05:50:20.390406Z"",""no_price_dollars"":""0.1900"",""taker_side"":""yes"",""ticker"":""KXETH15M-26APR280200-00"",""trade_id"":""1f6bddac-aa59-51d8-2eeb-72477e9741d1"",""yes_price_dollars"":""0.8100""}"
KXETH15M-26APR280200-00,16f0dff9-32b2-73e8-6cf9-2475cf234432,1777355422,0.78,1.0,yes,"{""count_fp"":""1.00"",""created_time"":""2026-04-28T05:50:22.219289Z"",""no_price_dollars"":""0.2200"",""taker_side"":""yes"",""ticker"":""KXETH15M-26APR280200-00"",""trade_id"":""16f0dff9-32b2-73e8-6cf9-2475cf234432"",""yes_price_dollars"":""0.7800""}"
KXETH15M-26APR280200-00,a964314d-fb97-5557-8729-ca99605397e2,1777355428,0.81,1.21,yes,"{""count_fp"":""1.21"",""created_time"":""2026-04-28T05:50:28.620696Z"",""no_price_dollars"":""0.1900"",""taker_side"":""yes"",""ticker"":""KXETH15M-26APR280200-00"",""trade_id"":""a964314d-fb97-5557-8729-ca99605397e2"",""yes_price_dollars"":""0.8100""}"
KXETH15M-26APR280200-00,aff87114-b14c-77cb-bb67-130e28e5e42c,1777355428,0.78,1.0,no,"{""count_fp"":""1.00"",""created_time"":""2026-04-28T05:50:28.497943Z"",""no_price_dollars"":""0.2200"",""taker_side"":""no"",""ticker"":""KXETH15M-26APR280200-00"",""trade_id"":""aff87114-b14c-77cb-bb67-130e28e5e42c"",""yes_price_dollars"":""0.7800""}"
KXETH15M-26APR280200-00,9557ac07-04d0-7edf-a89b-21811b57cb39,1777355428,0.78,18.75,no,"{""count_fp"":""18.75"",""created_time"":""2026-04-28T05:50:28.497943Z"",""no_price_dollars"":""0.2200"",""taker_side"":""no"",""ticker"":""KXETH15M-26APR280200-00"",""trade_id"":""9557ac07-04d0-7edf-a89b-21811b57cb39"",""yes_price_dollars"":""0.7800""}"
KXETH15M-26APR280200-00,80e247c3-d600-468f-ce43-62ee1e448159,1777355429,0.78,7.91,no,"{""count_fp"":""7.91"",""created_time"":""2026-04-28T05:50:29.094044Z"",""no_price_dollars"":""0.2200"",""taker_side"":""no"",""ticker"":""KXETH15M-26APR280200-00"",""trade_id"":""80e247c3-d600-468f-ce43-62ee1e448159"",""yes_price_dollars"":""0.7800""}"
KXETH15M-26APR280200-00,dc4d92fb-a3a7-7c48-eddc-f96d1b1022ad,1777355431,0.78,10.0,no,"{""count_fp"":""10.00"",""created_time"":""2026-04-28T05:50:31.139111Z"",""no_price_dollars"":""0.2200"",""taker_side"":""no"",""ticker"":""KXETH15M-26APR280200-00"",""trade_id"":""dc4d92fb-a3a7-7c48-eddc-f96d1b1022ad"",""yes_price_dollars"":""0.7800""}"
KXETH15M-26APR280200-00,9e207c68-9280-7663-d9bc-b5f5484369ad,1777355431,0.77,1.41,no,"{""count_fp"":""1.41"",""created_time"":""2026-04-28T05:50:31.139111Z"",""no_price_dollars"":""0.2300"",""taker_side"":""no"",""ticker"":""KXETH15M-26APR280200-00"",""trade_id"":""9e207c68-9280-7663-d9bc-b5f5484369ad"",""yes_price_dollars"":""0.7700""}"
KXETH15M-26APR280200-00,4aa3e4c6-a2b5-7e65-d671-9c71e77af28f,1777355431,0.77,1.0,no,"{""count_fp"":""1.00"",""created_time"":""2026-04-28T05:50:31.139111Z"",""no_price_dollars"":""0.2300"",""taker_side"":""no"",""ticker"":""KXETH15M-26APR280200-00"",""trade_id"":""4aa3e4c6-a2b5-7e65-d671-9c71e77af28f"",""yes_price_dollars"":""0.7700""}"
KXETH15M-26APR280200-00,e2932b3d-d42c-53bf-17b2-6c6c9fb2d1f5,1777355435,0.77,10.0,no,"{""count_fp"":""10.00"",""created_time"":""2026-04-28T05:50:35.460549Z"",""no_price_dollars"":""0.2300"",""taker_side"":""no"",""ticker"":""KXETH15M-26APR280200-00"",""trade_id"":""e2932b3d-d42c-53bf-17b2-6c6c9fb2d1f5"",""yes_price_dollars"":""0.7700""}"
KXETH15M-26APR280200-00,d8fca946-dc6e-584d-2265-4e13df270144,1777355435,0.77,1.0,no,"{""count_fp"":""1.00"",""created_time"":""2026-04-28T05:50:35.460549Z"",""no_price_dollars"":""0.2300"",""taker_side"":""no"",""ticker"":""KXETH15M-26APR280200-00"",""trade_id"":""d8fca946-dc6e-584d-2265-4e13df270144"",""yes_price_dollars"":""0.7700""}"
KXETH15M-26APR280200-00,1e26848f-da24-518f-2de6-37d724692a8c,1777355435,0.77,12.92,no,"{""count_fp"":""12.92"",""created_time"":""2026-04-28T05:50:35.460549Z"",""no_price_dollars"":""0.2300"",""taker_side"":""no"",""ticker"":""KXETH15M-26APR280200-00"",""trade_id"":""1e26848f-da24-518f-2de6-37d724692a8c"",""yes_price_dollars"":""0.7700""}"
KXETH15M-26APR280200-00,86a3b653-2c51-5a68-8d38-f17eca97efce,1777355436,0.72,1.0,no,"{""count_fp"":""1.00"",""created_time"":""2026-04-28T05:50:36.014372Z"",""no_price_dollars"":""0.2800"",""taker_side"":""no"",""ticker"":""KXETH15M-26APR280200-00"",""trade_id"":""86a3b653-2c51-5a68-8d38-f17eca97efce"",""yes_price_dollars"":""0.7200""}"
KXETH15M-26APR280200-00,7982acfb-0d9a-57f6-858c-45d5b4751474,1777355436,0.72,10.0,no,"{""count_fp"":""10.00"",""created_time"":""2026-04-28T05:50:36.014372Z"",""no_price_dollars"":""0.2800"",""taker_side"":""no"",""ticker"":""KXETH15M-26APR280200-00"",""trade_id"":""7982acfb-0d9a-57f6-858c-45d5b4751474"",""yes_price_dollars"":""0.7200""}"
KXETH15M-26APR280200-00,45ab9318-4a48-53b7-a7a0-5960bcbf51dd,1777355436,0.72,100.0,no,"{""count_fp"":""100.00"",""created_time"":""2026-04-28T05:50:36.014372Z"",""no_price_dollars"":""0.2800"",""taker_side"":""no"",""ticker"":""KXETH15M-26APR280200-00"",""trade_id"":""45ab9318-4a48-53b7-a7a0-5960bcbf51dd"",""yes_price_dollars"":""0.7200""}"
KXETH15M-26APR280200-00,2736ecd7-0a74-5d6d-bff9-7a5d18a1ab3f,1777355436,0.74,10.0,no,"{""count_fp"":""10.00"",""created_time"":""2026-04-28T05:50:36.014372Z"",""no_price_dollars"":""0.2600"",""taker_side"":""no"",""ticker"":""KXETH15M-26APR280200-00"",""trade_id"":""2736ecd7-0a74-5d6d-bff9-7a5d18a1ab3f"",""yes_price_dollars"":""0.7400""}"
KXETH15M-26APR280200-00,865472b7-45a7-4dc3-ff77-418b26d3a078,1777355437,0.78,1.0,yes,"{""count_fp"":""1.00"",""created_time"":""2026-04-28T05:50:37.167914Z"",""no_price_dollars"":""0.2200"",""taker_side"":""yes"",""ticker"":""KXETH15M-26APR280200-00"",""trade_id"":""865472b7-45a7-4dc3-ff77-418b26d3a078"",""yes_price_dollars"":""0.7800""}"
KXETH15M-26APR280200-00,441151a2-54ad-4993-e66a-6692aaffadd4,1777355437,0.79,7.05,yes,"{""count_fp"":""7.05"",""created_time"":""2026-04-28T05:50:37.167914Z"",""no_price_dollars"":""0.2100"",""taker_side"":""yes"",""ticker"":""KXETH15M-26APR280200-00"",""trade_id"":""441151a2-54ad-4993-e66a-6692aaffadd4"",""yes_price_dollars"":""0.7900""}"
KXETH15M-26APR280200-00,3d6e0da2-e663-4010-ec39-126f1cd4781c,1777355437,0.77,10.0,yes,"{""count_fp"":""10.00"",""created_time"":""2026-04-28T05:50:37.167914Z"",""no_price_dollars"":""0.2300"",""taker_side"":""yes"",""ticker"":""KXETH15M-26APR280200-00"",""trade_id"":""3d6e0da2-e663-4010-ec39-126f1cd4781c"",""yes_price_dollars"":""0.7700""}"
KXETH15M-26APR280200-00,09d2d3e0-ca41-4b5c-cd2c-53d29569414f,1777355437,0.75,6.0,yes,"{""count_fp"":""6.00"",""created_time"":""2026-04-28T05:50:37.167914Z"",""no_price_dollars"":""0.2500"",""taker_side"":""yes"",""ticker"":""KXETH15M-26APR280200-00"",""trade_id"":""09d2d3e0-ca41-4b5c-cd2c-53d29569414f"",""yes_price_dollars"":""0.7500""}"
KXETH15M-26APR280200-00,9258a2aa-6dc6-7419-6de2-a5647204f980,1777355439,0.74,1.0,no,"{""count_fp"":""1.00"",""created_time"":""2026-04-28T05:50:39.278821Z"",""no_price_dollars"":""0.2600"",""taker_side"":""no"",""ticker"":""KXETH15M-26APR280200-00"",""trade_id"":""9258a2aa-6dc6-7419-6de2-a5647204f980"",""yes_price_dollars"":""0.7400""}"
KXETH15M-26APR280200-00,68b1e6b6-30db-7fb8-6878-2941617dce4b,1777355439,0.74,40.77,no,"{""count_fp"":""40.77"",""created_time"":""2026-04-28T05:50:39.278821Z"",""no_price_dollars"":""0.2600"",""taker_side"":""no"",""ticker"":""KXETH15M-26APR280200-00"",""trade_id"":""68b1e6b6-30db-7fb8-6878-2941617dce4b"",""yes_price_dollars"":""0.7400""}"
KXETH15M-26APR280200-00,075624b5-0bcf-5a2d-2a95-26692a03d6aa,1777355446,0.81,5.0,no,"{""count_fp"":""5.00"",""created_time"":""2026-04-28T05:50:46.296086Z"",""no_price_dollars"":""0.1900"",""taker_side"":""no"",""ticker"":""KXETH15M-26APR280200-00"",""trade_id"":""075624b5-0bcf-5a2d-2a95-26692a03d6aa"",""yes_price_dollars"":""0.8100""}"
KXETH15M-26APR280200-00,fa4ec2c3-87b1-5507-c8ac-622797ecb558,1777355447,0.82,5.0,yes,"{""count_fp"":""5.00"",""created_time"":""2026-04-28T05:50:47.281265Z"",""no_price_dollars"":""0.1800"",""taker_side"":""yes"",""ticker"":""KXETH15M-26APR280200-00"",""trade_id"":""fa4ec2c3-87b1-5507-c8ac-622797ecb558"",""yes_price_dollars"":""0.8200""}"
KXETH15M-26APR280200-00,21477e00-3fbd-4ab1-31f6-e5b87cfb3778,1777355451,0.77,1.0,no,"{""count_fp"":""1.00"",""created_time"":""2026-04-28T05:50:51.283282Z"",""no_price_dollars"":""0.2300"",""taker_side"":""no"",""ticker"":""KXETH15M-26APR280200-00"",""trade_id"":""21477e00-3fbd-4ab1-31f6-e5b87cfb3778"",""yes_price_dollars"":""0.7700""}"
KXETH15M-26APR280200-00,12561816-dbbf-444e-c0f7-a97396d2b3a5,1777355451,0.79,1.0,no,"{""count_fp"":""1.00"",""created_time"":""2026-04-28T05:50:51.223775Z"",""no_price_dollars"":""0.2100"",""taker_side"":""no"",""ticker"":""KXETH15M-26APR280200-00"",""trade_id"":""12561816-dbbf-444e-c0f7-a97396d2b3a5"",""yes_price_dollars"":""0.7900""}"
KXETH15M-26APR280200-00,1f033e00-04da-4aea-3e71-a2d2fa91813d,1777355451,0.81,0.29,no,"{""count_fp"":""0.29"",""created_time"":""2026-04-28T05:50:51.211714Z"",""no_price_dollars"":""0.1900"",""taker_side"":""no"",""ticker"":""KXETH15M-26APR280200-00"",""trade_id"":""1f033e00-04da-4aea-3e71-a2d2fa91813d"",""yes_price_dollars"":""0.8100""}"
KXETH15M-26APR280200-00,1efa5c72-b339-65f2-9a75-2368e6abbf2b,1777355451,0.81,10.0,no,"{""count_fp"":""10.00"",""created_time"":""2026-04-28T05:50:51.191655Z"",""no_price_dollars"":""0.1900"",""taker_side"":""no"",""ticker"":""KXETH15M-26APR280200-00"",""trade_id"":""1efa5c72-b339-65f2-9a75-2368e6abbf2b"",""yes_price_dollars"":""0.8100""}"
KXETH15M-26APR280200-00,01936008-ff06-6fb6-8481-c9578c20fa2d,1777355451,0.81,12.0,no,"{""count_fp"":""12.00"",""created_time"":""2026-04-28T05:50:51.191655Z"",""no_price_dollars"":""0.1900"",""taker_side"":""no"",""ticker"":""KXETH15M-26APR280200-00"",""trade_id"":""01936008-ff06-6fb6-8481-c9578c20fa2d"",""yes_price_dollars"":""0.8100""}"
KXETH15M-26APR280200-00,58dd7c82-b18e-7ae8-ca25-a5d8029d287d,1777355454,0.76,1.0,yes,"{""count_fp"":""1.00"",""created_time"":""2026-04-28T05:50:54.288243Z"",""no_price_dollars"":""0.2400"",""taker_side"":""yes"",""ticker"":""KXETH15M-26APR280200-00"",""trade_id"":""58dd7c82-b18e-7ae8-ca25-a5d8029d287d"",""yes_price_dollars"":""0.7600""}"
KXETH15M-26APR280200-00,65646388-424b-56c2-06bc-e12c993c0ac6,1777355466,0.81,1.0,yes,"{""count_fp"":""1.00"",""created_time"":""2026-04-28T05:51:06.769577Z"",""no_price_dollars"":""0.1900"",""taker_side"":""yes"",""ticker"":""KXETH15M-26APR280200-00"",""trade_id"":""65646388-424b-56c2-06bc-e12c993c0ac6"",""yes_price_dollars"":""0.8100""}"
KXETH15M-26APR280200-00,ea4f5f7e-93b3-62ad-31bf-638f6be70c35,1777355468,0.81,6.0,yes,"{""count_fp"":""6.00"",""created_time"":""2026-04-28T05:51:08.934379Z"",""no_price_dollars"":""0.1900"",""taker_side"":""yes"",""ticker"":""KXETH15M-26APR280200-00"",""trade_id"":""ea4f5f7e-93b3-62ad-31bf-638f6be70c35"",""yes_price_dollars"":""0.8100""}"
KXETH15M-26APR280200-00,18067f6a-8791-73d7-1535-b3dc900a3080,1777355472,0.8,2.4,yes,"{""count_fp"":""2.40"",""created_time"":""2026-04-28T05:51:12.137314Z"",""no_price_dollars"":""0.2000"",""taker_side"":""yes"",""ticker"":""KXETH15M-26APR280200-00"",""trade_id"":""18067f6a-8791-73d7-1535-b3dc900a3080"",""yes_price_dollars"":""0.8000""}"
KXETH15M-26APR280200-00,eb4e04dd-0ffb-7528-3ed4-6bf7cbf22c8e,1777355474,0.76,3.8,no,"{""count_fp"":""3.80"",""created_time"":""2026-04-28T05:51:14.646304Z"",""no_price_dollars"":""0.2400"",""taker_side"":""no"",""ticker"":""KXETH15M-26APR280200-00"",""trade_id"":""eb4e04dd-0ffb-7528-3ed4-6bf7cbf22c8e"",""yes_price_dollars"":""0.7600""}"
KXETH15M-26APR280200-00,fb27c315-7c4d-4f17-e336-d07c493fc840,1777355475,0.78,7.0,yes,"{""count_fp"":""7.00"",""created_time"":""2026-04-28T05:51:15.260662Z"",""no_price_dollars"":""0.2200"",""taker_side"":""yes"",""ticker"":""KXETH15M-26APR280200-00"",""trade_id"":""fb27c315-7c4d-4f17-e336-d07c493fc840"",""yes_price_dollars"":""0.7800""}"
KXETH15M-26APR280200-00,a2766438-2164-4b17-e4ce-a3286d073aac,1777355475,0.78,1.0,yes,"{""count_fp"":""1.00"",""created_time"":""2026-04-28T05:51:15.260662Z"",""no_price_dollars"":""0.2200"",""taker_side"":""yes"",""ticker"":""KXETH15M-26APR280200-00"",""trade_id"":""a2766438-2164-4b17-e4ce-a3286d073aac"",""yes_price_dollars"":""0.7800""}"
KXETH15M-26APR280200-00,cfc43374-5b5b-4bca-fe37-aef2c098c1f6,1777355477,0.72,6.0,no,"{""count_fp"":""6.00"",""created_time"":""2026-04-28T05:51:17.294056Z"",""no_price_dollars"":""0.2800"",""taker_side"":""no"",""ticker"":""KXETH15M-26APR280200-00"",""trade_id"":""cfc43374-5b5b-4bca-fe37-aef2c098c1f6"",""yes_price_dollars"":""0.7200""}"
KXETH15M-26APR280200-00,b0b190c1-5808-4cff-f86d-996b083687c9,1777355477,0.72,1.0,no,"{""count_fp"":""1.00"",""created_time"":""2026-04-28T05:51:17.294056Z"",""no_price_dollars"":""0.2800"",""taker_side"":""no"",""ticker"":""KXETH15M-26APR280200-00"",""trade_id"":""b0b190c1-5808-4cff-f86d-996b083687c9"",""yes_price_dollars"":""0.7200""}"
KXETH15M-26APR280200-00,a3c11b0c-e793-445c-f76d-42c5aa06dcbb,1777355477,0.74,100.0,no,"{""count_fp"":""100.00"",""created_time"":""2026-04-28T05:51:17.294056Z"",""no_price_dollars"":""0.2600"",""taker_side"":""no"",""ticker"":""KXETH15M-26APR280200-00"",""trade_id"":""a3c11b0c-e793-445c-f76d-42c5aa06dcbb"",""yes_price_dollars"":""0.7400""}"
KXETH15M-26APR280200-00,f6092387-5e29-7c72-3561-3d102afbc0ea,1777355477,0.75,10.0,no,"{""count_fp"":""10.00"",""created_time"":""2026-04-28T05:51:17.278285Z"",""no_price_dollars"":""0.2500"",""taker_side"":""no"",""ticker"":""KXETH15M-26APR280200-00"",""trade_id"":""f6092387-5e29-7c72-3561-3d102afbc0ea"",""yes_price_dollars"":""0.7500""}"
KXETH15M-26APR280200-00,5f993bc6-70c6-76fe-018e-427c6f1cd2e8,1777355477,0.75,10.0,no,"{""count_fp"":""10.00"",""created_time"":""2026-04-28T05:51:17.278285Z"",""no_price_dollars"":""0.2500"",""taker_side"":""no"",""ticker"":""KXETH15M-26APR280200-00"",""trade_id"":""5f993bc6-70c6-76fe-018e-427c6f1cd2e8"",""yes_price_dollars"":""0.7500""}"
KXETH15M-26APR280200-00,e701e9aa-e66e-7412-93f7-2cb4de630541,1777355481,0.72,1.0,yes,"{""count_fp"":""1.00"",""created_time"":""2026-04-28T05:51:21.993908Z"",""no_price_dollars"":""0.2800"",""taker_side"":""yes"",""ticker"":""KXETH15M-26APR280200-00"",""trade_id"":""e701e9aa-e66e-7412-93f7-2cb4de630541"",""yes_price_dollars"":""0.7200""}"
KXETH15M-26APR280200-00,6e3a58d3-f47f-634f-0adf-d6a2398c01e4,1777355481,0.72,1.0,yes,"{""count_fp"":""1.00"",""created_time"":""2026-04-28T05:51:21.401922Z"",""no_price_dollars"":""0.2800"",""taker_side"":""yes"",""ticker"":""KXETH15M-26APR280200-00"",""trade_id"":""6e3a58d3-f47f-634f-0adf-d6a2398c01e4"",""yes_price_dollars"":""0.7200""}"
KXETH15M-26APR280200-00,11590d6e-1bbe-6ef6-2fa0-63b6f69d4d0d,1777355481,0.72,25.13,yes,"{""count_fp"":""25.13"",""created_time"":""2026-04-28T05:51:21.401922Z"",""no_price_dollars"":""0.2800"",""taker_side"":""yes"",""ticker"":""KXETH15M-26APR280200-00"",""trade_id"":""11590d6e-1bbe-6ef6-2fa0-63b6f69d4d0d"",""yes_price_dollars"":""0.7200""}"
KXETH15M-26APR280200-00,5b85ca27-6c24-4212-b40a-cf278b6615b2,1777355486,0.71,9.85,no,"{""count_fp"":""9.85"",""created_time"":""2026-04-28T05:51:26.120104Z"",""no_price_dollars"":""0.2900"",""taker_side"":""no"",""ticker"":""KXETH15M-26APR280200-00"",""trade_id"":""5b85ca27-6c24-4212-b40a-cf278b6615b2"",""yes_price_dollars"":""0.7100""}"
KXETH15M-26APR280200-00,bd54c3ce-d7a0-6c45-5c0f-083252ba6666,1777355493,0.71,1.0,yes,"{""count_fp"":""1.00"",""created_time"":""2026-04-28T05:51:33.087723Z"",""no_price_dollars"":""0.2900"",""taker_side"":""yes"",""ticker"":""KXETH15M-26APR280200-00"",""trade_id"":""bd54c3ce-d7a0-6c45-5c0f-083252ba6666"",""yes_price_dollars"":""0.7100""}"
KXETH15M-26APR280200-00,c7a5dfc4-ef15-44bf-5306-59ce67b9224c,1777355494,0.76,1.0,yes,"{""count_fp"":""1.00"",""created_time"":""2026-04-28T05:51:34.768358Z"",""no_price_dollars"":""0.2400"",""taker_side"":""yes"",""ticker"":""KXETH15M-26APR280200-00"",""trade_id"":""c7a5dfc4-ef15-44bf-5306-59ce67b9224c"",""yes_price_dollars"":""0.7600""}"
KXETH15M-26APR280200-00,d004349b-577b-522f-30cc-69646fec089f,1777355496,0.74,3.52,no,"{""count_fp"":""3.52"",""created_time"":""2026-04-28T05:51:36.162078Z"",""no_price_dollars"":""0.2600"",""taker_side"":""no"",""ticker"":""KXETH15M-26APR280200-00"",""trade_id"":""d004349b-577b-522f-30cc-69646fec089f"",""yes_price_dollars"":""0.7400""}"
KXETH15M-26APR280200-00,975ddf67-43e6-75c2-f3a4-45a7328d0ff1,1777355501,0.77,100.0,yes,"{""count_fp"":""100.00"",""created_time"":""2026-04-28T05:51:41.988984Z"",""no_price_dollars"":""0.2300"",""taker_side"":""yes"",""ticker"":""KXETH15M-26APR280200-00"",""trade_id"":""975ddf67-43e6-75c2-f3a4-45a7328d0ff1"",""yes_price_dollars"":""0.7700""}"
KXETH15M-26APR280200-00,89937d6b-0050-755e-fc80-b03c2147bbd7,1777355501,0.76,1.0,yes,"{""count_fp"":""1.00"",""created_time"":""2026-04-28T05:51:41.988984Z"",""no_price_dollars"":""0.2400"",""taker_side"":""yes"",""ticker"":""KXETH15M-26APR280200-00"",""trade_id"":""89937d6b-0050-755e-fc80-b03c2147bbd7"",""yes_price_dollars"":""0.7600""}"
KXETH15M-26APR280200-00,67cf1c59-c7d0-7627-fb14-1bb032c5c39d,1777355501,0.76,8.33,yes,"{""count_fp"":""8.33"",""created_time"":""2026-04-28T05:51:41.988984Z"",""no_price_dollars"":""0.2400"",""taker_side"":""yes"",""ticker"":""KXETH15M-26APR280200-00"",""trade_id"":""67cf1c59-c7d0-7627-fb14-1bb032c5c39d"",""yes_price_dollars"":""0.7600""}"
KXETH15M-26APR280200-00,47dffb45-f701-70cb-d052-518e98e44bf6,1777355501,0.79,123.54,yes,"{""count_fp"":""123.54"",""created_time"":""2026-04-28T05:51:41.988984Z"",""no_price_dollars"":""0.2100"",""taker_side"":""yes"",""ticker"":""KXETH15M-26APR280200-00"",""trade_id"":""47dffb45-f701-70cb-d052-518e98e44bf6"",""yes_price_dollars"":""0.7900""}"
KXETH15M-26APR280200-00,4669d6b0-7dc9-73a7-f1eb-da712f6e2b7c,1777355501,0.76,10.0,yes,"{""count_fp"":""10.00"",""created_time"":""2026-04-28T05:51:41.988984Z"",""no_price_dollars"":""0.2400"",""taker_side"":""yes"",""ticker"":""KXETH15M-26APR280200-00"",""trade_id"":""4669d6b0-7dc9-73a7-f1eb-da712f6e2b7c"",""yes_price_dollars"":""0.7600""}"
KXETH15M-26APR280200-00,444c6caf-a305-76e4-fc8d-a1cb50643c74,1777355501,0.77,10.0,yes,"{""count_fp"":""10.00"",""created_time"":""2026-04-28T05:51:41.988984Z"",""no_price_dollars"":""0.2300"",""taker_side"":""yes"",""ticker"":""KXETH15M-26APR280200-00"",""trade_id"":""444c6caf-a305-76e4-fc8d-a1cb50643c74"",""yes_price_dollars"":""0.7700""}"
KXETH15M-26APR280200-00,b5787880-8701-4bdc-531d-494a195fb2d3,1777355503,0.77,1.58,yes,"{""count_fp"":""1.58"",""created_time"":""2026-04-28T05:51:43.993724Z"",""no_price_dollars"":""0.2300"",""taker_side"":""yes"",""ticker"":""KXETH15M-26APR280200-00"",""trade_id"":""b5787880-8701-4bdc-531d-494a195fb2d3"",""yes_price_dollars"":""0.7700""}"
KXETH15M-26APR280200-00,3f4720f4-2ba3-4266-5207-b815bd14bbd8,1777355503,0.76,1.0,yes,"{""count_fp"":""1.00"",""created_time"":""2026-04-28T05:51:43.993724Z"",""no_price_dollars"":""0.2400"",""taker_side"":""yes"",""ticker"":""KXETH15M-26APR280200-00"",""trade_id"":""3f4720f4-2ba3-4266-5207-b815bd14bbd8"",""yes_price_dollars"":""0.7600""}"
KXETH15M-26APR280200-00,19e27fc6-9352-423d-69bc-9bac25229983,1777355509,0.7,12.0,no,"{""count_fp"":""12.00"",""created_time"":""2026-04-28T05:51:49.259728Z"",""no_price_dollars"":""0.3000"",""taker_side"":""no"",""ticker"":""KXETH15M-26APR280200-00"",""trade_id"":""19e27fc6-9352-423d-69bc-9bac25229983"",""yes_price_dollars"":""0.7000""}"
KXETH15M-26APR280200-00,f639f2bf-87db-7068-cdd6-4ea9fadccbea,1777355509,0.71,11.0,no,"{""count_fp"":""11.00"",""created_time"":""2026-04-28T05:51:49.139326Z"",""no_price_dollars"":""0.2900"",""taker_side"":""no"",""ticker"":""KXETH15M-26APR280200-00"",""trade_id"":""f639f2bf-87db-7068-cdd6-4ea9fadccbea"",""yes_price_dollars"":""0.7100""}"
KXETH15M-26APR280200-00,e3bb0347-8541-7509-d7bf-7f203da33ac5,1777355509,0.72,10.0,no,"{""count_fp"":""10.00"",""created_time"":""2026-04-28T05:51:49.139326Z"",""no_price_dollars"":""0.2800"",""taker_side"":""no"",""ticker"":""KXETH15M-26APR280200-00"",""trade_id"":""e3bb0347-8541-7509-d7bf-7f203da33ac5"",""yes_price_dollars"":""0.7200""}"
KXETH15M-26APR280200-00,2e391fa4-cc41-6a2d-df41-6bf1326528af,1777355509,0.73,10.0,no,"{""count_fp"":""10.00"",""created_time"":""2026-04-28T05:51:49.125924Z"",""no_price_dollars"":""0.2700"",""taker_side"":""no"",""ticker"":""KXETH15M-26APR280200-00"",""trade_id"":""2e391fa4-cc41-6a2d-df41-6bf1326528af"",""yes_price_dollars"":""0.7300""}"
KXETH15M-26APR280200-00,46e30326-d8d1-4eab-6413-95a4991732cf,1777355512,0.7,1.0,yes,"{""count_fp"":""1.00"",""created_time"":""2026-04-28T05:51:52.165401Z"",""no_price_dollars"":""0.3000"",""taker_side"":""yes"",""ticker"":""KXETH15M-26APR280200-00"",""trade_id"":""46e30326-d8d1-4eab-6413-95a4991732cf"",""yes_price_dollars"":""0.7000""}"
KXETH15M-26APR280200-00,080e2059-0d89-4c56-4f1c-42d26492b584,1777355512,0.7,5.39,yes,"{""count_fp"":""5.39"",""created_time"":""2026-04-28T05:51:52.165401Z"",""no_price_dollars"":""0.3000"",""taker_side"":""yes"",""ticker"":""KXETH15M-26APR280200-00"",""trade_id"":""080e2059-0d89-4c56-4f1c-42d26492b584"",""yes_price_dollars"":""0.7000""}"
KXETH15M-26APR280200-00,2d255828-3743-6f09-fdbe-758b23452ff8,1777355516,0.69,1.0,no,"{""count_fp"":""1.00"",""created_time"":""2026-04-28T05:51:56.487342Z"",""no_price_dollars"":""0.3100"",""taker_side"":""no"",""ticker"":""KXETH15M-26APR280200-00"",""trade_id"":""2d255828-3743-6f09-fdbe-758b23452ff8"",""yes_price_dollars"":""0.6900""}"
KXETH15M-26APR280200-00,09f6dc83-c9a8-6a4f-c19a-efb53311378d,1777355516,0.67,1.88,no,"{""count_fp"":""1.88"",""created_time"":""2026-04-28T05:51:56.487342Z"",""no_price_dollars"":""0.3300"",""taker_side"":""no"",""ticker"":""KXETH15M-26APR280200-00"",""trade_id"":""09f6dc83-c9a8-6a4f-c19a-efb53311378d"",""yes_price_dollars"":""0.6700""}"
KXETH15M-26APR280200-00,3d0ac1db-cbdb-4aa8-8e76-d0d108d6957a,1777355517,0.66,100.0,no,"{""count_fp"":""100.00"",""created_time"":""2026-04-28T05:51:57.167128Z"",""no_price_dollars"":""0.3400"",""taker_side"":""no"",""ticker"":""KXETH15M-26APR280200-00"",""trade_id"":""3d0ac1db-cbdb-4aa8-8e76-d0d108d6957a"",""yes_price_dollars"":""0.6600""}"
KXETH15M-26APR280200-00,1df4c8ac-46ec-4343-83c5-126107e17583,1777355517,0.65,1.0,no,"{""count_fp"":""1.00"",""created_time"":""2026-04-28T05:51:57.167128Z"",""no_price_dollars"":""0.3500"",""taker_side"":""no"",""ticker"":""KXETH15M-26APR280200-00"",""trade_id"":""1df4c8ac-46ec-4343-83c5-126107e17583"",""yes_price_dollars"":""0.6500""}"
KXETH15M-26APR280200-00,1c506d2e-0541-66b7-49f5-1daf69bc35f0,1777355517,0.67,10.0,no,"{""count_fp"":""10.00"",""created_time"":""2026-04-28T05:51:57.150254Z"",""no_price_dollars"":""0.3300"",""taker_side"":""no"",""ticker"":""KXETH15M-26APR280200-00"",""trade_id"":""1c506d2e-0541-66b7-49f5-1daf69bc35f0"",""yes_price_dollars"":""0.6700""}"
KXETH15M-26APR280200-00,c20ed3be-5b62-444d-2526-c31dc7a9f2d6,1777355520,0.63,0.16,no,"{""count_fp"":""0.16"",""created_time"":""2026-04-28T05:52:00.582386Z"",""no_price_dollars"":""0.3700"",""taker_side"":""no"",""ticker"":""KXETH15M-26APR280200-00"",""trade_id"":""c20ed3be-5b62-444d-2526-c31dc7a9f2d6"",""yes_price_dollars"":""0.6300""}"
KXETH15M-26APR280200-00,284080b8-3ab8-40ab-2927-07fe5c599927,1777355520,0.63,10.0,no,"{""count_fp"":""10.00"",""created_time"":""2026-04-28T05:52:00.582386Z"",""no_price_dollars"":""0.3700"",""taker_side"":""no"",""ticker"":""KXETH15M-26APR280200-00"",""trade_id"":""284080b8-3ab8-40ab-2927-07fe5c599927"",""yes_price_dollars"":""0.6300""}"
KXETH15M-26APR280200-00,37ed2fa4-becb-4388-f863-bad19dbef4ba,1777355520,0.63,11.16,no,"{""count_fp"":""11.16"",""created_time"":""2026-04-28T05:52:00.580687Z"",""no_price_dollars"":""0.3700"",""taker_side"":""no"",""ticker"":""KXETH15M-26APR280200-00"",""trade_id"":""37ed2fa4-becb-4388-f863-bad19dbef4ba"",""yes_price_dollars"":""0.6300""}"
KXETH15M-26APR280200-00,292884e8-879e-4bfd-c95d-9b629530bace,1777355520,0.63,9.84,no,"{""count_fp"":""9.84"",""created_time"":""2026-04-28T05:52:00.580687Z"",""no_price_dollars"":""0.3700"",""taker_side"":""no"",""ticker"":""KXETH15M-26APR280200-00"",""trade_id"":""292884e8-879e-4bfd-c95d-9b629530bace"",""yes_price_dollars"":""0.6300""}"
KXETH15M-26APR280200-00,7a2096bc-e5e5-5b2f-5bd1-b6b8565744e6,1777355521,0.64,13.51,yes,"{""count_fp"":""13.51"",""created_time"":""2026-04-28T05:52:01.736753Z"",""no_price_dollars"":""0.3600"",""taker_side"":""yes"",""ticker"":""KXETH15M-26APR280200-00"",""trade_id"":""7a2096bc-e5e5-5b2f-5bd1-b6b8565744e6"",""yes_price_dollars"":""0.6400""}"
KXETH15M-26APR280200-00,6441ef9f-49a5-56cd-6d9f-439ba851c7fc,1777355521,0.62,1.0,yes,"{""count_fp"":""1.00"",""created_time"":""2026-04-28T05:52:01.736753Z"",""no_price_dollars"":""0.3800"",""taker_side"":""yes"",""ticker"":""KXETH15M-26APR280200-00"",""trade_id"":""6441ef9f-49a5-56cd-6d9f-439ba851c7fc"",""yes_price_dollars"":""0.6200""}"
KXETH15M-26APR280200-00,b6af4b4f-85c1-4933-1fcb-19695c060049,1777355521,0.62,8.31,yes,"{""count_fp"":""8.31"",""created_time"":""2026-04-28T05:52:01.027428Z"",""no_price_dollars"":""0.3800"",""taker_side"":""yes"",""ticker"":""KXETH15M-26APR280200-00"",""trade_id"":""b6af4b4f-85c1-4933-1fcb-19695c060049"",""yes_price_dollars"":""0.6200""}"
KXETH15M-26APR280200-00,7c25e7f3-9dbd-42af-22e1-ccb79b510bfd,1777355521,0.62,14.04,yes,"{""count_fp"":""14.04"",""created_time"":""2026-04-28T05:52:01.027428Z"",""no_price_dollars"":""0.3800"",""taker_side"":""yes"",""ticker"":""KXETH15M-26APR280200-00"",""trade_id"":""7c25e7f3-9dbd-42af-22e1-ccb79b510bfd"",""yes_price_dollars"":""0.6200""}"
KXETH15M-26APR280200-00,228490a1-6f66-4a95-6060-fe8d3d3c83b0,1777355523,0.59,2.2,no,"{""count_fp"":""2.20"",""created_time"":""2026-04-28T05:52:03.577295Z"",""no_price_dollars"":""0.4100"",""taker_side"":""no"",""ticker"":""KXETH15M-26APR280200-00"",""trade_id"":""228490a1-6f66-4a95-6060-fe8d3d3c83b0"",""yes_price_dollars"":""0.5900""}"
KXETH15M-26APR280200-00,48526269-1aba-5f16-b06a-5fb46975b1fb,1777355524,0.64,10.0,yes,"{""count_fp"":""10.00"",""created_time"":""2026-04-28T05:52:04.707801Z"",""no_price_dollars"":""0.3600"",""taker_side"":""yes"",""ticker"":""KXETH15M-26APR280200-00"",""trade_id"":""48526269-1aba-5f16-b06a-5fb46975b1fb"",""yes_price_dollars"":""0.6400""}"
KXETH15M-26APR280200-00,a8b45a64-ec41-62ed-5bd3-e501296aecf9,1777355525,0.67,6.91,yes,"{""count_fp"":""6.91"",""created_time"":""2026-04-28T05:52:05.407866Z"",""no_price_dollars"":""0.3300"",""taker_side"":""yes"",""ticker"":""KXETH15M-26APR280200-00"",""trade_id"":""a8b45a64-ec41-62ed-5bd3-e501296aecf9"",""yes_price_dollars"":""0.6700""}"
KXETH15M-26APR280200-00,334cfd9a-1ba9-6eb9-6ba2-adfa26521ba3,1777355525,0.66,1.0,yes,"{""count_fp"":""1.00"",""created_time"":""2026-04-28T05:52:05.407866Z"",""no_price_dollars"":""0.3400"",""taker_side"":""yes"",""ticker"":""KXETH15M-26APR280200-00"",""trade_id"":""334cfd9a-1ba9-6eb9-6ba2-adfa26521ba3"",""yes_price_dollars"":""0.6600""}"
KXETH15M-26APR280200-00,6d8a3ab5-c43d-7dd9-6a7e-79a9513d97e4,1777355529,0.7,10.0,yes,"{""count_fp"":""10.00"",""created_time"":""2026-04-28T05:52:09.465343Z"",""no_price_dollars"":""0.3000"",""taker_side"":""yes"",""ticker"":""KXETH15M-26APR280200-00"",""trade_id"":""6d8a3ab5-c43d-7dd9-6a7e-79a9513d97e4"",""yes_price_dollars"":""0.7000""}"
KXETH15M-26APR280200-00,4824f363-3952-7b0e-78f4-7c65a6d551fc,1777355529,0.7,1.0,yes,"{""count_fp"":""1.00"",""created_time"":""2026-04-28T05:52:09.465343Z"",""no_price_dollars"":""0.3000"",""taker_side"":""yes"",""ticker"":""KXETH15M-26APR280200-00"",""trade_id"":""4824f363-3952-7b0e-78f4-7c65a6d551fc"",""yes_price_dollars"":""0.7000""}"
KXETH15M-26APR280200-00,f278d1ec-e2fc-6667-06ea-f19c512f5a9d,1777355529,0.69,10.0,yes,"{""count_fp"":""10.00"",""created_time"":""2026-04-28T05:52:09.462439Z"",""no_price_dollars"":""0.3100"",""taker_side"":""yes"",""ticker"":""KXETH15M-26APR280200-00"",""trade_id"":""f278d1ec-e2fc-6667-06ea-f19c512f5a9d"",""yes_price_dollars"":""0.6900""}"
KXETH15M-26APR280200-00,a082ff20-1a95-7a85-de91-c445d9a57c7d,1777355529,0.66,10.0,yes,"{""count_fp"":""10.00"",""created_time"":""2026-04-28T05:52:09.248217Z"",""no_price_dollars"":""0.3400"",""taker_side"":""yes"",""ticker"":""KXETH15M-26APR280200-00"",""trade_id"":""a082ff20-1a95-7a85-de91-c445d9a57c7d"",""yes_price_dollars"":""0.6600""}"
KXETH15M-26APR280200-00,94627b46-7c21-543f-8f21-2b60e0b77b8d,1777355540,0.72,0.35,yes,"{""count_fp"":""0.35"",""created_time"":""2026-04-28T05:52:20.554529Z"",""no_price_dollars"":""0.2800"",""taker_side"":""yes"",""ticker"":""KXETH15M-26APR280200-00"",""trade_id"":""94627b46-7c21-543f-8f21-2b60e0b77b8d"",""yes_price_dollars"":""0.7200""}"
KXETH15M-26APR280200-00,8770cb5b-22c4-5b2c-8aad-24f3497de43e,1777355540,0.71,1.0,yes,"{""count_fp"":""1.00"",""created_time"":""2026-04-28T05:52:20.554529Z"",""no_price_dollars"":""0.2900"",""taker_side"":""yes"",""ticker"":""KXETH15M-26APR280200-00"",""trade_id"":""8770cb5b-22c4-5b2c-8aad-24f3497de43e"",""yes_price_dollars"":""0.7100""}"
KXETH15M-26APR280200-00,cec2dfbd-690e-5a5c-becb-1e141c22e771,1777355544,0.72,1.0,yes,"{""count_fp"":""1.00"",""created_time"":""2026-04-28T05:52:24.766685Z"",""no_price_dollars"":""0.2800"",""taker_side"":""yes"",""ticker"":""KXETH15M-26APR280200-00"",""trade_id"":""cec2dfbd-690e-5a5c-becb-1e141c22e771"",""yes_price_dollars"":""0.7200""}"
KXETH15M-26APR280200-00,abdaf82c-5367-5a61-ae96-ac321d95b28e,1777355544,0.72,10.0,yes,"{""count_fp"":""10.00"",""created_time"":""2026-04-28T05:52:24.766685Z"",""no_price_dollars"":""0.2800"",""taker_side"":""yes"",""ticker"":""KXETH15M-26APR280200-00"",""trade_id"":""abdaf82c-5367-5a61-ae96-ac321d95b28e"",""yes_price_dollars"":""0.7200""}"
KXETH15M-26APR280200-00,9d5df66a-3df1-509f-8a58-c871b4ed278a,1777355544,0.73,34.1,yes,"{""count_fp"":""34.10"",""created_time"":""2026-04-28T05:52:24.766685Z"",""no_price_dollars"":""0.2700"",""taker_side"":""yes"",""ticker"":""KXETH15M-26APR280200-00"",""trade_id"":""9d5df66a-3df1-509f-8a58-c871b4ed278a"",""yes_price_dollars"":""0.7300""}"
KXETH15M-26APR280200-00,2426bccf-a2dd-5a04-aff7-5109372e3a55,1777355544,0.72,8.92,yes,"{""count_fp"":""8.92"",""created_time"":""2026-04-28T05:52:24.766685Z"",""no_price_dollars"":""0.2800"",""taker_side"":""yes"",""ticker"":""KXETH15M-26APR280200-00"",""trade_id"":""2426bccf-a2dd-5a04-aff7-5109372e3a55"",""yes_price_dollars"":""0.7200""}"
KXETH15M-26APR280200-00,42e2196e-5030-765f-8da2-70511c07f4ae,1777355560,0.73,10.0,yes,"{""count_fp"":""10.00"",""created_time"":""2026-04-28T05:52:40.834931Z"",""no_price_dollars"":""0.2700"",""taker_side"":""yes"",""ticker"":""KXETH15M-26APR280200-00"",""trade_id"":""42e2196e-5030-765f-8da2-70511c07f4ae"",""yes_price_dollars"":""0.7300""}"
