ticker,trade_id,ts,yes_price,count,taker_side,raw_json
KXETH15M-26APR280600-00,9045f74b-82f3-6189-b995-1f9d06d1f795,1777369521,0.44,29.0,no,"{""count_fp"":""29.00"",""created_time"":""2026-04-28T09:45:21.831271Z"",""no_price_dollars"":""0.5600"",""taker_side"":""no"",""ticker"":""KXETH15M-26APR280600-00"",""trade_id"":""9045f74b-82f3-6189-b995-1f9d06d1f795"",""yes_price_dollars"":""0.4400""}"
KXETH15M-26APR280600-00,da35733d-a858-63a7-df66-0089b749cab4,1777369521,0.44,8.0,no,"{""count_fp"":""8.00"",""created_time"":""2026-04-28T09:45:21.343676Z"",""no_price_dollars"":""0.5600"",""taker_side"":""no"",""ticker"":""KXETH15M-26APR280600-00"",""trade_id"":""da35733d-a858-63a7-df66-0089b749cab4"",""yes_price_dollars"":""0.4400""}"
KXETH15M-26APR280600-00,adcccdd0-6753-70c5-6434-5db171e81f29,1777369524,0.44,5.0,no,"{""count_fp"":""5.00"",""created_time"":""2026-04-28T09:45:24.184185Z"",""no_price_dollars"":""0.5600"",""taker_side"":""no"",""ticker"":""KXETH15M-26APR280600-00"",""trade_id"":""adcccdd0-6753-70c5-6434-5db171e81f29"",""yes_price_dollars"":""0.4400""}"
KXETH15M-26APR280600-00,3d067965-0230-782b-920a-cb2ae61b40d0,1777369529,0.38,5.0,no,"{""count_fp"":""5.00"",""created_time"":""2026-04-28T09:45:29.465792Z"",""no_price_dollars"":""0.6200"",""taker_side"":""no"",""ticker"":""KXETH15M-26APR280600-00"",""trade_id"":""3d067965-0230-782b-920a-cb2ae61b40d0"",""yes_price_dollars"":""0.3800""}"
KXETH15M-26APR280600-00,bc3ab50f-004f-5a0b-bef5-b6e2de7339bf,1777369532,0.34,3.01,no,"{""count_fp"":""3.01"",""created_time"":""2026-04-28T09:45:32.360895Z"",""no_price_dollars"":""0.6600"",""taker_side"":""no"",""ticker"":""KXETH15M-26APR280600-00"",""trade_id"":""bc3ab50f-004f-5a0b-bef5-b6e2de7339bf"",""yes_price_dollars"":""0.3400""}"
KXETH15M-26APR280600-00,8da6b2dc-6809-51a9-93ff-8d29a6d406ea,1777369532,0.37,13.0,no,"{""count_fp"":""13.00"",""created_time"":""2026-04-28T09:45:32.360895Z"",""no_price_dollars"":""0.6300"",""taker_side"":""no"",""ticker"":""KXETH15M-26APR280600-00"",""trade_id"":""8da6b2dc-6809-51a9-93ff-8d29a6d406ea"",""yes_price_dollars"":""0.3700""}"
KXETH15M-26APR280600-00,07a3d231-49cd-59f2-ab50-1e88925aead9,1777369532,0.4,5.0,no,"{""count_fp"":""5.00"",""created_time"":""2026-04-28T09:45:32.360895Z"",""no_price_dollars"":""0.6000"",""taker_side"":""no"",""ticker"":""KXETH15M-26APR280600-00"",""trade_id"":""07a3d231-49cd-59f2-ab50-1e88925aead9"",""yes_price_dollars"":""0.4000""}"
KXETH15M-26APR280600-00,064efeea-32b8-51cf-9f58-429aebee49a8,1777369532,0.37,10.0,no,"{""count_fp"":""10.00"",""created_time"":""2026-04-28T09:45:32.360895Z"",""no_price_dollars"":""0.6300"",""taker_side"":""no"",""ticker"":""KXETH15M-26APR280600-00"",""trade_id"":""064efeea-32b8-51cf-9f58-429aebee49a8"",""yes_price_dollars"":""0.3700""}"
KXETH15M-26APR280600-00,991de44b-0273-5963-7347-a6b85cef4f81,1777369533,0.4,5.0,yes,"{""count_fp"":""5.00"",""created_time"":""2026-04-28T09:45:33.877219Z"",""no_price_dollars"":""0.6000"",""taker_side"":""yes"",""ticker"":""KXETH15M-26APR280600-00"",""trade_id"":""991de44b-0273-5963-7347-a6b85cef4f81"",""yes_price_dollars"":""0.4000""}"
KXETH15M-26APR280600-00,d8870162-5a8b-4d13-6e78-b20be281a4fd,1777369533,0.4,11.0,yes,"{""count_fp"":""11.00"",""created_time"":""2026-04-28T09:45:33.549049Z"",""no_price_dollars"":""0.6000"",""taker_side"":""yes"",""ticker"":""KXETH15M-26APR280600-00"",""trade_id"":""d8870162-5a8b-4d13-6e78-b20be281a4fd"",""yes_price_dollars"":""0.4000""}"
KXETH15M-26APR280600-00,ab812ced-650e-5968-5b00-9439a4a16bfe,1777369536,0.36,1.0,no,"{""count_fp"":""1.00"",""created_time"":""2026-04-28T09:45:36.296576Z"",""no_price_dollars"":""0.6400"",""taker_side"":""no"",""ticker"":""KXETH15M-26APR280600-00"",""trade_id"":""ab812ced-650e-5968-5b00-9439a4a16bfe"",""yes_price_dollars"":""0.3600""}"
KXETH15M-26APR280600-00,4bdad139-df62-476b-f38c-85998b921c87,1777369547,0.37,1.0,no,"{""count_fp"":""1.00"",""created_time"":""2026-04-28T09:45:47.394577Z"",""no_price_dollars"":""0.6300"",""taker_side"":""no"",""ticker"":""KXETH15M-26APR280600-00"",""trade_id"":""4bdad139-df62-476b-f38c-85998b921c87"",""yes_price_dollars"":""0.3700""}"
KXETH15M-26APR280600-00,787d06b4-bee3-5feb-7dd9-aead3d03d399,1777369555,0.36,21.0,yes,"{""count_fp"":""21.00"",""created_time"":""2026-04-28T09:45:55.924379Z"",""no_price_dollars"":""0.6400"",""taker_side"":""yes"",""ticker"":""KXETH15M-26APR280600-00"",""trade_id"":""787d06b4-bee3-5feb-7dd9-aead3d03d399"",""yes_price_dollars"":""0.3600""}"
KXETH15M-26APR280600-00,66e74daf-1b7a-77b0-c73d-589b050de8b2,1777369555,0.36,1.0,no,"{""count_fp"":""1.00"",""created_time"":""2026-04-28T09:45:55.520754Z"",""no_price_dollars"":""0.6400"",""taker_side"":""no"",""ticker"":""KXETH15M-26APR280600-00"",""trade_id"":""66e74daf-1b7a-77b0-c73d-589b050de8b2"",""yes_price_dollars"":""0.3600""}"
KXETH15M-26APR280600-00,0b2d530b-f27f-74c1-d550-a928b02020f5,1777369555,0.36,65.0,no,"{""count_fp"":""65.00"",""created_time"":""2026-04-28T09:45:55.520754Z"",""no_price_dollars"":""0.6400"",""taker_side"":""no"",""ticker"":""KXETH15M-26APR280600-00"",""trade_id"":""0b2d530b-f27f-74c1-d550-a928b02020f5"",""yes_price_dollars"":""0.3600""}"
KXETH15M-26APR280600-00,3485d3f7-501f-5b7a-9717-b2519632d086,1777369560,0.35,1.0,no,"{""count_fp"":""1.00"",""created_time"":""2026-04-28T09:46:00.186792Z"",""no_price_dollars"":""0.6500"",""taker_side"":""no"",""ticker"":""KXETH15M-26APR280600-00"",""trade_id"":""3485d3f7-501f-5b7a-9717-b2519632d086"",""yes_price_dollars"":""0.3500""}"
KXETH15M-26APR280600-00,19c37986-8c43-5744-9f0d-4cf00f4f540e,1777369560,0.34,5.0,no,"{""count_fp"":""5.00"",""created_time"":""2026-04-28T09:46:00.186792Z"",""no_price_dollars"":""0.6600"",""taker_side"":""no"",""ticker"":""KXETH15M-26APR280600-00"",""trade_id"":""19c37986-8c43-5744-9f0d-4cf00f4f540e"",""yes_price_dollars"":""0.3400""}"
KXETH15M-26APR280600-00,45c8dc29-2e4f-689d-8d43-94abe827e488,1777369561,0.35,1.0,yes,"{""count_fp"":""1.00"",""created_time"":""2026-04-28T09:46:01.976523Z"",""no_price_dollars"":""0.6500"",""taker_side"":""yes"",""ticker"":""KXETH15M-26APR280600-00"",""trade_id"":""45c8dc29-2e4f-689d-8d43-94abe827e488"",""yes_price_dollars"":""0.3500""}"
KXETH15M-26APR280600-00,f8e724b4-c933-7fb3-eb56-ecfe8b105716,1777369563,0.34,1.0,no,"{""count_fp"":""1.00"",""created_time"":""2026-04-28T09:46:03.162888Z"",""no_price_dollars"":""0.6600"",""taker_side"":""no"",""ticker"":""KXETH15M-26APR280600-00"",""trade_id"":""f8e724b4-c933-7fb3-eb56-ecfe8b105716"",""yes_price_dollars"":""0.3400""}"
KXETH15M-26APR280600-00,862f9dcd-811b-70c9-d8e9-fe3f8a072675,1777369563,0.31,7.0,no,"{""count_fp"":""7.00"",""created_time"":""2026-04-28T09:46:03.162888Z"",""no_price_dollars"":""0.6900"",""taker_side"":""no"",""ticker"":""KXETH15M-26APR280600-00"",""trade_id"":""862f9dcd-811b-70c9-d8e9-fe3f8a072675"",""yes_price_dollars"":""0.3100""}"
KXETH15M-26APR280600-00,e84c91f7-b9df-4e05-5dcc-40e6f9aec9db,1777369565,0.33,60.0,yes,"{""count_fp"":""60.00"",""created_time"":""2026-04-28T09:46:05.092866Z"",""no_price_dollars"":""0.6700"",""taker_side"":""yes"",""ticker"":""KXETH15M-26APR280600-00"",""trade_id"":""e84c91f7-b9df-4e05-5dcc-40e6f9aec9db"",""yes_price_dollars"":""0.3300""}"
KXETH15M-26APR280600-00,8ea9346e-08b8-4969-7a1a-8286c7af0fb1,1777369565,0.33,10.0,yes,"{""count_fp"":""10.00"",""created_time"":""2026-04-28T09:46:05.092866Z"",""no_price_dollars"":""0.6700"",""taker_side"":""yes"",""ticker"":""KXETH15M-26APR280600-00"",""trade_id"":""8ea9346e-08b8-4969-7a1a-8286c7af0fb1"",""yes_price_dollars"":""0.3300""}"
KXETH15M-26APR280600-00,1a256876-9d33-4fcf-5d3e-6faa8b65f989,1777369565,0.33,100.0,yes,"{""count_fp"":""100.00"",""created_time"":""2026-04-28T09:46:05.092866Z"",""no_price_dollars"":""0.6700"",""taker_side"":""yes"",""ticker"":""KXETH15M-26APR280600-00"",""trade_id"":""1a256876-9d33-4fcf-5d3e-6faa8b65f989"",""yes_price_dollars"":""0.3300""}"
KXETH15M-26APR280600-00,ce76d64c-faa3-6c8d-09ba-34565b87cb28,1777369566,0.35,6.0,yes,"{""count_fp"":""6.00"",""created_time"":""2026-04-28T09:46:06.451993Z"",""no_price_dollars"":""0.6500"",""taker_side"":""yes"",""ticker"":""KXETH15M-26APR280600-00"",""trade_id"":""ce76d64c-faa3-6c8d-09ba-34565b87cb28"",""yes_price_dollars"":""0.3500""}"
KXETH15M-26APR280600-00,0a4a147c-6d97-5081-d0e4-825e4d9a2bb0,1777369567,0.35,3.0,yes,"{""count_fp"":""3.00"",""created_time"":""2026-04-28T09:46:07.560019Z"",""no_price_dollars"":""0.6500"",""taker_side"":""yes"",""ticker"":""KXETH15M-26APR280600-00"",""trade_id"":""0a4a147c-6d97-5081-d0e4-825e4d9a2bb0"",""yes_price_dollars"":""0.3500""}"
KXETH15M-26APR280600-00,c36fd82a-ca5f-6379-588e-495ca4a40830,1777369570,0.35,9.0,yes,"{""count_fp"":""9.00"",""created_time"":""2026-04-28T09:46:10.959938Z"",""no_price_dollars"":""0.6500"",""taker_side"":""yes"",""ticker"":""KXETH15M-26APR280600-00"",""trade_id"":""c36fd82a-ca5f-6379-588e-495ca4a40830"",""yes_price_dollars"":""0.3500""}"
KXETH15M-26APR280600-00,46a1a29d-8fca-65fe-4921-c7a855253ab6,1777369570,0.36,16.85,yes,"{""count_fp"":""16.85"",""created_time"":""2026-04-28T09:46:10.959938Z"",""no_price_dollars"":""0.6400"",""taker_side"":""yes"",""ticker"":""KXETH15M-26APR280600-00"",""trade_id"":""46a1a29d-8fca-65fe-4921-c7a855253ab6"",""yes_price_dollars"":""0.3600""}"
KXETH15M-26APR280600-00,330f7182-9d7e-6a16-7182-024d65cb11f7,1777369570,0.35,1.0,yes,"{""count_fp"":""1.00"",""created_time"":""2026-04-28T09:46:10.959938Z"",""no_price_dollars"":""0.6500"",""taker_side"":""yes"",""ticker"":""KXETH15M-26APR280600-00"",""trade_id"":""330f7182-9d7e-6a16-7182-024d65cb11f7"",""yes_price_dollars"":""0.3500""}"
KXETH15M-26APR280600-00,688b1bab-a8de-5600-96d1-505f5cefa65d,1777369571,0.34,1.0,no,"{""count_fp"":""1.00"",""created_time"":""2026-04-28T09:46:11.122984Z"",""no_price_dollars"":""0.6600"",""taker_side"":""no"",""ticker"":""KXETH15M-26APR280600-00"",""trade_id"":""688b1bab-a8de-5600-96d1-505f5cefa65d"",""yes_price_dollars"":""0.3400""}"
KXETH15M-26APR280600-00,205e3ad9-0f46-534a-8e42-ecda7f336cae,1777369571,0.33,6.0,no,"{""count_fp"":""6.00"",""created_time"":""2026-04-28T09:46:11.122984Z"",""no_price_dollars"":""0.6700"",""taker_side"":""no"",""ticker"":""KXETH15M-26APR280600-00"",""trade_id"":""205e3ad9-0f46-534a-8e42-ecda7f336cae"",""yes_price_dollars"":""0.3300""}"
KXETH15M-26APR280600-00,799b146b-7509-63fa-00d5-4b7353b9d8aa,1777369573,0.35,1.0,no,"{""count_fp"":""1.00"",""created_time"":""2026-04-28T09:46:13.171097Z"",""no_price_dollars"":""0.6500"",""taker_side"":""no"",""ticker"":""KXETH15M-26APR280600-00"",""trade_id"":""799b146b-7509-63fa-00d5-4b7353b9d8aa"",""yes_price_dollars"":""0.3500""}"
KXETH15M-26APR280600-00,393b5500-460e-680e-12a7-8f0bcf15efdb,1777369573,0.35,1.16,no,"{""count_fp"":""1.16"",""created_time"":""2026-04-28T09:46:13.171097Z"",""no_price_dollars"":""0.6500"",""taker_side"":""no"",""ticker"":""KXETH15M-26APR280600-00"",""trade_id"":""393b5500-460e-680e-12a7-8f0bcf15efdb"",""yes_price_dollars"":""0.3500""}"
KXETH15M-26APR280600-00,44770800-7f27-4e65-69a0-ae5da9074989,1777369574,0.34,2.91,no,"{""count_fp"":""2.91"",""created_time"":""2026-04-28T09:46:14.496551Z"",""no_price_dollars"":""0.6600"",""taker_side"":""no"",""ticker"":""KXETH15M-26APR280600-00"",""trade_id"":""44770800-7f27-4e65-69a0-ae5da9074989"",""yes_price_dollars"":""0.3400""}"
KXETH15M-26APR280600-00,19dc798d-6cc7-48c1-4f77-49d7e2cb3141,1777369582,0.37,1.0,yes,"{""count_fp"":""1.00"",""created_time"":""2026-04-28T09:46:22.079192Z"",""no_price_dollars"":""0.6300"",""taker_side"":""yes"",""ticker"":""KXETH15M-26APR280600-00"",""trade_id"":""19dc798d-6cc7-48c1-4f77-49d7e2cb3141"",""yes_price_dollars"":""0.3700""}"
KXETH15M-26APR280600-00,f49c19af-990a-65b6-bca0-6de81415de9a,1777369594,0.33,26.85,yes,"{""count_fp"":""26.85"",""created_time"":""2026-04-28T09:46:34.096249Z"",""no_price_dollars"":""0.6700"",""taker_side"":""yes"",""ticker"":""KXETH15M-26APR280600-00"",""trade_id"":""f49c19af-990a-65b6-bca0-6de81415de9a"",""yes_price_dollars"":""0.3300""}"
KXETH15M-26APR280600-00,d4048149-fde8-43c1-53e4-2d8cb9d44ea4,1777369597,0.29,1.0,no,"{""count_fp"":""1.00"",""created_time"":""2026-04-28T09:46:37.505992Z"",""no_price_dollars"":""0.7100"",""taker_side"":""no"",""ticker"":""KXETH15M-26APR280600-00"",""trade_id"":""d4048149-fde8-43c1-53e4-2d8cb9d44ea4"",""yes_price_dollars"":""0.2900""}"
KXETH15M-26APR280600-00,8ddbc924-1dc2-42fe-9988-f31048aeda06,1777369602,0.26,1.0,no,"{""count_fp"":""1.00"",""created_time"":""2026-04-28T09:46:42.982471Z"",""no_price_dollars"":""0.7400"",""taker_side"":""no"",""ticker"":""KXETH15M-26APR280600-00"",""trade_id"":""8ddbc924-1dc2-42fe-9988-f31048aeda06"",""yes_price_dollars"":""0.2600""}"
KXETH15M-26APR280600-00,a0782442-24c4-4c6e-325b-c795d4bc0826,1777369604,0.3,1.0,no,"{""count_fp"":""1.00"",""created_time"":""2026-04-28T09:46:44.840207Z"",""no_price_dollars"":""0.7000"",""taker_side"":""no"",""ticker"":""KXETH15M-26APR280600-00"",""trade_id"":""a0782442-24c4-4c6e-325b-c795d4bc0826"",""yes_price_dollars"":""0.3000""}"
KXETH15M-26APR280600-00,7e3fd671-8e33-7fc8-e16e-c070e421441c,1777369604,0.3,317.0,yes,"{""count_fp"":""317.00"",""created_time"":""2026-04-28T09:46:44.679436Z"",""no_price_dollars"":""0.7000"",""taker_side"":""yes"",""ticker"":""KXETH15M-26APR280600-00"",""trade_id"":""7e3fd671-8e33-7fc8-e16e-c070e421441c"",""yes_price_dollars"":""0.3000""}"
KXETH15M-26APR280600-00,d7648c08-1603-674c-06c8-1756c5616218,1777369604,0.3,560.0,yes,"{""count_fp"":""560.00"",""created_time"":""2026-04-28T09:46:44.621583Z"",""no_price_dollars"":""0.7000"",""taker_side"":""yes"",""ticker"":""KXETH15M-26APR280600-00"",""trade_id"":""d7648c08-1603-674c-06c8-1756c5616218"",""yes_price_dollars"":""0.3000""}"
KXETH15M-26APR280600-00,15e07604-1083-4228-94e6-48f35b78fabc,1777369604,0.3,606.0,yes,"{""count_fp"":""606.00"",""created_time"":""2026-04-28T09:46:44.610095Z"",""no_price_dollars"":""0.7000"",""taker_side"":""yes"",""ticker"":""KXETH15M-26APR280600-00"",""trade_id"":""15e07604-1083-4228-94e6-48f35b78fabc"",""yes_price_dollars"":""0.3000""}"
KXETH15M-26APR280600-00,8d2ad438-cf8a-5252-a0b9-488441da877e,1777369604,0.29,100.0,yes,"{""count_fp"":""100.00"",""created_time"":""2026-04-28T09:46:44.485252Z"",""no_price_dollars"":""0.7100"",""taker_side"":""yes"",""ticker"":""KXETH15M-26APR280600-00"",""trade_id"":""8d2ad438-cf8a-5252-a0b9-488441da877e"",""yes_price_dollars"":""0.2900""}"
KXETH15M-26APR280600-00,2c252f22-164f-699d-cad0-4431fc049ae1,1777369611,0.29,241.57,no,"{""count_fp"":""241.57"",""created_time"":""2026-04-28T09:46:51.065046Z"",""no_price_dollars"":""0.7100"",""taker_side"":""no"",""ticker"":""KXETH15M-26APR280600-00"",""trade_id"":""2c252f22-164f-699d-cad0-4431fc049ae1"",""yes_price_dollars"":""0.2900""}"
KXETH15M-26APR280600-00,9f4abeb6-fd9e-7481-f64e-34ba6e67e726,1777369617,0.29,3.0,no,"{""count_fp"":""3.00"",""created_time"":""2026-04-28T09:46:57.394833Z"",""no_price_dollars"":""0.7100"",""taker_side"":""no"",""ticker"":""KXETH15M-26APR280600-00"",""trade_id"":""9f4abeb6-fd9e-7481-f64e-34ba6e67e726"",""yes_price_dollars"":""0.2900""}"
KXETH15M-26APR280600-00,10d65d8d-f82a-7b4a-cbe5-2eda7df7b696,1777369617,0.28,10.0,no,"{""count_fp"":""10.00"",""created_time"":""2026-04-28T09:46:57.394833Z"",""no_price_dollars"":""0.7200"",""taker_side"":""no"",""ticker"":""KXETH15M-26APR280600-00"",""trade_id"":""10d65d8d-f82a-7b4a-cbe5-2eda7df7b696"",""yes_price_dollars"":""0.2800""}"
KXETH15M-26APR280600-00,d54cf9e7-1487-6907-781a-2ccbb11d20a8,1777369623,0.26,6.3,yes,"{""count_fp"":""6.30"",""created_time"":""2026-04-28T09:47:03.550515Z"",""no_price_dollars"":""0.7400"",""taker_side"":""yes"",""ticker"":""KXETH15M-26APR280600-00"",""trade_id"":""d54cf9e7-1487-6907-781a-2ccbb11d20a8"",""yes_price_dollars"":""0.2600""}"
KXETH15M-26APR280600-00,552edefb-b4c8-697f-42ca-428b00eea4d7,1777369623,0.26,1.0,yes,"{""count_fp"":""1.00"",""created_time"":""2026-04-28T09:47:03.550515Z"",""no_price_dollars"":""0.7400"",""taker_side"":""yes"",""ticker"":""KXETH15M-26APR280600-00"",""trade_id"":""552edefb-b4c8-697f-42ca-428b00eea4d7"",""yes_price_dollars"":""0.2600""}"
KXETH15M-26APR280600-00,3f545ed6-a162-51eb-de30-7057a4196840,1777369627,0.24,3.0,no,"{""count_fp"":""3.00"",""created_time"":""2026-04-28T09:47:07.203309Z"",""no_price_dollars"":""0.7600"",""taker_side"":""no"",""ticker"":""KXETH15M-26APR280600-00"",""trade_id"":""3f545ed6-a162-51eb-de30-7057a4196840"",""yes_price_dollars"":""0.2400""}"
KXETH15M-26APR280600-00,cb62ac77-d1fe-56b7-ce8a-4bab20185a74,1777369628,0.24,1.0,no,"{""count_fp"":""1.00"",""created_time"":""2026-04-28T09:47:08.798697Z"",""no_price_dollars"":""0.7600"",""taker_side"":""no"",""ticker"":""KXETH15M-26APR280600-00"",""trade_id"":""cb62ac77-d1fe-56b7-ce8a-4bab20185a74"",""yes_price_dollars"":""0.2400""}"
KXETH15M-26APR280600-00,66c7d904-8b0a-5070-c7c4-0d143e5f21b1,1777369628,0.23,1.55,no,"{""count_fp"":""1.55"",""created_time"":""2026-04-28T09:47:08.798697Z"",""no_price_dollars"":""0.7700"",""taker_side"":""no"",""ticker"":""KXETH15M-26APR280600-00"",""trade_id"":""66c7d904-8b0a-5070-c7c4-0d143e5f21b1"",""yes_price_dollars"":""0.2300""}"
KXETH15M-26APR280600-00,cfe89713-ec6a-5928-51be-6b4060aa5f0d,1777369636,0.22,2.0,no,"{""count_fp"":""2.00"",""created_time"":""2026-04-28T09:47:16.826115Z"",""no_price_dollars"":""0.7800"",""taker_side"":""no"",""ticker"":""KXETH15M-26APR280600-00"",""trade_id"":""cfe89713-ec6a-5928-51be-6b4060aa5f0d"",""yes_price_dollars"":""0.2200""}"
KXETH15M-26APR280600-00,7c0dd8c4-29fe-6433-75c1-d7769057d1a2,1777369641,0.2,0.3,no,"{""count_fp"":""0.30"",""created_time"":""2026-04-28T09:47:21.890234Z"",""no_price_dollars"":""0.8000"",""taker_side"":""no"",""ticker"":""KXETH15M-26APR280600-00"",""trade_id"":""7c0dd8c4-29fe-6433-75c1-d7769057d1a2"",""yes_price_dollars"":""0.2000""}"
KXETH15M-26APR280600-00,e357a2a4-ff89-6684-43f7-4e60b48b21c4,1777369655,0.21,5.0,yes,"{""count_fp"":""5.00"",""created_time"":""2026-04-28T09:47:35.250132Z"",""no_price_dollars"":""0.7900"",""taker_side"":""yes"",""ticker"":""KXETH15M-26APR280600-00"",""trade_id"":""e357a2a4-ff89-6684-43f7-4e60b48b21c4"",""yes_price_dollars"":""0.2100""}"
KXETH15M-26APR280600-00,8ff5b48e-4aa8-7c0e-e046-2bdc98092e43,1777369658,0.18,10.0,no,"{""count_fp"":""10.00"",""created_time"":""2026-04-28T09:47:38.056377Z"",""no_price_dollars"":""0.8200"",""taker_side"":""no"",""ticker"":""KXETH15M-26APR280600-00"",""trade_id"":""8ff5b48e-4aa8-7c0e-e046-2bdc98092e43"",""yes_price_dollars"":""0.1800""}"
KXETH15M-26APR280600-00,8598dcd4-721e-7e10-f902-4d7646be29d1,1777369658,0.18,10.0,no,"{""count_fp"":""10.00"",""created_time"":""2026-04-28T09:47:38.056377Z"",""no_price_dollars"":""0.8200"",""taker_side"":""no"",""ticker"":""KXETH15M-26APR280600-00"",""trade_id"":""8598dcd4-721e-7e10-f902-4d7646be29d1"",""yes_price_dollars"":""0.1800""}"
KXETH15M-26APR280600-00,2999d803-38e9-702e-f6d7-624b884e542d,1777369658,0.17,0.85,no,"{""count_fp"":""0.85"",""created_time"":""2026-04-28T09:47:38.056377Z"",""no_price_dollars"":""0.8300"",""taker_side"":""no"",""ticker"":""KXETH15M-26APR280600-00"",""trade_id"":""2999d803-38e9-702e-f6d7-624b884e542d"",""yes_price_dollars"":""0.1700""}"
KXETH15M-26APR280600-00,160d6da6-2782-7b26-f057-d5a1d6041ead,1777369658,0.17,3.0,no,"{""count_fp"":""3.00"",""created_time"":""2026-04-28T09:47:38.056377Z"",""no_price_dollars"":""0.8300"",""taker_side"":""no"",""ticker"":""KXETH15M-26APR280600-00"",""trade_id"":""160d6da6-2782-7b26-f057-d5a1d6041ead"",""yes_price_dollars"":""0.1700""}"
KXETH15M-26APR280600-00,00ffc9f3-e0cf-7ac8-d8b4-441cb7fefa98,1777369658,0.17,3.0,no,"{""count_fp"":""3.00"",""created_time"":""2026-04-28T09:47:38.056377Z"",""no_price_dollars"":""0.8300"",""taker_side"":""no"",""ticker"":""KXETH15M-26APR280600-00"",""trade_id"":""00ffc9f3-e0cf-7ac8-d8b4-441cb7fefa98"",""yes_price_dollars"":""0.1700""}"
KXETH15M-26APR280600-00,d7f711d4-e654-5ada-8f05-270b8a53cd1b,1777369663,0.17,5.0,yes,"{""count_fp"":""5.00"",""created_time"":""2026-04-28T09:47:43.882504Z"",""no_price_dollars"":""0.8300"",""taker_side"":""yes"",""ticker"":""KXETH15M-26APR280600-00"",""trade_id"":""d7f711d4-e654-5ada-8f05-270b8a53cd1b"",""yes_price_dollars"":""0.1700""}"
KXETH15M-26APR280600-00,dc4a51cc-9623-6821-0cd5-e6517cc4c324,1777369663,0.17,10.0,no,"{""count_fp"":""10.00"",""created_time"":""2026-04-28T09:47:43.498088Z"",""no_price_dollars"":""0.8300"",""taker_side"":""no"",""ticker"":""KXETH15M-26APR280600-00"",""trade_id"":""dc4a51cc-9623-6821-0cd5-e6517cc4c324"",""yes_price_dollars"":""0.1700""}"
KXETH15M-26APR280600-00,bea96331-3ad1-6808-0e88-ef76c01119ce,1777369663,0.17,100.0,no,"{""count_fp"":""100.00"",""created_time"":""2026-04-28T09:47:43.498088Z"",""no_price_dollars"":""0.8300"",""taker_side"":""no"",""ticker"":""KXETH15M-26APR280600-00"",""trade_id"":""bea96331-3ad1-6808-0e88-ef76c01119ce"",""yes_price_dollars"":""0.1700""}"
KXETH15M-26APR280600-00,aa7dc178-ec4a-680a-04ce-8377ecfe8927,1777369663,0.17,10.0,no,"{""count_fp"":""10.00"",""created_time"":""2026-04-28T09:47:43.498088Z"",""no_price_dollars"":""0.8300"",""taker_side"":""no"",""ticker"":""KXETH15M-26APR280600-00"",""trade_id"":""aa7dc178-ec4a-680a-04ce-8377ecfe8927"",""yes_price_dollars"":""0.1700""}"
KXETH15M-26APR280600-00,fa7f6a1e-aa41-41dd-ea82-72b2befed770,1777369668,0.16,10.0,no,"{""count_fp"":""10.00"",""created_time"":""2026-04-28T09:47:48.175122Z"",""no_price_dollars"":""0.8400"",""taker_side"":""no"",""ticker"":""KXETH15M-26APR280600-00"",""trade_id"":""fa7f6a1e-aa41-41dd-ea82-72b2befed770"",""yes_price_dollars"":""0.1600""}"
KXETH15M-26APR280600-00,df28d80c-0614-45fb-fb22-5ae882cdaff4,1777369668,0.16,35.0,no,"{""count_fp"":""35.00"",""created_time"":""2026-04-28T09:47:48.175122Z"",""no_price_dollars"":""0.8400"",""taker_side"":""no"",""ticker"":""KXETH15M-26APR280600-00"",""trade_id"":""df28d80c-0614-45fb-fb22-5ae882cdaff4"",""yes_price_dollars"":""0.1600""}"
KXETH15M-26APR280600-00,7820e223-8e15-4cff-eaf3-3d5908925cce,1777369668,0.16,8.0,no,"{""count_fp"":""8.00"",""created_time"":""2026-04-28T09:47:48.175122Z"",""no_price_dollars"":""0.8400"",""taker_side"":""no"",""ticker"":""KXETH15M-26APR280600-00"",""trade_id"":""7820e223-8e15-4cff-eaf3-3d5908925cce"",""yes_price_dollars"":""0.1600""}"
KXETH15M-26APR280600-00,6e7c3549-bcb5-4a2f-c6f6-a59d623e23bd,1777369668,0.16,1.0,no,"{""count_fp"":""1.00"",""created_time"":""2026-04-28T09:47:48.175122Z"",""no_price_dollars"":""0.8400"",""taker_side"":""no"",""ticker"":""KXETH15M-26APR280600-00"",""trade_id"":""6e7c3549-bcb5-4a2f-c6f6-a59d623e23bd"",""yes_price_dollars"":""0.1600""}"
KXETH15M-26APR280600-00,ffa153cd-35f0-724f-2cd9-01f47fcfa560,1777369668,0.16,17.0,no,"{""count_fp"":""17.00"",""created_time"":""2026-04-28T09:47:48.118275Z"",""no_price_dollars"":""0.8400"",""taker_side"":""no"",""ticker"":""KXETH15M-26APR280600-00"",""trade_id"":""ffa153cd-35f0-724f-2cd9-01f47fcfa560"",""yes_price_dollars"":""0.1600""}"
KXETH15M-26APR280600-00,3b1e18da-6a17-40d1-d436-15ce5a12a795,1777369669,0.17,2.55,yes,"{""count_fp"":""2.55"",""created_time"":""2026-04-28T09:47:49.451578Z"",""no_price_dollars"":""0.8300"",""taker_side"":""yes"",""ticker"":""KXETH15M-26APR280600-00"",""trade_id"":""3b1e18da-6a17-40d1-d436-15ce5a12a795"",""yes_price_dollars"":""0.1700""}"
KXETH15M-26APR280600-00,d99d883f-61f9-5dc0-534b-935ca92a69df,1777369669,0.15,2.0,no,"{""count_fp"":""2.00"",""created_time"":""2026-04-28T09:47:49.130816Z"",""no_price_dollars"":""0.8500"",""taker_side"":""no"",""ticker"":""KXETH15M-26APR280600-00"",""trade_id"":""d99d883f-61f9-5dc0-534b-935ca92a69df"",""yes_price_dollars"":""0.1500""}"
KXETH15M-26APR280600-00,4ca70fbb-ec28-474c-45e3-7a8f4321d3f8,1777369669,0.17,10.0,yes,"{""count_fp"":""10.00"",""created_time"":""2026-04-28T09:47:49.018069Z"",""no_price_dollars"":""0.8300"",""taker_side"":""yes"",""ticker"":""KXETH15M-26APR280600-00"",""trade_id"":""4ca70fbb-ec28-474c-45e3-7a8f4321d3f8"",""yes_price_dollars"":""0.1700""}"
KXETH15M-26APR280600-00,3f714a03-39a7-7fe3-afbc-d5e459da4283,1777369674,0.11,11.15,no,"{""count_fp"":""11.15"",""created_time"":""2026-04-28T09:47:54.295534Z"",""no_price_dollars"":""0.8900"",""taker_side"":""no"",""ticker"":""KXETH15M-26APR280600-00"",""trade_id"":""3f714a03-39a7-7fe3-afbc-d5e459da4283"",""yes_price_dollars"":""0.1100""}"
KXETH15M-26APR280600-00,96b1022d-287f-4cf3-8953-542a846af285,1777369675,0.14,4.0,yes,"{""count_fp"":""4.00"",""created_time"":""2026-04-28T09:47:55.761774Z"",""no_price_dollars"":""0.8600"",""taker_side"":""yes"",""ticker"":""KXETH15M-26APR280600-00"",""trade_id"":""96b1022d-287f-4cf3-8953-542a846af285"",""yes_price_dollars"":""0.1400""}"
KXETH15M-26APR280600-00,ee2cd0bb-4244-78ea-fb7f-dd33b1b72665,1777369679,0.1,2.0,no,"{""count_fp"":""2.00"",""created_time"":""2026-04-28T09:47:59.125196Z"",""no_price_dollars"":""0.9000"",""taker_side"":""no"",""ticker"":""KXETH15M-26APR280600-00"",""trade_id"":""ee2cd0bb-4244-78ea-fb7f-dd33b1b72665"",""yes_price_dollars"":""0.1000""}"
KXETH15M-26APR280600-00,b685d0d2-9902-76b5-dfdd-62e70f7db68f,1777369679,0.11,4.0,no,"{""count_fp"":""4.00"",""created_time"":""2026-04-28T09:47:59.125196Z"",""no_price_dollars"":""0.8900"",""taker_side"":""no"",""ticker"":""KXETH15M-26APR280600-00"",""trade_id"":""b685d0d2-9902-76b5-dfdd-62e70f7db68f"",""yes_price_dollars"":""0.1100""}"
KXETH15M-26APR280600-00,95229ac7-b78a-78d6-fe36-4d0255197d61,1777369679,0.1,1.0,no,"{""count_fp"":""1.00"",""created_time"":""2026-04-28T09:47:59.125196Z"",""no_price_dollars"":""0.9000"",""taker_side"":""no"",""ticker"":""KXETH15M-26APR280600-00"",""trade_id"":""95229ac7-b78a-78d6-fe36-4d0255197d61"",""yes_price_dollars"":""0.1000""}"
KXETH15M-26APR280600-00,5b0ca77a-b958-7463-d8ed-94764b5596a1,1777369679,0.1,14.0,no,"{""count_fp"":""14.00"",""created_time"":""2026-04-28T09:47:59.125196Z"",""no_price_dollars"":""0.9000"",""taker_side"":""no"",""ticker"":""KXETH15M-26APR280600-00"",""trade_id"":""5b0ca77a-b958-7463-d8ed-94764b5596a1"",""yes_price_dollars"":""0.1000""}"
KXETH15M-26APR280600-00,5f44caf4-62fd-40b2-1f0e-5e74e60ed9a0,1777369691,0.071,17.0,no,"{""count_fp"":""17.00"",""created_time"":""2026-04-28T09:48:11.114755Z"",""no_price_dollars"":""0.9290"",""taker_side"":""no"",""ticker"":""KXETH15M-26APR280600-00"",""trade_id"":""5f44caf4-62fd-40b2-1f0e-5e74e60ed9a0"",""yes_price_dollars"":""0.0710""}"
KXETH15M-26APR280600-00,306292ff-afd4-4bd9-0bac-5bba64b76500,1777369691,0.071,10.0,no,"{""count_fp"":""10.00"",""created_time"":""2026-04-28T09:48:11.114755Z"",""no_price_dollars"":""0.9290"",""taker_side"":""no"",""ticker"":""KXETH15M-26APR280600-00"",""trade_id"":""306292ff-afd4-4bd9-0bac-5bba64b76500"",""yes_price_dollars"":""0.0710""}"
KXETH15M-26APR280600-00,f7990928-b4f0-410a-c80c-88b15e4bcc18,1777369692,0.07,3.0,no,"{""count_fp"":""3.00"",""created_time"":""2026-04-28T09:48:12.114034Z"",""no_price_dollars"":""0.9300"",""taker_side"":""no"",""ticker"":""KXETH15M-26APR280600-00"",""trade_id"":""f7990928-b4f0-410a-c80c-88b15e4bcc18"",""yes_price_dollars"":""0.0700""}"
KXETH15M-26APR280600-00,d22a40e0-4f58-49b1-c85e-3468ab3c8e29,1777369692,0.07,2.0,no,"{""count_fp"":""2.00"",""created_time"":""2026-04-28T09:48:12.114034Z"",""no_price_dollars"":""0.9300"",""taker_side"":""no"",""ticker"":""KXETH15M-26APR280600-00"",""trade_id"":""d22a40e0-4f58-49b1-c85e-3468ab3c8e29"",""yes_price_dollars"":""0.0700""}"
KXETH15M-26APR280600-00,b184e796-b21c-4a84-fb30-fed75f8900b7,1777369692,0.07,1.0,no,"{""count_fp"":""1.00"",""created_time"":""2026-04-28T09:48:12.114034Z"",""no_price_dollars"":""0.9300"",""taker_side"":""no"",""ticker"":""KXETH15M-26APR280600-00"",""trade_id"":""b184e796-b21c-4a84-fb30-fed75f8900b7"",""yes_price_dollars"":""0.0700""}"
KXETH15M-26APR280600-00,aeda7754-8691-426e-ce6e-7e836bd66796,1777369692,0.07,22.0,no,"{""count_fp"":""22.00"",""created_time"":""2026-04-28T09:48:12.114034Z"",""no_price_dollars"":""0.9300"",""taker_side"":""no"",""ticker"":""KXETH15M-26APR280600-00"",""trade_id"":""aeda7754-8691-426e-ce6e-7e836bd66796"",""yes_price_dollars"":""0.0700""}"
KXETH15M-26APR280600-00,95676f65-af03-48dd-d9c9-592885e5b8d5,1777369692,0.07,3.0,no,"{""count_fp"":""3.00"",""created_time"":""2026-04-28T09:48:12.114034Z"",""no_price_dollars"":""0.9300"",""taker_side"":""no"",""ticker"":""KXETH15M-26APR280600-00"",""trade_id"":""95676f65-af03-48dd-d9c9-592885e5b8d5"",""yes_price_dollars"":""0.0700""}"
KXETH15M-26APR280600-00,28559fc8-81b8-422d-ca0e-153c636bd340,1777369692,0.07,1.0,no,"{""count_fp"":""1.00"",""created_time"":""2026-04-28T09:48:12.114034Z"",""no_price_dollars"":""0.9300"",""taker_side"":""no"",""ticker"":""KXETH15M-26APR280600-00"",""trade_id"":""28559fc8-81b8-422d-ca0e-153c636bd340"",""yes_price_dollars"":""0.0700""}"
KXETH15M-26APR280600-00,eb655d2b-fb38-4f64-ad52-f9de37892277,1777369693,0.06,3.0,no,"{""count_fp"":""3.00"",""created_time"":""2026-04-28T09:48:13.093306Z"",""no_price_dollars"":""0.9400"",""taker_side"":""no"",""ticker"":""KXETH15M-26APR280600-00"",""trade_id"":""eb655d2b-fb38-4f64-ad52-f9de37892277"",""yes_price_dollars"":""0.0600""}"
KXETH15M-26APR280600-00,e2639313-6426-436c-b82c-1593ac9e4895,1777369693,0.06,1.0,no,"{""count_fp"":""1.00"",""created_time"":""2026-04-28T09:48:13.093306Z"",""no_price_dollars"":""0.9400"",""taker_side"":""no"",""ticker"":""KXETH15M-26APR280600-00"",""trade_id"":""e2639313-6426-436c-b82c-1593ac9e4895"",""yes_price_dollars"":""0.0600""}"
KXETH15M-26APR280600-00,da66389a-b7a6-43a0-96ec-dd11b5844c93,1777369693,0.06,4.07,no,"{""count_fp"":""4.07"",""created_time"":""2026-04-28T09:48:13.093306Z"",""no_price_dollars"":""0.9400"",""taker_side"":""no"",""ticker"":""KXETH15M-26APR280600-00"",""trade_id"":""da66389a-b7a6-43a0-96ec-dd11b5844c93"",""yes_price_dollars"":""0.0600""}"
KXETH15M-26APR280600-00,c7d4a336-1ac0-4149-ad7f-c130df1a5f61,1777369693,0.07,6.0,no,"{""count_fp"":""6.00"",""created_time"":""2026-04-28T09:48:13.093306Z"",""no_price_dollars"":""0.9300"",""taker_side"":""no"",""ticker"":""KXETH15M-26APR280600-00"",""trade_id"":""c7d4a336-1ac0-4149-ad7f-c130df1a5f61"",""yes_price_dollars"":""0.0700""}"
KXETH15M-26APR280600-00,b4560490-d1ef-40eb-9a42-9b0cdde723a6,1777369693,0.06,8.0,no,"{""count_fp"":""8.00"",""created_time"":""2026-04-28T09:48:13.093306Z"",""no_price_dollars"":""0.9400"",""taker_side"":""no"",""ticker"":""KXETH15M-26APR280600-00"",""trade_id"":""b4560490-d1ef-40eb-9a42-9b0cdde723a6"",""yes_price_dollars"":""0.0600""}"
KXETH15M-26APR280600-00,64cab52b-48b9-43cf-8c14-dc53c7275da9,1777369693,0.06,1.0,no,"{""count_fp"":""1.00"",""created_time"":""2026-04-28T09:48:13.093306Z"",""no_price_dollars"":""0.9400"",""taker_side"":""no"",""ticker"":""KXETH15M-26APR280600-00"",""trade_id"":""64cab52b-48b9-43cf-8c14-dc53c7275da9"",""yes_price_dollars"":""0.0600""}"
KXETH15M-26APR280600-00,5a4ea609-d80d-4d54-9428-be0beb16ac8e,1777369693,0.061,3.93,no,"{""count_fp"":""3.93"",""created_time"":""2026-04-28T09:48:13.093306Z"",""no_price_dollars"":""0.9390"",""taker_side"":""no"",""ticker"":""KXETH15M-26APR280600-00"",""trade_id"":""5a4ea609-d80d-4d54-9428-be0beb16ac8e"",""yes_price_dollars"":""0.0610""}"
KXETH15M-26APR280600-00,36071e2b-e23d-4b60-9832-8be24f497ad6,1777369693,0.06,1.0,no,"{""count_fp"":""1.00"",""created_time"":""2026-04-28T09:48:13.093306Z"",""no_price_dollars"":""0.9400"",""taker_side"":""no"",""ticker"":""KXETH15M-26APR280600-00"",""trade_id"":""36071e2b-e23d-4b60-9832-8be24f497ad6"",""yes_price_dollars"":""0.0600""}"
KXETH15M-26APR280600-00,64b9d5b9-084e-5628-86a0-e14667010537,1777369694,0.06,1.0,no,"{""count_fp"":""1.00"",""created_time"":""2026-04-28T09:48:14.607041Z"",""no_price_dollars"":""0.9400"",""taker_side"":""no"",""ticker"":""KXETH15M-26APR280600-00"",""trade_id"":""64b9d5b9-084e-5628-86a0-e14667010537"",""yes_price_dollars"":""0.0600""}"
KXETH15M-26APR280600-00,ad7be70d-6e68-7150-2bc5-b2b7516113a0,1777369696,0.097,18.71,yes,"{""count_fp"":""18.71"",""created_time"":""2026-04-28T09:48:16.739899Z"",""no_price_dollars"":""0.9030"",""taker_side"":""yes"",""ticker"":""KXETH15M-26APR280600-00"",""trade_id"":""ad7be70d-6e68-7150-2bc5-b2b7516113a0"",""yes_price_dollars"":""0.0970""}"
KXETH15M-26APR280600-00,6f1c0316-b203-7635-2769-71570c1e8ca9,1777369696,0.094,10.0,yes,"{""count_fp"":""10.00"",""created_time"":""2026-04-28T09:48:16.739899Z"",""no_price_dollars"":""0.9060"",""taker_side"":""yes"",""ticker"":""KXETH15M-26APR280600-00"",""trade_id"":""6f1c0316-b203-7635-2769-71570c1e8ca9"",""yes_price_dollars"":""0.0940""}"
KXETH15M-26APR280600-00,3ea53833-8b37-7640-199d-1c7c551789b9,1777369696,0.097,0.29,yes,"{""count_fp"":""0.29"",""created_time"":""2026-04-28T09:48:16.739899Z"",""no_price_dollars"":""0.9030"",""taker_side"":""yes"",""ticker"":""KXETH15M-26APR280600-00"",""trade_id"":""3ea53833-8b37-7640-199d-1c7c551789b9"",""yes_price_dollars"":""0.0970""}"
KXETH15M-26APR280600-00,e486b48e-bed2-43cc-502d-486c42a60137,1777369696,0.06,105.93,no,"{""count_fp"":""105.93"",""created_time"":""2026-04-28T09:48:16.260897Z"",""no_price_dollars"":""0.9400"",""taker_side"":""no"",""ticker"":""KXETH15M-26APR280600-00"",""trade_id"":""e486b48e-bed2-43cc-502d-486c42a60137"",""yes_price_dollars"":""0.0600""}"
KXETH15M-26APR280600-00,d7ee7f72-6698-4b74-0a2e-a6f5b66befd2,1777369699,0.05,1.0,no,"{""count_fp"":""1.00"",""created_time"":""2026-04-28T09:48:19.118366Z"",""no_price_dollars"":""0.9500"",""taker_side"":""no"",""ticker"":""KXETH15M-26APR280600-00"",""trade_id"":""d7ee7f72-6698-4b74-0a2e-a6f5b66befd2"",""yes_price_dollars"":""0.0500""}"
KXETH15M-26APR280600-00,b778f233-0def-4b3c-3123-ec7c0e4a5dd8,1777369699,0.051,10.0,no,"{""count_fp"":""10.00"",""created_time"":""2026-04-28T09:48:19.118366Z"",""no_price_dollars"":""0.9490"",""taker_side"":""no"",""ticker"":""KXETH15M-26APR280600-00"",""trade_id"":""b778f233-0def-4b3c-3123-ec7c0e4a5dd8"",""yes_price_dollars"":""0.0510""}"
KXETH15M-26APR280600-00,91a582d9-af47-46d4-1435-effc8947cf91,1777369699,0.05,7.0,no,"{""count_fp"":""7.00"",""created_time"":""2026-04-28T09:48:19.118366Z"",""no_price_dollars"":""0.9500"",""taker_side"":""no"",""ticker"":""KXETH15M-26APR280600-00"",""trade_id"":""91a582d9-af47-46d4-1435-effc8947cf91"",""yes_price_dollars"":""0.0500""}"
KXETH15M-26APR280600-00,6f7cad78-bf94-43ed-32ec-5074633fab86,1777369699,0.051,10.0,no,"{""count_fp"":""10.00"",""created_time"":""2026-04-28T09:48:19.118366Z"",""no_price_dollars"":""0.9490"",""taker_side"":""no"",""ticker"":""KXETH15M-26APR280600-00"",""trade_id"":""6f7cad78-bf94-43ed-32ec-5074633fab86"",""yes_price_dollars"":""0.0510""}"
KXETH15M-26APR280600-00,fc52020b-e2df-7c0b-022e-48b42187234d,1777369701,0.087,10.0,yes,"{""count_fp"":""10.00"",""created_time"":""2026-04-28T09:48:21.833837Z"",""no_price_dollars"":""0.9130"",""taker_side"":""yes"",""ticker"":""KXETH15M-26APR280600-00"",""trade_id"":""fc52020b-e2df-7c0b-022e-48b42187234d"",""yes_price_dollars"":""0.0870""}"
KXETH15M-26APR280600-00,f9102ebb-a04f-7bbe-1139-5ef43f970eea,1777369701,0.087,10.0,yes,"{""count_fp"":""10.00"",""created_time"":""2026-04-28T09:48:21.833837Z"",""no_price_dollars"":""0.9130"",""taker_side"":""yes"",""ticker"":""KXETH15M-26APR280600-00"",""trade_id"":""f9102ebb-a04f-7bbe-1139-5ef43f970eea"",""yes_price_dollars"":""0.0870""}"
KXETH15M-26APR280600-00,003f6f78-03f3-7b3a-3ba8-62e108846596,1777369701,0.088,28.87,yes,"{""count_fp"":""28.87"",""created_time"":""2026-04-28T09:48:21.833837Z"",""no_price_dollars"":""0.9120"",""taker_side"":""yes"",""ticker"":""KXETH15M-26APR280600-00"",""trade_id"":""003f6f78-03f3-7b3a-3ba8-62e108846596"",""yes_price_dollars"":""0.0880""}"
KXETH15M-26APR280600-00,601bb04b-05fc-7e87-cd77-01b904473aad,1777369710,0.072,29.0,no,"{""count_fp"":""29.00"",""created_time"":""2026-04-28T09:48:30.128028Z"",""no_price_dollars"":""0.9280"",""taker_side"":""no"",""ticker"":""KXETH15M-26APR280600-00"",""trade_id"":""601bb04b-05fc-7e87-cd77-01b904473aad"",""yes_price_dollars"":""0.0720""}"
KXETH15M-26APR280600-00,70855db4-76d4-68cc-4ac7-f2d9e6cab671,1777369715,0.07,5.0,yes,"{""count_fp"":""5.00"",""created_time"":""2026-04-28T09:48:35.118847Z"",""no_price_dollars"":""0.9300"",""taker_side"":""yes"",""ticker"":""KXETH15M-26APR280600-00"",""trade_id"":""70855db4-76d4-68cc-4ac7-f2d9e6cab671"",""yes_price_dollars"":""0.0700""}"
KXETH15M-26APR280600-00,c2549c95-4a90-4e13-db76-a3cee068b9d7,1777369718,0.1,1.0,yes,"{""count_fp"":""1.00"",""created_time"":""2026-04-28T09:48:38.501911Z"",""no_price_dollars"":""0.9000"",""taker_side"":""yes"",""ticker"":""KXETH15M-26APR280600-00"",""trade_id"":""c2549c95-4a90-4e13-db76-a3cee068b9d7"",""yes_price_dollars"":""0.1000""}"
KXETH15M-26APR280600-00,a2d0455b-cacf-4729-c7e7-732659bcf373,1777369718,0.1,2.7,yes,"{""count_fp"":""2.70"",""created_time"":""2026-04-28T09:48:38.501911Z"",""no_price_dollars"":""0.9000"",""taker_side"":""yes"",""ticker"":""KXETH15M-26APR280600-00"",""trade_id"":""a2d0455b-cacf-4729-c7e7-732659bcf373"",""yes_price_dollars"":""0.1000""}"
KXETH15M-26APR280600-00,7559a7cb-091e-4da7-e193-127f647dca17,1777369718,0.1,1.0,yes,"{""count_fp"":""1.00"",""created_time"":""2026-04-28T09:48:38.501911Z"",""no_price_dollars"":""0.9000"",""taker_side"":""yes"",""ticker"":""KXETH15M-26APR280600-00"",""trade_id"":""7559a7cb-091e-4da7-e193-127f647dca17"",""yes_price_dollars"":""0.1000""}"
KXETH15M-26APR280600-00,59108308-698b-40ab-2bdb-3711ff130f18,1777369721,0.074,10.0,no,"{""count_fp"":""10.00"",""created_time"":""2026-04-28T09:48:41.098255Z"",""no_price_dollars"":""0.9260"",""taker_side"":""no"",""ticker"":""KXETH15M-26APR280600-00"",""trade_id"":""59108308-698b-40ab-2bdb-3711ff130f18"",""yes_price_dollars"":""0.0740""}"
KXETH15M-26APR280600-00,1fe3ba66-aa60-4a7b-13e1-aa5b3850d5f1,1777369721,0.072,14.0,no,"{""count_fp"":""14.00"",""created_time"":""2026-04-28T09:48:41.098255Z"",""no_price_dollars"":""0.9280"",""taker_side"":""no"",""ticker"":""KXETH15M-26APR280600-00"",""trade_id"":""1fe3ba66-aa60-4a7b-13e1-aa5b3850d5f1"",""yes_price_dollars"":""0.0720""}"
KXETH15M-26APR280600-00,de9289e4-2be2-5a01-335d-c7d6dc2175ab,1777369729,0.087,10.0,yes,"{""count_fp"":""10.00"",""created_time"":""2026-04-28T09:48:49.358238Z"",""no_price_dollars"":""0.9130"",""taker_side"":""yes"",""ticker"":""KXETH15M-26APR280600-00"",""trade_id"":""de9289e4-2be2-5a01-335d-c7d6dc2175ab"",""yes_price_dollars"":""0.0870""}"
KXETH15M-26APR280600-00,8a10104f-8433-5e4e-28ef-ed92ff4d4a06,1777369729,0.088,11.15,yes,"{""count_fp"":""11.15"",""created_time"":""2026-04-28T09:48:49.358238Z"",""no_price_dollars"":""0.9120"",""taker_side"":""yes"",""ticker"":""KXETH15M-26APR280600-00"",""trade_id"":""8a10104f-8433-5e4e-28ef-ed92ff4d4a06"",""yes_price_dollars"":""0.0880""}"
KXETH15M-26APR280600-00,844bc2f5-a994-5df9-3dcb-9cd6d72c279c,1777369729,0.087,10.0,yes,"{""count_fp"":""10.00"",""created_time"":""2026-04-28T09:48:49.358238Z"",""no_price_dollars"":""0.9130"",""taker_side"":""yes"",""ticker"":""KXETH15M-26APR280600-00"",""trade_id"":""844bc2f5-a994-5df9-3dcb-9cd6d72c279c"",""yes_price_dollars"":""0.0870""}"
KXETH15M-26APR280600-00,b003b1b4-e71c-5ee4-536d-8b95463d8723,1777369737,0.099,10.0,yes,"{""count_fp"":""10.00"",""created_time"":""2026-04-28T09:48:57.324095Z"",""no_price_dollars"":""0.9010"",""taker_side"":""yes"",""ticker"":""KXETH15M-26APR280600-00"",""trade_id"":""b003b1b4-e71c-5ee4-536d-8b95463d8723"",""yes_price_dollars"":""0.0990""}"
KXETH15M-26APR280600-00,406f408a-0342-51be-5791-e8e6ff1653ee,1777369737,0.1,18.17,yes,"{""count_fp"":""18.17"",""created_time"":""2026-04-28T09:48:57.324095Z"",""no_price_dollars"":""0.9000"",""taker_side"":""yes"",""ticker"":""KXETH15M-26APR280600-00"",""trade_id"":""406f408a-0342-51be-5791-e8e6ff1653ee"",""yes_price_dollars"":""0.1000""}"
KXETH15M-26APR280600-00,088bafeb-5f69-69ee-09be-a4f1fa11ad53,1777369740,0.054,46.0,no,"{""count_fp"":""46.00"",""created_time"":""2026-04-28T09:49:00.127654Z"",""no_price_dollars"":""0.9460"",""taker_side"":""no"",""ticker"":""KXETH15M-26APR280600-00"",""trade_id"":""088bafeb-5f69-69ee-09be-a4f1fa11ad53"",""yes_price_dollars"":""0.0540""}"
KXETH15M-26APR280600-00,617866a0-2720-4b0f-b7dc-acf3c5574f89,1777369744,0.052,39.0,no,"{""count_fp"":""39.00"",""created_time"":""2026-04-28T09:49:04.125504Z"",""no_price_dollars"":""0.9480"",""taker_side"":""no"",""ticker"":""KXETH15M-26APR280600-00"",""trade_id"":""617866a0-2720-4b0f-b7dc-acf3c5574f89"",""yes_price_dollars"":""0.0520""}"
KXETH15M-26APR280600-00,dc9c0b6b-1b65-6ff6-8d34-2c307b56c9a8,1777369745,0.05,20.0,yes,"{""count_fp"":""20.00"",""created_time"":""2026-04-28T09:49:05.882238Z"",""no_price_dollars"":""0.9500"",""taker_side"":""yes"",""ticker"":""KXETH15M-26APR280600-00"",""trade_id"":""dc9c0b6b-1b65-6ff6-8d34-2c307b56c9a8"",""yes_price_dollars"":""0.0500""}"
KXETH15M-26APR280600-00,e8d176a4-fefd-6581-91e7-746cbda60b37,1777369745,0.043,10.0,no,"{""count_fp"":""10.00"",""created_time"":""2026-04-28T09:49:05.103102Z"",""no_price_dollars"":""0.9570"",""taker_side"":""no"",""ticker"":""KXETH15M-26APR280600-00"",""trade_id"":""e8d176a4-fefd-6581-91e7-746cbda60b37"",""yes_price_dollars"":""0.0430""}"
KXETH15M-26APR280600-00,4cad8806-3adf-6b14-8bd5-dee464eeb238,1777369745,0.043,12.0,no,"{""count_fp"":""12.00"",""created_time"":""2026-04-28T09:49:05.103102Z"",""no_price_dollars"":""0.9570"",""taker_side"":""no"",""ticker"":""KXETH15M-26APR280600-00"",""trade_id"":""4cad8806-3adf-6b14-8bd5-dee464eeb238"",""yes_price_dollars"":""0.0430""}"
KXETH15M-26APR280600-00,17ae5e7e-d30c-6c8e-aa9a-ce0524812391,1777369745,0.05,3.0,no,"{""count_fp"":""3.00"",""created_time"":""2026-04-28T09:49:05.103102Z"",""no_price_dollars"":""0.9500"",""taker_side"":""no"",""ticker"":""KXETH15M-26APR280600-00"",""trade_id"":""17ae5e7e-d30c-6c8e-aa9a-ce0524812391"",""yes_price_dollars"":""0.0500""}"
KXETH15M-26APR280600-00,0bcdceeb-3f1b-63af-a5d2-162e3abef983,1777369745,0.05,4.0,no,"{""count_fp"":""4.00"",""created_time"":""2026-04-28T09:49:05.103102Z"",""no_price_dollars"":""0.9500"",""taker_side"":""no"",""ticker"":""KXETH15M-26APR280600-00"",""trade_id"":""0bcdceeb-3f1b-63af-a5d2-162e3abef983"",""yes_price_dollars"":""0.0500""}"
KXETH15M-26APR280600-00,0a064b63-470c-6b49-9640-6e3d766a2066,1777369745,0.05,10.0,no,"{""count_fp"":""10.00"",""created_time"":""2026-04-28T09:49:05.103102Z"",""no_price_dollars"":""0.9500"",""taker_side"":""no"",""ticker"":""KXETH15M-26APR280600-00"",""trade_id"":""0a064b63-470c-6b49-9640-6e3d766a2066"",""yes_price_dollars"":""0.0500""}"
KXETH15M-26APR280600-00,24171549-7c6e-781f-8b64-aa32ebb86a7e,1777369748,0.079,16.0,no,"{""count_fp"":""16.00"",""created_time"":""2026-04-28T09:49:08.273835Z"",""no_price_dollars"":""0.9210"",""taker_side"":""no"",""ticker"":""KXETH15M-26APR280600-00"",""trade_id"":""24171549-7c6e-781f-8b64-aa32ebb86a7e"",""yes_price_dollars"":""0.0790""}"
KXETH15M-26APR280600-00,5f573abd-9e24-6fac-55e8-ef724ab92775,1777369748,0.079,10.0,yes,"{""count_fp"":""10.00"",""created_time"":""2026-04-28T09:49:08.183894Z"",""no_price_dollars"":""0.9210"",""taker_side"":""yes"",""ticker"":""KXETH15M-26APR280600-00"",""trade_id"":""5f573abd-9e24-6fac-55e8-ef724ab92775"",""yes_price_dollars"":""0.0790""}"
KXETH15M-26APR280600-00,381925c7-e570-6157-44ad-2b91331d2a73,1777369748,0.079,10.0,yes,"{""count_fp"":""10.00"",""created_time"":""2026-04-28T09:49:08.183894Z"",""no_price_dollars"":""0.9210"",""taker_side"":""yes"",""ticker"":""KXETH15M-26APR280600-00"",""trade_id"":""381925c7-e570-6157-44ad-2b91331d2a73"",""yes_price_dollars"":""0.0790""}"
KXETH15M-26APR280600-00,d1c730be-c25f-798b-aab6-a4378d82b3e1,1777369750,0.11,10.0,yes,"{""count_fp"":""10.00"",""created_time"":""2026-04-28T09:49:10.907934Z"",""no_price_dollars"":""0.8900"",""taker_side"":""yes"",""ticker"":""KXETH15M-26APR280600-00"",""trade_id"":""d1c730be-c25f-798b-aab6-a4378d82b3e1"",""yes_price_dollars"":""0.1100""}"
KXETH15M-26APR280600-00,87925214-590b-711d-94f4-b51a35769bbf,1777369750,0.12,6.0,yes,"{""count_fp"":""6.00"",""created_time"":""2026-04-28T09:49:10.907934Z"",""no_price_dollars"":""0.8800"",""taker_side"":""yes"",""ticker"":""KXETH15M-26APR280600-00"",""trade_id"":""87925214-590b-711d-94f4-b51a35769bbf"",""yes_price_dollars"":""0.1200""}"
KXETH15M-26APR280600-00,338a4d02-2797-7c9f-a7d8-6aaa0ae8c22a,1777369750,0.12,40.0,yes,"{""count_fp"":""40.00"",""created_time"":""2026-04-28T09:49:10.907934Z"",""no_price_dollars"":""0.8800"",""taker_side"":""yes"",""ticker"":""KXETH15M-26APR280600-00"",""trade_id"":""338a4d02-2797-7c9f-a7d8-6aaa0ae8c22a"",""yes_price_dollars"":""0.1200""}"
KXETH15M-26APR280600-00,19000e62-6ff6-778a-971a-5f34cf397dc6,1777369750,0.12,185.57,yes,"{""count_fp"":""185.57"",""created_time"":""2026-04-28T09:49:10.907934Z"",""no_price_dollars"":""0.8800"",""taker_side"":""yes"",""ticker"":""KXETH15M-26APR280600-00"",""trade_id"":""19000e62-6ff6-778a-971a-5f34cf397dc6"",""yes_price_dollars"":""0.1200""}"
KXETH15M-26APR280600-00,f76ea57a-d77d-6fb1-49bb-6b6bf0ef34e6,1777369754,0.063,10.0,no,"{""count_fp"":""10.00"",""created_time"":""2026-04-28T09:49:14.142206Z"",""no_price_dollars"":""0.9370"",""taker_side"":""no"",""ticker"":""KXETH15M-26APR280600-00"",""trade_id"":""f76ea57a-d77d-6fb1-49bb-6b6bf0ef34e6"",""yes_price_dollars"":""0.0630""}"
KXETH15M-26APR280600-00,f61b6456-5f0a-68db-5d5b-aea8a66a710c,1777369754,0.062,22.0,no,"{""count_fp"":""22.00"",""created_time"":""2026-04-28T09:49:14.142206Z"",""no_price_dollars"":""0.9380"",""taker_side"":""no"",""ticker"":""KXETH15M-26APR280600-00"",""trade_id"":""f61b6456-5f0a-68db-5d5b-aea8a66a710c"",""yes_price_dollars"":""0.0620""}"
KXETH15M-26APR280600-00,02907183-92d4-6470-41be-3bc0c03c95fe,1777369754,0.064,10.0,no,"{""count_fp"":""10.00"",""created_time"":""2026-04-28T09:49:14.142206Z"",""no_price_dollars"":""0.9360"",""taker_side"":""no"",""ticker"":""KXETH15M-26APR280600-00"",""trade_id"":""02907183-92d4-6470-41be-3bc0c03c95fe"",""yes_price_dollars"":""0.0640""}"
KXETH15M-26APR280600-00,ac12edee-f5e7-6bfe-b176-4af5068e2bf5,1777369761,0.093,10.0,no,"{""count_fp"":""10.00"",""created_time"":""2026-04-28T09:49:21.130583Z"",""no_price_dollars"":""0.9070"",""taker_side"":""no"",""ticker"":""KXETH15M-26APR280600-00"",""trade_id"":""ac12edee-f5e7-6bfe-b176-4af5068e2bf5"",""yes_price_dollars"":""0.0930""}"
KXETH15M-26APR280600-00,349726bb-34e2-6e6b-b90b-1694fffd7f38,1777369761,0.092,32.0,no,"{""count_fp"":""32.00"",""created_time"":""2026-04-28T09:49:21.130583Z"",""no_price_dollars"":""0.9080"",""taker_side"":""no"",""ticker"":""KXETH15M-26APR280600-00"",""trade_id"":""349726bb-34e2-6e6b-b90b-1694fffd7f38"",""yes_price_dollars"":""0.0920""}"
KXETH15M-26APR280600-00,d679a8ac-376c-5fa6-b038-488bc7889db3,1777369767,0.083,10.0,no,"{""count_fp"":""10.00"",""created_time"":""2026-04-28T09:49:27.600985Z"",""no_price_dollars"":""0.9170"",""taker_side"":""no"",""ticker"":""KXETH15M-26APR280600-00"",""trade_id"":""d679a8ac-376c-5fa6-b038-488bc7889db3"",""yes_price_dollars"":""0.0830""}"
KXETH15M-26APR280600-00,37bdcf55-949e-5b8b-b6df-0b6d0b7ef1bc,1777369767,0.082,0.6,no,"{""count_fp"":""0.60"",""created_time"":""2026-04-28T09:49:27.600985Z"",""no_price_dollars"":""0.9180"",""taker_side"":""no"",""ticker"":""KXETH15M-26APR280600-00"",""trade_id"":""37bdcf55-949e-5b8b-b6df-0b6d0b7ef1bc"",""yes_price_dollars"":""0.0820""}"
KXETH15M-26APR280600-00,d0bc8414-95f6-7e2a-35cc-9b7da9721366,1777369769,0.14,386.98,yes,"{""count_fp"":""386.98"",""created_time"":""2026-04-28T09:49:29.711756Z"",""no_price_dollars"":""0.8600"",""taker_side"":""yes"",""ticker"":""KXETH15M-26APR280600-00"",""trade_id"":""d0bc8414-95f6-7e2a-35cc-9b7da9721366"",""yes_price_dollars"":""0.1400""}"
KXETH15M-26APR280600-00,af0503c7-b774-7ec1-268d-85e44b67ab64,1777369769,0.12,10.0,yes,"{""count_fp"":""10.00"",""created_time"":""2026-04-28T09:49:29.711756Z"",""no_price_dollars"":""0.8800"",""taker_side"":""yes"",""ticker"":""KXETH15M-26APR280600-00"",""trade_id"":""af0503c7-b774-7ec1-268d-85e44b67ab64"",""yes_price_dollars"":""0.1200""}"
KXETH15M-26APR280600-00,7bd395b3-0650-76d2-25a8-47e129709ca9,1777369769,0.12,10.0,yes,"{""count_fp"":""10.00"",""created_time"":""2026-04-28T09:49:29.711756Z"",""no_price_dollars"":""0.8800"",""taker_side"":""yes"",""ticker"":""KXETH15M-26APR280600-00"",""trade_id"":""7bd395b3-0650-76d2-25a8-47e129709ca9"",""yes_price_dollars"":""0.1200""}"
KXETH15M-26APR280600-00,72c684e2-ac1a-78ee-33d5-daa0a4aefcd3,1777369769,0.13,50.0,yes,"{""count_fp"":""50.00"",""created_time"":""2026-04-28T09:49:29.711756Z"",""no_price_dollars"":""0.8700"",""taker_side"":""yes"",""ticker"":""KXETH15M-26APR280600-00"",""trade_id"":""72c684e2-ac1a-78ee-33d5-daa0a4aefcd3"",""yes_price_dollars"":""0.1300""}"
KXETH15M-26APR280600-00,5a3d6c59-d5ca-7da3-cb8e-45d84c438de0,1777369777,0.11,5.17,no,"{""count_fp"":""5.17"",""created_time"":""2026-04-28T09:49:37.205084Z"",""no_price_dollars"":""0.8900"",""taker_side"":""no"",""ticker"":""KXETH15M-26APR280600-00"",""trade_id"":""5a3d6c59-d5ca-7da3-cb8e-45d84c438de0"",""yes_price_dollars"":""0.1100""}"
KXETH15M-26APR280600-00,da656680-e726-65be-7667-3e658dd3827d,1777369794,0.049,33.0,no,"{""count_fp"":""33.00"",""created_time"":""2026-04-28T09:49:54.119455Z"",""no_price_dollars"":""0.9510"",""taker_side"":""no"",""ticker"":""KXETH15M-26APR280600-00"",""trade_id"":""da656680-e726-65be-7667-3e658dd3827d"",""yes_price_dollars"":""0.0490""}"
KXETH15M-26APR280600-00,7c4a945d-9668-630c-4625-b0bb953a1ece,1777369794,0.05,10.0,no,"{""count_fp"":""10.00"",""created_time"":""2026-04-28T09:49:54.119455Z"",""no_price_dollars"":""0.9500"",""taker_side"":""no"",""ticker"":""KXETH15M-26APR280600-00"",""trade_id"":""7c4a945d-9668-630c-4625-b0bb953a1ece"",""yes_price_dollars"":""0.0500""}"
KXETH15M-26APR280600-00,e7f6b714-0a6f-5352-499b-130fccb9ed5e,1777369800,0.078,55.0,yes,"{""count_fp"":""55.00"",""created_time"":""2026-04-28T09:50:00.935974Z"",""no_price_dollars"":""0.9220"",""taker_side"":""yes"",""ticker"":""KXETH15M-26APR280600-00"",""trade_id"":""e7f6b714-0a6f-5352-499b-130fccb9ed5e"",""yes_price_dollars"":""0.0780""}"
KXETH15M-26APR280600-00,89c9015a-8269-5891-9a6f-fde89e490541,1777369800,0.047,65.0,no,"{""count_fp"":""65.00"",""created_time"":""2026-04-28T09:50:00.141608Z"",""no_price_dollars"":""0.9530"",""taker_side"":""no"",""ticker"":""KXETH15M-26APR280600-00"",""trade_id"":""89c9015a-8269-5891-9a6f-fde89e490541"",""yes_price_dollars"":""0.0470""}"
KXETH15M-26APR280600-00,c01ba418-315b-5d70-7df4-9c7eeabe3bd2,1777369801,0.041,5.0,no,"{""count_fp"":""5.00"",""created_time"":""2026-04-28T09:50:01.553143Z"",""no_price_dollars"":""0.9590"",""taker_side"":""no"",""ticker"":""KXETH15M-26APR280600-00"",""trade_id"":""c01ba418-315b-5d70-7df4-9c7eeabe3bd2"",""yes_price_dollars"":""0.0410""}"
KXETH15M-26APR280600-00,f15d842b-c7bf-4070-afc4-0b903575f052,1777369801,0.041,2.0,no,"{""count_fp"":""2.00"",""created_time"":""2026-04-28T09:50:01.212606Z"",""no_price_dollars"":""0.9590"",""taker_side"":""no"",""ticker"":""KXETH15M-26APR280600-00"",""trade_id"":""f15d842b-c7bf-4070-afc4-0b903575f052"",""yes_price_dollars"":""0.0410""}"
KXETH15M-26APR280600-00,0b4b92b2-e8a7-4918-36f8-ff8f6a7c273a,1777369801,0.041,2.0,no,"{""count_fp"":""2.00"",""created_time"":""2026-04-28T09:50:01.141103Z"",""no_price_dollars"":""0.9590"",""taker_side"":""no"",""ticker"":""KXETH15M-26APR280600-00"",""trade_id"":""0b4b92b2-e8a7-4918-36f8-ff8f6a7c273a"",""yes_price_dollars"":""0.0410""}"
KXETH15M-26APR280600-00,ec5e6497-ec7b-7e23-6608-2cff0f0a62d6,1777369801,0.037,76.0,no,"{""count_fp"":""76.00"",""created_time"":""2026-04-28T09:50:01.109397Z"",""no_price_dollars"":""0.9630"",""taker_side"":""no"",""ticker"":""KXETH15M-26APR280600-00"",""trade_id"":""ec5e6497-ec7b-7e23-6608-2cff0f0a62d6"",""yes_price_dollars"":""0.0370""}"
KXETH15M-26APR280600-00,e871474d-643a-7114-6c87-b9c17900d064,1777369801,0.04,10.0,no,"{""count_fp"":""10.00"",""created_time"":""2026-04-28T09:50:01.109397Z"",""no_price_dollars"":""0.9600"",""taker_side"":""no"",""ticker"":""KXETH15M-26APR280600-00"",""trade_id"":""e871474d-643a-7114-6c87-b9c17900d064"",""yes_price_dollars"":""0.0400""}"
KXETH15M-26APR280600-00,22c24d99-a307-71ff-5d53-8779cb7e215c,1777369801,0.04,1.0,no,"{""count_fp"":""1.00"",""created_time"":""2026-04-28T09:50:01.109397Z"",""no_price_dollars"":""0.9600"",""taker_side"":""no"",""ticker"":""KXETH15M-26APR280600-00"",""trade_id"":""22c24d99-a307-71ff-5d53-8779cb7e215c"",""yes_price_dollars"":""0.0400""}"
KXETH15M-26APR280600-00,0807953e-063e-7dc8-5ad5-a320499fb723,1777369801,0.04,1.0,no,"{""count_fp"":""1.00"",""created_time"":""2026-04-28T09:50:01.109397Z"",""no_price_dollars"":""0.9600"",""taker_side"":""no"",""ticker"":""KXETH15M-26APR280600-00"",""trade_id"":""0807953e-063e-7dc8-5ad5-a320499fb723"",""yes_price_dollars"":""0.0400""}"
KXETH15M-26APR280600-00,fdb0fa16-49e7-4796-2880-710d59a96c02,1777369802,0.068,35.0,yes,"{""count_fp"":""35.00"",""created_time"":""2026-04-28T09:50:02.224235Z"",""no_price_dollars"":""0.9320"",""taker_side"":""yes"",""ticker"":""KXETH15M-26APR280600-00"",""trade_id"":""fdb0fa16-49e7-4796-2880-710d59a96c02"",""yes_price_dollars"":""0.0680""}"
KXETH15M-26APR280600-00,cbfd414f-d585-4663-2187-bac8b9ac7b99,1777369802,0.067,10.0,yes,"{""count_fp"":""10.00"",""created_time"":""2026-04-28T09:50:02.224235Z"",""no_price_dollars"":""0.9330"",""taker_side"":""yes"",""ticker"":""KXETH15M-26APR280600-00"",""trade_id"":""cbfd414f-d585-4663-2187-bac8b9ac7b99"",""yes_price_dollars"":""0.0670""}"
KXETH15M-26APR280600-00,3ee617c0-70b8-4279-7407-7234fc758828,1777369804,0.04,10.0,no,"{""count_fp"":""10.00"",""created_time"":""2026-04-28T09:50:04.127278Z"",""no_price_dollars"":""0.9600"",""taker_side"":""no"",""ticker"":""KXETH15M-26APR280600-00"",""trade_id"":""3ee617c0-70b8-4279-7407-7234fc758828"",""yes_price_dollars"":""0.0400""}"
KXETH15M-26APR280600-00,261d0238-f004-4c5b-4f08-276861c804ca,1777369804,0.039,44.0,no,"{""count_fp"":""44.00"",""created_time"":""2026-04-28T09:50:04.127278Z"",""no_price_dollars"":""0.9610"",""taker_side"":""no"",""ticker"":""KXETH15M-26APR280600-00"",""trade_id"":""261d0238-f004-4c5b-4f08-276861c804ca"",""yes_price_dollars"":""0.0390""}"
KXETH15M-26APR280600-00,a220b323-acd7-4c15-29a6-a8f82d1f9b82,1777369806,0.033,1.0,no,"{""count_fp"":""1.00"",""created_time"":""2026-04-28T09:50:06.123985Z"",""no_price_dollars"":""0.9670"",""taker_side"":""no"",""ticker"":""KXETH15M-26APR280600-00"",""trade_id"":""a220b323-acd7-4c15-29a6-a8f82d1f9b82"",""yes_price_dollars"":""0.0330""}"
KXETH15M-26APR280600-00,0b2df538-bc8a-4e09-157d-e81486937a53,1777369806,0.033,55.0,no,"{""count_fp"":""55.00"",""created_time"":""2026-04-28T09:50:06.123985Z"",""no_price_dollars"":""0.9670"",""taker_side"":""no"",""ticker"":""KXETH15M-26APR280600-00"",""trade_id"":""0b2df538-bc8a-4e09-157d-e81486937a53"",""yes_price_dollars"":""0.0330""}"
KXETH15M-26APR280600-00,2613c417-8828-7cc3-a0ab-864599df9fcc,1777369807,0.057,16.0,no,"{""count_fp"":""16.00"",""created_time"":""2026-04-28T09:50:07.186112Z"",""no_price_dollars"":""0.9430"",""taker_side"":""no"",""ticker"":""KXETH15M-26APR280600-00"",""trade_id"":""2613c417-8828-7cc3-a0ab-864599df9fcc"",""yes_price_dollars"":""0.0570""}"
KXETH15M-26APR280600-00,c8163aa8-5385-6f29-922e-f930715e74d3,1777369807,0.057,10.0,yes,"{""count_fp"":""10.00"",""created_time"":""2026-04-28T09:50:07.163651Z"",""no_price_dollars"":""0.9430"",""taker_side"":""yes"",""ticker"":""KXETH15M-26APR280600-00"",""trade_id"":""c8163aa8-5385-6f29-922e-f930715e74d3"",""yes_price_dollars"":""0.0570""}"
KXETH15M-26APR280600-00,9c34f5fd-3095-6dab-9afd-3130b6032052,1777369807,0.057,10.0,yes,"{""count_fp"":""10.00"",""created_time"":""2026-04-28T09:50:07.163651Z"",""no_price_dollars"":""0.9430"",""taker_side"":""yes"",""ticker"":""KXETH15M-26APR280600-00"",""trade_id"":""9c34f5fd-3095-6dab-9afd-3130b6032052"",""yes_price_dollars"":""0.0570""}"
KXETH15M-26APR280600-00,4b240015-7fe5-611a-81f4-ed841edc5dc3,1777369808,0.048,32.0,yes,"{""count_fp"":""32.00"",""created_time"":""2026-04-28T09:50:08.166975Z"",""no_price_dollars"":""0.9520"",""taker_side"":""yes"",""ticker"":""KXETH15M-26APR280600-00"",""trade_id"":""4b240015-7fe5-611a-81f4-ed841edc5dc3"",""yes_price_dollars"":""0.0480""}"
KXETH15M-26APR280600-00,d7076dda-a1e3-7af6-2d39-f2484e7590a5,1777369808,0.03,17.0,no,"{""count_fp"":""17.00"",""created_time"":""2026-04-28T09:50:08.122214Z"",""no_price_dollars"":""0.9700"",""taker_side"":""no"",""ticker"":""KXETH15M-26APR280600-00"",""trade_id"":""d7076dda-a1e3-7af6-2d39-f2484e7590a5"",""yes_price_dollars"":""0.0300""}"
KXETH15M-26APR280600-00,ad1cbcc5-26e2-74e4-369f-cbbc89c2030a,1777369808,0.03,22.0,no,"{""count_fp"":""22.00"",""created_time"":""2026-04-28T09:50:08.122214Z"",""no_price_dollars"":""0.9700"",""taker_side"":""no"",""ticker"":""KXETH15M-26APR280600-00"",""trade_id"":""ad1cbcc5-26e2-74e4-369f-cbbc89c2030a"",""yes_price_dollars"":""0.0300""}"
KXETH15M-26APR280600-00,7dc8d00a-555e-70f9-3e26-11fdaee12c60,1777369808,0.03,1.0,no,"{""count_fp"":""1.00"",""created_time"":""2026-04-28T09:50:08.122214Z"",""no_price_dollars"":""0.9700"",""taker_side"":""no"",""ticker"":""KXETH15M-26APR280600-00"",""trade_id"":""7dc8d00a-555e-70f9-3e26-11fdaee12c60"",""yes_price_dollars"":""0.0300""}"
KXETH15M-26APR280600-00,732f53b0-ad5d-728b-0a9a-2eda11788026,1777369808,0.03,3.0,no,"{""count_fp"":""3.00"",""created_time"":""2026-04-28T09:50:08.122214Z"",""no_price_dollars"":""0.9700"",""taker_side"":""no"",""ticker"":""KXETH15M-26APR280600-00"",""trade_id"":""732f53b0-ad5d-728b-0a9a-2eda11788026"",""yes_price_dollars"":""0.0300""}"
KXETH15M-26APR280600-00,411d9c45-c8a6-7bec-3760-e98696d1c3d0,1777369808,0.03,1.0,no,"{""count_fp"":""1.00"",""created_time"":""2026-04-28T09:50:08.122214Z"",""no_price_dollars"":""0.9700"",""taker_side"":""no"",""ticker"":""KXETH15M-26APR280600-00"",""trade_id"":""411d9c45-c8a6-7bec-3760-e98696d1c3d0"",""yes_price_dollars"":""0.0300""}"
KXETH15M-26APR280600-00,0d1c3df5-c514-7441-35f9-81575bb86865,1777369808,0.03,15.0,no,"{""count_fp"":""15.00"",""created_time"":""2026-04-28T09:50:08.122214Z"",""no_price_dollars"":""0.9700"",""taker_side"":""no"",""ticker"":""KXETH15M-26APR280600-00"",""trade_id"":""0d1c3df5-c514-7441-35f9-81575bb86865"",""yes_price_dollars"":""0.0300""}"
KXETH15M-26APR280600-00,0595710c-9201-72d8-1d63-10e7d9ac5611,1777369808,0.03,1.0,no,"{""count_fp"":""1.00"",""created_time"":""2026-04-28T09:50:08.122214Z"",""no_price_dollars"":""0.9700"",""taker_side"":""no"",""ticker"":""KXETH15M-26APR280600-00"",""trade_id"":""0595710c-9201-72d8-1d63-10e7d9ac5611"",""yes_price_dollars"":""0.0300""}"
KXETH15M-26APR280600-00,c2e6d108-bfc6-5432-4fc4-e3e92e144f32,1777369810,0.05,20.0,yes,"{""count_fp"":""20.00"",""created_time"":""2026-04-28T09:50:10.125974Z"",""no_price_dollars"":""0.9500"",""taker_side"":""yes"",""ticker"":""KXETH15M-26APR280600-00"",""trade_id"":""c2e6d108-bfc6-5432-4fc4-e3e92e144f32"",""yes_price_dollars"":""0.0500""}"
KXETH15M-26APR280600-00,73a9a892-c75f-5854-520c-3c6b618f6bbf,1777369812,0.038,28.0,no,"{""count_fp"":""28.00"",""created_time"":""2026-04-28T09:50:12.233362Z"",""no_price_dollars"":""0.9620"",""taker_side"":""no"",""ticker"":""KXETH15M-26APR280600-00"",""trade_id"":""73a9a892-c75f-5854-520c-3c6b618f6bbf"",""yes_price_dollars"":""0.0380""}"
KXETH15M-26APR280600-00,a3f1a7f0-905c-5b28-f0fe-a5dbbb475f7c,1777369812,0.038,10.0,yes,"{""count_fp"":""10.00"",""created_time"":""2026-04-28T09:50:12.202665Z"",""no_price_dollars"":""0.9620"",""taker_side"":""yes"",""ticker"":""KXETH15M-26APR280600-00"",""trade_id"":""a3f1a7f0-905c-5b28-f0fe-a5dbbb475f7c"",""yes_price_dollars"":""0.0380""}"
KXETH15M-26APR280600-00,d86f88d4-e86b-5b57-2992-050ec102ffa5,1777369814,0.038,18.0,yes,"{""count_fp"":""18.00"",""created_time"":""2026-04-28T09:50:14.229234Z"",""no_price_dollars"":""0.9620"",""taker_side"":""yes"",""ticker"":""KXETH15M-26APR280600-00"",""trade_id"":""d86f88d4-e86b-5b57-2992-050ec102ffa5"",""yes_price_dollars"":""0.0380""}"
KXETH15M-26APR280600-00,9eac2bef-410a-545a-2b17-1bbd73de5eb2,1777369814,0.038,10.0,yes,"{""count_fp"":""10.00"",""created_time"":""2026-04-28T09:50:14.229234Z"",""no_price_dollars"":""0.9620"",""taker_side"":""yes"",""ticker"":""KXETH15M-26APR280600-00"",""trade_id"":""9eac2bef-410a-545a-2b17-1bbd73de5eb2"",""yes_price_dollars"":""0.0380""}"
KXETH15M-26APR280600-00,7bc46466-8612-644e-c445-1af09ab453be,1777369815,0.04,1.0,yes,"{""count_fp"":""1.00"",""created_time"":""2026-04-28T09:50:15.111981Z"",""no_price_dollars"":""0.9600"",""taker_side"":""yes"",""ticker"":""KXETH15M-26APR280600-00"",""trade_id"":""7bc46466-8612-644e-c445-1af09ab453be"",""yes_price_dollars"":""0.0400""}"
KXETH15M-26APR280600-00,83089934-c1ba-5230-ff21-8396d56e67c8,1777369816,0.035,22.0,yes,"{""count_fp"":""22.00"",""created_time"":""2026-04-28T09:50:16.215365Z"",""no_price_dollars"":""0.9650"",""taker_side"":""yes"",""ticker"":""KXETH15M-26APR280600-00"",""trade_id"":""83089934-c1ba-5230-ff21-8396d56e67c8"",""yes_price_dollars"":""0.0350""}"
KXETH15M-26APR280600-00,edb32623-124e-6014-5c44-d37d27b15a7c,1777369817,0.037,25.24,yes,"{""count_fp"":""25.24"",""created_time"":""2026-04-28T09:50:17.580163Z"",""no_price_dollars"":""0.9630"",""taker_side"":""yes"",""ticker"":""KXETH15M-26APR280600-00"",""trade_id"":""edb32623-124e-6014-5c44-d37d27b15a7c"",""yes_price_dollars"":""0.0370""}"
KXETH15M-26APR280600-00,1dea05d0-01aa-5040-da80-ad469a8625e0,1777369817,0.037,20.0,yes,"{""count_fp"":""20.00"",""created_time"":""2026-04-28T09:50:17.150144Z"",""no_price_dollars"":""0.9630"",""taker_side"":""yes"",""ticker"":""KXETH15M-26APR280600-00"",""trade_id"":""1dea05d0-01aa-5040-da80-ad469a8625e0"",""yes_price_dollars"":""0.0370""}"
KXETH15M-26APR280600-00,b9d34d0a-6581-74b2-1c54-9cd67344d8dc,1777369818,0.031,42.0,yes,"{""count_fp"":""42.00"",""created_time"":""2026-04-28T09:50:18.131152Z"",""no_price_dollars"":""0.9690"",""taker_side"":""yes"",""ticker"":""KXETH15M-26APR280600-00"",""trade_id"":""b9d34d0a-6581-74b2-1c54-9cd67344d8dc"",""yes_price_dollars"":""0.0310""}"
KXETH15M-26APR280600-00,6d7368cd-cafa-5b3f-2a83-0df946cad2e0,1777369825,0.022,5.0,no,"{""count_fp"":""5.00"",""created_time"":""2026-04-28T09:50:25.229627Z"",""no_price_dollars"":""0.9780"",""taker_side"":""no"",""ticker"":""KXETH15M-26APR280600-00"",""trade_id"":""6d7368cd-cafa-5b3f-2a83-0df946cad2e0"",""yes_price_dollars"":""0.0220""}"
KXETH15M-26APR280600-00,5599c7c7-930e-7f83-3437-b9d50b47cf04,1777369825,0.022,40.0,no,"{""count_fp"":""40.00"",""created_time"":""2026-04-28T09:50:25.192616Z"",""no_price_dollars"":""0.9780"",""taker_side"":""no"",""ticker"":""KXETH15M-26APR280600-00"",""trade_id"":""5599c7c7-930e-7f83-3437-b9d50b47cf04"",""yes_price_dollars"":""0.0220""}"
KXETH15M-26APR280600-00,31b98fd7-d65f-6437-12de-a31123bb3033,1777369828,0.021,56.0,no,"{""count_fp"":""56.00"",""created_time"":""2026-04-28T09:50:28.110496Z"",""no_price_dollars"":""0.9790"",""taker_side"":""no"",""ticker"":""KXETH15M-26APR280600-00"",""trade_id"":""31b98fd7-d65f-6437-12de-a31123bb3033"",""yes_price_dollars"":""0.0210""}"
KXETH15M-26APR280600-00,8cf4aec3-25ce-7577-18e7-9559eb03302f,1777369831,0.024,43.0,yes,"{""count_fp"":""43.00"",""created_time"":""2026-04-28T09:50:31.223687Z"",""no_price_dollars"":""0.9760"",""taker_side"":""yes"",""ticker"":""KXETH15M-26APR280600-00"",""trade_id"":""8cf4aec3-25ce-7577-18e7-9559eb03302f"",""yes_price_dollars"":""0.0240""}"
KXETH15M-26APR280600-00,e8521211-dcb0-7dd1-2d56-5cce51be7682,1777369832,0.025,6.0,no,"{""count_fp"":""6.00"",""created_time"":""2026-04-28T09:50:32.227504Z"",""no_price_dollars"":""0.9750"",""taker_side"":""no"",""ticker"":""KXETH15M-26APR280600-00"",""trade_id"":""e8521211-dcb0-7dd1-2d56-5cce51be7682"",""yes_price_dollars"":""0.0250""}"
KXETH15M-26APR280600-00,4d3043a4-2566-424e-1320-65b601314815,1777369832,0.025,10.0,yes,"{""count_fp"":""10.00"",""created_time"":""2026-04-28T09:50:32.194665Z"",""no_price_dollars"":""0.9750"",""taker_side"":""yes"",""ticker"":""KXETH15M-26APR280600-00"",""trade_id"":""4d3043a4-2566-424e-1320-65b601314815"",""yes_price_dollars"":""0.0250""}"
KXETH15M-26APR280600-00,e4422300-ce43-6c67-41b3-1aeefdd69e37,1777369835,0.021,3.0,no,"{""count_fp"":""3.00"",""created_time"":""2026-04-28T09:50:35.355029Z"",""no_price_dollars"":""0.9790"",""taker_side"":""no"",""ticker"":""KXETH15M-26APR280600-00"",""trade_id"":""e4422300-ce43-6c67-41b3-1aeefdd69e37"",""yes_price_dollars"":""0.0210""}"
KXETH15M-26APR280600-00,60e831d8-ca6b-7f27-b58b-5f2aaa83d87f,1777369835,0.021,27.0,no,"{""count_fp"":""27.00"",""created_time"":""2026-04-28T09:50:35.218331Z"",""no_price_dollars"":""0.9790"",""taker_side"":""no"",""ticker"":""KXETH15M-26APR280600-00"",""trade_id"":""60e831d8-ca6b-7f27-b58b-5f2aaa83d87f"",""yes_price_dollars"":""0.0210""}"
KXETH15M-26APR280600-00,d60597db-b255-6124-e24a-83e709e1899c,1777369839,0.023,1.0,no,"{""count_fp"":""1.00"",""created_time"":""2026-04-28T09:50:39.362575Z"",""no_price_dollars"":""0.9770"",""taker_side"":""no"",""ticker"":""KXETH15M-26APR280600-00"",""trade_id"":""d60597db-b255-6124-e24a-83e709e1899c"",""yes_price_dollars"":""0.0230""}"
KXETH15M-26APR280600-00,6a128ceb-88fe-4ff4-c49e-f708daaaf146,1777369843,0.023,1.0,no,"{""count_fp"":""1.00"",""created_time"":""2026-04-28T09:50:43.859306Z"",""no_price_dollars"":""0.9770"",""taker_side"":""no"",""ticker"":""KXETH15M-26APR280600-00"",""trade_id"":""6a128ceb-88fe-4ff4-c49e-f708daaaf146"",""yes_price_dollars"":""0.0230""}"
KXETH15M-26APR280600-00,3802c315-18a2-7e13-c8c7-73152bc77d63,1777369856,0.03,39.0,yes,"{""count_fp"":""39.00"",""created_time"":""2026-04-28T09:50:56.154995Z"",""no_price_dollars"":""0.9700"",""taker_side"":""yes"",""ticker"":""KXETH15M-26APR280600-00"",""trade_id"":""3802c315-18a2-7e13-c8c7-73152bc77d63"",""yes_price_dollars"":""0.0300""}"
KXETH15M-26APR280600-00,f71dd8df-571e-79a3-ff6b-4a71fe62aaeb,1777369857,0.03,22.0,yes,"{""count_fp"":""22.00"",""created_time"":""2026-04-28T09:50:57.107092Z"",""no_price_dollars"":""0.9700"",""taker_side"":""yes"",""ticker"":""KXETH15M-26APR280600-00"",""trade_id"":""f71dd8df-571e-79a3-ff6b-4a71fe62aaeb"",""yes_price_dollars"":""0.0300""}"
KXETH15M-26APR280600-00,e8d572e4-22cb-7ebb-0a72-4358128e148b,1777369860,0.021,17.0,no,"{""count_fp"":""17.00"",""created_time"":""2026-04-28T09:51:00.119022Z"",""no_price_dollars"":""0.9790"",""taker_side"":""no"",""ticker"":""KXETH15M-26APR280600-00"",""trade_id"":""e8d572e4-22cb-7ebb-0a72-4358128e148b"",""yes_price_dollars"":""0.0210""}"
KXETH15M-26APR280600-00,d695ec29-7f41-7648-2787-c843db6289b0,1777369860,0.02,1.0,no,"{""count_fp"":""1.00"",""created_time"":""2026-04-28T09:51:00.119022Z"",""no_price_dollars"":""0.9800"",""taker_side"":""no"",""ticker"":""KXETH15M-26APR280600-00"",""trade_id"":""d695ec29-7f41-7648-2787-c843db6289b0"",""yes_price_dollars"":""0.0200""}"
KXETH15M-26APR280600-00,bb28b74b-f4b4-7224-12e2-88f1850989c1,1777369860,0.021,1.0,no,"{""count_fp"":""1.00"",""created_time"":""2026-04-28T09:51:00.119022Z"",""no_price_dollars"":""0.9790"",""taker_side"":""no"",""ticker"":""KXETH15M-26APR280600-00"",""trade_id"":""bb28b74b-f4b4-7224-12e2-88f1850989c1"",""yes_price_dollars"":""0.0210""}"
KXETH15M-26APR280600-00,93c727d9-c7ee-74cf-1592-b58af8b7589b,1777369860,0.02,154.0,no,"{""count_fp"":""154.00"",""created_time"":""2026-04-28T09:51:00.119022Z"",""no_price_dollars"":""0.9800"",""taker_side"":""no"",""ticker"":""KXETH15M-26APR280600-00"",""trade_id"":""93c727d9-c7ee-74cf-1592-b58af8b7589b"",""yes_price_dollars"":""0.0200""}"
KXETH15M-26APR280600-00,2187fbef-e841-7cca-a972-840d7ef636be,1777369861,0.013,2.0,no,"{""count_fp"":""2.00"",""created_time"":""2026-04-28T09:51:01.580493Z"",""no_price_dollars"":""0.9870"",""taker_side"":""no"",""ticker"":""KXETH15M-26APR280600-00"",""trade_id"":""2187fbef-e841-7cca-a972-840d7ef636be"",""yes_price_dollars"":""0.0130""}"
KXETH15M-26APR280600-00,e7494116-465f-6919-e248-f34157c3ad2c,1777369861,0.013,1.0,no,"{""count_fp"":""1.00"",""created_time"":""2026-04-28T09:51:01.519646Z"",""no_price_dollars"":""0.9870"",""taker_side"":""no"",""ticker"":""KXETH15M-26APR280600-00"",""trade_id"":""e7494116-465f-6919-e248-f34157c3ad2c"",""yes_price_dollars"":""0.0130""}"
KXETH15M-26APR280600-00,d8ba1a0d-7025-61da-efed-7bb1cfcbdd32,1777369861,0.013,10.0,no,"{""count_fp"":""10.00"",""created_time"":""2026-04-28T09:51:01.519646Z"",""no_price_dollars"":""0.9870"",""taker_side"":""no"",""ticker"":""KXETH15M-26APR280600-00"",""trade_id"":""d8ba1a0d-7025-61da-efed-7bb1cfcbdd32"",""yes_price_dollars"":""0.0130""}"
KXETH15M-26APR280600-00,bf1c2b51-600c-645b-dff7-adaab2a129d8,1777369861,0.014,1.0,no,"{""count_fp"":""1.00"",""created_time"":""2026-04-28T09:51:01.519646Z"",""no_price_dollars"":""0.9860"",""taker_side"":""no"",""ticker"":""KXETH15M-26APR280600-00"",""trade_id"":""bf1c2b51-600c-645b-dff7-adaab2a129d8"",""yes_price_dollars"":""0.0140""}"
KXETH15M-26APR280600-00,f9e4119b-dfc8-595e-a269-47c79c6a90da,1777369861,0.015,1.0,no,"{""count_fp"":""1.00"",""created_time"":""2026-04-28T09:51:01.119617Z"",""no_price_dollars"":""0.9850"",""taker_side"":""no"",""ticker"":""KXETH15M-26APR280600-00"",""trade_id"":""f9e4119b-dfc8-595e-a269-47c79c6a90da"",""yes_price_dollars"":""0.0150""}"
KXETH15M-26APR280600-00,d6dbe499-9ad0-5003-8891-4554e621b4a7,1777369861,0.02,10.0,no,"{""count_fp"":""10.00"",""created_time"":""2026-04-28T09:51:01.119617Z"",""no_price_dollars"":""0.9800"",""taker_side"":""no"",""ticker"":""KXETH15M-26APR280600-00"",""trade_id"":""d6dbe499-9ad0-5003-8891-4554e621b4a7"",""yes_price_dollars"":""0.0200""}"
KXETH15M-26APR280600-00,d2ad0082-7a2e-54ff-b79d-9182248e8ba2,1777369861,0.02,25.0,no,"{""count_fp"":""25.00"",""created_time"":""2026-04-28T09:51:01.119617Z"",""no_price_dollars"":""0.9800"",""taker_side"":""no"",""ticker"":""KXETH15M-26APR280600-00"",""trade_id"":""d2ad0082-7a2e-54ff-b79d-9182248e8ba2"",""yes_price_dollars"":""0.0200""}"
KXETH15M-26APR280600-00,8c59febe-5d26-5b72-8c57-d41d17ea5acb,1777369861,0.02,1.0,no,"{""count_fp"":""1.00"",""created_time"":""2026-04-28T09:51:01.119617Z"",""no_price_dollars"":""0.9800"",""taker_side"":""no"",""ticker"":""KXETH15M-26APR280600-00"",""trade_id"":""8c59febe-5d26-5b72-8c57-d41d17ea5acb"",""yes_price_dollars"":""0.0200""}"
KXETH15M-26APR280600-00,8a7de175-151d-5f66-970d-b82aa8b5b226,1777369861,0.015,7.0,no,"{""count_fp"":""7.00"",""created_time"":""2026-04-28T09:51:01.119617Z"",""no_price_dollars"":""0.9850"",""taker_side"":""no"",""ticker"":""KXETH15M-26APR280600-00"",""trade_id"":""8a7de175-151d-5f66-970d-b82aa8b5b226"",""yes_price_dollars"":""0.0150""}"
KXETH15M-26APR280600-00,4e1ac13b-5b21-57e0-b5f7-60e9b94ba094,1777369861,0.016,10.0,no,"{""count_fp"":""10.00"",""created_time"":""2026-04-28T09:51:01.119617Z"",""no_price_dollars"":""0.9840"",""taker_side"":""no"",""ticker"":""KXETH15M-26APR280600-00"",""trade_id"":""4e1ac13b-5b21-57e0-b5f7-60e9b94ba094"",""yes_price_dollars"":""0.0160""}"
KXETH15M-26APR280600-00,19a8764a-32bc-51cc-9f92-1c82499e2e7f,1777369861,0.018,1.0,no,"{""count_fp"":""1.00"",""created_time"":""2026-04-28T09:51:01.119617Z"",""no_price_dollars"":""0.9820"",""taker_side"":""no"",""ticker"":""KXETH15M-26APR280600-00"",""trade_id"":""19a8764a-32bc-51cc-9f92-1c82499e2e7f"",""yes_price_dollars"":""0.0180""}"
KXETH15M-26APR280600-00,0970a584-7ca0-5bbd-9429-571bb31f2f8d,1777369861,0.02,50.0,no,"{""count_fp"":""50.00"",""created_time"":""2026-04-28T09:51:01.119617Z"",""no_price_dollars"":""0.9800"",""taker_side"":""no"",""ticker"":""KXETH15M-26APR280600-00"",""trade_id"":""0970a584-7ca0-5bbd-9429-571bb31f2f8d"",""yes_price_dollars"":""0.0200""}"
KXETH15M-26APR280600-00,072c6eaf-0d19-78eb-2377-2e731e352b9d,1777369878,0.011,7.0,no,"{""count_fp"":""7.00"",""created_time"":""2026-04-28T09:51:18.226798Z"",""no_price_dollars"":""0.9890"",""taker_side"":""no"",""ticker"":""KXETH15M-26APR280600-00"",""trade_id"":""072c6eaf-0d19-78eb-2377-2e731e352b9d"",""yes_price_dollars"":""0.0110""}"
KXETH15M-26APR280600-00,f75b4d44-a803-7979-480a-644249ceba24,1777369878,0.012,50.0,no,"{""count_fp"":""50.00"",""created_time"":""2026-04-28T09:51:18.126947Z"",""no_price_dollars"":""0.9880"",""taker_side"":""no"",""ticker"":""KXETH15M-26APR280600-00"",""trade_id"":""f75b4d44-a803-7979-480a-644249ceba24"",""yes_price_dollars"":""0.0120""}"
KXETH15M-26APR280600-00,6a0f8091-bdd4-72f2-6988-6681a4a522d7,1777369878,0.012,1.0,no,"{""count_fp"":""1.00"",""created_time"":""2026-04-28T09:51:18.126947Z"",""no_price_dollars"":""0.9880"",""taker_side"":""no"",""ticker"":""KXETH15M-26APR280600-00"",""trade_id"":""6a0f8091-bdd4-72f2-6988-6681a4a522d7"",""yes_price_dollars"":""0.0120""}"
KXETH15M-26APR280600-00,23444eae-a515-7cab-6ef6-d5d8eb7c9b0d,1777369878,0.011,29.0,no,"{""count_fp"":""29.00"",""created_time"":""2026-04-28T09:51:18.126947Z"",""no_price_dollars"":""0.9890"",""taker_side"":""no"",""ticker"":""KXETH15M-26APR280600-00"",""trade_id"":""23444eae-a515-7cab-6ef6-d5d8eb7c9b0d"",""yes_price_dollars"":""0.0110""}"
KXETH15M-26APR280600-00,19d94aeb-0d42-4127-735f-d8a9184c2fde,1777369881,0.018,23.0,yes,"{""count_fp"":""23.00"",""created_time"":""2026-04-28T09:51:21.217518Z"",""no_price_dollars"":""0.9820"",""taker_side"":""yes"",""ticker"":""KXETH15M-26APR280600-00"",""trade_id"":""19d94aeb-0d42-4127-735f-d8a9184c2fde"",""yes_price_dollars"":""0.0180""}"
KXETH15M-26APR280600-00,e41536e4-33ad-7def-3843-08f9102b9c31,1777369891,0.015,10.0,yes,"{""count_fp"":""10.00"",""created_time"":""2026-04-28T09:51:31.189202Z"",""no_price_dollars"":""0.9850"",""taker_side"":""yes"",""ticker"":""KXETH15M-26APR280600-00"",""trade_id"":""e41536e4-33ad-7def-3843-08f9102b9c31"",""yes_price_dollars"":""0.0150""}"
KXETH15M-26APR280600-00,a9d624d2-36ca-422e-0b83-0351195513c3,1777369909,0.024,19.2,yes,"{""count_fp"":""19.20"",""created_time"":""2026-04-28T09:51:49.753176Z"",""no_price_dollars"":""0.9760"",""taker_side"":""yes"",""ticker"":""KXETH15M-26APR280600-00"",""trade_id"":""a9d624d2-36ca-422e-0b83-0351195513c3"",""yes_price_dollars"":""0.0240""}"
KXETH15M-26APR280600-00,eac00710-c21d-6cd7-fb75-5a74c45b5339,1777369920,0.011,33.0,no,"{""count_fp"":""33.00"",""created_time"":""2026-04-28T09:52:00.112015Z"",""no_price_dollars"":""0.9890"",""taker_side"":""no"",""ticker"":""KXETH15M-26APR280600-00"",""trade_id"":""eac00710-c21d-6cd7-fb75-5a74c45b5339"",""yes_price_dollars"":""0.0110""}"
KXETH15M-26APR280600-00,b41cfd36-1802-6dde-f591-d0901bb9af09,1777369920,0.01,69.0,no,"{""count_fp"":""69.00"",""created_time"":""2026-04-28T09:52:00.112015Z"",""no_price_dollars"":""0.9900"",""taker_side"":""no"",""ticker"":""KXETH15M-26APR280600-00"",""trade_id"":""b41cfd36-1802-6dde-f591-d0901bb9af09"",""yes_price_dollars"":""0.0100""}"
KXETH15M-26APR280600-00,694aecea-cb17-67e0-caae-792654355239,1777369920,0.01,1.0,no,"{""count_fp"":""1.00"",""created_time"":""2026-04-28T09:52:00.112015Z"",""no_price_dollars"":""0.9900"",""taker_side"":""no"",""ticker"":""KXETH15M-26APR280600-00"",""trade_id"":""694aecea-cb17-67e0-caae-792654355239"",""yes_price_dollars"":""0.0100""}"
KXETH15M-26APR280600-00,49ef44c6-d573-6c36-da76-1af27b6110d0,1777369920,0.01,1.0,no,"{""count_fp"":""1.00"",""created_time"":""2026-04-28T09:52:00.112015Z"",""no_price_dollars"":""0.9900"",""taker_side"":""no"",""ticker"":""KXETH15M-26APR280600-00"",""trade_id"":""49ef44c6-d573-6c36-da76-1af27b6110d0"",""yes_price_dollars"":""0.0100""}"
KXETH15M-26APR280600-00,499fbddb-314b-69af-d540-107c7ec21bcb,1777369920,0.01,77.0,no,"{""count_fp"":""77.00"",""created_time"":""2026-04-28T09:52:00.112015Z"",""no_price_dollars"":""0.9900"",""taker_side"":""no"",""ticker"":""KXETH15M-26APR280600-00"",""trade_id"":""499fbddb-314b-69af-d540-107c7ec21bcb"",""yes_price_dollars"":""0.0100""}"
KXETH15M-26APR280600-00,43d47780-a55e-63d5-d57b-c1c78bbcc4ad,1777369920,0.01,10.0,no,"{""count_fp"":""10.00"",""created_time"":""2026-04-28T09:52:00.112015Z"",""no_price_dollars"":""0.9900"",""taker_side"":""no"",""ticker"":""KXETH15M-26APR280600-00"",""trade_id"":""43d47780-a55e-63d5-d57b-c1c78bbcc4ad"",""yes_price_dollars"":""0.0100""}"
KXETH15M-26APR280600-00,2828918c-70b0-67f5-f9e7-126b8631e5b7,1777369920,0.011,1.0,no,"{""count_fp"":""1.00"",""created_time"":""2026-04-28T09:52:00.112015Z"",""no_price_dollars"":""0.9890"",""taker_side"":""no"",""ticker"":""KXETH15M-26APR280600-00"",""trade_id"":""2828918c-70b0-67f5-f9e7-126b8631e5b7"",""yes_price_dollars"":""0.0110""}"
KXETH15M-26APR280600-00,081564ef-83a4-7cf6-00c6-a7d06a77e9fd,1777369921,0.017,29.4,yes,"{""count_fp"":""29.40"",""created_time"":""2026-04-28T09:52:01.150859Z"",""no_price_dollars"":""0.9830"",""taker_side"":""yes"",""ticker"":""KXETH15M-26APR280600-00"",""trade_id"":""081564ef-83a4-7cf6-00c6-a7d06a77e9fd"",""yes_price_dollars"":""0.0170""}"
KXETH15M-26APR280600-00,d528fb4a-51e3-75ff-e159-15494224693b,1777369921,0.01,117.0,no,"{""count_fp"":""117.00"",""created_time"":""2026-04-28T09:52:01.123514Z"",""no_price_dollars"":""0.9900"",""taker_side"":""no"",""ticker"":""KXETH15M-26APR280600-00"",""trade_id"":""d528fb4a-51e3-75ff-e159-15494224693b"",""yes_price_dollars"":""0.0100""}"
KXETH15M-26APR280600-00,7f534ed2-48c3-5a67-d90d-8928d25a77ef,1777369922,0.01,101.0,no,"{""count_fp"":""101.00"",""created_time"":""2026-04-28T09:52:02.124805Z"",""no_price_dollars"":""0.9900"",""taker_side"":""no"",""ticker"":""KXETH15M-26APR280600-00"",""trade_id"":""7f534ed2-48c3-5a67-d90d-8928d25a77ef"",""yes_price_dollars"":""0.0100""}"
KXETH15M-26APR280600-00,8bf487cb-24c3-4471-c90f-f33330e3fbc0,1777369931,0.019,38.0,yes,"{""count_fp"":""38.00"",""created_time"":""2026-04-28T09:52:11.125058Z"",""no_price_dollars"":""0.9810"",""taker_side"":""yes"",""ticker"":""KXETH15M-26APR280600-00"",""trade_id"":""8bf487cb-24c3-4471-c90f-f33330e3fbc0"",""yes_price_dollars"":""0.0190""}"
KXETH15M-26APR280600-00,cf431839-33cc-4cef-9b2e-81c1435f2faf,1777369940,0.019,33.0,yes,"{""count_fp"":""33.00"",""created_time"":""2026-04-28T09:52:20.620499Z"",""no_price_dollars"":""0.9810"",""taker_side"":""yes"",""ticker"":""KXETH15M-26APR280600-00"",""trade_id"":""cf431839-33cc-4cef-9b2e-81c1435f2faf"",""yes_price_dollars"":""0.0190""}"
KXETH15M-26APR280600-00,0893c13c-92d4-48bb-ac6d-13c7c6d3c864,1777369940,0.02,6.55,yes,"{""count_fp"":""6.55"",""created_time"":""2026-04-28T09:52:20.620499Z"",""no_price_dollars"":""0.9800"",""taker_side"":""yes"",""ticker"":""KXETH15M-26APR280600-00"",""trade_id"":""0893c13c-92d4-48bb-ac6d-13c7c6d3c864"",""yes_price_dollars"":""0.0200""}"
KXETH15M-26APR280600-00,05f9d077-712f-4a75-82c7-887cc454ac0c,1777369940,0.019,9.0,yes,"{""count_fp"":""9.00"",""created_time"":""2026-04-28T09:52:20.620499Z"",""no_price_dollars"":""0.9810"",""taker_side"":""yes"",""ticker"":""KXETH15M-26APR280600-00"",""trade_id"":""05f9d077-712f-4a75-82c7-887cc454ac0c"",""yes_price_dollars"":""0.0190""}"
KXETH15M-26APR280600-00,dff474aa-96e9-4d13-c25b-b2fdd4614037,1777369941,0.011,12.0,no,"{""count_fp"":""12.00"",""created_time"":""2026-04-28T09:52:21.207136Z"",""no_price_dollars"":""0.9890"",""taker_side"":""no"",""ticker"":""KXETH15M-26APR280600-00"",""trade_id"":""dff474aa-96e9-4d13-c25b-b2fdd4614037"",""yes_price_dollars"":""0.0110""}"
KXETH15M-26APR280600-00,f055ef02-d178-53ab-62a6-022467436600,1777369949,0.02,3.45,yes,"{""count_fp"":""3.45"",""created_time"":""2026-04-28T09:52:29.285627Z"",""no_price_dollars"":""0.9800"",""taker_side"":""yes"",""ticker"":""KXETH15M-26APR280600-00"",""trade_id"":""f055ef02-d178-53ab-62a6-022467436600"",""yes_price_dollars"":""0.0200""}"
KXETH15M-26APR280600-00,5c1c7ad9-f0b3-59a9-5622-a47458f8b170,1777369949,0.02,55.55,yes,"{""count_fp"":""55.55"",""created_time"":""2026-04-28T09:52:29.285627Z"",""no_price_dollars"":""0.9800"",""taker_side"":""yes"",""ticker"":""KXETH15M-26APR280600-00"",""trade_id"":""5c1c7ad9-f0b3-59a9-5622-a47458f8b170"",""yes_price_dollars"":""0.0200""}"
KXETH15M-26APR280600-00,e7f08215-6777-7a4b-9f5b-0c4a1388cc53,1777369950,0.01,39.0,no,"{""count_fp"":""39.00"",""created_time"":""2026-04-28T09:52:30.258036Z"",""no_price_dollars"":""0.9900"",""taker_side"":""no"",""ticker"":""KXETH15M-26APR280600-00"",""trade_id"":""e7f08215-6777-7a4b-9f5b-0c4a1388cc53"",""yes_price_dollars"":""0.0100""}"
KXETH15M-26APR280600-00,65e0b421-510a-6ae5-6d05-c5f3106acf73,1777369950,0.011,10.0,no,"{""count_fp"":""10.00"",""created_time"":""2026-04-28T09:52:30.237914Z"",""no_price_dollars"":""0.9890"",""taker_side"":""no"",""ticker"":""KXETH15M-26APR280600-00"",""trade_id"":""65e0b421-510a-6ae5-6d05-c5f3106acf73"",""yes_price_dollars"":""0.0110""}"
KXETH15M-26APR280600-00,2f62db0b-63df-6dd1-ab8e-b3f4b49023d8,1777369950,0.02,32.0,yes,"{""count_fp"":""32.00"",""created_time"":""2026-04-28T09:52:30.167005Z"",""no_price_dollars"":""0.9800"",""taker_side"":""yes"",""ticker"":""KXETH15M-26APR280600-00"",""trade_id"":""2f62db0b-63df-6dd1-ab8e-b3f4b49023d8"",""yes_price_dollars"":""0.0200""}"
KXETH15M-26APR280600-00,ad2487aa-652f-5309-d65b-c641bb00a87c,1777369952,0.02,41.0,yes,"{""count_fp"":""41.00"",""created_time"":""2026-04-28T09:52:32.131052Z"",""no_price_dollars"":""0.9800"",""taker_side"":""yes"",""ticker"":""KXETH15M-26APR280600-00"",""trade_id"":""ad2487aa-652f-5309-d65b-c641bb00a87c"",""yes_price_dollars"":""0.0200""}"
KXETH15M-26APR280600-00,a8c203c8-4109-4901-99da-66f1c61726bb,1777369954,0.011,18.0,no,"{""count_fp"":""18.00"",""created_time"":""2026-04-28T09:52:34.821531Z"",""no_price_dollars"":""0.9890"",""taker_side"":""no"",""ticker"":""KXETH15M-26APR280600-00"",""trade_id"":""a8c203c8-4109-4901-99da-66f1c61726bb"",""yes_price_dollars"":""0.0110""}"
KXETH15M-26APR280600-00,2fdc5f3f-1805-507a-a258-8ff630c59d54,1777369966,0.02,66.0,yes,"{""count_fp"":""66.00"",""created_time"":""2026-04-28T09:52:46.225065Z"",""no_price_dollars"":""0.9800"",""taker_side"":""yes"",""ticker"":""KXETH15M-26APR280600-00"",""trade_id"":""2fdc5f3f-1805-507a-a258-8ff630c59d54"",""yes_price_dollars"":""0.0200""}"
KXETH15M-26APR280600-00,e71c8a31-74c9-65fc-3d8c-a1e94c9faa6c,1777369984,0.025,10.0,no,"{""count_fp"":""10.00"",""created_time"":""2026-04-28T09:53:04.291419Z"",""no_price_dollars"":""0.9750"",""taker_side"":""no"",""ticker"":""KXETH15M-26APR280600-00"",""trade_id"":""e71c8a31-74c9-65fc-3d8c-a1e94c9faa6c"",""yes_price_dollars"":""0.0250""}"
KXETH15M-26APR280600-00,aba6f3cd-15b2-65c3-0168-59643fb9a970,1777369984,0.026,10.0,no,"{""count_fp"":""10.00"",""created_time"":""2026-04-28T09:53:04.291419Z"",""no_price_dollars"":""0.9740"",""taker_side"":""no"",""ticker"":""KXETH15M-26APR280600-00"",""trade_id"":""aba6f3cd-15b2-65c3-0168-59643fb9a970"",""yes_price_dollars"":""0.0260""}"
KXETH15M-26APR280600-00,58049a35-d4b2-5ff7-a417-d7fd2b0bba47,1777369989,0.027,2.0,no,"{""count_fp"":""2.00"",""created_time"":""2026-04-28T09:53:09.451893Z"",""no_price_dollars"":""0.9730"",""taker_side"":""no"",""ticker"":""KXETH15M-26APR280600-00"",""trade_id"":""58049a35-d4b2-5ff7-a417-d7fd2b0bba47"",""yes_price_dollars"":""0.0270""}"
KXETH15M-26APR280600-00,de7a48c5-bb71-5017-9d0b-7c45e4c1090d,1777369999,0.04,5.0,yes,"{""count_fp"":""5.00"",""created_time"":""2026-04-28T09:53:19.907934Z"",""no_price_dollars"":""0.9600"",""taker_side"":""yes"",""ticker"":""KXETH15M-26APR280600-00"",""trade_id"":""de7a48c5-bb71-5017-9d0b-7c45e4c1090d"",""yes_price_dollars"":""0.0400""}"
KXETH15M-26APR280600-00,96cc289c-689b-75e5-b49e-8e676fe4acab,1777370001,0.05,2.0,yes,"{""count_fp"":""2.00"",""created_time"":""2026-04-28T09:53:21.377709Z"",""no_price_dollars"":""0.9500"",""taker_side"":""yes"",""ticker"":""KXETH15M-26APR280600-00"",""trade_id"":""96cc289c-689b-75e5-b49e-8e676fe4acab"",""yes_price_dollars"":""0.0500""}"
KXETH15M-26APR280600-00,aaa168b3-e525-51d8-d46e-1d6bb2e5ce31,1777370002,0.05,10.0,yes,"{""count_fp"":""10.00"",""created_time"":""2026-04-28T09:53:22.900017Z"",""no_price_dollars"":""0.9500"",""taker_side"":""yes"",""ticker"":""KXETH15M-26APR280600-00"",""trade_id"":""aaa168b3-e525-51d8-d46e-1d6bb2e5ce31"",""yes_price_dollars"":""0.0500""}"
KXETH15M-26APR280600-00,3a13bf86-6ea6-5cb4-fe80-39e8bb53ee2c,1777370002,0.05,5.0,yes,"{""count_fp"":""5.00"",""created_time"":""2026-04-28T09:53:22.900017Z"",""no_price_dollars"":""0.9500"",""taker_side"":""yes"",""ticker"":""KXETH15M-26APR280600-00"",""trade_id"":""3a13bf86-6ea6-5cb4-fe80-39e8bb53ee2c"",""yes_price_dollars"":""0.0500""}"
KXETH15M-26APR280600-00,334689bb-446b-5721-f47e-8f550c6886a7,1777370002,0.05,24.0,yes,"{""count_fp"":""24.00"",""created_time"":""2026-04-28T09:53:22.900017Z"",""no_price_dollars"":""0.9500"",""taker_side"":""yes"",""ticker"":""KXETH15M-26APR280600-00"",""trade_id"":""334689bb-446b-5721-f47e-8f550c6886a7"",""yes_price_dollars"":""0.0500""}"
KXETH15M-26APR280600-00,0cc7507e-eaef-4777-cb90-bbf04c381f11,1777370004,0.05,10.0,yes,"{""count_fp"":""10.00"",""created_time"":""2026-04-28T09:53:24.510206Z"",""no_price_dollars"":""0.9500"",""taker_side"":""yes"",""ticker"":""KXETH15M-26APR280600-00"",""trade_id"":""0cc7507e-eaef-4777-cb90-bbf04c381f11"",""yes_price_dollars"":""0.0500""}"
KXETH15M-26APR280600-00,81a931b0-a264-57b3-6a63-a5c01c04726b,1777370011,0.06,5.0,yes,"{""count_fp"":""5.00"",""created_time"":""2026-04-28T09:53:31.106673Z"",""no_price_dollars"":""0.9400"",""taker_side"":""yes"",""ticker"":""KXETH15M-26APR280600-00"",""trade_id"":""81a931b0-a264-57b3-6a63-a5c01c04726b"",""yes_price_dollars"":""0.0600""}"
KXETH15M-26APR280600-00,81057b1f-d083-661d-7b19-c4ea49927c9e,1777370012,0.07,50.0,yes,"{""count_fp"":""50.00"",""created_time"":""2026-04-28T09:53:32.383332Z"",""no_price_dollars"":""0.9300"",""taker_side"":""yes"",""ticker"":""KXETH15M-26APR280600-00"",""trade_id"":""81057b1f-d083-661d-7b19-c4ea49927c9e"",""yes_price_dollars"":""0.0700""}"
KXETH15M-26APR280600-00,67ae65e4-26ce-623a-6e2f-794994df416b,1777370012,0.07,5.0,yes,"{""count_fp"":""5.00"",""created_time"":""2026-04-28T09:53:32.383332Z"",""no_price_dollars"":""0.9300"",""taker_side"":""yes"",""ticker"":""KXETH15M-26APR280600-00"",""trade_id"":""67ae65e4-26ce-623a-6e2f-794994df416b"",""yes_price_dollars"":""0.0700""}"
KXETH15M-26APR280600-00,21f133a1-53b5-4440-107f-ae84190573be,1777370012,0.068,1.0,no,"{""count_fp"":""1.00"",""created_time"":""2026-04-28T09:53:32.314934Z"",""no_price_dollars"":""0.9320"",""taker_side"":""no"",""ticker"":""KXETH15M-26APR280600-00"",""trade_id"":""21f133a1-53b5-4440-107f-ae84190573be"",""yes_price_dollars"":""0.0680""}"
KXETH15M-26APR280600-00,19e9db0d-2262-6b43-70fb-22817a6ae151,1777370014,0.065,3.0,no,"{""count_fp"":""3.00"",""created_time"":""2026-04-28T09:53:34.713496Z"",""no_price_dollars"":""0.9350"",""taker_side"":""no"",""ticker"":""KXETH15M-26APR280600-00"",""trade_id"":""19e9db0d-2262-6b43-70fb-22817a6ae151"",""yes_price_dollars"":""0.0650""}"
KXETH15M-26APR280600-00,942eedd7-8c6e-42f3-f054-0112a586d912,1777370023,0.096,1.0,no,"{""count_fp"":""1.00"",""created_time"":""2026-04-28T09:53:43.259142Z"",""no_price_dollars"":""0.9040"",""taker_side"":""no"",""ticker"":""KXETH15M-26APR280600-00"",""trade_id"":""942eedd7-8c6e-42f3-f054-0112a586d912"",""yes_price_dollars"":""0.0960""}"
KXETH15M-26APR280600-00,e0407edf-4b4a-50f7-6c66-9208361de032,1777370024,0.09,5.36,no,"{""count_fp"":""5.36"",""created_time"":""2026-04-28T09:53:44.764096Z"",""no_price_dollars"":""0.9100"",""taker_side"":""no"",""ticker"":""KXETH15M-26APR280600-00"",""trade_id"":""e0407edf-4b4a-50f7-6c66-9208361de032"",""yes_price_dollars"":""0.0900""}"
KXETH15M-26APR280600-00,ba39fab6-26ba-43b9-a35a-c7c9750c6664,1777370026,0.12,10.0,yes,"{""count_fp"":""10.00"",""created_time"":""2026-04-28T09:53:46.227617Z"",""no_price_dollars"":""0.8800"",""taker_side"":""yes"",""ticker"":""KXETH15M-26APR280600-00"",""trade_id"":""ba39fab6-26ba-43b9-a35a-c7c9750c6664"",""yes_price_dollars"":""0.1200""}"
KXETH15M-26APR280600-00,0232ae8b-229c-40ea-a8ca-1bce82f3e7d8,1777370026,0.12,470.64,yes,"{""count_fp"":""470.64"",""created_time"":""2026-04-28T09:53:46.227617Z"",""no_price_dollars"":""0.8800"",""taker_side"":""yes"",""ticker"":""KXETH15M-26APR280600-00"",""trade_id"":""0232ae8b-229c-40ea-a8ca-1bce82f3e7d8"",""yes_price_dollars"":""0.1200""}"
KXETH15M-26APR280600-00,908e29d1-1310-5112-16ad-f13a20e4570f,1777370029,0.13,2.0,yes,"{""count_fp"":""2.00"",""created_time"":""2026-04-28T09:53:49.843079Z"",""no_price_dollars"":""0.8700"",""taker_side"":""yes"",""ticker"":""KXETH15M-26APR280600-00"",""trade_id"":""908e29d1-1310-5112-16ad-f13a20e4570f"",""yes_price_dollars"":""0.1300""}"
KXETH15M-26APR280600-00,519bee95-2987-541b-03bf-dde70471aa73,1777370029,0.13,100.0,yes,"{""count_fp"":""100.00"",""created_time"":""2026-04-28T09:53:49.843079Z"",""no_price_dollars"":""0.8700"",""taker_side"":""yes"",""ticker"":""KXETH15M-26APR280600-00"",""trade_id"":""519bee95-2987-541b-03bf-dde70471aa73"",""yes_price_dollars"":""0.1300""}"
KXETH15M-26APR280600-00,3989619e-ff98-5a7d-d58a-b56f075b2740,1777370030,0.11,1.0,no,"{""count_fp"":""1.00"",""created_time"":""2026-04-28T09:53:50.784055Z"",""no_price_dollars"":""0.8900"",""taker_side"":""no"",""ticker"":""KXETH15M-26APR280600-00"",""trade_id"":""3989619e-ff98-5a7d-d58a-b56f075b2740"",""yes_price_dollars"":""0.1100""}"
KXETH15M-26APR280600-00,c29305f2-bf44-7d35-5dfa-f391b8ec537c,1777370034,0.11,1.0,no,"{""count_fp"":""1.00"",""created_time"":""2026-04-28T09:53:54.167194Z"",""no_price_dollars"":""0.8900"",""taker_side"":""no"",""ticker"":""KXETH15M-26APR280600-00"",""trade_id"":""c29305f2-bf44-7d35-5dfa-f391b8ec537c"",""yes_price_dollars"":""0.1100""}"
KXETH15M-26APR280600-00,e55d269d-7a88-7511-d801-ef13f8866980,1777370036,0.13,113.9,no,"{""count_fp"":""113.90"",""created_time"":""2026-04-28T09:53:56.557997Z"",""no_price_dollars"":""0.8700"",""taker_side"":""no"",""ticker"":""KXETH15M-26APR280600-00"",""trade_id"":""e55d269d-7a88-7511-d801-ef13f8866980"",""yes_price_dollars"":""0.1300""}"
KXETH15M-26APR280600-00,84bf62ee-aa2a-6fbf-2c50-d7d575e4cd2b,1777370038,0.13,10.0,no,"{""count_fp"":""10.00"",""created_time"":""2026-04-28T09:53:58.468121Z"",""no_price_dollars"":""0.8700"",""taker_side"":""no"",""ticker"":""KXETH15M-26APR280600-00"",""trade_id"":""84bf62ee-aa2a-6fbf-2c50-d7d575e4cd2b"",""yes_price_dollars"":""0.1300""}"
KXETH15M-26APR280600-00,3ef5aac0-01e1-6eb3-2ec2-538678c8d571,1777370038,0.13,1.0,no,"{""count_fp"":""1.00"",""created_time"":""2026-04-28T09:53:58.468121Z"",""no_price_dollars"":""0.8700"",""taker_side"":""no"",""ticker"":""KXETH15M-26APR280600-00"",""trade_id"":""3ef5aac0-01e1-6eb3-2ec2-538678c8d571"",""yes_price_dollars"":""0.1300""}"
KXETH15M-26APR280600-00,0d00f0c5-10ce-6403-11ee-2fb811650446,1777370038,0.13,10.0,no,"{""count_fp"":""10.00"",""created_time"":""2026-04-28T09:53:58.468121Z"",""no_price_dollars"":""0.8700"",""taker_side"":""no"",""ticker"":""KXETH15M-26APR280600-00"",""trade_id"":""0d00f0c5-10ce-6403-11ee-2fb811650446"",""yes_price_dollars"":""0.1300""}"
KXETH15M-26APR280600-00,001a007f-e7ac-5169-d51a-51aaa439a2f4,1777370038,0.13,284.76,no,"{""count_fp"":""284.76"",""created_time"":""2026-04-28T09:53:58.241373Z"",""no_price_dollars"":""0.8700"",""taker_side"":""no"",""ticker"":""KXETH15M-26APR280600-00"",""trade_id"":""001a007f-e7ac-5169-d51a-51aaa439a2f4"",""yes_price_dollars"":""0.1300""}"
KXETH15M-26APR280600-00,7b6aeb58-e6ed-7ed6-db8a-d0db9f375fe6,1777370040,0.092,1.0,no,"{""count_fp"":""1.00"",""created_time"":""2026-04-28T09:54:00.564288Z"",""no_price_dollars"":""0.9080"",""taker_side"":""no"",""ticker"":""KXETH15M-26APR280600-00"",""trade_id"":""7b6aeb58-e6ed-7ed6-db8a-d0db9f375fe6"",""yes_price_dollars"":""0.0920""}"
KXETH15M-26APR280600-00,9bb29ad9-ba7c-7a67-22f0-c19ecbbc5b73,1777370046,0.11,10.0,yes,"{""count_fp"":""10.00"",""created_time"":""2026-04-28T09:54:06.928484Z"",""no_price_dollars"":""0.8900"",""taker_side"":""yes"",""ticker"":""KXETH15M-26APR280600-00"",""trade_id"":""9bb29ad9-ba7c-7a67-22f0-c19ecbbc5b73"",""yes_price_dollars"":""0.1100""}"
KXETH15M-26APR280600-00,c8e9a186-de2c-7cdb-7b8e-0275f6bd3c43,1777370049,0.12,1.0,no,"{""count_fp"":""1.00"",""created_time"":""2026-04-28T09:54:09.392193Z"",""no_price_dollars"":""0.8800"",""taker_side"":""no"",""ticker"":""KXETH15M-26APR280600-00"",""trade_id"":""c8e9a186-de2c-7cdb-7b8e-0275f6bd3c43"",""yes_price_dollars"":""0.1200""}"
KXETH15M-26APR280600-00,5167776e-d0f0-4a75-3fdc-ea54fa9a5618,1777370051,0.1,1.0,no,"{""count_fp"":""1.00"",""created_time"":""2026-04-28T09:54:11.281915Z"",""no_price_dollars"":""0.9000"",""taker_side"":""no"",""ticker"":""KXETH15M-26APR280600-00"",""trade_id"":""5167776e-d0f0-4a75-3fdc-ea54fa9a5618"",""yes_price_dollars"":""0.1000""}"
KXETH15M-26APR280600-00,c0f98993-df29-7efc-680b-48115ca3d486,1777370052,0.13,10.0,no,"{""count_fp"":""10.00"",""created_time"":""2026-04-28T09:54:12.318837Z"",""no_price_dollars"":""0.8700"",""taker_side"":""no"",""ticker"":""KXETH15M-26APR280600-00"",""trade_id"":""c0f98993-df29-7efc-680b-48115ca3d486"",""yes_price_dollars"":""0.1300""}"
KXETH15M-26APR280600-00,1e0fc2cb-daed-7282-4f51-78815ec6bf56,1777370052,0.13,84.89,no,"{""count_fp"":""84.89"",""created_time"":""2026-04-28T09:54:12.318837Z"",""no_price_dollars"":""0.8700"",""taker_side"":""no"",""ticker"":""KXETH15M-26APR280600-00"",""trade_id"":""1e0fc2cb-daed-7282-4f51-78815ec6bf56"",""yes_price_dollars"":""0.1300""}"
KXETH15M-26APR280600-00,eea96b0c-513b-6d44-0632-965f09aec1b0,1777370053,0.16,119.0,yes,"{""count_fp"":""119.00"",""created_time"":""2026-04-28T09:54:13.853008Z"",""no_price_dollars"":""0.8400"",""taker_side"":""yes"",""ticker"":""KXETH15M-26APR280600-00"",""trade_id"":""eea96b0c-513b-6d44-0632-965f09aec1b0"",""yes_price_dollars"":""0.1600""}"
KXETH15M-26APR280600-00,d47c48ea-5598-6512-10aa-a6fc8e1bc1f8,1777370053,0.14,1.0,yes,"{""count_fp"":""1.00"",""created_time"":""2026-04-28T09:54:13.853008Z"",""no_price_dollars"":""0.8600"",""taker_side"":""yes"",""ticker"":""KXETH15M-26APR280600-00"",""trade_id"":""d47c48ea-5598-6512-10aa-a6fc8e1bc1f8"",""yes_price_dollars"":""0.1400""}"
KXETH15M-26APR280600-00,4dd3c13e-877d-5fbe-0b8a-d1b41f3788d2,1777370055,0.15,11.0,no,"{""count_fp"":""11.00"",""created_time"":""2026-04-28T09:54:15.039048Z"",""no_price_dollars"":""0.8500"",""taker_side"":""no"",""ticker"":""KXETH15M-26APR280600-00"",""trade_id"":""4dd3c13e-877d-5fbe-0b8a-d1b41f3788d2"",""yes_price_dollars"":""0.1500""}"
KXETH15M-26APR280600-00,f4bb81bb-ad18-65ad-7641-0aa6b3bcbb90,1777370061,0.18,1.0,no,"{""count_fp"":""1.00"",""created_time"":""2026-04-28T09:54:21.865224Z"",""no_price_dollars"":""0.8200"",""taker_side"":""no"",""ticker"":""KXETH15M-26APR280600-00"",""trade_id"":""f4bb81bb-ad18-65ad-7641-0aa6b3bcbb90"",""yes_price_dollars"":""0.1800""}"
KXETH15M-26APR280600-00,4a1f2a1e-c259-765d-8214-1f9b97be621a,1777370063,0.25,10.0,yes,"{""count_fp"":""10.00"",""created_time"":""2026-04-28T09:54:23.652884Z"",""no_price_dollars"":""0.7500"",""taker_side"":""yes"",""ticker"":""KXETH15M-26APR280600-00"",""trade_id"":""4a1f2a1e-c259-765d-8214-1f9b97be621a"",""yes_price_dollars"":""0.2500""}"
KXETH15M-26APR280600-00,1a850c19-9c6b-73da-9bdc-7447b4e23cf5,1777370063,0.19,1.0,yes,"{""count_fp"":""1.00"",""created_time"":""2026-04-28T09:54:23.652884Z"",""no_price_dollars"":""0.8100"",""taker_side"":""yes"",""ticker"":""KXETH15M-26APR280600-00"",""trade_id"":""1a850c19-9c6b-73da-9bdc-7447b4e23cf5"",""yes_price_dollars"":""0.1900""}"
KXETH15M-26APR280600-00,c1c41a41-b614-7c59-9f0f-eba83b6281d8,1777370064,0.27,1.0,no,"{""count_fp"":""1.00"",""created_time"":""2026-04-28T09:54:24.864395Z"",""no_price_dollars"":""0.7300"",""taker_side"":""no"",""ticker"":""KXETH15M-26APR280600-00"",""trade_id"":""c1c41a41-b614-7c59-9f0f-eba83b6281d8"",""yes_price_dollars"":""0.2700""}"
KXETH15M-26APR280600-00,cfc0c436-f8e1-6ff4-835b-b144710cc220,1777370064,0.28,6.0,yes,"{""count_fp"":""6.00"",""created_time"":""2026-04-28T09:54:24.839099Z"",""no_price_dollars"":""0.7200"",""taker_side"":""yes"",""ticker"":""KXETH15M-26APR280600-00"",""trade_id"":""cfc0c436-f8e1-6ff4-835b-b144710cc220"",""yes_price_dollars"":""0.2800""}"
KXETH15M-26APR280600-00,ad13529e-6983-6a3e-ad1a-5c782971a5fa,1777370064,0.29,1.0,yes,"{""count_fp"":""1.00"",""created_time"":""2026-04-28T09:54:24.839099Z"",""no_price_dollars"":""0.7100"",""taker_side"":""yes"",""ticker"":""KXETH15M-26APR280600-00"",""trade_id"":""ad13529e-6983-6a3e-ad1a-5c782971a5fa"",""yes_price_dollars"":""0.2900""}"
KXETH15M-26APR280600-00,3216aa02-a572-62ce-9c95-eb7f7e28becb,1777370064,0.29,3.0,yes,"{""count_fp"":""3.00"",""created_time"":""2026-04-28T09:54:24.839099Z"",""no_price_dollars"":""0.7100"",""taker_side"":""yes"",""ticker"":""KXETH15M-26APR280600-00"",""trade_id"":""3216aa02-a572-62ce-9c95-eb7f7e28becb"",""yes_price_dollars"":""0.2900""}"
KXETH15M-26APR280600-00,d9fa4aaa-3eac-7a1d-2fcc-f37b187e1910,1777370065,0.28,1.0,no,"{""count_fp"":""1.00"",""created_time"":""2026-04-28T09:54:25.204783Z"",""no_price_dollars"":""0.7200"",""taker_side"":""no"",""ticker"":""KXETH15M-26APR280600-00"",""trade_id"":""d9fa4aaa-3eac-7a1d-2fcc-f37b187e1910"",""yes_price_dollars"":""0.2800""}"
KXETH15M-26APR280600-00,4eb3e8a2-b927-7e60-10cd-ee2d5092f502,1777370066,0.29,1.0,no,"{""count_fp"":""1.00"",""created_time"":""2026-04-28T09:54:26.112643Z"",""no_price_dollars"":""0.7100"",""taker_side"":""no"",""ticker"":""KXETH15M-26APR280600-00"",""trade_id"":""4eb3e8a2-b927-7e60-10cd-ee2d5092f502"",""yes_price_dollars"":""0.2900""}"
KXETH15M-26APR280600-00,cd4d5c9d-a240-7ea9-607b-2fc6d9209a28,1777370067,0.28,5.0,no,"{""count_fp"":""5.00"",""created_time"":""2026-04-28T09:54:27.931705Z"",""no_price_dollars"":""0.7200"",""taker_side"":""no"",""ticker"":""KXETH15M-26APR280600-00"",""trade_id"":""cd4d5c9d-a240-7ea9-607b-2fc6d9209a28"",""yes_price_dollars"":""0.2800""}"
KXETH15M-26APR280600-00,e3d6a03f-de25-4590-7324-ee12ed87d28f,1777370070,0.29,1.0,no,"{""count_fp"":""1.00"",""created_time"":""2026-04-28T09:54:30.821309Z"",""no_price_dollars"":""0.7100"",""taker_side"":""no"",""ticker"":""KXETH15M-26APR280600-00"",""trade_id"":""e3d6a03f-de25-4590-7324-ee12ed87d28f"",""yes_price_dollars"":""0.2900""}"
KXETH15M-26APR280600-00,c1a53820-5594-70e4-53a0-9296beea215e,1777370074,0.29,10.0,no,"{""count_fp"":""10.00"",""created_time"":""2026-04-28T09:54:34.141126Z"",""no_price_dollars"":""0.7100"",""taker_side"":""no"",""ticker"":""KXETH15M-26APR280600-00"",""trade_id"":""c1a53820-5594-70e4-53a0-9296beea215e"",""yes_price_dollars"":""0.2900""}"
KXETH15M-26APR280600-00,7054855e-0a25-7c2e-69cb-37c612ed2bca,1777370074,0.29,100.0,no,"{""count_fp"":""100.00"",""created_time"":""2026-04-28T09:54:34.141126Z"",""no_price_dollars"":""0.7100"",""taker_side"":""no"",""ticker"":""KXETH15M-26APR280600-00"",""trade_id"":""7054855e-0a25-7c2e-69cb-37c612ed2bca"",""yes_price_dollars"":""0.2900""}"
KXETH15M-26APR280600-00,2128380b-328c-72be-78f5-59ff1b35d62e,1777370074,0.29,5.0,no,"{""count_fp"":""5.00"",""created_time"":""2026-04-28T09:54:34.141126Z"",""no_price_dollars"":""0.7100"",""taker_side"":""no"",""ticker"":""KXETH15M-26APR280600-00"",""trade_id"":""2128380b-328c-72be-78f5-59ff1b35d62e"",""yes_price_dollars"":""0.2900""}"
KXETH15M-26APR280600-00,6e56f95f-445c-6aa9-5720-53e5cda05e6c,1777370077,0.29,1.0,no,"{""count_fp"":""1.00"",""created_time"":""2026-04-28T09:54:37.646152Z"",""no_price_dollars"":""0.7100"",""taker_side"":""no"",""ticker"":""KXETH15M-26APR280600-00"",""trade_id"":""6e56f95f-445c-6aa9-5720-53e5cda05e6c"",""yes_price_dollars"":""0.2900""}"
KXETH15M-26APR280600-00,90db4f16-83c5-638c-c284-4f677a9cbd96,1777370078,0.31,1.0,yes,"{""count_fp"":""1.00"",""created_time"":""2026-04-28T09:54:38.867306Z"",""no_price_dollars"":""0.6900"",""taker_side"":""yes"",""ticker"":""KXETH15M-26APR280600-00"",""trade_id"":""90db4f16-83c5-638c-c284-4f677a9cbd96"",""yes_price_dollars"":""0.3100""}"
KXETH15M-26APR280600-00,65ad1af5-1c96-676e-e547-d0115af2d9c7,1777370078,0.37,4.0,yes,"{""count_fp"":""4.00"",""created_time"":""2026-04-28T09:54:38.867306Z"",""no_price_dollars"":""0.6300"",""taker_side"":""yes"",""ticker"":""KXETH15M-26APR280600-00"",""trade_id"":""65ad1af5-1c96-676e-e547-d0115af2d9c7"",""yes_price_dollars"":""0.3700""}"
