ticker,trade_id,ts,yes_price,count,taker_side,raw_json
KXETH15M-26APR272345-45,8d0d49bd-20c6-6c1d-bd6a-62108c53ffb2,1777347018,0.51,10.0,yes,"{""count_fp"":""10.00"",""created_time"":""2026-04-28T03:30:18.329374Z"",""no_price_dollars"":""0.4900"",""taker_side"":""yes"",""ticker"":""KXETH15M-26APR272345-45"",""trade_id"":""8d0d49bd-20c6-6c1d-bd6a-62108c53ffb2"",""yes_price_dollars"":""0.5100""}"
KXETH15M-26APR272345-45,7e5058b5-81f6-654c-b7f4-053da46f6e96,1777347018,0.5,96.0,yes,"{""count_fp"":""96.00"",""created_time"":""2026-04-28T03:30:18.329374Z"",""no_price_dollars"":""0.5000"",""taker_side"":""yes"",""ticker"":""KXETH15M-26APR272345-45"",""trade_id"":""7e5058b5-81f6-654c-b7f4-053da46f6e96"",""yes_price_dollars"":""0.5000""}"
KXETH15M-26APR272345-45,5560f429-0496-4674-7411-a596fdad123a,1777347018,0.5,4.0,yes,"{""count_fp"":""4.00"",""created_time"":""2026-04-28T03:30:18.177786Z"",""no_price_dollars"":""0.5000"",""taker_side"":""yes"",""ticker"":""KXETH15M-26APR272345-45"",""trade_id"":""5560f429-0496-4674-7411-a596fdad123a"",""yes_price_dollars"":""0.5000""}"
KXETH15M-26APR272345-45,3d0c0169-05ad-421c-5d35-a53c93cb7820,1777347019,0.51,11.0,no,"{""count_fp"":""11.00"",""created_time"":""2026-04-28T03:30:19.879612Z"",""no_price_dollars"":""0.4900"",""taker_side"":""no"",""ticker"":""KXETH15M-26APR272345-45"",""trade_id"":""3d0c0169-05ad-421c-5d35-a53c93cb7820"",""yes_price_dollars"":""0.5100""}"
KXETH15M-26APR272345-45,15b5a016-0ea0-7292-3822-5fa0bed3fb0e,1777347021,0.48,8.0,yes,"{""count_fp"":""8.00"",""created_time"":""2026-04-28T03:30:21.020054Z"",""no_price_dollars"":""0.5200"",""taker_side"":""yes"",""ticker"":""KXETH15M-26APR272345-45"",""trade_id"":""15b5a016-0ea0-7292-3822-5fa0bed3fb0e"",""yes_price_dollars"":""0.4800""}"
KXETH15M-26APR272345-45,dd87828d-6109-5764-1f52-3f9ca850c04e,1777347027,0.45,14.0,no,"{""count_fp"":""14.00"",""created_time"":""2026-04-28T03:30:27.749294Z"",""no_price_dollars"":""0.5500"",""taker_side"":""no"",""ticker"":""KXETH15M-26APR272345-45"",""trade_id"":""dd87828d-6109-5764-1f52-3f9ca850c04e"",""yes_price_dollars"":""0.4500""}"
KXETH15M-26APR272345-45,8a7c5701-0bd9-5647-09d2-adf14529115f,1777347027,0.46,10.0,no,"{""count_fp"":""10.00"",""created_time"":""2026-04-28T03:30:27.749294Z"",""no_price_dollars"":""0.5400"",""taker_side"":""no"",""ticker"":""KXETH15M-26APR272345-45"",""trade_id"":""8a7c5701-0bd9-5647-09d2-adf14529115f"",""yes_price_dollars"":""0.4600""}"
KXETH15M-26APR272345-45,f25ad91d-e32e-648f-fc9e-38b0f4a8d9cb,1777347028,0.46,1.0,no,"{""count_fp"":""1.00"",""created_time"":""2026-04-28T03:30:28.786893Z"",""no_price_dollars"":""0.5400"",""taker_side"":""no"",""ticker"":""KXETH15M-26APR272345-45"",""trade_id"":""f25ad91d-e32e-648f-fc9e-38b0f4a8d9cb"",""yes_price_dollars"":""0.4600""}"
KXETH15M-26APR272345-45,aa7c5e5d-71eb-4c10-d3a4-ffcf48c93668,1777347036,0.49,3.94,yes,"{""count_fp"":""3.94"",""created_time"":""2026-04-28T03:30:36.949818Z"",""no_price_dollars"":""0.5100"",""taker_side"":""yes"",""ticker"":""KXETH15M-26APR272345-45"",""trade_id"":""aa7c5e5d-71eb-4c10-d3a4-ffcf48c93668"",""yes_price_dollars"":""0.4900""}"
KXETH15M-26APR272345-45,41c2e404-0aff-4f34-3a16-c004aeb863a8,1777347040,0.49,18.0,yes,"{""count_fp"":""18.00"",""created_time"":""2026-04-28T03:30:40.453303Z"",""no_price_dollars"":""0.5100"",""taker_side"":""yes"",""ticker"":""KXETH15M-26APR272345-45"",""trade_id"":""41c2e404-0aff-4f34-3a16-c004aeb863a8"",""yes_price_dollars"":""0.4900""}"
KXETH15M-26APR272345-45,ec249ce3-ef19-6546-32d8-34b38c2ef4d3,1777347044,0.48,8.59,no,"{""count_fp"":""8.59"",""created_time"":""2026-04-28T03:30:44.472214Z"",""no_price_dollars"":""0.5200"",""taker_side"":""no"",""ticker"":""KXETH15M-26APR272345-45"",""trade_id"":""ec249ce3-ef19-6546-32d8-34b38c2ef4d3"",""yes_price_dollars"":""0.4800""}"
KXETH15M-26APR272345-45,cfd735a0-78a6-62e3-0e5b-5cb3747b0b7b,1777347044,0.48,10.0,no,"{""count_fp"":""10.00"",""created_time"":""2026-04-28T03:30:44.472214Z"",""no_price_dollars"":""0.5200"",""taker_side"":""no"",""ticker"":""KXETH15M-26APR272345-45"",""trade_id"":""cfd735a0-78a6-62e3-0e5b-5cb3747b0b7b"",""yes_price_dollars"":""0.4800""}"
KXETH15M-26APR272345-45,99c38fa6-4c19-7ed2-50ad-71d13515620f,1777347047,0.48,1.0,no,"{""count_fp"":""1.00"",""created_time"":""2026-04-28T03:30:47.198253Z"",""no_price_dollars"":""0.5200"",""taker_side"":""no"",""ticker"":""KXETH15M-26APR272345-45"",""trade_id"":""99c38fa6-4c19-7ed2-50ad-71d13515620f"",""yes_price_dollars"":""0.4800""}"
KXETH15M-26APR272345-45,4496b323-f10a-5091-dde8-c3391e27b8f5,1777347049,0.52,4.46,yes,"{""count_fp"":""4.46"",""created_time"":""2026-04-28T03:30:49.395435Z"",""no_price_dollars"":""0.4800"",""taker_side"":""yes"",""ticker"":""KXETH15M-26APR272345-45"",""trade_id"":""4496b323-f10a-5091-dde8-c3391e27b8f5"",""yes_price_dollars"":""0.5200""}"
KXETH15M-26APR272345-45,fb881b1c-d9e7-5dba-738a-9c807c561ab8,1777347056,0.47,9.78,no,"{""count_fp"":""9.78"",""created_time"":""2026-04-28T03:30:56.021563Z"",""no_price_dollars"":""0.5300"",""taker_side"":""no"",""ticker"":""KXETH15M-26APR272345-45"",""trade_id"":""fb881b1c-d9e7-5dba-738a-9c807c561ab8"",""yes_price_dollars"":""0.4700""}"
KXETH15M-26APR272345-45,a32de128-b99c-52be-5da5-2be308f80d87,1777347056,0.47,1.0,no,"{""count_fp"":""1.00"",""created_time"":""2026-04-28T03:30:56.021563Z"",""no_price_dollars"":""0.5300"",""taker_side"":""no"",""ticker"":""KXETH15M-26APR272345-45"",""trade_id"":""a32de128-b99c-52be-5da5-2be308f80d87"",""yes_price_dollars"":""0.4700""}"
KXETH15M-26APR272345-45,86ef74de-e211-5f1c-7eb0-8265eae67b12,1777347056,0.47,7.48,no,"{""count_fp"":""7.48"",""created_time"":""2026-04-28T03:30:56.021563Z"",""no_price_dollars"":""0.5300"",""taker_side"":""no"",""ticker"":""KXETH15M-26APR272345-45"",""trade_id"":""86ef74de-e211-5f1c-7eb0-8265eae67b12"",""yes_price_dollars"":""0.4700""}"
KXETH15M-26APR272345-45,6844b965-5f94-5c58-0287-8ee2bfa9d1b2,1777347058,0.51,2.0,yes,"{""count_fp"":""2.00"",""created_time"":""2026-04-28T03:30:58.445012Z"",""no_price_dollars"":""0.4900"",""taker_side"":""yes"",""ticker"":""KXETH15M-26APR272345-45"",""trade_id"":""6844b965-5f94-5c58-0287-8ee2bfa9d1b2"",""yes_price_dollars"":""0.5100""}"
KXETH15M-26APR272345-45,d4a2cbd2-275b-4657-9086-a24428cfcf47,1777347059,0.53,10.0,yes,"{""count_fp"":""10.00"",""created_time"":""2026-04-28T03:30:59.383758Z"",""no_price_dollars"":""0.4700"",""taker_side"":""yes"",""ticker"":""KXETH15M-26APR272345-45"",""trade_id"":""d4a2cbd2-275b-4657-9086-a24428cfcf47"",""yes_price_dollars"":""0.5300""}"
KXETH15M-26APR272345-45,407f6709-c19e-61f3-4fbd-2e53fd775982,1777347060,0.55,10.0,no,"{""count_fp"":""10.00"",""created_time"":""2026-04-28T03:31:00.349443Z"",""no_price_dollars"":""0.4500"",""taker_side"":""no"",""ticker"":""KXETH15M-26APR272345-45"",""trade_id"":""407f6709-c19e-61f3-4fbd-2e53fd775982"",""yes_price_dollars"":""0.5500""}"
KXETH15M-26APR272345-45,db259bb2-8fd5-4a74-e5fc-3ccbbd46507e,1777347060,0.57,0.18,no,"{""count_fp"":""0.18"",""created_time"":""2026-04-28T03:31:00.065559Z"",""no_price_dollars"":""0.4300"",""taker_side"":""no"",""ticker"":""KXETH15M-26APR272345-45"",""trade_id"":""db259bb2-8fd5-4a74-e5fc-3ccbbd46507e"",""yes_price_dollars"":""0.5700""}"
KXETH15M-26APR272345-45,2b3aac4d-7165-7fcb-a2a2-1946ba27a118,1777347061,0.52,10.0,no,"{""count_fp"":""10.00"",""created_time"":""2026-04-28T03:31:01.248813Z"",""no_price_dollars"":""0.4800"",""taker_side"":""no"",""ticker"":""KXETH15M-26APR272345-45"",""trade_id"":""2b3aac4d-7165-7fcb-a2a2-1946ba27a118"",""yes_price_dollars"":""0.5200""}"
KXETH15M-26APR272345-45,0f679cdd-86f1-71ec-8297-c05a8296db36,1777347061,0.51,68.81,no,"{""count_fp"":""68.81"",""created_time"":""2026-04-28T03:31:01.248813Z"",""no_price_dollars"":""0.4900"",""taker_side"":""no"",""ticker"":""KXETH15M-26APR272345-45"",""trade_id"":""0f679cdd-86f1-71ec-8297-c05a8296db36"",""yes_price_dollars"":""0.5100""}"
KXETH15M-26APR272345-45,277c06f7-8351-4af4-de90-771da4bf3f72,1777347066,0.51,29.55,no,"{""count_fp"":""29.55"",""created_time"":""2026-04-28T03:31:06.417934Z"",""no_price_dollars"":""0.4900"",""taker_side"":""no"",""ticker"":""KXETH15M-26APR272345-45"",""trade_id"":""277c06f7-8351-4af4-de90-771da4bf3f72"",""yes_price_dollars"":""0.5100""}"
KXETH15M-26APR272345-45,cbc1730d-fb0d-6557-147d-c327dfc2f369,1777347067,0.55,0.11,yes,"{""count_fp"":""0.11"",""created_time"":""2026-04-28T03:31:07.789Z"",""no_price_dollars"":""0.4500"",""taker_side"":""yes"",""ticker"":""KXETH15M-26APR272345-45"",""trade_id"":""cbc1730d-fb0d-6557-147d-c327dfc2f369"",""yes_price_dollars"":""0.5500""}"
KXETH15M-26APR272345-45,f6a824c6-9749-618c-14ff-5d8ef3166d8d,1777347067,0.54,100.0,yes,"{""count_fp"":""100.00"",""created_time"":""2026-04-28T03:31:07.768475Z"",""no_price_dollars"":""0.4600"",""taker_side"":""yes"",""ticker"":""KXETH15M-26APR272345-45"",""trade_id"":""f6a824c6-9749-618c-14ff-5d8ef3166d8d"",""yes_price_dollars"":""0.5400""}"
KXETH15M-26APR272345-45,efa42c17-82ee-6599-31d3-25d3106333ad,1777347067,0.54,10.0,yes,"{""count_fp"":""10.00"",""created_time"":""2026-04-28T03:31:07.768475Z"",""no_price_dollars"":""0.4600"",""taker_side"":""yes"",""ticker"":""KXETH15M-26APR272345-45"",""trade_id"":""efa42c17-82ee-6599-31d3-25d3106333ad"",""yes_price_dollars"":""0.5400""}"
KXETH15M-26APR272345-45,95f1c6d2-993d-644f-2d83-93ffd2b81eb1,1777347067,0.55,9.0,yes,"{""count_fp"":""9.00"",""created_time"":""2026-04-28T03:31:07.768475Z"",""no_price_dollars"":""0.4500"",""taker_side"":""yes"",""ticker"":""KXETH15M-26APR272345-45"",""trade_id"":""95f1c6d2-993d-644f-2d83-93ffd2b81eb1"",""yes_price_dollars"":""0.5500""}"
KXETH15M-26APR272345-45,96b1b9d4-584a-7afd-a4a6-21cf83e6279e,1777347073,0.59,1.64,yes,"{""count_fp"":""1.64"",""created_time"":""2026-04-28T03:31:13.951015Z"",""no_price_dollars"":""0.4100"",""taker_side"":""yes"",""ticker"":""KXETH15M-26APR272345-45"",""trade_id"":""96b1b9d4-584a-7afd-a4a6-21cf83e6279e"",""yes_price_dollars"":""0.5900""}"
KXETH15M-26APR272345-45,b0d2fc51-9202-59e3-11d3-56a0c4859c28,1777347077,0.53,10.0,no,"{""count_fp"":""10.00"",""created_time"":""2026-04-28T03:31:17.771693Z"",""no_price_dollars"":""0.4700"",""taker_side"":""no"",""ticker"":""KXETH15M-26APR272345-45"",""trade_id"":""b0d2fc51-9202-59e3-11d3-56a0c4859c28"",""yes_price_dollars"":""0.5300""}"
KXETH15M-26APR272345-45,66cb7ea1-b6f8-7ea1-9680-289759f44938,1777347078,0.54,2.0,yes,"{""count_fp"":""2.00"",""created_time"":""2026-04-28T03:31:18.597053Z"",""no_price_dollars"":""0.4600"",""taker_side"":""yes"",""ticker"":""KXETH15M-26APR272345-45"",""trade_id"":""66cb7ea1-b6f8-7ea1-9680-289759f44938"",""yes_price_dollars"":""0.5400""}"
KXETH15M-26APR272345-45,03ab8e37-92e2-4553-03d3-fdb28d7c1d5e,1777347080,0.53,1.36,yes,"{""count_fp"":""1.36"",""created_time"":""2026-04-28T03:31:20.312454Z"",""no_price_dollars"":""0.4700"",""taker_side"":""yes"",""ticker"":""KXETH15M-26APR272345-45"",""trade_id"":""03ab8e37-92e2-4553-03d3-fdb28d7c1d5e"",""yes_price_dollars"":""0.5300""}"
KXETH15M-26APR272345-45,f95b48d1-01b4-507f-ac8b-1c7b8da7c7f5,1777347082,0.59,5.0,yes,"{""count_fp"":""5.00"",""created_time"":""2026-04-28T03:31:22.853673Z"",""no_price_dollars"":""0.4100"",""taker_side"":""yes"",""ticker"":""KXETH15M-26APR272345-45"",""trade_id"":""f95b48d1-01b4-507f-ac8b-1c7b8da7c7f5"",""yes_price_dollars"":""0.5900""}"
KXETH15M-26APR272345-45,483984d4-d7dd-5d61-f8b5-35e3a308da3a,1777347086,0.58,8.1,yes,"{""count_fp"":""8.10"",""created_time"":""2026-04-28T03:31:26.251215Z"",""no_price_dollars"":""0.4200"",""taker_side"":""yes"",""ticker"":""KXETH15M-26APR272345-45"",""trade_id"":""483984d4-d7dd-5d61-f8b5-35e3a308da3a"",""yes_price_dollars"":""0.5800""}"
KXETH15M-26APR272345-45,f5a55657-3053-5621-ac0f-b7997894e9b3,1777347089,0.59,10.0,yes,"{""count_fp"":""10.00"",""created_time"":""2026-04-28T03:31:29.292103Z"",""no_price_dollars"":""0.4100"",""taker_side"":""yes"",""ticker"":""KXETH15M-26APR272345-45"",""trade_id"":""f5a55657-3053-5621-ac0f-b7997894e9b3"",""yes_price_dollars"":""0.5900""}"
KXETH15M-26APR272345-45,c16428b1-6508-5b15-ad11-e87187a96338,1777347089,0.6,5.0,yes,"{""count_fp"":""5.00"",""created_time"":""2026-04-28T03:31:29.292103Z"",""no_price_dollars"":""0.4000"",""taker_side"":""yes"",""ticker"":""KXETH15M-26APR272345-45"",""trade_id"":""c16428b1-6508-5b15-ad11-e87187a96338"",""yes_price_dollars"":""0.6000""}"
KXETH15M-26APR272345-45,4deca7a9-0a29-470c-a737-154591d97b3a,1777347094,0.54,0.47,no,"{""count_fp"":""0.47"",""created_time"":""2026-04-28T03:31:34.416498Z"",""no_price_dollars"":""0.4600"",""taker_side"":""no"",""ticker"":""KXETH15M-26APR272345-45"",""trade_id"":""4deca7a9-0a29-470c-a737-154591d97b3a"",""yes_price_dollars"":""0.5400""}"
KXETH15M-26APR272345-45,3ec5c129-32ef-487d-9ac3-1a66513f6ce9,1777347094,0.54,10.0,no,"{""count_fp"":""10.00"",""created_time"":""2026-04-28T03:31:34.416498Z"",""no_price_dollars"":""0.4600"",""taker_side"":""no"",""ticker"":""KXETH15M-26APR272345-45"",""trade_id"":""3ec5c129-32ef-487d-9ac3-1a66513f6ce9"",""yes_price_dollars"":""0.5400""}"
KXETH15M-26APR272345-45,6fd11143-debf-6e58-9c3a-8546922b5b4c,1777347094,0.58,1.0,yes,"{""count_fp"":""1.00"",""created_time"":""2026-04-28T03:31:34.147952Z"",""no_price_dollars"":""0.4200"",""taker_side"":""yes"",""ticker"":""KXETH15M-26APR272345-45"",""trade_id"":""6fd11143-debf-6e58-9c3a-8546922b5b4c"",""yes_price_dollars"":""0.5800""}"
KXETH15M-26APR272345-45,f72a8d83-5531-4988-f1b6-dee4e549e192,1777347099,0.54,6.0,no,"{""count_fp"":""6.00"",""created_time"":""2026-04-28T03:31:39.358231Z"",""no_price_dollars"":""0.4600"",""taker_side"":""no"",""ticker"":""KXETH15M-26APR272345-45"",""trade_id"":""f72a8d83-5531-4988-f1b6-dee4e549e192"",""yes_price_dollars"":""0.5400""}"
KXETH15M-26APR272345-45,2a072d8c-58ff-49e8-05eb-d68cabcfdc95,1777347100,0.58,0.83,yes,"{""count_fp"":""0.83"",""created_time"":""2026-04-28T03:31:40.872892Z"",""no_price_dollars"":""0.4200"",""taker_side"":""yes"",""ticker"":""KXETH15M-26APR272345-45"",""trade_id"":""2a072d8c-58ff-49e8-05eb-d68cabcfdc95"",""yes_price_dollars"":""0.5800""}"
KXETH15M-26APR272345-45,bafa18de-2721-6f31-6292-edbd50c7b4fa,1777347102,0.58,3.34,yes,"{""count_fp"":""3.34"",""created_time"":""2026-04-28T03:31:42.860236Z"",""no_price_dollars"":""0.4200"",""taker_side"":""yes"",""ticker"":""KXETH15M-26APR272345-45"",""trade_id"":""bafa18de-2721-6f31-6292-edbd50c7b4fa"",""yes_price_dollars"":""0.5800""}"
KXETH15M-26APR272345-45,dad580ed-8735-4375-fe7a-64d92bf9a5ba,1777347103,0.58,1.0,yes,"{""count_fp"":""1.00"",""created_time"":""2026-04-28T03:31:43.648986Z"",""no_price_dollars"":""0.4200"",""taker_side"":""yes"",""ticker"":""KXETH15M-26APR272345-45"",""trade_id"":""dad580ed-8735-4375-fe7a-64d92bf9a5ba"",""yes_price_dollars"":""0.5800""}"
KXETH15M-26APR272345-45,972ab4fb-dbb8-750d-2dd9-12460ae51164,1777347104,0.58,3.0,yes,"{""count_fp"":""3.00"",""created_time"":""2026-04-28T03:31:44.709459Z"",""no_price_dollars"":""0.4200"",""taker_side"":""yes"",""ticker"":""KXETH15M-26APR272345-45"",""trade_id"":""972ab4fb-dbb8-750d-2dd9-12460ae51164"",""yes_price_dollars"":""0.5800""}"
KXETH15M-26APR272345-45,b327cad2-9564-7ccd-f176-fc8474807df4,1777347104,0.58,6.74,yes,"{""count_fp"":""6.74"",""created_time"":""2026-04-28T03:31:44.535815Z"",""no_price_dollars"":""0.4200"",""taker_side"":""yes"",""ticker"":""KXETH15M-26APR272345-45"",""trade_id"":""b327cad2-9564-7ccd-f176-fc8474807df4"",""yes_price_dollars"":""0.5800""}"
KXETH15M-26APR272345-45,76aac456-cbf2-7b31-f4bd-df81dee4598a,1777347104,0.58,10.0,yes,"{""count_fp"":""10.00"",""created_time"":""2026-04-28T03:31:44.535815Z"",""no_price_dollars"":""0.4200"",""taker_side"":""yes"",""ticker"":""KXETH15M-26APR272345-45"",""trade_id"":""76aac456-cbf2-7b31-f4bd-df81dee4598a"",""yes_price_dollars"":""0.5800""}"
KXETH15M-26APR272345-45,02ee6a11-daf5-4270-7f33-ef5de38674e2,1777347113,0.56,8.74,no,"{""count_fp"":""8.74"",""created_time"":""2026-04-28T03:31:53.448418Z"",""no_price_dollars"":""0.4400"",""taker_side"":""no"",""ticker"":""KXETH15M-26APR272345-45"",""trade_id"":""02ee6a11-daf5-4270-7f33-ef5de38674e2"",""yes_price_dollars"":""0.5600""}"
KXETH15M-26APR272345-45,b083489d-8515-6213-1678-b518ba06d7b9,1777347115,0.59,1.0,yes,"{""count_fp"":""1.00"",""created_time"":""2026-04-28T03:31:55.447448Z"",""no_price_dollars"":""0.4100"",""taker_side"":""yes"",""ticker"":""KXETH15M-26APR272345-45"",""trade_id"":""b083489d-8515-6213-1678-b518ba06d7b9"",""yes_price_dollars"":""0.5900""}"
KXETH15M-26APR272345-45,e361b66f-fad6-778c-aa95-d23935941122,1777347118,0.6,4.0,yes,"{""count_fp"":""4.00"",""created_time"":""2026-04-28T03:31:58.905747Z"",""no_price_dollars"":""0.4000"",""taker_side"":""yes"",""ticker"":""KXETH15M-26APR272345-45"",""trade_id"":""e361b66f-fad6-778c-aa95-d23935941122"",""yes_price_dollars"":""0.6000""}"
KXETH15M-26APR272345-45,1e42eb25-8e98-49b5-c90f-01faf1b51a45,1777347119,0.58,2.18,no,"{""count_fp"":""2.18"",""created_time"":""2026-04-28T03:31:59.532589Z"",""no_price_dollars"":""0.4200"",""taker_side"":""no"",""ticker"":""KXETH15M-26APR272345-45"",""trade_id"":""1e42eb25-8e98-49b5-c90f-01faf1b51a45"",""yes_price_dollars"":""0.5800""}"
KXETH15M-26APR272345-45,2a0bc6f9-cea5-6960-633e-4931cf2d88ca,1777347120,0.57,1.0,no,"{""count_fp"":""1.00"",""created_time"":""2026-04-28T03:32:00.631411Z"",""no_price_dollars"":""0.4300"",""taker_side"":""no"",""ticker"":""KXETH15M-26APR272345-45"",""trade_id"":""2a0bc6f9-cea5-6960-633e-4931cf2d88ca"",""yes_price_dollars"":""0.5700""}"
KXETH15M-26APR272345-45,ae2d8501-ee5e-61f0-8f91-2559af78e9d6,1777347120,0.6,1.0,yes,"{""count_fp"":""1.00"",""created_time"":""2026-04-28T03:32:00.501829Z"",""no_price_dollars"":""0.4000"",""taker_side"":""yes"",""ticker"":""KXETH15M-26APR272345-45"",""trade_id"":""ae2d8501-ee5e-61f0-8f91-2559af78e9d6"",""yes_price_dollars"":""0.6000""}"
KXETH15M-26APR272345-45,72d2b3a4-0f89-783c-d88a-ec81694f4d62,1777347120,0.57,28.43,no,"{""count_fp"":""28.43"",""created_time"":""2026-04-28T03:32:00.074817Z"",""no_price_dollars"":""0.4300"",""taker_side"":""no"",""ticker"":""KXETH15M-26APR272345-45"",""trade_id"":""72d2b3a4-0f89-783c-d88a-ec81694f4d62"",""yes_price_dollars"":""0.5700""}"
KXETH15M-26APR272345-45,7e84875c-7f85-50a8-674a-e03c09cb415a,1777347121,0.57,11.18,no,"{""count_fp"":""11.18"",""created_time"":""2026-04-28T03:32:01.407258Z"",""no_price_dollars"":""0.4300"",""taker_side"":""no"",""ticker"":""KXETH15M-26APR272345-45"",""trade_id"":""7e84875c-7f85-50a8-674a-e03c09cb415a"",""yes_price_dollars"":""0.5700""}"
KXETH15M-26APR272345-45,de8db147-6b61-79be-44e8-27a725005cf9,1777347126,0.58,10.0,no,"{""count_fp"":""10.00"",""created_time"":""2026-04-28T03:32:06.178142Z"",""no_price_dollars"":""0.4200"",""taker_side"":""no"",""ticker"":""KXETH15M-26APR272345-45"",""trade_id"":""de8db147-6b61-79be-44e8-27a725005cf9"",""yes_price_dollars"":""0.5800""}"
KXETH15M-26APR272345-45,dd3e84f5-0735-7838-5f50-e3acfafa7ade,1777347126,0.58,1.44,no,"{""count_fp"":""1.44"",""created_time"":""2026-04-28T03:32:06.178142Z"",""no_price_dollars"":""0.4200"",""taker_side"":""no"",""ticker"":""KXETH15M-26APR272345-45"",""trade_id"":""dd3e84f5-0735-7838-5f50-e3acfafa7ade"",""yes_price_dollars"":""0.5800""}"
KXETH15M-26APR272345-45,41ec3737-2b8e-4ae0-d0f0-cef3b95f5342,1777347127,0.6,8.1,yes,"{""count_fp"":""8.10"",""created_time"":""2026-04-28T03:32:07.738586Z"",""no_price_dollars"":""0.4000"",""taker_side"":""yes"",""ticker"":""KXETH15M-26APR272345-45"",""trade_id"":""41ec3737-2b8e-4ae0-d0f0-cef3b95f5342"",""yes_price_dollars"":""0.6000""}"
KXETH15M-26APR272345-45,71e84c37-14ca-72e0-b600-ae903c65103e,1777347131,0.6,1.0,yes,"{""count_fp"":""1.00"",""created_time"":""2026-04-28T03:32:11.321079Z"",""no_price_dollars"":""0.4000"",""taker_side"":""yes"",""ticker"":""KXETH15M-26APR272345-45"",""trade_id"":""71e84c37-14ca-72e0-b600-ae903c65103e"",""yes_price_dollars"":""0.6000""}"
KXETH15M-26APR272345-45,8b299e3e-1d8a-7bcc-9350-2d8458af630e,1777347131,0.6,2.0,yes,"{""count_fp"":""2.00"",""created_time"":""2026-04-28T03:32:11.202224Z"",""no_price_dollars"":""0.4000"",""taker_side"":""yes"",""ticker"":""KXETH15M-26APR272345-45"",""trade_id"":""8b299e3e-1d8a-7bcc-9350-2d8458af630e"",""yes_price_dollars"":""0.6000""}"
KXETH15M-26APR272345-45,ea9e0e50-b092-5f48-1586-0307c31c784e,1777347132,0.6,48.63,yes,"{""count_fp"":""48.63"",""created_time"":""2026-04-28T03:32:12.517142Z"",""no_price_dollars"":""0.4000"",""taker_side"":""yes"",""ticker"":""KXETH15M-26APR272345-45"",""trade_id"":""ea9e0e50-b092-5f48-1586-0307c31c784e"",""yes_price_dollars"":""0.6000""}"
KXETH15M-26APR272345-45,89ab6bba-9189-4718-1fce-2c1e4a09992a,1777347134,0.58,11.44,no,"{""count_fp"":""11.44"",""created_time"":""2026-04-28T03:32:14.265399Z"",""no_price_dollars"":""0.4200"",""taker_side"":""no"",""ticker"":""KXETH15M-26APR272345-45"",""trade_id"":""89ab6bba-9189-4718-1fce-2c1e4a09992a"",""yes_price_dollars"":""0.5800""}"
KXETH15M-26APR272345-45,07606059-1be7-43b9-3987-7382cdb3b515,1777347135,0.56,10.0,no,"{""count_fp"":""10.00"",""created_time"":""2026-04-28T03:32:15.904689Z"",""no_price_dollars"":""0.4400"",""taker_side"":""no"",""ticker"":""KXETH15M-26APR272345-45"",""trade_id"":""07606059-1be7-43b9-3987-7382cdb3b515"",""yes_price_dollars"":""0.5600""}"
KXETH15M-26APR272345-45,924948a4-593d-6823-8c57-ebc5e34a4150,1777347136,0.55,21.25,no,"{""count_fp"":""21.25"",""created_time"":""2026-04-28T03:32:16.831478Z"",""no_price_dollars"":""0.4500"",""taker_side"":""no"",""ticker"":""KXETH15M-26APR272345-45"",""trade_id"":""924948a4-593d-6823-8c57-ebc5e34a4150"",""yes_price_dollars"":""0.5500""}"
KXETH15M-26APR272345-45,9a73b3e0-9705-6108-50f4-e501a264ec2a,1777347139,0.53,43.55,no,"{""count_fp"":""43.55"",""created_time"":""2026-04-28T03:32:19.460387Z"",""no_price_dollars"":""0.4700"",""taker_side"":""no"",""ticker"":""KXETH15M-26APR272345-45"",""trade_id"":""9a73b3e0-9705-6108-50f4-e501a264ec2a"",""yes_price_dollars"":""0.5300""}"
KXETH15M-26APR272345-45,6bc684f3-3995-6e53-7786-f48af4f58950,1777347139,0.55,18.75,no,"{""count_fp"":""18.75"",""created_time"":""2026-04-28T03:32:19.460387Z"",""no_price_dollars"":""0.4500"",""taker_side"":""no"",""ticker"":""KXETH15M-26APR272345-45"",""trade_id"":""6bc684f3-3995-6e53-7786-f48af4f58950"",""yes_price_dollars"":""0.5500""}"
KXETH15M-26APR272345-45,7ed334f7-b481-5d44-3cae-530a43147ea6,1777347140,0.53,55.0,no,"{""count_fp"":""55.00"",""created_time"":""2026-04-28T03:32:20.223016Z"",""no_price_dollars"":""0.4700"",""taker_side"":""no"",""ticker"":""KXETH15M-26APR272345-45"",""trade_id"":""7ed334f7-b481-5d44-3cae-530a43147ea6"",""yes_price_dollars"":""0.5300""}"
KXETH15M-26APR272345-45,c5088c80-b798-66bc-7a63-79db79ec7a2b,1777347146,0.58,10.0,no,"{""count_fp"":""10.00"",""created_time"":""2026-04-28T03:32:26.950436Z"",""no_price_dollars"":""0.4200"",""taker_side"":""no"",""ticker"":""KXETH15M-26APR272345-45"",""trade_id"":""c5088c80-b798-66bc-7a63-79db79ec7a2b"",""yes_price_dollars"":""0.5800""}"
KXETH15M-26APR272345-45,8bc10fb2-b4a9-6428-4efd-763858cd5ee2,1777347146,0.58,43.49,no,"{""count_fp"":""43.49"",""created_time"":""2026-04-28T03:32:26.950436Z"",""no_price_dollars"":""0.4200"",""taker_side"":""no"",""ticker"":""KXETH15M-26APR272345-45"",""trade_id"":""8bc10fb2-b4a9-6428-4efd-763858cd5ee2"",""yes_price_dollars"":""0.5800""}"
KXETH15M-26APR272345-45,d67d834e-9321-7675-e0ec-4b1804f3c262,1777347146,0.59,10.0,yes,"{""count_fp"":""10.00"",""created_time"":""2026-04-28T03:32:26.731422Z"",""no_price_dollars"":""0.4100"",""taker_side"":""yes"",""ticker"":""KXETH15M-26APR272345-45"",""trade_id"":""d67d834e-9321-7675-e0ec-4b1804f3c262"",""yes_price_dollars"":""0.5900""}"
KXETH15M-26APR272345-45,bfcf3745-92b9-7652-c114-fb707de775c5,1777347146,0.59,10.0,yes,"{""count_fp"":""10.00"",""created_time"":""2026-04-28T03:32:26.731422Z"",""no_price_dollars"":""0.4100"",""taker_side"":""yes"",""ticker"":""KXETH15M-26APR272345-45"",""trade_id"":""bfcf3745-92b9-7652-c114-fb707de775c5"",""yes_price_dollars"":""0.5900""}"
KXETH15M-26APR272345-45,9c11c1a6-9030-730e-e58b-bd0e6826bdbc,1777347146,0.58,2.0,yes,"{""count_fp"":""2.00"",""created_time"":""2026-04-28T03:32:26.731422Z"",""no_price_dollars"":""0.4200"",""taker_side"":""yes"",""ticker"":""KXETH15M-26APR272345-45"",""trade_id"":""9c11c1a6-9030-730e-e58b-bd0e6826bdbc"",""yes_price_dollars"":""0.5800""}"
KXETH15M-26APR272345-45,fc7ecc70-d2b1-4d50-6c25-e14bc7a6b1c8,1777347146,0.55,10.0,no,"{""count_fp"":""10.00"",""created_time"":""2026-04-28T03:32:26.560867Z"",""no_price_dollars"":""0.4500"",""taker_side"":""no"",""ticker"":""KXETH15M-26APR272345-45"",""trade_id"":""fc7ecc70-d2b1-4d50-6c25-e14bc7a6b1c8"",""yes_price_dollars"":""0.5500""}"
KXETH15M-26APR272345-45,cae392f4-4795-4218-5c4c-5f72a12c9dba,1777347146,0.55,11.25,no,"{""count_fp"":""11.25"",""created_time"":""2026-04-28T03:32:26.560867Z"",""no_price_dollars"":""0.4500"",""taker_side"":""no"",""ticker"":""KXETH15M-26APR272345-45"",""trade_id"":""cae392f4-4795-4218-5c4c-5f72a12c9dba"",""yes_price_dollars"":""0.5500""}"
KXETH15M-26APR272345-45,c5457a15-01aa-4170-0b22-98c98bb2fb4e,1777347152,0.6,1.0,yes,"{""count_fp"":""1.00"",""created_time"":""2026-04-28T03:32:32.074548Z"",""no_price_dollars"":""0.4000"",""taker_side"":""yes"",""ticker"":""KXETH15M-26APR272345-45"",""trade_id"":""c5457a15-01aa-4170-0b22-98c98bb2fb4e"",""yes_price_dollars"":""0.6000""}"
KXETH15M-26APR272345-45,cc4afc50-031e-6dbc-0d74-271b1ee70966,1777347157,0.6,34.0,yes,"{""count_fp"":""34.00"",""created_time"":""2026-04-28T03:32:37.486803Z"",""no_price_dollars"":""0.4000"",""taker_side"":""yes"",""ticker"":""KXETH15M-26APR272345-45"",""trade_id"":""cc4afc50-031e-6dbc-0d74-271b1ee70966"",""yes_price_dollars"":""0.6000""}"
KXETH15M-26APR272345-45,db7c0ec0-9820-55bd-88a7-3a9fabadb686,1777347158,0.64,3.73,yes,"{""count_fp"":""3.73"",""created_time"":""2026-04-28T03:32:38.098217Z"",""no_price_dollars"":""0.3600"",""taker_side"":""yes"",""ticker"":""KXETH15M-26APR272345-45"",""trade_id"":""db7c0ec0-9820-55bd-88a7-3a9fabadb686"",""yes_price_dollars"":""0.6400""}"
KXETH15M-26APR272345-45,a31810c5-df9e-598b-8c15-35f176336700,1777347158,0.63,10.0,yes,"{""count_fp"":""10.00"",""created_time"":""2026-04-28T03:32:38.098217Z"",""no_price_dollars"":""0.3700"",""taker_side"":""yes"",""ticker"":""KXETH15M-26APR272345-45"",""trade_id"":""a31810c5-df9e-598b-8c15-35f176336700"",""yes_price_dollars"":""0.6300""}"
KXETH15M-26APR272345-45,28bddfe3-f886-53b8-bc49-cc626c6a9bc6,1777347158,0.6,0.27,yes,"{""count_fp"":""0.27"",""created_time"":""2026-04-28T03:32:38.098217Z"",""no_price_dollars"":""0.4000"",""taker_side"":""yes"",""ticker"":""KXETH15M-26APR272345-45"",""trade_id"":""28bddfe3-f886-53b8-bc49-cc626c6a9bc6"",""yes_price_dollars"":""0.6000""}"
KXETH15M-26APR272345-45,c451d24f-1c7c-5ad5-7a40-15c50a549878,1777347163,0.62,5.0,no,"{""count_fp"":""5.00"",""created_time"":""2026-04-28T03:32:43.336242Z"",""no_price_dollars"":""0.3800"",""taker_side"":""no"",""ticker"":""KXETH15M-26APR272345-45"",""trade_id"":""c451d24f-1c7c-5ad5-7a40-15c50a549878"",""yes_price_dollars"":""0.6200""}"
KXETH15M-26APR272345-45,e4d6969a-685d-729c-097b-2bd60e217141,1777347171,0.64,3.0,yes,"{""count_fp"":""3.00"",""created_time"":""2026-04-28T03:32:51.699301Z"",""no_price_dollars"":""0.3600"",""taker_side"":""yes"",""ticker"":""KXETH15M-26APR272345-45"",""trade_id"":""e4d6969a-685d-729c-097b-2bd60e217141"",""yes_price_dollars"":""0.6400""}"
KXETH15M-26APR272345-45,ee5d82b4-261a-7d6f-73d5-148921a23c6c,1777347173,0.62,5.02,no,"{""count_fp"":""5.02"",""created_time"":""2026-04-28T03:32:53.725886Z"",""no_price_dollars"":""0.3800"",""taker_side"":""no"",""ticker"":""KXETH15M-26APR272345-45"",""trade_id"":""ee5d82b4-261a-7d6f-73d5-148921a23c6c"",""yes_price_dollars"":""0.6200""}"
KXETH15M-26APR272345-45,fcd545d7-21ba-7f92-0e4e-279c8f6dc0f7,1777347174,0.59,0.25,no,"{""count_fp"":""0.25"",""created_time"":""2026-04-28T03:32:54.514033Z"",""no_price_dollars"":""0.4100"",""taker_side"":""no"",""ticker"":""KXETH15M-26APR272345-45"",""trade_id"":""fcd545d7-21ba-7f92-0e4e-279c8f6dc0f7"",""yes_price_dollars"":""0.5900""}"
KXETH15M-26APR272345-45,66f16656-56e9-67b1-d14d-a0ab0c777199,1777347183,0.61,2.45,no,"{""count_fp"":""2.45"",""created_time"":""2026-04-28T03:33:03.859102Z"",""no_price_dollars"":""0.3900"",""taker_side"":""no"",""ticker"":""KXETH15M-26APR272345-45"",""trade_id"":""66f16656-56e9-67b1-d14d-a0ab0c777199"",""yes_price_dollars"":""0.6100""}"
KXETH15M-26APR272345-45,d9b5f4db-8135-4754-be4d-406dcf1f782d,1777347183,0.64,0.48,yes,"{""count_fp"":""0.48"",""created_time"":""2026-04-28T03:33:03.305821Z"",""no_price_dollars"":""0.3600"",""taker_side"":""yes"",""ticker"":""KXETH15M-26APR272345-45"",""trade_id"":""d9b5f4db-8135-4754-be4d-406dcf1f782d"",""yes_price_dollars"":""0.6400""}"
KXETH15M-26APR272345-45,755281e3-c261-4189-bc99-04229fe859e8,1777347183,0.64,7.14,yes,"{""count_fp"":""7.14"",""created_time"":""2026-04-28T03:33:03.305821Z"",""no_price_dollars"":""0.3600"",""taker_side"":""yes"",""ticker"":""KXETH15M-26APR272345-45"",""trade_id"":""755281e3-c261-4189-bc99-04229fe859e8"",""yes_price_dollars"":""0.6400""}"
KXETH15M-26APR272345-45,d0df9af1-0478-4a75-f6a0-0a1771a7289c,1777347188,0.64,3.04,yes,"{""count_fp"":""3.04"",""created_time"":""2026-04-28T03:33:08.226037Z"",""no_price_dollars"":""0.3600"",""taker_side"":""yes"",""ticker"":""KXETH15M-26APR272345-45"",""trade_id"":""d0df9af1-0478-4a75-f6a0-0a1771a7289c"",""yes_price_dollars"":""0.6400""}"
KXETH15M-26APR272345-45,ece7bf3e-2bac-5cea-c2fc-2cd1ad343c85,1777347192,0.61,11.53,no,"{""count_fp"":""11.53"",""created_time"":""2026-04-28T03:33:12.494415Z"",""no_price_dollars"":""0.3900"",""taker_side"":""no"",""ticker"":""KXETH15M-26APR272345-45"",""trade_id"":""ece7bf3e-2bac-5cea-c2fc-2cd1ad343c85"",""yes_price_dollars"":""0.6100""}"
KXETH15M-26APR272345-45,ded3112f-8e21-5ae4-f8cf-d86bb63a1e46,1777347192,0.61,111.41,no,"{""count_fp"":""111.41"",""created_time"":""2026-04-28T03:33:12.494415Z"",""no_price_dollars"":""0.3900"",""taker_side"":""no"",""ticker"":""KXETH15M-26APR272345-45"",""trade_id"":""ded3112f-8e21-5ae4-f8cf-d86bb63a1e46"",""yes_price_dollars"":""0.6100""}"
KXETH15M-26APR272345-45,ac6f09a5-e41c-7059-298e-9abeae536998,1777347198,0.65,2.97,yes,"{""count_fp"":""2.97"",""created_time"":""2026-04-28T03:33:18.788761Z"",""no_price_dollars"":""0.3500"",""taker_side"":""yes"",""ticker"":""KXETH15M-26APR272345-45"",""trade_id"":""ac6f09a5-e41c-7059-298e-9abeae536998"",""yes_price_dollars"":""0.6500""}"
KXETH15M-26APR272345-45,1b1da49d-031f-760e-e8a0-89dee8ce0d39,1777347198,0.64,1.0,yes,"{""count_fp"":""1.00"",""created_time"":""2026-04-28T03:33:18.649994Z"",""no_price_dollars"":""0.3600"",""taker_side"":""yes"",""ticker"":""KXETH15M-26APR272345-45"",""trade_id"":""1b1da49d-031f-760e-e8a0-89dee8ce0d39"",""yes_price_dollars"":""0.6400""}"
KXETH15M-26APR272345-45,8df5dc88-51e0-74ad-906e-e0f7dd865cbc,1777347202,0.65,5.15,yes,"{""count_fp"":""5.15"",""created_time"":""2026-04-28T03:33:22.983514Z"",""no_price_dollars"":""0.3500"",""taker_side"":""yes"",""ticker"":""KXETH15M-26APR272345-45"",""trade_id"":""8df5dc88-51e0-74ad-906e-e0f7dd865cbc"",""yes_price_dollars"":""0.6500""}"
KXETH15M-26APR272345-45,313a35f7-bbde-7564-8d48-57889fc85222,1777347202,0.64,10.0,yes,"{""count_fp"":""10.00"",""created_time"":""2026-04-28T03:33:22.983514Z"",""no_price_dollars"":""0.3600"",""taker_side"":""yes"",""ticker"":""KXETH15M-26APR272345-45"",""trade_id"":""313a35f7-bbde-7564-8d48-57889fc85222"",""yes_price_dollars"":""0.6400""}"
KXETH15M-26APR272345-45,f1b537d0-7509-5574-b825-0d985fa22a1a,1777347202,0.61,17.28,no,"{""count_fp"":""17.28"",""created_time"":""2026-04-28T03:33:22.929808Z"",""no_price_dollars"":""0.3900"",""taker_side"":""no"",""ticker"":""KXETH15M-26APR272345-45"",""trade_id"":""f1b537d0-7509-5574-b825-0d985fa22a1a"",""yes_price_dollars"":""0.6100""}"
KXETH15M-26APR272345-45,491e0928-c4ba-5dd6-9132-2adba92efeb7,1777347202,0.62,10.0,no,"{""count_fp"":""10.00"",""created_time"":""2026-04-28T03:33:22.929808Z"",""no_price_dollars"":""0.3800"",""taker_side"":""no"",""ticker"":""KXETH15M-26APR272345-45"",""trade_id"":""491e0928-c4ba-5dd6-9132-2adba92efeb7"",""yes_price_dollars"":""0.6200""}"
KXETH15M-26APR272345-45,b58f2a58-cd85-6b79-b51b-2313177519f3,1777347204,0.62,10.0,no,"{""count_fp"":""10.00"",""created_time"":""2026-04-28T03:33:24.179975Z"",""no_price_dollars"":""0.3800"",""taker_side"":""no"",""ticker"":""KXETH15M-26APR272345-45"",""trade_id"":""b58f2a58-cd85-6b79-b51b-2313177519f3"",""yes_price_dollars"":""0.6200""}"
KXETH15M-26APR272345-45,5ce65f3b-c891-6068-b694-bf5261f2683a,1777347204,0.61,189.42,no,"{""count_fp"":""189.42"",""created_time"":""2026-04-28T03:33:24.179975Z"",""no_price_dollars"":""0.3900"",""taker_side"":""no"",""ticker"":""KXETH15M-26APR272345-45"",""trade_id"":""5ce65f3b-c891-6068-b694-bf5261f2683a"",""yes_price_dollars"":""0.6100""}"
KXETH15M-26APR272345-45,b767b37f-ace1-4a35-4e6e-22a8cc104fa0,1777347208,0.65,0.75,yes,"{""count_fp"":""0.75"",""created_time"":""2026-04-28T03:33:28.638835Z"",""no_price_dollars"":""0.3500"",""taker_side"":""yes"",""ticker"":""KXETH15M-26APR272345-45"",""trade_id"":""b767b37f-ace1-4a35-4e6e-22a8cc104fa0"",""yes_price_dollars"":""0.6500""}"
KXETH15M-26APR272345-45,fd610c4b-7dc5-52a0-861d-d9f57575abf6,1777347209,0.61,0.61,no,"{""count_fp"":""0.61"",""created_time"":""2026-04-28T03:33:29.748998Z"",""no_price_dollars"":""0.3900"",""taker_side"":""no"",""ticker"":""KXETH15M-26APR272345-45"",""trade_id"":""fd610c4b-7dc5-52a0-861d-d9f57575abf6"",""yes_price_dollars"":""0.6100""}"
KXETH15M-26APR272345-45,acdb563f-0881-6584-0a97-5e508e0e33ee,1777347209,0.61,2.45,no,"{""count_fp"":""2.45"",""created_time"":""2026-04-28T03:33:29.339645Z"",""no_price_dollars"":""0.3900"",""taker_side"":""no"",""ticker"":""KXETH15M-26APR272345-45"",""trade_id"":""acdb563f-0881-6584-0a97-5e508e0e33ee"",""yes_price_dollars"":""0.6100""}"
KXETH15M-26APR272345-45,1f735bd3-a3fa-7f55-8bed-7fafd770380f,1777347210,0.65,1.0,yes,"{""count_fp"":""1.00"",""created_time"":""2026-04-28T03:33:30.089292Z"",""no_price_dollars"":""0.3500"",""taker_side"":""yes"",""ticker"":""KXETH15M-26APR272345-45"",""trade_id"":""1f735bd3-a3fa-7f55-8bed-7fafd770380f"",""yes_price_dollars"":""0.6500""}"
KXETH15M-26APR272345-45,ee204b53-01f2-7078-1877-a4c2f2c8cb46,1777347218,0.64,5.0,yes,"{""count_fp"":""5.00"",""created_time"":""2026-04-28T03:33:38.121756Z"",""no_price_dollars"":""0.3600"",""taker_side"":""yes"",""ticker"":""KXETH15M-26APR272345-45"",""trade_id"":""ee204b53-01f2-7078-1877-a4c2f2c8cb46"",""yes_price_dollars"":""0.6400""}"
KXETH15M-26APR272345-45,b33fa5f2-18ae-7635-3515-7951d0073d69,1777347218,0.67,10.0,yes,"{""count_fp"":""10.00"",""created_time"":""2026-04-28T03:33:38.121756Z"",""no_price_dollars"":""0.3300"",""taker_side"":""yes"",""ticker"":""KXETH15M-26APR272345-45"",""trade_id"":""b33fa5f2-18ae-7635-3515-7951d0073d69"",""yes_price_dollars"":""0.6700""}"
KXETH15M-26APR272345-45,b0a029c1-3584-7f1d-04c0-0271ef839dd4,1777347218,0.67,13.0,yes,"{""count_fp"":""13.00"",""created_time"":""2026-04-28T03:33:38.121756Z"",""no_price_dollars"":""0.3300"",""taker_side"":""yes"",""ticker"":""KXETH15M-26APR272345-45"",""trade_id"":""b0a029c1-3584-7f1d-04c0-0271ef839dd4"",""yes_price_dollars"":""0.6700""}"
KXETH15M-26APR272345-45,82c7fe3f-98dc-6179-169a-9723f44eee5c,1777347219,0.65,5.17,no,"{""count_fp"":""5.17"",""created_time"":""2026-04-28T03:33:39.653431Z"",""no_price_dollars"":""0.3500"",""taker_side"":""no"",""ticker"":""KXETH15M-26APR272345-45"",""trade_id"":""82c7fe3f-98dc-6179-169a-9723f44eee5c"",""yes_price_dollars"":""0.6500""}"
KXETH15M-26APR272345-45,cc85ddc7-9d5e-4665-adb7-e21fb9913658,1777347224,0.69,10.0,no,"{""count_fp"":""10.00"",""created_time"":""2026-04-28T03:33:44.576308Z"",""no_price_dollars"":""0.3100"",""taker_side"":""no"",""ticker"":""KXETH15M-26APR272345-45"",""trade_id"":""cc85ddc7-9d5e-4665-adb7-e21fb9913658"",""yes_price_dollars"":""0.6900""}"
KXETH15M-26APR272345-45,9ac6c4ca-5281-76dd-76c6-8f38f4f545c4,1777347226,0.71,1.11,yes,"{""count_fp"":""1.11"",""created_time"":""2026-04-28T03:33:46.584748Z"",""no_price_dollars"":""0.2900"",""taker_side"":""yes"",""ticker"":""KXETH15M-26APR272345-45"",""trade_id"":""9ac6c4ca-5281-76dd-76c6-8f38f4f545c4"",""yes_price_dollars"":""0.7100""}"
KXETH15M-26APR272345-45,ba190b94-5e17-4252-6bcf-5afe8496631e,1777347226,0.7,2.0,yes,"{""count_fp"":""2.00"",""created_time"":""2026-04-28T03:33:46.050786Z"",""no_price_dollars"":""0.3000"",""taker_side"":""yes"",""ticker"":""KXETH15M-26APR272345-45"",""trade_id"":""ba190b94-5e17-4252-6bcf-5afe8496631e"",""yes_price_dollars"":""0.7000""}"
KXETH15M-26APR272345-45,1f0d5c96-a9da-783c-c430-e6e3fbd1c10b,1777347230,0.7,0.79,no,"{""count_fp"":""0.79"",""created_time"":""2026-04-28T03:33:50.825122Z"",""no_price_dollars"":""0.3000"",""taker_side"":""no"",""ticker"":""KXETH15M-26APR272345-45"",""trade_id"":""1f0d5c96-a9da-783c-c430-e6e3fbd1c10b"",""yes_price_dollars"":""0.7000""}"
KXETH15M-26APR272345-45,7d168d34-2cbf-7660-585a-c92fda029801,1777347232,0.72,5.0,yes,"{""count_fp"":""5.00"",""created_time"":""2026-04-28T03:33:52.542048Z"",""no_price_dollars"":""0.2800"",""taker_side"":""yes"",""ticker"":""KXETH15M-26APR272345-45"",""trade_id"":""7d168d34-2cbf-7660-585a-c92fda029801"",""yes_price_dollars"":""0.7200""}"
KXETH15M-26APR272345-45,e2560872-4606-7288-431f-0464a2d4bbc3,1777347232,0.7,6.21,no,"{""count_fp"":""6.21"",""created_time"":""2026-04-28T03:33:52.324211Z"",""no_price_dollars"":""0.3000"",""taker_side"":""no"",""ticker"":""KXETH15M-26APR272345-45"",""trade_id"":""e2560872-4606-7288-431f-0464a2d4bbc3"",""yes_price_dollars"":""0.7000""}"
KXETH15M-26APR272345-45,995b5c59-89c1-7af4-5fcb-596b188c16d6,1777347232,0.7,59.22,no,"{""count_fp"":""59.22"",""created_time"":""2026-04-28T03:33:52.324211Z"",""no_price_dollars"":""0.3000"",""taker_side"":""no"",""ticker"":""KXETH15M-26APR272345-45"",""trade_id"":""995b5c59-89c1-7af4-5fcb-596b188c16d6"",""yes_price_dollars"":""0.7000""}"
KXETH15M-26APR272345-45,0554dc76-28b7-792b-77f0-1fc41b652006,1777347232,0.7,12.09,no,"{""count_fp"":""12.09"",""created_time"":""2026-04-28T03:33:52.324211Z"",""no_price_dollars"":""0.3000"",""taker_side"":""no"",""ticker"":""KXETH15M-26APR272345-45"",""trade_id"":""0554dc76-28b7-792b-77f0-1fc41b652006"",""yes_price_dollars"":""0.7000""}"
KXETH15M-26APR272345-45,fc03530d-e681-6cf8-661a-586ba540368a,1777347236,0.79,10.0,yes,"{""count_fp"":""10.00"",""created_time"":""2026-04-28T03:33:56.117358Z"",""no_price_dollars"":""0.2100"",""taker_side"":""yes"",""ticker"":""KXETH15M-26APR272345-45"",""trade_id"":""fc03530d-e681-6cf8-661a-586ba540368a"",""yes_price_dollars"":""0.7900""}"
KXETH15M-26APR272345-45,f483ef7a-dd75-643d-6f41-21e5fa50c284,1777347236,0.79,10.0,yes,"{""count_fp"":""10.00"",""created_time"":""2026-04-28T03:33:56.117358Z"",""no_price_dollars"":""0.2100"",""taker_side"":""yes"",""ticker"":""KXETH15M-26APR272345-45"",""trade_id"":""f483ef7a-dd75-643d-6f41-21e5fa50c284"",""yes_price_dollars"":""0.7900""}"
KXETH15M-26APR272345-45,9ee32e7d-6715-691e-7eee-383f13aca3f8,1777347236,0.8,15.0,yes,"{""count_fp"":""15.00"",""created_time"":""2026-04-28T03:33:56.117358Z"",""no_price_dollars"":""0.2000"",""taker_side"":""yes"",""ticker"":""KXETH15M-26APR272345-45"",""trade_id"":""9ee32e7d-6715-691e-7eee-383f13aca3f8"",""yes_price_dollars"":""0.8000""}"
KXETH15M-26APR272345-45,bbd7f7a1-00f7-6290-8d2c-0380d6bb4670,1777347237,0.82,1.0,yes,"{""count_fp"":""1.00"",""created_time"":""2026-04-28T03:33:57.695881Z"",""no_price_dollars"":""0.1800"",""taker_side"":""yes"",""ticker"":""KXETH15M-26APR272345-45"",""trade_id"":""bbd7f7a1-00f7-6290-8d2c-0380d6bb4670"",""yes_price_dollars"":""0.8200""}"
KXETH15M-26APR272345-45,47853316-8163-666d-a7b5-ca23336db813,1777347238,0.83,17.0,yes,"{""count_fp"":""17.00"",""created_time"":""2026-04-28T03:33:58.316922Z"",""no_price_dollars"":""0.1700"",""taker_side"":""yes"",""ticker"":""KXETH15M-26APR272345-45"",""trade_id"":""47853316-8163-666d-a7b5-ca23336db813"",""yes_price_dollars"":""0.8300""}"
KXETH15M-26APR272345-45,06af34f1-e2b8-6236-b75a-7e7e5b86472b,1777347238,0.83,6.0,yes,"{""count_fp"":""6.00"",""created_time"":""2026-04-28T03:33:58.316922Z"",""no_price_dollars"":""0.1700"",""taker_side"":""yes"",""ticker"":""KXETH15M-26APR272345-45"",""trade_id"":""06af34f1-e2b8-6236-b75a-7e7e5b86472b"",""yes_price_dollars"":""0.8300""}"
KXETH15M-26APR272345-45,da9c4a06-30a6-4ef8-f16d-2c5615a91e4a,1777347239,0.83,4.0,no,"{""count_fp"":""4.00"",""created_time"":""2026-04-28T03:33:59.596926Z"",""no_price_dollars"":""0.1700"",""taker_side"":""no"",""ticker"":""KXETH15M-26APR272345-45"",""trade_id"":""da9c4a06-30a6-4ef8-f16d-2c5615a91e4a"",""yes_price_dollars"":""0.8300""}"
KXETH15M-26APR272345-45,ede0debd-6078-7b53-b3b6-1b393977a053,1777347239,0.87,46.0,yes,"{""count_fp"":""46.00"",""created_time"":""2026-04-28T03:33:59.126832Z"",""no_price_dollars"":""0.1300"",""taker_side"":""yes"",""ticker"":""KXETH15M-26APR272345-45"",""trade_id"":""ede0debd-6078-7b53-b3b6-1b393977a053"",""yes_price_dollars"":""0.8700""}"
KXETH15M-26APR272345-45,a441c6f9-24f6-76f8-9ff4-a0d90a1bb845,1777347239,0.85,16.0,yes,"{""count_fp"":""16.00"",""created_time"":""2026-04-28T03:33:59.126832Z"",""no_price_dollars"":""0.1500"",""taker_side"":""yes"",""ticker"":""KXETH15M-26APR272345-45"",""trade_id"":""a441c6f9-24f6-76f8-9ff4-a0d90a1bb845"",""yes_price_dollars"":""0.8500""}"
KXETH15M-26APR272345-45,77663da5-99ec-7afb-ae5e-48668e87b478,1777347239,0.84,1.0,yes,"{""count_fp"":""1.00"",""created_time"":""2026-04-28T03:33:59.126832Z"",""no_price_dollars"":""0.1600"",""taker_side"":""yes"",""ticker"":""KXETH15M-26APR272345-45"",""trade_id"":""77663da5-99ec-7afb-ae5e-48668e87b478"",""yes_price_dollars"":""0.8400""}"
KXETH15M-26APR272345-45,638bdf33-b1e9-7ad1-b203-5f288da8caea,1777347239,0.87,6.0,yes,"{""count_fp"":""6.00"",""created_time"":""2026-04-28T03:33:59.126832Z"",""no_price_dollars"":""0.1300"",""taker_side"":""yes"",""ticker"":""KXETH15M-26APR272345-45"",""trade_id"":""638bdf33-b1e9-7ad1-b203-5f288da8caea"",""yes_price_dollars"":""0.8700""}"
KXETH15M-26APR272345-45,fcaa64a1-2619-51d4-0451-e39466f886c6,1777347241,0.82,14.2,no,"{""count_fp"":""14.20"",""created_time"":""2026-04-28T03:34:01.477204Z"",""no_price_dollars"":""0.1800"",""taker_side"":""no"",""ticker"":""KXETH15M-26APR272345-45"",""trade_id"":""fcaa64a1-2619-51d4-0451-e39466f886c6"",""yes_price_dollars"":""0.8200""}"
KXETH15M-26APR272345-45,6c15fd38-da60-44db-f8c6-dd56c0e30b3b,1777347243,0.87,1.0,yes,"{""count_fp"":""1.00"",""created_time"":""2026-04-28T03:34:03.996279Z"",""no_price_dollars"":""0.1300"",""taker_side"":""yes"",""ticker"":""KXETH15M-26APR272345-45"",""trade_id"":""6c15fd38-da60-44db-f8c6-dd56c0e30b3b"",""yes_price_dollars"":""0.8700""}"
KXETH15M-26APR272345-45,048faeac-fe8c-5def-0110-67dbb0a4338b,1777347244,0.87,1.0,yes,"{""count_fp"":""1.00"",""created_time"":""2026-04-28T03:34:04.572547Z"",""no_price_dollars"":""0.1300"",""taker_side"":""yes"",""ticker"":""KXETH15M-26APR272345-45"",""trade_id"":""048faeac-fe8c-5def-0110-67dbb0a4338b"",""yes_price_dollars"":""0.8700""}"
KXETH15M-26APR272345-45,e9ab556f-85a6-50a3-bafe-06bd9832ed03,1777347244,0.84,3.04,no,"{""count_fp"":""3.04"",""created_time"":""2026-04-28T03:34:04.332725Z"",""no_price_dollars"":""0.1600"",""taker_side"":""no"",""ticker"":""KXETH15M-26APR272345-45"",""trade_id"":""e9ab556f-85a6-50a3-bafe-06bd9832ed03"",""yes_price_dollars"":""0.8400""}"
KXETH15M-26APR272345-45,bbe6a081-0b5e-4555-425f-01bcaff67cb3,1777347245,0.87,42.0,yes,"{""count_fp"":""42.00"",""created_time"":""2026-04-28T03:34:05.092741Z"",""no_price_dollars"":""0.1300"",""taker_side"":""yes"",""ticker"":""KXETH15M-26APR272345-45"",""trade_id"":""bbe6a081-0b5e-4555-425f-01bcaff67cb3"",""yes_price_dollars"":""0.8700""}"
KXETH15M-26APR272345-45,baa283b8-43c8-4a4b-4b39-a66b088d557f,1777347245,0.87,12.0,yes,"{""count_fp"":""12.00"",""created_time"":""2026-04-28T03:34:05.092741Z"",""no_price_dollars"":""0.1300"",""taker_side"":""yes"",""ticker"":""KXETH15M-26APR272345-45"",""trade_id"":""baa283b8-43c8-4a4b-4b39-a66b088d557f"",""yes_price_dollars"":""0.8700""}"
KXETH15M-26APR272345-45,616e6c61-3298-5b3b-b2a2-602dd064ddf1,1777347246,0.88,83.0,yes,"{""count_fp"":""83.00"",""created_time"":""2026-04-28T03:34:06.121223Z"",""no_price_dollars"":""0.1200"",""taker_side"":""yes"",""ticker"":""KXETH15M-26APR272345-45"",""trade_id"":""616e6c61-3298-5b3b-b2a2-602dd064ddf1"",""yes_price_dollars"":""0.8800""}"
KXETH15M-26APR272345-45,d4009235-9fa8-467f-0a5f-83af393c308d,1777347247,0.88,27.0,yes,"{""count_fp"":""27.00"",""created_time"":""2026-04-28T03:34:07.803677Z"",""no_price_dollars"":""0.1200"",""taker_side"":""yes"",""ticker"":""KXETH15M-26APR272345-45"",""trade_id"":""d4009235-9fa8-467f-0a5f-83af393c308d"",""yes_price_dollars"":""0.8800""}"
KXETH15M-26APR272345-45,161b99c4-1b88-7acb-3e3e-29433eb818e5,1777347247,0.88,59.0,yes,"{""count_fp"":""59.00"",""created_time"":""2026-04-28T03:34:07.094816Z"",""no_price_dollars"":""0.1200"",""taker_side"":""yes"",""ticker"":""KXETH15M-26APR272345-45"",""trade_id"":""161b99c4-1b88-7acb-3e3e-29433eb818e5"",""yes_price_dollars"":""0.8800""}"
KXETH15M-26APR272345-45,e69ce230-b4e8-559f-ebf5-9ef4cc70137d,1777347248,0.88,5.0,yes,"{""count_fp"":""5.00"",""created_time"":""2026-04-28T03:34:08.882804Z"",""no_price_dollars"":""0.1200"",""taker_side"":""yes"",""ticker"":""KXETH15M-26APR272345-45"",""trade_id"":""e69ce230-b4e8-559f-ebf5-9ef4cc70137d"",""yes_price_dollars"":""0.8800""}"
KXETH15M-26APR272345-45,315e4b79-31d8-7ff7-4188-921fcf4568f9,1777347248,0.88,52.0,yes,"{""count_fp"":""52.00"",""created_time"":""2026-04-28T03:34:08.119911Z"",""no_price_dollars"":""0.1200"",""taker_side"":""yes"",""ticker"":""KXETH15M-26APR272345-45"",""trade_id"":""315e4b79-31d8-7ff7-4188-921fcf4568f9"",""yes_price_dollars"":""0.8800""}"
KXETH15M-26APR272345-45,af81bf88-7502-6629-887e-79fe397c36e3,1777347249,0.88,52.0,yes,"{""count_fp"":""52.00"",""created_time"":""2026-04-28T03:34:09.113174Z"",""no_price_dollars"":""0.1200"",""taker_side"":""yes"",""ticker"":""KXETH15M-26APR272345-45"",""trade_id"":""af81bf88-7502-6629-887e-79fe397c36e3"",""yes_price_dollars"":""0.8800""}"
KXETH15M-26APR272345-45,d82cc023-017e-4975-7ae9-f7d8d7fb40ab,1777347250,0.88,43.0,yes,"{""count_fp"":""43.00"",""created_time"":""2026-04-28T03:34:10.095806Z"",""no_price_dollars"":""0.1200"",""taker_side"":""yes"",""ticker"":""KXETH15M-26APR272345-45"",""trade_id"":""d82cc023-017e-4975-7ae9-f7d8d7fb40ab"",""yes_price_dollars"":""0.8800""}"
KXETH15M-26APR272345-45,e87654e3-e609-46af-3a1c-5f58c1cc5d22,1777347251,0.87,3.46,no,"{""count_fp"":""3.46"",""created_time"":""2026-04-28T03:34:11.837228Z"",""no_price_dollars"":""0.1300"",""taker_side"":""no"",""ticker"":""KXETH15M-26APR272345-45"",""trade_id"":""e87654e3-e609-46af-3a1c-5f58c1cc5d22"",""yes_price_dollars"":""0.8700""}"
KXETH15M-26APR272345-45,37672b31-0bd8-479c-0062-4b32415b2d14,1777347251,0.87,1.0,no,"{""count_fp"":""1.00"",""created_time"":""2026-04-28T03:34:11.837228Z"",""no_price_dollars"":""0.1300"",""taker_side"":""no"",""ticker"":""KXETH15M-26APR272345-45"",""trade_id"":""37672b31-0bd8-479c-0062-4b32415b2d14"",""yes_price_dollars"":""0.8700""}"
KXETH15M-26APR272345-45,6d41b9ad-ab92-6c81-0661-2ae517e3473f,1777347251,0.88,38.0,yes,"{""count_fp"":""38.00"",""created_time"":""2026-04-28T03:34:11.095491Z"",""no_price_dollars"":""0.1200"",""taker_side"":""yes"",""ticker"":""KXETH15M-26APR272345-45"",""trade_id"":""6d41b9ad-ab92-6c81-0661-2ae517e3473f"",""yes_price_dollars"":""0.8800""}"
KXETH15M-26APR272345-45,7df61b67-ddfb-4515-5c3c-a461f7bde9a4,1777347252,0.89,4.0,yes,"{""count_fp"":""4.00"",""created_time"":""2026-04-28T03:34:12.528197Z"",""no_price_dollars"":""0.1100"",""taker_side"":""yes"",""ticker"":""KXETH15M-26APR272345-45"",""trade_id"":""7df61b67-ddfb-4515-5c3c-a461f7bde9a4"",""yes_price_dollars"":""0.8900""}"
KXETH15M-26APR272345-45,7a7c2659-30ce-4cfb-4d0a-88fd5c4b372c,1777347252,0.89,112.0,yes,"{""count_fp"":""112.00"",""created_time"":""2026-04-28T03:34:12.528197Z"",""no_price_dollars"":""0.1100"",""taker_side"":""yes"",""ticker"":""KXETH15M-26APR272345-45"",""trade_id"":""7a7c2659-30ce-4cfb-4d0a-88fd5c4b372c"",""yes_price_dollars"":""0.8900""}"
KXETH15M-26APR272345-45,6da9ad09-ae11-4beb-486e-9e2dd3b18947,1777347252,0.89,1.0,yes,"{""count_fp"":""1.00"",""created_time"":""2026-04-28T03:34:12.528197Z"",""no_price_dollars"":""0.1100"",""taker_side"":""yes"",""ticker"":""KXETH15M-26APR272345-45"",""trade_id"":""6da9ad09-ae11-4beb-486e-9e2dd3b18947"",""yes_price_dollars"":""0.8900""}"
KXETH15M-26APR272345-45,5ed5c7e8-321b-5a8d-aa2d-4a4c6c00d87c,1777347253,0.9,47.0,yes,"{""count_fp"":""47.00"",""created_time"":""2026-04-28T03:34:13.126652Z"",""no_price_dollars"":""0.1000"",""taker_side"":""yes"",""ticker"":""KXETH15M-26APR272345-45"",""trade_id"":""5ed5c7e8-321b-5a8d-aa2d-4a4c6c00d87c"",""yes_price_dollars"":""0.9000""}"
KXETH15M-26APR272345-45,1e72605b-bc74-515e-8889-4c25e3ba0b2f,1777347253,0.9,1.0,yes,"{""count_fp"":""1.00"",""created_time"":""2026-04-28T03:34:13.126652Z"",""no_price_dollars"":""0.1000"",""taker_side"":""yes"",""ticker"":""KXETH15M-26APR272345-45"",""trade_id"":""1e72605b-bc74-515e-8889-4c25e3ba0b2f"",""yes_price_dollars"":""0.9000""}"
KXETH15M-26APR272345-45,ba280644-0d03-585a-e1a0-910ed0f6997e,1777347254,0.9,2.0,yes,"{""count_fp"":""2.00"",""created_time"":""2026-04-28T03:34:14.164604Z"",""no_price_dollars"":""0.1000"",""taker_side"":""yes"",""ticker"":""KXETH15M-26APR272345-45"",""trade_id"":""ba280644-0d03-585a-e1a0-910ed0f6997e"",""yes_price_dollars"":""0.9000""}"
KXETH15M-26APR272345-45,97831aef-5b5a-5e1f-cd19-692aaf86412e,1777347254,0.9,3.0,yes,"{""count_fp"":""3.00"",""created_time"":""2026-04-28T03:34:14.164604Z"",""no_price_dollars"":""0.1000"",""taker_side"":""yes"",""ticker"":""KXETH15M-26APR272345-45"",""trade_id"":""97831aef-5b5a-5e1f-cd19-692aaf86412e"",""yes_price_dollars"":""0.9000""}"
KXETH15M-26APR272345-45,802a49d0-ef9a-5f57-cbb1-9a2d80b5cb4a,1777347254,0.9,10.0,yes,"{""count_fp"":""10.00"",""created_time"":""2026-04-28T03:34:14.164604Z"",""no_price_dollars"":""0.1000"",""taker_side"":""yes"",""ticker"":""KXETH15M-26APR272345-45"",""trade_id"":""802a49d0-ef9a-5f57-cbb1-9a2d80b5cb4a"",""yes_price_dollars"":""0.9000""}"
KXETH15M-26APR272345-45,2763217b-b05f-50a5-c074-54d61f409870,1777347254,0.9,23.0,yes,"{""count_fp"":""23.00"",""created_time"":""2026-04-28T03:34:14.164604Z"",""no_price_dollars"":""0.1000"",""taker_side"":""yes"",""ticker"":""KXETH15M-26APR272345-45"",""trade_id"":""2763217b-b05f-50a5-c074-54d61f409870"",""yes_price_dollars"":""0.9000""}"
KXETH15M-26APR272345-45,f9547072-c0a0-5473-bc60-356e5ca9fc9f,1777347262,0.89,2.36,no,"{""count_fp"":""2.36"",""created_time"":""2026-04-28T03:34:22.981241Z"",""no_price_dollars"":""0.1100"",""taker_side"":""no"",""ticker"":""KXETH15M-26APR272345-45"",""trade_id"":""f9547072-c0a0-5473-bc60-356e5ca9fc9f"",""yes_price_dollars"":""0.8900""}"
KXETH15M-26APR272345-45,acf1bb31-c601-575f-b078-4023c19aa6da,1777347262,0.89,3.36,no,"{""count_fp"":""3.36"",""created_time"":""2026-04-28T03:34:22.981241Z"",""no_price_dollars"":""0.1100"",""taker_side"":""no"",""ticker"":""KXETH15M-26APR272345-45"",""trade_id"":""acf1bb31-c601-575f-b078-4023c19aa6da"",""yes_price_dollars"":""0.8900""}"
KXETH15M-26APR272345-45,a9cb23e6-6c9a-5ccf-9946-de322d531c83,1777347262,0.89,10.0,no,"{""count_fp"":""10.00"",""created_time"":""2026-04-28T03:34:22.981241Z"",""no_price_dollars"":""0.1100"",""taker_side"":""no"",""ticker"":""KXETH15M-26APR272345-45"",""trade_id"":""a9cb23e6-6c9a-5ccf-9946-de322d531c83"",""yes_price_dollars"":""0.8900""}"
KXETH15M-26APR272345-45,c8e1702d-5a35-7fa3-b812-af340c5966ee,1777347262,0.89,16.74,no,"{""count_fp"":""16.74"",""created_time"":""2026-04-28T03:34:22.939676Z"",""no_price_dollars"":""0.1100"",""taker_side"":""no"",""ticker"":""KXETH15M-26APR272345-45"",""trade_id"":""c8e1702d-5a35-7fa3-b812-af340c5966ee"",""yes_price_dollars"":""0.8900""}"
KXETH15M-26APR272345-45,3e1ec26a-1419-69cf-f31a-d315f5e937aa,1777347262,0.89,17.11,no,"{""count_fp"":""17.11"",""created_time"":""2026-04-28T03:34:22.803948Z"",""no_price_dollars"":""0.1100"",""taker_side"":""no"",""ticker"":""KXETH15M-26APR272345-45"",""trade_id"":""3e1ec26a-1419-69cf-f31a-d315f5e937aa"",""yes_price_dollars"":""0.8900""}"
KXETH15M-26APR272345-45,fdd12732-2201-4ca7-60ca-908b9777eb96,1777347262,0.89,62.79,no,"{""count_fp"":""62.79"",""created_time"":""2026-04-28T03:34:22.438142Z"",""no_price_dollars"":""0.1100"",""taker_side"":""no"",""ticker"":""KXETH15M-26APR272345-45"",""trade_id"":""fdd12732-2201-4ca7-60ca-908b9777eb96"",""yes_price_dollars"":""0.8900""}"
KXETH15M-26APR272345-45,a7d5c176-85ae-6f8b-e6d8-de9d8b9e153f,1777347262,0.89,8.1,no,"{""count_fp"":""8.10"",""created_time"":""2026-04-28T03:34:22.011235Z"",""no_price_dollars"":""0.1100"",""taker_side"":""no"",""ticker"":""KXETH15M-26APR272345-45"",""trade_id"":""a7d5c176-85ae-6f8b-e6d8-de9d8b9e153f"",""yes_price_dollars"":""0.8900""}"
KXETH15M-26APR272345-45,31dc1649-a43b-57ce-dfc4-a6394f9fb602,1777347263,0.9,1.0,yes,"{""count_fp"":""1.00"",""created_time"":""2026-04-28T03:34:23.291499Z"",""no_price_dollars"":""0.1000"",""taker_side"":""yes"",""ticker"":""KXETH15M-26APR272345-45"",""trade_id"":""31dc1649-a43b-57ce-dfc4-a6394f9fb602"",""yes_price_dollars"":""0.9000""}"
KXETH15M-26APR272345-45,86757b96-22d3-772e-f05c-896b0e401afe,1777347264,0.9,1.0,yes,"{""count_fp"":""1.00"",""created_time"":""2026-04-28T03:34:24.676033Z"",""no_price_dollars"":""0.1000"",""taker_side"":""yes"",""ticker"":""KXETH15M-26APR272345-45"",""trade_id"":""86757b96-22d3-772e-f05c-896b0e401afe"",""yes_price_dollars"":""0.9000""}"
KXETH15M-26APR272345-45,f6251ba1-2533-7982-09ae-49c2aa344eb5,1777347271,0.87,14.19,yes,"{""count_fp"":""14.19"",""created_time"":""2026-04-28T03:34:31.993682Z"",""no_price_dollars"":""0.1300"",""taker_side"":""yes"",""ticker"":""KXETH15M-26APR272345-45"",""trade_id"":""f6251ba1-2533-7982-09ae-49c2aa344eb5"",""yes_price_dollars"":""0.8700""}"
KXETH15M-26APR272345-45,01543b61-01c1-7029-17a2-423b6dcfd2a9,1777347271,0.87,10.81,yes,"{""count_fp"":""10.81"",""created_time"":""2026-04-28T03:34:31.993682Z"",""no_price_dollars"":""0.1300"",""taker_side"":""yes"",""ticker"":""KXETH15M-26APR272345-45"",""trade_id"":""01543b61-01c1-7029-17a2-423b6dcfd2a9"",""yes_price_dollars"":""0.8700""}"
KXETH15M-26APR272345-45,ad6f66d3-85f2-63d5-0939-a9df0055e1e2,1777347275,0.84,10.0,no,"{""count_fp"":""10.00"",""created_time"":""2026-04-28T03:34:35.897039Z"",""no_price_dollars"":""0.1600"",""taker_side"":""no"",""ticker"":""KXETH15M-26APR272345-45"",""trade_id"":""ad6f66d3-85f2-63d5-0939-a9df0055e1e2"",""yes_price_dollars"":""0.8400""}"
KXETH15M-26APR272345-45,9af4856f-001f-63ec-3e28-b17f22ed14b2,1777347275,0.83,56.43,no,"{""count_fp"":""56.43"",""created_time"":""2026-04-28T03:34:35.897039Z"",""no_price_dollars"":""0.1700"",""taker_side"":""no"",""ticker"":""KXETH15M-26APR272345-45"",""trade_id"":""9af4856f-001f-63ec-3e28-b17f22ed14b2"",""yes_price_dollars"":""0.8300""}"
KXETH15M-26APR272345-45,282e8651-d0e1-62ef-1ddc-9af47d43ce56,1777347275,0.84,11.0,no,"{""count_fp"":""11.00"",""created_time"":""2026-04-28T03:34:35.897039Z"",""no_price_dollars"":""0.1600"",""taker_side"":""no"",""ticker"":""KXETH15M-26APR272345-45"",""trade_id"":""282e8651-d0e1-62ef-1ddc-9af47d43ce56"",""yes_price_dollars"":""0.8400""}"
KXETH15M-26APR272345-45,20611124-9e72-6da6-2fcc-68486150701c,1777347275,0.84,1.0,no,"{""count_fp"":""1.00"",""created_time"":""2026-04-28T03:34:35.897039Z"",""no_price_dollars"":""0.1600"",""taker_side"":""no"",""ticker"":""KXETH15M-26APR272345-45"",""trade_id"":""20611124-9e72-6da6-2fcc-68486150701c"",""yes_price_dollars"":""0.8400""}"
KXETH15M-26APR272345-45,038d3ffa-4dc9-6d29-3c8f-bcf24d5cf5f5,1777347275,0.84,6.0,no,"{""count_fp"":""6.00"",""created_time"":""2026-04-28T03:34:35.897039Z"",""no_price_dollars"":""0.1600"",""taker_side"":""no"",""ticker"":""KXETH15M-26APR272345-45"",""trade_id"":""038d3ffa-4dc9-6d29-3c8f-bcf24d5cf5f5"",""yes_price_dollars"":""0.8400""}"
KXETH15M-26APR272345-45,8bf6ab55-8c53-5592-439c-1b0137be53cd,1777347278,0.87,6.0,yes,"{""count_fp"":""6.00"",""created_time"":""2026-04-28T03:34:38.513135Z"",""no_price_dollars"":""0.1300"",""taker_side"":""yes"",""ticker"":""KXETH15M-26APR272345-45"",""trade_id"":""8bf6ab55-8c53-5592-439c-1b0137be53cd"",""yes_price_dollars"":""0.8700""}"
KXETH15M-26APR272345-45,2b6a2088-b2d7-650a-d80c-732a1545d995,1777347278,0.87,1.0,yes,"{""count_fp"":""1.00"",""created_time"":""2026-04-28T03:34:38.481052Z"",""no_price_dollars"":""0.1300"",""taker_side"":""yes"",""ticker"":""KXETH15M-26APR272345-45"",""trade_id"":""2b6a2088-b2d7-650a-d80c-732a1545d995"",""yes_price_dollars"":""0.8700""}"
KXETH15M-26APR272345-45,85aada4c-32c3-7850-f49d-333cb97aa074,1777347286,0.89,10.0,yes,"{""count_fp"":""10.00"",""created_time"":""2026-04-28T03:34:46.476444Z"",""no_price_dollars"":""0.1100"",""taker_side"":""yes"",""ticker"":""KXETH15M-26APR272345-45"",""trade_id"":""85aada4c-32c3-7850-f49d-333cb97aa074"",""yes_price_dollars"":""0.8900""}"
KXETH15M-26APR272345-45,547274a8-cad4-6b6e-7afd-18029acd7dfa,1777347286,0.86,10.0,no,"{""count_fp"":""10.00"",""created_time"":""2026-04-28T03:34:46.454399Z"",""no_price_dollars"":""0.1400"",""taker_side"":""no"",""ticker"":""KXETH15M-26APR272345-45"",""trade_id"":""547274a8-cad4-6b6e-7afd-18029acd7dfa"",""yes_price_dollars"":""0.8600""}"
KXETH15M-26APR272345-45,50ab81b3-522f-6620-44b5-1c574a48c5da,1777347286,0.85,100.0,no,"{""count_fp"":""100.00"",""created_time"":""2026-04-28T03:34:46.454399Z"",""no_price_dollars"":""0.1500"",""taker_side"":""no"",""ticker"":""KXETH15M-26APR272345-45"",""trade_id"":""50ab81b3-522f-6620-44b5-1c574a48c5da"",""yes_price_dollars"":""0.8500""}"
KXETH15M-26APR272345-45,1239caf6-9180-666b-544d-84b1b61ac847,1777347286,0.84,56.72,no,"{""count_fp"":""56.72"",""created_time"":""2026-04-28T03:34:46.454399Z"",""no_price_dollars"":""0.1600"",""taker_side"":""no"",""ticker"":""KXETH15M-26APR272345-45"",""trade_id"":""1239caf6-9180-666b-544d-84b1b61ac847"",""yes_price_dollars"":""0.8400""}"
KXETH15M-26APR272345-45,3e1e709e-adff-62e6-8ac0-78170864f90d,1777347291,0.89,0.55,yes,"{""count_fp"":""0.55"",""created_time"":""2026-04-28T03:34:51.755957Z"",""no_price_dollars"":""0.1100"",""taker_side"":""yes"",""ticker"":""KXETH15M-26APR272345-45"",""trade_id"":""3e1e709e-adff-62e6-8ac0-78170864f90d"",""yes_price_dollars"":""0.8900""}"
KXETH15M-26APR272345-45,e4374252-ad2b-5fce-44c6-19498ce1cd25,1777347295,0.89,1.0,yes,"{""count_fp"":""1.00"",""created_time"":""2026-04-28T03:34:55.061366Z"",""no_price_dollars"":""0.1100"",""taker_side"":""yes"",""ticker"":""KXETH15M-26APR272345-45"",""trade_id"":""e4374252-ad2b-5fce-44c6-19498ce1cd25"",""yes_price_dollars"":""0.8900""}"
KXETH15M-26APR272345-45,b235384c-1d4f-5c7e-22a9-d251bdc1fe65,1777347296,0.89,21.16,yes,"{""count_fp"":""21.16"",""created_time"":""2026-04-28T03:34:56.702409Z"",""no_price_dollars"":""0.1100"",""taker_side"":""yes"",""ticker"":""KXETH15M-26APR272345-45"",""trade_id"":""b235384c-1d4f-5c7e-22a9-d251bdc1fe65"",""yes_price_dollars"":""0.8900""}"
KXETH15M-26APR272345-45,2d48fac6-fd4f-710a-a150-ace4c806dd71,1777347296,0.89,1.0,yes,"{""count_fp"":""1.00"",""created_time"":""2026-04-28T03:34:56.148316Z"",""no_price_dollars"":""0.1100"",""taker_side"":""yes"",""ticker"":""KXETH15M-26APR272345-45"",""trade_id"":""2d48fac6-fd4f-710a-a150-ace4c806dd71"",""yes_price_dollars"":""0.8900""}"
KXETH15M-26APR272345-45,14c35c0f-80bf-47b2-6f0b-383c20df555b,1777347299,0.86,6.73,no,"{""count_fp"":""6.73"",""created_time"":""2026-04-28T03:34:59.440053Z"",""no_price_dollars"":""0.1400"",""taker_side"":""no"",""ticker"":""KXETH15M-26APR272345-45"",""trade_id"":""14c35c0f-80bf-47b2-6f0b-383c20df555b"",""yes_price_dollars"":""0.8600""}"
KXETH15M-26APR272345-45,072cd3df-249b-4dd2-6860-7506f1ef8f55,1777347300,0.89,10.0,yes,"{""count_fp"":""10.00"",""created_time"":""2026-04-28T03:35:00.722568Z"",""no_price_dollars"":""0.1100"",""taker_side"":""yes"",""ticker"":""KXETH15M-26APR272345-45"",""trade_id"":""072cd3df-249b-4dd2-6860-7506f1ef8f55"",""yes_price_dollars"":""0.8900""}"
KXETH15M-26APR272345-45,3e924917-1547-471e-4499-356fa5a9ef85,1777347301,0.89,10.0,yes,"{""count_fp"":""10.00"",""created_time"":""2026-04-28T03:35:01.877889Z"",""no_price_dollars"":""0.1100"",""taker_side"":""yes"",""ticker"":""KXETH15M-26APR272345-45"",""trade_id"":""3e924917-1547-471e-4499-356fa5a9ef85"",""yes_price_dollars"":""0.8900""}"
KXETH15M-26APR272345-45,f706d2e4-2857-6fa6-6203-1d4021fc88a5,1777347301,0.89,10.0,yes,"{""count_fp"":""10.00"",""created_time"":""2026-04-28T03:35:01.297043Z"",""no_price_dollars"":""0.1100"",""taker_side"":""yes"",""ticker"":""KXETH15M-26APR272345-45"",""trade_id"":""f706d2e4-2857-6fa6-6203-1d4021fc88a5"",""yes_price_dollars"":""0.8900""}"
KXETH15M-26APR272345-45,cf6cbe2b-f223-7cfe-51e6-d0725a98e96d,1777347301,0.89,63.0,yes,"{""count_fp"":""63.00"",""created_time"":""2026-04-28T03:35:01.090012Z"",""no_price_dollars"":""0.1100"",""taker_side"":""yes"",""ticker"":""KXETH15M-26APR272345-45"",""trade_id"":""cf6cbe2b-f223-7cfe-51e6-d0725a98e96d"",""yes_price_dollars"":""0.8900""}"
KXETH15M-26APR272345-45,030ff5b3-ba7e-5fb2-eafc-103ae578f3cc,1777347309,0.87,7.25,no,"{""count_fp"":""7.25"",""created_time"":""2026-04-28T03:35:09.144095Z"",""no_price_dollars"":""0.1300"",""taker_side"":""no"",""ticker"":""KXETH15M-26APR272345-45"",""trade_id"":""030ff5b3-ba7e-5fb2-eafc-103ae578f3cc"",""yes_price_dollars"":""0.8700""}"
KXETH15M-26APR272345-45,baa4936c-a1cc-7bfd-f87d-16737e657684,1777347312,0.91,1.0,yes,"{""count_fp"":""1.00"",""created_time"":""2026-04-28T03:35:12.119912Z"",""no_price_dollars"":""0.0900"",""taker_side"":""yes"",""ticker"":""KXETH15M-26APR272345-45"",""trade_id"":""baa4936c-a1cc-7bfd-f87d-16737e657684"",""yes_price_dollars"":""0.9100""}"
KXETH15M-26APR272345-45,8504e593-857e-7891-cd2f-dfb1e6355f64,1777347312,0.91,4.0,yes,"{""count_fp"":""4.00"",""created_time"":""2026-04-28T03:35:12.119912Z"",""no_price_dollars"":""0.0900"",""taker_side"":""yes"",""ticker"":""KXETH15M-26APR272345-45"",""trade_id"":""8504e593-857e-7891-cd2f-dfb1e6355f64"",""yes_price_dollars"":""0.9100""}"
KXETH15M-26APR272345-45,7c6eb6c9-d999-73a2-ee85-45d90338734f,1777347312,0.92,6.0,yes,"{""count_fp"":""6.00"",""created_time"":""2026-04-28T03:35:12.119912Z"",""no_price_dollars"":""0.0800"",""taker_side"":""yes"",""ticker"":""KXETH15M-26APR272345-45"",""trade_id"":""7c6eb6c9-d999-73a2-ee85-45d90338734f"",""yes_price_dollars"":""0.9200""}"
KXETH15M-26APR272345-45,7480aeb9-e82c-709f-de41-61999ed390ac,1777347312,0.9,1.0,yes,"{""count_fp"":""1.00"",""created_time"":""2026-04-28T03:35:12.119912Z"",""no_price_dollars"":""0.1000"",""taker_side"":""yes"",""ticker"":""KXETH15M-26APR272345-45"",""trade_id"":""7480aeb9-e82c-709f-de41-61999ed390ac"",""yes_price_dollars"":""0.9000""}"
KXETH15M-26APR272345-45,680defaa-a0b4-72b7-f049-8f692a14b65a,1777347312,0.9,15.0,yes,"{""count_fp"":""15.00"",""created_time"":""2026-04-28T03:35:12.119912Z"",""no_price_dollars"":""0.1000"",""taker_side"":""yes"",""ticker"":""KXETH15M-26APR272345-45"",""trade_id"":""680defaa-a0b4-72b7-f049-8f692a14b65a"",""yes_price_dollars"":""0.9000""}"
KXETH15M-26APR272345-45,5ae094f8-b823-7d12-e7e6-17f256deecd5,1777347312,0.92,20.0,yes,"{""count_fp"":""20.00"",""created_time"":""2026-04-28T03:35:12.119912Z"",""no_price_dollars"":""0.0800"",""taker_side"":""yes"",""ticker"":""KXETH15M-26APR272345-45"",""trade_id"":""5ae094f8-b823-7d12-e7e6-17f256deecd5"",""yes_price_dollars"":""0.9200""}"
KXETH15M-26APR272345-45,52bb77a0-208b-71f5-ebd8-96daedc4da0b,1777347312,0.9,1.0,yes,"{""count_fp"":""1.00"",""created_time"":""2026-04-28T03:35:12.119912Z"",""no_price_dollars"":""0.1000"",""taker_side"":""yes"",""ticker"":""KXETH15M-26APR272345-45"",""trade_id"":""52bb77a0-208b-71f5-ebd8-96daedc4da0b"",""yes_price_dollars"":""0.9000""}"
KXETH15M-26APR272345-45,4c985d0d-e4a9-7457-d55d-39602a917e26,1777347312,0.92,3.0,yes,"{""count_fp"":""3.00"",""created_time"":""2026-04-28T03:35:12.119912Z"",""no_price_dollars"":""0.0800"",""taker_side"":""yes"",""ticker"":""KXETH15M-26APR272345-45"",""trade_id"":""4c985d0d-e4a9-7457-d55d-39602a917e26"",""yes_price_dollars"":""0.9200""}"
KXETH15M-26APR272345-45,46e1e4c4-b17b-7043-e859-51b4e7246b61,1777347312,0.919,1.0,yes,"{""count_fp"":""1.00"",""created_time"":""2026-04-28T03:35:12.119912Z"",""no_price_dollars"":""0.0810"",""taker_side"":""yes"",""ticker"":""KXETH15M-26APR272345-45"",""trade_id"":""46e1e4c4-b17b-7043-e859-51b4e7246b61"",""yes_price_dollars"":""0.9190""}"
KXETH15M-26APR272345-45,2c457cc2-fbf4-7caf-ccd7-09eca4bcc294,1777347312,0.91,3.0,yes,"{""count_fp"":""3.00"",""created_time"":""2026-04-28T03:35:12.119912Z"",""no_price_dollars"":""0.0900"",""taker_side"":""yes"",""ticker"":""KXETH15M-26APR272345-45"",""trade_id"":""2c457cc2-fbf4-7caf-ccd7-09eca4bcc294"",""yes_price_dollars"":""0.9100""}"
KXETH15M-26APR272345-45,17977bc5-2f8d-7fad-cc3d-bc8a43b89768,1777347312,0.92,1.0,yes,"{""count_fp"":""1.00"",""created_time"":""2026-04-28T03:35:12.119912Z"",""no_price_dollars"":""0.0800"",""taker_side"":""yes"",""ticker"":""KXETH15M-26APR272345-45"",""trade_id"":""17977bc5-2f8d-7fad-cc3d-bc8a43b89768"",""yes_price_dollars"":""0.9200""}"
KXETH15M-26APR272345-45,e4d3a84e-ccf6-6c68-9095-aa7e8bdfcce5,1777347317,0.88,10.0,no,"{""count_fp"":""10.00"",""created_time"":""2026-04-28T03:35:17.253698Z"",""no_price_dollars"":""0.1200"",""taker_side"":""no"",""ticker"":""KXETH15M-26APR272345-45"",""trade_id"":""e4d3a84e-ccf6-6c68-9095-aa7e8bdfcce5"",""yes_price_dollars"":""0.8800""}"
KXETH15M-26APR272345-45,04626dff-73fa-691f-88d0-1883202e0d9c,1777347317,0.88,61.35,no,"{""count_fp"":""61.35"",""created_time"":""2026-04-28T03:35:17.253698Z"",""no_price_dollars"":""0.1200"",""taker_side"":""no"",""ticker"":""KXETH15M-26APR272345-45"",""trade_id"":""04626dff-73fa-691f-88d0-1883202e0d9c"",""yes_price_dollars"":""0.8800""}"
KXETH15M-26APR272345-45,e50f1859-4047-72de-0aeb-5642d11bdc21,1777347317,0.91,40.0,yes,"{""count_fp"":""40.00"",""created_time"":""2026-04-28T03:35:17.183617Z"",""no_price_dollars"":""0.0900"",""taker_side"":""yes"",""ticker"":""KXETH15M-26APR272345-45"",""trade_id"":""e50f1859-4047-72de-0aeb-5642d11bdc21"",""yes_price_dollars"":""0.9100""}"
KXETH15M-26APR272345-45,d45f563e-a4c6-67e7-f292-fc649cd6c83c,1777347319,0.88,20.0,no,"{""count_fp"":""20.00"",""created_time"":""2026-04-28T03:35:19.541894Z"",""no_price_dollars"":""0.1200"",""taker_side"":""no"",""ticker"":""KXETH15M-26APR272345-45"",""trade_id"":""d45f563e-a4c6-67e7-f292-fc649cd6c83c"",""yes_price_dollars"":""0.8800""}"
KXETH15M-26APR272345-45,92d6d882-7560-4963-87dd-575b6f33091b,1777347323,0.87,0.92,no,"{""count_fp"":""0.92"",""created_time"":""2026-04-28T03:35:23.955868Z"",""no_price_dollars"":""0.1300"",""taker_side"":""no"",""ticker"":""KXETH15M-26APR272345-45"",""trade_id"":""92d6d882-7560-4963-87dd-575b6f33091b"",""yes_price_dollars"":""0.8700""}"
KXETH15M-26APR272345-45,58078277-4fd5-46f7-9576-a4b34ef8ce17,1777347323,0.87,3.13,no,"{""count_fp"":""3.13"",""created_time"":""2026-04-28T03:35:23.955868Z"",""no_price_dollars"":""0.1300"",""taker_side"":""no"",""ticker"":""KXETH15M-26APR272345-45"",""trade_id"":""58078277-4fd5-46f7-9576-a4b34ef8ce17"",""yes_price_dollars"":""0.8700""}"
KXETH15M-26APR272345-45,21ed64d2-ecca-58fb-d65d-39bf62816244,1777347323,0.88,99.77,no,"{""count_fp"":""99.77"",""created_time"":""2026-04-28T03:35:23.178236Z"",""no_price_dollars"":""0.1200"",""taker_side"":""no"",""ticker"":""KXETH15M-26APR272345-45"",""trade_id"":""21ed64d2-ecca-58fb-d65d-39bf62816244"",""yes_price_dollars"":""0.8800""}"
KXETH15M-26APR272345-45,1e09b168-936d-582d-f73a-cedbd7077414,1777347323,0.88,10.0,no,"{""count_fp"":""10.00"",""created_time"":""2026-04-28T03:35:23.178236Z"",""no_price_dollars"":""0.1200"",""taker_side"":""no"",""ticker"":""KXETH15M-26APR272345-45"",""trade_id"":""1e09b168-936d-582d-f73a-cedbd7077414"",""yes_price_dollars"":""0.8800""}"
KXETH15M-26APR272345-45,9ea09bf4-1a74-602e-2eb7-fed5853936d8,1777347325,0.87,14.24,no,"{""count_fp"":""14.24"",""created_time"":""2026-04-28T03:35:25.633312Z"",""no_price_dollars"":""0.1300"",""taker_side"":""no"",""ticker"":""KXETH15M-26APR272345-45"",""trade_id"":""9ea09bf4-1a74-602e-2eb7-fed5853936d8"",""yes_price_dollars"":""0.8700""}"
KXETH15M-26APR272345-45,eb540359-9dde-6397-dfd4-90e6f154095f,1777347327,0.87,3.35,no,"{""count_fp"":""3.35"",""created_time"":""2026-04-28T03:35:27.242753Z"",""no_price_dollars"":""0.1300"",""taker_side"":""no"",""ticker"":""KXETH15M-26APR272345-45"",""trade_id"":""eb540359-9dde-6397-dfd4-90e6f154095f"",""yes_price_dollars"":""0.8700""}"
KXETH15M-26APR272345-45,5964acbb-f46f-6d5a-4834-4ef64075ad8b,1777347329,0.86,15.36,no,"{""count_fp"":""15.36"",""created_time"":""2026-04-28T03:35:29.081718Z"",""no_price_dollars"":""0.1400"",""taker_side"":""no"",""ticker"":""KXETH15M-26APR272345-45"",""trade_id"":""5964acbb-f46f-6d5a-4834-4ef64075ad8b"",""yes_price_dollars"":""0.8600""}"
KXETH15M-26APR272345-45,3fde316d-765c-68ca-44dd-e0dc11a55517,1777347329,0.86,4.64,no,"{""count_fp"":""4.64"",""created_time"":""2026-04-28T03:35:29.081718Z"",""no_price_dollars"":""0.1400"",""taker_side"":""no"",""ticker"":""KXETH15M-26APR272345-45"",""trade_id"":""3fde316d-765c-68ca-44dd-e0dc11a55517"",""yes_price_dollars"":""0.8600""}"
KXETH15M-26APR272345-45,3040419e-10c2-421d-7c42-ba326d229c78,1777347330,0.89,1.0,yes,"{""count_fp"":""1.00"",""created_time"":""2026-04-28T03:35:30.529801Z"",""no_price_dollars"":""0.1100"",""taker_side"":""yes"",""ticker"":""KXETH15M-26APR272345-45"",""trade_id"":""3040419e-10c2-421d-7c42-ba326d229c78"",""yes_price_dollars"":""0.8900""}"
KXETH15M-26APR272345-45,0dd16b41-6fbd-44bb-ae3c-4dac422bc51c,1777347339,0.86,91.69,no,"{""count_fp"":""91.69"",""created_time"":""2026-04-28T03:35:39.987866Z"",""no_price_dollars"":""0.1400"",""taker_side"":""no"",""ticker"":""KXETH15M-26APR272345-45"",""trade_id"":""0dd16b41-6fbd-44bb-ae3c-4dac422bc51c"",""yes_price_dollars"":""0.8600""}"
KXETH15M-26APR272345-45,0bddd9b1-8e30-4a36-9e11-e218e7721db7,1777347339,0.86,9.36,no,"{""count_fp"":""9.36"",""created_time"":""2026-04-28T03:35:39.987866Z"",""no_price_dollars"":""0.1400"",""taker_side"":""no"",""ticker"":""KXETH15M-26APR272345-45"",""trade_id"":""0bddd9b1-8e30-4a36-9e11-e218e7721db7"",""yes_price_dollars"":""0.8600""}"
KXETH15M-26APR272345-45,ec02d9ed-e880-48be-d51e-91aab91b18d8,1777347343,0.85,4.0,no,"{""count_fp"":""4.00"",""created_time"":""2026-04-28T03:35:43.752669Z"",""no_price_dollars"":""0.1500"",""taker_side"":""no"",""ticker"":""KXETH15M-26APR272345-45"",""trade_id"":""ec02d9ed-e880-48be-d51e-91aab91b18d8"",""yes_price_dollars"":""0.8500""}"
KXETH15M-26APR272345-45,dfd7125d-3ae8-671a-e937-e46f8c30ff00,1777347345,0.85,18.87,no,"{""count_fp"":""18.87"",""created_time"":""2026-04-28T03:35:45.952979Z"",""no_price_dollars"":""0.1500"",""taker_side"":""no"",""ticker"":""KXETH15M-26APR272345-45"",""trade_id"":""dfd7125d-3ae8-671a-e937-e46f8c30ff00"",""yes_price_dollars"":""0.8500""}"
KXETH15M-26APR272345-45,6bf665e0-1a54-4be2-9db2-b5cc5cb1cd58,1777347347,0.85,31.46,no,"{""count_fp"":""31.46"",""created_time"":""2026-04-28T03:35:47.634837Z"",""no_price_dollars"":""0.1500"",""taker_side"":""no"",""ticker"":""KXETH15M-26APR272345-45"",""trade_id"":""6bf665e0-1a54-4be2-9db2-b5cc5cb1cd58"",""yes_price_dollars"":""0.8500""}"
KXETH15M-26APR272345-45,29b57f17-792c-7762-ebb6-9dfc5c4574dc,1777347348,0.85,18.87,no,"{""count_fp"":""18.87"",""created_time"":""2026-04-28T03:35:48.296504Z"",""no_price_dollars"":""0.1500"",""taker_side"":""no"",""ticker"":""KXETH15M-26APR272345-45"",""trade_id"":""29b57f17-792c-7762-ebb6-9dfc5c4574dc"",""yes_price_dollars"":""0.8500""}"
KXETH15M-26APR272345-45,fd1a8b0e-f4dc-4396-da13-67e2218b5ebc,1777347356,0.85,12.58,no,"{""count_fp"":""12.58"",""created_time"":""2026-04-28T03:35:56.743809Z"",""no_price_dollars"":""0.1500"",""taker_side"":""no"",""ticker"":""KXETH15M-26APR272345-45"",""trade_id"":""fd1a8b0e-f4dc-4396-da13-67e2218b5ebc"",""yes_price_dollars"":""0.8500""}"
KXETH15M-26APR272345-45,cf06d350-ba55-60cb-e360-4ff2931618b9,1777347360,0.89,10.0,yes,"{""count_fp"":""10.00"",""created_time"":""2026-04-28T03:36:00.098916Z"",""no_price_dollars"":""0.1100"",""taker_side"":""yes"",""ticker"":""KXETH15M-26APR272345-45"",""trade_id"":""cf06d350-ba55-60cb-e360-4ff2931618b9"",""yes_price_dollars"":""0.8900""}"
KXETH15M-26APR272345-45,50ea7e54-a73f-682e-cb3b-93582b39af8d,1777347360,0.89,87.0,yes,"{""count_fp"":""87.00"",""created_time"":""2026-04-28T03:36:00.098916Z"",""no_price_dollars"":""0.1100"",""taker_side"":""yes"",""ticker"":""KXETH15M-26APR272345-45"",""trade_id"":""50ea7e54-a73f-682e-cb3b-93582b39af8d"",""yes_price_dollars"":""0.8900""}"
KXETH15M-26APR272345-45,75058351-54e1-5094-799b-74a468b0c29a,1777347361,0.86,6.73,no,"{""count_fp"":""6.73"",""created_time"":""2026-04-28T03:36:01.746804Z"",""no_price_dollars"":""0.1400"",""taker_side"":""no"",""ticker"":""KXETH15M-26APR272345-45"",""trade_id"":""75058351-54e1-5094-799b-74a468b0c29a"",""yes_price_dollars"":""0.8600""}"
KXETH15M-26APR272345-45,35fc506c-7c83-4a86-ca80-898d9747ca35,1777347361,0.89,86.0,yes,"{""count_fp"":""86.00"",""created_time"":""2026-04-28T03:36:01.134984Z"",""no_price_dollars"":""0.1100"",""taker_side"":""yes"",""ticker"":""KXETH15M-26APR272345-45"",""trade_id"":""35fc506c-7c83-4a86-ca80-898d9747ca35"",""yes_price_dollars"":""0.8900""}"
KXETH15M-26APR272345-45,0eb99dc4-2eb7-7216-5d31-fc2cb9d1f501,1777347363,0.89,74.0,yes,"{""count_fp"":""74.00"",""created_time"":""2026-04-28T03:36:03.098746Z"",""no_price_dollars"":""0.1100"",""taker_side"":""yes"",""ticker"":""KXETH15M-26APR272345-45"",""trade_id"":""0eb99dc4-2eb7-7216-5d31-fc2cb9d1f501"",""yes_price_dollars"":""0.8900""}"
KXETH15M-26APR272345-45,6e80b61b-4197-7378-1d2d-c3ed61e63bdd,1777347366,0.86,3.35,no,"{""count_fp"":""3.35"",""created_time"":""2026-04-28T03:36:06.174512Z"",""no_price_dollars"":""0.1400"",""taker_side"":""no"",""ticker"":""KXETH15M-26APR272345-45"",""trade_id"":""6e80b61b-4197-7378-1d2d-c3ed61e63bdd"",""yes_price_dollars"":""0.8600""}"
KXETH15M-26APR272345-45,a94b2b68-de49-7b25-57b6-ae058fbbea46,1777347369,0.88,10.0,yes,"{""count_fp"":""10.00"",""created_time"":""2026-04-28T03:36:09.135205Z"",""no_price_dollars"":""0.1200"",""taker_side"":""yes"",""ticker"":""KXETH15M-26APR272345-45"",""trade_id"":""a94b2b68-de49-7b25-57b6-ae058fbbea46"",""yes_price_dollars"":""0.8800""}"
KXETH15M-26APR272345-45,a806f2c0-64e4-7008-46f3-c61c02f4359a,1777347369,0.91,1.0,yes,"{""count_fp"":""1.00"",""created_time"":""2026-04-28T03:36:09.135205Z"",""no_price_dollars"":""0.0900"",""taker_side"":""yes"",""ticker"":""KXETH15M-26APR272345-45"",""trade_id"":""a806f2c0-64e4-7008-46f3-c61c02f4359a"",""yes_price_dollars"":""0.9100""}"
KXETH15M-26APR272345-45,9f5a962a-2543-7dca-4c22-abaa089d1e6d,1777347369,0.92,50.0,yes,"{""count_fp"":""50.00"",""created_time"":""2026-04-28T03:36:09.135205Z"",""no_price_dollars"":""0.0800"",""taker_side"":""yes"",""ticker"":""KXETH15M-26APR272345-45"",""trade_id"":""9f5a962a-2543-7dca-4c22-abaa089d1e6d"",""yes_price_dollars"":""0.9200""}"
KXETH15M-26APR272345-45,8e16c5bb-733d-7076-6546-dab68655e50e,1777347369,0.87,7.0,yes,"{""count_fp"":""7.00"",""created_time"":""2026-04-28T03:36:09.135205Z"",""no_price_dollars"":""0.1300"",""taker_side"":""yes"",""ticker"":""KXETH15M-26APR272345-45"",""trade_id"":""8e16c5bb-733d-7076-6546-dab68655e50e"",""yes_price_dollars"":""0.8700""}"
KXETH15M-26APR272345-45,75ad95b3-92e9-7a81-521a-fd4659f1836e,1777347369,0.9,1.0,yes,"{""count_fp"":""1.00"",""created_time"":""2026-04-28T03:36:09.135205Z"",""no_price_dollars"":""0.1000"",""taker_side"":""yes"",""ticker"":""KXETH15M-26APR272345-45"",""trade_id"":""75ad95b3-92e9-7a81-521a-fd4659f1836e"",""yes_price_dollars"":""0.9000""}"
KXETH15M-26APR272345-45,4b718c3d-40b6-7a4f-79a1-cb014999e886,1777347369,0.91,10.0,yes,"{""count_fp"":""10.00"",""created_time"":""2026-04-28T03:36:09.135205Z"",""no_price_dollars"":""0.0900"",""taker_side"":""yes"",""ticker"":""KXETH15M-26APR272345-45"",""trade_id"":""4b718c3d-40b6-7a4f-79a1-cb014999e886"",""yes_price_dollars"":""0.9100""}"
KXETH15M-26APR272345-45,11d7383a-f58b-5222-360b-a798c0625c85,1777347382,0.92,2.15,yes,"{""count_fp"":""2.15"",""created_time"":""2026-04-28T03:36:22.710172Z"",""no_price_dollars"":""0.0800"",""taker_side"":""yes"",""ticker"":""KXETH15M-26APR272345-45"",""trade_id"":""11d7383a-f58b-5222-360b-a798c0625c85"",""yes_price_dollars"":""0.9200""}"
KXETH15M-26APR272345-45,69375dda-d028-7551-5cc7-c5117adba7e2,1777347382,0.919,4.63,yes,"{""count_fp"":""4.63"",""created_time"":""2026-04-28T03:36:22.234889Z"",""no_price_dollars"":""0.0810"",""taker_side"":""yes"",""ticker"":""KXETH15M-26APR272345-45"",""trade_id"":""69375dda-d028-7551-5cc7-c5117adba7e2"",""yes_price_dollars"":""0.9190""}"
KXETH15M-26APR272345-45,4eacbb60-b0ef-6be2-4ec5-4cb2aca9ffc1,1777347384,0.92,10.59,yes,"{""count_fp"":""10.59"",""created_time"":""2026-04-28T03:36:24.136581Z"",""no_price_dollars"":""0.0800"",""taker_side"":""yes"",""ticker"":""KXETH15M-26APR272345-45"",""trade_id"":""4eacbb60-b0ef-6be2-4ec5-4cb2aca9ffc1"",""yes_price_dollars"":""0.9200""}"
KXETH15M-26APR272345-45,84879ac0-d7e7-53dc-4662-79131015acd5,1777347386,0.88,10.0,no,"{""count_fp"":""10.00"",""created_time"":""2026-04-28T03:36:26.047052Z"",""no_price_dollars"":""0.1200"",""taker_side"":""no"",""ticker"":""KXETH15M-26APR272345-45"",""trade_id"":""84879ac0-d7e7-53dc-4662-79131015acd5"",""yes_price_dollars"":""0.8800""}"
KXETH15M-26APR272345-45,65669e8b-f7c9-536f-4a36-6093a3aec6d0,1777347386,0.88,100.0,no,"{""count_fp"":""100.00"",""created_time"":""2026-04-28T03:36:26.047052Z"",""no_price_dollars"":""0.1200"",""taker_side"":""no"",""ticker"":""KXETH15M-26APR272345-45"",""trade_id"":""65669e8b-f7c9-536f-4a36-6093a3aec6d0"",""yes_price_dollars"":""0.8800""}"
KXETH15M-26APR272345-45,4b0e5eb9-f3f4-5b89-77ad-fea171f72680,1777347386,0.86,27.99,no,"{""count_fp"":""27.99"",""created_time"":""2026-04-28T03:36:26.047052Z"",""no_price_dollars"":""0.1400"",""taker_side"":""no"",""ticker"":""KXETH15M-26APR272345-45"",""trade_id"":""4b0e5eb9-f3f4-5b89-77ad-fea171f72680"",""yes_price_dollars"":""0.8600""}"
KXETH15M-26APR272345-45,21ba2f1f-8f38-5066-79f5-9cc9f62da655,1777347386,0.86,3.0,no,"{""count_fp"":""3.00"",""created_time"":""2026-04-28T03:36:26.047052Z"",""no_price_dollars"":""0.1400"",""taker_side"":""no"",""ticker"":""KXETH15M-26APR272345-45"",""trade_id"":""21ba2f1f-8f38-5066-79f5-9cc9f62da655"",""yes_price_dollars"":""0.8600""}"
KXETH15M-26APR272345-45,0c02b303-023b-512f-4bd3-f11cec716d69,1777347386,0.87,10.0,no,"{""count_fp"":""10.00"",""created_time"":""2026-04-28T03:36:26.047052Z"",""no_price_dollars"":""0.1300"",""taker_side"":""no"",""ticker"":""KXETH15M-26APR272345-45"",""trade_id"":""0c02b303-023b-512f-4bd3-f11cec716d69"",""yes_price_dollars"":""0.8700""}"
KXETH15M-26APR272345-45,ae2af95a-e1e7-6233-5c51-9b9b5406c116,1777347391,0.87,10.0,no,"{""count_fp"":""10.00"",""created_time"":""2026-04-28T03:36:31.809022Z"",""no_price_dollars"":""0.1300"",""taker_side"":""no"",""ticker"":""KXETH15M-26APR272345-45"",""trade_id"":""ae2af95a-e1e7-6233-5c51-9b9b5406c116"",""yes_price_dollars"":""0.8700""}"
KXETH15M-26APR272345-45,935da7e5-d0f8-6b05-5477-dc89a2caf5f5,1777347391,0.87,62.5,no,"{""count_fp"":""62.50"",""created_time"":""2026-04-28T03:36:31.809022Z"",""no_price_dollars"":""0.1300"",""taker_side"":""no"",""ticker"":""KXETH15M-26APR272345-45"",""trade_id"":""935da7e5-d0f8-6b05-5477-dc89a2caf5f5"",""yes_price_dollars"":""0.8700""}"
KXETH15M-26APR272345-45,3be62783-2c20-73b1-dae9-84d2b4fc68b5,1777347392,0.87,7.25,no,"{""count_fp"":""7.25"",""created_time"":""2026-04-28T03:36:32.492878Z"",""no_price_dollars"":""0.1300"",""taker_side"":""no"",""ticker"":""KXETH15M-26APR272345-45"",""trade_id"":""3be62783-2c20-73b1-dae9-84d2b4fc68b5"",""yes_price_dollars"":""0.8700""}"
KXETH15M-26APR272345-45,f04ee157-be18-64b5-ada3-cd0841900371,1777347392,0.87,7.25,no,"{""count_fp"":""7.25"",""created_time"":""2026-04-28T03:36:32.102924Z"",""no_price_dollars"":""0.1300"",""taker_side"":""no"",""ticker"":""KXETH15M-26APR272345-45"",""trade_id"":""f04ee157-be18-64b5-ada3-cd0841900371"",""yes_price_dollars"":""0.8700""}"
KXETH15M-26APR272345-45,64bee2b1-dea2-78b4-3556-c079c92dca36,1777347402,0.87,10.0,no,"{""count_fp"":""10.00"",""created_time"":""2026-04-28T03:36:42.377372Z"",""no_price_dollars"":""0.1300"",""taker_side"":""no"",""ticker"":""KXETH15M-26APR272345-45"",""trade_id"":""64bee2b1-dea2-78b4-3556-c079c92dca36"",""yes_price_dollars"":""0.8700""}"
KXETH15M-26APR272345-45,45e397cc-8374-7cd5-3a00-53e880c252d5,1777347402,0.87,21.48,no,"{""count_fp"":""21.48"",""created_time"":""2026-04-28T03:36:42.377372Z"",""no_price_dollars"":""0.1300"",""taker_side"":""no"",""ticker"":""KXETH15M-26APR272345-45"",""trade_id"":""45e397cc-8374-7cd5-3a00-53e880c252d5"",""yes_price_dollars"":""0.8700""}"
KXETH15M-26APR272345-45,143dc39d-2df8-7c91-051b-c180de5afff0,1777347402,0.87,17.15,no,"{""count_fp"":""17.15"",""created_time"":""2026-04-28T03:36:42.377372Z"",""no_price_dollars"":""0.1300"",""taker_side"":""no"",""ticker"":""KXETH15M-26APR272345-45"",""trade_id"":""143dc39d-2df8-7c91-051b-c180de5afff0"",""yes_price_dollars"":""0.8700""}"
KXETH15M-26APR272345-45,d722ab35-da7b-7260-3f3e-2e90de943bcb,1777347411,0.926,1.0,no,"{""count_fp"":""1.00"",""created_time"":""2026-04-28T03:36:51.213852Z"",""no_price_dollars"":""0.0740"",""taker_side"":""no"",""ticker"":""KXETH15M-26APR272345-45"",""trade_id"":""d722ab35-da7b-7260-3f3e-2e90de943bcb"",""yes_price_dollars"":""0.9260""}"
KXETH15M-26APR272345-45,3c32926a-dee7-74f3-22bc-31f067f1e564,1777347411,0.89,75.35,no,"{""count_fp"":""75.35"",""created_time"":""2026-04-28T03:36:51.213852Z"",""no_price_dollars"":""0.1100"",""taker_side"":""no"",""ticker"":""KXETH15M-26APR272345-45"",""trade_id"":""3c32926a-dee7-74f3-22bc-31f067f1e564"",""yes_price_dollars"":""0.8900""}"
KXETH15M-26APR272345-45,199e3d3f-3535-7579-0ffd-bde4c807d283,1777347411,0.92,1.0,no,"{""count_fp"":""1.00"",""created_time"":""2026-04-28T03:36:51.213852Z"",""no_price_dollars"":""0.0800"",""taker_side"":""no"",""ticker"":""KXETH15M-26APR272345-45"",""trade_id"":""199e3d3f-3535-7579-0ffd-bde4c807d283"",""yes_price_dollars"":""0.9200""}"
KXETH15M-26APR272345-45,cec77bcb-95e8-7b16-e76e-8584933ec0b5,1777347416,0.93,1.0,yes,"{""count_fp"":""1.00"",""created_time"":""2026-04-28T03:36:56.248647Z"",""no_price_dollars"":""0.0700"",""taker_side"":""yes"",""ticker"":""KXETH15M-26APR272345-45"",""trade_id"":""cec77bcb-95e8-7b16-e76e-8584933ec0b5"",""yes_price_dollars"":""0.9300""}"
KXETH15M-26APR272345-45,76729bef-1df6-7571-eb77-53fe7fe3e9cb,1777347416,0.927,2.0,yes,"{""count_fp"":""2.00"",""created_time"":""2026-04-28T03:36:56.248647Z"",""no_price_dollars"":""0.0730"",""taker_side"":""yes"",""ticker"":""KXETH15M-26APR272345-45"",""trade_id"":""76729bef-1df6-7571-eb77-53fe7fe3e9cb"",""yes_price_dollars"":""0.9270""}"
KXETH15M-26APR272345-45,76052984-203c-7690-dded-cfa9ea800e3a,1777347416,0.93,1.0,yes,"{""count_fp"":""1.00"",""created_time"":""2026-04-28T03:36:56.248647Z"",""no_price_dollars"":""0.0700"",""taker_side"":""yes"",""ticker"":""KXETH15M-26APR272345-45"",""trade_id"":""76052984-203c-7690-dded-cfa9ea800e3a"",""yes_price_dollars"":""0.9300""}"
KXETH15M-26APR272345-45,4cd25e30-e332-7d5e-f3e4-689dcc9d6456,1777347416,0.928,10.0,yes,"{""count_fp"":""10.00"",""created_time"":""2026-04-28T03:36:56.248647Z"",""no_price_dollars"":""0.0720"",""taker_side"":""yes"",""ticker"":""KXETH15M-26APR272345-45"",""trade_id"":""4cd25e30-e332-7d5e-f3e4-689dcc9d6456"",""yes_price_dollars"":""0.9280""}"
KXETH15M-26APR272345-45,468dd892-686b-745a-d64f-a2ae247c8176,1777347416,0.93,20.96,yes,"{""count_fp"":""20.96"",""created_time"":""2026-04-28T03:36:56.248647Z"",""no_price_dollars"":""0.0700"",""taker_side"":""yes"",""ticker"":""KXETH15M-26APR272345-45"",""trade_id"":""468dd892-686b-745a-d64f-a2ae247c8176"",""yes_price_dollars"":""0.9300""}"
KXETH15M-26APR272345-45,26d7360c-99f4-7cb1-d12d-91e78a28c0d3,1777347416,0.929,10.0,yes,"{""count_fp"":""10.00"",""created_time"":""2026-04-28T03:36:56.248647Z"",""no_price_dollars"":""0.0710"",""taker_side"":""yes"",""ticker"":""KXETH15M-26APR272345-45"",""trade_id"":""26d7360c-99f4-7cb1-d12d-91e78a28c0d3"",""yes_price_dollars"":""0.9290""}"
KXETH15M-26APR272345-45,e907eeca-cdd5-4bb0-726e-f69028ecf879,1777347420,0.93,3.0,yes,"{""count_fp"":""3.00"",""created_time"":""2026-04-28T03:37:00.151869Z"",""no_price_dollars"":""0.0700"",""taker_side"":""yes"",""ticker"":""KXETH15M-26APR272345-45"",""trade_id"":""e907eeca-cdd5-4bb0-726e-f69028ecf879"",""yes_price_dollars"":""0.9300""}"
KXETH15M-26APR272345-45,1dd82110-d964-5848-a03e-1f26272f74e0,1777347421,0.93,3.0,yes,"{""count_fp"":""3.00"",""created_time"":""2026-04-28T03:37:01.947208Z"",""no_price_dollars"":""0.0700"",""taker_side"":""yes"",""ticker"":""KXETH15M-26APR272345-45"",""trade_id"":""1dd82110-d964-5848-a03e-1f26272f74e0"",""yes_price_dollars"":""0.9300""}"
KXETH15M-26APR272345-45,08afdda7-a473-5ec1-b7b5-a52029b4c87f,1777347421,0.93,1.0,yes,"{""count_fp"":""1.00"",""created_time"":""2026-04-28T03:37:01.947208Z"",""no_price_dollars"":""0.0700"",""taker_side"":""yes"",""ticker"":""KXETH15M-26APR272345-45"",""trade_id"":""08afdda7-a473-5ec1-b7b5-a52029b4c87f"",""yes_price_dollars"":""0.9300""}"
KXETH15M-26APR272345-45,f974580a-c9a0-648d-7eb5-6ddb40aa18fb,1777347426,0.93,18.0,yes,"{""count_fp"":""18.00"",""created_time"":""2026-04-28T03:37:06.117267Z"",""no_price_dollars"":""0.0700"",""taker_side"":""yes"",""ticker"":""KXETH15M-26APR272345-45"",""trade_id"":""f974580a-c9a0-648d-7eb5-6ddb40aa18fb"",""yes_price_dollars"":""0.9300""}"
KXETH15M-26APR272345-45,f4ad0327-0151-66ac-42aa-ef14ba21955d,1777347426,0.94,8.0,yes,"{""count_fp"":""8.00"",""created_time"":""2026-04-28T03:37:06.117267Z"",""no_price_dollars"":""0.0600"",""taker_side"":""yes"",""ticker"":""KXETH15M-26APR272345-45"",""trade_id"":""f4ad0327-0151-66ac-42aa-ef14ba21955d"",""yes_price_dollars"":""0.9400""}"
KXETH15M-26APR272345-45,d65f4472-6d79-6f2a-446c-d8b95b89e437,1777347426,0.94,1.0,yes,"{""count_fp"":""1.00"",""created_time"":""2026-04-28T03:37:06.117267Z"",""no_price_dollars"":""0.0600"",""taker_side"":""yes"",""ticker"":""KXETH15M-26APR272345-45"",""trade_id"":""d65f4472-6d79-6f2a-446c-d8b95b89e437"",""yes_price_dollars"":""0.9400""}"
KXETH15M-26APR272345-45,c7f92ec9-3bbd-6f2f-6aa6-44200f9a212d,1777347426,0.939,10.0,yes,"{""count_fp"":""10.00"",""created_time"":""2026-04-28T03:37:06.117267Z"",""no_price_dollars"":""0.0610"",""taker_side"":""yes"",""ticker"":""KXETH15M-26APR272345-45"",""trade_id"":""c7f92ec9-3bbd-6f2f-6aa6-44200f9a212d"",""yes_price_dollars"":""0.9390""}"
KXETH15M-26APR272345-45,bc05669c-330f-69dd-6e11-c4217ab03311,1777347426,0.93,10.0,yes,"{""count_fp"":""10.00"",""created_time"":""2026-04-28T03:37:06.117267Z"",""no_price_dollars"":""0.0700"",""taker_side"":""yes"",""ticker"":""KXETH15M-26APR272345-45"",""trade_id"":""bc05669c-330f-69dd-6e11-c4217ab03311"",""yes_price_dollars"":""0.9300""}"
KXETH15M-26APR272345-45,b9aeffe7-7d17-6d29-46f9-eed78c88166b,1777347426,0.93,7.0,yes,"{""count_fp"":""7.00"",""created_time"":""2026-04-28T03:37:06.117267Z"",""no_price_dollars"":""0.0700"",""taker_side"":""yes"",""ticker"":""KXETH15M-26APR272345-45"",""trade_id"":""b9aeffe7-7d17-6d29-46f9-eed78c88166b"",""yes_price_dollars"":""0.9300""}"
KXETH15M-26APR272345-45,9dbff1c4-6674-68d5-6cc0-edd49a6321af,1777347426,0.93,12.0,yes,"{""count_fp"":""12.00"",""created_time"":""2026-04-28T03:37:06.117267Z"",""no_price_dollars"":""0.0700"",""taker_side"":""yes"",""ticker"":""KXETH15M-26APR272345-45"",""trade_id"":""9dbff1c4-6674-68d5-6cc0-edd49a6321af"",""yes_price_dollars"":""0.9300""}"
KXETH15M-26APR272345-45,90ebc90a-c6c1-61e9-5537-b7b64e4acc4e,1777347426,0.93,31.0,yes,"{""count_fp"":""31.00"",""created_time"":""2026-04-28T03:37:06.117267Z"",""no_price_dollars"":""0.0700"",""taker_side"":""yes"",""ticker"":""KXETH15M-26APR272345-45"",""trade_id"":""90ebc90a-c6c1-61e9-5537-b7b64e4acc4e"",""yes_price_dollars"":""0.9300""}"
KXETH15M-26APR272345-45,51870dfe-82ac-69bf-5711-32f46b201f29,1777347426,0.93,18.0,yes,"{""count_fp"":""18.00"",""created_time"":""2026-04-28T03:37:06.117267Z"",""no_price_dollars"":""0.0700"",""taker_side"":""yes"",""ticker"":""KXETH15M-26APR272345-45"",""trade_id"":""51870dfe-82ac-69bf-5711-32f46b201f29"",""yes_price_dollars"":""0.9300""}"
KXETH15M-26APR272345-45,4a742a1e-55cd-6fef-444a-333becb6db50,1777347426,0.94,3.0,yes,"{""count_fp"":""3.00"",""created_time"":""2026-04-28T03:37:06.117267Z"",""no_price_dollars"":""0.0600"",""taker_side"":""yes"",""ticker"":""KXETH15M-26APR272345-45"",""trade_id"":""4a742a1e-55cd-6fef-444a-333becb6db50"",""yes_price_dollars"":""0.9400""}"
KXETH15M-26APR272345-45,4185ba32-8318-64fe-574e-f841bf86c3ae,1777347426,0.93,12.0,yes,"{""count_fp"":""12.00"",""created_time"":""2026-04-28T03:37:06.117267Z"",""no_price_dollars"":""0.0700"",""taker_side"":""yes"",""ticker"":""KXETH15M-26APR272345-45"",""trade_id"":""4185ba32-8318-64fe-574e-f841bf86c3ae"",""yes_price_dollars"":""0.9300""}"
KXETH15M-26APR272345-45,3e241322-6b3d-6fc6-6319-2cdcf1cfa1ed,1777347426,0.94,8.0,yes,"{""count_fp"":""8.00"",""created_time"":""2026-04-28T03:37:06.117267Z"",""no_price_dollars"":""0.0600"",""taker_side"":""yes"",""ticker"":""KXETH15M-26APR272345-45"",""trade_id"":""3e241322-6b3d-6fc6-6319-2cdcf1cfa1ed"",""yes_price_dollars"":""0.9400""}"
KXETH15M-26APR272345-45,23246d2d-afeb-6225-6482-5c1876a0f714,1777347426,0.93,4.0,yes,"{""count_fp"":""4.00"",""created_time"":""2026-04-28T03:37:06.117267Z"",""no_price_dollars"":""0.0700"",""taker_side"":""yes"",""ticker"":""KXETH15M-26APR272345-45"",""trade_id"":""23246d2d-afeb-6225-6482-5c1876a0f714"",""yes_price_dollars"":""0.9300""}"
KXETH15M-26APR272345-45,c9252c93-81cd-509a-20ad-a54707f17999,1777347432,0.94,4.0,yes,"{""count_fp"":""4.00"",""created_time"":""2026-04-28T03:37:12.129934Z"",""no_price_dollars"":""0.0600"",""taker_side"":""yes"",""ticker"":""KXETH15M-26APR272345-45"",""trade_id"":""c9252c93-81cd-509a-20ad-a54707f17999"",""yes_price_dollars"":""0.9400""}"
KXETH15M-26APR272345-45,bc66e8c2-26ca-5b82-1753-b8eb9eb9adde,1777347432,0.95,1.0,yes,"{""count_fp"":""1.00"",""created_time"":""2026-04-28T03:37:12.129934Z"",""no_price_dollars"":""0.0500"",""taker_side"":""yes"",""ticker"":""KXETH15M-26APR272345-45"",""trade_id"":""bc66e8c2-26ca-5b82-1753-b8eb9eb9adde"",""yes_price_dollars"":""0.9500""}"
KXETH15M-26APR272345-45,995ea0ed-5b91-5233-24bd-dc40e7339b52,1777347432,0.95,136.0,yes,"{""count_fp"":""136.00"",""created_time"":""2026-04-28T03:37:12.129934Z"",""no_price_dollars"":""0.0500"",""taker_side"":""yes"",""ticker"":""KXETH15M-26APR272345-45"",""trade_id"":""995ea0ed-5b91-5233-24bd-dc40e7339b52"",""yes_price_dollars"":""0.9500""}"
KXETH15M-26APR272345-45,631303d2-41ac-5261-3295-07db8141b651,1777347432,0.94,1.0,yes,"{""count_fp"":""1.00"",""created_time"":""2026-04-28T03:37:12.129934Z"",""no_price_dollars"":""0.0600"",""taker_side"":""yes"",""ticker"":""KXETH15M-26APR272345-45"",""trade_id"":""631303d2-41ac-5261-3295-07db8141b651"",""yes_price_dollars"":""0.9400""}"
KXETH15M-26APR272345-45,56e331f5-fb08-5aa6-1ef4-138be894f80c,1777347432,0.94,1.0,yes,"{""count_fp"":""1.00"",""created_time"":""2026-04-28T03:37:12.129934Z"",""no_price_dollars"":""0.0600"",""taker_side"":""yes"",""ticker"":""KXETH15M-26APR272345-45"",""trade_id"":""56e331f5-fb08-5aa6-1ef4-138be894f80c"",""yes_price_dollars"":""0.9400""}"
KXETH15M-26APR272345-45,1b20ffa5-fe59-5aa6-1bb3-25a72963ec85,1777347432,0.949,10.0,yes,"{""count_fp"":""10.00"",""created_time"":""2026-04-28T03:37:12.129934Z"",""no_price_dollars"":""0.0510"",""taker_side"":""yes"",""ticker"":""KXETH15M-26APR272345-45"",""trade_id"":""1b20ffa5-fe59-5aa6-1bb3-25a72963ec85"",""yes_price_dollars"":""0.9490""}"
KXETH15M-26APR272345-45,bde4594f-c82c-5f22-955c-163be3a1f60e,1777347432,0.939,1.0,no,"{""count_fp"":""1.00"",""created_time"":""2026-04-28T03:37:12.058532Z"",""no_price_dollars"":""0.0610"",""taker_side"":""no"",""ticker"":""KXETH15M-26APR272345-45"",""trade_id"":""bde4594f-c82c-5f22-955c-163be3a1f60e"",""yes_price_dollars"":""0.9390""}"
KXETH15M-26APR272345-45,ea6d42b6-c9ab-7524-7da3-f52192571aea,1777347433,0.96,1.0,yes,"{""count_fp"":""1.00"",""created_time"":""2026-04-28T03:37:13.771071Z"",""no_price_dollars"":""0.0400"",""taker_side"":""yes"",""ticker"":""KXETH15M-26APR272345-45"",""trade_id"":""ea6d42b6-c9ab-7524-7da3-f52192571aea"",""yes_price_dollars"":""0.9600""}"
KXETH15M-26APR272345-45,98bff925-a080-70cd-6355-991d3b3e718f,1777347433,0.96,1.0,yes,"{""count_fp"":""1.00"",""created_time"":""2026-04-28T03:37:13.771071Z"",""no_price_dollars"":""0.0400"",""taker_side"":""yes"",""ticker"":""KXETH15M-26APR272345-45"",""trade_id"":""98bff925-a080-70cd-6355-991d3b3e718f"",""yes_price_dollars"":""0.9600""}"
KXETH15M-26APR272345-45,85c7dccd-137d-7339-7bd4-dc8117156b09,1777347433,0.96,10.0,yes,"{""count_fp"":""10.00"",""created_time"":""2026-04-28T03:37:13.771071Z"",""no_price_dollars"":""0.0400"",""taker_side"":""yes"",""ticker"":""KXETH15M-26APR272345-45"",""trade_id"":""85c7dccd-137d-7339-7bd4-dc8117156b09"",""yes_price_dollars"":""0.9600""}"
KXETH15M-26APR272345-45,36615963-d010-7fda-7ce0-1f31f7bfdf74,1777347433,0.96,17.0,yes,"{""count_fp"":""17.00"",""created_time"":""2026-04-28T03:37:13.771071Z"",""no_price_dollars"":""0.0400"",""taker_side"":""yes"",""ticker"":""KXETH15M-26APR272345-45"",""trade_id"":""36615963-d010-7fda-7ce0-1f31f7bfdf74"",""yes_price_dollars"":""0.9600""}"
KXETH15M-26APR272345-45,21b76724-d9af-7b2a-6811-377f08074109,1777347433,0.96,57.0,yes,"{""count_fp"":""57.00"",""created_time"":""2026-04-28T03:37:13.771071Z"",""no_price_dollars"":""0.0400"",""taker_side"":""yes"",""ticker"":""KXETH15M-26APR272345-45"",""trade_id"":""21b76724-d9af-7b2a-6811-377f08074109"",""yes_price_dollars"":""0.9600""}"
KXETH15M-26APR272345-45,d24e5749-517b-7278-8506-8819402795eb,1777347433,0.95,4.0,yes,"{""count_fp"":""4.00"",""created_time"":""2026-04-28T03:37:13.735441Z"",""no_price_dollars"":""0.0500"",""taker_side"":""yes"",""ticker"":""KXETH15M-26APR272345-45"",""trade_id"":""d24e5749-517b-7278-8506-8819402795eb"",""yes_price_dollars"":""0.9500""}"
KXETH15M-26APR272345-45,5e690455-540a-7871-a24a-5c732ec5252e,1777347433,0.95,3.0,yes,"{""count_fp"":""3.00"",""created_time"":""2026-04-28T03:37:13.735441Z"",""no_price_dollars"":""0.0500"",""taker_side"":""yes"",""ticker"":""KXETH15M-26APR272345-45"",""trade_id"":""5e690455-540a-7871-a24a-5c732ec5252e"",""yes_price_dollars"":""0.9500""}"
KXETH15M-26APR272345-45,32b9358d-8a2c-71ae-9d64-2d221f4d11d7,1777347433,0.95,10.0,yes,"{""count_fp"":""10.00"",""created_time"":""2026-04-28T03:37:13.735441Z"",""no_price_dollars"":""0.0500"",""taker_side"":""yes"",""ticker"":""KXETH15M-26APR272345-45"",""trade_id"":""32b9358d-8a2c-71ae-9d64-2d221f4d11d7"",""yes_price_dollars"":""0.9500""}"
KXETH15M-26APR272345-45,3793b470-8f57-4113-e28a-3352b0e1c905,1777347436,0.95,20.0,no,"{""count_fp"":""20.00"",""created_time"":""2026-04-28T03:37:16.415847Z"",""no_price_dollars"":""0.0500"",""taker_side"":""no"",""ticker"":""KXETH15M-26APR272345-45"",""trade_id"":""3793b470-8f57-4113-e28a-3352b0e1c905"",""yes_price_dollars"":""0.9500""}"
KXETH15M-26APR272345-45,060d8492-668f-40f3-f705-e6cee0484cdd,1777347436,0.965,1.0,no,"{""count_fp"":""1.00"",""created_time"":""2026-04-28T03:37:16.415847Z"",""no_price_dollars"":""0.0350"",""taker_side"":""no"",""ticker"":""KXETH15M-26APR272345-45"",""trade_id"":""060d8492-668f-40f3-f705-e6cee0484cdd"",""yes_price_dollars"":""0.9650""}"
KXETH15M-26APR272345-45,f059f95f-4894-5fb3-cb69-e1b26fd87a21,1777347437,0.969,24.46,yes,"{""count_fp"":""24.46"",""created_time"":""2026-04-28T03:37:17.999287Z"",""no_price_dollars"":""0.0310"",""taker_side"":""yes"",""ticker"":""KXETH15M-26APR272345-45"",""trade_id"":""f059f95f-4894-5fb3-cb69-e1b26fd87a21"",""yes_price_dollars"":""0.9690""}"
KXETH15M-26APR272345-45,4c4d243b-2387-5230-df4e-d19f536fbaa0,1777347437,0.969,7.0,yes,"{""count_fp"":""7.00"",""created_time"":""2026-04-28T03:37:17.999287Z"",""no_price_dollars"":""0.0310"",""taker_side"":""yes"",""ticker"":""KXETH15M-26APR272345-45"",""trade_id"":""4c4d243b-2387-5230-df4e-d19f536fbaa0"",""yes_price_dollars"":""0.9690""}"
KXETH15M-26APR272345-45,6054126b-03e2-602d-9dfe-763d1d514fb5,1777347437,0.967,1.0,yes,"{""count_fp"":""1.00"",""created_time"":""2026-04-28T03:37:17.083877Z"",""no_price_dollars"":""0.0330"",""taker_side"":""yes"",""ticker"":""KXETH15M-26APR272345-45"",""trade_id"":""6054126b-03e2-602d-9dfe-763d1d514fb5"",""yes_price_dollars"":""0.9670""}"
KXETH15M-26APR272345-45,49efea49-8774-6f74-b509-a754c633670b,1777347437,0.968,4.0,yes,"{""count_fp"":""4.00"",""created_time"":""2026-04-28T03:37:17.083877Z"",""no_price_dollars"":""0.0320"",""taker_side"":""yes"",""ticker"":""KXETH15M-26APR272345-45"",""trade_id"":""49efea49-8774-6f74-b509-a754c633670b"",""yes_price_dollars"":""0.9680""}"
KXETH15M-26APR272345-45,6f1eac5b-cd00-7937-30b2-24e8624e9d65,1777347445,0.969,102.96,yes,"{""count_fp"":""102.96"",""created_time"":""2026-04-28T03:37:25.664363Z"",""no_price_dollars"":""0.0310"",""taker_side"":""yes"",""ticker"":""KXETH15M-26APR272345-45"",""trade_id"":""6f1eac5b-cd00-7937-30b2-24e8624e9d65"",""yes_price_dollars"":""0.9690""}"
KXETH15M-26APR272345-45,68a84dac-8420-499e-98a3-933be979d79e,1777347446,0.93,1.0,no,"{""count_fp"":""1.00"",""created_time"":""2026-04-28T03:37:26.259416Z"",""no_price_dollars"":""0.0700"",""taker_side"":""no"",""ticker"":""KXETH15M-26APR272345-45"",""trade_id"":""68a84dac-8420-499e-98a3-933be979d79e"",""yes_price_dollars"":""0.9300""}"
KXETH15M-26APR272345-45,6049eaf7-e2f3-4662-a135-31ed0d47947a,1777347446,0.968,1.0,no,"{""count_fp"":""1.00"",""created_time"":""2026-04-28T03:37:26.259416Z"",""no_price_dollars"":""0.0320"",""taker_side"":""no"",""ticker"":""KXETH15M-26APR272345-45"",""trade_id"":""6049eaf7-e2f3-4662-a135-31ed0d47947a"",""yes_price_dollars"":""0.9680""}"
KXETH15M-26APR272345-45,1de32338-0d46-496c-a9ab-88a1e2026cf4,1777347446,0.92,33.82,no,"{""count_fp"":""33.82"",""created_time"":""2026-04-28T03:37:26.259416Z"",""no_price_dollars"":""0.0800"",""taker_side"":""no"",""ticker"":""KXETH15M-26APR272345-45"",""trade_id"":""1de32338-0d46-496c-a9ab-88a1e2026cf4"",""yes_price_dollars"":""0.9200""}"
KXETH15M-26APR272345-45,2a8e8de2-09ff-4092-ba5f-8f8c6a008ddd,1777347450,0.96,4.0,yes,"{""count_fp"":""4.00"",""created_time"":""2026-04-28T03:37:30.934064Z"",""no_price_dollars"":""0.0400"",""taker_side"":""yes"",""ticker"":""KXETH15M-26APR272345-45"",""trade_id"":""2a8e8de2-09ff-4092-ba5f-8f8c6a008ddd"",""yes_price_dollars"":""0.9600""}"
KXETH15M-26APR272345-45,3122c7b4-0699-47c4-f64d-cee80d76fade,1777347450,0.949,1.0,no,"{""count_fp"":""1.00"",""created_time"":""2026-04-28T03:37:30.659598Z"",""no_price_dollars"":""0.0510"",""taker_side"":""no"",""ticker"":""KXETH15M-26APR272345-45"",""trade_id"":""3122c7b4-0699-47c4-f64d-cee80d76fade"",""yes_price_dollars"":""0.9490""}"
KXETH15M-26APR272345-45,257a5fd6-7945-4247-dc8c-382e4c9d63c7,1777347450,0.93,12.59,no,"{""count_fp"":""12.59"",""created_time"":""2026-04-28T03:37:30.659598Z"",""no_price_dollars"":""0.0700"",""taker_side"":""no"",""ticker"":""KXETH15M-26APR272345-45"",""trade_id"":""257a5fd6-7945-4247-dc8c-382e4c9d63c7"",""yes_price_dollars"":""0.9300""}"
KXETH15M-26APR272345-45,f7014180-4d36-5338-16a7-7bbd78d22ad4,1777347450,0.967,1.0,no,"{""count_fp"":""1.00"",""created_time"":""2026-04-28T03:37:30.408334Z"",""no_price_dollars"":""0.0330"",""taker_side"":""no"",""ticker"":""KXETH15M-26APR272345-45"",""trade_id"":""f7014180-4d36-5338-16a7-7bbd78d22ad4"",""yes_price_dollars"":""0.9670""}"
