ticker,trade_id,ts,yes_price,count,taker_side,raw_json
KXETH15M-26APR280700-00,bbff389c-0d52-7c94-10c5-c980c030bf47,1777373108,0.69,20.98,yes,"{""count_fp"":""20.98"",""created_time"":""2026-04-28T10:45:08.265247Z"",""no_price_dollars"":""0.3100"",""taker_side"":""yes"",""ticker"":""KXETH15M-26APR280700-00"",""trade_id"":""bbff389c-0d52-7c94-10c5-c980c030bf47"",""yes_price_dollars"":""0.6900""}"
KXETH15M-26APR280700-00,189610a4-fa3e-77c6-a450-b0a1393bf615,1777373111,0.52,6.0,no,"{""count_fp"":""6.00"",""created_time"":""2026-04-28T10:45:11.274708Z"",""no_price_dollars"":""0.4800"",""taker_side"":""no"",""ticker"":""KXETH15M-26APR280700-00"",""trade_id"":""189610a4-fa3e-77c6-a450-b0a1393bf615"",""yes_price_dollars"":""0.5200""}"
KXETH15M-26APR280700-00,f4915b7e-3a36-6546-308c-9bc44bd6e94d,1777373115,0.51,60.0,no,"{""count_fp"":""60.00"",""created_time"":""2026-04-28T10:45:15.489368Z"",""no_price_dollars"":""0.4900"",""taker_side"":""no"",""ticker"":""KXETH15M-26APR280700-00"",""trade_id"":""f4915b7e-3a36-6546-308c-9bc44bd6e94d"",""yes_price_dollars"":""0.5100""}"
KXETH15M-26APR280700-00,98dc4a7f-8aa4-4a53-1165-e77871790a45,1777373116,0.5,2.0,no,"{""count_fp"":""2.00"",""created_time"":""2026-04-28T10:45:16.526471Z"",""no_price_dollars"":""0.5000"",""taker_side"":""no"",""ticker"":""KXETH15M-26APR280700-00"",""trade_id"":""98dc4a7f-8aa4-4a53-1165-e77871790a45"",""yes_price_dollars"":""0.5000""}"
KXETH15M-26APR280700-00,19589961-fdcf-4d0e-137f-6c31336fadc8,1777373116,0.49,10.0,no,"{""count_fp"":""10.00"",""created_time"":""2026-04-28T10:45:16.526471Z"",""no_price_dollars"":""0.5100"",""taker_side"":""no"",""ticker"":""KXETH15M-26APR280700-00"",""trade_id"":""19589961-fdcf-4d0e-137f-6c31336fadc8"",""yes_price_dollars"":""0.4900""}"
KXETH15M-26APR280700-00,40153be9-05aa-616e-a2fe-a1b1d2bfba55,1777373116,0.52,0.18,yes,"{""count_fp"":""0.18"",""created_time"":""2026-04-28T10:45:16.520855Z"",""no_price_dollars"":""0.4800"",""taker_side"":""yes"",""ticker"":""KXETH15M-26APR280700-00"",""trade_id"":""40153be9-05aa-616e-a2fe-a1b1d2bfba55"",""yes_price_dollars"":""0.5200""}"
KXETH15M-26APR280700-00,e8b5d3a8-4946-64fe-dfce-7c35c1ffbc81,1777373116,0.52,3.0,yes,"{""count_fp"":""3.00"",""created_time"":""2026-04-28T10:45:16.254972Z"",""no_price_dollars"":""0.4800"",""taker_side"":""yes"",""ticker"":""KXETH15M-26APR280700-00"",""trade_id"":""e8b5d3a8-4946-64fe-dfce-7c35c1ffbc81"",""yes_price_dollars"":""0.5200""}"
KXETH15M-26APR280700-00,6a8915aa-2500-4efc-f51b-73cfdf1754f6,1777373119,0.48,1.0,no,"{""count_fp"":""1.00"",""created_time"":""2026-04-28T10:45:19.707388Z"",""no_price_dollars"":""0.5200"",""taker_side"":""no"",""ticker"":""KXETH15M-26APR280700-00"",""trade_id"":""6a8915aa-2500-4efc-f51b-73cfdf1754f6"",""yes_price_dollars"":""0.4800""}"
KXETH15M-26APR280700-00,aefddb73-b172-70cb-33d5-74c0d48b7dc6,1777373119,0.5,64.0,yes,"{""count_fp"":""64.00"",""created_time"":""2026-04-28T10:45:19.234677Z"",""no_price_dollars"":""0.5000"",""taker_side"":""yes"",""ticker"":""KXETH15M-26APR280700-00"",""trade_id"":""aefddb73-b172-70cb-33d5-74c0d48b7dc6"",""yes_price_dollars"":""0.5000""}"
KXETH15M-26APR280700-00,a8b55564-95b6-48a7-a0d6-0c2f93d84a03,1777373119,0.48,10.0,yes,"{""count_fp"":""10.00"",""created_time"":""2026-04-28T10:45:19.203303Z"",""no_price_dollars"":""0.5200"",""taker_side"":""yes"",""ticker"":""KXETH15M-26APR280700-00"",""trade_id"":""a8b55564-95b6-48a7-a0d6-0c2f93d84a03"",""yes_price_dollars"":""0.4800""}"
KXETH15M-26APR280700-00,ff083bfb-d33e-4881-f39c-ddc3fd93ce66,1777373130,0.53,9.0,yes,"{""count_fp"":""9.00"",""created_time"":""2026-04-28T10:45:30.671078Z"",""no_price_dollars"":""0.4700"",""taker_side"":""yes"",""ticker"":""KXETH15M-26APR280700-00"",""trade_id"":""ff083bfb-d33e-4881-f39c-ddc3fd93ce66"",""yes_price_dollars"":""0.5300""}"
KXETH15M-26APR280700-00,e1e5f416-921e-42c9-c0f5-85d8c12807a2,1777373130,0.53,40.0,yes,"{""count_fp"":""40.00"",""created_time"":""2026-04-28T10:45:30.671078Z"",""no_price_dollars"":""0.4700"",""taker_side"":""yes"",""ticker"":""KXETH15M-26APR280700-00"",""trade_id"":""e1e5f416-921e-42c9-c0f5-85d8c12807a2"",""yes_price_dollars"":""0.5300""}"
KXETH15M-26APR280700-00,a0f0056f-b43a-4137-dca4-008dd3ee7777,1777373130,0.53,37.67,yes,"{""count_fp"":""37.67"",""created_time"":""2026-04-28T10:45:30.671078Z"",""no_price_dollars"":""0.4700"",""taker_side"":""yes"",""ticker"":""KXETH15M-26APR280700-00"",""trade_id"":""a0f0056f-b43a-4137-dca4-008dd3ee7777"",""yes_price_dollars"":""0.5300""}"
KXETH15M-26APR280700-00,8ca586d6-912f-4e0d-fe7f-720076b16bbc,1777373130,0.53,2.0,yes,"{""count_fp"":""2.00"",""created_time"":""2026-04-28T10:45:30.671078Z"",""no_price_dollars"":""0.4700"",""taker_side"":""yes"",""ticker"":""KXETH15M-26APR280700-00"",""trade_id"":""8ca586d6-912f-4e0d-fe7f-720076b16bbc"",""yes_price_dollars"":""0.5300""}"
KXETH15M-26APR280700-00,4c32e253-594c-6f99-c5ba-7ef5e6cca363,1777373135,0.52,2.0,no,"{""count_fp"":""2.00"",""created_time"":""2026-04-28T10:45:35.252125Z"",""no_price_dollars"":""0.4800"",""taker_side"":""no"",""ticker"":""KXETH15M-26APR280700-00"",""trade_id"":""4c32e253-594c-6f99-c5ba-7ef5e6cca363"",""yes_price_dollars"":""0.5200""}"
KXETH15M-26APR280700-00,a8be3a2e-11a6-666b-93d4-bde4320dd71b,1777373136,0.53,2.33,yes,"{""count_fp"":""2.33"",""created_time"":""2026-04-28T10:45:36.281803Z"",""no_price_dollars"":""0.4700"",""taker_side"":""yes"",""ticker"":""KXETH15M-26APR280700-00"",""trade_id"":""a8be3a2e-11a6-666b-93d4-bde4320dd71b"",""yes_price_dollars"":""0.5300""}"
KXETH15M-26APR280700-00,c3540f84-a837-5504-97ce-7cc4c192632e,1777373140,0.55,0.54,yes,"{""count_fp"":""0.54"",""created_time"":""2026-04-28T10:45:40.148107Z"",""no_price_dollars"":""0.4500"",""taker_side"":""yes"",""ticker"":""KXETH15M-26APR280700-00"",""trade_id"":""c3540f84-a837-5504-97ce-7cc4c192632e"",""yes_price_dollars"":""0.5500""}"
KXETH15M-26APR280700-00,67deea45-e4ca-5186-92f1-26fa9be65af9,1777373140,0.54,2.0,yes,"{""count_fp"":""2.00"",""created_time"":""2026-04-28T10:45:40.148107Z"",""no_price_dollars"":""0.4600"",""taker_side"":""yes"",""ticker"":""KXETH15M-26APR280700-00"",""trade_id"":""67deea45-e4ca-5186-92f1-26fa9be65af9"",""yes_price_dollars"":""0.5400""}"
KXETH15M-26APR280700-00,30118544-3d1c-52dd-bf1a-32659546b3dd,1777373140,0.54,10.0,yes,"{""count_fp"":""10.00"",""created_time"":""2026-04-28T10:45:40.148107Z"",""no_price_dollars"":""0.4600"",""taker_side"":""yes"",""ticker"":""KXETH15M-26APR280700-00"",""trade_id"":""30118544-3d1c-52dd-bf1a-32659546b3dd"",""yes_price_dollars"":""0.5400""}"
KXETH15M-26APR280700-00,a4189b79-5716-6104-79ed-e99e1a811d39,1777373141,0.53,0.67,no,"{""count_fp"":""0.67"",""created_time"":""2026-04-28T10:45:41.235433Z"",""no_price_dollars"":""0.4700"",""taker_side"":""no"",""ticker"":""KXETH15M-26APR280700-00"",""trade_id"":""a4189b79-5716-6104-79ed-e99e1a811d39"",""yes_price_dollars"":""0.5300""}"
KXETH15M-26APR280700-00,59dafff1-d080-6bcb-4f4d-929a67dbc1c2,1777373141,0.53,0.76,no,"{""count_fp"":""0.76"",""created_time"":""2026-04-28T10:45:41.235433Z"",""no_price_dollars"":""0.4700"",""taker_side"":""no"",""ticker"":""KXETH15M-26APR280700-00"",""trade_id"":""59dafff1-d080-6bcb-4f4d-929a67dbc1c2"",""yes_price_dollars"":""0.5300""}"
KXETH15M-26APR280700-00,be65f74b-7bbd-4eb8-5c97-5b6bf465c856,1777373144,0.53,2.0,no,"{""count_fp"":""2.00"",""created_time"":""2026-04-28T10:45:44.852203Z"",""no_price_dollars"":""0.4700"",""taker_side"":""no"",""ticker"":""KXETH15M-26APR280700-00"",""trade_id"":""be65f74b-7bbd-4eb8-5c97-5b6bf465c856"",""yes_price_dollars"":""0.5300""}"
KXETH15M-26APR280700-00,5c9e8f0e-e2bf-79f1-e5f5-abd807e38df1,1777373157,0.49,2.0,no,"{""count_fp"":""2.00"",""created_time"":""2026-04-28T10:45:57.314115Z"",""no_price_dollars"":""0.5100"",""taker_side"":""no"",""ticker"":""KXETH15M-26APR280700-00"",""trade_id"":""5c9e8f0e-e2bf-79f1-e5f5-abd807e38df1"",""yes_price_dollars"":""0.4900""}"
KXETH15M-26APR280700-00,3235b5ff-d64a-7291-ddc9-10b47fa898b6,1777373157,0.49,10.0,no,"{""count_fp"":""10.00"",""created_time"":""2026-04-28T10:45:57.314115Z"",""no_price_dollars"":""0.5100"",""taker_side"":""no"",""ticker"":""KXETH15M-26APR280700-00"",""trade_id"":""3235b5ff-d64a-7291-ddc9-10b47fa898b6"",""yes_price_dollars"":""0.4900""}"
KXETH15M-26APR280700-00,6b4d2209-af72-4b3a-e0d8-025d1556525d,1777373160,0.44,1.0,yes,"{""count_fp"":""1.00"",""created_time"":""2026-04-28T10:46:00.112708Z"",""no_price_dollars"":""0.5600"",""taker_side"":""yes"",""ticker"":""KXETH15M-26APR280700-00"",""trade_id"":""6b4d2209-af72-4b3a-e0d8-025d1556525d"",""yes_price_dollars"":""0.4400""}"
KXETH15M-26APR280700-00,c775f864-a63d-57b7-3ccf-ebd37306eb64,1777373169,0.43,8.51,no,"{""count_fp"":""8.51"",""created_time"":""2026-04-28T10:46:09.875404Z"",""no_price_dollars"":""0.5700"",""taker_side"":""no"",""ticker"":""KXETH15M-26APR280700-00"",""trade_id"":""c775f864-a63d-57b7-3ccf-ebd37306eb64"",""yes_price_dollars"":""0.4300""}"
KXETH15M-26APR280700-00,dab72f7a-e6cd-4801-0561-2a81ca551c10,1777373176,0.45,1.0,yes,"{""count_fp"":""1.00"",""created_time"":""2026-04-28T10:46:16.105468Z"",""no_price_dollars"":""0.5500"",""taker_side"":""yes"",""ticker"":""KXETH15M-26APR280700-00"",""trade_id"":""dab72f7a-e6cd-4801-0561-2a81ca551c10"",""yes_price_dollars"":""0.4500""}"
KXETH15M-26APR280700-00,b4070880-f7b4-4fef-35fb-bafe9895bb6b,1777373176,0.44,1.0,yes,"{""count_fp"":""1.00"",""created_time"":""2026-04-28T10:46:16.105468Z"",""no_price_dollars"":""0.5600"",""taker_side"":""yes"",""ticker"":""KXETH15M-26APR280700-00"",""trade_id"":""b4070880-f7b4-4fef-35fb-bafe9895bb6b"",""yes_price_dollars"":""0.4400""}"
KXETH15M-26APR280700-00,ad9917be-bcf6-4bb2-0965-350991956901,1777373176,0.47,1.0,yes,"{""count_fp"":""1.00"",""created_time"":""2026-04-28T10:46:16.105468Z"",""no_price_dollars"":""0.5300"",""taker_side"":""yes"",""ticker"":""KXETH15M-26APR280700-00"",""trade_id"":""ad9917be-bcf6-4bb2-0965-350991956901"",""yes_price_dollars"":""0.4700""}"
KXETH15M-26APR280700-00,1c6c885f-1329-474d-1059-647dd66800fa,1777373176,0.48,2.0,yes,"{""count_fp"":""2.00"",""created_time"":""2026-04-28T10:46:16.105468Z"",""no_price_dollars"":""0.5200"",""taker_side"":""yes"",""ticker"":""KXETH15M-26APR280700-00"",""trade_id"":""1c6c885f-1329-474d-1059-647dd66800fa"",""yes_price_dollars"":""0.4800""}"
KXETH15M-26APR280700-00,13d27ec6-e579-4202-3612-cd39971ce87a,1777373176,0.46,1.0,yes,"{""count_fp"":""1.00"",""created_time"":""2026-04-28T10:46:16.105468Z"",""no_price_dollars"":""0.5400"",""taker_side"":""yes"",""ticker"":""KXETH15M-26APR280700-00"",""trade_id"":""13d27ec6-e579-4202-3612-cd39971ce87a"",""yes_price_dollars"":""0.4600""}"
KXETH15M-26APR280700-00,87bf7a17-e7fc-6c7c-38d3-ccde659fb746,1777373178,0.44,34.81,no,"{""count_fp"":""34.81"",""created_time"":""2026-04-28T10:46:18.714901Z"",""no_price_dollars"":""0.5600"",""taker_side"":""no"",""ticker"":""KXETH15M-26APR280700-00"",""trade_id"":""87bf7a17-e7fc-6c7c-38d3-ccde659fb746"",""yes_price_dollars"":""0.4400""}"
KXETH15M-26APR280700-00,34e874f3-bd0f-6069-3107-8f27d24d69a6,1777373178,0.44,10.0,no,"{""count_fp"":""10.00"",""created_time"":""2026-04-28T10:46:18.714901Z"",""no_price_dollars"":""0.5600"",""taker_side"":""no"",""ticker"":""KXETH15M-26APR280700-00"",""trade_id"":""34e874f3-bd0f-6069-3107-8f27d24d69a6"",""yes_price_dollars"":""0.4400""}"
KXETH15M-26APR280700-00,f5b50e2b-f0d3-4a7b-ea0c-c6acd07e81cf,1777373182,0.49,0.98,yes,"{""count_fp"":""0.98"",""created_time"":""2026-04-28T10:46:22.554772Z"",""no_price_dollars"":""0.5100"",""taker_side"":""yes"",""ticker"":""KXETH15M-26APR280700-00"",""trade_id"":""f5b50e2b-f0d3-4a7b-ea0c-c6acd07e81cf"",""yes_price_dollars"":""0.4900""}"
KXETH15M-26APR280700-00,04450eea-378a-451f-4d6e-cd4a0353475f,1777373187,0.44,1.0,no,"{""count_fp"":""1.00"",""created_time"":""2026-04-28T10:46:27.625214Z"",""no_price_dollars"":""0.5600"",""taker_side"":""no"",""ticker"":""KXETH15M-26APR280700-00"",""trade_id"":""04450eea-378a-451f-4d6e-cd4a0353475f"",""yes_price_dollars"":""0.4400""}"
KXETH15M-26APR280700-00,f092b9ee-d16d-543a-0b55-e4bb9aa89597,1777373189,0.47,0.05,yes,"{""count_fp"":""0.05"",""created_time"":""2026-04-28T10:46:29.646496Z"",""no_price_dollars"":""0.5300"",""taker_side"":""yes"",""ticker"":""KXETH15M-26APR280700-00"",""trade_id"":""f092b9ee-d16d-543a-0b55-e4bb9aa89597"",""yes_price_dollars"":""0.4700""}"
KXETH15M-26APR280700-00,2b875161-d380-5a19-17c0-84cdce6bfdcf,1777373189,0.47,10.0,yes,"{""count_fp"":""10.00"",""created_time"":""2026-04-28T10:46:29.646496Z"",""no_price_dollars"":""0.5300"",""taker_side"":""yes"",""ticker"":""KXETH15M-26APR280700-00"",""trade_id"":""2b875161-d380-5a19-17c0-84cdce6bfdcf"",""yes_price_dollars"":""0.4700""}"
KXETH15M-26APR280700-00,01e4f9fb-2c55-7d92-4889-4632d09eb6ab,1777373196,0.47,6.0,yes,"{""count_fp"":""6.00"",""created_time"":""2026-04-28T10:46:36.836138Z"",""no_price_dollars"":""0.5300"",""taker_side"":""yes"",""ticker"":""KXETH15M-26APR280700-00"",""trade_id"":""01e4f9fb-2c55-7d92-4889-4632d09eb6ab"",""yes_price_dollars"":""0.4700""}"
KXETH15M-26APR280700-00,5fe66e8b-8f91-5f4d-6954-3bf4ede7d143,1777373213,0.48,10.0,yes,"{""count_fp"":""10.00"",""created_time"":""2026-04-28T10:46:53.021929Z"",""no_price_dollars"":""0.5200"",""taker_side"":""yes"",""ticker"":""KXETH15M-26APR280700-00"",""trade_id"":""5fe66e8b-8f91-5f4d-6954-3bf4ede7d143"",""yes_price_dollars"":""0.4800""}"
KXETH15M-26APR280700-00,43769a77-15aa-5716-4042-473a442e9de0,1777373213,0.48,10.0,yes,"{""count_fp"":""10.00"",""created_time"":""2026-04-28T10:46:53.021929Z"",""no_price_dollars"":""0.5200"",""taker_side"":""yes"",""ticker"":""KXETH15M-26APR280700-00"",""trade_id"":""43769a77-15aa-5716-4042-473a442e9de0"",""yes_price_dollars"":""0.4800""}"
KXETH15M-26APR280700-00,a74bcef5-e893-7476-022b-dd43a486b669,1777373220,0.47,1.0,no,"{""count_fp"":""1.00"",""created_time"":""2026-04-28T10:47:00.466511Z"",""no_price_dollars"":""0.5300"",""taker_side"":""no"",""ticker"":""KXETH15M-26APR280700-00"",""trade_id"":""a74bcef5-e893-7476-022b-dd43a486b669"",""yes_price_dollars"":""0.4700""}"
KXETH15M-26APR280700-00,a08724ae-cc3e-66f7-3093-da10b6cc2c5d,1777373223,0.47,5.38,no,"{""count_fp"":""5.38"",""created_time"":""2026-04-28T10:47:03.830718Z"",""no_price_dollars"":""0.5300"",""taker_side"":""no"",""ticker"":""KXETH15M-26APR280700-00"",""trade_id"":""a08724ae-cc3e-66f7-3093-da10b6cc2c5d"",""yes_price_dollars"":""0.4700""}"
KXETH15M-26APR280700-00,2126309c-fde1-4e4c-c6c8-198cb5b722dc,1777373226,0.47,8.84,no,"{""count_fp"":""8.84"",""created_time"":""2026-04-28T10:47:06.205669Z"",""no_price_dollars"":""0.5300"",""taker_side"":""no"",""ticker"":""KXETH15M-26APR280700-00"",""trade_id"":""2126309c-fde1-4e4c-c6c8-198cb5b722dc"",""yes_price_dollars"":""0.4700""}"
KXETH15M-26APR280700-00,dce06463-4f31-4f45-e5ea-8c83593ce340,1777373253,0.4,1.0,no,"{""count_fp"":""1.00"",""created_time"":""2026-04-28T10:47:33.450874Z"",""no_price_dollars"":""0.6000"",""taker_side"":""no"",""ticker"":""KXETH15M-26APR280700-00"",""trade_id"":""dce06463-4f31-4f45-e5ea-8c83593ce340"",""yes_price_dollars"":""0.4000""}"
KXETH15M-26APR280700-00,681fe9bd-7f71-4947-edec-7309352538c4,1777373253,0.42,10.0,no,"{""count_fp"":""10.00"",""created_time"":""2026-04-28T10:47:33.450874Z"",""no_price_dollars"":""0.5800"",""taker_side"":""no"",""ticker"":""KXETH15M-26APR280700-00"",""trade_id"":""681fe9bd-7f71-4947-edec-7309352538c4"",""yes_price_dollars"":""0.4200""}"
KXETH15M-26APR280700-00,74751860-6d71-7744-9693-f6421c76c0b5,1777373253,0.44,1.0,no,"{""count_fp"":""1.00"",""created_time"":""2026-04-28T10:47:33.434758Z"",""no_price_dollars"":""0.5600"",""taker_side"":""no"",""ticker"":""KXETH15M-26APR280700-00"",""trade_id"":""74751860-6d71-7744-9693-f6421c76c0b5"",""yes_price_dollars"":""0.4400""}"
KXETH15M-26APR280700-00,5946a619-ea74-7275-89ae-f52709d761e0,1777373253,0.43,10.0,no,"{""count_fp"":""10.00"",""created_time"":""2026-04-28T10:47:33.434758Z"",""no_price_dollars"":""0.5700"",""taker_side"":""no"",""ticker"":""KXETH15M-26APR280700-00"",""trade_id"":""5946a619-ea74-7275-89ae-f52709d761e0"",""yes_price_dollars"":""0.4300""}"
KXETH15M-26APR280700-00,f0f2f7fb-5c8e-4eb6-22e1-2a5c426c5559,1777373255,0.35,5.0,yes,"{""count_fp"":""5.00"",""created_time"":""2026-04-28T10:47:35.238605Z"",""no_price_dollars"":""0.6500"",""taker_side"":""yes"",""ticker"":""KXETH15M-26APR280700-00"",""trade_id"":""f0f2f7fb-5c8e-4eb6-22e1-2a5c426c5559"",""yes_price_dollars"":""0.3500""}"
KXETH15M-26APR280700-00,ad0668bb-7b0e-43d2-883d-7566cd063151,1777373257,0.31,1.0,no,"{""count_fp"":""1.00"",""created_time"":""2026-04-28T10:47:37.354295Z"",""no_price_dollars"":""0.6900"",""taker_side"":""no"",""ticker"":""KXETH15M-26APR280700-00"",""trade_id"":""ad0668bb-7b0e-43d2-883d-7566cd063151"",""yes_price_dollars"":""0.3100""}"
KXETH15M-26APR280700-00,7f7b8f28-2839-59c2-e508-bda32070f58a,1777373258,0.36,100.0,yes,"{""count_fp"":""100.00"",""created_time"":""2026-04-28T10:47:38.192402Z"",""no_price_dollars"":""0.6400"",""taker_side"":""yes"",""ticker"":""KXETH15M-26APR280700-00"",""trade_id"":""7f7b8f28-2839-59c2-e508-bda32070f58a"",""yes_price_dollars"":""0.3600""}"
KXETH15M-26APR280700-00,c43020d4-7d3f-7b05-d670-b71f97010780,1777373259,0.36,100.0,no,"{""count_fp"":""100.00"",""created_time"":""2026-04-28T10:47:39.971377Z"",""no_price_dollars"":""0.6400"",""taker_side"":""no"",""ticker"":""KXETH15M-26APR280700-00"",""trade_id"":""c43020d4-7d3f-7b05-d670-b71f97010780"",""yes_price_dollars"":""0.3600""}"
KXETH15M-26APR280700-00,36521325-f531-719d-ca17-eabdc0697252,1777373259,0.36,10.0,no,"{""count_fp"":""10.00"",""created_time"":""2026-04-28T10:47:39.971377Z"",""no_price_dollars"":""0.6400"",""taker_side"":""no"",""ticker"":""KXETH15M-26APR280700-00"",""trade_id"":""36521325-f531-719d-ca17-eabdc0697252"",""yes_price_dollars"":""0.3600""}"
KXETH15M-26APR280700-00,adf494b2-e0e6-5f61-3ab0-bbc62704d001,1777373267,0.45,1.0,yes,"{""count_fp"":""1.00"",""created_time"":""2026-04-28T10:47:47.978387Z"",""no_price_dollars"":""0.5500"",""taker_side"":""yes"",""ticker"":""KXETH15M-26APR280700-00"",""trade_id"":""adf494b2-e0e6-5f61-3ab0-bbc62704d001"",""yes_price_dollars"":""0.4500""}"
KXETH15M-26APR280700-00,6f5eae44-96e3-61ab-6f7c-42dc9b77ba76,1777373273,0.44,10.0,yes,"{""count_fp"":""10.00"",""created_time"":""2026-04-28T10:47:53.551777Z"",""no_price_dollars"":""0.5600"",""taker_side"":""yes"",""ticker"":""KXETH15M-26APR280700-00"",""trade_id"":""6f5eae44-96e3-61ab-6f7c-42dc9b77ba76"",""yes_price_dollars"":""0.4400""}"
KXETH15M-26APR280700-00,962f2c26-a8e1-7a5b-8916-212ea2f77ea9,1777373276,0.46,1.0,yes,"{""count_fp"":""1.00"",""created_time"":""2026-04-28T10:47:56.108487Z"",""no_price_dollars"":""0.5400"",""taker_side"":""yes"",""ticker"":""KXETH15M-26APR280700-00"",""trade_id"":""962f2c26-a8e1-7a5b-8916-212ea2f77ea9"",""yes_price_dollars"":""0.4600""}"
KXETH15M-26APR280700-00,1c1ec4a6-33c9-7039-aa41-25f4bf851adf,1777373276,0.46,3.18,yes,"{""count_fp"":""3.18"",""created_time"":""2026-04-28T10:47:56.108487Z"",""no_price_dollars"":""0.5400"",""taker_side"":""yes"",""ticker"":""KXETH15M-26APR280700-00"",""trade_id"":""1c1ec4a6-33c9-7039-aa41-25f4bf851adf"",""yes_price_dollars"":""0.4600""}"
KXETH15M-26APR280700-00,bf577754-8a34-772d-d54b-b81a2bfa75ec,1777373277,0.43,100.0,no,"{""count_fp"":""100.00"",""created_time"":""2026-04-28T10:47:57.892112Z"",""no_price_dollars"":""0.5700"",""taker_side"":""no"",""ticker"":""KXETH15M-26APR280700-00"",""trade_id"":""bf577754-8a34-772d-d54b-b81a2bfa75ec"",""yes_price_dollars"":""0.4300""}"
KXETH15M-26APR280700-00,b69acb33-9044-4770-5217-45428b13880c,1777373279,0.42,10.0,no,"{""count_fp"":""10.00"",""created_time"":""2026-04-28T10:47:59.615251Z"",""no_price_dollars"":""0.5800"",""taker_side"":""no"",""ticker"":""KXETH15M-26APR280700-00"",""trade_id"":""b69acb33-9044-4770-5217-45428b13880c"",""yes_price_dollars"":""0.4200""}"
KXETH15M-26APR280700-00,c281345d-f94d-5be6-51ce-b34cbfb0f440,1777373284,0.4,1.0,no,"{""count_fp"":""1.00"",""created_time"":""2026-04-28T10:48:04.745771Z"",""no_price_dollars"":""0.6000"",""taker_side"":""no"",""ticker"":""KXETH15M-26APR280700-00"",""trade_id"":""c281345d-f94d-5be6-51ce-b34cbfb0f440"",""yes_price_dollars"":""0.4000""}"
KXETH15M-26APR280700-00,80e4bfb5-20cd-78aa-23a6-68e1e741b7d0,1777373293,0.4,81.06,no,"{""count_fp"":""81.06"",""created_time"":""2026-04-28T10:48:13.111404Z"",""no_price_dollars"":""0.6000"",""taker_side"":""no"",""ticker"":""KXETH15M-26APR280700-00"",""trade_id"":""80e4bfb5-20cd-78aa-23a6-68e1e741b7d0"",""yes_price_dollars"":""0.4000""}"
KXETH15M-26APR280700-00,17890200-4795-5912-c761-ea4a6d99ad90,1777373298,0.4,1.0,no,"{""count_fp"":""1.00"",""created_time"":""2026-04-28T10:48:18.585203Z"",""no_price_dollars"":""0.6000"",""taker_side"":""no"",""ticker"":""KXETH15M-26APR280700-00"",""trade_id"":""17890200-4795-5912-c761-ea4a6d99ad90"",""yes_price_dollars"":""0.4000""}"
KXETH15M-26APR280700-00,d7d67529-0815-6b15-c573-8dc475628713,1777373304,0.46,25.0,yes,"{""count_fp"":""25.00"",""created_time"":""2026-04-28T10:48:24.701577Z"",""no_price_dollars"":""0.5400"",""taker_side"":""yes"",""ticker"":""KXETH15M-26APR280700-00"",""trade_id"":""d7d67529-0815-6b15-c573-8dc475628713"",""yes_price_dollars"":""0.4600""}"
KXETH15M-26APR280700-00,ed5f1cff-de30-4ce1-6f75-1826125bad71,1777373307,0.4,5.0,no,"{""count_fp"":""5.00"",""created_time"":""2026-04-28T10:48:27.462155Z"",""no_price_dollars"":""0.6000"",""taker_side"":""no"",""ticker"":""KXETH15M-26APR280700-00"",""trade_id"":""ed5f1cff-de30-4ce1-6f75-1826125bad71"",""yes_price_dollars"":""0.4000""}"
KXETH15M-26APR280700-00,0024b96e-53c6-72c5-056f-f0650609b831,1777373321,0.4,3.0,no,"{""count_fp"":""3.00"",""created_time"":""2026-04-28T10:48:41.428267Z"",""no_price_dollars"":""0.6000"",""taker_side"":""no"",""ticker"":""KXETH15M-26APR280700-00"",""trade_id"":""0024b96e-53c6-72c5-056f-f0650609b831"",""yes_price_dollars"":""0.4000""}"
KXETH15M-26APR280700-00,b8690fe0-1fd5-79d6-e7ec-edb28308083a,1777373326,0.45,1.0,yes,"{""count_fp"":""1.00"",""created_time"":""2026-04-28T10:48:46.413689Z"",""no_price_dollars"":""0.5500"",""taker_side"":""yes"",""ticker"":""KXETH15M-26APR280700-00"",""trade_id"":""b8690fe0-1fd5-79d6-e7ec-edb28308083a"",""yes_price_dollars"":""0.4500""}"
KXETH15M-26APR280700-00,a23c02e1-68bc-7e4e-e45e-7f817724131c,1777373326,0.44,0.02,yes,"{""count_fp"":""0.02"",""created_time"":""2026-04-28T10:48:46.413689Z"",""no_price_dollars"":""0.5600"",""taker_side"":""yes"",""ticker"":""KXETH15M-26APR280700-00"",""trade_id"":""a23c02e1-68bc-7e4e-e45e-7f817724131c"",""yes_price_dollars"":""0.4400""}"
KXETH15M-26APR280700-00,fd981a49-ab74-46dc-409b-7fc1ceca4971,1777373326,0.43,10.0,yes,"{""count_fp"":""10.00"",""created_time"":""2026-04-28T10:48:46.408356Z"",""no_price_dollars"":""0.5700"",""taker_side"":""yes"",""ticker"":""KXETH15M-26APR280700-00"",""trade_id"":""fd981a49-ab74-46dc-409b-7fc1ceca4971"",""yes_price_dollars"":""0.4300""}"
KXETH15M-26APR280700-00,b9a9bc30-1e2c-48b2-795f-94bec375155c,1777373326,0.43,233.0,yes,"{""count_fp"":""233.00"",""created_time"":""2026-04-28T10:48:46.408356Z"",""no_price_dollars"":""0.5700"",""taker_side"":""yes"",""ticker"":""KXETH15M-26APR280700-00"",""trade_id"":""b9a9bc30-1e2c-48b2-795f-94bec375155c"",""yes_price_dollars"":""0.4300""}"
KXETH15M-26APR280700-00,afe0dc1d-2b3d-49ba-627e-5f31f608a4b0,1777373326,0.42,10.0,yes,"{""count_fp"":""10.00"",""created_time"":""2026-04-28T10:48:46.408356Z"",""no_price_dollars"":""0.5800"",""taker_side"":""yes"",""ticker"":""KXETH15M-26APR280700-00"",""trade_id"":""afe0dc1d-2b3d-49ba-627e-5f31f608a4b0"",""yes_price_dollars"":""0.4200""}"
KXETH15M-26APR280700-00,49198fa7-b30e-6e02-592c-212ac986af49,1777373336,0.44,2.0,no,"{""count_fp"":""2.00"",""created_time"":""2026-04-28T10:48:56.931897Z"",""no_price_dollars"":""0.5600"",""taker_side"":""no"",""ticker"":""KXETH15M-26APR280700-00"",""trade_id"":""49198fa7-b30e-6e02-592c-212ac986af49"",""yes_price_dollars"":""0.4400""}"
KXETH15M-26APR280700-00,9b1a0004-e840-5c2d-a9fa-275a9e6b86ed,1777373346,0.46,2.05,yes,"{""count_fp"":""2.05"",""created_time"":""2026-04-28T10:49:06.160373Z"",""no_price_dollars"":""0.5400"",""taker_side"":""yes"",""ticker"":""KXETH15M-26APR280700-00"",""trade_id"":""9b1a0004-e840-5c2d-a9fa-275a9e6b86ed"",""yes_price_dollars"":""0.4600""}"
KXETH15M-26APR280700-00,68d3969d-8cb7-547d-6866-0be66dc90b59,1777373347,0.44,1.0,no,"{""count_fp"":""1.00"",""created_time"":""2026-04-28T10:49:07.760869Z"",""no_price_dollars"":""0.5600"",""taker_side"":""no"",""ticker"":""KXETH15M-26APR280700-00"",""trade_id"":""68d3969d-8cb7-547d-6866-0be66dc90b59"",""yes_price_dollars"":""0.4400""}"
KXETH15M-26APR280700-00,5674b69c-9177-69db-c09d-db3ae7e8fd17,1777373349,0.49,31.02,yes,"{""count_fp"":""31.02"",""created_time"":""2026-04-28T10:49:09.878149Z"",""no_price_dollars"":""0.5100"",""taker_side"":""yes"",""ticker"":""KXETH15M-26APR280700-00"",""trade_id"":""5674b69c-9177-69db-c09d-db3ae7e8fd17"",""yes_price_dollars"":""0.4900""}"
KXETH15M-26APR280700-00,f10c8854-edfe-65bd-faf4-861a3ff1c5b0,1777373349,0.48,10.0,yes,"{""count_fp"":""10.00"",""created_time"":""2026-04-28T10:49:09.864782Z"",""no_price_dollars"":""0.5200"",""taker_side"":""yes"",""ticker"":""KXETH15M-26APR280700-00"",""trade_id"":""f10c8854-edfe-65bd-faf4-861a3ff1c5b0"",""yes_price_dollars"":""0.4800""}"
KXETH15M-26APR280700-00,f0c1b4be-c1f8-65c1-cced-2d3cddebe3d5,1777373349,0.47,10.0,yes,"{""count_fp"":""10.00"",""created_time"":""2026-04-28T10:49:09.864782Z"",""no_price_dollars"":""0.5300"",""taker_side"":""yes"",""ticker"":""KXETH15M-26APR280700-00"",""trade_id"":""f0c1b4be-c1f8-65c1-cced-2d3cddebe3d5"",""yes_price_dollars"":""0.4700""}"
KXETH15M-26APR280700-00,845363f8-9a53-6d2c-d0f3-32e820daf747,1777373349,0.48,60.0,yes,"{""count_fp"":""60.00"",""created_time"":""2026-04-28T10:49:09.864782Z"",""no_price_dollars"":""0.5200"",""taker_side"":""yes"",""ticker"":""KXETH15M-26APR280700-00"",""trade_id"":""845363f8-9a53-6d2c-d0f3-32e820daf747"",""yes_price_dollars"":""0.4800""}"
KXETH15M-26APR280700-00,bc49ca98-3620-6188-8f98-c68015b437a9,1777373349,0.44,10.0,no,"{""count_fp"":""10.00"",""created_time"":""2026-04-28T10:49:09.805221Z"",""no_price_dollars"":""0.5600"",""taker_side"":""no"",""ticker"":""KXETH15M-26APR280700-00"",""trade_id"":""bc49ca98-3620-6188-8f98-c68015b437a9"",""yes_price_dollars"":""0.4400""}"
KXETH15M-26APR280700-00,60c8459a-d960-6400-84f1-c379d5f4e9b5,1777373349,0.44,100.0,no,"{""count_fp"":""100.00"",""created_time"":""2026-04-28T10:49:09.805221Z"",""no_price_dollars"":""0.5600"",""taker_side"":""no"",""ticker"":""KXETH15M-26APR280700-00"",""trade_id"":""60c8459a-d960-6400-84f1-c379d5f4e9b5"",""yes_price_dollars"":""0.4400""}"
KXETH15M-26APR280700-00,eeaa487f-8f13-6f7b-3066-cb6c9ffbc781,1777373349,0.47,40.0,yes,"{""count_fp"":""40.00"",""created_time"":""2026-04-28T10:49:09.800913Z"",""no_price_dollars"":""0.5300"",""taker_side"":""yes"",""ticker"":""KXETH15M-26APR280700-00"",""trade_id"":""eeaa487f-8f13-6f7b-3066-cb6c9ffbc781"",""yes_price_dollars"":""0.4700""}"
KXETH15M-26APR280700-00,5062ef31-de44-6381-2edd-1d16177014af,1777373349,0.47,10.0,yes,"{""count_fp"":""10.00"",""created_time"":""2026-04-28T10:49:09.800913Z"",""no_price_dollars"":""0.5300"",""taker_side"":""yes"",""ticker"":""KXETH15M-26APR280700-00"",""trade_id"":""5062ef31-de44-6381-2edd-1d16177014af"",""yes_price_dollars"":""0.4700""}"
KXETH15M-26APR280700-00,2aa9dda2-a7bc-7f1d-9f7e-1826d60b6d08,1777373355,0.53,0.17,yes,"{""count_fp"":""0.17"",""created_time"":""2026-04-28T10:49:15.227635Z"",""no_price_dollars"":""0.4700"",""taker_side"":""yes"",""ticker"":""KXETH15M-26APR280700-00"",""trade_id"":""2aa9dda2-a7bc-7f1d-9f7e-1826d60b6d08"",""yes_price_dollars"":""0.5300""}"
KXETH15M-26APR280700-00,937892b2-5de1-43fe-dd96-bbe635d5c050,1777373360,0.5,10.0,no,"{""count_fp"":""10.00"",""created_time"":""2026-04-28T10:49:20.408109Z"",""no_price_dollars"":""0.5000"",""taker_side"":""no"",""ticker"":""KXETH15M-26APR280700-00"",""trade_id"":""937892b2-5de1-43fe-dd96-bbe635d5c050"",""yes_price_dollars"":""0.5000""}"
KXETH15M-26APR280700-00,0d57dcf7-8595-59ba-d033-a310a3f48f0c,1777373360,0.5,10.0,no,"{""count_fp"":""10.00"",""created_time"":""2026-04-28T10:49:20.407472Z"",""no_price_dollars"":""0.5000"",""taker_side"":""no"",""ticker"":""KXETH15M-26APR280700-00"",""trade_id"":""0d57dcf7-8595-59ba-d033-a310a3f48f0c"",""yes_price_dollars"":""0.5000""}"
KXETH15M-26APR280700-00,a8c243ca-0431-64a7-d776-6335ef4b3f89,1777373371,0.52,10.0,no,"{""count_fp"":""10.00"",""created_time"":""2026-04-28T10:49:31.612435Z"",""no_price_dollars"":""0.4800"",""taker_side"":""no"",""ticker"":""KXETH15M-26APR280700-00"",""trade_id"":""a8c243ca-0431-64a7-d776-6335ef4b3f89"",""yes_price_dollars"":""0.5200""}"
KXETH15M-26APR280700-00,f2386079-6a4e-68a6-a9d1-de67334bf749,1777373376,0.56,60.0,yes,"{""count_fp"":""60.00"",""created_time"":""2026-04-28T10:49:36.249666Z"",""no_price_dollars"":""0.4400"",""taker_side"":""yes"",""ticker"":""KXETH15M-26APR280700-00"",""trade_id"":""f2386079-6a4e-68a6-a9d1-de67334bf749"",""yes_price_dollars"":""0.5600""}"
KXETH15M-26APR280700-00,6b8e6477-a7a8-5b51-0f73-5f0f54a310fa,1777373376,0.55,20.0,yes,"{""count_fp"":""20.00"",""created_time"":""2026-04-28T10:49:36.166395Z"",""no_price_dollars"":""0.4500"",""taker_side"":""yes"",""ticker"":""KXETH15M-26APR280700-00"",""trade_id"":""6b8e6477-a7a8-5b51-0f73-5f0f54a310fa"",""yes_price_dollars"":""0.5500""}"
KXETH15M-26APR280700-00,c9554a61-0573-5c78-1747-255b6a8f1556,1777373376,0.55,2.46,yes,"{""count_fp"":""2.46"",""created_time"":""2026-04-28T10:49:36.156672Z"",""no_price_dollars"":""0.4500"",""taker_side"":""yes"",""ticker"":""KXETH15M-26APR280700-00"",""trade_id"":""c9554a61-0573-5c78-1747-255b6a8f1556"",""yes_price_dollars"":""0.5500""}"
KXETH15M-26APR280700-00,2cda09ae-0aec-58b1-1d44-63aa054873b6,1777373376,0.55,17.54,yes,"{""count_fp"":""17.54"",""created_time"":""2026-04-28T10:49:36.156672Z"",""no_price_dollars"":""0.4500"",""taker_side"":""yes"",""ticker"":""KXETH15M-26APR280700-00"",""trade_id"":""2cda09ae-0aec-58b1-1d44-63aa054873b6"",""yes_price_dollars"":""0.5500""}"
KXETH15M-26APR280700-00,a6645a3c-0aca-4bc7-93b0-c285ae710dd4,1777373376,0.54,10.0,yes,"{""count_fp"":""10.00"",""created_time"":""2026-04-28T10:49:36.153951Z"",""no_price_dollars"":""0.4600"",""taker_side"":""yes"",""ticker"":""KXETH15M-26APR280700-00"",""trade_id"":""a6645a3c-0aca-4bc7-93b0-c285ae710dd4"",""yes_price_dollars"":""0.5400""}"
KXETH15M-26APR280700-00,88457347-5154-47d2-bba7-fbe8947a41bc,1777373376,0.53,10.0,yes,"{""count_fp"":""10.00"",""created_time"":""2026-04-28T10:49:36.153951Z"",""no_price_dollars"":""0.4700"",""taker_side"":""yes"",""ticker"":""KXETH15M-26APR280700-00"",""trade_id"":""88457347-5154-47d2-bba7-fbe8947a41bc"",""yes_price_dollars"":""0.5300""}"
KXETH15M-26APR280700-00,c9b2ab49-9cc1-7640-8890-9cf056d3aa38,1777373377,0.61,10.0,yes,"{""count_fp"":""10.00"",""created_time"":""2026-04-28T10:49:37.099443Z"",""no_price_dollars"":""0.3900"",""taker_side"":""yes"",""ticker"":""KXETH15M-26APR280700-00"",""trade_id"":""c9b2ab49-9cc1-7640-8890-9cf056d3aa38"",""yes_price_dollars"":""0.6100""}"
KXETH15M-26APR280700-00,b26fa211-eb5c-4491-342e-1a9ca060d2fa,1777373378,0.74,1.0,yes,"{""count_fp"":""1.00"",""created_time"":""2026-04-28T10:49:38.831654Z"",""no_price_dollars"":""0.2600"",""taker_side"":""yes"",""ticker"":""KXETH15M-26APR280700-00"",""trade_id"":""b26fa211-eb5c-4491-342e-1a9ca060d2fa"",""yes_price_dollars"":""0.7400""}"
KXETH15M-26APR280700-00,cc5aeb29-3efa-76bc-7572-4a7c5da3a8ff,1777373378,0.7,10.0,yes,"{""count_fp"":""10.00"",""created_time"":""2026-04-28T10:49:38.762794Z"",""no_price_dollars"":""0.3000"",""taker_side"":""yes"",""ticker"":""KXETH15M-26APR280700-00"",""trade_id"":""cc5aeb29-3efa-76bc-7572-4a7c5da3a8ff"",""yes_price_dollars"":""0.7000""}"
KXETH15M-26APR280700-00,22615572-5555-619a-1024-a5d670d276bc,1777373378,0.67,5.79,no,"{""count_fp"":""5.79"",""created_time"":""2026-04-28T10:49:38.561159Z"",""no_price_dollars"":""0.3300"",""taker_side"":""no"",""ticker"":""KXETH15M-26APR280700-00"",""trade_id"":""22615572-5555-619a-1024-a5d670d276bc"",""yes_price_dollars"":""0.6700""}"
KXETH15M-26APR280700-00,64c5f97d-1149-7c92-4caf-80f5c8384870,1777373378,0.67,61.0,no,"{""count_fp"":""61.00"",""created_time"":""2026-04-28T10:49:38.129319Z"",""no_price_dollars"":""0.3300"",""taker_side"":""no"",""ticker"":""KXETH15M-26APR280700-00"",""trade_id"":""64c5f97d-1149-7c92-4caf-80f5c8384870"",""yes_price_dollars"":""0.6700""}"
KXETH15M-26APR280700-00,63fbbdf2-06d0-7101-4700-cd8cd3589940,1777373378,0.68,133.0,yes,"{""count_fp"":""133.00"",""created_time"":""2026-04-28T10:49:38.006059Z"",""no_price_dollars"":""0.3200"",""taker_side"":""yes"",""ticker"":""KXETH15M-26APR280700-00"",""trade_id"":""63fbbdf2-06d0-7101-4700-cd8cd3589940"",""yes_price_dollars"":""0.6800""}"
KXETH15M-26APR280700-00,a35d8913-74e8-63a8-575a-f1ed59f1402f,1777373381,0.77,13.0,yes,"{""count_fp"":""13.00"",""created_time"":""2026-04-28T10:49:41.840078Z"",""no_price_dollars"":""0.2300"",""taker_side"":""yes"",""ticker"":""KXETH15M-26APR280700-00"",""trade_id"":""a35d8913-74e8-63a8-575a-f1ed59f1402f"",""yes_price_dollars"":""0.7700""}"
KXETH15M-26APR280700-00,bebf19f3-5d38-74d4-8369-fc0ad8735f3f,1777373381,0.77,120.0,yes,"{""count_fp"":""120.00"",""created_time"":""2026-04-28T10:49:41.834178Z"",""no_price_dollars"":""0.2300"",""taker_side"":""yes"",""ticker"":""KXETH15M-26APR280700-00"",""trade_id"":""bebf19f3-5d38-74d4-8369-fc0ad8735f3f"",""yes_price_dollars"":""0.7700""}"
KXETH15M-26APR280700-00,d73a6d75-db8d-6c7f-4f5d-2129586f5841,1777373381,0.72,10.0,yes,"{""count_fp"":""10.00"",""created_time"":""2026-04-28T10:49:41.814763Z"",""no_price_dollars"":""0.2800"",""taker_side"":""yes"",""ticker"":""KXETH15M-26APR280700-00"",""trade_id"":""d73a6d75-db8d-6c7f-4f5d-2129586f5841"",""yes_price_dollars"":""0.7200""}"
KXETH15M-26APR280700-00,a128b432-8190-6665-5b13-c5f985119ba6,1777373381,0.73,100.0,yes,"{""count_fp"":""100.00"",""created_time"":""2026-04-28T10:49:41.814763Z"",""no_price_dollars"":""0.2700"",""taker_side"":""yes"",""ticker"":""KXETH15M-26APR280700-00"",""trade_id"":""a128b432-8190-6665-5b13-c5f985119ba6"",""yes_price_dollars"":""0.7300""}"
KXETH15M-26APR280700-00,0a277020-622e-6908-7509-3adfaaf357f8,1777373381,0.72,10.0,yes,"{""count_fp"":""10.00"",""created_time"":""2026-04-28T10:49:41.814763Z"",""no_price_dollars"":""0.2800"",""taker_side"":""yes"",""ticker"":""KXETH15M-26APR280700-00"",""trade_id"":""0a277020-622e-6908-7509-3adfaaf357f8"",""yes_price_dollars"":""0.7200""}"
KXETH15M-26APR280700-00,edd84196-5466-73e2-574a-1b7a724b1802,1777373389,0.74,10.0,yes,"{""count_fp"":""10.00"",""created_time"":""2026-04-28T10:49:49.515254Z"",""no_price_dollars"":""0.2600"",""taker_side"":""yes"",""ticker"":""KXETH15M-26APR280700-00"",""trade_id"":""edd84196-5466-73e2-574a-1b7a724b1802"",""yes_price_dollars"":""0.7400""}"
KXETH15M-26APR280700-00,1b436cd1-f333-7010-7fe8-7f544de9d05b,1777373389,0.75,5.0,yes,"{""count_fp"":""5.00"",""created_time"":""2026-04-28T10:49:49.515254Z"",""no_price_dollars"":""0.2500"",""taker_side"":""yes"",""ticker"":""KXETH15M-26APR280700-00"",""trade_id"":""1b436cd1-f333-7010-7fe8-7f544de9d05b"",""yes_price_dollars"":""0.7500""}"
KXETH15M-26APR280700-00,f128e94e-3522-4f58-7a59-a44e657030a0,1777373389,0.74,10.0,yes,"{""count_fp"":""10.00"",""created_time"":""2026-04-28T10:49:49.515121Z"",""no_price_dollars"":""0.2600"",""taker_side"":""yes"",""ticker"":""KXETH15M-26APR280700-00"",""trade_id"":""f128e94e-3522-4f58-7a59-a44e657030a0"",""yes_price_dollars"":""0.7400""}"
KXETH15M-26APR280700-00,c7ff7b77-4bfa-4e62-6b5a-5ce9d9127746,1777373389,0.74,90.0,yes,"{""count_fp"":""90.00"",""created_time"":""2026-04-28T10:49:49.515121Z"",""no_price_dollars"":""0.2600"",""taker_side"":""yes"",""ticker"":""KXETH15M-26APR280700-00"",""trade_id"":""c7ff7b77-4bfa-4e62-6b5a-5ce9d9127746"",""yes_price_dollars"":""0.7400""}"
KXETH15M-26APR280700-00,264b4395-9766-4e67-5c8e-0c0b678f41c7,1777373389,0.72,10.0,yes,"{""count_fp"":""10.00"",""created_time"":""2026-04-28T10:49:49.515121Z"",""no_price_dollars"":""0.2800"",""taker_side"":""yes"",""ticker"":""KXETH15M-26APR280700-00"",""trade_id"":""264b4395-9766-4e67-5c8e-0c0b678f41c7"",""yes_price_dollars"":""0.7200""}"
KXETH15M-26APR280700-00,ff251589-a402-76f7-e024-b84bf258b344,1777373389,0.71,2.0,no,"{""count_fp"":""2.00"",""created_time"":""2026-04-28T10:49:49.203068Z"",""no_price_dollars"":""0.2900"",""taker_side"":""no"",""ticker"":""KXETH15M-26APR280700-00"",""trade_id"":""ff251589-a402-76f7-e024-b84bf258b344"",""yes_price_dollars"":""0.7100""}"
KXETH15M-26APR280700-00,8a398111-d096-7fe2-faab-a67252a3792d,1777373389,0.71,10.0,no,"{""count_fp"":""10.00"",""created_time"":""2026-04-28T10:49:49.203068Z"",""no_price_dollars"":""0.2900"",""taker_side"":""no"",""ticker"":""KXETH15M-26APR280700-00"",""trade_id"":""8a398111-d096-7fe2-faab-a67252a3792d"",""yes_price_dollars"":""0.7100""}"
KXETH15M-26APR280700-00,06baf20e-3d45-70e6-f5e4-1a8b09e3e490,1777373389,0.7,0.54,no,"{""count_fp"":""0.54"",""created_time"":""2026-04-28T10:49:49.203068Z"",""no_price_dollars"":""0.3000"",""taker_side"":""no"",""ticker"":""KXETH15M-26APR280700-00"",""trade_id"":""06baf20e-3d45-70e6-f5e4-1a8b09e3e490"",""yes_price_dollars"":""0.7000""}"
KXETH15M-26APR280700-00,646e6f77-d5d1-7f92-ee6a-95c95e790b68,1777373393,0.72,10.2,no,"{""count_fp"":""10.20"",""created_time"":""2026-04-28T10:49:53.049084Z"",""no_price_dollars"":""0.2800"",""taker_side"":""no"",""ticker"":""KXETH15M-26APR280700-00"",""trade_id"":""646e6f77-d5d1-7f92-ee6a-95c95e790b68"",""yes_price_dollars"":""0.7200""}"
KXETH15M-26APR280700-00,07721893-b57d-7dfe-9a51-c8af8086a4f4,1777373394,0.72,89.0,no,"{""count_fp"":""89.00"",""created_time"":""2026-04-28T10:49:54.069093Z"",""no_price_dollars"":""0.2800"",""taker_side"":""no"",""ticker"":""KXETH15M-26APR280700-00"",""trade_id"":""07721893-b57d-7dfe-9a51-c8af8086a4f4"",""yes_price_dollars"":""0.7200""}"
KXETH15M-26APR280700-00,5ec9c2e2-8927-5e18-a70c-838f136fc2cb,1777373395,0.76,7.94,yes,"{""count_fp"":""7.94"",""created_time"":""2026-04-28T10:49:55.524908Z"",""no_price_dollars"":""0.2400"",""taker_side"":""yes"",""ticker"":""KXETH15M-26APR280700-00"",""trade_id"":""5ec9c2e2-8927-5e18-a70c-838f136fc2cb"",""yes_price_dollars"":""0.7600""}"
KXETH15M-26APR280700-00,3ecba23c-2d41-5115-9e9c-bd0abff3e915,1777373395,0.75,10.0,yes,"{""count_fp"":""10.00"",""created_time"":""2026-04-28T10:49:55.524908Z"",""no_price_dollars"":""0.2500"",""taker_side"":""yes"",""ticker"":""KXETH15M-26APR280700-00"",""trade_id"":""3ecba23c-2d41-5115-9e9c-bd0abff3e915"",""yes_price_dollars"":""0.7500""}"
KXETH15M-26APR280700-00,53e9577c-8b0f-7f58-193b-70e619eaf667,1777373397,0.75,5.0,yes,"{""count_fp"":""5.00"",""created_time"":""2026-04-28T10:49:57.959718Z"",""no_price_dollars"":""0.2500"",""taker_side"":""yes"",""ticker"":""KXETH15M-26APR280700-00"",""trade_id"":""53e9577c-8b0f-7f58-193b-70e619eaf667"",""yes_price_dollars"":""0.7500""}"
KXETH15M-26APR280700-00,481b2a50-ae01-5e6d-53ee-0291100bc643,1777373404,0.71,33.01,yes,"{""count_fp"":""33.01"",""created_time"":""2026-04-28T10:50:04.450148Z"",""no_price_dollars"":""0.2900"",""taker_side"":""yes"",""ticker"":""KXETH15M-26APR280700-00"",""trade_id"":""481b2a50-ae01-5e6d-53ee-0291100bc643"",""yes_price_dollars"":""0.7100""}"
KXETH15M-26APR280700-00,36474f61-b1fe-5a30-7450-aef9a937726b,1777373404,0.73,2.0,no,"{""count_fp"":""2.00"",""created_time"":""2026-04-28T10:50:04.367616Z"",""no_price_dollars"":""0.2700"",""taker_side"":""no"",""ticker"":""KXETH15M-26APR280700-00"",""trade_id"":""36474f61-b1fe-5a30-7450-aef9a937726b"",""yes_price_dollars"":""0.7300""}"
KXETH15M-26APR280700-00,ba4c072a-601f-4dc5-1785-dc16a78b8949,1777373407,0.69,329.0,no,"{""count_fp"":""329.00"",""created_time"":""2026-04-28T10:50:07.110208Z"",""no_price_dollars"":""0.3100"",""taker_side"":""no"",""ticker"":""KXETH15M-26APR280700-00"",""trade_id"":""ba4c072a-601f-4dc5-1785-dc16a78b8949"",""yes_price_dollars"":""0.6900""}"
KXETH15M-26APR280700-00,b8917e30-0d43-4faf-0b84-fbad035c1922,1777373407,0.7,10.0,no,"{""count_fp"":""10.00"",""created_time"":""2026-04-28T10:50:07.110208Z"",""no_price_dollars"":""0.3000"",""taker_side"":""no"",""ticker"":""KXETH15M-26APR280700-00"",""trade_id"":""b8917e30-0d43-4faf-0b84-fbad035c1922"",""yes_price_dollars"":""0.7000""}"
KXETH15M-26APR280700-00,a08e36e7-6f26-4c21-18bc-c8f5f5b17ca7,1777373407,0.7,10.0,no,"{""count_fp"":""10.00"",""created_time"":""2026-04-28T10:50:07.110208Z"",""no_price_dollars"":""0.3000"",""taker_side"":""no"",""ticker"":""KXETH15M-26APR280700-00"",""trade_id"":""a08e36e7-6f26-4c21-18bc-c8f5f5b17ca7"",""yes_price_dollars"":""0.7000""}"
KXETH15M-26APR280700-00,faf88c81-1752-6d27-c14e-f756e478bf42,1777373409,0.66,10.0,no,"{""count_fp"":""10.00"",""created_time"":""2026-04-28T10:50:09.968654Z"",""no_price_dollars"":""0.3400"",""taker_side"":""no"",""ticker"":""KXETH15M-26APR280700-00"",""trade_id"":""faf88c81-1752-6d27-c14e-f756e478bf42"",""yes_price_dollars"":""0.6600""}"
KXETH15M-26APR280700-00,8e50f6cf-2e55-6d73-f307-afe43dd1b3a5,1777373409,0.66,1.0,no,"{""count_fp"":""1.00"",""created_time"":""2026-04-28T10:50:09.968654Z"",""no_price_dollars"":""0.3400"",""taker_side"":""no"",""ticker"":""KXETH15M-26APR280700-00"",""trade_id"":""8e50f6cf-2e55-6d73-f307-afe43dd1b3a5"",""yes_price_dollars"":""0.6600""}"
KXETH15M-26APR280700-00,aa454ef7-efbb-5313-4c35-a32496dee861,1777373413,0.65,10.0,no,"{""count_fp"":""10.00"",""created_time"":""2026-04-28T10:50:13.710707Z"",""no_price_dollars"":""0.3500"",""taker_side"":""no"",""ticker"":""KXETH15M-26APR280700-00"",""trade_id"":""aa454ef7-efbb-5313-4c35-a32496dee861"",""yes_price_dollars"":""0.6500""}"
KXETH15M-26APR280700-00,6c4c28dd-db01-54c2-70bb-e072c847109e,1777373413,0.65,10.0,no,"{""count_fp"":""10.00"",""created_time"":""2026-04-28T10:50:13.710707Z"",""no_price_dollars"":""0.3500"",""taker_side"":""no"",""ticker"":""KXETH15M-26APR280700-00"",""trade_id"":""6c4c28dd-db01-54c2-70bb-e072c847109e"",""yes_price_dollars"":""0.6500""}"
KXETH15M-26APR280700-00,75e4d153-2d15-61da-dd2d-8482a28010f0,1777373415,0.72,4.0,no,"{""count_fp"":""4.00"",""created_time"":""2026-04-28T10:50:15.873026Z"",""no_price_dollars"":""0.2800"",""taker_side"":""no"",""ticker"":""KXETH15M-26APR280700-00"",""trade_id"":""75e4d153-2d15-61da-dd2d-8482a28010f0"",""yes_price_dollars"":""0.7200""}"
KXETH15M-26APR280700-00,768855b6-7d2b-6612-0a7c-a2ae68220b90,1777373415,0.73,50.0,yes,"{""count_fp"":""50.00"",""created_time"":""2026-04-28T10:50:15.602922Z"",""no_price_dollars"":""0.2700"",""taker_side"":""yes"",""ticker"":""KXETH15M-26APR280700-00"",""trade_id"":""768855b6-7d2b-6612-0a7c-a2ae68220b90"",""yes_price_dollars"":""0.7300""}"
KXETH15M-26APR280700-00,fe577186-b78f-6194-0838-f2d551a445cf,1777373415,0.69,100.0,yes,"{""count_fp"":""100.00"",""created_time"":""2026-04-28T10:50:15.555582Z"",""no_price_dollars"":""0.3100"",""taker_side"":""yes"",""ticker"":""KXETH15M-26APR280700-00"",""trade_id"":""fe577186-b78f-6194-0838-f2d551a445cf"",""yes_price_dollars"":""0.6900""}"
KXETH15M-26APR280700-00,d88ce33c-fae3-659a-1f24-00b9b51ed417,1777373415,0.67,0.99,yes,"{""count_fp"":""0.99"",""created_time"":""2026-04-28T10:50:15.555582Z"",""no_price_dollars"":""0.3300"",""taker_side"":""yes"",""ticker"":""KXETH15M-26APR280700-00"",""trade_id"":""d88ce33c-fae3-659a-1f24-00b9b51ed417"",""yes_price_dollars"":""0.6700""}"
KXETH15M-26APR280700-00,75649491-67ff-6200-29d6-6b6ffed8745b,1777373415,0.69,1.0,yes,"{""count_fp"":""1.00"",""created_time"":""2026-04-28T10:50:15.555582Z"",""no_price_dollars"":""0.3100"",""taker_side"":""yes"",""ticker"":""KXETH15M-26APR280700-00"",""trade_id"":""75649491-67ff-6200-29d6-6b6ffed8745b"",""yes_price_dollars"":""0.6900""}"
KXETH15M-26APR280700-00,66076f83-8b0a-6835-0324-67405fce020e,1777373415,0.69,10.0,yes,"{""count_fp"":""10.00"",""created_time"":""2026-04-28T10:50:15.555582Z"",""no_price_dollars"":""0.3100"",""taker_side"":""yes"",""ticker"":""KXETH15M-26APR280700-00"",""trade_id"":""66076f83-8b0a-6835-0324-67405fce020e"",""yes_price_dollars"":""0.6900""}"
KXETH15M-26APR280700-00,e54c0097-3115-43ad-7681-8951386d92cb,1777373415,0.65,144.99,yes,"{""count_fp"":""144.99"",""created_time"":""2026-04-28T10:50:15.554768Z"",""no_price_dollars"":""0.3500"",""taker_side"":""yes"",""ticker"":""KXETH15M-26APR280700-00"",""trade_id"":""e54c0097-3115-43ad-7681-8951386d92cb"",""yes_price_dollars"":""0.6500""}"
KXETH15M-26APR280700-00,c98c67de-c94e-4759-75d9-1a59fdd6145e,1777373415,0.67,550.0,yes,"{""count_fp"":""550.00"",""created_time"":""2026-04-28T10:50:15.554768Z"",""no_price_dollars"":""0.3300"",""taker_side"":""yes"",""ticker"":""KXETH15M-26APR280700-00"",""trade_id"":""c98c67de-c94e-4759-75d9-1a59fdd6145e"",""yes_price_dollars"":""0.6700""}"
KXETH15M-26APR280700-00,14a898a9-3e07-42f6-763e-2333bd53c867,1777373415,0.67,9.01,yes,"{""count_fp"":""9.01"",""created_time"":""2026-04-28T10:50:15.554768Z"",""no_price_dollars"":""0.3300"",""taker_side"":""yes"",""ticker"":""KXETH15M-26APR280700-00"",""trade_id"":""14a898a9-3e07-42f6-763e-2333bd53c867"",""yes_price_dollars"":""0.6700""}"
KXETH15M-26APR280700-00,ba1a2ef4-da22-4c77-2e6c-b9174a19a610,1777373419,0.76,1.0,no,"{""count_fp"":""1.00"",""created_time"":""2026-04-28T10:50:19.423778Z"",""no_price_dollars"":""0.2400"",""taker_side"":""no"",""ticker"":""KXETH15M-26APR280700-00"",""trade_id"":""ba1a2ef4-da22-4c77-2e6c-b9174a19a610"",""yes_price_dollars"":""0.7600""}"
KXETH15M-26APR280700-00,39a452e9-acf6-4e7a-1c9d-979fd15466d4,1777373419,0.74,3.18,no,"{""count_fp"":""3.18"",""created_time"":""2026-04-28T10:50:19.423778Z"",""no_price_dollars"":""0.2600"",""taker_side"":""no"",""ticker"":""KXETH15M-26APR280700-00"",""trade_id"":""39a452e9-acf6-4e7a-1c9d-979fd15466d4"",""yes_price_dollars"":""0.7400""}"
KXETH15M-26APR280700-00,f2d07567-810d-7e3d-1f5f-9dabced37262,1777373422,0.75,0.17,no,"{""count_fp"":""0.17"",""created_time"":""2026-04-28T10:50:22.944648Z"",""no_price_dollars"":""0.2500"",""taker_side"":""no"",""ticker"":""KXETH15M-26APR280700-00"",""trade_id"":""f2d07567-810d-7e3d-1f5f-9dabced37262"",""yes_price_dollars"":""0.7500""}"
KXETH15M-26APR280700-00,ff2627fe-f161-7a75-f764-8e3d8d17fd82,1777373425,0.75,0.83,no,"{""count_fp"":""0.83"",""created_time"":""2026-04-28T10:50:25.423823Z"",""no_price_dollars"":""0.2500"",""taker_side"":""no"",""ticker"":""KXETH15M-26APR280700-00"",""trade_id"":""ff2627fe-f161-7a75-f764-8e3d8d17fd82"",""yes_price_dollars"":""0.7500""}"
KXETH15M-26APR280700-00,7616c79d-7f9b-7143-f3f3-0d46103eaf84,1777373425,0.75,6.89,no,"{""count_fp"":""6.89"",""created_time"":""2026-04-28T10:50:25.423823Z"",""no_price_dollars"":""0.2500"",""taker_side"":""no"",""ticker"":""KXETH15M-26APR280700-00"",""trade_id"":""7616c79d-7f9b-7143-f3f3-0d46103eaf84"",""yes_price_dollars"":""0.7500""}"
KXETH15M-26APR280700-00,6db6c1c0-b579-70d3-c338-b25163d1cf0a,1777373425,0.75,10.26,no,"{""count_fp"":""10.26"",""created_time"":""2026-04-28T10:50:25.423823Z"",""no_price_dollars"":""0.2500"",""taker_side"":""no"",""ticker"":""KXETH15M-26APR280700-00"",""trade_id"":""6db6c1c0-b579-70d3-c338-b25163d1cf0a"",""yes_price_dollars"":""0.7500""}"
KXETH15M-26APR280700-00,dc103dca-4899-6986-739e-9856ba68093d,1777373427,0.74,9.59,no,"{""count_fp"":""9.59"",""created_time"":""2026-04-28T10:50:27.291707Z"",""no_price_dollars"":""0.2600"",""taker_side"":""no"",""ticker"":""KXETH15M-26APR280700-00"",""trade_id"":""dc103dca-4899-6986-739e-9856ba68093d"",""yes_price_dollars"":""0.7400""}"
KXETH15M-26APR280700-00,4e5e9427-66b7-6b67-7088-394b6eb92de0,1777373427,0.74,53.11,no,"{""count_fp"":""53.11"",""created_time"":""2026-04-28T10:50:27.291707Z"",""no_price_dollars"":""0.2600"",""taker_side"":""no"",""ticker"":""KXETH15M-26APR280700-00"",""trade_id"":""4e5e9427-66b7-6b67-7088-394b6eb92de0"",""yes_price_dollars"":""0.7400""}"
KXETH15M-26APR280700-00,41dfbfc4-266d-6ba9-ff44-d50e0a1b3594,1777373428,0.76,3.0,yes,"{""count_fp"":""3.00"",""created_time"":""2026-04-28T10:50:28.604454Z"",""no_price_dollars"":""0.2400"",""taker_side"":""yes"",""ticker"":""KXETH15M-26APR280700-00"",""trade_id"":""41dfbfc4-266d-6ba9-ff44-d50e0a1b3594"",""yes_price_dollars"":""0.7600""}"
KXETH15M-26APR280700-00,ab9fbaf2-b527-5cb1-46f8-b1b585216e16,1777373437,0.74,9.59,no,"{""count_fp"":""9.59"",""created_time"":""2026-04-28T10:50:37.789455Z"",""no_price_dollars"":""0.2600"",""taker_side"":""no"",""ticker"":""KXETH15M-26APR280700-00"",""trade_id"":""ab9fbaf2-b527-5cb1-46f8-b1b585216e16"",""yes_price_dollars"":""0.7400""}"
KXETH15M-26APR280700-00,68814aad-f4ee-502b-75da-1a6bda2c389f,1777373437,0.74,1.41,no,"{""count_fp"":""1.41"",""created_time"":""2026-04-28T10:50:37.789455Z"",""no_price_dollars"":""0.2600"",""taker_side"":""no"",""ticker"":""KXETH15M-26APR280700-00"",""trade_id"":""68814aad-f4ee-502b-75da-1a6bda2c389f"",""yes_price_dollars"":""0.7400""}"
KXETH15M-26APR280700-00,5b061624-a6bc-58d1-68b0-947aa63fe45b,1777373437,0.74,60.0,no,"{""count_fp"":""60.00"",""created_time"":""2026-04-28T10:50:37.789455Z"",""no_price_dollars"":""0.2600"",""taker_side"":""no"",""ticker"":""KXETH15M-26APR280700-00"",""trade_id"":""5b061624-a6bc-58d1-68b0-947aa63fe45b"",""yes_price_dollars"":""0.7400""}"
KXETH15M-26APR280700-00,914ba1ce-092e-56f7-432b-3d19359d4a9f,1777373438,0.74,0.59,no,"{""count_fp"":""0.59"",""created_time"":""2026-04-28T10:50:38.616875Z"",""no_price_dollars"":""0.2600"",""taker_side"":""no"",""ticker"":""KXETH15M-26APR280700-00"",""trade_id"":""914ba1ce-092e-56f7-432b-3d19359d4a9f"",""yes_price_dollars"":""0.7400""}"
KXETH15M-26APR280700-00,c65c6599-371f-4cd9-18a3-9d3160b3c577,1777373446,0.75,10.0,yes,"{""count_fp"":""10.00"",""created_time"":""2026-04-28T10:50:46.113212Z"",""no_price_dollars"":""0.2500"",""taker_side"":""yes"",""ticker"":""KXETH15M-26APR280700-00"",""trade_id"":""c65c6599-371f-4cd9-18a3-9d3160b3c577"",""yes_price_dollars"":""0.7500""}"
KXETH15M-26APR280700-00,c268c71b-bc7e-40e7-37b2-f440c3149b80,1777373446,0.73,133.0,yes,"{""count_fp"":""133.00"",""created_time"":""2026-04-28T10:50:46.113212Z"",""no_price_dollars"":""0.2700"",""taker_side"":""yes"",""ticker"":""KXETH15M-26APR280700-00"",""trade_id"":""c268c71b-bc7e-40e7-37b2-f440c3149b80"",""yes_price_dollars"":""0.7300""}"
KXETH15M-26APR280700-00,895c4720-59f4-475c-2296-02e6defe0411,1777373446,0.81,60.0,yes,"{""count_fp"":""60.00"",""created_time"":""2026-04-28T10:50:46.113212Z"",""no_price_dollars"":""0.1900"",""taker_side"":""yes"",""ticker"":""KXETH15M-26APR280700-00"",""trade_id"":""895c4720-59f4-475c-2296-02e6defe0411"",""yes_price_dollars"":""0.8100""}"
KXETH15M-26APR280700-00,82a3e493-60e9-46e2-142d-114a4dbd158f,1777373446,0.78,550.0,yes,"{""count_fp"":""550.00"",""created_time"":""2026-04-28T10:50:46.113212Z"",""no_price_dollars"":""0.2200"",""taker_side"":""yes"",""ticker"":""KXETH15M-26APR280700-00"",""trade_id"":""82a3e493-60e9-46e2-142d-114a4dbd158f"",""yes_price_dollars"":""0.7800""}"
KXETH15M-26APR280700-00,368617d4-d67e-46af-0248-c84ec4122e09,1777373446,0.75,10.0,yes,"{""count_fp"":""10.00"",""created_time"":""2026-04-28T10:50:46.113212Z"",""no_price_dollars"":""0.2500"",""taker_side"":""yes"",""ticker"":""KXETH15M-26APR280700-00"",""trade_id"":""368617d4-d67e-46af-0248-c84ec4122e09"",""yes_price_dollars"":""0.7500""}"
KXETH15M-26APR280700-00,28a528aa-db11-4591-1c94-b2f2a32dbb53,1777373446,0.73,0.41,yes,"{""count_fp"":""0.41"",""created_time"":""2026-04-28T10:50:46.113212Z"",""no_price_dollars"":""0.2700"",""taker_side"":""yes"",""ticker"":""KXETH15M-26APR280700-00"",""trade_id"":""28a528aa-db11-4591-1c94-b2f2a32dbb53"",""yes_price_dollars"":""0.7300""}"
KXETH15M-26APR280700-00,289c5a26-d4a9-41cd-2e8a-1d77b20017ec,1777373446,0.8,50.0,yes,"{""count_fp"":""50.00"",""created_time"":""2026-04-28T10:50:46.113212Z"",""no_price_dollars"":""0.2000"",""taker_side"":""yes"",""ticker"":""KXETH15M-26APR280700-00"",""trade_id"":""289c5a26-d4a9-41cd-2e8a-1d77b20017ec"",""yes_price_dollars"":""0.8000""}"
KXETH15M-26APR280700-00,fede460d-8001-4490-f024-35bc8cc1ad5f,1777373447,0.61,555.59,no,"{""count_fp"":""555.59"",""created_time"":""2026-04-28T10:50:47.559552Z"",""no_price_dollars"":""0.3900"",""taker_side"":""no"",""ticker"":""KXETH15M-26APR280700-00"",""trade_id"":""fede460d-8001-4490-f024-35bc8cc1ad5f"",""yes_price_dollars"":""0.6100""}"
KXETH15M-26APR280700-00,fbf02a36-aeb4-4c45-f36b-cab6f2d4dc23,1777373447,0.7,10.0,no,"{""count_fp"":""10.00"",""created_time"":""2026-04-28T10:50:47.559552Z"",""no_price_dollars"":""0.3000"",""taker_side"":""no"",""ticker"":""KXETH15M-26APR280700-00"",""trade_id"":""fbf02a36-aeb4-4c45-f36b-cab6f2d4dc23"",""yes_price_dollars"":""0.7000""}"
KXETH15M-26APR280700-00,fad4cd85-4a11-465b-f949-4a77378cea34,1777373447,0.63,3.0,no,"{""count_fp"":""3.00"",""created_time"":""2026-04-28T10:50:47.559552Z"",""no_price_dollars"":""0.3700"",""taker_side"":""no"",""ticker"":""KXETH15M-26APR280700-00"",""trade_id"":""fad4cd85-4a11-465b-f949-4a77378cea34"",""yes_price_dollars"":""0.6300""}"
KXETH15M-26APR280700-00,f8b3caaf-5fe6-478e-ebd4-9407cf072593,1777373447,0.62,10.0,no,"{""count_fp"":""10.00"",""created_time"":""2026-04-28T10:50:47.559552Z"",""no_price_dollars"":""0.3800"",""taker_side"":""no"",""ticker"":""KXETH15M-26APR280700-00"",""trade_id"":""f8b3caaf-5fe6-478e-ebd4-9407cf072593"",""yes_price_dollars"":""0.6200""}"
KXETH15M-26APR280700-00,d057eb7d-113c-4c3c-cd51-e9c07c4cfb03,1777373447,0.65,50.0,no,"{""count_fp"":""50.00"",""created_time"":""2026-04-28T10:50:47.559552Z"",""no_price_dollars"":""0.3500"",""taker_side"":""no"",""ticker"":""KXETH15M-26APR280700-00"",""trade_id"":""d057eb7d-113c-4c3c-cd51-e9c07c4cfb03"",""yes_price_dollars"":""0.6500""}"
KXETH15M-26APR280700-00,a38a269d-e7a2-4e61-ffe7-e3968f324629,1777373447,0.73,1.0,no,"{""count_fp"":""1.00"",""created_time"":""2026-04-28T10:50:47.559552Z"",""no_price_dollars"":""0.2700"",""taker_side"":""no"",""ticker"":""KXETH15M-26APR280700-00"",""trade_id"":""a38a269d-e7a2-4e61-ffe7-e3968f324629"",""yes_price_dollars"":""0.7300""}"
KXETH15M-26APR280700-00,8b8b545b-4391-4c99-d8d0-a068490c09a3,1777373447,0.7,60.0,no,"{""count_fp"":""60.00"",""created_time"":""2026-04-28T10:50:47.559552Z"",""no_price_dollars"":""0.3000"",""taker_side"":""no"",""ticker"":""KXETH15M-26APR280700-00"",""trade_id"":""8b8b545b-4391-4c99-d8d0-a068490c09a3"",""yes_price_dollars"":""0.7000""}"
KXETH15M-26APR280700-00,89f6c5c6-945e-4ee9-ecdc-06cb2e46b860,1777373447,0.72,9.86,no,"{""count_fp"":""9.86"",""created_time"":""2026-04-28T10:50:47.559552Z"",""no_price_dollars"":""0.2800"",""taker_side"":""no"",""ticker"":""KXETH15M-26APR280700-00"",""trade_id"":""89f6c5c6-945e-4ee9-ecdc-06cb2e46b860"",""yes_price_dollars"":""0.7200""}"
KXETH15M-26APR280700-00,65cbdef3-f8ea-484a-c720-b94d2501a088,1777373447,0.7,100.0,no,"{""count_fp"":""100.00"",""created_time"":""2026-04-28T10:50:47.559552Z"",""no_price_dollars"":""0.3000"",""taker_side"":""no"",""ticker"":""KXETH15M-26APR280700-00"",""trade_id"":""65cbdef3-f8ea-484a-c720-b94d2501a088"",""yes_price_dollars"":""0.7000""}"
KXETH15M-26APR280700-00,5bfb355c-f4a0-4b81-f399-88c8f226b44f,1777373447,0.73,10.0,no,"{""count_fp"":""10.00"",""created_time"":""2026-04-28T10:50:47.559552Z"",""no_price_dollars"":""0.2700"",""taker_side"":""no"",""ticker"":""KXETH15M-26APR280700-00"",""trade_id"":""5bfb355c-f4a0-4b81-f399-88c8f226b44f"",""yes_price_dollars"":""0.7300""}"
KXETH15M-26APR280700-00,58b0625d-5b36-4125-e966-72da7f061416,1777373447,0.71,550.0,no,"{""count_fp"":""550.00"",""created_time"":""2026-04-28T10:50:47.559552Z"",""no_price_dollars"":""0.2900"",""taker_side"":""no"",""ticker"":""KXETH15M-26APR280700-00"",""trade_id"":""58b0625d-5b36-4125-e966-72da7f061416"",""yes_price_dollars"":""0.7100""}"
KXETH15M-26APR280700-00,3d44c1ca-d6e0-4c36-ecb1-2e8a6c37c51c,1777373447,0.64,3.0,no,"{""count_fp"":""3.00"",""created_time"":""2026-04-28T10:50:47.559552Z"",""no_price_dollars"":""0.3600"",""taker_side"":""no"",""ticker"":""KXETH15M-26APR280700-00"",""trade_id"":""3d44c1ca-d6e0-4c36-ecb1-2e8a6c37c51c"",""yes_price_dollars"":""0.6400""}"
KXETH15M-26APR280700-00,f0699f19-dc3f-7d8b-4e1c-14ec628421d3,1777373448,0.68,10.0,no,"{""count_fp"":""10.00"",""created_time"":""2026-04-28T10:50:48.371371Z"",""no_price_dollars"":""0.3200"",""taker_side"":""no"",""ticker"":""KXETH15M-26APR280700-00"",""trade_id"":""f0699f19-dc3f-7d8b-4e1c-14ec628421d3"",""yes_price_dollars"":""0.6800""}"
KXETH15M-26APR280700-00,299c8b61-cea4-744a-4713-c90421f2c816,1777373448,0.68,78.67,no,"{""count_fp"":""78.67"",""created_time"":""2026-04-28T10:50:48.371371Z"",""no_price_dollars"":""0.3200"",""taker_side"":""no"",""ticker"":""KXETH15M-26APR280700-00"",""trade_id"":""299c8b61-cea4-744a-4713-c90421f2c816"",""yes_price_dollars"":""0.6800""}"
KXETH15M-26APR280700-00,6873b608-79b0-7010-1cf8-934f05adc2a2,1777373461,0.76,10.0,yes,"{""count_fp"":""10.00"",""created_time"":""2026-04-28T10:51:01.511166Z"",""no_price_dollars"":""0.2400"",""taker_side"":""yes"",""ticker"":""KXETH15M-26APR280700-00"",""trade_id"":""6873b608-79b0-7010-1cf8-934f05adc2a2"",""yes_price_dollars"":""0.7600""}"
KXETH15M-26APR280700-00,ba59a1b1-51c6-76c6-a63e-caf3d695c515,1777373464,0.77,2.55,yes,"{""count_fp"":""2.55"",""created_time"":""2026-04-28T10:51:04.055953Z"",""no_price_dollars"":""0.2300"",""taker_side"":""yes"",""ticker"":""KXETH15M-26APR280700-00"",""trade_id"":""ba59a1b1-51c6-76c6-a63e-caf3d695c515"",""yes_price_dollars"":""0.7700""}"
KXETH15M-26APR280700-00,7e36b8ca-8647-7264-4e7e-8c38b39a3d99,1777373468,0.77,6.39,yes,"{""count_fp"":""6.39"",""created_time"":""2026-04-28T10:51:08.081508Z"",""no_price_dollars"":""0.2300"",""taker_side"":""yes"",""ticker"":""KXETH15M-26APR280700-00"",""trade_id"":""7e36b8ca-8647-7264-4e7e-8c38b39a3d99"",""yes_price_dollars"":""0.7700""}"
KXETH15M-26APR280700-00,e1380ada-a0c0-4ef3-379d-29c555198711,1777373476,0.77,9.13,yes,"{""count_fp"":""9.13"",""created_time"":""2026-04-28T10:51:16.657782Z"",""no_price_dollars"":""0.2300"",""taker_side"":""yes"",""ticker"":""KXETH15M-26APR280700-00"",""trade_id"":""e1380ada-a0c0-4ef3-379d-29c555198711"",""yes_price_dollars"":""0.7700""}"
KXETH15M-26APR280700-00,d26ee346-4f33-4e05-31ac-0adcc2d96b9f,1777373476,0.78,79.58,yes,"{""count_fp"":""79.58"",""created_time"":""2026-04-28T10:51:16.657782Z"",""no_price_dollars"":""0.2200"",""taker_side"":""yes"",""ticker"":""KXETH15M-26APR280700-00"",""trade_id"":""d26ee346-4f33-4e05-31ac-0adcc2d96b9f"",""yes_price_dollars"":""0.7800""}"
KXETH15M-26APR280700-00,6ad2de4b-f07f-4ac3-2d46-795d1696c478,1777373476,0.77,10.0,yes,"{""count_fp"":""10.00"",""created_time"":""2026-04-28T10:51:16.657782Z"",""no_price_dollars"":""0.2300"",""taker_side"":""yes"",""ticker"":""KXETH15M-26APR280700-00"",""trade_id"":""6ad2de4b-f07f-4ac3-2d46-795d1696c478"",""yes_price_dollars"":""0.7700""}"
KXETH15M-26APR280700-00,e2911b6a-836a-7db8-0d2e-f0befeba7110,1777373478,0.76,2.0,no,"{""count_fp"":""2.00"",""created_time"":""2026-04-28T10:51:18.988127Z"",""no_price_dollars"":""0.2400"",""taker_side"":""no"",""ticker"":""KXETH15M-26APR280700-00"",""trade_id"":""e2911b6a-836a-7db8-0d2e-f0befeba7110"",""yes_price_dollars"":""0.7600""}"
KXETH15M-26APR280700-00,96642900-bdcc-7c0a-186c-f218e447e842,1777373478,0.74,2.05,no,"{""count_fp"":""2.05"",""created_time"":""2026-04-28T10:51:18.988127Z"",""no_price_dollars"":""0.2600"",""taker_side"":""no"",""ticker"":""KXETH15M-26APR280700-00"",""trade_id"":""96642900-bdcc-7c0a-186c-f218e447e842"",""yes_price_dollars"":""0.7400""}"
KXETH15M-26APR280700-00,5d64db50-e45e-7473-129c-6b309a077285,1777373478,0.75,6.0,no,"{""count_fp"":""6.00"",""created_time"":""2026-04-28T10:51:18.988127Z"",""no_price_dollars"":""0.2500"",""taker_side"":""no"",""ticker"":""KXETH15M-26APR280700-00"",""trade_id"":""5d64db50-e45e-7473-129c-6b309a077285"",""yes_price_dollars"":""0.7500""}"
KXETH15M-26APR280700-00,067ae9cd-ba86-76e0-dec3-8f58f5978998,1777373482,0.72,1.0,no,"{""count_fp"":""1.00"",""created_time"":""2026-04-28T10:51:22.742284Z"",""no_price_dollars"":""0.2800"",""taker_side"":""no"",""ticker"":""KXETH15M-26APR280700-00"",""trade_id"":""067ae9cd-ba86-76e0-dec3-8f58f5978998"",""yes_price_dollars"":""0.7200""}"
KXETH15M-26APR280700-00,f1487c42-efbd-76cb-faf4-dcb410f495bb,1777373484,0.72,2.0,no,"{""count_fp"":""2.00"",""created_time"":""2026-04-28T10:51:24.193194Z"",""no_price_dollars"":""0.2800"",""taker_side"":""no"",""ticker"":""KXETH15M-26APR280700-00"",""trade_id"":""f1487c42-efbd-76cb-faf4-dcb410f495bb"",""yes_price_dollars"":""0.7200""}"
KXETH15M-26APR280700-00,7e46e386-e412-74bc-ef39-3058173743a0,1777373484,0.72,1.0,no,"{""count_fp"":""1.00"",""created_time"":""2026-04-28T10:51:24.193194Z"",""no_price_dollars"":""0.2800"",""taker_side"":""no"",""ticker"":""KXETH15M-26APR280700-00"",""trade_id"":""7e46e386-e412-74bc-ef39-3058173743a0"",""yes_price_dollars"":""0.7200""}"
KXETH15M-26APR280700-00,7baded62-47ac-725a-f79a-eefac3db7466,1777373484,0.72,100.0,no,"{""count_fp"":""100.00"",""created_time"":""2026-04-28T10:51:24.193194Z"",""no_price_dollars"":""0.2800"",""taker_side"":""no"",""ticker"":""KXETH15M-26APR280700-00"",""trade_id"":""7baded62-47ac-725a-f79a-eefac3db7466"",""yes_price_dollars"":""0.7200""}"
KXETH15M-26APR280700-00,6d97386b-4c30-7269-d05e-173fa2074a11,1777373484,0.72,10.0,no,"{""count_fp"":""10.00"",""created_time"":""2026-04-28T10:51:24.193194Z"",""no_price_dollars"":""0.2800"",""taker_side"":""no"",""ticker"":""KXETH15M-26APR280700-00"",""trade_id"":""6d97386b-4c30-7269-d05e-173fa2074a11"",""yes_price_dollars"":""0.7200""}"
KXETH15M-26APR280700-00,489e2a97-e696-764a-cafd-43d567832937,1777373484,0.72,9.86,no,"{""count_fp"":""9.86"",""created_time"":""2026-04-28T10:51:24.193194Z"",""no_price_dollars"":""0.2800"",""taker_side"":""no"",""ticker"":""KXETH15M-26APR280700-00"",""trade_id"":""489e2a97-e696-764a-cafd-43d567832937"",""yes_price_dollars"":""0.7200""}"
KXETH15M-26APR280700-00,42e5c6d4-767c-78c6-c40a-67fa3d36ac3c,1777373484,0.72,9.14,no,"{""count_fp"":""9.14"",""created_time"":""2026-04-28T10:51:24.193194Z"",""no_price_dollars"":""0.2800"",""taker_side"":""no"",""ticker"":""KXETH15M-26APR280700-00"",""trade_id"":""42e5c6d4-767c-78c6-c40a-67fa3d36ac3c"",""yes_price_dollars"":""0.7200""}"
KXETH15M-26APR280700-00,a7cdbff6-53c2-4dd5-ede7-839170a9ed1c,1777373485,0.65,195.0,no,"{""count_fp"":""195.00"",""created_time"":""2026-04-28T10:51:25.876676Z"",""no_price_dollars"":""0.3500"",""taker_side"":""no"",""ticker"":""KXETH15M-26APR280700-00"",""trade_id"":""a7cdbff6-53c2-4dd5-ede7-839170a9ed1c"",""yes_price_dollars"":""0.6500""}"
KXETH15M-26APR280700-00,46a00ec3-d438-44c6-f18c-99a188819968,1777373485,0.65,10.0,no,"{""count_fp"":""10.00"",""created_time"":""2026-04-28T10:51:25.876676Z"",""no_price_dollars"":""0.3500"",""taker_side"":""no"",""ticker"":""KXETH15M-26APR280700-00"",""trade_id"":""46a00ec3-d438-44c6-f18c-99a188819968"",""yes_price_dollars"":""0.6500""}"
KXETH15M-26APR280700-00,23acdfa5-9b7f-4dfd-ed26-2887a6d84f09,1777373485,0.65,100.0,no,"{""count_fp"":""100.00"",""created_time"":""2026-04-28T10:51:25.876676Z"",""no_price_dollars"":""0.3500"",""taker_side"":""no"",""ticker"":""KXETH15M-26APR280700-00"",""trade_id"":""23acdfa5-9b7f-4dfd-ed26-2887a6d84f09"",""yes_price_dollars"":""0.6500""}"
KXETH15M-26APR280700-00,b13c1605-f770-6d6a-c463-4a582386fc19,1777373488,0.67,5.11,yes,"{""count_fp"":""5.11"",""created_time"":""2026-04-28T10:51:28.337306Z"",""no_price_dollars"":""0.3300"",""taker_side"":""yes"",""ticker"":""KXETH15M-26APR280700-00"",""trade_id"":""b13c1605-f770-6d6a-c463-4a582386fc19"",""yes_price_dollars"":""0.6700""}"
KXETH15M-26APR280700-00,b58ae59a-28ee-4841-56bf-04ca3c5faaa8,1777373489,0.64,2.65,no,"{""count_fp"":""2.65"",""created_time"":""2026-04-28T10:51:29.879109Z"",""no_price_dollars"":""0.3600"",""taker_side"":""no"",""ticker"":""KXETH15M-26APR280700-00"",""trade_id"":""b58ae59a-28ee-4841-56bf-04ca3c5faaa8"",""yes_price_dollars"":""0.6400""}"
KXETH15M-26APR280700-00,1ee69ec2-2e95-45f6-a5fc-6324a7e68a5e,1777373490,0.68,7.14,yes,"{""count_fp"":""7.14"",""created_time"":""2026-04-28T10:51:30.629302Z"",""no_price_dollars"":""0.3200"",""taker_side"":""yes"",""ticker"":""KXETH15M-26APR280700-00"",""trade_id"":""1ee69ec2-2e95-45f6-a5fc-6324a7e68a5e"",""yes_price_dollars"":""0.6800""}"
KXETH15M-26APR280700-00,c97ec76f-bc91-5f41-f52f-fb5939db3806,1777373507,0.68,10.0,yes,"{""count_fp"":""10.00"",""created_time"":""2026-04-28T10:51:47.397234Z"",""no_price_dollars"":""0.3200"",""taker_side"":""yes"",""ticker"":""KXETH15M-26APR280700-00"",""trade_id"":""c97ec76f-bc91-5f41-f52f-fb5939db3806"",""yes_price_dollars"":""0.6800""}"
KXETH15M-26APR280700-00,12f73640-c6b1-5312-e0a0-b58ddc22f532,1777373507,0.71,60.0,yes,"{""count_fp"":""60.00"",""created_time"":""2026-04-28T10:51:47.397234Z"",""no_price_dollars"":""0.2900"",""taker_side"":""yes"",""ticker"":""KXETH15M-26APR280700-00"",""trade_id"":""12f73640-c6b1-5312-e0a0-b58ddc22f532"",""yes_price_dollars"":""0.7100""}"
KXETH15M-26APR280700-00,afca0598-7b75-51af-3e88-6e9d537449ed,1777373507,0.66,0.42,yes,"{""count_fp"":""0.42"",""created_time"":""2026-04-28T10:51:47.348905Z"",""no_price_dollars"":""0.3400"",""taker_side"":""yes"",""ticker"":""KXETH15M-26APR280700-00"",""trade_id"":""afca0598-7b75-51af-3e88-6e9d537449ed"",""yes_price_dollars"":""0.6600""}"
KXETH15M-26APR280700-00,2874054a-2235-5bf2-1e3e-a5f700745626,1777373507,0.68,100.0,yes,"{""count_fp"":""100.00"",""created_time"":""2026-04-28T10:51:47.348905Z"",""no_price_dollars"":""0.3200"",""taker_side"":""yes"",""ticker"":""KXETH15M-26APR280700-00"",""trade_id"":""2874054a-2235-5bf2-1e3e-a5f700745626"",""yes_price_dollars"":""0.6800""}"
KXETH15M-26APR280700-00,c5933e50-b088-4aa0-8e7d-4a04ee4508bc,1777373507,0.65,9.42,yes,"{""count_fp"":""9.42"",""created_time"":""2026-04-28T10:51:47.348535Z"",""no_price_dollars"":""0.3500"",""taker_side"":""yes"",""ticker"":""KXETH15M-26APR280700-00"",""trade_id"":""c5933e50-b088-4aa0-8e7d-4a04ee4508bc"",""yes_price_dollars"":""0.6500""}"
KXETH15M-26APR280700-00,aa18baa7-90df-44c4-aa8f-63106321035c,1777373507,0.65,1.0,yes,"{""count_fp"":""1.00"",""created_time"":""2026-04-28T10:51:47.348535Z"",""no_price_dollars"":""0.3500"",""taker_side"":""yes"",""ticker"":""KXETH15M-26APR280700-00"",""trade_id"":""aa18baa7-90df-44c4-aa8f-63106321035c"",""yes_price_dollars"":""0.6500""}"
KXETH15M-26APR280700-00,7f44d319-89b5-443f-bb9c-5adf82d10c85,1777373507,0.66,9.58,yes,"{""count_fp"":""9.58"",""created_time"":""2026-04-28T10:51:47.348535Z"",""no_price_dollars"":""0.3400"",""taker_side"":""yes"",""ticker"":""KXETH15M-26APR280700-00"",""trade_id"":""7f44d319-89b5-443f-bb9c-5adf82d10c85"",""yes_price_dollars"":""0.6600""}"
KXETH15M-26APR280700-00,5ad9c8d4-8162-44f2-bd85-04f74c7bd995,1777373507,0.66,550.0,yes,"{""count_fp"":""550.00"",""created_time"":""2026-04-28T10:51:47.348535Z"",""no_price_dollars"":""0.3400"",""taker_side"":""yes"",""ticker"":""KXETH15M-26APR280700-00"",""trade_id"":""5ad9c8d4-8162-44f2-bd85-04f74c7bd995"",""yes_price_dollars"":""0.6600""}"
KXETH15M-26APR280700-00,62246ec1-3826-7889-951a-1c0b638d4b88,1777373515,0.76,1.0,no,"{""count_fp"":""1.00"",""created_time"":""2026-04-28T10:51:55.269578Z"",""no_price_dollars"":""0.2400"",""taker_side"":""no"",""ticker"":""KXETH15M-26APR280700-00"",""trade_id"":""62246ec1-3826-7889-951a-1c0b638d4b88"",""yes_price_dollars"":""0.7600""}"
KXETH15M-26APR280700-00,c57c1adc-a13e-50e2-8855-e206ec357950,1777373515,0.77,10.0,yes,"{""count_fp"":""10.00"",""created_time"":""2026-04-28T10:51:55.171172Z"",""no_price_dollars"":""0.2300"",""taker_side"":""yes"",""ticker"":""KXETH15M-26APR280700-00"",""trade_id"":""c57c1adc-a13e-50e2-8855-e206ec357950"",""yes_price_dollars"":""0.7700""}"
KXETH15M-26APR280700-00,db74f5e2-9a16-4fa9-7289-945c38c35ab4,1777373516,0.76,19.0,no,"{""count_fp"":""19.00"",""created_time"":""2026-04-28T10:51:56.938705Z"",""no_price_dollars"":""0.2400"",""taker_side"":""no"",""ticker"":""KXETH15M-26APR280700-00"",""trade_id"":""db74f5e2-9a16-4fa9-7289-945c38c35ab4"",""yes_price_dollars"":""0.7600""}"
KXETH15M-26APR280700-00,37a256ff-b82e-5af7-4341-53a4de737f55,1777373520,0.79,12.0,yes,"{""count_fp"":""12.00"",""created_time"":""2026-04-28T10:52:00.323483Z"",""no_price_dollars"":""0.2100"",""taker_side"":""yes"",""ticker"":""KXETH15M-26APR280700-00"",""trade_id"":""37a256ff-b82e-5af7-4341-53a4de737f55"",""yes_price_dollars"":""0.7900""}"
KXETH15M-26APR280700-00,b9366ee2-4272-56f7-e7a7-dc5ac898c26d,1777373521,0.79,2.45,yes,"{""count_fp"":""2.45"",""created_time"":""2026-04-28T10:52:01.610273Z"",""no_price_dollars"":""0.2100"",""taker_side"":""yes"",""ticker"":""KXETH15M-26APR280700-00"",""trade_id"":""b9366ee2-4272-56f7-e7a7-dc5ac898c26d"",""yes_price_dollars"":""0.7900""}"
KXETH15M-26APR280700-00,397e869c-efa7-57ea-c88d-6e023eb26191,1777373521,0.78,10.0,yes,"{""count_fp"":""10.00"",""created_time"":""2026-04-28T10:52:01.610273Z"",""no_price_dollars"":""0.2200"",""taker_side"":""yes"",""ticker"":""KXETH15M-26APR280700-00"",""trade_id"":""397e869c-efa7-57ea-c88d-6e023eb26191"",""yes_price_dollars"":""0.7800""}"
KXETH15M-26APR280700-00,36cd1484-b32e-402f-12db-a390ca4ac3f1,1777373525,0.79,15.05,yes,"{""count_fp"":""15.05"",""created_time"":""2026-04-28T10:52:05.776275Z"",""no_price_dollars"":""0.2100"",""taker_side"":""yes"",""ticker"":""KXETH15M-26APR280700-00"",""trade_id"":""36cd1484-b32e-402f-12db-a390ca4ac3f1"",""yes_price_dollars"":""0.7900""}"
KXETH15M-26APR280700-00,0f367bbb-957c-428a-3d06-40cc7c1f48de,1777373525,0.78,10.0,yes,"{""count_fp"":""10.00"",""created_time"":""2026-04-28T10:52:05.776275Z"",""no_price_dollars"":""0.2200"",""taker_side"":""yes"",""ticker"":""KXETH15M-26APR280700-00"",""trade_id"":""0f367bbb-957c-428a-3d06-40cc7c1f48de"",""yes_price_dollars"":""0.7800""}"
KXETH15M-26APR280700-00,027ddb3a-f852-5d39-ce29-a1a98a8cdcc4,1777373525,0.76,7.14,no,"{""count_fp"":""7.14"",""created_time"":""2026-04-28T10:52:05.081857Z"",""no_price_dollars"":""0.2400"",""taker_side"":""no"",""ticker"":""KXETH15M-26APR280700-00"",""trade_id"":""027ddb3a-f852-5d39-ce29-a1a98a8cdcc4"",""yes_price_dollars"":""0.7600""}"
KXETH15M-26APR280700-00,362e037f-6e32-5589-99dd-649a57586934,1777373530,0.76,1.0,no,"{""count_fp"":""1.00"",""created_time"":""2026-04-28T10:52:10.904358Z"",""no_price_dollars"":""0.2400"",""taker_side"":""no"",""ticker"":""KXETH15M-26APR280700-00"",""trade_id"":""362e037f-6e32-5589-99dd-649a57586934"",""yes_price_dollars"":""0.7600""}"
KXETH15M-26APR280700-00,12bfd5d0-e63a-4e35-225c-ccf2b988533c,1777373538,0.76,14.0,no,"{""count_fp"":""14.00"",""created_time"":""2026-04-28T10:52:18.530006Z"",""no_price_dollars"":""0.2400"",""taker_side"":""no"",""ticker"":""KXETH15M-26APR280700-00"",""trade_id"":""12bfd5d0-e63a-4e35-225c-ccf2b988533c"",""yes_price_dollars"":""0.7600""}"
KXETH15M-26APR280700-00,fa3e259a-04c2-4694-1dcf-9b3779f4bfa3,1777373545,0.78,3.78,yes,"{""count_fp"":""3.78"",""created_time"":""2026-04-28T10:52:25.354132Z"",""no_price_dollars"":""0.2200"",""taker_side"":""yes"",""ticker"":""KXETH15M-26APR280700-00"",""trade_id"":""fa3e259a-04c2-4694-1dcf-9b3779f4bfa3"",""yes_price_dollars"":""0.7800""}"
KXETH15M-26APR280700-00,616aad22-27b2-555f-b9b1-9941ef87bc5e,1777373558,0.76,1.0,no,"{""count_fp"":""1.00"",""created_time"":""2026-04-28T10:52:38.197942Z"",""no_price_dollars"":""0.2400"",""taker_side"":""no"",""ticker"":""KXETH15M-26APR280700-00"",""trade_id"":""616aad22-27b2-555f-b9b1-9941ef87bc5e"",""yes_price_dollars"":""0.7600""}"
KXETH15M-26APR280700-00,e14f0f30-5e7d-7236-3b3d-4e0aa3e308c0,1777373575,0.74,45.19,no,"{""count_fp"":""45.19"",""created_time"":""2026-04-28T10:52:55.583405Z"",""no_price_dollars"":""0.2600"",""taker_side"":""no"",""ticker"":""KXETH15M-26APR280700-00"",""trade_id"":""e14f0f30-5e7d-7236-3b3d-4e0aa3e308c0"",""yes_price_dollars"":""0.7400""}"
KXETH15M-26APR280700-00,2b283276-0d01-7eec-07ab-618ff8dd2d0a,1777373575,0.75,10.0,no,"{""count_fp"":""10.00"",""created_time"":""2026-04-28T10:52:55.583405Z"",""no_price_dollars"":""0.2500"",""taker_side"":""no"",""ticker"":""KXETH15M-26APR280700-00"",""trade_id"":""2b283276-0d01-7eec-07ab-618ff8dd2d0a"",""yes_price_dollars"":""0.7500""}"
KXETH15M-26APR280700-00,c9abb756-84b7-794f-c4b0-deacfd46261e,1777373581,0.75,2.0,no,"{""count_fp"":""2.00"",""created_time"":""2026-04-28T10:53:01.234477Z"",""no_price_dollars"":""0.2500"",""taker_side"":""no"",""ticker"":""KXETH15M-26APR280700-00"",""trade_id"":""c9abb756-84b7-794f-c4b0-deacfd46261e"",""yes_price_dollars"":""0.7500""}"
KXETH15M-26APR280700-00,b542704e-2cea-7b14-fbe5-b2bba35611a7,1777373581,0.74,10.0,no,"{""count_fp"":""10.00"",""created_time"":""2026-04-28T10:53:01.234477Z"",""no_price_dollars"":""0.2600"",""taker_side"":""no"",""ticker"":""KXETH15M-26APR280700-00"",""trade_id"":""b542704e-2cea-7b14-fbe5-b2bba35611a7"",""yes_price_dollars"":""0.7400""}"
KXETH15M-26APR280700-00,66c3e313-0a94-7b56-f246-5a803c371dde,1777373581,0.74,60.0,no,"{""count_fp"":""60.00"",""created_time"":""2026-04-28T10:53:01.234477Z"",""no_price_dollars"":""0.2600"",""taker_side"":""no"",""ticker"":""KXETH15M-26APR280700-00"",""trade_id"":""66c3e313-0a94-7b56-f246-5a803c371dde"",""yes_price_dollars"":""0.7400""}"
KXETH15M-26APR280700-00,5226d05d-bc54-7a08-e799-52e00e1b90fd,1777373581,0.74,10.0,no,"{""count_fp"":""10.00"",""created_time"":""2026-04-28T10:53:01.234477Z"",""no_price_dollars"":""0.2600"",""taker_side"":""no"",""ticker"":""KXETH15M-26APR280700-00"",""trade_id"":""5226d05d-bc54-7a08-e799-52e00e1b90fd"",""yes_price_dollars"":""0.7400""}"
KXETH15M-26APR280700-00,dec32194-aab9-72e2-0587-73b7d1eddfd8,1777373583,0.74,2.0,yes,"{""count_fp"":""2.00"",""created_time"":""2026-04-28T10:53:03.988547Z"",""no_price_dollars"":""0.2600"",""taker_side"":""yes"",""ticker"":""KXETH15M-26APR280700-00"",""trade_id"":""dec32194-aab9-72e2-0587-73b7d1eddfd8"",""yes_price_dollars"":""0.7400""}"
KXETH15M-26APR280700-00,497dc630-fd2f-7fd4-5438-f2d979dbf6fd,1777373587,0.76,5.11,yes,"{""count_fp"":""5.11"",""created_time"":""2026-04-28T10:53:07.289525Z"",""no_price_dollars"":""0.2400"",""taker_side"":""yes"",""ticker"":""KXETH15M-26APR280700-00"",""trade_id"":""497dc630-fd2f-7fd4-5438-f2d979dbf6fd"",""yes_price_dollars"":""0.7600""}"
KXETH15M-26APR280700-00,9dda6098-062f-49d4-af4a-bc6ea979156d,1777373589,0.76,1.0,yes,"{""count_fp"":""1.00"",""created_time"":""2026-04-28T10:53:09.422437Z"",""no_price_dollars"":""0.2400"",""taker_side"":""yes"",""ticker"":""KXETH15M-26APR280700-00"",""trade_id"":""9dda6098-062f-49d4-af4a-bc6ea979156d"",""yes_price_dollars"":""0.7600""}"
KXETH15M-26APR280700-00,8b7d8d1e-efea-5819-f2c1-e7db5b2df180,1777373592,0.75,0.76,no,"{""count_fp"":""0.76"",""created_time"":""2026-04-28T10:53:12.402416Z"",""no_price_dollars"":""0.2500"",""taker_side"":""no"",""ticker"":""KXETH15M-26APR280700-00"",""trade_id"":""8b7d8d1e-efea-5819-f2c1-e7db5b2df180"",""yes_price_dollars"":""0.7500""}"
KXETH15M-26APR280700-00,2914830b-c0b3-7f88-ac6d-2e7544469b19,1777373594,0.76,129.4,yes,"{""count_fp"":""129.40"",""created_time"":""2026-04-28T10:53:14.887057Z"",""no_price_dollars"":""0.2400"",""taker_side"":""yes"",""ticker"":""KXETH15M-26APR280700-00"",""trade_id"":""2914830b-c0b3-7f88-ac6d-2e7544469b19"",""yes_price_dollars"":""0.7600""}"
KXETH15M-26APR280700-00,62424b89-4cde-7291-fcac-4aa6e7fc0bac,1777373596,0.75,15.0,no,"{""count_fp"":""15.00"",""created_time"":""2026-04-28T10:53:16.981484Z"",""no_price_dollars"":""0.2500"",""taker_side"":""no"",""ticker"":""KXETH15M-26APR280700-00"",""trade_id"":""62424b89-4cde-7291-fcac-4aa6e7fc0bac"",""yes_price_dollars"":""0.7500""}"
KXETH15M-26APR280700-00,114daa27-0403-52a8-2ce6-c4205f869aed,1777373596,0.76,1.0,yes,"{""count_fp"":""1.00"",""created_time"":""2026-04-28T10:53:16.842216Z"",""no_price_dollars"":""0.2400"",""taker_side"":""yes"",""ticker"":""KXETH15M-26APR280700-00"",""trade_id"":""114daa27-0403-52a8-2ce6-c4205f869aed"",""yes_price_dollars"":""0.7600""}"
KXETH15M-26APR280700-00,6844514b-bfdf-5888-536b-78d6410a9371,1777373599,0.76,1.0,yes,"{""count_fp"":""1.00"",""created_time"":""2026-04-28T10:53:19.152245Z"",""no_price_dollars"":""0.2400"",""taker_side"":""yes"",""ticker"":""KXETH15M-26APR280700-00"",""trade_id"":""6844514b-bfdf-5888-536b-78d6410a9371"",""yes_price_dollars"":""0.7600""}"
KXETH15M-26APR280700-00,ca4552c1-deb2-6b05-0ed1-f18e1f7cd424,1777373604,0.75,370.33,no,"{""count_fp"":""370.33"",""created_time"":""2026-04-28T10:53:24.529607Z"",""no_price_dollars"":""0.2500"",""taker_side"":""no"",""ticker"":""KXETH15M-26APR280700-00"",""trade_id"":""ca4552c1-deb2-6b05-0ed1-f18e1f7cd424"",""yes_price_dollars"":""0.7500""}"
KXETH15M-26APR280700-00,970dbd5c-e08b-5b5c-64b5-db8ccde2aa29,1777373604,0.76,15.65,yes,"{""count_fp"":""15.65"",""created_time"":""2026-04-28T10:53:24.095951Z"",""no_price_dollars"":""0.2400"",""taker_side"":""yes"",""ticker"":""KXETH15M-26APR280700-00"",""trade_id"":""970dbd5c-e08b-5b5c-64b5-db8ccde2aa29"",""yes_price_dollars"":""0.7600""}"
KXETH15M-26APR280700-00,c32d3e9f-4ca2-6b5d-ff94-d3a0891578f0,1777373605,0.75,3.8,no,"{""count_fp"":""3.80"",""created_time"":""2026-04-28T10:53:25.688825Z"",""no_price_dollars"":""0.2500"",""taker_side"":""no"",""ticker"":""KXETH15M-26APR280700-00"",""trade_id"":""c32d3e9f-4ca2-6b5d-ff94-d3a0891578f0"",""yes_price_dollars"":""0.7500""}"
KXETH15M-26APR280700-00,b8fd69d7-a2eb-7c14-801a-6e21bfd2a7b9,1777373610,0.76,169.0,yes,"{""count_fp"":""169.00"",""created_time"":""2026-04-28T10:53:30.144855Z"",""no_price_dollars"":""0.2400"",""taker_side"":""yes"",""ticker"":""KXETH15M-26APR280700-00"",""trade_id"":""b8fd69d7-a2eb-7c14-801a-6e21bfd2a7b9"",""yes_price_dollars"":""0.7600""}"
KXETH15M-26APR280700-00,e1879855-63c6-787d-d3b4-e59cf0133504,1777373612,0.75,4.59,no,"{""count_fp"":""4.59"",""created_time"":""2026-04-28T10:53:32.124284Z"",""no_price_dollars"":""0.2500"",""taker_side"":""no"",""ticker"":""KXETH15M-26APR280700-00"",""trade_id"":""e1879855-63c6-787d-d3b4-e59cf0133504"",""yes_price_dollars"":""0.7500""}"
KXETH15M-26APR280700-00,169eff87-7417-5ee8-6981-721d6c600e15,1777373613,0.76,77.84,yes,"{""count_fp"":""77.84"",""created_time"":""2026-04-28T10:53:33.134471Z"",""no_price_dollars"":""0.2400"",""taker_side"":""yes"",""ticker"":""KXETH15M-26APR280700-00"",""trade_id"":""169eff87-7417-5ee8-6981-721d6c600e15"",""yes_price_dollars"":""0.7600""}"
KXETH15M-26APR280700-00,ec762252-72e2-45fa-1155-1985bad5aec8,1777373614,0.81,1.0,yes,"{""count_fp"":""1.00"",""created_time"":""2026-04-28T10:53:34.642758Z"",""no_price_dollars"":""0.1900"",""taker_side"":""yes"",""ticker"":""KXETH15M-26APR280700-00"",""trade_id"":""ec762252-72e2-45fa-1155-1985bad5aec8"",""yes_price_dollars"":""0.8100""}"
KXETH15M-26APR280700-00,63f61f47-f4e6-4f64-12ac-9fe4ee98e661,1777373620,0.8,6.16,yes,"{""count_fp"":""6.16"",""created_time"":""2026-04-28T10:53:40.574015Z"",""no_price_dollars"":""0.2000"",""taker_side"":""yes"",""ticker"":""KXETH15M-26APR280700-00"",""trade_id"":""63f61f47-f4e6-4f64-12ac-9fe4ee98e661"",""yes_price_dollars"":""0.8000""}"
KXETH15M-26APR280700-00,56292e0a-5f1c-54cc-99a7-c378d7c8de89,1777373622,0.83,10.0,yes,"{""count_fp"":""10.00"",""created_time"":""2026-04-28T10:53:42.624024Z"",""no_price_dollars"":""0.1700"",""taker_side"":""yes"",""ticker"":""KXETH15M-26APR280700-00"",""trade_id"":""56292e0a-5f1c-54cc-99a7-c378d7c8de89"",""yes_price_dollars"":""0.8300""}"
KXETH15M-26APR280700-00,0299604c-5855-5303-9046-12515290fb68,1777373622,0.82,216.64,yes,"{""count_fp"":""216.64"",""created_time"":""2026-04-28T10:53:42.624024Z"",""no_price_dollars"":""0.1800"",""taker_side"":""yes"",""ticker"":""KXETH15M-26APR280700-00"",""trade_id"":""0299604c-5855-5303-9046-12515290fb68"",""yes_price_dollars"":""0.8200""}"
KXETH15M-26APR280700-00,f257c806-f22b-57f7-23fd-4dbb304ff604,1777373622,0.81,25.0,yes,"{""count_fp"":""25.00"",""created_time"":""2026-04-28T10:53:42.607619Z"",""no_price_dollars"":""0.1900"",""taker_side"":""yes"",""ticker"":""KXETH15M-26APR280700-00"",""trade_id"":""f257c806-f22b-57f7-23fd-4dbb304ff604"",""yes_price_dollars"":""0.8100""}"
KXETH15M-26APR280700-00,1a71a3c9-5011-6777-40cf-3417e3351619,1777373623,0.84,1.0,yes,"{""count_fp"":""1.00"",""created_time"":""2026-04-28T10:53:43.490646Z"",""no_price_dollars"":""0.1600"",""taker_side"":""yes"",""ticker"":""KXETH15M-26APR280700-00"",""trade_id"":""1a71a3c9-5011-6777-40cf-3417e3351619"",""yes_price_dollars"":""0.8400""}"
KXETH15M-26APR280700-00,4619face-2671-6c4e-7423-0e8aac413340,1777373624,0.86,4.0,no,"{""count_fp"":""4.00"",""created_time"":""2026-04-28T10:53:44.802193Z"",""no_price_dollars"":""0.1400"",""taker_side"":""no"",""ticker"":""KXETH15M-26APR280700-00"",""trade_id"":""4619face-2671-6c4e-7423-0e8aac413340"",""yes_price_dollars"":""0.8600""}"
KXETH15M-26APR280700-00,e42e07cf-c92e-5cca-39c3-0aa96f344195,1777373626,0.84,10.0,no,"{""count_fp"":""10.00"",""created_time"":""2026-04-28T10:53:46.339865Z"",""no_price_dollars"":""0.1600"",""taker_side"":""no"",""ticker"":""KXETH15M-26APR280700-00"",""trade_id"":""e42e07cf-c92e-5cca-39c3-0aa96f344195"",""yes_price_dollars"":""0.8400""}"
KXETH15M-26APR280700-00,4ee84f82-396d-49a1-4b31-6e28b2b19b9d,1777373626,0.86,10.0,no,"{""count_fp"":""10.00"",""created_time"":""2026-04-28T10:53:46.183695Z"",""no_price_dollars"":""0.1400"",""taker_side"":""no"",""ticker"":""KXETH15M-26APR280700-00"",""trade_id"":""4ee84f82-396d-49a1-4b31-6e28b2b19b9d"",""yes_price_dollars"":""0.8600""}"
KXETH15M-26APR280700-00,42c7b0f7-64bd-4892-618b-5969fe2333e0,1777373626,0.86,96.0,no,"{""count_fp"":""96.00"",""created_time"":""2026-04-28T10:53:46.183695Z"",""no_price_dollars"":""0.1400"",""taker_side"":""no"",""ticker"":""KXETH15M-26APR280700-00"",""trade_id"":""42c7b0f7-64bd-4892-618b-5969fe2333e0"",""yes_price_dollars"":""0.8600""}"
KXETH15M-26APR280700-00,e2745778-7ec6-4206-ef65-42917c8d5971,1777373628,0.86,156.0,yes,"{""count_fp"":""156.00"",""created_time"":""2026-04-28T10:53:48.085544Z"",""no_price_dollars"":""0.1400"",""taker_side"":""yes"",""ticker"":""KXETH15M-26APR280700-00"",""trade_id"":""e2745778-7ec6-4206-ef65-42917c8d5971"",""yes_price_dollars"":""0.8600""}"
KXETH15M-26APR280700-00,ddd33d59-2e41-49d1-f1b3-df29f41c8a5f,1777373628,0.84,10.0,yes,"{""count_fp"":""10.00"",""created_time"":""2026-04-28T10:53:48.085544Z"",""no_price_dollars"":""0.1600"",""taker_side"":""yes"",""ticker"":""KXETH15M-26APR280700-00"",""trade_id"":""ddd33d59-2e41-49d1-f1b3-df29f41c8a5f"",""yes_price_dollars"":""0.8400""}"
KXETH15M-26APR280700-00,929a79e9-d8ae-40cd-ec78-534863fd0ce8,1777373631,0.85,2.0,yes,"{""count_fp"":""2.00"",""created_time"":""2026-04-28T10:53:51.867395Z"",""no_price_dollars"":""0.1500"",""taker_side"":""yes"",""ticker"":""KXETH15M-26APR280700-00"",""trade_id"":""929a79e9-d8ae-40cd-ec78-534863fd0ce8"",""yes_price_dollars"":""0.8500""}"
KXETH15M-26APR280700-00,fed073b9-58ef-76d8-5188-722a095ff9b9,1777373631,0.85,9.0,yes,"{""count_fp"":""9.00"",""created_time"":""2026-04-28T10:53:51.346193Z"",""no_price_dollars"":""0.1500"",""taker_side"":""yes"",""ticker"":""KXETH15M-26APR280700-00"",""trade_id"":""fed073b9-58ef-76d8-5188-722a095ff9b9"",""yes_price_dollars"":""0.8500""}"
KXETH15M-26APR280700-00,01f70e40-ace6-542d-cf5a-4696fd63b118,1777373632,0.85,1.0,yes,"{""count_fp"":""1.00"",""created_time"":""2026-04-28T10:53:52.272315Z"",""no_price_dollars"":""0.1500"",""taker_side"":""yes"",""ticker"":""KXETH15M-26APR280700-00"",""trade_id"":""01f70e40-ace6-542d-cf5a-4696fd63b118"",""yes_price_dollars"":""0.8500""}"
KXETH15M-26APR280700-00,558e4fb8-f97a-6dc6-a060-4321435a6f09,1777373633,0.86,5.0,yes,"{""count_fp"":""5.00"",""created_time"":""2026-04-28T10:53:53.994063Z"",""no_price_dollars"":""0.1400"",""taker_side"":""yes"",""ticker"":""KXETH15M-26APR280700-00"",""trade_id"":""558e4fb8-f97a-6dc6-a060-4321435a6f09"",""yes_price_dollars"":""0.8600""}"
KXETH15M-26APR280700-00,c64d0366-2d5e-4aa2-d99b-75eac783deb1,1777373633,0.86,1.0,yes,"{""count_fp"":""1.00"",""created_time"":""2026-04-28T10:53:53.617198Z"",""no_price_dollars"":""0.1400"",""taker_side"":""yes"",""ticker"":""KXETH15M-26APR280700-00"",""trade_id"":""c64d0366-2d5e-4aa2-d99b-75eac783deb1"",""yes_price_dollars"":""0.8600""}"
KXETH15M-26APR280700-00,999b2467-168e-4e2a-e29b-afad16a03405,1777373633,0.86,1.0,yes,"{""count_fp"":""1.00"",""created_time"":""2026-04-28T10:53:53.024148Z"",""no_price_dollars"":""0.1400"",""taker_side"":""yes"",""ticker"":""KXETH15M-26APR280700-00"",""trade_id"":""999b2467-168e-4e2a-e29b-afad16a03405"",""yes_price_dollars"":""0.8600""}"
KXETH15M-26APR280700-00,5714f7c5-a83d-55cd-9b49-1115c99287e3,1777373633,0.85,10.0,yes,"{""count_fp"":""10.00"",""created_time"":""2026-04-28T10:53:53.001274Z"",""no_price_dollars"":""0.1500"",""taker_side"":""yes"",""ticker"":""KXETH15M-26APR280700-00"",""trade_id"":""5714f7c5-a83d-55cd-9b49-1115c99287e3"",""yes_price_dollars"":""0.8500""}"
KXETH15M-26APR280700-00,49e5a732-0c92-53c2-9c0d-1bf7c81136f9,1777373633,0.86,14.34,yes,"{""count_fp"":""14.34"",""created_time"":""2026-04-28T10:53:53.001274Z"",""no_price_dollars"":""0.1400"",""taker_side"":""yes"",""ticker"":""KXETH15M-26APR280700-00"",""trade_id"":""49e5a732-0c92-53c2-9c0d-1bf7c81136f9"",""yes_price_dollars"":""0.8600""}"
KXETH15M-26APR280700-00,3f8a9213-5bc2-532d-adc6-b30f130139b0,1777373633,0.85,5.66,yes,"{""count_fp"":""5.66"",""created_time"":""2026-04-28T10:53:53.001274Z"",""no_price_dollars"":""0.1500"",""taker_side"":""yes"",""ticker"":""KXETH15M-26APR280700-00"",""trade_id"":""3f8a9213-5bc2-532d-adc6-b30f130139b0"",""yes_price_dollars"":""0.8500""}"
KXETH15M-26APR280700-00,1496a657-e117-5290-a979-e18f018ee5c9,1777373633,0.85,10.0,yes,"{""count_fp"":""10.00"",""created_time"":""2026-04-28T10:53:53.001274Z"",""no_price_dollars"":""0.1500"",""taker_side"":""yes"",""ticker"":""KXETH15M-26APR280700-00"",""trade_id"":""1496a657-e117-5290-a979-e18f018ee5c9"",""yes_price_dollars"":""0.8500""}"
KXETH15M-26APR280700-00,0db9d1b4-92fe-7c3d-64d2-e43276e7410d,1777373634,0.81,10.0,no,"{""count_fp"":""10.00"",""created_time"":""2026-04-28T10:53:54.717428Z"",""no_price_dollars"":""0.1900"",""taker_side"":""no"",""ticker"":""KXETH15M-26APR280700-00"",""trade_id"":""0db9d1b4-92fe-7c3d-64d2-e43276e7410d"",""yes_price_dollars"":""0.8100""}"
KXETH15M-26APR280700-00,05b3d7e5-fde1-7f3b-5674-b512c1fe77c8,1777373634,0.81,10.0,no,"{""count_fp"":""10.00"",""created_time"":""2026-04-28T10:53:54.717428Z"",""no_price_dollars"":""0.1900"",""taker_side"":""no"",""ticker"":""KXETH15M-26APR280700-00"",""trade_id"":""05b3d7e5-fde1-7f3b-5674-b512c1fe77c8"",""yes_price_dollars"":""0.8100""}"
KXETH15M-26APR280700-00,ead6b08f-490e-7ada-b645-21e0bd5220a1,1777373634,0.86,5.0,yes,"{""count_fp"":""5.00"",""created_time"":""2026-04-28T10:53:54.655919Z"",""no_price_dollars"":""0.1400"",""taker_side"":""yes"",""ticker"":""KXETH15M-26APR280700-00"",""trade_id"":""ead6b08f-490e-7ada-b645-21e0bd5220a1"",""yes_price_dollars"":""0.8600""}"
KXETH15M-26APR280700-00,f925d456-d5ca-43f0-a9cf-e57879e3e2e2,1777373639,0.84,8.12,yes,"{""count_fp"":""8.12"",""created_time"":""2026-04-28T10:53:59.789348Z"",""no_price_dollars"":""0.1600"",""taker_side"":""yes"",""ticker"":""KXETH15M-26APR280700-00"",""trade_id"":""f925d456-d5ca-43f0-a9cf-e57879e3e2e2"",""yes_price_dollars"":""0.8400""}"
KXETH15M-26APR280700-00,b0044c3b-02af-48fd-8577-89fb53cf7625,1777373639,0.84,29.66,yes,"{""count_fp"":""29.66"",""created_time"":""2026-04-28T10:53:59.789348Z"",""no_price_dollars"":""0.1600"",""taker_side"":""yes"",""ticker"":""KXETH15M-26APR280700-00"",""trade_id"":""b0044c3b-02af-48fd-8577-89fb53cf7625"",""yes_price_dollars"":""0.8400""}"
KXETH15M-26APR280700-00,a6d5b8e9-a583-4400-bbe9-a463fdf1e715,1777373639,0.84,10.0,yes,"{""count_fp"":""10.00"",""created_time"":""2026-04-28T10:53:59.789348Z"",""no_price_dollars"":""0.1600"",""taker_side"":""yes"",""ticker"":""KXETH15M-26APR280700-00"",""trade_id"":""a6d5b8e9-a583-4400-bbe9-a463fdf1e715"",""yes_price_dollars"":""0.8400""}"
KXETH15M-26APR280700-00,a3427763-37c9-4a19-aa34-f56296bda164,1777373639,0.84,10.0,yes,"{""count_fp"":""10.00"",""created_time"":""2026-04-28T10:53:59.789348Z"",""no_price_dollars"":""0.1600"",""taker_side"":""yes"",""ticker"":""KXETH15M-26APR280700-00"",""trade_id"":""a3427763-37c9-4a19-aa34-f56296bda164"",""yes_price_dollars"":""0.8400""}"
KXETH15M-26APR280700-00,5130d416-9ee1-748f-765d-4dff2221f9f6,1777373646,0.82,4.51,no,"{""count_fp"":""4.51"",""created_time"":""2026-04-28T10:54:06.063498Z"",""no_price_dollars"":""0.1800"",""taker_side"":""no"",""ticker"":""KXETH15M-26APR280700-00"",""trade_id"":""5130d416-9ee1-748f-765d-4dff2221f9f6"",""yes_price_dollars"":""0.8200""}"
KXETH15M-26APR280700-00,d15ec6b5-2070-6db7-d5b4-fa36422a62bf,1777373647,0.84,10.0,yes,"{""count_fp"":""10.00"",""created_time"":""2026-04-28T10:54:07.521116Z"",""no_price_dollars"":""0.1600"",""taker_side"":""yes"",""ticker"":""KXETH15M-26APR280700-00"",""trade_id"":""d15ec6b5-2070-6db7-d5b4-fa36422a62bf"",""yes_price_dollars"":""0.8400""}"
KXETH15M-26APR280700-00,356cdbaa-38a8-6271-fbc3-44351bc7e416,1777373647,0.84,10.0,yes,"{""count_fp"":""10.00"",""created_time"":""2026-04-28T10:54:07.521116Z"",""no_price_dollars"":""0.1600"",""taker_side"":""yes"",""ticker"":""KXETH15M-26APR280700-00"",""trade_id"":""356cdbaa-38a8-6271-fbc3-44351bc7e416"",""yes_price_dollars"":""0.8400""}"
KXETH15M-26APR280700-00,dc5b833c-aea1-5986-6c73-585a26c9ae14,1777373649,0.86,20.0,yes,"{""count_fp"":""20.00"",""created_time"":""2026-04-28T10:54:09.564621Z"",""no_price_dollars"":""0.1400"",""taker_side"":""yes"",""ticker"":""KXETH15M-26APR280700-00"",""trade_id"":""dc5b833c-aea1-5986-6c73-585a26c9ae14"",""yes_price_dollars"":""0.8600""}"
KXETH15M-26APR280700-00,da043f77-c8df-4f19-f0c0-44a581bf0b50,1777373651,0.84,10.59,no,"{""count_fp"":""10.59"",""created_time"":""2026-04-28T10:54:11.470867Z"",""no_price_dollars"":""0.1600"",""taker_side"":""no"",""ticker"":""KXETH15M-26APR280700-00"",""trade_id"":""da043f77-c8df-4f19-f0c0-44a581bf0b50"",""yes_price_dollars"":""0.8400""}"
KXETH15M-26APR280700-00,3f06cd84-3c51-48e7-cb55-267aba8d573e,1777373651,0.83,179.41,no,"{""count_fp"":""179.41"",""created_time"":""2026-04-28T10:54:11.470867Z"",""no_price_dollars"":""0.1700"",""taker_side"":""no"",""ticker"":""KXETH15M-26APR280700-00"",""trade_id"":""3f06cd84-3c51-48e7-cb55-267aba8d573e"",""yes_price_dollars"":""0.8300""}"
KXETH15M-26APR280700-00,175db0a0-eaa5-4080-c3ef-240e9bbc2266,1777373651,0.84,10.0,no,"{""count_fp"":""10.00"",""created_time"":""2026-04-28T10:54:11.470867Z"",""no_price_dollars"":""0.1600"",""taker_side"":""no"",""ticker"":""KXETH15M-26APR280700-00"",""trade_id"":""175db0a0-eaa5-4080-c3ef-240e9bbc2266"",""yes_price_dollars"":""0.8400""}"
KXETH15M-26APR280700-00,e5c08f9b-eadb-7718-7459-c8d8568acf0c,1777373663,0.81,1.0,no,"{""count_fp"":""1.00"",""created_time"":""2026-04-28T10:54:23.877811Z"",""no_price_dollars"":""0.1900"",""taker_side"":""no"",""ticker"":""KXETH15M-26APR280700-00"",""trade_id"":""e5c08f9b-eadb-7718-7459-c8d8568acf0c"",""yes_price_dollars"":""0.8100""}"
KXETH15M-26APR280700-00,6b86c306-8100-7c67-7fe0-d46d55aab1b6,1777373663,0.81,10.0,no,"{""count_fp"":""10.00"",""created_time"":""2026-04-28T10:54:23.877811Z"",""no_price_dollars"":""0.1900"",""taker_side"":""no"",""ticker"":""KXETH15M-26APR280700-00"",""trade_id"":""6b86c306-8100-7c67-7fe0-d46d55aab1b6"",""yes_price_dollars"":""0.8100""}"
KXETH15M-26APR280700-00,1c76dbc7-6f00-7d06-459f-02ef7042ee44,1777373663,0.81,1.0,no,"{""count_fp"":""1.00"",""created_time"":""2026-04-28T10:54:23.877811Z"",""no_price_dollars"":""0.1900"",""taker_side"":""no"",""ticker"":""KXETH15M-26APR280700-00"",""trade_id"":""1c76dbc7-6f00-7d06-459f-02ef7042ee44"",""yes_price_dollars"":""0.8100""}"
KXETH15M-26APR280700-00,0c03c870-1304-73ed-5274-a006694e0f3e,1777373663,0.8,10.0,no,"{""count_fp"":""10.00"",""created_time"":""2026-04-28T10:54:23.877811Z"",""no_price_dollars"":""0.2000"",""taker_side"":""no"",""ticker"":""KXETH15M-26APR280700-00"",""trade_id"":""0c03c870-1304-73ed-5274-a006694e0f3e"",""yes_price_dollars"":""0.8000""}"
KXETH15M-26APR280700-00,80e2a377-584c-546d-59cc-2f26901a2595,1777373668,0.79,10.0,yes,"{""count_fp"":""10.00"",""created_time"":""2026-04-28T10:54:28.136521Z"",""no_price_dollars"":""0.2100"",""taker_side"":""yes"",""ticker"":""KXETH15M-26APR280700-00"",""trade_id"":""80e2a377-584c-546d-59cc-2f26901a2595"",""yes_price_dollars"":""0.7900""}"
KXETH15M-26APR280700-00,099b0b10-084d-5042-7045-0c5d769fb190,1777373668,0.78,100.0,yes,"{""count_fp"":""100.00"",""created_time"":""2026-04-28T10:54:28.136521Z"",""no_price_dollars"":""0.2200"",""taker_side"":""yes"",""ticker"":""KXETH15M-26APR280700-00"",""trade_id"":""099b0b10-084d-5042-7045-0c5d769fb190"",""yes_price_dollars"":""0.7800""}"
KXETH15M-26APR280700-00,f31003a3-80c9-604a-9739-ea41c8a79533,1777373669,0.81,48.21,yes,"{""count_fp"":""48.21"",""created_time"":""2026-04-28T10:54:29.095856Z"",""no_price_dollars"":""0.1900"",""taker_side"":""yes"",""ticker"":""KXETH15M-26APR280700-00"",""trade_id"":""f31003a3-80c9-604a-9739-ea41c8a79533"",""yes_price_dollars"":""0.8100""}"
KXETH15M-26APR280700-00,645597ce-739a-684a-b628-42e9fa6d5ec8,1777373669,0.81,10.0,yes,"{""count_fp"":""10.00"",""created_time"":""2026-04-28T10:54:29.095856Z"",""no_price_dollars"":""0.1900"",""taker_side"":""yes"",""ticker"":""KXETH15M-26APR280700-00"",""trade_id"":""645597ce-739a-684a-b628-42e9fa6d5ec8"",""yes_price_dollars"":""0.8100""}"
KXETH15M-26APR280700-00,86ab733c-6801-56d2-4031-3ead053cdd0b,1777373676,0.79,24.95,yes,"{""count_fp"":""24.95"",""created_time"":""2026-04-28T10:54:36.086818Z"",""no_price_dollars"":""0.2100"",""taker_side"":""yes"",""ticker"":""KXETH15M-26APR280700-00"",""trade_id"":""86ab733c-6801-56d2-4031-3ead053cdd0b"",""yes_price_dollars"":""0.7900""}"
KXETH15M-26APR280700-00,101f0129-7fcd-4346-851d-1f5f053e4523,1777373679,0.79,1.0,yes,"{""count_fp"":""1.00"",""created_time"":""2026-04-28T10:54:39.711468Z"",""no_price_dollars"":""0.2100"",""taker_side"":""yes"",""ticker"":""KXETH15M-26APR280700-00"",""trade_id"":""101f0129-7fcd-4346-851d-1f5f053e4523"",""yes_price_dollars"":""0.7900""}"
KXETH15M-26APR280700-00,fb2aded4-9383-42a8-e969-bf5730d55299,1777373679,0.78,1.0,yes,"{""count_fp"":""1.00"",""created_time"":""2026-04-28T10:54:39.518592Z"",""no_price_dollars"":""0.2200"",""taker_side"":""yes"",""ticker"":""KXETH15M-26APR280700-00"",""trade_id"":""fb2aded4-9383-42a8-e969-bf5730d55299"",""yes_price_dollars"":""0.7800""}"
KXETH15M-26APR280700-00,7e0abfa7-8004-7d4f-b3c1-6ea1de96cd3b,1777373681,0.8,10.0,yes,"{""count_fp"":""10.00"",""created_time"":""2026-04-28T10:54:41.368414Z"",""no_price_dollars"":""0.2000"",""taker_side"":""yes"",""ticker"":""KXETH15M-26APR280700-00"",""trade_id"":""7e0abfa7-8004-7d4f-b3c1-6ea1de96cd3b"",""yes_price_dollars"":""0.8000""}"
KXETH15M-26APR280700-00,66ebc671-89c1-4c82-1e12-d3053b2df023,1777373681,0.79,99.0,yes,"{""count_fp"":""99.00"",""created_time"":""2026-04-28T10:54:41.353278Z"",""no_price_dollars"":""0.2100"",""taker_side"":""yes"",""ticker"":""KXETH15M-26APR280700-00"",""trade_id"":""66ebc671-89c1-4c82-1e12-d3053b2df023"",""yes_price_dollars"":""0.7900""}"
KXETH15M-26APR280700-00,2399e037-60eb-4b4e-2d97-53d974e57549,1777373681,0.79,10.0,yes,"{""count_fp"":""10.00"",""created_time"":""2026-04-28T10:54:41.353278Z"",""no_price_dollars"":""0.2100"",""taker_side"":""yes"",""ticker"":""KXETH15M-26APR280700-00"",""trade_id"":""2399e037-60eb-4b4e-2d97-53d974e57549"",""yes_price_dollars"":""0.7900""}"
KXETH15M-26APR280700-00,6f9d63ad-0b61-6277-2c5d-69ced48e2173,1777373682,0.81,10.0,no,"{""count_fp"":""10.00"",""created_time"":""2026-04-28T10:54:42.169318Z"",""no_price_dollars"":""0.1900"",""taker_side"":""no"",""ticker"":""KXETH15M-26APR280700-00"",""trade_id"":""6f9d63ad-0b61-6277-2c5d-69ced48e2173"",""yes_price_dollars"":""0.8100""}"
KXETH15M-26APR280700-00,e64b0d1c-58f8-74c2-0c50-605c846199c1,1777373692,0.82,1.0,no,"{""count_fp"":""1.00"",""created_time"":""2026-04-28T10:54:52.639309Z"",""no_price_dollars"":""0.1800"",""taker_side"":""no"",""ticker"":""KXETH15M-26APR280700-00"",""trade_id"":""e64b0d1c-58f8-74c2-0c50-605c846199c1"",""yes_price_dollars"":""0.8200""}"
KXETH15M-26APR280700-00,eb8a5034-0262-7f73-6e83-624f85b54cc1,1777373693,0.83,2.0,yes,"{""count_fp"":""2.00"",""created_time"":""2026-04-28T10:54:53.993341Z"",""no_price_dollars"":""0.1700"",""taker_side"":""yes"",""ticker"":""KXETH15M-26APR280700-00"",""trade_id"":""eb8a5034-0262-7f73-6e83-624f85b54cc1"",""yes_price_dollars"":""0.8300""}"
KXETH15M-26APR280700-00,3a78d2b1-6731-7111-6d9e-f381df2c2b40,1777373693,0.84,10.0,yes,"{""count_fp"":""10.00"",""created_time"":""2026-04-28T10:54:53.993341Z"",""no_price_dollars"":""0.1600"",""taker_side"":""yes"",""ticker"":""KXETH15M-26APR280700-00"",""trade_id"":""3a78d2b1-6731-7111-6d9e-f381df2c2b40"",""yes_price_dollars"":""0.8400""}"
KXETH15M-26APR280700-00,bd0a89aa-0767-4bdf-248a-81af0176b352,1777373700,0.9,1.0,yes,"{""count_fp"":""1.00"",""created_time"":""2026-04-28T10:55:00.994531Z"",""no_price_dollars"":""0.1000"",""taker_side"":""yes"",""ticker"":""KXETH15M-26APR280700-00"",""trade_id"":""bd0a89aa-0767-4bdf-248a-81af0176b352"",""yes_price_dollars"":""0.9000""}"
KXETH15M-26APR280700-00,97553a2c-a52b-4c6a-2211-97f40e6d2132,1777373700,0.9,1.0,yes,"{""count_fp"":""1.00"",""created_time"":""2026-04-28T10:55:00.994531Z"",""no_price_dollars"":""0.1000"",""taker_side"":""yes"",""ticker"":""KXETH15M-26APR280700-00"",""trade_id"":""97553a2c-a52b-4c6a-2211-97f40e6d2132"",""yes_price_dollars"":""0.9000""}"
KXETH15M-26APR280700-00,45ada6e2-f2be-4b3d-3fcf-0f06205a03b7,1777373700,0.9,1.0,yes,"{""count_fp"":""1.00"",""created_time"":""2026-04-28T10:55:00.994531Z"",""no_price_dollars"":""0.1000"",""taker_side"":""yes"",""ticker"":""KXETH15M-26APR280700-00"",""trade_id"":""45ada6e2-f2be-4b3d-3fcf-0f06205a03b7"",""yes_price_dollars"":""0.9000""}"
KXETH15M-26APR280700-00,41ddd147-9c36-430f-0d49-886747afaaff,1777373700,0.9,3.0,yes,"{""count_fp"":""3.00"",""created_time"":""2026-04-28T10:55:00.994531Z"",""no_price_dollars"":""0.1000"",""taker_side"":""yes"",""ticker"":""KXETH15M-26APR280700-00"",""trade_id"":""41ddd147-9c36-430f-0d49-886747afaaff"",""yes_price_dollars"":""0.9000""}"
KXETH15M-26APR280700-00,010c9d8a-645b-41a5-858a-70616130f98d,1777373700,0.87,10.0,yes,"{""count_fp"":""10.00"",""created_time"":""2026-04-28T10:55:00.598715Z"",""no_price_dollars"":""0.1300"",""taker_side"":""yes"",""ticker"":""KXETH15M-26APR280700-00"",""trade_id"":""010c9d8a-645b-41a5-858a-70616130f98d"",""yes_price_dollars"":""0.8700""}"
KXETH15M-26APR280700-00,e037e9c4-5d3c-43ed-21ec-52fcffe3ab98,1777373700,0.86,60.0,yes,"{""count_fp"":""60.00"",""created_time"":""2026-04-28T10:55:00.594347Z"",""no_price_dollars"":""0.1400"",""taker_side"":""yes"",""ticker"":""KXETH15M-26APR280700-00"",""trade_id"":""e037e9c4-5d3c-43ed-21ec-52fcffe3ab98"",""yes_price_dollars"":""0.8600""}"
KXETH15M-26APR280700-00,dc39017c-72d3-44cd-3d61-58d02f84fc0b,1777373700,0.87,4.0,yes,"{""count_fp"":""4.00"",""created_time"":""2026-04-28T10:55:00.594347Z"",""no_price_dollars"":""0.1300"",""taker_side"":""yes"",""ticker"":""KXETH15M-26APR280700-00"",""trade_id"":""dc39017c-72d3-44cd-3d61-58d02f84fc0b"",""yes_price_dollars"":""0.8700""}"
KXETH15M-26APR280700-00,3a7114ca-4fd9-4ffb-0862-9abd6f5f9dc5,1777373700,0.87,2.0,yes,"{""count_fp"":""2.00"",""created_time"":""2026-04-28T10:55:00.594347Z"",""no_price_dollars"":""0.1300"",""taker_side"":""yes"",""ticker"":""KXETH15M-26APR280700-00"",""trade_id"":""3a7114ca-4fd9-4ffb-0862-9abd6f5f9dc5"",""yes_price_dollars"":""0.8700""}"
KXETH15M-26APR280700-00,dda51b95-1412-6d7c-a1bb-1891ea90312b,1777373700,0.84,10.0,yes,"{""count_fp"":""10.00"",""created_time"":""2026-04-28T10:55:00.557979Z"",""no_price_dollars"":""0.1600"",""taker_side"":""yes"",""ticker"":""KXETH15M-26APR280700-00"",""trade_id"":""dda51b95-1412-6d7c-a1bb-1891ea90312b"",""yes_price_dollars"":""0.8400""}"
