ticker,trade_id,ts,yes_price,count,taker_side,raw_json
KXETH15M-26APR271600-00,af4e41d8-ffb4-7232-1727-d82cbb85794f,1777319109,0.45,21.15,no,"{""count_fp"":""21.15"",""created_time"":""2026-04-27T19:45:09.961784Z"",""no_price_dollars"":""0.5500"",""taker_side"":""no"",""ticker"":""KXETH15M-26APR271600-00"",""trade_id"":""af4e41d8-ffb4-7232-1727-d82cbb85794f"",""yes_price_dollars"":""0.4500""}"
KXETH15M-26APR271600-00,db591295-61fa-7b21-957d-ae4dc4bd999b,1777319117,0.5,1.0,yes,"{""count_fp"":""1.00"",""created_time"":""2026-04-27T19:45:17.825594Z"",""no_price_dollars"":""0.5000"",""taker_side"":""yes"",""ticker"":""KXETH15M-26APR271600-00"",""trade_id"":""db591295-61fa-7b21-957d-ae4dc4bd999b"",""yes_price_dollars"":""0.5000""}"
KXETH15M-26APR271600-00,c202ea1e-0e21-7dbe-8b6e-6d21712bb3c1,1777319117,0.53,8.18,yes,"{""count_fp"":""8.18"",""created_time"":""2026-04-27T19:45:17.825594Z"",""no_price_dollars"":""0.4700"",""taker_side"":""yes"",""ticker"":""KXETH15M-26APR271600-00"",""trade_id"":""c202ea1e-0e21-7dbe-8b6e-6d21712bb3c1"",""yes_price_dollars"":""0.5300""}"
KXETH15M-26APR271600-00,9580632e-8474-762c-c31e-4bd8edee4f3e,1777319121,0.5,6.0,no,"{""count_fp"":""6.00"",""created_time"":""2026-04-27T19:45:21.168992Z"",""no_price_dollars"":""0.5000"",""taker_side"":""no"",""ticker"":""KXETH15M-26APR271600-00"",""trade_id"":""9580632e-8474-762c-c31e-4bd8edee4f3e"",""yes_price_dollars"":""0.5000""}"
KXETH15M-26APR271600-00,fa0300cd-f07d-52f6-465a-e92f24346825,1777319129,0.66,60.0,yes,"{""count_fp"":""60.00"",""created_time"":""2026-04-27T19:45:29.280246Z"",""no_price_dollars"":""0.3400"",""taker_side"":""yes"",""ticker"":""KXETH15M-26APR271600-00"",""trade_id"":""fa0300cd-f07d-52f6-465a-e92f24346825"",""yes_price_dollars"":""0.6600""}"
KXETH15M-26APR271600-00,c9e7c9e9-c64c-5b2f-699c-901c98dfe048,1777319129,0.66,50.0,yes,"{""count_fp"":""50.00"",""created_time"":""2026-04-27T19:45:29.280246Z"",""no_price_dollars"":""0.3400"",""taker_side"":""yes"",""ticker"":""KXETH15M-26APR271600-00"",""trade_id"":""c9e7c9e9-c64c-5b2f-699c-901c98dfe048"",""yes_price_dollars"":""0.6600""}"
KXETH15M-26APR271600-00,a199e576-d50e-58d7-7b5f-bcccf6e88fc0,1777319129,0.67,5.0,yes,"{""count_fp"":""5.00"",""created_time"":""2026-04-27T19:45:29.280246Z"",""no_price_dollars"":""0.3300"",""taker_side"":""yes"",""ticker"":""KXETH15M-26APR271600-00"",""trade_id"":""a199e576-d50e-58d7-7b5f-bcccf6e88fc0"",""yes_price_dollars"":""0.6700""}"
KXETH15M-26APR271600-00,56b65cc4-3b45-5b76-5969-7372b7fa3bfa,1777319129,0.68,40.0,yes,"{""count_fp"":""40.00"",""created_time"":""2026-04-27T19:45:29.280246Z"",""no_price_dollars"":""0.3200"",""taker_side"":""yes"",""ticker"":""KXETH15M-26APR271600-00"",""trade_id"":""56b65cc4-3b45-5b76-5969-7372b7fa3bfa"",""yes_price_dollars"":""0.6800""}"
KXETH15M-26APR271600-00,46c56a63-6086-58e2-5b6a-c2c5e3658140,1777319129,0.66,1.0,yes,"{""count_fp"":""1.00"",""created_time"":""2026-04-27T19:45:29.280246Z"",""no_price_dollars"":""0.3400"",""taker_side"":""yes"",""ticker"":""KXETH15M-26APR271600-00"",""trade_id"":""46c56a63-6086-58e2-5b6a-c2c5e3658140"",""yes_price_dollars"":""0.6600""}"
KXETH15M-26APR271600-00,2ff35c7c-2571-545a-7043-28720cd15c45,1777319129,0.68,44.0,yes,"{""count_fp"":""44.00"",""created_time"":""2026-04-27T19:45:29.280246Z"",""no_price_dollars"":""0.3200"",""taker_side"":""yes"",""ticker"":""KXETH15M-26APR271600-00"",""trade_id"":""2ff35c7c-2571-545a-7043-28720cd15c45"",""yes_price_dollars"":""0.6800""}"
KXETH15M-26APR271600-00,51ffcb9d-fd7e-52c9-d677-e2ea8f921e27,1777319131,0.65,1.0,yes,"{""count_fp"":""1.00"",""created_time"":""2026-04-27T19:45:31.387627Z"",""no_price_dollars"":""0.3500"",""taker_side"":""yes"",""ticker"":""KXETH15M-26APR271600-00"",""trade_id"":""51ffcb9d-fd7e-52c9-d677-e2ea8f921e27"",""yes_price_dollars"":""0.6500""}"
KXETH15M-26APR271600-00,195608c2-5644-53a5-d68e-9b10e99020ea,1777319131,0.63,1.0,yes,"{""count_fp"":""1.00"",""created_time"":""2026-04-27T19:45:31.387627Z"",""no_price_dollars"":""0.3700"",""taker_side"":""yes"",""ticker"":""KXETH15M-26APR271600-00"",""trade_id"":""195608c2-5644-53a5-d68e-9b10e99020ea"",""yes_price_dollars"":""0.6300""}"
KXETH15M-26APR271600-00,29036c5c-dade-5485-ae3f-85defa111b0e,1777319132,0.58,1.0,yes,"{""count_fp"":""1.00"",""created_time"":""2026-04-27T19:45:32.620188Z"",""no_price_dollars"":""0.4200"",""taker_side"":""yes"",""ticker"":""KXETH15M-26APR271600-00"",""trade_id"":""29036c5c-dade-5485-ae3f-85defa111b0e"",""yes_price_dollars"":""0.5800""}"
KXETH15M-26APR271600-00,11aac4a5-bf2e-5ae1-bf35-96f6bb1d4443,1777319132,0.6,14.01,yes,"{""count_fp"":""14.01"",""created_time"":""2026-04-27T19:45:32.620188Z"",""no_price_dollars"":""0.4000"",""taker_side"":""yes"",""ticker"":""KXETH15M-26APR271600-00"",""trade_id"":""11aac4a5-bf2e-5ae1-bf35-96f6bb1d4443"",""yes_price_dollars"":""0.6000""}"
KXETH15M-26APR271600-00,4360513d-3dd3-7b02-54e9-fc68447e60a4,1777319132,0.61,1.0,no,"{""count_fp"":""1.00"",""created_time"":""2026-04-27T19:45:32.018753Z"",""no_price_dollars"":""0.3900"",""taker_side"":""no"",""ticker"":""KXETH15M-26APR271600-00"",""trade_id"":""4360513d-3dd3-7b02-54e9-fc68447e60a4"",""yes_price_dollars"":""0.6100""}"
KXETH15M-26APR271600-00,124fe3bc-7068-799d-605b-49f3b1736f11,1777319132,0.61,100.0,no,"{""count_fp"":""100.00"",""created_time"":""2026-04-27T19:45:32.018753Z"",""no_price_dollars"":""0.3900"",""taker_side"":""no"",""ticker"":""KXETH15M-26APR271600-00"",""trade_id"":""124fe3bc-7068-799d-605b-49f3b1736f11"",""yes_price_dollars"":""0.6100""}"
KXETH15M-26APR271600-00,e8acd312-4ea3-7fcc-de0e-ea5f611a1b7d,1777319138,0.57,2.0,yes,"{""count_fp"":""2.00"",""created_time"":""2026-04-27T19:45:38.403421Z"",""no_price_dollars"":""0.4300"",""taker_side"":""yes"",""ticker"":""KXETH15M-26APR271600-00"",""trade_id"":""e8acd312-4ea3-7fcc-de0e-ea5f611a1b7d"",""yes_price_dollars"":""0.5700""}"
KXETH15M-26APR271600-00,c8763573-7742-7491-fdec-5b49d809260b,1777319138,0.59,20.41,yes,"{""count_fp"":""20.41"",""created_time"":""2026-04-27T19:45:38.403421Z"",""no_price_dollars"":""0.4100"",""taker_side"":""yes"",""ticker"":""KXETH15M-26APR271600-00"",""trade_id"":""c8763573-7742-7491-fdec-5b49d809260b"",""yes_price_dollars"":""0.5900""}"
KXETH15M-26APR271600-00,9996ee2a-c945-733e-e175-975afeadea18,1777319138,0.58,9.76,yes,"{""count_fp"":""9.76"",""created_time"":""2026-04-27T19:45:38.403421Z"",""no_price_dollars"":""0.4200"",""taker_side"":""yes"",""ticker"":""KXETH15M-26APR271600-00"",""trade_id"":""9996ee2a-c945-733e-e175-975afeadea18"",""yes_price_dollars"":""0.5800""}"
KXETH15M-26APR271600-00,216f2853-541d-7392-f705-6264dab0b920,1777319138,0.58,1.0,yes,"{""count_fp"":""1.00"",""created_time"":""2026-04-27T19:45:38.403421Z"",""no_price_dollars"":""0.4200"",""taker_side"":""yes"",""ticker"":""KXETH15M-26APR271600-00"",""trade_id"":""216f2853-541d-7392-f705-6264dab0b920"",""yes_price_dollars"":""0.5800""}"
KXETH15M-26APR271600-00,639e7a40-1eb8-41b2-d9ea-0886334be7f0,1777319147,0.6,1.0,yes,"{""count_fp"":""1.00"",""created_time"":""2026-04-27T19:45:47.339935Z"",""no_price_dollars"":""0.4000"",""taker_side"":""yes"",""ticker"":""KXETH15M-26APR271600-00"",""trade_id"":""639e7a40-1eb8-41b2-d9ea-0886334be7f0"",""yes_price_dollars"":""0.6000""}"
KXETH15M-26APR271600-00,3b699070-de55-5451-c3ad-3381f066428a,1777319148,0.56,2.0,no,"{""count_fp"":""2.00"",""created_time"":""2026-04-27T19:45:48.225099Z"",""no_price_dollars"":""0.4400"",""taker_side"":""no"",""ticker"":""KXETH15M-26APR271600-00"",""trade_id"":""3b699070-de55-5451-c3ad-3381f066428a"",""yes_price_dollars"":""0.5600""}"
KXETH15M-26APR271600-00,f9ddb6f6-3157-579c-f3b1-3104b844e155,1777319152,0.64,1.0,yes,"{""count_fp"":""1.00"",""created_time"":""2026-04-27T19:45:52.228251Z"",""no_price_dollars"":""0.3600"",""taker_side"":""yes"",""ticker"":""KXETH15M-26APR271600-00"",""trade_id"":""f9ddb6f6-3157-579c-f3b1-3104b844e155"",""yes_price_dollars"":""0.6400""}"
KXETH15M-26APR271600-00,e3fc8bad-d708-5bfc-0758-716eb6dd1530,1777319156,0.64,2.0,yes,"{""count_fp"":""2.00"",""created_time"":""2026-04-27T19:45:56.995499Z"",""no_price_dollars"":""0.3600"",""taker_side"":""yes"",""ticker"":""KXETH15M-26APR271600-00"",""trade_id"":""e3fc8bad-d708-5bfc-0758-716eb6dd1530"",""yes_price_dollars"":""0.6400""}"
KXETH15M-26APR271600-00,b6274c70-6120-5b0e-1183-704852689d85,1777319156,0.64,1.0,yes,"{""count_fp"":""1.00"",""created_time"":""2026-04-27T19:45:56.995499Z"",""no_price_dollars"":""0.3600"",""taker_side"":""yes"",""ticker"":""KXETH15M-26APR271600-00"",""trade_id"":""b6274c70-6120-5b0e-1183-704852689d85"",""yes_price_dollars"":""0.6400""}"
KXETH15M-26APR271600-00,1ef7eaea-34ee-6443-03f8-2035023f7e74,1777319156,0.63,7.0,no,"{""count_fp"":""7.00"",""created_time"":""2026-04-27T19:45:56.500516Z"",""no_price_dollars"":""0.3700"",""taker_side"":""no"",""ticker"":""KXETH15M-26APR271600-00"",""trade_id"":""1ef7eaea-34ee-6443-03f8-2035023f7e74"",""yes_price_dollars"":""0.6300""}"
KXETH15M-26APR271600-00,50cc7853-260c-56aa-f577-60bc08866437,1777319160,0.66,12.29,no,"{""count_fp"":""12.29"",""created_time"":""2026-04-27T19:46:00.757432Z"",""no_price_dollars"":""0.3400"",""taker_side"":""no"",""ticker"":""KXETH15M-26APR271600-00"",""trade_id"":""50cc7853-260c-56aa-f577-60bc08866437"",""yes_price_dollars"":""0.6600""}"
KXETH15M-26APR271600-00,3cee2ce6-72f1-5c07-daab-ad521d02913c,1777319160,0.66,1.0,no,"{""count_fp"":""1.00"",""created_time"":""2026-04-27T19:46:00.757432Z"",""no_price_dollars"":""0.3400"",""taker_side"":""no"",""ticker"":""KXETH15M-26APR271600-00"",""trade_id"":""3cee2ce6-72f1-5c07-daab-ad521d02913c"",""yes_price_dollars"":""0.6600""}"
KXETH15M-26APR271600-00,c1eba102-6dc0-4f2b-7097-2cf3af26533f,1777319163,0.66,10.0,no,"{""count_fp"":""10.00"",""created_time"":""2026-04-27T19:46:03.022822Z"",""no_price_dollars"":""0.3400"",""taker_side"":""no"",""ticker"":""KXETH15M-26APR271600-00"",""trade_id"":""c1eba102-6dc0-4f2b-7097-2cf3af26533f"",""yes_price_dollars"":""0.6600""}"
KXETH15M-26APR271600-00,42ebbddb-49f4-4dba-7640-708a64c4e3eb,1777319163,0.66,100.0,no,"{""count_fp"":""100.00"",""created_time"":""2026-04-27T19:46:03.022822Z"",""no_price_dollars"":""0.3400"",""taker_side"":""no"",""ticker"":""KXETH15M-26APR271600-00"",""trade_id"":""42ebbddb-49f4-4dba-7640-708a64c4e3eb"",""yes_price_dollars"":""0.6600""}"
KXETH15M-26APR271600-00,cec9e764-5481-766b-32a7-8d8ddb8bda5f,1777319164,0.65,14.38,yes,"{""count_fp"":""14.38"",""created_time"":""2026-04-27T19:46:04.255651Z"",""no_price_dollars"":""0.3500"",""taker_side"":""yes"",""ticker"":""KXETH15M-26APR271600-00"",""trade_id"":""cec9e764-5481-766b-32a7-8d8ddb8bda5f"",""yes_price_dollars"":""0.6500""}"
KXETH15M-26APR271600-00,58bd7eef-bf99-7743-737f-91c46f2cb6b9,1777319165,0.64,2.0,no,"{""count_fp"":""2.00"",""created_time"":""2026-04-27T19:46:05.011417Z"",""no_price_dollars"":""0.3600"",""taker_side"":""no"",""ticker"":""KXETH15M-26APR271600-00"",""trade_id"":""58bd7eef-bf99-7743-737f-91c46f2cb6b9"",""yes_price_dollars"":""0.6400""}"
KXETH15M-26APR271600-00,302581af-e86f-783e-7b5f-e3d9168b20c4,1777319165,0.64,38.0,no,"{""count_fp"":""38.00"",""created_time"":""2026-04-27T19:46:05.011417Z"",""no_price_dollars"":""0.3600"",""taker_side"":""no"",""ticker"":""KXETH15M-26APR271600-00"",""trade_id"":""302581af-e86f-783e-7b5f-e3d9168b20c4"",""yes_price_dollars"":""0.6400""}"
KXETH15M-26APR271600-00,f94e0d84-bbce-7579-367b-fa091093db5b,1777319166,0.67,87.41,yes,"{""count_fp"":""87.41"",""created_time"":""2026-04-27T19:46:06.796854Z"",""no_price_dollars"":""0.3300"",""taker_side"":""yes"",""ticker"":""KXETH15M-26APR271600-00"",""trade_id"":""f94e0d84-bbce-7579-367b-fa091093db5b"",""yes_price_dollars"":""0.6700""}"
KXETH15M-26APR271600-00,e7562735-0899-77b7-1816-0c7e48784977,1777319166,0.66,39.62,yes,"{""count_fp"":""39.62"",""created_time"":""2026-04-27T19:46:06.796854Z"",""no_price_dollars"":""0.3400"",""taker_side"":""yes"",""ticker"":""KXETH15M-26APR271600-00"",""trade_id"":""e7562735-0899-77b7-1816-0c7e48784977"",""yes_price_dollars"":""0.6600""}"
KXETH15M-26APR271600-00,4854cd39-6153-71c7-2ae8-abf1055d23c0,1777319166,0.66,9.11,yes,"{""count_fp"":""9.11"",""created_time"":""2026-04-27T19:46:06.796854Z"",""no_price_dollars"":""0.3400"",""taker_side"":""yes"",""ticker"":""KXETH15M-26APR271600-00"",""trade_id"":""4854cd39-6153-71c7-2ae8-abf1055d23c0"",""yes_price_dollars"":""0.6600""}"
KXETH15M-26APR271600-00,1e153542-05b3-7e76-29a4-706e0dd5086e,1777319166,0.66,10.0,yes,"{""count_fp"":""10.00"",""created_time"":""2026-04-27T19:46:06.796854Z"",""no_price_dollars"":""0.3400"",""taker_side"":""yes"",""ticker"":""KXETH15M-26APR271600-00"",""trade_id"":""1e153542-05b3-7e76-29a4-706e0dd5086e"",""yes_price_dollars"":""0.6600""}"
KXETH15M-26APR271600-00,f327cc07-f14e-6971-41be-e0e0e5ff51ab,1777319169,0.67,5.0,yes,"{""count_fp"":""5.00"",""created_time"":""2026-04-27T19:46:09.234197Z"",""no_price_dollars"":""0.3300"",""taker_side"":""yes"",""ticker"":""KXETH15M-26APR271600-00"",""trade_id"":""f327cc07-f14e-6971-41be-e0e0e5ff51ab"",""yes_price_dollars"":""0.6700""}"
KXETH15M-26APR271600-00,bbfa76c4-39ee-68ff-7b6d-6b43e43681ab,1777319171,0.64,1.0,no,"{""count_fp"":""1.00"",""created_time"":""2026-04-27T19:46:11.796559Z"",""no_price_dollars"":""0.3600"",""taker_side"":""no"",""ticker"":""KXETH15M-26APR271600-00"",""trade_id"":""bbfa76c4-39ee-68ff-7b6d-6b43e43681ab"",""yes_price_dollars"":""0.6400""}"
KXETH15M-26APR271600-00,28e52d59-26c0-68a6-49f0-e6d6b9301e96,1777319171,0.64,10.0,no,"{""count_fp"":""10.00"",""created_time"":""2026-04-27T19:46:11.796559Z"",""no_price_dollars"":""0.3600"",""taker_side"":""no"",""ticker"":""KXETH15M-26APR271600-00"",""trade_id"":""28e52d59-26c0-68a6-49f0-e6d6b9301e96"",""yes_price_dollars"":""0.6400""}"
KXETH15M-26APR271600-00,14153e91-c977-6756-9fd9-43d818969d17,1777319174,0.66,4.0,yes,"{""count_fp"":""4.00"",""created_time"":""2026-04-27T19:46:14.174407Z"",""no_price_dollars"":""0.3400"",""taker_side"":""yes"",""ticker"":""KXETH15M-26APR271600-00"",""trade_id"":""14153e91-c977-6756-9fd9-43d818969d17"",""yes_price_dollars"":""0.6600""}"
KXETH15M-26APR271600-00,f4bcbc47-820e-7a5d-f20b-fcdf3c71d34f,1777319175,0.67,1.0,yes,"{""count_fp"":""1.00"",""created_time"":""2026-04-27T19:46:15.979929Z"",""no_price_dollars"":""0.3300"",""taker_side"":""yes"",""ticker"":""KXETH15M-26APR271600-00"",""trade_id"":""f4bcbc47-820e-7a5d-f20b-fcdf3c71d34f"",""yes_price_dollars"":""0.6700""}"
KXETH15M-26APR271600-00,85992cdd-5ac6-5f25-fa1f-fae499f6849b,1777319176,0.67,108.68,yes,"{""count_fp"":""108.68"",""created_time"":""2026-04-27T19:46:16.888322Z"",""no_price_dollars"":""0.3300"",""taker_side"":""yes"",""ticker"":""KXETH15M-26APR271600-00"",""trade_id"":""85992cdd-5ac6-5f25-fa1f-fae499f6849b"",""yes_price_dollars"":""0.6700""}"
KXETH15M-26APR271600-00,e991851d-b51e-693d-d539-6b978583bc0b,1777319177,0.67,14.58,yes,"{""count_fp"":""14.58"",""created_time"":""2026-04-27T19:46:17.333013Z"",""no_price_dollars"":""0.3300"",""taker_side"":""yes"",""ticker"":""KXETH15M-26APR271600-00"",""trade_id"":""e991851d-b51e-693d-d539-6b978583bc0b"",""yes_price_dollars"":""0.6700""}"
KXETH15M-26APR271600-00,0722eede-2ae9-420b-a62a-f8e41e8ec662,1777319177,0.63,2.0,no,"{""count_fp"":""2.00"",""created_time"":""2026-04-27T19:46:17.145393Z"",""no_price_dollars"":""0.3700"",""taker_side"":""no"",""ticker"":""KXETH15M-26APR271600-00"",""trade_id"":""0722eede-2ae9-420b-a62a-f8e41e8ec662"",""yes_price_dollars"":""0.6300""}"
KXETH15M-26APR271600-00,d43aed95-bba6-4949-3a0f-27112cca0c4f,1777319178,0.67,145.88,yes,"{""count_fp"":""145.88"",""created_time"":""2026-04-27T19:46:18.365201Z"",""no_price_dollars"":""0.3300"",""taker_side"":""yes"",""ticker"":""KXETH15M-26APR271600-00"",""trade_id"":""d43aed95-bba6-4949-3a0f-27112cca0c4f"",""yes_price_dollars"":""0.6700""}"
KXETH15M-26APR271600-00,c49fc5b4-e22f-49ca-5840-c262972bd58c,1777319181,0.65,3.66,no,"{""count_fp"":""3.66"",""created_time"":""2026-04-27T19:46:21.928351Z"",""no_price_dollars"":""0.3500"",""taker_side"":""no"",""ticker"":""KXETH15M-26APR271600-00"",""trade_id"":""c49fc5b4-e22f-49ca-5840-c262972bd58c"",""yes_price_dollars"":""0.6500""}"
KXETH15M-26APR271600-00,7c4ca158-539c-4acc-54a7-208c28944bec,1777319181,0.65,10.0,no,"{""count_fp"":""10.00"",""created_time"":""2026-04-27T19:46:21.928351Z"",""no_price_dollars"":""0.3500"",""taker_side"":""no"",""ticker"":""KXETH15M-26APR271600-00"",""trade_id"":""7c4ca158-539c-4acc-54a7-208c28944bec"",""yes_price_dollars"":""0.6500""}"
KXETH15M-26APR271600-00,4e5a5bcc-f34b-5d4e-0fbf-26326cb64218,1777319182,0.65,1.65,no,"{""count_fp"":""1.65"",""created_time"":""2026-04-27T19:46:22.978728Z"",""no_price_dollars"":""0.3500"",""taker_side"":""no"",""ticker"":""KXETH15M-26APR271600-00"",""trade_id"":""4e5a5bcc-f34b-5d4e-0fbf-26326cb64218"",""yes_price_dollars"":""0.6500""}"
KXETH15M-26APR271600-00,2efeee6c-b68b-5e8f-3dc6-34e1794b9690,1777319182,0.65,1.0,no,"{""count_fp"":""1.00"",""created_time"":""2026-04-27T19:46:22.978728Z"",""no_price_dollars"":""0.3500"",""taker_side"":""no"",""ticker"":""KXETH15M-26APR271600-00"",""trade_id"":""2efeee6c-b68b-5e8f-3dc6-34e1794b9690"",""yes_price_dollars"":""0.6500""}"
KXETH15M-26APR271600-00,801ac969-26e2-7e15-baba-fda2a643b4e0,1777319189,0.64,12.29,no,"{""count_fp"":""12.29"",""created_time"":""2026-04-27T19:46:29.189696Z"",""no_price_dollars"":""0.3600"",""taker_side"":""no"",""ticker"":""KXETH15M-26APR271600-00"",""trade_id"":""801ac969-26e2-7e15-baba-fda2a643b4e0"",""yes_price_dollars"":""0.6400""}"
KXETH15M-26APR271600-00,515be044-084e-73be-837d-c108f652667c,1777319189,0.64,1.0,no,"{""count_fp"":""1.00"",""created_time"":""2026-04-27T19:46:29.189696Z"",""no_price_dollars"":""0.3600"",""taker_side"":""no"",""ticker"":""KXETH15M-26APR271600-00"",""trade_id"":""515be044-084e-73be-837d-c108f652667c"",""yes_price_dollars"":""0.6400""}"
KXETH15M-26APR271600-00,ec90cc59-f1c3-5eeb-422a-6f805adfdcad,1777319190,0.64,9.0,no,"{""count_fp"":""9.00"",""created_time"":""2026-04-27T19:46:30.977894Z"",""no_price_dollars"":""0.3600"",""taker_side"":""no"",""ticker"":""KXETH15M-26APR271600-00"",""trade_id"":""ec90cc59-f1c3-5eeb-422a-6f805adfdcad"",""yes_price_dollars"":""0.6400""}"
KXETH15M-26APR271600-00,f5c5a0bb-2eca-55f1-d6e9-67161fd19827,1777319191,0.65,21.0,yes,"{""count_fp"":""21.00"",""created_time"":""2026-04-27T19:46:31.298734Z"",""no_price_dollars"":""0.3500"",""taker_side"":""yes"",""ticker"":""KXETH15M-26APR271600-00"",""trade_id"":""f5c5a0bb-2eca-55f1-d6e9-67161fd19827"",""yes_price_dollars"":""0.6500""}"
KXETH15M-26APR271600-00,4fb3bd7f-5562-5015-e4d2-dfe3057cdbc8,1777319191,0.64,1.0,yes,"{""count_fp"":""1.00"",""created_time"":""2026-04-27T19:46:31.298734Z"",""no_price_dollars"":""0.3600"",""taker_side"":""yes"",""ticker"":""KXETH15M-26APR271600-00"",""trade_id"":""4fb3bd7f-5562-5015-e4d2-dfe3057cdbc8"",""yes_price_dollars"":""0.6400""}"
KXETH15M-26APR271600-00,66c6e18c-4e09-5bdd-71ce-f2b27711a7ae,1777319192,0.63,40.0,no,"{""count_fp"":""40.00"",""created_time"":""2026-04-27T19:46:32.733308Z"",""no_price_dollars"":""0.3700"",""taker_side"":""no"",""ticker"":""KXETH15M-26APR271600-00"",""trade_id"":""66c6e18c-4e09-5bdd-71ce-f2b27711a7ae"",""yes_price_dollars"":""0.6300""}"
KXETH15M-26APR271600-00,2b93ee00-ac6b-507a-c26f-cf860de1e035,1777319193,0.6,1.0,yes,"{""count_fp"":""1.00"",""created_time"":""2026-04-27T19:46:33.835123Z"",""no_price_dollars"":""0.4000"",""taker_side"":""yes"",""ticker"":""KXETH15M-26APR271600-00"",""trade_id"":""2b93ee00-ac6b-507a-c26f-cf860de1e035"",""yes_price_dollars"":""0.6000""}"
KXETH15M-26APR271600-00,0c0c40d8-bb9f-6d4b-a206-5c032ade7d9d,1777319193,0.61,1.0,no,"{""count_fp"":""1.00"",""created_time"":""2026-04-27T19:46:33.018906Z"",""no_price_dollars"":""0.3900"",""taker_side"":""no"",""ticker"":""KXETH15M-26APR271600-00"",""trade_id"":""0c0c40d8-bb9f-6d4b-a206-5c032ade7d9d"",""yes_price_dollars"":""0.6100""}"
KXETH15M-26APR271600-00,411363ae-aa84-4852-c87e-c95c1b8203b4,1777319197,0.58,11.21,no,"{""count_fp"":""11.21"",""created_time"":""2026-04-27T19:46:37.503664Z"",""no_price_dollars"":""0.4200"",""taker_side"":""no"",""ticker"":""KXETH15M-26APR271600-00"",""trade_id"":""411363ae-aa84-4852-c87e-c95c1b8203b4"",""yes_price_dollars"":""0.5800""}"
KXETH15M-26APR271600-00,c9af31ed-d0dc-5daa-3e5f-655abf4b67c0,1777319200,0.58,32.0,no,"{""count_fp"":""32.00"",""created_time"":""2026-04-27T19:46:40.692309Z"",""no_price_dollars"":""0.4200"",""taker_side"":""no"",""ticker"":""KXETH15M-26APR271600-00"",""trade_id"":""c9af31ed-d0dc-5daa-3e5f-655abf4b67c0"",""yes_price_dollars"":""0.5800""}"
KXETH15M-26APR271600-00,6d7ac560-5468-5e1e-8693-9602888af788,1777319204,0.58,0.79,no,"{""count_fp"":""0.79"",""created_time"":""2026-04-27T19:46:44.034003Z"",""no_price_dollars"":""0.4200"",""taker_side"":""no"",""ticker"":""KXETH15M-26APR271600-00"",""trade_id"":""6d7ac560-5468-5e1e-8693-9602888af788"",""yes_price_dollars"":""0.5800""}"
KXETH15M-26APR271600-00,0a28df72-5f9e-503d-8b4b-bcdb8251d71c,1777319204,0.56,4.21,no,"{""count_fp"":""4.21"",""created_time"":""2026-04-27T19:46:44.034003Z"",""no_price_dollars"":""0.4400"",""taker_side"":""no"",""ticker"":""KXETH15M-26APR271600-00"",""trade_id"":""0a28df72-5f9e-503d-8b4b-bcdb8251d71c"",""yes_price_dollars"":""0.5600""}"
KXETH15M-26APR271600-00,5bb64e22-cad5-7e10-481e-f4f43cacde62,1777319208,0.56,1.0,yes,"{""count_fp"":""1.00"",""created_time"":""2026-04-27T19:46:48.904721Z"",""no_price_dollars"":""0.4400"",""taker_side"":""yes"",""ticker"":""KXETH15M-26APR271600-00"",""trade_id"":""5bb64e22-cad5-7e10-481e-f4f43cacde62"",""yes_price_dollars"":""0.5600""}"
KXETH15M-26APR271600-00,ac786dd9-0465-584e-9c5e-a6b33dd429c4,1777319212,0.56,1.0,no,"{""count_fp"":""1.00"",""created_time"":""2026-04-27T19:46:52.401782Z"",""no_price_dollars"":""0.4400"",""taker_side"":""no"",""ticker"":""KXETH15M-26APR271600-00"",""trade_id"":""ac786dd9-0465-584e-9c5e-a6b33dd429c4"",""yes_price_dollars"":""0.5600""}"
KXETH15M-26APR271600-00,55e12ff3-3dde-50d5-ae9d-2eb428554890,1777319212,0.56,1.18,no,"{""count_fp"":""1.18"",""created_time"":""2026-04-27T19:46:52.401782Z"",""no_price_dollars"":""0.4400"",""taker_side"":""no"",""ticker"":""KXETH15M-26APR271600-00"",""trade_id"":""55e12ff3-3dde-50d5-ae9d-2eb428554890"",""yes_price_dollars"":""0.5600""}"
KXETH15M-26APR271600-00,73b85c18-a6aa-71d6-ef7b-ee930d8985d9,1777319214,0.58,1.0,yes,"{""count_fp"":""1.00"",""created_time"":""2026-04-27T19:46:54.860584Z"",""no_price_dollars"":""0.4200"",""taker_side"":""yes"",""ticker"":""KXETH15M-26APR271600-00"",""trade_id"":""73b85c18-a6aa-71d6-ef7b-ee930d8985d9"",""yes_price_dollars"":""0.5800""}"
KXETH15M-26APR271600-00,7341aa3b-d8df-7a04-d191-845550699902,1777319214,0.6,2.66,yes,"{""count_fp"":""2.66"",""created_time"":""2026-04-27T19:46:54.860584Z"",""no_price_dollars"":""0.4000"",""taker_side"":""yes"",""ticker"":""KXETH15M-26APR271600-00"",""trade_id"":""7341aa3b-d8df-7a04-d191-845550699902"",""yes_price_dollars"":""0.6000""}"
KXETH15M-26APR271600-00,5ba236a0-b029-7142-c4ed-a3a57e8ae438,1777319214,0.6,10.0,yes,"{""count_fp"":""10.00"",""created_time"":""2026-04-27T19:46:54.860584Z"",""no_price_dollars"":""0.4000"",""taker_side"":""yes"",""ticker"":""KXETH15M-26APR271600-00"",""trade_id"":""5ba236a0-b029-7142-c4ed-a3a57e8ae438"",""yes_price_dollars"":""0.6000""}"
KXETH15M-26APR271600-00,dcda95a6-2c22-4b09-5126-95ec3145ce80,1777319215,0.57,12.36,no,"{""count_fp"":""12.36"",""created_time"":""2026-04-27T19:46:55.602427Z"",""no_price_dollars"":""0.4300"",""taker_side"":""no"",""ticker"":""KXETH15M-26APR271600-00"",""trade_id"":""dcda95a6-2c22-4b09-5126-95ec3145ce80"",""yes_price_dollars"":""0.5700""}"
KXETH15M-26APR271600-00,b1f9f426-33bf-4cff-6037-fa87c8b3c8f4,1777319215,0.57,10.0,no,"{""count_fp"":""10.00"",""created_time"":""2026-04-27T19:46:55.602427Z"",""no_price_dollars"":""0.4300"",""taker_side"":""no"",""ticker"":""KXETH15M-26APR271600-00"",""trade_id"":""b1f9f426-33bf-4cff-6037-fa87c8b3c8f4"",""yes_price_dollars"":""0.5700""}"
KXETH15M-26APR271600-00,f015d0ac-d372-7b3a-6ee7-a8fef0934cc4,1777319220,0.55,29.39,no,"{""count_fp"":""29.39"",""created_time"":""2026-04-27T19:47:00.319331Z"",""no_price_dollars"":""0.4500"",""taker_side"":""no"",""ticker"":""KXETH15M-26APR271600-00"",""trade_id"":""f015d0ac-d372-7b3a-6ee7-a8fef0934cc4"",""yes_price_dollars"":""0.5500""}"
KXETH15M-26APR271600-00,bad26d7b-875a-79b0-ba2d-4bd1253fe89b,1777319225,0.58,1.0,no,"{""count_fp"":""1.00"",""created_time"":""2026-04-27T19:47:05.783452Z"",""no_price_dollars"":""0.4200"",""taker_side"":""no"",""ticker"":""KXETH15M-26APR271600-00"",""trade_id"":""bad26d7b-875a-79b0-ba2d-4bd1253fe89b"",""yes_price_dollars"":""0.5800""}"
KXETH15M-26APR271600-00,21f301e9-93ee-77d1-a469-abaf67776fc8,1777319225,0.58,41.79,no,"{""count_fp"":""41.79"",""created_time"":""2026-04-27T19:47:05.783452Z"",""no_price_dollars"":""0.4200"",""taker_side"":""no"",""ticker"":""KXETH15M-26APR271600-00"",""trade_id"":""21f301e9-93ee-77d1-a469-abaf67776fc8"",""yes_price_dollars"":""0.5800""}"
KXETH15M-26APR271600-00,01d83784-b22f-59ab-7772-0499086cc95d,1777319229,0.59,1.0,yes,"{""count_fp"":""1.00"",""created_time"":""2026-04-27T19:47:09.309676Z"",""no_price_dollars"":""0.4100"",""taker_side"":""yes"",""ticker"":""KXETH15M-26APR271600-00"",""trade_id"":""01d83784-b22f-59ab-7772-0499086cc95d"",""yes_price_dollars"":""0.5900""}"
KXETH15M-26APR271600-00,a33d757d-54bd-6d3d-af97-66904f129808,1777319230,0.59,10.0,no,"{""count_fp"":""10.00"",""created_time"":""2026-04-27T19:47:10.892197Z"",""no_price_dollars"":""0.4100"",""taker_side"":""no"",""ticker"":""KXETH15M-26APR271600-00"",""trade_id"":""a33d757d-54bd-6d3d-af97-66904f129808"",""yes_price_dollars"":""0.5900""}"
KXETH15M-26APR271600-00,7e9a6e7d-105b-7398-d784-59e1af983846,1777319230,0.6,37.34,yes,"{""count_fp"":""37.34"",""created_time"":""2026-04-27T19:47:10.816624Z"",""no_price_dollars"":""0.4000"",""taker_side"":""yes"",""ticker"":""KXETH15M-26APR271600-00"",""trade_id"":""7e9a6e7d-105b-7398-d784-59e1af983846"",""yes_price_dollars"":""0.6000""}"
KXETH15M-26APR271600-00,5457f794-7df2-7ebf-fd6c-2eb42a9b0792,1777319230,0.6,33.12,yes,"{""count_fp"":""33.12"",""created_time"":""2026-04-27T19:47:10.816624Z"",""no_price_dollars"":""0.4000"",""taker_side"":""yes"",""ticker"":""KXETH15M-26APR271600-00"",""trade_id"":""5457f794-7df2-7ebf-fd6c-2eb42a9b0792"",""yes_price_dollars"":""0.6000""}"
KXETH15M-26APR271600-00,4fd0aa70-f811-7d78-c653-57ce563d252e,1777319230,0.6,1.0,yes,"{""count_fp"":""1.00"",""created_time"":""2026-04-27T19:47:10.816624Z"",""no_price_dollars"":""0.4000"",""taker_side"":""yes"",""ticker"":""KXETH15M-26APR271600-00"",""trade_id"":""4fd0aa70-f811-7d78-c653-57ce563d252e"",""yes_price_dollars"":""0.6000""}"
KXETH15M-26APR271600-00,72907af5-01e9-719f-8380-56bc54de2b56,1777319231,0.55,1.0,yes,"{""count_fp"":""1.00"",""created_time"":""2026-04-27T19:47:11.773491Z"",""no_price_dollars"":""0.4500"",""taker_side"":""yes"",""ticker"":""KXETH15M-26APR271600-00"",""trade_id"":""72907af5-01e9-719f-8380-56bc54de2b56"",""yes_price_dollars"":""0.5500""}"
KXETH15M-26APR271600-00,4c649827-c9e5-7863-987a-6346122fee96,1777319234,0.55,17.62,yes,"{""count_fp"":""17.62"",""created_time"":""2026-04-27T19:47:14.614902Z"",""no_price_dollars"":""0.4500"",""taker_side"":""yes"",""ticker"":""KXETH15M-26APR271600-00"",""trade_id"":""4c649827-c9e5-7863-987a-6346122fee96"",""yes_price_dollars"":""0.5500""}"
KXETH15M-26APR271600-00,82d0a7df-be09-52f7-510c-34f1636ff89e,1777319234,0.55,13.29,yes,"{""count_fp"":""13.29"",""created_time"":""2026-04-27T19:47:14.435629Z"",""no_price_dollars"":""0.4500"",""taker_side"":""yes"",""ticker"":""KXETH15M-26APR271600-00"",""trade_id"":""82d0a7df-be09-52f7-510c-34f1636ff89e"",""yes_price_dollars"":""0.5500""}"
KXETH15M-26APR271600-00,bb1fe1f1-1e23-5967-4a48-47ff5673b429,1777319235,0.54,10.0,no,"{""count_fp"":""10.00"",""created_time"":""2026-04-27T19:47:15.875923Z"",""no_price_dollars"":""0.4600"",""taker_side"":""no"",""ticker"":""KXETH15M-26APR271600-00"",""trade_id"":""bb1fe1f1-1e23-5967-4a48-47ff5673b429"",""yes_price_dollars"":""0.5400""}"
KXETH15M-26APR271600-00,28a0b8a8-b39a-538a-481c-173f14532ab8,1777319235,0.52,4.07,no,"{""count_fp"":""4.07"",""created_time"":""2026-04-27T19:47:15.875923Z"",""no_price_dollars"":""0.4800"",""taker_side"":""no"",""ticker"":""KXETH15M-26APR271600-00"",""trade_id"":""28a0b8a8-b39a-538a-481c-173f14532ab8"",""yes_price_dollars"":""0.5200""}"
KXETH15M-26APR271600-00,dcd51982-3c3d-78ab-b7ec-af3d29cc0b6e,1777319235,0.55,8.75,yes,"{""count_fp"":""8.75"",""created_time"":""2026-04-27T19:47:15.709963Z"",""no_price_dollars"":""0.4500"",""taker_side"":""yes"",""ticker"":""KXETH15M-26APR271600-00"",""trade_id"":""dcd51982-3c3d-78ab-b7ec-af3d29cc0b6e"",""yes_price_dollars"":""0.5500""}"
KXETH15M-26APR271600-00,5db23376-6b8c-75bd-f51d-cdd1d0471de2,1777319236,0.59,0.66,yes,"{""count_fp"":""0.66"",""created_time"":""2026-04-27T19:47:16.629612Z"",""no_price_dollars"":""0.4100"",""taker_side"":""yes"",""ticker"":""KXETH15M-26APR271600-00"",""trade_id"":""5db23376-6b8c-75bd-f51d-cdd1d0471de2"",""yes_price_dollars"":""0.5900""}"
KXETH15M-26APR271600-00,03d468cb-cdb5-7f47-d0f2-724946b468a6,1777319236,0.55,0.34,yes,"{""count_fp"":""0.34"",""created_time"":""2026-04-27T19:47:16.629612Z"",""no_price_dollars"":""0.4500"",""taker_side"":""yes"",""ticker"":""KXETH15M-26APR271600-00"",""trade_id"":""03d468cb-cdb5-7f47-d0f2-724946b468a6"",""yes_price_dollars"":""0.5500""}"
KXETH15M-26APR271600-00,756a8eaf-e691-6963-924c-e2c12995b596,1777319236,0.55,78.0,yes,"{""count_fp"":""78.00"",""created_time"":""2026-04-27T19:47:16.541845Z"",""no_price_dollars"":""0.4500"",""taker_side"":""yes"",""ticker"":""KXETH15M-26APR271600-00"",""trade_id"":""756a8eaf-e691-6963-924c-e2c12995b596"",""yes_price_dollars"":""0.5500""}"
KXETH15M-26APR271600-00,bc9b2ea8-972a-42aa-d864-fb93f3da777c,1777319238,0.54,0.15,no,"{""count_fp"":""0.15"",""created_time"":""2026-04-27T19:47:18.172491Z"",""no_price_dollars"":""0.4600"",""taker_side"":""no"",""ticker"":""KXETH15M-26APR271600-00"",""trade_id"":""bc9b2ea8-972a-42aa-d864-fb93f3da777c"",""yes_price_dollars"":""0.5400""}"
KXETH15M-26APR271600-00,9e017705-29de-4a6c-f7c4-76b62f673d82,1777319238,0.59,1.0,no,"{""count_fp"":""1.00"",""created_time"":""2026-04-27T19:47:18.172491Z"",""no_price_dollars"":""0.4100"",""taker_side"":""no"",""ticker"":""KXETH15M-26APR271600-00"",""trade_id"":""9e017705-29de-4a6c-f7c4-76b62f673d82"",""yes_price_dollars"":""0.5900""}"
KXETH15M-26APR271600-00,8fa93360-75e6-4a5d-cb07-4eae181a09e8,1777319238,0.57,100.0,no,"{""count_fp"":""100.00"",""created_time"":""2026-04-27T19:47:18.172491Z"",""no_price_dollars"":""0.4300"",""taker_side"":""no"",""ticker"":""KXETH15M-26APR271600-00"",""trade_id"":""8fa93360-75e6-4a5d-cb07-4eae181a09e8"",""yes_price_dollars"":""0.5700""}"
KXETH15M-26APR271600-00,6b3095b8-7986-49a0-c483-6a350e3be87a,1777319238,0.55,10.0,no,"{""count_fp"":""10.00"",""created_time"":""2026-04-27T19:47:18.172491Z"",""no_price_dollars"":""0.4500"",""taker_side"":""no"",""ticker"":""KXETH15M-26APR271600-00"",""trade_id"":""6b3095b8-7986-49a0-c483-6a350e3be87a"",""yes_price_dollars"":""0.5500""}"
KXETH15M-26APR271600-00,01e8b6cf-54b5-6107-d2ea-411a5f72089a,1777319243,0.6,2.0,yes,"{""count_fp"":""2.00"",""created_time"":""2026-04-27T19:47:23.978386Z"",""no_price_dollars"":""0.4000"",""taker_side"":""yes"",""ticker"":""KXETH15M-26APR271600-00"",""trade_id"":""01e8b6cf-54b5-6107-d2ea-411a5f72089a"",""yes_price_dollars"":""0.6000""}"
KXETH15M-26APR271600-00,4ef57464-858b-646e-e49e-8b106b2d08b5,1777319244,0.59,2.0,no,"{""count_fp"":""2.00"",""created_time"":""2026-04-27T19:47:24.857385Z"",""no_price_dollars"":""0.4100"",""taker_side"":""no"",""ticker"":""KXETH15M-26APR271600-00"",""trade_id"":""4ef57464-858b-646e-e49e-8b106b2d08b5"",""yes_price_dollars"":""0.5900""}"
KXETH15M-26APR271600-00,2076b097-12b7-63ab-cc28-e5ad27cf2480,1777319244,0.59,10.8,no,"{""count_fp"":""10.80"",""created_time"":""2026-04-27T19:47:24.857385Z"",""no_price_dollars"":""0.4100"",""taker_side"":""no"",""ticker"":""KXETH15M-26APR271600-00"",""trade_id"":""2076b097-12b7-63ab-cc28-e5ad27cf2480"",""yes_price_dollars"":""0.5900""}"
KXETH15M-26APR271600-00,cfa54aa3-4ab5-4270-bd84-de62957f4e98,1777319253,0.51,1.1,no,"{""count_fp"":""1.10"",""created_time"":""2026-04-27T19:47:33.042019Z"",""no_price_dollars"":""0.4900"",""taker_side"":""no"",""ticker"":""KXETH15M-26APR271600-00"",""trade_id"":""cfa54aa3-4ab5-4270-bd84-de62957f4e98"",""yes_price_dollars"":""0.5100""}"
KXETH15M-26APR271600-00,aed951ab-b085-4308-84d5-363c01856840,1777319253,0.51,1.0,no,"{""count_fp"":""1.00"",""created_time"":""2026-04-27T19:47:33.042019Z"",""no_price_dollars"":""0.4900"",""taker_side"":""no"",""ticker"":""KXETH15M-26APR271600-00"",""trade_id"":""aed951ab-b085-4308-84d5-363c01856840"",""yes_price_dollars"":""0.5100""}"
KXETH15M-26APR271600-00,8881db29-db58-57d2-624c-4a929972edde,1777319254,0.49,1.0,no,"{""count_fp"":""1.00"",""created_time"":""2026-04-27T19:47:34.357889Z"",""no_price_dollars"":""0.5100"",""taker_side"":""no"",""ticker"":""KXETH15M-26APR271600-00"",""trade_id"":""8881db29-db58-57d2-624c-4a929972edde"",""yes_price_dollars"":""0.4900""}"
KXETH15M-26APR271600-00,65a7b305-8264-60cc-b64e-8f96458f940f,1777319258,0.49,1.7,no,"{""count_fp"":""1.70"",""created_time"":""2026-04-27T19:47:38.178744Z"",""no_price_dollars"":""0.5100"",""taker_side"":""no"",""ticker"":""KXETH15M-26APR271600-00"",""trade_id"":""65a7b305-8264-60cc-b64e-8f96458f940f"",""yes_price_dollars"":""0.4900""}"
KXETH15M-26APR271600-00,f1b2825c-60ba-7a47-2169-c7f10891c548,1777319261,0.5,1.0,yes,"{""count_fp"":""1.00"",""created_time"":""2026-04-27T19:47:41.311726Z"",""no_price_dollars"":""0.5000"",""taker_side"":""yes"",""ticker"":""KXETH15M-26APR271600-00"",""trade_id"":""f1b2825c-60ba-7a47-2169-c7f10891c548"",""yes_price_dollars"":""0.5000""}"
KXETH15M-26APR271600-00,9d0e42d5-d9c6-6081-0591-f17bb7702c29,1777319264,0.48,10.0,no,"{""count_fp"":""10.00"",""created_time"":""2026-04-27T19:47:44.941754Z"",""no_price_dollars"":""0.5200"",""taker_side"":""no"",""ticker"":""KXETH15M-26APR271600-00"",""trade_id"":""9d0e42d5-d9c6-6081-0591-f17bb7702c29"",""yes_price_dollars"":""0.4800""}"
KXETH15M-26APR271600-00,45b8c25b-85c0-6cf1-1955-3d5cf37d89c6,1777319264,0.48,10.0,no,"{""count_fp"":""10.00"",""created_time"":""2026-04-27T19:47:44.941754Z"",""no_price_dollars"":""0.5200"",""taker_side"":""no"",""ticker"":""KXETH15M-26APR271600-00"",""trade_id"":""45b8c25b-85c0-6cf1-1955-3d5cf37d89c6"",""yes_price_dollars"":""0.4800""}"
KXETH15M-26APR271600-00,e5f10c35-2bde-59cd-d1fd-bb8b35063eea,1777319274,0.48,10.41,no,"{""count_fp"":""10.41"",""created_time"":""2026-04-27T19:47:54.012056Z"",""no_price_dollars"":""0.5200"",""taker_side"":""no"",""ticker"":""KXETH15M-26APR271600-00"",""trade_id"":""e5f10c35-2bde-59cd-d1fd-bb8b35063eea"",""yes_price_dollars"":""0.4800""}"
KXETH15M-26APR271600-00,2fcba645-310e-5fdc-e65c-9b0a079d9a4a,1777319274,0.48,11.59,no,"{""count_fp"":""11.59"",""created_time"":""2026-04-27T19:47:54.012056Z"",""no_price_dollars"":""0.5200"",""taker_side"":""no"",""ticker"":""KXETH15M-26APR271600-00"",""trade_id"":""2fcba645-310e-5fdc-e65c-9b0a079d9a4a"",""yes_price_dollars"":""0.4800""}"
KXETH15M-26APR271600-00,504d72d6-6653-6816-79bc-946da226abc9,1777319283,0.5,2.0,no,"{""count_fp"":""2.00"",""created_time"":""2026-04-27T19:48:03.174123Z"",""no_price_dollars"":""0.5000"",""taker_side"":""no"",""ticker"":""KXETH15M-26APR271600-00"",""trade_id"":""504d72d6-6653-6816-79bc-946da226abc9"",""yes_price_dollars"":""0.5000""}"
KXETH15M-26APR271600-00,62943103-8493-4a56-a609-b915725680a1,1777319283,0.5,2.0,no,"{""count_fp"":""2.00"",""created_time"":""2026-04-27T19:48:03.141414Z"",""no_price_dollars"":""0.5000"",""taker_side"":""no"",""ticker"":""KXETH15M-26APR271600-00"",""trade_id"":""62943103-8493-4a56-a609-b915725680a1"",""yes_price_dollars"":""0.5000""}"
KXETH15M-26APR271600-00,786fa9d2-e956-5f06-45e9-914b65c46c0c,1777319293,0.51,98.52,no,"{""count_fp"":""98.52"",""created_time"":""2026-04-27T19:48:13.924422Z"",""no_price_dollars"":""0.4900"",""taker_side"":""no"",""ticker"":""KXETH15M-26APR271600-00"",""trade_id"":""786fa9d2-e956-5f06-45e9-914b65c46c0c"",""yes_price_dollars"":""0.5100""}"
KXETH15M-26APR271600-00,93639f2d-4c82-5a7e-5d83-d7570d7e493c,1777319293,0.51,9.66,no,"{""count_fp"":""9.66"",""created_time"":""2026-04-27T19:48:13.272287Z"",""no_price_dollars"":""0.4900"",""taker_side"":""no"",""ticker"":""KXETH15M-26APR271600-00"",""trade_id"":""93639f2d-4c82-5a7e-5d83-d7570d7e493c"",""yes_price_dollars"":""0.5100""}"
KXETH15M-26APR271600-00,bce47a30-e1e9-5ef2-152f-9f842132d2be,1777319298,0.52,10.0,no,"{""count_fp"":""10.00"",""created_time"":""2026-04-27T19:48:18.241049Z"",""no_price_dollars"":""0.4800"",""taker_side"":""no"",""ticker"":""KXETH15M-26APR271600-00"",""trade_id"":""bce47a30-e1e9-5ef2-152f-9f842132d2be"",""yes_price_dollars"":""0.5200""}"
KXETH15M-26APR271600-00,7e11c6db-208e-528c-1a03-e181cc4c9d96,1777319298,0.52,9.7,no,"{""count_fp"":""9.70"",""created_time"":""2026-04-27T19:48:18.241049Z"",""no_price_dollars"":""0.4800"",""taker_side"":""no"",""ticker"":""KXETH15M-26APR271600-00"",""trade_id"":""7e11c6db-208e-528c-1a03-e181cc4c9d96"",""yes_price_dollars"":""0.5200""}"
KXETH15M-26APR271600-00,148d7a49-1c09-41d1-3d65-052e139a42d5,1777319300,0.57,10.0,yes,"{""count_fp"":""10.00"",""created_time"":""2026-04-27T19:48:20.526298Z"",""no_price_dollars"":""0.4300"",""taker_side"":""yes"",""ticker"":""KXETH15M-26APR271600-00"",""trade_id"":""148d7a49-1c09-41d1-3d65-052e139a42d5"",""yes_price_dollars"":""0.5700""}"
KXETH15M-26APR271600-00,d854092f-05d5-4203-ea20-01b46f129d6a,1777319303,0.6,16.2,yes,"{""count_fp"":""16.20"",""created_time"":""2026-04-27T19:48:23.850299Z"",""no_price_dollars"":""0.4000"",""taker_side"":""yes"",""ticker"":""KXETH15M-26APR271600-00"",""trade_id"":""d854092f-05d5-4203-ea20-01b46f129d6a"",""yes_price_dollars"":""0.6000""}"
KXETH15M-26APR271600-00,477e310d-1d75-66f3-327b-72d92ebc3c4a,1777319303,0.6,2.0,yes,"{""count_fp"":""2.00"",""created_time"":""2026-04-27T19:48:23.319439Z"",""no_price_dollars"":""0.4000"",""taker_side"":""yes"",""ticker"":""KXETH15M-26APR271600-00"",""trade_id"":""477e310d-1d75-66f3-327b-72d92ebc3c4a"",""yes_price_dollars"":""0.6000""}"
KXETH15M-26APR271600-00,9a774ed1-3b09-7e73-f623-45985cbdc1ae,1777319304,0.6,7.0,yes,"{""count_fp"":""7.00"",""created_time"":""2026-04-27T19:48:24.435923Z"",""no_price_dollars"":""0.4000"",""taker_side"":""yes"",""ticker"":""KXETH15M-26APR271600-00"",""trade_id"":""9a774ed1-3b09-7e73-f623-45985cbdc1ae"",""yes_price_dollars"":""0.6000""}"
KXETH15M-26APR271600-00,febe9b93-f34b-7f71-fcd3-946bd91f1dcc,1777319305,0.59,7.7,yes,"{""count_fp"":""7.70"",""created_time"":""2026-04-27T19:48:25.959057Z"",""no_price_dollars"":""0.4100"",""taker_side"":""yes"",""ticker"":""KXETH15M-26APR271600-00"",""trade_id"":""febe9b93-f34b-7f71-fcd3-946bd91f1dcc"",""yes_price_dollars"":""0.5900""}"
KXETH15M-26APR271600-00,f647a55f-5361-7adf-c66e-1c898209cd62,1777319305,0.6,1.3,yes,"{""count_fp"":""1.30"",""created_time"":""2026-04-27T19:48:25.959057Z"",""no_price_dollars"":""0.4000"",""taker_side"":""yes"",""ticker"":""KXETH15M-26APR271600-00"",""trade_id"":""f647a55f-5361-7adf-c66e-1c898209cd62"",""yes_price_dollars"":""0.6000""}"
KXETH15M-26APR271600-00,8ad81085-47a9-7d1b-c7a7-6bf34286a557,1777319305,0.57,1.0,yes,"{""count_fp"":""1.00"",""created_time"":""2026-04-27T19:48:25.959057Z"",""no_price_dollars"":""0.4300"",""taker_side"":""yes"",""ticker"":""KXETH15M-26APR271600-00"",""trade_id"":""8ad81085-47a9-7d1b-c7a7-6bf34286a557"",""yes_price_dollars"":""0.5700""}"
KXETH15M-26APR271600-00,ead733f1-51dd-686a-a806-a2e42e15927a,1777319306,0.59,7.7,yes,"{""count_fp"":""7.70"",""created_time"":""2026-04-27T19:48:26.668368Z"",""no_price_dollars"":""0.4100"",""taker_side"":""yes"",""ticker"":""KXETH15M-26APR271600-00"",""trade_id"":""ead733f1-51dd-686a-a806-a2e42e15927a"",""yes_price_dollars"":""0.5900""}"
KXETH15M-26APR271600-00,affd338f-8c35-652f-91d0-06b41c1fd552,1777319306,0.6,4.5,yes,"{""count_fp"":""4.50"",""created_time"":""2026-04-27T19:48:26.668368Z"",""no_price_dollars"":""0.4000"",""taker_side"":""yes"",""ticker"":""KXETH15M-26APR271600-00"",""trade_id"":""affd338f-8c35-652f-91d0-06b41c1fd552"",""yes_price_dollars"":""0.6000""}"
KXETH15M-26APR271600-00,195c339e-1f85-6bc7-bb75-dc5e9d00d5bc,1777319306,0.57,1.0,yes,"{""count_fp"":""1.00"",""created_time"":""2026-04-27T19:48:26.668368Z"",""no_price_dollars"":""0.4300"",""taker_side"":""yes"",""ticker"":""KXETH15M-26APR271600-00"",""trade_id"":""195c339e-1f85-6bc7-bb75-dc5e9d00d5bc"",""yes_price_dollars"":""0.5700""}"
KXETH15M-26APR271600-00,02f6e979-278e-6a89-b51c-cab2c7fb7c3b,1777319306,0.6,184.93,yes,"{""count_fp"":""184.93"",""created_time"":""2026-04-27T19:48:26.668368Z"",""no_price_dollars"":""0.4000"",""taker_side"":""yes"",""ticker"":""KXETH15M-26APR271600-00"",""trade_id"":""02f6e979-278e-6a89-b51c-cab2c7fb7c3b"",""yes_price_dollars"":""0.6000""}"
KXETH15M-26APR271600-00,81991999-72e6-731d-10e8-883ed6f65fa3,1777319309,0.6,7.65,yes,"{""count_fp"":""7.65"",""created_time"":""2026-04-27T19:48:29.485169Z"",""no_price_dollars"":""0.4000"",""taker_side"":""yes"",""ticker"":""KXETH15M-26APR271600-00"",""trade_id"":""81991999-72e6-731d-10e8-883ed6f65fa3"",""yes_price_dollars"":""0.6000""}"
KXETH15M-26APR271600-00,237ae5c1-0a84-7995-1913-4bcc2943786e,1777319309,0.59,7.7,yes,"{""count_fp"":""7.70"",""created_time"":""2026-04-27T19:48:29.485169Z"",""no_price_dollars"":""0.4100"",""taker_side"":""yes"",""ticker"":""KXETH15M-26APR271600-00"",""trade_id"":""237ae5c1-0a84-7995-1913-4bcc2943786e"",""yes_price_dollars"":""0.5900""}"
KXETH15M-26APR271600-00,04128dc8-8401-7341-04b5-d56dba780433,1777319309,0.58,1.0,yes,"{""count_fp"":""1.00"",""created_time"":""2026-04-27T19:48:29.485169Z"",""no_price_dollars"":""0.4200"",""taker_side"":""yes"",""ticker"":""KXETH15M-26APR271600-00"",""trade_id"":""04128dc8-8401-7341-04b5-d56dba780433"",""yes_price_dollars"":""0.5800""}"
KXETH15M-26APR271600-00,faadac5d-b737-6c1d-fb85-5aad3ffc0dcb,1777319311,0.6,8.0,yes,"{""count_fp"":""8.00"",""created_time"":""2026-04-27T19:48:31.518403Z"",""no_price_dollars"":""0.4000"",""taker_side"":""yes"",""ticker"":""KXETH15M-26APR271600-00"",""trade_id"":""faadac5d-b737-6c1d-fb85-5aad3ffc0dcb"",""yes_price_dollars"":""0.6000""}"
KXETH15M-26APR271600-00,f6db29d7-3eda-5215-59d2-93aa7918fc67,1777319313,0.61,1.0,yes,"{""count_fp"":""1.00"",""created_time"":""2026-04-27T19:48:33.810468Z"",""no_price_dollars"":""0.3900"",""taker_side"":""yes"",""ticker"":""KXETH15M-26APR271600-00"",""trade_id"":""f6db29d7-3eda-5215-59d2-93aa7918fc67"",""yes_price_dollars"":""0.6100""}"
KXETH15M-26APR271600-00,887859de-016d-5f97-a030-746f8ea13747,1777319322,0.65,0.86,yes,"{""count_fp"":""0.86"",""created_time"":""2026-04-27T19:48:42.705434Z"",""no_price_dollars"":""0.3500"",""taker_side"":""yes"",""ticker"":""KXETH15M-26APR271600-00"",""trade_id"":""887859de-016d-5f97-a030-746f8ea13747"",""yes_price_dollars"":""0.6500""}"
KXETH15M-26APR271600-00,3831065b-6e60-5f35-894e-cccad133eaef,1777319322,0.65,1.0,yes,"{""count_fp"":""1.00"",""created_time"":""2026-04-27T19:48:42.705434Z"",""no_price_dollars"":""0.3500"",""taker_side"":""yes"",""ticker"":""KXETH15M-26APR271600-00"",""trade_id"":""3831065b-6e60-5f35-894e-cccad133eaef"",""yes_price_dollars"":""0.6500""}"
KXETH15M-26APR271600-00,7b5d0aa5-6fec-5a64-0e00-1b623283f48c,1777319327,0.65,5.0,yes,"{""count_fp"":""5.00"",""created_time"":""2026-04-27T19:48:47.849848Z"",""no_price_dollars"":""0.3500"",""taker_side"":""yes"",""ticker"":""KXETH15M-26APR271600-00"",""trade_id"":""7b5d0aa5-6fec-5a64-0e00-1b623283f48c"",""yes_price_dollars"":""0.6500""}"
KXETH15M-26APR271600-00,88964b48-a386-4453-b63d-fadac2483aa1,1777319327,0.64,1.0,yes,"{""count_fp"":""1.00"",""created_time"":""2026-04-27T19:48:47.311839Z"",""no_price_dollars"":""0.3600"",""taker_side"":""yes"",""ticker"":""KXETH15M-26APR271600-00"",""trade_id"":""88964b48-a386-4453-b63d-fadac2483aa1"",""yes_price_dollars"":""0.6400""}"
KXETH15M-26APR271600-00,deb0d51c-e742-6495-ebfe-8721b889961f,1777319334,0.68,28.76,yes,"{""count_fp"":""28.76"",""created_time"":""2026-04-27T19:48:54.889405Z"",""no_price_dollars"":""0.3200"",""taker_side"":""yes"",""ticker"":""KXETH15M-26APR271600-00"",""trade_id"":""deb0d51c-e742-6495-ebfe-8721b889961f"",""yes_price_dollars"":""0.6800""}"
KXETH15M-26APR271600-00,66ee4546-36aa-5eaf-1bc1-fa9a88e66c58,1777319340,0.62,2.0,yes,"{""count_fp"":""2.00"",""created_time"":""2026-04-27T19:49:00.945895Z"",""no_price_dollars"":""0.3800"",""taker_side"":""yes"",""ticker"":""KXETH15M-26APR271600-00"",""trade_id"":""66ee4546-36aa-5eaf-1bc1-fa9a88e66c58"",""yes_price_dollars"":""0.6200""}"
KXETH15M-26APR271600-00,8dd1f0c7-3b26-585d-3f5b-3a13639a2033,1777319340,0.62,10.0,yes,"{""count_fp"":""10.00"",""created_time"":""2026-04-27T19:49:00.164868Z"",""no_price_dollars"":""0.3800"",""taker_side"":""yes"",""ticker"":""KXETH15M-26APR271600-00"",""trade_id"":""8dd1f0c7-3b26-585d-3f5b-3a13639a2033"",""yes_price_dollars"":""0.6200""}"
KXETH15M-26APR271600-00,32e9469e-f9e2-5ed1-3426-c822ce156803,1777319342,0.6,10.54,yes,"{""count_fp"":""10.54"",""created_time"":""2026-04-27T19:49:02.457447Z"",""no_price_dollars"":""0.4000"",""taker_side"":""yes"",""ticker"":""KXETH15M-26APR271600-00"",""trade_id"":""32e9469e-f9e2-5ed1-3426-c822ce156803"",""yes_price_dollars"":""0.6000""}"
KXETH15M-26APR271600-00,0551c9bf-5a66-6e5d-3acc-4301d3af6493,1777319346,0.56,31.03,yes,"{""count_fp"":""31.03"",""created_time"":""2026-04-27T19:49:06.692548Z"",""no_price_dollars"":""0.4400"",""taker_side"":""yes"",""ticker"":""KXETH15M-26APR271600-00"",""trade_id"":""0551c9bf-5a66-6e5d-3acc-4301d3af6493"",""yes_price_dollars"":""0.5600""}"
KXETH15M-26APR271600-00,f7f01336-d003-53f4-dda6-a343aa0a0cb3,1777319347,0.54,1.0,no,"{""count_fp"":""1.00"",""created_time"":""2026-04-27T19:49:07.524466Z"",""no_price_dollars"":""0.4600"",""taker_side"":""no"",""ticker"":""KXETH15M-26APR271600-00"",""trade_id"":""f7f01336-d003-53f4-dda6-a343aa0a0cb3"",""yes_price_dollars"":""0.5400""}"
KXETH15M-26APR271600-00,6253ac70-4826-5a58-3dcd-ca1e37602b03,1777319357,0.57,2.0,no,"{""count_fp"":""2.00"",""created_time"":""2026-04-27T19:49:17.848168Z"",""no_price_dollars"":""0.4300"",""taker_side"":""no"",""ticker"":""KXETH15M-26APR271600-00"",""trade_id"":""6253ac70-4826-5a58-3dcd-ca1e37602b03"",""yes_price_dollars"":""0.5700""}"
KXETH15M-26APR271600-00,655de188-a5e8-72d8-d818-36338f044406,1777319359,0.6,1.0,yes,"{""count_fp"":""1.00"",""created_time"":""2026-04-27T19:49:19.308027Z"",""no_price_dollars"":""0.4000"",""taker_side"":""yes"",""ticker"":""KXETH15M-26APR271600-00"",""trade_id"":""655de188-a5e8-72d8-d818-36338f044406"",""yes_price_dollars"":""0.6000""}"
KXETH15M-26APR271600-00,f4fac222-7f40-4373-2d5c-530705454833,1777319360,0.58,4.37,no,"{""count_fp"":""4.37"",""created_time"":""2026-04-27T19:49:20.477787Z"",""no_price_dollars"":""0.4200"",""taker_side"":""no"",""ticker"":""KXETH15M-26APR271600-00"",""trade_id"":""f4fac222-7f40-4373-2d5c-530705454833"",""yes_price_dollars"":""0.5800""}"
KXETH15M-26APR271600-00,8b1f542c-6176-4c50-a8ee-901aa02f1872,1777319361,0.6,4.37,yes,"{""count_fp"":""4.37"",""created_time"":""2026-04-27T19:49:21.217819Z"",""no_price_dollars"":""0.4000"",""taker_side"":""yes"",""ticker"":""KXETH15M-26APR271600-00"",""trade_id"":""8b1f542c-6176-4c50-a8ee-901aa02f1872"",""yes_price_dollars"":""0.6000""}"
KXETH15M-26APR271600-00,16cd611b-72c8-4c8e-95b9-f3e35bd6bf5e,1777319361,0.63,2.01,yes,"{""count_fp"":""2.01"",""created_time"":""2026-04-27T19:49:21.217819Z"",""no_price_dollars"":""0.3700"",""taker_side"":""yes"",""ticker"":""KXETH15M-26APR271600-00"",""trade_id"":""16cd611b-72c8-4c8e-95b9-f3e35bd6bf5e"",""yes_price_dollars"":""0.6300""}"
KXETH15M-26APR271600-00,aa821733-01f2-42b4-57d5-4b4a390aea22,1777319362,0.58,1.6,no,"{""count_fp"":""1.60"",""created_time"":""2026-04-27T19:49:22.216838Z"",""no_price_dollars"":""0.4200"",""taker_side"":""no"",""ticker"":""KXETH15M-26APR271600-00"",""trade_id"":""aa821733-01f2-42b4-57d5-4b4a390aea22"",""yes_price_dollars"":""0.5800""}"
KXETH15M-26APR271600-00,0c3b1bf8-9644-4eff-6e27-19fc63518267,1777319362,0.58,0.63,no,"{""count_fp"":""0.63"",""created_time"":""2026-04-27T19:49:22.216838Z"",""no_price_dollars"":""0.4200"",""taker_side"":""no"",""ticker"":""KXETH15M-26APR271600-00"",""trade_id"":""0c3b1bf8-9644-4eff-6e27-19fc63518267"",""yes_price_dollars"":""0.5800""}"
KXETH15M-26APR271600-00,83728d32-61ad-58c8-2ab9-e2dc0c1d9d38,1777319365,0.6,5.0,no,"{""count_fp"":""5.00"",""created_time"":""2026-04-27T19:49:25.568448Z"",""no_price_dollars"":""0.4000"",""taker_side"":""no"",""ticker"":""KXETH15M-26APR271600-00"",""trade_id"":""83728d32-61ad-58c8-2ab9-e2dc0c1d9d38"",""yes_price_dollars"":""0.6000""}"
KXETH15M-26APR271600-00,08243341-1fa2-55a8-2772-76f71e1173de,1777319365,0.6,54.5,no,"{""count_fp"":""54.50"",""created_time"":""2026-04-27T19:49:25.568448Z"",""no_price_dollars"":""0.4000"",""taker_side"":""no"",""ticker"":""KXETH15M-26APR271600-00"",""trade_id"":""08243341-1fa2-55a8-2772-76f71e1173de"",""yes_price_dollars"":""0.6000""}"
KXETH15M-26APR271600-00,fa902998-1f02-70a3-8c70-d8b04b133e67,1777319369,0.62,10.0,no,"{""count_fp"":""10.00"",""created_time"":""2026-04-27T19:49:29.623287Z"",""no_price_dollars"":""0.3800"",""taker_side"":""no"",""ticker"":""KXETH15M-26APR271600-00"",""trade_id"":""fa902998-1f02-70a3-8c70-d8b04b133e67"",""yes_price_dollars"":""0.6200""}"
KXETH15M-26APR271600-00,fa583fe1-19fa-7a30-80fb-6e24c306b5ae,1777319369,0.63,100.0,no,"{""count_fp"":""100.00"",""created_time"":""2026-04-27T19:49:29.623287Z"",""no_price_dollars"":""0.3700"",""taker_side"":""no"",""ticker"":""KXETH15M-26APR271600-00"",""trade_id"":""fa583fe1-19fa-7a30-80fb-6e24c306b5ae"",""yes_price_dollars"":""0.6300""}"
KXETH15M-26APR271600-00,ea73aff4-120e-7866-93dd-0b6e22567df8,1777319369,0.61,89.0,no,"{""count_fp"":""89.00"",""created_time"":""2026-04-27T19:49:29.623287Z"",""no_price_dollars"":""0.3900"",""taker_side"":""no"",""ticker"":""KXETH15M-26APR271600-00"",""trade_id"":""ea73aff4-120e-7866-93dd-0b6e22567df8"",""yes_price_dollars"":""0.6100""}"
KXETH15M-26APR271600-00,cfb1e679-3f3f-75e9-b445-3cfa27688180,1777319369,0.63,1.0,no,"{""count_fp"":""1.00"",""created_time"":""2026-04-27T19:49:29.623287Z"",""no_price_dollars"":""0.3700"",""taker_side"":""no"",""ticker"":""KXETH15M-26APR271600-00"",""trade_id"":""cfb1e679-3f3f-75e9-b445-3cfa27688180"",""yes_price_dollars"":""0.6300""}"
KXETH15M-26APR271600-00,5fc493e4-4cb9-6f22-a51d-97c7ccaec7c3,1777319372,0.64,15.24,yes,"{""count_fp"":""15.24"",""created_time"":""2026-04-27T19:49:32.779783Z"",""no_price_dollars"":""0.3600"",""taker_side"":""yes"",""ticker"":""KXETH15M-26APR271600-00"",""trade_id"":""5fc493e4-4cb9-6f22-a51d-97c7ccaec7c3"",""yes_price_dollars"":""0.6400""}"
KXETH15M-26APR271600-00,04ade2b9-fd59-5aea-f1f9-860d3aba5bbf,1777319391,0.64,1.52,yes,"{""count_fp"":""1.52"",""created_time"":""2026-04-27T19:49:51.527657Z"",""no_price_dollars"":""0.3600"",""taker_side"":""yes"",""ticker"":""KXETH15M-26APR271600-00"",""trade_id"":""04ade2b9-fd59-5aea-f1f9-860d3aba5bbf"",""yes_price_dollars"":""0.6400""}"
KXETH15M-26APR271600-00,e150742a-cb65-7372-5615-49fb18ce97cf,1777319392,0.64,1.0,yes,"{""count_fp"":""1.00"",""created_time"":""2026-04-27T19:49:52.811927Z"",""no_price_dollars"":""0.3600"",""taker_side"":""yes"",""ticker"":""KXETH15M-26APR271600-00"",""trade_id"":""e150742a-cb65-7372-5615-49fb18ce97cf"",""yes_price_dollars"":""0.6400""}"
KXETH15M-26APR271600-00,59e9a498-4491-4cb2-cc07-7e52ea58796f,1777319393,0.64,10.24,yes,"{""count_fp"":""10.24"",""created_time"":""2026-04-27T19:49:53.786976Z"",""no_price_dollars"":""0.3600"",""taker_side"":""yes"",""ticker"":""KXETH15M-26APR271600-00"",""trade_id"":""59e9a498-4491-4cb2-cc07-7e52ea58796f"",""yes_price_dollars"":""0.6400""}"
KXETH15M-26APR271600-00,53721e17-95e5-7f56-0acf-060f1a57ba2b,1777319396,0.65,0.45,yes,"{""count_fp"":""0.45"",""created_time"":""2026-04-27T19:49:56.172837Z"",""no_price_dollars"":""0.3500"",""taker_side"":""yes"",""ticker"":""KXETH15M-26APR271600-00"",""trade_id"":""53721e17-95e5-7f56-0acf-060f1a57ba2b"",""yes_price_dollars"":""0.6500""}"
KXETH15M-26APR271600-00,f0499e68-7608-5042-a266-82f1a122072a,1777319400,0.68,57.0,yes,"{""count_fp"":""57.00"",""created_time"":""2026-04-27T19:50:00.217129Z"",""no_price_dollars"":""0.3200"",""taker_side"":""yes"",""ticker"":""KXETH15M-26APR271600-00"",""trade_id"":""f0499e68-7608-5042-a266-82f1a122072a"",""yes_price_dollars"":""0.6800""}"
KXETH15M-26APR271600-00,78e669d8-2375-55d7-b774-97a80ac069e6,1777319400,0.65,10.0,yes,"{""count_fp"":""10.00"",""created_time"":""2026-04-27T19:50:00.146138Z"",""no_price_dollars"":""0.3500"",""taker_side"":""yes"",""ticker"":""KXETH15M-26APR271600-00"",""trade_id"":""78e669d8-2375-55d7-b774-97a80ac069e6"",""yes_price_dollars"":""0.6500""}"
KXETH15M-26APR271600-00,79d683ef-f30c-795f-abb4-755dc595a266,1777319401,0.66,1.0,no,"{""count_fp"":""1.00"",""created_time"":""2026-04-27T19:50:01.734954Z"",""no_price_dollars"":""0.3400"",""taker_side"":""no"",""ticker"":""KXETH15M-26APR271600-00"",""trade_id"":""79d683ef-f30c-795f-abb4-755dc595a266"",""yes_price_dollars"":""0.6600""}"
KXETH15M-26APR271600-00,80fbf6d3-4e2c-5b69-6059-aa2b11c08c5f,1777319401,0.68,2.0,no,"{""count_fp"":""2.00"",""created_time"":""2026-04-27T19:50:01.094394Z"",""no_price_dollars"":""0.3200"",""taker_side"":""no"",""ticker"":""KXETH15M-26APR271600-00"",""trade_id"":""80fbf6d3-4e2c-5b69-6059-aa2b11c08c5f"",""yes_price_dollars"":""0.6800""}"
KXETH15M-26APR271600-00,3b85b796-933a-51f7-c6c1-c2916309361a,1777319405,0.67,1.0,no,"{""count_fp"":""1.00"",""created_time"":""2026-04-27T19:50:05.950626Z"",""no_price_dollars"":""0.3300"",""taker_side"":""no"",""ticker"":""KXETH15M-26APR271600-00"",""trade_id"":""3b85b796-933a-51f7-c6c1-c2916309361a"",""yes_price_dollars"":""0.6700""}"
KXETH15M-26APR271600-00,60eef2c0-a7f4-5aaf-158b-9ab18b6d55f9,1777319405,0.67,1.0,no,"{""count_fp"":""1.00"",""created_time"":""2026-04-27T19:50:05.521733Z"",""no_price_dollars"":""0.3300"",""taker_side"":""no"",""ticker"":""KXETH15M-26APR271600-00"",""trade_id"":""60eef2c0-a7f4-5aaf-158b-9ab18b6d55f9"",""yes_price_dollars"":""0.6700""}"
KXETH15M-26APR271600-00,f3452b73-07ce-622e-7c31-22acee53365a,1777319411,0.68,1.0,yes,"{""count_fp"":""1.00"",""created_time"":""2026-04-27T19:50:11.273765Z"",""no_price_dollars"":""0.3200"",""taker_side"":""yes"",""ticker"":""KXETH15M-26APR271600-00"",""trade_id"":""f3452b73-07ce-622e-7c31-22acee53365a"",""yes_price_dollars"":""0.6800""}"
KXETH15M-26APR271600-00,79a5debd-d340-69d3-58ad-ed3277609f19,1777319411,0.7,2.3,yes,"{""count_fp"":""2.30"",""created_time"":""2026-04-27T19:50:11.273765Z"",""no_price_dollars"":""0.3000"",""taker_side"":""yes"",""ticker"":""KXETH15M-26APR271600-00"",""trade_id"":""79a5debd-d340-69d3-58ad-ed3277609f19"",""yes_price_dollars"":""0.7000""}"
KXETH15M-26APR271600-00,3ecaeaa2-def4-63a6-47ad-d8e6e6b695ae,1777319411,0.68,0.99,yes,"{""count_fp"":""0.99"",""created_time"":""2026-04-27T19:50:11.273765Z"",""no_price_dollars"":""0.3200"",""taker_side"":""yes"",""ticker"":""KXETH15M-26APR271600-00"",""trade_id"":""3ecaeaa2-def4-63a6-47ad-d8e6e6b695ae"",""yes_price_dollars"":""0.6800""}"
KXETH15M-26APR271600-00,3b703171-380e-605b-6bec-9a4daa82f0db,1777319411,0.7,10.0,yes,"{""count_fp"":""10.00"",""created_time"":""2026-04-27T19:50:11.273765Z"",""no_price_dollars"":""0.3000"",""taker_side"":""yes"",""ticker"":""KXETH15M-26APR271600-00"",""trade_id"":""3b703171-380e-605b-6bec-9a4daa82f0db"",""yes_price_dollars"":""0.7000""}"
KXETH15M-26APR271600-00,2a6eaefc-68fa-622b-4108-f1b5c5c2a165,1777319411,0.68,1.0,yes,"{""count_fp"":""1.00"",""created_time"":""2026-04-27T19:50:11.273765Z"",""no_price_dollars"":""0.3200"",""taker_side"":""yes"",""ticker"":""KXETH15M-26APR271600-00"",""trade_id"":""2a6eaefc-68fa-622b-4108-f1b5c5c2a165"",""yes_price_dollars"":""0.6800""}"
KXETH15M-26APR271600-00,00fa151d-3fc1-6eb2-7604-4f3e1e2d53fb,1777319411,0.69,20.0,yes,"{""count_fp"":""20.00"",""created_time"":""2026-04-27T19:50:11.273765Z"",""no_price_dollars"":""0.3100"",""taker_side"":""yes"",""ticker"":""KXETH15M-26APR271600-00"",""trade_id"":""00fa151d-3fc1-6eb2-7604-4f3e1e2d53fb"",""yes_price_dollars"":""0.6900""}"
KXETH15M-26APR271600-00,f37504e4-e2e5-796c-4ed3-d6cd1057d76c,1777319412,0.65,20.31,no,"{""count_fp"":""20.31"",""created_time"":""2026-04-27T19:50:12.816263Z"",""no_price_dollars"":""0.3500"",""taker_side"":""no"",""ticker"":""KXETH15M-26APR271600-00"",""trade_id"":""f37504e4-e2e5-796c-4ed3-d6cd1057d76c"",""yes_price_dollars"":""0.6500""}"
KXETH15M-26APR271600-00,ad5b5f8d-5538-7e8d-5e61-336ebbb58d58,1777319412,0.66,1.0,no,"{""count_fp"":""1.00"",""created_time"":""2026-04-27T19:50:12.816263Z"",""no_price_dollars"":""0.3400"",""taker_side"":""no"",""ticker"":""KXETH15M-26APR271600-00"",""trade_id"":""ad5b5f8d-5538-7e8d-5e61-336ebbb58d58"",""yes_price_dollars"":""0.6600""}"
KXETH15M-26APR271600-00,eb5a2460-ab02-7c04-f8f1-709116cffd23,1777319420,0.64,1.0,yes,"{""count_fp"":""1.00"",""created_time"":""2026-04-27T19:50:20.348053Z"",""no_price_dollars"":""0.3600"",""taker_side"":""yes"",""ticker"":""KXETH15M-26APR271600-00"",""trade_id"":""eb5a2460-ab02-7c04-f8f1-709116cffd23"",""yes_price_dollars"":""0.6400""}"
KXETH15M-26APR271600-00,bfe57b49-55cc-567e-2b15-edf6c719dd3e,1777319421,0.64,11.27,yes,"{""count_fp"":""11.27"",""created_time"":""2026-04-27T19:50:21.720459Z"",""no_price_dollars"":""0.3600"",""taker_side"":""yes"",""ticker"":""KXETH15M-26APR271600-00"",""trade_id"":""bfe57b49-55cc-567e-2b15-edf6c719dd3e"",""yes_price_dollars"":""0.6400""}"
KXETH15M-26APR271600-00,1e063684-47cc-51fc-307c-7419378c824a,1777319421,0.64,10.0,yes,"{""count_fp"":""10.00"",""created_time"":""2026-04-27T19:50:21.720459Z"",""no_price_dollars"":""0.3600"",""taker_side"":""yes"",""ticker"":""KXETH15M-26APR271600-00"",""trade_id"":""1e063684-47cc-51fc-307c-7419378c824a"",""yes_price_dollars"":""0.6400""}"
KXETH15M-26APR271600-00,3393d384-ae0d-5cd0-e944-85b499da7650,1777319424,0.65,100.0,no,"{""count_fp"":""100.00"",""created_time"":""2026-04-27T19:50:24.260905Z"",""no_price_dollars"":""0.3500"",""taker_side"":""no"",""ticker"":""KXETH15M-26APR271600-00"",""trade_id"":""3393d384-ae0d-5cd0-e944-85b499da7650"",""yes_price_dollars"":""0.6500""}"
KXETH15M-26APR271600-00,2cdad099-1d32-5c7e-f79b-262aff43011a,1777319424,0.65,1.0,no,"{""count_fp"":""1.00"",""created_time"":""2026-04-27T19:50:24.260905Z"",""no_price_dollars"":""0.3500"",""taker_side"":""no"",""ticker"":""KXETH15M-26APR271600-00"",""trade_id"":""2cdad099-1d32-5c7e-f79b-262aff43011a"",""yes_price_dollars"":""0.6500""}"
KXETH15M-26APR271600-00,ab42e6da-9f9f-6e41-d065-50003dd77f01,1777319425,0.61,2.63,yes,"{""count_fp"":""2.63"",""created_time"":""2026-04-27T19:50:25.431919Z"",""no_price_dollars"":""0.3900"",""taker_side"":""yes"",""ticker"":""KXETH15M-26APR271600-00"",""trade_id"":""ab42e6da-9f9f-6e41-d065-50003dd77f01"",""yes_price_dollars"":""0.6100""}"
KXETH15M-26APR271600-00,8336e77e-944d-6e4e-cfde-c530f30e4709,1777319425,0.62,10.0,yes,"{""count_fp"":""10.00"",""created_time"":""2026-04-27T19:50:25.431919Z"",""no_price_dollars"":""0.3800"",""taker_side"":""yes"",""ticker"":""KXETH15M-26APR271600-00"",""trade_id"":""8336e77e-944d-6e4e-cfde-c530f30e4709"",""yes_price_dollars"":""0.6200""}"
KXETH15M-26APR271600-00,7b761ac6-40ad-6fb4-f7bc-85ac149513df,1777319425,0.6,1.0,yes,"{""count_fp"":""1.00"",""created_time"":""2026-04-27T19:50:25.431919Z"",""no_price_dollars"":""0.4000"",""taker_side"":""yes"",""ticker"":""KXETH15M-26APR271600-00"",""trade_id"":""7b761ac6-40ad-6fb4-f7bc-85ac149513df"",""yes_price_dollars"":""0.6000""}"
KXETH15M-26APR271600-00,3cd4f4ab-0e70-651e-ee42-120c4ba385c2,1777319425,0.63,48.73,yes,"{""count_fp"":""48.73"",""created_time"":""2026-04-27T19:50:25.431919Z"",""no_price_dollars"":""0.3700"",""taker_side"":""yes"",""ticker"":""KXETH15M-26APR271600-00"",""trade_id"":""3cd4f4ab-0e70-651e-ee42-120c4ba385c2"",""yes_price_dollars"":""0.6300""}"
KXETH15M-26APR271600-00,1b089280-fbfc-60c7-fac4-153e679d7745,1777319425,0.63,197.64,yes,"{""count_fp"":""197.64"",""created_time"":""2026-04-27T19:50:25.431919Z"",""no_price_dollars"":""0.3700"",""taker_side"":""yes"",""ticker"":""KXETH15M-26APR271600-00"",""trade_id"":""1b089280-fbfc-60c7-fac4-153e679d7745"",""yes_price_dollars"":""0.6300""}"
KXETH15M-26APR271600-00,d71aed2f-7ab3-4680-4c8b-dd7ea38c25be,1777319430,0.63,1.0,yes,"{""count_fp"":""1.00"",""created_time"":""2026-04-27T19:50:30.387138Z"",""no_price_dollars"":""0.3700"",""taker_side"":""yes"",""ticker"":""KXETH15M-26APR271600-00"",""trade_id"":""d71aed2f-7ab3-4680-4c8b-dd7ea38c25be"",""yes_price_dollars"":""0.6300""}"
KXETH15M-26APR271600-00,57580d0c-d293-7fe7-0e17-2eaaa4476cdc,1777319453,0.62,4.0,yes,"{""count_fp"":""4.00"",""created_time"":""2026-04-27T19:50:53.333166Z"",""no_price_dollars"":""0.3800"",""taker_side"":""yes"",""ticker"":""KXETH15M-26APR271600-00"",""trade_id"":""57580d0c-d293-7fe7-0e17-2eaaa4476cdc"",""yes_price_dollars"":""0.6200""}"
KXETH15M-26APR271600-00,42bc9c08-792c-7f76-2cc3-c6f9280fae1e,1777319453,0.63,11.43,yes,"{""count_fp"":""11.43"",""created_time"":""2026-04-27T19:50:53.333166Z"",""no_price_dollars"":""0.3700"",""taker_side"":""yes"",""ticker"":""KXETH15M-26APR271600-00"",""trade_id"":""42bc9c08-792c-7f76-2cc3-c6f9280fae1e"",""yes_price_dollars"":""0.6300""}"
KXETH15M-26APR271600-00,f17d6d38-12cd-6c72-d9ea-6063004af2a2,1777319456,0.63,10.0,yes,"{""count_fp"":""10.00"",""created_time"":""2026-04-27T19:50:56.997232Z"",""no_price_dollars"":""0.3700"",""taker_side"":""yes"",""ticker"":""KXETH15M-26APR271600-00"",""trade_id"":""f17d6d38-12cd-6c72-d9ea-6063004af2a2"",""yes_price_dollars"":""0.6300""}"
KXETH15M-26APR271600-00,ddbe3690-451a-6026-a47e-36e576e5e4c0,1777319474,0.52,1.0,yes,"{""count_fp"":""1.00"",""created_time"":""2026-04-27T19:51:14.995566Z"",""no_price_dollars"":""0.4800"",""taker_side"":""yes"",""ticker"":""KXETH15M-26APR271600-00"",""trade_id"":""ddbe3690-451a-6026-a47e-36e576e5e4c0"",""yes_price_dollars"":""0.5200""}"
KXETH15M-26APR271600-00,f9740656-1f8a-7246-aebd-acf5b3765728,1777319474,0.59,10.0,no,"{""count_fp"":""10.00"",""created_time"":""2026-04-27T19:51:14.489305Z"",""no_price_dollars"":""0.4100"",""taker_side"":""no"",""ticker"":""KXETH15M-26APR271600-00"",""trade_id"":""f9740656-1f8a-7246-aebd-acf5b3765728"",""yes_price_dollars"":""0.5900""}"
KXETH15M-26APR271600-00,c3eeb777-f1e1-7e5b-aa6a-81bd6566411b,1777319474,0.59,20.0,no,"{""count_fp"":""20.00"",""created_time"":""2026-04-27T19:51:14.489305Z"",""no_price_dollars"":""0.4100"",""taker_side"":""no"",""ticker"":""KXETH15M-26APR271600-00"",""trade_id"":""c3eeb777-f1e1-7e5b-aa6a-81bd6566411b"",""yes_price_dollars"":""0.5900""}"
KXETH15M-26APR271600-00,2f0f9405-b642-72a7-9879-1ea4bf90acdc,1777319474,0.59,10.0,no,"{""count_fp"":""10.00"",""created_time"":""2026-04-27T19:51:14.489305Z"",""no_price_dollars"":""0.4100"",""taker_side"":""no"",""ticker"":""KXETH15M-26APR271600-00"",""trade_id"":""2f0f9405-b642-72a7-9879-1ea4bf90acdc"",""yes_price_dollars"":""0.5900""}"
KXETH15M-26APR271600-00,ea5dcb28-b1fa-5c94-e803-195bcaaea5c1,1777319475,0.53,1.0,yes,"{""count_fp"":""1.00"",""created_time"":""2026-04-27T19:51:15.529671Z"",""no_price_dollars"":""0.4700"",""taker_side"":""yes"",""ticker"":""KXETH15M-26APR271600-00"",""trade_id"":""ea5dcb28-b1fa-5c94-e803-195bcaaea5c1"",""yes_price_dollars"":""0.5300""}"
KXETH15M-26APR271600-00,bc51df3d-c209-6ff1-acdb-5c58a1baa141,1777319475,0.58,5.72,yes,"{""count_fp"":""5.72"",""created_time"":""2026-04-27T19:51:15.070628Z"",""no_price_dollars"":""0.4200"",""taker_side"":""yes"",""ticker"":""KXETH15M-26APR271600-00"",""trade_id"":""bc51df3d-c209-6ff1-acdb-5c58a1baa141"",""yes_price_dollars"":""0.5800""}"
KXETH15M-26APR271600-00,9ad30a2c-3089-600c-8799-493879c747a7,1777319475,0.58,10.0,yes,"{""count_fp"":""10.00"",""created_time"":""2026-04-27T19:51:15.070628Z"",""no_price_dollars"":""0.4200"",""taker_side"":""yes"",""ticker"":""KXETH15M-26APR271600-00"",""trade_id"":""9ad30a2c-3089-600c-8799-493879c747a7"",""yes_price_dollars"":""0.5800""}"
KXETH15M-26APR271600-00,9daa64ae-59a4-75d9-0d6f-883a1c351813,1777319477,0.51,1.0,yes,"{""count_fp"":""1.00"",""created_time"":""2026-04-27T19:51:17.098048Z"",""no_price_dollars"":""0.4900"",""taker_side"":""yes"",""ticker"":""KXETH15M-26APR271600-00"",""trade_id"":""9daa64ae-59a4-75d9-0d6f-883a1c351813"",""yes_price_dollars"":""0.5100""}"
KXETH15M-26APR271600-00,ebbe821b-f137-6d5e-b168-2d28fd9ef665,1777319478,0.54,198.13,no,"{""count_fp"":""198.13"",""created_time"":""2026-04-27T19:51:18.497652Z"",""no_price_dollars"":""0.4600"",""taker_side"":""no"",""ticker"":""KXETH15M-26APR271600-00"",""trade_id"":""ebbe821b-f137-6d5e-b168-2d28fd9ef665"",""yes_price_dollars"":""0.5400""}"
KXETH15M-26APR271600-00,bf2b0cc0-3020-6004-42e8-ab472698eafa,1777319478,0.51,1.0,yes,"{""count_fp"":""1.00"",""created_time"":""2026-04-27T19:51:18.318688Z"",""no_price_dollars"":""0.4900"",""taker_side"":""yes"",""ticker"":""KXETH15M-26APR271600-00"",""trade_id"":""bf2b0cc0-3020-6004-42e8-ab472698eafa"",""yes_price_dollars"":""0.5100""}"
KXETH15M-26APR271600-00,8597cfce-8845-4e3b-3542-a7df8b8c37f3,1777319481,0.55,1.0,yes,"{""count_fp"":""1.00"",""created_time"":""2026-04-27T19:51:21.091113Z"",""no_price_dollars"":""0.4500"",""taker_side"":""yes"",""ticker"":""KXETH15M-26APR271600-00"",""trade_id"":""8597cfce-8845-4e3b-3542-a7df8b8c37f3"",""yes_price_dollars"":""0.5500""}"
KXETH15M-26APR271600-00,019e6e56-60a5-7768-e481-07faab328880,1777319485,0.55,1.0,yes,"{""count_fp"":""1.00"",""created_time"":""2026-04-27T19:51:25.446065Z"",""no_price_dollars"":""0.4500"",""taker_side"":""yes"",""ticker"":""KXETH15M-26APR271600-00"",""trade_id"":""019e6e56-60a5-7768-e481-07faab328880"",""yes_price_dollars"":""0.5500""}"
KXETH15M-26APR271600-00,fd48264c-cc9e-5274-8fb1-bcb552d8efc3,1777319486,0.57,1.0,yes,"{""count_fp"":""1.00"",""created_time"":""2026-04-27T19:51:26.260147Z"",""no_price_dollars"":""0.4300"",""taker_side"":""yes"",""ticker"":""KXETH15M-26APR271600-00"",""trade_id"":""fd48264c-cc9e-5274-8fb1-bcb552d8efc3"",""yes_price_dollars"":""0.5700""}"
KXETH15M-26APR271600-00,eebfb6a0-9ba6-5fb5-9771-227179ddcc1e,1777319486,0.58,1.0,yes,"{""count_fp"":""1.00"",""created_time"":""2026-04-27T19:51:26.260147Z"",""no_price_dollars"":""0.4200"",""taker_side"":""yes"",""ticker"":""KXETH15M-26APR271600-00"",""trade_id"":""eebfb6a0-9ba6-5fb5-9771-227179ddcc1e"",""yes_price_dollars"":""0.5800""}"
KXETH15M-26APR271600-00,0ed537c2-5230-4ee6-4dc6-fe66f40c9c3c,1777319488,0.56,1.0,no,"{""count_fp"":""1.00"",""created_time"":""2026-04-27T19:51:28.811065Z"",""no_price_dollars"":""0.4400"",""taker_side"":""no"",""ticker"":""KXETH15M-26APR271600-00"",""trade_id"":""0ed537c2-5230-4ee6-4dc6-fe66f40c9c3c"",""yes_price_dollars"":""0.5600""}"
KXETH15M-26APR271600-00,90a132d8-9d25-7d94-b7c3-1f205e7da473,1777319506,0.62,5.0,no,"{""count_fp"":""5.00"",""created_time"":""2026-04-27T19:51:46.747433Z"",""no_price_dollars"":""0.3800"",""taker_side"":""no"",""ticker"":""KXETH15M-26APR271600-00"",""trade_id"":""90a132d8-9d25-7d94-b7c3-1f205e7da473"",""yes_price_dollars"":""0.6200""}"
KXETH15M-26APR271600-00,6f0df25d-4863-784b-97af-650ba01faa47,1777319506,0.62,10.0,no,"{""count_fp"":""10.00"",""created_time"":""2026-04-27T19:51:46.747433Z"",""no_price_dollars"":""0.3800"",""taker_side"":""no"",""ticker"":""KXETH15M-26APR271600-00"",""trade_id"":""6f0df25d-4863-784b-97af-650ba01faa47"",""yes_price_dollars"":""0.6200""}"
KXETH15M-26APR271600-00,f7de9e3d-64d5-75bb-6d1e-d17c89ab7c7b,1777319507,0.66,4.0,yes,"{""count_fp"":""4.00"",""created_time"":""2026-04-27T19:51:47.716397Z"",""no_price_dollars"":""0.3400"",""taker_side"":""yes"",""ticker"":""KXETH15M-26APR271600-00"",""trade_id"":""f7de9e3d-64d5-75bb-6d1e-d17c89ab7c7b"",""yes_price_dollars"":""0.6600""}"
KXETH15M-26APR271600-00,c358c84b-51f0-74a3-79b2-54f700e5551e,1777319507,0.67,1.0,yes,"{""count_fp"":""1.00"",""created_time"":""2026-04-27T19:51:47.716397Z"",""no_price_dollars"":""0.3300"",""taker_side"":""yes"",""ticker"":""KXETH15M-26APR271600-00"",""trade_id"":""c358c84b-51f0-74a3-79b2-54f700e5551e"",""yes_price_dollars"":""0.6700""}"
KXETH15M-26APR271600-00,50777bd3-c0dc-7d44-7727-8b457e055090,1777319507,0.65,10.0,yes,"{""count_fp"":""10.00"",""created_time"":""2026-04-27T19:51:47.716397Z"",""no_price_dollars"":""0.3500"",""taker_side"":""yes"",""ticker"":""KXETH15M-26APR271600-00"",""trade_id"":""50777bd3-c0dc-7d44-7727-8b457e055090"",""yes_price_dollars"":""0.6500""}"
KXETH15M-26APR271600-00,2d72e5a4-c65c-79ce-59b0-9110c75d585e,1777319507,0.66,48.57,yes,"{""count_fp"":""48.57"",""created_time"":""2026-04-27T19:51:47.716397Z"",""no_price_dollars"":""0.3400"",""taker_side"":""yes"",""ticker"":""KXETH15M-26APR271600-00"",""trade_id"":""2d72e5a4-c65c-79ce-59b0-9110c75d585e"",""yes_price_dollars"":""0.6600""}"
KXETH15M-26APR271600-00,09ec0653-ac68-7f23-68d1-4a627f0d993d,1777319507,0.68,290.73,yes,"{""count_fp"":""290.73"",""created_time"":""2026-04-27T19:51:47.716397Z"",""no_price_dollars"":""0.3200"",""taker_side"":""yes"",""ticker"":""KXETH15M-26APR271600-00"",""trade_id"":""09ec0653-ac68-7f23-68d1-4a627f0d993d"",""yes_price_dollars"":""0.6800""}"
KXETH15M-26APR271600-00,4f08332e-f1a3-5b66-bae8-407b3386c719,1777319508,0.61,115.25,no,"{""count_fp"":""115.25"",""created_time"":""2026-04-27T19:51:48.468799Z"",""no_price_dollars"":""0.3900"",""taker_side"":""no"",""ticker"":""KXETH15M-26APR271600-00"",""trade_id"":""4f08332e-f1a3-5b66-bae8-407b3386c719"",""yes_price_dollars"":""0.6100""}"
KXETH15M-26APR271600-00,0f8c17a8-fcc7-51ec-8583-f73294f20e28,1777319508,0.61,10.0,no,"{""count_fp"":""10.00"",""created_time"":""2026-04-27T19:51:48.468799Z"",""no_price_dollars"":""0.3900"",""taker_side"":""no"",""ticker"":""KXETH15M-26APR271600-00"",""trade_id"":""0f8c17a8-fcc7-51ec-8583-f73294f20e28"",""yes_price_dollars"":""0.6100""}"
KXETH15M-26APR271600-00,7127b7af-dc44-590e-7948-22dd7afa0e54,1777319514,0.59,1.0,yes,"{""count_fp"":""1.00"",""created_time"":""2026-04-27T19:51:54.557948Z"",""no_price_dollars"":""0.4100"",""taker_side"":""yes"",""ticker"":""KXETH15M-26APR271600-00"",""trade_id"":""7127b7af-dc44-590e-7948-22dd7afa0e54"",""yes_price_dollars"":""0.5900""}"
KXETH15M-26APR271600-00,e2fc0ad7-40ff-4c45-1ba4-8158bffdc7a3,1777319516,0.59,9.0,no,"{""count_fp"":""9.00"",""created_time"":""2026-04-27T19:51:56.771227Z"",""no_price_dollars"":""0.4100"",""taker_side"":""no"",""ticker"":""KXETH15M-26APR271600-00"",""trade_id"":""e2fc0ad7-40ff-4c45-1ba4-8158bffdc7a3"",""yes_price_dollars"":""0.5900""}"
KXETH15M-26APR271600-00,e38bc7b8-f14c-77ee-d0a6-f939c53410cf,1777319519,0.52,5.0,no,"{""count_fp"":""5.00"",""created_time"":""2026-04-27T19:51:59.819186Z"",""no_price_dollars"":""0.4800"",""taker_side"":""no"",""ticker"":""KXETH15M-26APR271600-00"",""trade_id"":""e38bc7b8-f14c-77ee-d0a6-f939c53410cf"",""yes_price_dollars"":""0.5200""}"
KXETH15M-26APR271600-00,de765a11-eb79-6a27-3bda-954db7a94bcf,1777319519,0.51,1.0,yes,"{""count_fp"":""1.00"",""created_time"":""2026-04-27T19:51:59.112999Z"",""no_price_dollars"":""0.4900"",""taker_side"":""yes"",""ticker"":""KXETH15M-26APR271600-00"",""trade_id"":""de765a11-eb79-6a27-3bda-954db7a94bcf"",""yes_price_dollars"":""0.5100""}"
KXETH15M-26APR271600-00,f378742b-568f-5856-14fe-e8a66eb39a31,1777319522,0.48,1.0,no,"{""count_fp"":""1.00"",""created_time"":""2026-04-27T19:52:02.901331Z"",""no_price_dollars"":""0.5200"",""taker_side"":""no"",""ticker"":""KXETH15M-26APR271600-00"",""trade_id"":""f378742b-568f-5856-14fe-e8a66eb39a31"",""yes_price_dollars"":""0.4800""}"
KXETH15M-26APR271600-00,58d4c947-4d1b-7840-6c5e-9df300f4fbd6,1777319522,0.51,5.76,no,"{""count_fp"":""5.76"",""created_time"":""2026-04-27T19:52:02.416367Z"",""no_price_dollars"":""0.4900"",""taker_side"":""no"",""ticker"":""KXETH15M-26APR271600-00"",""trade_id"":""58d4c947-4d1b-7840-6c5e-9df300f4fbd6"",""yes_price_dollars"":""0.5100""}"
KXETH15M-26APR271600-00,ae8bdc05-b9a7-6ec6-d937-c893383d0a71,1777319523,0.48,1.0,no,"{""count_fp"":""1.00"",""created_time"":""2026-04-27T19:52:03.844168Z"",""no_price_dollars"":""0.5200"",""taker_side"":""no"",""ticker"":""KXETH15M-26APR271600-00"",""trade_id"":""ae8bdc05-b9a7-6ec6-d937-c893383d0a71"",""yes_price_dollars"":""0.4800""}"
KXETH15M-26APR271600-00,d6eff076-f6d3-609f-0676-d6b73a4b9f3b,1777319524,0.49,1.0,yes,"{""count_fp"":""1.00"",""created_time"":""2026-04-27T19:52:04.917742Z"",""no_price_dollars"":""0.5100"",""taker_side"":""yes"",""ticker"":""KXETH15M-26APR271600-00"",""trade_id"":""d6eff076-f6d3-609f-0676-d6b73a4b9f3b"",""yes_price_dollars"":""0.4900""}"
KXETH15M-26APR271600-00,aab1e571-d8b4-590a-ba8c-6bd3c8dfab38,1777319525,0.49,1.0,yes,"{""count_fp"":""1.00"",""created_time"":""2026-04-27T19:52:05.113516Z"",""no_price_dollars"":""0.5100"",""taker_side"":""yes"",""ticker"":""KXETH15M-26APR271600-00"",""trade_id"":""aab1e571-d8b4-590a-ba8c-6bd3c8dfab38"",""yes_price_dollars"":""0.4900""}"
KXETH15M-26APR271600-00,90249359-ce4a-6248-398e-1ebc08dfaae6,1777319530,0.53,6.0,yes,"{""count_fp"":""6.00"",""created_time"":""2026-04-27T19:52:10.768708Z"",""no_price_dollars"":""0.4700"",""taker_side"":""yes"",""ticker"":""KXETH15M-26APR271600-00"",""trade_id"":""90249359-ce4a-6248-398e-1ebc08dfaae6"",""yes_price_dollars"":""0.5300""}"
KXETH15M-26APR271600-00,5a3b1a4c-cd68-6a20-0ccf-278615618bc7,1777319530,0.5,1.0,yes,"{""count_fp"":""1.00"",""created_time"":""2026-04-27T19:52:10.768708Z"",""no_price_dollars"":""0.5000"",""taker_side"":""yes"",""ticker"":""KXETH15M-26APR271600-00"",""trade_id"":""5a3b1a4c-cd68-6a20-0ccf-278615618bc7"",""yes_price_dollars"":""0.5000""}"
KXETH15M-26APR271600-00,86324ffc-26c9-6626-550c-f0b8dbbfbc05,1777319532,0.5,1.89,no,"{""count_fp"":""1.89"",""created_time"":""2026-04-27T19:52:12.419527Z"",""no_price_dollars"":""0.5000"",""taker_side"":""no"",""ticker"":""KXETH15M-26APR271600-00"",""trade_id"":""86324ffc-26c9-6626-550c-f0b8dbbfbc05"",""yes_price_dollars"":""0.5000""}"
KXETH15M-26APR271600-00,6fb920d4-9e41-5aaa-c581-84aa155c0699,1777319533,0.5,1.0,no,"{""count_fp"":""1.00"",""created_time"":""2026-04-27T19:52:13.692787Z"",""no_price_dollars"":""0.5000"",""taker_side"":""no"",""ticker"":""KXETH15M-26APR271600-00"",""trade_id"":""6fb920d4-9e41-5aaa-c581-84aa155c0699"",""yes_price_dollars"":""0.5000""}"
KXETH15M-26APR271600-00,baa90865-e154-6342-c5e3-17d060ed810b,1777319535,0.51,3.89,yes,"{""count_fp"":""3.89"",""created_time"":""2026-04-27T19:52:15.187316Z"",""no_price_dollars"":""0.4900"",""taker_side"":""yes"",""ticker"":""KXETH15M-26APR271600-00"",""trade_id"":""baa90865-e154-6342-c5e3-17d060ed810b"",""yes_price_dollars"":""0.5100""}"
KXETH15M-26APR271600-00,b7bd2f31-11a8-6d63-c8eb-675dee523a09,1777319535,0.53,92.56,yes,"{""count_fp"":""92.56"",""created_time"":""2026-04-27T19:52:15.187316Z"",""no_price_dollars"":""0.4700"",""taker_side"":""yes"",""ticker"":""KXETH15M-26APR271600-00"",""trade_id"":""b7bd2f31-11a8-6d63-c8eb-675dee523a09"",""yes_price_dollars"":""0.5300""}"
KXETH15M-26APR271600-00,3f6007ec-1488-6ae4-c61f-3eea46fa0060,1777319535,0.52,100.0,yes,"{""count_fp"":""100.00"",""created_time"":""2026-04-27T19:52:15.187316Z"",""no_price_dollars"":""0.4800"",""taker_side"":""yes"",""ticker"":""KXETH15M-26APR271600-00"",""trade_id"":""3f6007ec-1488-6ae4-c61f-3eea46fa0060"",""yes_price_dollars"":""0.5200""}"
KXETH15M-26APR271600-00,2d07a3ff-653f-4aba-b632-5997ea04c571,1777319536,0.56,185.03,no,"{""count_fp"":""185.03"",""created_time"":""2026-04-27T19:52:16.859669Z"",""no_price_dollars"":""0.4400"",""taker_side"":""no"",""ticker"":""KXETH15M-26APR271600-00"",""trade_id"":""2d07a3ff-653f-4aba-b632-5997ea04c571"",""yes_price_dollars"":""0.5600""}"
KXETH15M-26APR271600-00,9fd8a061-0bf1-6c66-9cf4-59145e86e74f,1777319536,0.59,10.0,yes,"{""count_fp"":""10.00"",""created_time"":""2026-04-27T19:52:16.764668Z"",""no_price_dollars"":""0.4100"",""taker_side"":""yes"",""ticker"":""KXETH15M-26APR271600-00"",""trade_id"":""9fd8a061-0bf1-6c66-9cf4-59145e86e74f"",""yes_price_dollars"":""0.5900""}"
KXETH15M-26APR271600-00,12def7f3-dea7-7b42-a54b-1c520cdf6df5,1777319536,0.55,8.88,no,"{""count_fp"":""8.88"",""created_time"":""2026-04-27T19:52:16.129642Z"",""no_price_dollars"":""0.4500"",""taker_side"":""no"",""ticker"":""KXETH15M-26APR271600-00"",""trade_id"":""12def7f3-dea7-7b42-a54b-1c520cdf6df5"",""yes_price_dollars"":""0.5500""}"
KXETH15M-26APR271600-00,2ef00b15-95ef-502e-e682-3de2c770dda9,1777319536,0.55,26.86,no,"{""count_fp"":""26.86"",""created_time"":""2026-04-27T19:52:16.104009Z"",""no_price_dollars"":""0.4500"",""taker_side"":""no"",""ticker"":""KXETH15M-26APR271600-00"",""trade_id"":""2ef00b15-95ef-502e-e682-3de2c770dda9"",""yes_price_dollars"":""0.5500""}"
KXETH15M-26APR271600-00,8e406ff6-7b77-689b-0241-37035ef32783,1777319539,0.55,100.0,no,"{""count_fp"":""100.00"",""created_time"":""2026-04-27T19:52:19.360573Z"",""no_price_dollars"":""0.4500"",""taker_side"":""no"",""ticker"":""KXETH15M-26APR271600-00"",""trade_id"":""8e406ff6-7b77-689b-0241-37035ef32783"",""yes_price_dollars"":""0.5500""}"
KXETH15M-26APR271600-00,2b69d4cf-a142-6914-1eb6-8f5f1ab0bbe6,1777319539,0.57,0.18,no,"{""count_fp"":""0.18"",""created_time"":""2026-04-27T19:52:19.360573Z"",""no_price_dollars"":""0.4300"",""taker_side"":""no"",""ticker"":""KXETH15M-26APR271600-00"",""trade_id"":""2b69d4cf-a142-6914-1eb6-8f5f1ab0bbe6"",""yes_price_dollars"":""0.5700""}"
KXETH15M-26APR271600-00,b2b973eb-8b35-466b-baae-d119a85265bb,1777319545,0.52,50.0,yes,"{""count_fp"":""50.00"",""created_time"":""2026-04-27T19:52:25.315778Z"",""no_price_dollars"":""0.4800"",""taker_side"":""yes"",""ticker"":""KXETH15M-26APR271600-00"",""trade_id"":""b2b973eb-8b35-466b-baae-d119a85265bb"",""yes_price_dollars"":""0.5200""}"
KXETH15M-26APR271600-00,36758ea3-a1d1-6974-aed4-2803edc86108,1777319547,0.5,9.59,no,"{""count_fp"":""9.59"",""created_time"":""2026-04-27T19:52:27.760928Z"",""no_price_dollars"":""0.5000"",""taker_side"":""no"",""ticker"":""KXETH15M-26APR271600-00"",""trade_id"":""36758ea3-a1d1-6974-aed4-2803edc86108"",""yes_price_dollars"":""0.5000""}"
KXETH15M-26APR271600-00,1e054e3c-af30-6898-af09-ce21a34a7f68,1777319548,0.51,18.6,yes,"{""count_fp"":""18.60"",""created_time"":""2026-04-27T19:52:28.670381Z"",""no_price_dollars"":""0.4900"",""taker_side"":""yes"",""ticker"":""KXETH15M-26APR271600-00"",""trade_id"":""1e054e3c-af30-6898-af09-ce21a34a7f68"",""yes_price_dollars"":""0.5100""}"
KXETH15M-26APR271600-00,ae64c5d4-72a2-69d0-6d42-add6d0d6f302,1777319548,0.45,7.0,no,"{""count_fp"":""7.00"",""created_time"":""2026-04-27T19:52:28.167621Z"",""no_price_dollars"":""0.5500"",""taker_side"":""no"",""ticker"":""KXETH15M-26APR271600-00"",""trade_id"":""ae64c5d4-72a2-69d0-6d42-add6d0d6f302"",""yes_price_dollars"":""0.4500""}"
KXETH15M-26APR271600-00,9053cda1-1118-6206-7e7c-4a3fb85e7aec,1777319548,0.45,10.0,no,"{""count_fp"":""10.00"",""created_time"":""2026-04-27T19:52:28.167621Z"",""no_price_dollars"":""0.5500"",""taker_side"":""no"",""ticker"":""KXETH15M-26APR271600-00"",""trade_id"":""9053cda1-1118-6206-7e7c-4a3fb85e7aec"",""yes_price_dollars"":""0.4500""}"
KXETH15M-26APR271600-00,8ac7c1f7-57c5-6e5c-67c4-18f284e4a47c,1777319548,0.5,45.41,no,"{""count_fp"":""45.41"",""created_time"":""2026-04-27T19:52:28.167621Z"",""no_price_dollars"":""0.5000"",""taker_side"":""no"",""ticker"":""KXETH15M-26APR271600-00"",""trade_id"":""8ac7c1f7-57c5-6e5c-67c4-18f284e4a47c"",""yes_price_dollars"":""0.5000""}"
KXETH15M-26APR271600-00,7d22ca11-09c3-622c-66e1-636a8504b0c8,1777319548,0.45,10.22,no,"{""count_fp"":""10.22"",""created_time"":""2026-04-27T19:52:28.167621Z"",""no_price_dollars"":""0.5500"",""taker_side"":""no"",""ticker"":""KXETH15M-26APR271600-00"",""trade_id"":""7d22ca11-09c3-622c-66e1-636a8504b0c8"",""yes_price_dollars"":""0.4500""}"
KXETH15M-26APR271600-00,47f05ffb-2a08-614f-5802-528526a29b3f,1777319548,0.46,5.0,no,"{""count_fp"":""5.00"",""created_time"":""2026-04-27T19:52:28.167621Z"",""no_price_dollars"":""0.5400"",""taker_side"":""no"",""ticker"":""KXETH15M-26APR271600-00"",""trade_id"":""47f05ffb-2a08-614f-5802-528526a29b3f"",""yes_price_dollars"":""0.4600""}"
KXETH15M-26APR271600-00,42926308-e983-6aee-49a6-b846dee45b85,1777319548,0.44,266.67,no,"{""count_fp"":""266.67"",""created_time"":""2026-04-27T19:52:28.167621Z"",""no_price_dollars"":""0.5600"",""taker_side"":""no"",""ticker"":""KXETH15M-26APR271600-00"",""trade_id"":""42926308-e983-6aee-49a6-b846dee45b85"",""yes_price_dollars"":""0.4400""}"
KXETH15M-26APR271600-00,162c628b-5dae-62dd-4d42-da20856fa0a8,1777319548,0.44,5.0,no,"{""count_fp"":""5.00"",""created_time"":""2026-04-27T19:52:28.167621Z"",""no_price_dollars"":""0.5600"",""taker_side"":""no"",""ticker"":""KXETH15M-26APR271600-00"",""trade_id"":""162c628b-5dae-62dd-4d42-da20856fa0a8"",""yes_price_dollars"":""0.4400""}"
KXETH15M-26APR271600-00,1049e9e4-5738-6154-68bc-ce6ba49af07a,1777319548,0.48,5.0,no,"{""count_fp"":""5.00"",""created_time"":""2026-04-27T19:52:28.167621Z"",""no_price_dollars"":""0.5200"",""taker_side"":""no"",""ticker"":""KXETH15M-26APR271600-00"",""trade_id"":""1049e9e4-5738-6154-68bc-ce6ba49af07a"",""yes_price_dollars"":""0.4800""}"
KXETH15M-26APR271600-00,0e8d28f6-1714-559c-182f-1068de658474,1777319549,0.51,1.89,yes,"{""count_fp"":""1.89"",""created_time"":""2026-04-27T19:52:29.819428Z"",""no_price_dollars"":""0.4900"",""taker_side"":""yes"",""ticker"":""KXETH15M-26APR271600-00"",""trade_id"":""0e8d28f6-1714-559c-182f-1068de658474"",""yes_price_dollars"":""0.5100""}"
KXETH15M-26APR271600-00,748db7d7-cb3a-732e-7e6f-7fb5451da474,1777319551,0.48,0.68,no,"{""count_fp"":""0.68"",""created_time"":""2026-04-27T19:52:31.045304Z"",""no_price_dollars"":""0.5200"",""taker_side"":""no"",""ticker"":""KXETH15M-26APR271600-00"",""trade_id"":""748db7d7-cb3a-732e-7e6f-7fb5451da474"",""yes_price_dollars"":""0.4800""}"
KXETH15M-26APR271600-00,b744d280-8d20-64b0-69a7-bffdaa1cdcac,1777319553,0.51,13.29,yes,"{""count_fp"":""13.29"",""created_time"":""2026-04-27T19:52:33.926507Z"",""no_price_dollars"":""0.4900"",""taker_side"":""yes"",""ticker"":""KXETH15M-26APR271600-00"",""trade_id"":""b744d280-8d20-64b0-69a7-bffdaa1cdcac"",""yes_price_dollars"":""0.5100""}"
KXETH15M-26APR271600-00,782c159c-55f3-5c84-2c0c-2b36cd0e28e0,1777319556,0.46,6.0,no,"{""count_fp"":""6.00"",""created_time"":""2026-04-27T19:52:36.638038Z"",""no_price_dollars"":""0.5400"",""taker_side"":""no"",""ticker"":""KXETH15M-26APR271600-00"",""trade_id"":""782c159c-55f3-5c84-2c0c-2b36cd0e28e0"",""yes_price_dollars"":""0.4600""}"
KXETH15M-26APR271600-00,ee551284-d4f8-602a-caec-90fa87bc4225,1777319566,0.56,5.0,yes,"{""count_fp"":""5.00"",""created_time"":""2026-04-27T19:52:46.191604Z"",""no_price_dollars"":""0.4400"",""taker_side"":""yes"",""ticker"":""KXETH15M-26APR271600-00"",""trade_id"":""ee551284-d4f8-602a-caec-90fa87bc4225"",""yes_price_dollars"":""0.5600""}"
KXETH15M-26APR271600-00,e8ea6983-eb60-618d-f742-ec8491d2b394,1777319566,0.54,5.0,yes,"{""count_fp"":""5.00"",""created_time"":""2026-04-27T19:52:46.191604Z"",""no_price_dollars"":""0.4600"",""taker_side"":""yes"",""ticker"":""KXETH15M-26APR271600-00"",""trade_id"":""e8ea6983-eb60-618d-f742-ec8491d2b394"",""yes_price_dollars"":""0.5400""}"
KXETH15M-26APR271600-00,ef97a7cf-b48e-48e9-f420-b3bab6c23bf8,1777319566,0.52,5.0,yes,"{""count_fp"":""5.00"",""created_time"":""2026-04-27T19:52:46.031023Z"",""no_price_dollars"":""0.4800"",""taker_side"":""yes"",""ticker"":""KXETH15M-26APR271600-00"",""trade_id"":""ef97a7cf-b48e-48e9-f420-b3bab6c23bf8"",""yes_price_dollars"":""0.5200""}"
KXETH15M-26APR271600-00,a193b70b-837c-5ff6-9b18-db08f4ac0a8a,1777319566,0.51,0.68,yes,"{""count_fp"":""0.68"",""created_time"":""2026-04-27T19:52:46.030248Z"",""no_price_dollars"":""0.4900"",""taker_side"":""yes"",""ticker"":""KXETH15M-26APR271600-00"",""trade_id"":""a193b70b-837c-5ff6-9b18-db08f4ac0a8a"",""yes_price_dollars"":""0.5100""}"
KXETH15M-26APR271600-00,ea041225-e2eb-4413-ea67-9a6f92484b39,1777319566,0.48,4.0,yes,"{""count_fp"":""4.00"",""created_time"":""2026-04-27T19:52:46.015621Z"",""no_price_dollars"":""0.5200"",""taker_side"":""yes"",""ticker"":""KXETH15M-26APR271600-00"",""trade_id"":""ea041225-e2eb-4413-ea67-9a6f92484b39"",""yes_price_dollars"":""0.4800""}"
KXETH15M-26APR271600-00,9597a869-fecc-408a-d19e-c595be5aec7a,1777319566,0.51,15.0,yes,"{""count_fp"":""15.00"",""created_time"":""2026-04-27T19:52:46.015621Z"",""no_price_dollars"":""0.4900"",""taker_side"":""yes"",""ticker"":""KXETH15M-26APR271600-00"",""trade_id"":""9597a869-fecc-408a-d19e-c595be5aec7a"",""yes_price_dollars"":""0.5100""}"
KXETH15M-26APR271600-00,836b8971-0bcb-644e-1591-47f83ed03071,1777319567,0.53,334.63,no,"{""count_fp"":""334.63"",""created_time"":""2026-04-27T19:52:47.281724Z"",""no_price_dollars"":""0.4700"",""taker_side"":""no"",""ticker"":""KXETH15M-26APR271600-00"",""trade_id"":""836b8971-0bcb-644e-1591-47f83ed03071"",""yes_price_dollars"":""0.5300""}"
KXETH15M-26APR271600-00,4a0ba6bd-55b5-6c5b-21a3-740457cf1c63,1777319567,0.54,10.37,no,"{""count_fp"":""10.37"",""created_time"":""2026-04-27T19:52:47.281724Z"",""no_price_dollars"":""0.4600"",""taker_side"":""no"",""ticker"":""KXETH15M-26APR271600-00"",""trade_id"":""4a0ba6bd-55b5-6c5b-21a3-740457cf1c63"",""yes_price_dollars"":""0.5400""}"
KXETH15M-26APR271600-00,b20bbce0-d7d3-6f55-904e-445a9be6401a,1777319568,0.55,8.0,no,"{""count_fp"":""8.00"",""created_time"":""2026-04-27T19:52:48.722966Z"",""no_price_dollars"":""0.4500"",""taker_side"":""no"",""ticker"":""KXETH15M-26APR271600-00"",""trade_id"":""b20bbce0-d7d3-6f55-904e-445a9be6401a"",""yes_price_dollars"":""0.5500""}"
KXETH15M-26APR271600-00,8e6ba771-ec6c-41fd-458f-9f89396c526a,1777319568,0.58,3.0,yes,"{""count_fp"":""3.00"",""created_time"":""2026-04-27T19:52:48.619663Z"",""no_price_dollars"":""0.4200"",""taker_side"":""yes"",""ticker"":""KXETH15M-26APR271600-00"",""trade_id"":""8e6ba771-ec6c-41fd-458f-9f89396c526a"",""yes_price_dollars"":""0.5800""}"
KXETH15M-26APR271600-00,cb378eae-a820-4ad9-793c-cdaa55fa6b2d,1777319570,0.56,10.0,no,"{""count_fp"":""10.00"",""created_time"":""2026-04-27T19:52:50.091289Z"",""no_price_dollars"":""0.4400"",""taker_side"":""no"",""ticker"":""KXETH15M-26APR271600-00"",""trade_id"":""cb378eae-a820-4ad9-793c-cdaa55fa6b2d"",""yes_price_dollars"":""0.5600""}"
KXETH15M-26APR271600-00,2e296505-32f7-547c-2a89-ba1cc95c83c9,1777319572,0.56,5.0,no,"{""count_fp"":""5.00"",""created_time"":""2026-04-27T19:52:52.424505Z"",""no_price_dollars"":""0.4400"",""taker_side"":""no"",""ticker"":""KXETH15M-26APR271600-00"",""trade_id"":""2e296505-32f7-547c-2a89-ba1cc95c83c9"",""yes_price_dollars"":""0.5600""}"
KXETH15M-26APR271600-00,716a69a0-dc11-419f-c089-144c601d90ca,1777319580,0.5,18.0,no,"{""count_fp"":""18.00"",""created_time"":""2026-04-27T19:53:00.767716Z"",""no_price_dollars"":""0.5000"",""taker_side"":""no"",""ticker"":""KXETH15M-26APR271600-00"",""trade_id"":""716a69a0-dc11-419f-c089-144c601d90ca"",""yes_price_dollars"":""0.5000""}"
KXETH15M-26APR271600-00,b6608fee-723d-717c-80c8-5e55b08b41e2,1777319580,0.56,10.0,no,"{""count_fp"":""10.00"",""created_time"":""2026-04-27T19:53:00.633317Z"",""no_price_dollars"":""0.4400"",""taker_side"":""no"",""ticker"":""KXETH15M-26APR271600-00"",""trade_id"":""b6608fee-723d-717c-80c8-5e55b08b41e2"",""yes_price_dollars"":""0.5600""}"
KXETH15M-26APR271600-00,311c14c0-4370-5420-07e0-4f571a635610,1777319580,0.57,19.61,yes,"{""count_fp"":""19.61"",""created_time"":""2026-04-27T19:53:00.486809Z"",""no_price_dollars"":""0.4300"",""taker_side"":""yes"",""ticker"":""KXETH15M-26APR271600-00"",""trade_id"":""311c14c0-4370-5420-07e0-4f571a635610"",""yes_price_dollars"":""0.5700""}"
KXETH15M-26APR271600-00,6df3e8cf-1048-6c18-0eb4-fc4f4294339c,1777319580,0.57,1.0,yes,"{""count_fp"":""1.00"",""created_time"":""2026-04-27T19:53:00.464224Z"",""no_price_dollars"":""0.4300"",""taker_side"":""yes"",""ticker"":""KXETH15M-26APR271600-00"",""trade_id"":""6df3e8cf-1048-6c18-0eb4-fc4f4294339c"",""yes_price_dollars"":""0.5700""}"
KXETH15M-26APR271600-00,170c7a85-6320-49e4-017d-a3468437344c,1777319583,0.52,2.0,yes,"{""count_fp"":""2.00"",""created_time"":""2026-04-27T19:53:03.322626Z"",""no_price_dollars"":""0.4800"",""taker_side"":""yes"",""ticker"":""KXETH15M-26APR271600-00"",""trade_id"":""170c7a85-6320-49e4-017d-a3468437344c"",""yes_price_dollars"":""0.5200""}"
KXETH15M-26APR271600-00,c6575b80-b34c-7677-81b0-1c6f8ef8086b,1777319592,0.6,6.62,no,"{""count_fp"":""6.62"",""created_time"":""2026-04-27T19:53:12.925418Z"",""no_price_dollars"":""0.4000"",""taker_side"":""no"",""ticker"":""KXETH15M-26APR271600-00"",""trade_id"":""c6575b80-b34c-7677-81b0-1c6f8ef8086b"",""yes_price_dollars"":""0.6000""}"
KXETH15M-26APR271600-00,86fdf0b9-c19f-7719-81d7-5edf5a618a3a,1777319592,0.6,12.38,no,"{""count_fp"":""12.38"",""created_time"":""2026-04-27T19:53:12.925418Z"",""no_price_dollars"":""0.4000"",""taker_side"":""no"",""ticker"":""KXETH15M-26APR271600-00"",""trade_id"":""86fdf0b9-c19f-7719-81d7-5edf5a618a3a"",""yes_price_dollars"":""0.6000""}"
KXETH15M-26APR271600-00,6473eea8-5a94-640b-c07c-46e2488aac1b,1777319592,0.6,4.0,no,"{""count_fp"":""4.00"",""created_time"":""2026-04-27T19:53:12.136477Z"",""no_price_dollars"":""0.4000"",""taker_side"":""no"",""ticker"":""KXETH15M-26APR271600-00"",""trade_id"":""6473eea8-5a94-640b-c07c-46e2488aac1b"",""yes_price_dollars"":""0.6000""}"
KXETH15M-26APR271600-00,a7adc08b-74b6-6796-6003-f394db1188f0,1777319593,0.62,3.0,yes,"{""count_fp"":""3.00"",""created_time"":""2026-04-27T19:53:13.721058Z"",""no_price_dollars"":""0.3800"",""taker_side"":""yes"",""ticker"":""KXETH15M-26APR271600-00"",""trade_id"":""a7adc08b-74b6-6796-6003-f394db1188f0"",""yes_price_dollars"":""0.6200""}"
KXETH15M-26APR271600-00,85fb4dc2-edd6-5dc6-9d73-3e3342279ff4,1777319593,0.62,1.0,yes,"{""count_fp"":""1.00"",""created_time"":""2026-04-27T19:53:13.423829Z"",""no_price_dollars"":""0.3800"",""taker_side"":""yes"",""ticker"":""KXETH15M-26APR271600-00"",""trade_id"":""85fb4dc2-edd6-5dc6-9d73-3e3342279ff4"",""yes_price_dollars"":""0.6200""}"
KXETH15M-26APR271600-00,6eb7913e-0e01-4373-21c4-ba58b88a030c,1777319595,0.64,5.0,yes,"{""count_fp"":""5.00"",""created_time"":""2026-04-27T19:53:15.312805Z"",""no_price_dollars"":""0.3600"",""taker_side"":""yes"",""ticker"":""KXETH15M-26APR271600-00"",""trade_id"":""6eb7913e-0e01-4373-21c4-ba58b88a030c"",""yes_price_dollars"":""0.6400""}"
KXETH15M-26APR271600-00,66115348-fa44-4574-11c8-6a19a2d62e5b,1777319595,0.66,10.0,yes,"{""count_fp"":""10.00"",""created_time"":""2026-04-27T19:53:15.312805Z"",""no_price_dollars"":""0.3400"",""taker_side"":""yes"",""ticker"":""KXETH15M-26APR271600-00"",""trade_id"":""66115348-fa44-4574-11c8-6a19a2d62e5b"",""yes_price_dollars"":""0.6600""}"
KXETH15M-26APR271600-00,9ef06d33-d103-783a-a62f-79201bef8bc9,1777319597,0.68,1.0,no,"{""count_fp"":""1.00"",""created_time"":""2026-04-27T19:53:17.693088Z"",""no_price_dollars"":""0.3200"",""taker_side"":""no"",""ticker"":""KXETH15M-26APR271600-00"",""trade_id"":""9ef06d33-d103-783a-a62f-79201bef8bc9"",""yes_price_dollars"":""0.6800""}"
KXETH15M-26APR271600-00,3cb9037a-aefc-6aa6-d5eb-c5892d88ed48,1777319599,0.67,10.0,no,"{""count_fp"":""10.00"",""created_time"":""2026-04-27T19:53:19.689534Z"",""no_price_dollars"":""0.3300"",""taker_side"":""no"",""ticker"":""KXETH15M-26APR271600-00"",""trade_id"":""3cb9037a-aefc-6aa6-d5eb-c5892d88ed48"",""yes_price_dollars"":""0.6700""}"
KXETH15M-26APR271600-00,59a9c530-75de-44c6-16d7-9650178dc6d8,1777319599,0.69,11.89,yes,"{""count_fp"":""11.89"",""created_time"":""2026-04-27T19:53:19.600359Z"",""no_price_dollars"":""0.3100"",""taker_side"":""yes"",""ticker"":""KXETH15M-26APR271600-00"",""trade_id"":""59a9c530-75de-44c6-16d7-9650178dc6d8"",""yes_price_dollars"":""0.6900""}"
KXETH15M-26APR271600-00,6d55fcdf-3763-6739-556c-b9ad930fb5ea,1777319607,0.68,4.0,no,"{""count_fp"":""4.00"",""created_time"":""2026-04-27T19:53:27.284844Z"",""no_price_dollars"":""0.3200"",""taker_side"":""no"",""ticker"":""KXETH15M-26APR271600-00"",""trade_id"":""6d55fcdf-3763-6739-556c-b9ad930fb5ea"",""yes_price_dollars"":""0.6800""}"
KXETH15M-26APR271600-00,4680375d-b6ba-66b0-5f03-f40b9066fb0c,1777319607,0.68,1.0,no,"{""count_fp"":""1.00"",""created_time"":""2026-04-27T19:53:27.284844Z"",""no_price_dollars"":""0.3200"",""taker_side"":""no"",""ticker"":""KXETH15M-26APR271600-00"",""trade_id"":""4680375d-b6ba-66b0-5f03-f40b9066fb0c"",""yes_price_dollars"":""0.6800""}"
KXETH15M-26APR271600-00,eb3bfe83-bf06-4aa2-ace4-161849014798,1777319608,0.69,6.7,yes,"{""count_fp"":""6.70"",""created_time"":""2026-04-27T19:53:28.218427Z"",""no_price_dollars"":""0.3100"",""taker_side"":""yes"",""ticker"":""KXETH15M-26APR271600-00"",""trade_id"":""eb3bfe83-bf06-4aa2-ace4-161849014798"",""yes_price_dollars"":""0.6900""}"
KXETH15M-26APR271600-00,51c2f231-7365-4fa6-96b7-2f9c58ad7477,1777319608,0.7,10.0,yes,"{""count_fp"":""10.00"",""created_time"":""2026-04-27T19:53:28.218427Z"",""no_price_dollars"":""0.3000"",""taker_side"":""yes"",""ticker"":""KXETH15M-26APR271600-00"",""trade_id"":""51c2f231-7365-4fa6-96b7-2f9c58ad7477"",""yes_price_dollars"":""0.7000""}"
KXETH15M-26APR271600-00,f64e19db-a560-7817-1164-f02a7d9b035d,1777319610,0.74,14.0,yes,"{""count_fp"":""14.00"",""created_time"":""2026-04-27T19:53:30.359597Z"",""no_price_dollars"":""0.2600"",""taker_side"":""yes"",""ticker"":""KXETH15M-26APR271600-00"",""trade_id"":""f64e19db-a560-7817-1164-f02a7d9b035d"",""yes_price_dollars"":""0.7400""}"
KXETH15M-26APR271600-00,aa5a4773-1303-68ca-eaa7-ac4c4260bf53,1777319614,0.7,1.0,yes,"{""count_fp"":""1.00"",""created_time"":""2026-04-27T19:53:34.458261Z"",""no_price_dollars"":""0.3000"",""taker_side"":""yes"",""ticker"":""KXETH15M-26APR271600-00"",""trade_id"":""aa5a4773-1303-68ca-eaa7-ac4c4260bf53"",""yes_price_dollars"":""0.7000""}"
KXETH15M-26APR271600-00,8670d29a-eb23-6f0d-cace-b37d07f88dd9,1777319614,0.7,3.55,yes,"{""count_fp"":""3.55"",""created_time"":""2026-04-27T19:53:34.458261Z"",""no_price_dollars"":""0.3000"",""taker_side"":""yes"",""ticker"":""KXETH15M-26APR271600-00"",""trade_id"":""8670d29a-eb23-6f0d-cace-b37d07f88dd9"",""yes_price_dollars"":""0.7000""}"
KXETH15M-26APR271600-00,be91efed-9dab-6cf5-4e54-662b31f9f3ba,1777319618,0.68,1.91,no,"{""count_fp"":""1.91"",""created_time"":""2026-04-27T19:53:38.057713Z"",""no_price_dollars"":""0.3200"",""taker_side"":""no"",""ticker"":""KXETH15M-26APR271600-00"",""trade_id"":""be91efed-9dab-6cf5-4e54-662b31f9f3ba"",""yes_price_dollars"":""0.6800""}"
KXETH15M-26APR271600-00,541ba01f-d543-652b-7541-3eb5ea45d57d,1777319618,0.68,1.0,no,"{""count_fp"":""1.00"",""created_time"":""2026-04-27T19:53:38.057713Z"",""no_price_dollars"":""0.3200"",""taker_side"":""no"",""ticker"":""KXETH15M-26APR271600-00"",""trade_id"":""541ba01f-d543-652b-7541-3eb5ea45d57d"",""yes_price_dollars"":""0.6800""}"
KXETH15M-26APR271600-00,c9a6411b-7c78-6497-ecb5-510a9f006776,1777319620,0.68,10.0,yes,"{""count_fp"":""10.00"",""created_time"":""2026-04-27T19:53:40.151072Z"",""no_price_dollars"":""0.3200"",""taker_side"":""yes"",""ticker"":""KXETH15M-26APR271600-00"",""trade_id"":""c9a6411b-7c78-6497-ecb5-510a9f006776"",""yes_price_dollars"":""0.6800""}"
KXETH15M-26APR271600-00,a5d7e6c6-e0c0-7773-996b-0caa7117fb21,1777319623,0.71,48.01,yes,"{""count_fp"":""48.01"",""created_time"":""2026-04-27T19:53:43.876099Z"",""no_price_dollars"":""0.2900"",""taker_side"":""yes"",""ticker"":""KXETH15M-26APR271600-00"",""trade_id"":""a5d7e6c6-e0c0-7773-996b-0caa7117fb21"",""yes_price_dollars"":""0.7100""}"
KXETH15M-26APR271600-00,854ac32d-a0d7-73bd-9875-da7677e0ee4a,1777319623,0.71,10.0,yes,"{""count_fp"":""10.00"",""created_time"":""2026-04-27T19:53:43.876099Z"",""no_price_dollars"":""0.2900"",""taker_side"":""yes"",""ticker"":""KXETH15M-26APR271600-00"",""trade_id"":""854ac32d-a0d7-73bd-9875-da7677e0ee4a"",""yes_price_dollars"":""0.7100""}"
KXETH15M-26APR271600-00,0a0f9b64-3359-7f91-a704-b1775d28efa2,1777319623,0.71,8.62,yes,"{""count_fp"":""8.62"",""created_time"":""2026-04-27T19:53:43.876099Z"",""no_price_dollars"":""0.2900"",""taker_side"":""yes"",""ticker"":""KXETH15M-26APR271600-00"",""trade_id"":""0a0f9b64-3359-7f91-a704-b1775d28efa2"",""yes_price_dollars"":""0.7100""}"
KXETH15M-26APR271600-00,d05ab51a-3740-4288-02e6-38e03743527d,1777319624,0.73,2.0,yes,"{""count_fp"":""2.00"",""created_time"":""2026-04-27T19:53:44.967004Z"",""no_price_dollars"":""0.2700"",""taker_side"":""yes"",""ticker"":""KXETH15M-26APR271600-00"",""trade_id"":""d05ab51a-3740-4288-02e6-38e03743527d"",""yes_price_dollars"":""0.7300""}"
KXETH15M-26APR271600-00,b44e4188-847d-4b78-308f-0db844a22fa7,1777319624,0.72,1.0,yes,"{""count_fp"":""1.00"",""created_time"":""2026-04-27T19:53:44.967004Z"",""no_price_dollars"":""0.2800"",""taker_side"":""yes"",""ticker"":""KXETH15M-26APR271600-00"",""trade_id"":""b44e4188-847d-4b78-308f-0db844a22fa7"",""yes_price_dollars"":""0.7200""}"
KXETH15M-26APR271600-00,83583b17-297d-402f-2afa-184995bae23b,1777319624,0.74,0.99,yes,"{""count_fp"":""0.99"",""created_time"":""2026-04-27T19:53:44.967004Z"",""no_price_dollars"":""0.2600"",""taker_side"":""yes"",""ticker"":""KXETH15M-26APR271600-00"",""trade_id"":""83583b17-297d-402f-2afa-184995bae23b"",""yes_price_dollars"":""0.7400""}"
KXETH15M-26APR271600-00,439b1a08-dc7d-437b-03b6-840bcf2b4833,1777319624,0.73,9.25,yes,"{""count_fp"":""9.25"",""created_time"":""2026-04-27T19:53:44.967004Z"",""no_price_dollars"":""0.2700"",""taker_side"":""yes"",""ticker"":""KXETH15M-26APR271600-00"",""trade_id"":""439b1a08-dc7d-437b-03b6-840bcf2b4833"",""yes_price_dollars"":""0.7300""}"
KXETH15M-26APR271600-00,f952b253-6e80-48d7-3645-8151a7bcd885,1777319634,0.71,68.47,yes,"{""count_fp"":""68.47"",""created_time"":""2026-04-27T19:53:54.041826Z"",""no_price_dollars"":""0.2900"",""taker_side"":""yes"",""ticker"":""KXETH15M-26APR271600-00"",""trade_id"":""f952b253-6e80-48d7-3645-8151a7bcd885"",""yes_price_dollars"":""0.7100""}"
KXETH15M-26APR271600-00,dcb29a2b-faac-5033-e388-08d7c2e07e5d,1777319635,0.63,1.0,yes,"{""count_fp"":""1.00"",""created_time"":""2026-04-27T19:53:55.440266Z"",""no_price_dollars"":""0.3700"",""taker_side"":""yes"",""ticker"":""KXETH15M-26APR271600-00"",""trade_id"":""dcb29a2b-faac-5033-e388-08d7c2e07e5d"",""yes_price_dollars"":""0.6300""}"
KXETH15M-26APR271600-00,db181f9d-7a2d-49e0-4b62-14cf6024d40f,1777319635,0.68,10.0,no,"{""count_fp"":""10.00"",""created_time"":""2026-04-27T19:53:55.141855Z"",""no_price_dollars"":""0.3200"",""taker_side"":""no"",""ticker"":""KXETH15M-26APR271600-00"",""trade_id"":""db181f9d-7a2d-49e0-4b62-14cf6024d40f"",""yes_price_dollars"":""0.6800""}"
KXETH15M-26APR271600-00,ad1a71ec-31d0-7f93-ef1b-396267bfb6c5,1777319637,0.61,5.0,yes,"{""count_fp"":""5.00"",""created_time"":""2026-04-27T19:53:57.078266Z"",""no_price_dollars"":""0.3900"",""taker_side"":""yes"",""ticker"":""KXETH15M-26APR271600-00"",""trade_id"":""ad1a71ec-31d0-7f93-ef1b-396267bfb6c5"",""yes_price_dollars"":""0.6100""}"
KXETH15M-26APR271600-00,a49e9479-0972-72a9-bb8d-3e3643b18059,1777319638,0.55,20.0,no,"{""count_fp"":""20.00"",""created_time"":""2026-04-27T19:53:58.390666Z"",""no_price_dollars"":""0.4500"",""taker_side"":""no"",""ticker"":""KXETH15M-26APR271600-00"",""trade_id"":""a49e9479-0972-72a9-bb8d-3e3643b18059"",""yes_price_dollars"":""0.5500""}"
KXETH15M-26APR271600-00,55f148bb-486c-65d4-5b49-d4721b5e899f,1777319644,0.55,9.0,no,"{""count_fp"":""9.00"",""created_time"":""2026-04-27T19:54:04.068618Z"",""no_price_dollars"":""0.4500"",""taker_side"":""no"",""ticker"":""KXETH15M-26APR271600-00"",""trade_id"":""55f148bb-486c-65d4-5b49-d4721b5e899f"",""yes_price_dollars"":""0.5500""}"
