ticker,trade_id,ts,yes_price,count,taker_side,raw_json
KXETH15M-26APR280830-30,43a2ed15-a3eb-733a-fcdf-2d1f18989c5f,1777378521,0.55,10.0,yes,"{""count_fp"":""10.00"",""created_time"":""2026-04-28T12:15:21.717756Z"",""no_price_dollars"":""0.4500"",""taker_side"":""yes"",""ticker"":""KXETH15M-26APR280830-30"",""trade_id"":""43a2ed15-a3eb-733a-fcdf-2d1f18989c5f"",""yes_price_dollars"":""0.5500""}"
KXETH15M-26APR280830-30,0e8d3d24-ef8d-73c5-d779-91b68f8c6c1a,1777378521,0.55,60.0,yes,"{""count_fp"":""60.00"",""created_time"":""2026-04-28T12:15:21.717756Z"",""no_price_dollars"":""0.4500"",""taker_side"":""yes"",""ticker"":""KXETH15M-26APR280830-30"",""trade_id"":""0e8d3d24-ef8d-73c5-d779-91b68f8c6c1a"",""yes_price_dollars"":""0.5500""}"
KXETH15M-26APR280830-30,80a8adfb-9897-7b3d-288b-9f29619e499e,1777378521,0.53,2.05,no,"{""count_fp"":""2.05"",""created_time"":""2026-04-28T12:15:21.581117Z"",""no_price_dollars"":""0.4700"",""taker_side"":""no"",""ticker"":""KXETH15M-26APR280830-30"",""trade_id"":""80a8adfb-9897-7b3d-288b-9f29619e499e"",""yes_price_dollars"":""0.5300""}"
KXETH15M-26APR280830-30,53f2bcd6-a566-4a34-558f-7aa3db4c119e,1777378527,0.55,39.0,no,"{""count_fp"":""39.00"",""created_time"":""2026-04-28T12:15:27.540156Z"",""no_price_dollars"":""0.4500"",""taker_side"":""no"",""ticker"":""KXETH15M-26APR280830-30"",""trade_id"":""53f2bcd6-a566-4a34-558f-7aa3db4c119e"",""yes_price_dollars"":""0.5500""}"
KXETH15M-26APR280830-30,8dfc5f04-d54d-5701-4349-a18b0f82f69d,1777378550,0.52,1.0,yes,"{""count_fp"":""1.00"",""created_time"":""2026-04-28T12:15:50.874621Z"",""no_price_dollars"":""0.4800"",""taker_side"":""yes"",""ticker"":""KXETH15M-26APR280830-30"",""trade_id"":""8dfc5f04-d54d-5701-4349-a18b0f82f69d"",""yes_price_dollars"":""0.5200""}"
KXETH15M-26APR280830-30,6913feb4-8ba4-6f3b-41e4-f97627ad9565,1777378560,0.5,1.0,no,"{""count_fp"":""1.00"",""created_time"":""2026-04-28T12:16:00.828364Z"",""no_price_dollars"":""0.5000"",""taker_side"":""no"",""ticker"":""KXETH15M-26APR280830-30"",""trade_id"":""6913feb4-8ba4-6f3b-41e4-f97627ad9565"",""yes_price_dollars"":""0.5000""}"
KXETH15M-26APR280830-30,d1903a91-58e8-5da0-15a3-02ab9cc59989,1777378560,0.51,10.0,no,"{""count_fp"":""10.00"",""created_time"":""2026-04-28T12:16:00.703188Z"",""no_price_dollars"":""0.4900"",""taker_side"":""no"",""ticker"":""KXETH15M-26APR280830-30"",""trade_id"":""d1903a91-58e8-5da0-15a3-02ab9cc59989"",""yes_price_dollars"":""0.5100""}"
KXETH15M-26APR280830-30,298d4648-452d-5694-a945-3d56f3aceb1e,1777378562,0.49,1.0,no,"{""count_fp"":""1.00"",""created_time"":""2026-04-28T12:16:02.992154Z"",""no_price_dollars"":""0.5100"",""taker_side"":""no"",""ticker"":""KXETH15M-26APR280830-30"",""trade_id"":""298d4648-452d-5694-a945-3d56f3aceb1e"",""yes_price_dollars"":""0.4900""}"
KXETH15M-26APR280830-30,14e92b63-2da2-66e0-11cb-42bb10b80c1a,1777378568,0.46,8.97,no,"{""count_fp"":""8.97"",""created_time"":""2026-04-28T12:16:08.372307Z"",""no_price_dollars"":""0.5400"",""taker_side"":""no"",""ticker"":""KXETH15M-26APR280830-30"",""trade_id"":""14e92b63-2da2-66e0-11cb-42bb10b80c1a"",""yes_price_dollars"":""0.4600""}"
KXETH15M-26APR280830-30,cb8ca12b-1b18-59ea-e78f-73a3b977ebd2,1777378578,0.48,10.0,yes,"{""count_fp"":""10.00"",""created_time"":""2026-04-28T12:16:18.879194Z"",""no_price_dollars"":""0.5200"",""taker_side"":""yes"",""ticker"":""KXETH15M-26APR280830-30"",""trade_id"":""cb8ca12b-1b18-59ea-e78f-73a3b977ebd2"",""yes_price_dollars"":""0.4800""}"
KXETH15M-26APR280830-30,4582227e-8434-5fe3-f54f-47a613471919,1777378578,0.49,48.35,yes,"{""count_fp"":""48.35"",""created_time"":""2026-04-28T12:16:18.879194Z"",""no_price_dollars"":""0.5100"",""taker_side"":""yes"",""ticker"":""KXETH15M-26APR280830-30"",""trade_id"":""4582227e-8434-5fe3-f54f-47a613471919"",""yes_price_dollars"":""0.4900""}"
KXETH15M-26APR280830-30,80ef9bcd-963f-752c-41de-1b7630901189,1777378583,0.45,8.81,no,"{""count_fp"":""8.81"",""created_time"":""2026-04-28T12:16:23.039495Z"",""no_price_dollars"":""0.5500"",""taker_side"":""no"",""ticker"":""KXETH15M-26APR280830-30"",""trade_id"":""80ef9bcd-963f-752c-41de-1b7630901189"",""yes_price_dollars"":""0.4500""}"
KXETH15M-26APR280830-30,be9e7235-d740-7847-3fae-66b907b14509,1777378589,0.45,0.68,yes,"{""count_fp"":""0.68"",""created_time"":""2026-04-28T12:16:29.706925Z"",""no_price_dollars"":""0.5500"",""taker_side"":""yes"",""ticker"":""KXETH15M-26APR280830-30"",""trade_id"":""be9e7235-d740-7847-3fae-66b907b14509"",""yes_price_dollars"":""0.4500""}"
KXETH15M-26APR280830-30,50f8f0dc-f7c5-70e6-0669-099258ec9d1f,1777378589,0.44,10.71,yes,"{""count_fp"":""10.71"",""created_time"":""2026-04-28T12:16:29.706925Z"",""no_price_dollars"":""0.5600"",""taker_side"":""yes"",""ticker"":""KXETH15M-26APR280830-30"",""trade_id"":""50f8f0dc-f7c5-70e6-0669-099258ec9d1f"",""yes_price_dollars"":""0.4400""}"
KXETH15M-26APR280830-30,13eaac79-f5d7-7a36-1e5a-466a0031307f,1777378589,0.44,10.0,yes,"{""count_fp"":""10.00"",""created_time"":""2026-04-28T12:16:29.706925Z"",""no_price_dollars"":""0.5600"",""taker_side"":""yes"",""ticker"":""KXETH15M-26APR280830-30"",""trade_id"":""13eaac79-f5d7-7a36-1e5a-466a0031307f"",""yes_price_dollars"":""0.4400""}"
KXETH15M-26APR280830-30,6894be24-6244-69cb-b587-31de145fc215,1777378598,0.4,2.18,yes,"{""count_fp"":""2.18"",""created_time"":""2026-04-28T12:16:38.704593Z"",""no_price_dollars"":""0.6000"",""taker_side"":""yes"",""ticker"":""KXETH15M-26APR280830-30"",""trade_id"":""6894be24-6244-69cb-b587-31de145fc215"",""yes_price_dollars"":""0.4000""}"
KXETH15M-26APR280830-30,a586ee3a-2594-75e4-9590-b0b2b250fb01,1777378598,0.4,10.0,no,"{""count_fp"":""10.00"",""created_time"":""2026-04-28T12:16:38.440225Z"",""no_price_dollars"":""0.6000"",""taker_side"":""no"",""ticker"":""KXETH15M-26APR280830-30"",""trade_id"":""a586ee3a-2594-75e4-9590-b0b2b250fb01"",""yes_price_dollars"":""0.4000""}"
KXETH15M-26APR280830-30,380bdc54-64f7-742a-a5a2-9f64a20b7ed6,1777378598,0.4,8.0,no,"{""count_fp"":""8.00"",""created_time"":""2026-04-28T12:16:38.440225Z"",""no_price_dollars"":""0.6000"",""taker_side"":""no"",""ticker"":""KXETH15M-26APR280830-30"",""trade_id"":""380bdc54-64f7-742a-a5a2-9f64a20b7ed6"",""yes_price_dollars"":""0.4000""}"
KXETH15M-26APR280830-30,ef6bb68f-10dd-4ea8-2693-6f9c401c0c24,1777378602,0.35,60.0,no,"{""count_fp"":""60.00"",""created_time"":""2026-04-28T12:16:42.306809Z"",""no_price_dollars"":""0.6500"",""taker_side"":""no"",""ticker"":""KXETH15M-26APR280830-30"",""trade_id"":""ef6bb68f-10dd-4ea8-2693-6f9c401c0c24"",""yes_price_dollars"":""0.3500""}"
KXETH15M-26APR280830-30,9ccda9d3-ee71-4b1b-140f-3bd7ee0eeadd,1777378602,0.35,10.0,no,"{""count_fp"":""10.00"",""created_time"":""2026-04-28T12:16:42.306809Z"",""no_price_dollars"":""0.6500"",""taker_side"":""no"",""ticker"":""KXETH15M-26APR280830-30"",""trade_id"":""9ccda9d3-ee71-4b1b-140f-3bd7ee0eeadd"",""yes_price_dollars"":""0.3500""}"
KXETH15M-26APR280830-30,ffbfe6d7-afdd-6b8b-a77c-30d4bc14173e,1777378620,0.42,1.0,no,"{""count_fp"":""1.00"",""created_time"":""2026-04-28T12:17:00.441684Z"",""no_price_dollars"":""0.5800"",""taker_side"":""no"",""ticker"":""KXETH15M-26APR280830-30"",""trade_id"":""ffbfe6d7-afdd-6b8b-a77c-30d4bc14173e"",""yes_price_dollars"":""0.4200""}"
KXETH15M-26APR280830-30,90cba4f1-8ec2-56e3-b28b-d5d85d966dd2,1777378635,0.41,8.18,no,"{""count_fp"":""8.18"",""created_time"":""2026-04-28T12:17:15.098908Z"",""no_price_dollars"":""0.5900"",""taker_side"":""no"",""ticker"":""KXETH15M-26APR280830-30"",""trade_id"":""90cba4f1-8ec2-56e3-b28b-d5d85d966dd2"",""yes_price_dollars"":""0.4100""}"
KXETH15M-26APR280830-30,7b24499a-130f-49c2-ddb7-39e27549f063,1777378638,0.42,63.91,no,"{""count_fp"":""63.91"",""created_time"":""2026-04-28T12:17:18.390825Z"",""no_price_dollars"":""0.5800"",""taker_side"":""no"",""ticker"":""KXETH15M-26APR280830-30"",""trade_id"":""7b24499a-130f-49c2-ddb7-39e27549f063"",""yes_price_dollars"":""0.4200""}"
KXETH15M-26APR280830-30,c196bdda-931f-7c45-a148-2c33da3efe29,1777378640,0.44,1.7,no,"{""count_fp"":""1.70"",""created_time"":""2026-04-28T12:17:20.570711Z"",""no_price_dollars"":""0.5600"",""taker_side"":""no"",""ticker"":""KXETH15M-26APR280830-30"",""trade_id"":""c196bdda-931f-7c45-a148-2c33da3efe29"",""yes_price_dollars"":""0.4400""}"
KXETH15M-26APR280830-30,1505ea33-4a0d-42be-d68b-90523487c9d4,1777378641,0.42,10.0,no,"{""count_fp"":""10.00"",""created_time"":""2026-04-28T12:17:21.365596Z"",""no_price_dollars"":""0.5800"",""taker_side"":""no"",""ticker"":""KXETH15M-26APR280830-30"",""trade_id"":""1505ea33-4a0d-42be-d68b-90523487c9d4"",""yes_price_dollars"":""0.4200""}"
KXETH15M-26APR280830-30,f4e70886-a831-79ae-8990-47ba02f9ef75,1777378649,0.4,1.0,no,"{""count_fp"":""1.00"",""created_time"":""2026-04-28T12:17:29.955854Z"",""no_price_dollars"":""0.6000"",""taker_side"":""no"",""ticker"":""KXETH15M-26APR280830-30"",""trade_id"":""f4e70886-a831-79ae-8990-47ba02f9ef75"",""yes_price_dollars"":""0.4000""}"
KXETH15M-26APR280830-30,7588202e-671f-6a19-a142-209a68cfa25a,1777378654,0.45,8.0,yes,"{""count_fp"":""8.00"",""created_time"":""2026-04-28T12:17:34.939376Z"",""no_price_dollars"":""0.5500"",""taker_side"":""yes"",""ticker"":""KXETH15M-26APR280830-30"",""trade_id"":""7588202e-671f-6a19-a142-209a68cfa25a"",""yes_price_dollars"":""0.4500""}"
KXETH15M-26APR280830-30,085cf5d4-469b-679d-83b6-df37b5d8ba51,1777378654,0.45,2.0,yes,"{""count_fp"":""2.00"",""created_time"":""2026-04-28T12:17:34.939376Z"",""no_price_dollars"":""0.5500"",""taker_side"":""yes"",""ticker"":""KXETH15M-26APR280830-30"",""trade_id"":""085cf5d4-469b-679d-83b6-df37b5d8ba51"",""yes_price_dollars"":""0.4500""}"
KXETH15M-26APR280830-30,85a3d2b6-72e7-71d5-02f9-34c2fb00b88e,1777378659,0.46,10.0,yes,"{""count_fp"":""10.00"",""created_time"":""2026-04-28T12:17:39.409071Z"",""no_price_dollars"":""0.5400"",""taker_side"":""yes"",""ticker"":""KXETH15M-26APR280830-30"",""trade_id"":""85a3d2b6-72e7-71d5-02f9-34c2fb00b88e"",""yes_price_dollars"":""0.4600""}"
KXETH15M-26APR280830-30,74a487ea-92f5-78eb-3082-492eae0f551a,1777378659,0.46,5.93,yes,"{""count_fp"":""5.93"",""created_time"":""2026-04-28T12:17:39.409071Z"",""no_price_dollars"":""0.5400"",""taker_side"":""yes"",""ticker"":""KXETH15M-26APR280830-30"",""trade_id"":""74a487ea-92f5-78eb-3082-492eae0f551a"",""yes_price_dollars"":""0.4600""}"
KXETH15M-26APR280830-30,433175de-a269-7ed4-3e93-87c7ecf79af9,1777378659,0.46,5.0,yes,"{""count_fp"":""5.00"",""created_time"":""2026-04-28T12:17:39.409071Z"",""no_price_dollars"":""0.5400"",""taker_side"":""yes"",""ticker"":""KXETH15M-26APR280830-30"",""trade_id"":""433175de-a269-7ed4-3e93-87c7ecf79af9"",""yes_price_dollars"":""0.4600""}"
KXETH15M-26APR280830-30,8ba51f9a-7fa2-4091-ec0e-997f3fadd031,1777378661,0.46,15.71,yes,"{""count_fp"":""15.71"",""created_time"":""2026-04-28T12:17:41.691719Z"",""no_price_dollars"":""0.5400"",""taker_side"":""yes"",""ticker"":""KXETH15M-26APR280830-30"",""trade_id"":""8ba51f9a-7fa2-4091-ec0e-997f3fadd031"",""yes_price_dollars"":""0.4600""}"
KXETH15M-26APR280830-30,85277d59-b375-6574-f8cb-d6cae2da455d,1777378664,0.42,10.0,no,"{""count_fp"":""10.00"",""created_time"":""2026-04-28T12:17:44.260299Z"",""no_price_dollars"":""0.5800"",""taker_side"":""no"",""ticker"":""KXETH15M-26APR280830-30"",""trade_id"":""85277d59-b375-6574-f8cb-d6cae2da455d"",""yes_price_dollars"":""0.4200""}"
KXETH15M-26APR280830-30,7b1cd583-2cf0-6bb7-e057-be26449b481c,1777378664,0.42,5.29,no,"{""count_fp"":""5.29"",""created_time"":""2026-04-28T12:17:44.260299Z"",""no_price_dollars"":""0.5800"",""taker_side"":""no"",""ticker"":""KXETH15M-26APR280830-30"",""trade_id"":""7b1cd583-2cf0-6bb7-e057-be26449b481c"",""yes_price_dollars"":""0.4200""}"
KXETH15M-26APR280830-30,f15d63a1-c93d-6ad1-e255-978834f504d6,1777378666,0.36,10.0,no,"{""count_fp"":""10.00"",""created_time"":""2026-04-28T12:17:46.858492Z"",""no_price_dollars"":""0.6400"",""taker_side"":""no"",""ticker"":""KXETH15M-26APR280830-30"",""trade_id"":""f15d63a1-c93d-6ad1-e255-978834f504d6"",""yes_price_dollars"":""0.3600""}"
KXETH15M-26APR280830-30,1644ef53-b9ba-6b9d-c1ab-094bb6886cab,1777378666,0.36,5.0,no,"{""count_fp"":""5.00"",""created_time"":""2026-04-28T12:17:46.858492Z"",""no_price_dollars"":""0.6400"",""taker_side"":""no"",""ticker"":""KXETH15M-26APR280830-30"",""trade_id"":""1644ef53-b9ba-6b9d-c1ab-094bb6886cab"",""yes_price_dollars"":""0.3600""}"
KXETH15M-26APR280830-30,f7726eda-23ae-4131-06cd-c94f2226d580,1777378666,0.41,100.0,no,"{""count_fp"":""100.00"",""created_time"":""2026-04-28T12:17:46.670821Z"",""no_price_dollars"":""0.5900"",""taker_side"":""no"",""ticker"":""KXETH15M-26APR280830-30"",""trade_id"":""f7726eda-23ae-4131-06cd-c94f2226d580"",""yes_price_dollars"":""0.4100""}"
KXETH15M-26APR280830-30,b2320681-adac-4583-3f60-382738ba03f0,1777378666,0.41,10.0,no,"{""count_fp"":""10.00"",""created_time"":""2026-04-28T12:17:46.670821Z"",""no_price_dollars"":""0.5900"",""taker_side"":""no"",""ticker"":""KXETH15M-26APR280830-30"",""trade_id"":""b2320681-adac-4583-3f60-382738ba03f0"",""yes_price_dollars"":""0.4100""}"
KXETH15M-26APR280830-30,863c4c0f-913f-4e24-3107-e88369f4723c,1777378666,0.4,60.0,no,"{""count_fp"":""60.00"",""created_time"":""2026-04-28T12:17:46.670821Z"",""no_price_dollars"":""0.6000"",""taker_side"":""no"",""ticker"":""KXETH15M-26APR280830-30"",""trade_id"":""863c4c0f-913f-4e24-3107-e88369f4723c"",""yes_price_dollars"":""0.4000""}"
KXETH15M-26APR280830-30,77a105e2-2db7-4d36-24f4-759a6e6afdae,1777378666,0.41,9.0,no,"{""count_fp"":""9.00"",""created_time"":""2026-04-28T12:17:46.670821Z"",""no_price_dollars"":""0.5900"",""taker_side"":""no"",""ticker"":""KXETH15M-26APR280830-30"",""trade_id"":""77a105e2-2db7-4d36-24f4-759a6e6afdae"",""yes_price_dollars"":""0.4100""}"
KXETH15M-26APR280830-30,636880ea-7aa6-6835-11e1-b5be05d2a8de,1777378671,0.39,7.7,yes,"{""count_fp"":""7.70"",""created_time"":""2026-04-28T12:17:51.662334Z"",""no_price_dollars"":""0.6100"",""taker_side"":""yes"",""ticker"":""KXETH15M-26APR280830-30"",""trade_id"":""636880ea-7aa6-6835-11e1-b5be05d2a8de"",""yes_price_dollars"":""0.3900""}"
KXETH15M-26APR280830-30,ec7ad157-1cf1-6620-bbae-f23b53e282ca,1777378681,0.36,1.0,no,"{""count_fp"":""1.00"",""created_time"":""2026-04-28T12:18:01.570899Z"",""no_price_dollars"":""0.6400"",""taker_side"":""no"",""ticker"":""KXETH15M-26APR280830-30"",""trade_id"":""ec7ad157-1cf1-6620-bbae-f23b53e282ca"",""yes_price_dollars"":""0.3600""}"
KXETH15M-26APR280830-30,4763eb9c-d796-79dc-eb75-721cd73febf7,1777378689,0.36,15.24,no,"{""count_fp"":""15.24"",""created_time"":""2026-04-28T12:18:09.932809Z"",""no_price_dollars"":""0.6400"",""taker_side"":""no"",""ticker"":""KXETH15M-26APR280830-30"",""trade_id"":""4763eb9c-d796-79dc-eb75-721cd73febf7"",""yes_price_dollars"":""0.3600""}"
KXETH15M-26APR280830-30,94c93555-7177-400e-6e94-dfe38def49f4,1777378689,0.36,6.0,no,"{""count_fp"":""6.00"",""created_time"":""2026-04-28T12:18:09.819052Z"",""no_price_dollars"":""0.6400"",""taker_side"":""no"",""ticker"":""KXETH15M-26APR280830-30"",""trade_id"":""94c93555-7177-400e-6e94-dfe38def49f4"",""yes_price_dollars"":""0.3600""}"
KXETH15M-26APR280830-30,efbdd346-be9b-7170-a047-c92efeced787,1777378696,0.34,10.0,no,"{""count_fp"":""10.00"",""created_time"":""2026-04-28T12:18:16.938384Z"",""no_price_dollars"":""0.6600"",""taker_side"":""no"",""ticker"":""KXETH15M-26APR280830-30"",""trade_id"":""efbdd346-be9b-7170-a047-c92efeced787"",""yes_price_dollars"":""0.3400""}"
KXETH15M-26APR280830-30,d69560d1-db7c-792f-8e88-1edff1deb9d3,1777378696,0.34,10.0,no,"{""count_fp"":""10.00"",""created_time"":""2026-04-28T12:18:16.938384Z"",""no_price_dollars"":""0.6600"",""taker_side"":""no"",""ticker"":""KXETH15M-26APR280830-30"",""trade_id"":""d69560d1-db7c-792f-8e88-1edff1deb9d3"",""yes_price_dollars"":""0.3400""}"
KXETH15M-26APR280830-30,1a06a55d-8dda-70b0-bd03-d371d6f62857,1777378696,0.33,1.63,no,"{""count_fp"":""1.63"",""created_time"":""2026-04-28T12:18:16.938384Z"",""no_price_dollars"":""0.6700"",""taker_side"":""no"",""ticker"":""KXETH15M-26APR280830-30"",""trade_id"":""1a06a55d-8dda-70b0-bd03-d371d6f62857"",""yes_price_dollars"":""0.3300""}"
KXETH15M-26APR280830-30,026f73de-f667-7b8b-9090-797fa35802ea,1777378696,0.34,7.94,no,"{""count_fp"":""7.94"",""created_time"":""2026-04-28T12:18:16.938384Z"",""no_price_dollars"":""0.6600"",""taker_side"":""no"",""ticker"":""KXETH15M-26APR280830-30"",""trade_id"":""026f73de-f667-7b8b-9090-797fa35802ea"",""yes_price_dollars"":""0.3400""}"
KXETH15M-26APR280830-30,28f53ec3-042c-7a6e-5bf0-d02771ea5146,1777378701,0.36,1.0,yes,"{""count_fp"":""1.00"",""created_time"":""2026-04-28T12:18:21.844785Z"",""no_price_dollars"":""0.6400"",""taker_side"":""yes"",""ticker"":""KXETH15M-26APR280830-30"",""trade_id"":""28f53ec3-042c-7a6e-5bf0-d02771ea5146"",""yes_price_dollars"":""0.3600""}"
KXETH15M-26APR280830-30,57a9a446-15f9-5fe8-beef-6423e7a1b375,1777378701,0.35,2.77,yes,"{""count_fp"":""2.77"",""created_time"":""2026-04-28T12:18:21.286751Z"",""no_price_dollars"":""0.6500"",""taker_side"":""yes"",""ticker"":""KXETH15M-26APR280830-30"",""trade_id"":""57a9a446-15f9-5fe8-beef-6423e7a1b375"",""yes_price_dollars"":""0.3500""}"
KXETH15M-26APR280830-30,faf864e7-1db8-6d76-5701-af21f4accea0,1777378707,0.31,50.0,no,"{""count_fp"":""50.00"",""created_time"":""2026-04-28T12:18:27.600868Z"",""no_price_dollars"":""0.6900"",""taker_side"":""no"",""ticker"":""KXETH15M-26APR280830-30"",""trade_id"":""faf864e7-1db8-6d76-5701-af21f4accea0"",""yes_price_dollars"":""0.3100""}"
KXETH15M-26APR280830-30,52a93285-9b9c-5316-a5a0-3ee86e8c9654,1777378707,0.31,10.0,no,"{""count_fp"":""10.00"",""created_time"":""2026-04-28T12:18:27.585125Z"",""no_price_dollars"":""0.6900"",""taker_side"":""no"",""ticker"":""KXETH15M-26APR280830-30"",""trade_id"":""52a93285-9b9c-5316-a5a0-3ee86e8c9654"",""yes_price_dollars"":""0.3100""}"
KXETH15M-26APR280830-30,5e13be38-10d6-657a-c4eb-35a073a302b8,1777378714,0.31,1.0,yes,"{""count_fp"":""1.00"",""created_time"":""2026-04-28T12:18:34.962034Z"",""no_price_dollars"":""0.6900"",""taker_side"":""yes"",""ticker"":""KXETH15M-26APR280830-30"",""trade_id"":""5e13be38-10d6-657a-c4eb-35a073a302b8"",""yes_price_dollars"":""0.3100""}"
KXETH15M-26APR280830-30,66a3ab31-1609-7baf-e832-a43a8365bed8,1777378715,0.32,2.0,yes,"{""count_fp"":""2.00"",""created_time"":""2026-04-28T12:18:35.551089Z"",""no_price_dollars"":""0.6800"",""taker_side"":""yes"",""ticker"":""KXETH15M-26APR280830-30"",""trade_id"":""66a3ab31-1609-7baf-e832-a43a8365bed8"",""yes_price_dollars"":""0.3200""}"
KXETH15M-26APR280830-30,04f31585-7500-7d59-ccea-93723eb7f8bc,1777378715,0.32,6.94,yes,"{""count_fp"":""6.94"",""created_time"":""2026-04-28T12:18:35.551089Z"",""no_price_dollars"":""0.6800"",""taker_side"":""yes"",""ticker"":""KXETH15M-26APR280830-30"",""trade_id"":""04f31585-7500-7d59-ccea-93723eb7f8bc"",""yes_price_dollars"":""0.3200""}"
KXETH15M-26APR280830-30,bc6cb3d8-4c50-798d-ce8b-052723bcc5d9,1777378717,0.3,1.0,no,"{""count_fp"":""1.00"",""created_time"":""2026-04-28T12:18:37.673819Z"",""no_price_dollars"":""0.7000"",""taker_side"":""no"",""ticker"":""KXETH15M-26APR280830-30"",""trade_id"":""bc6cb3d8-4c50-798d-ce8b-052723bcc5d9"",""yes_price_dollars"":""0.3000""}"
KXETH15M-26APR280830-30,e0037349-807d-63a3-2146-9bc147f32093,1777378726,0.3,1.39,no,"{""count_fp"":""1.39"",""created_time"":""2026-04-28T12:18:46.859454Z"",""no_price_dollars"":""0.7000"",""taker_side"":""no"",""ticker"":""KXETH15M-26APR280830-30"",""trade_id"":""e0037349-807d-63a3-2146-9bc147f32093"",""yes_price_dollars"":""0.3000""}"
KXETH15M-26APR280830-30,5c48c796-fdbc-43c5-0c3a-9cbcb6fc106a,1777378726,0.31,1.39,no,"{""count_fp"":""1.39"",""created_time"":""2026-04-28T12:18:46.608006Z"",""no_price_dollars"":""0.6900"",""taker_side"":""no"",""ticker"":""KXETH15M-26APR280830-30"",""trade_id"":""5c48c796-fdbc-43c5-0c3a-9cbcb6fc106a"",""yes_price_dollars"":""0.3100""}"
KXETH15M-26APR280830-30,fd245e78-1d3a-5b13-d1ca-c32b0ee8de15,1777378727,0.35,10.0,yes,"{""count_fp"":""10.00"",""created_time"":""2026-04-28T12:18:47.917751Z"",""no_price_dollars"":""0.6500"",""taker_side"":""yes"",""ticker"":""KXETH15M-26APR280830-30"",""trade_id"":""fd245e78-1d3a-5b13-d1ca-c32b0ee8de15"",""yes_price_dollars"":""0.3500""}"
KXETH15M-26APR280830-30,e23547f6-5f09-52af-c045-e3afab7fe442,1777378727,0.34,1.0,yes,"{""count_fp"":""1.00"",""created_time"":""2026-04-28T12:18:47.917751Z"",""no_price_dollars"":""0.6600"",""taker_side"":""yes"",""ticker"":""KXETH15M-26APR280830-30"",""trade_id"":""e23547f6-5f09-52af-c045-e3afab7fe442"",""yes_price_dollars"":""0.3400""}"
KXETH15M-26APR280830-30,4e2ac097-ddde-54f1-fbca-294a1d206491,1777378727,0.31,2.0,yes,"{""count_fp"":""2.00"",""created_time"":""2026-04-28T12:18:47.917751Z"",""no_price_dollars"":""0.6900"",""taker_side"":""yes"",""ticker"":""KXETH15M-26APR280830-30"",""trade_id"":""4e2ac097-ddde-54f1-fbca-294a1d206491"",""yes_price_dollars"":""0.3100""}"
KXETH15M-26APR280830-30,420e67a8-eba9-51fe-e9f3-0500303afb5a,1777378727,0.36,10.0,yes,"{""count_fp"":""10.00"",""created_time"":""2026-04-28T12:18:47.917751Z"",""no_price_dollars"":""0.6400"",""taker_side"":""yes"",""ticker"":""KXETH15M-26APR280830-30"",""trade_id"":""420e67a8-eba9-51fe-e9f3-0500303afb5a"",""yes_price_dollars"":""0.3600""}"
KXETH15M-26APR280830-30,2df5f1e1-e3ae-58f7-c4af-d5a59f4189f8,1777378727,0.36,16.0,yes,"{""count_fp"":""16.00"",""created_time"":""2026-04-28T12:18:47.917751Z"",""no_price_dollars"":""0.6400"",""taker_side"":""yes"",""ticker"":""KXETH15M-26APR280830-30"",""trade_id"":""2df5f1e1-e3ae-58f7-c4af-d5a59f4189f8"",""yes_price_dollars"":""0.3600""}"
KXETH15M-26APR280830-30,d7010c22-1113-6f81-eece-b7d74fa1c603,1777378729,0.3,6.53,no,"{""count_fp"":""6.53"",""created_time"":""2026-04-28T12:18:49.051284Z"",""no_price_dollars"":""0.7000"",""taker_side"":""no"",""ticker"":""KXETH15M-26APR280830-30"",""trade_id"":""d7010c22-1113-6f81-eece-b7d74fa1c603"",""yes_price_dollars"":""0.3000""}"
KXETH15M-26APR280830-30,1d7cf986-636d-4f17-de51-132982da3c33,1777378739,0.31,10.0,no,"{""count_fp"":""10.00"",""created_time"":""2026-04-28T12:18:59.520561Z"",""no_price_dollars"":""0.6900"",""taker_side"":""no"",""ticker"":""KXETH15M-26APR280830-30"",""trade_id"":""1d7cf986-636d-4f17-de51-132982da3c33"",""yes_price_dollars"":""0.3100""}"
KXETH15M-26APR280830-30,ecc34f49-102d-4ff7-da93-d8f280c71eee,1777378740,0.28,8.0,no,"{""count_fp"":""8.00"",""created_time"":""2026-04-28T12:19:00.514447Z"",""no_price_dollars"":""0.7200"",""taker_side"":""no"",""ticker"":""KXETH15M-26APR280830-30"",""trade_id"":""ecc34f49-102d-4ff7-da93-d8f280c71eee"",""yes_price_dollars"":""0.2800""}"
KXETH15M-26APR280830-30,c4178827-a158-4b62-d2e0-03408d3f5e89,1777378740,0.28,10.0,no,"{""count_fp"":""10.00"",""created_time"":""2026-04-28T12:19:00.514447Z"",""no_price_dollars"":""0.7200"",""taker_side"":""no"",""ticker"":""KXETH15M-26APR280830-30"",""trade_id"":""c4178827-a158-4b62-d2e0-03408d3f5e89"",""yes_price_dollars"":""0.2800""}"
KXETH15M-26APR280830-30,cfed936e-a33d-4d73-4f20-71bf97f37e16,1777378748,0.19,1.0,no,"{""count_fp"":""1.00"",""created_time"":""2026-04-28T12:19:08.094085Z"",""no_price_dollars"":""0.8100"",""taker_side"":""no"",""ticker"":""KXETH15M-26APR280830-30"",""trade_id"":""cfed936e-a33d-4d73-4f20-71bf97f37e16"",""yes_price_dollars"":""0.1900""}"
KXETH15M-26APR280830-30,892e8406-0a10-5a21-749b-8d98e1118390,1777378748,0.2,1.0,no,"{""count_fp"":""1.00"",""created_time"":""2026-04-28T12:19:08.088728Z"",""no_price_dollars"":""0.8000"",""taker_side"":""no"",""ticker"":""KXETH15M-26APR280830-30"",""trade_id"":""892e8406-0a10-5a21-749b-8d98e1118390"",""yes_price_dollars"":""0.2000""}"
KXETH15M-26APR280830-30,fba9cb53-2de7-4008-fe20-b9bd03c7cc49,1777378750,0.17,3.0,no,"{""count_fp"":""3.00"",""created_time"":""2026-04-28T12:19:10.631392Z"",""no_price_dollars"":""0.8300"",""taker_side"":""no"",""ticker"":""KXETH15M-26APR280830-30"",""trade_id"":""fba9cb53-2de7-4008-fe20-b9bd03c7cc49"",""yes_price_dollars"":""0.1700""}"
KXETH15M-26APR280830-30,0e139235-8094-47e8-d63e-5c25a147a141,1777378750,0.17,7.0,no,"{""count_fp"":""7.00"",""created_time"":""2026-04-28T12:19:10.631392Z"",""no_price_dollars"":""0.8300"",""taker_side"":""no"",""ticker"":""KXETH15M-26APR280830-30"",""trade_id"":""0e139235-8094-47e8-d63e-5c25a147a141"",""yes_price_dollars"":""0.1700""}"
KXETH15M-26APR280830-30,86440552-ba01-50dd-c578-8af9a6df2774,1777378754,0.16,1.0,no,"{""count_fp"":""1.00"",""created_time"":""2026-04-28T12:19:14.672945Z"",""no_price_dollars"":""0.8400"",""taker_side"":""no"",""ticker"":""KXETH15M-26APR280830-30"",""trade_id"":""86440552-ba01-50dd-c578-8af9a6df2774"",""yes_price_dollars"":""0.1600""}"
KXETH15M-26APR280830-30,46c5008b-4602-710b-9926-2a47673e0f0d,1777378755,0.19,3.0,yes,"{""count_fp"":""3.00"",""created_time"":""2026-04-28T12:19:15.298639Z"",""no_price_dollars"":""0.8100"",""taker_side"":""yes"",""ticker"":""KXETH15M-26APR280830-30"",""trade_id"":""46c5008b-4602-710b-9926-2a47673e0f0d"",""yes_price_dollars"":""0.1900""}"
KXETH15M-26APR280830-30,4bd4427b-1de4-7891-3a94-7d9c955b5095,1777378759,0.16,4.0,yes,"{""count_fp"":""4.00"",""created_time"":""2026-04-28T12:19:19.699347Z"",""no_price_dollars"":""0.8400"",""taker_side"":""yes"",""ticker"":""KXETH15M-26APR280830-30"",""trade_id"":""4bd4427b-1de4-7891-3a94-7d9c955b5095"",""yes_price_dollars"":""0.1600""}"
KXETH15M-26APR280830-30,5765ce8f-0b8e-4834-e50f-2ae953fead15,1777378759,0.16,1.0,no,"{""count_fp"":""1.00"",""created_time"":""2026-04-28T12:19:19.651141Z"",""no_price_dollars"":""0.8400"",""taker_side"":""no"",""ticker"":""KXETH15M-26APR280830-30"",""trade_id"":""5765ce8f-0b8e-4834-e50f-2ae953fead15"",""yes_price_dollars"":""0.1600""}"
KXETH15M-26APR280830-30,eb8753b6-d90c-64fa-3733-46f6deeb3580,1777378761,0.2,10.0,yes,"{""count_fp"":""10.00"",""created_time"":""2026-04-28T12:19:21.779096Z"",""no_price_dollars"":""0.8000"",""taker_side"":""yes"",""ticker"":""KXETH15M-26APR280830-30"",""trade_id"":""eb8753b6-d90c-64fa-3733-46f6deeb3580"",""yes_price_dollars"":""0.2000""}"
KXETH15M-26APR280830-30,e8302ce7-851e-6728-325e-8cb84f52e504,1777378761,0.22,40.0,yes,"{""count_fp"":""40.00"",""created_time"":""2026-04-28T12:19:21.779096Z"",""no_price_dollars"":""0.7800"",""taker_side"":""yes"",""ticker"":""KXETH15M-26APR280830-30"",""trade_id"":""e8302ce7-851e-6728-325e-8cb84f52e504"",""yes_price_dollars"":""0.2200""}"
KXETH15M-26APR280830-30,84792f9e-bbc1-6de4-0c0e-7767222d5c53,1777378761,0.21,50.0,yes,"{""count_fp"":""50.00"",""created_time"":""2026-04-28T12:19:21.779096Z"",""no_price_dollars"":""0.7900"",""taker_side"":""yes"",""ticker"":""KXETH15M-26APR280830-30"",""trade_id"":""84792f9e-bbc1-6de4-0c0e-7767222d5c53"",""yes_price_dollars"":""0.2100""}"
KXETH15M-26APR280830-30,62b2ae9e-568a-67f9-376a-871873510a75,1777378761,0.19,100.0,yes,"{""count_fp"":""100.00"",""created_time"":""2026-04-28T12:19:21.779096Z"",""no_price_dollars"":""0.8100"",""taker_side"":""yes"",""ticker"":""KXETH15M-26APR280830-30"",""trade_id"":""62b2ae9e-568a-67f9-376a-871873510a75"",""yes_price_dollars"":""0.1900""}"
KXETH15M-26APR280830-30,c53f8bb1-d03e-4529-1e42-a8d01623fc91,1777378761,0.19,12.99,yes,"{""count_fp"":""12.99"",""created_time"":""2026-04-28T12:19:21.412255Z"",""no_price_dollars"":""0.8100"",""taker_side"":""yes"",""ticker"":""KXETH15M-26APR280830-30"",""trade_id"":""c53f8bb1-d03e-4529-1e42-a8d01623fc91"",""yes_price_dollars"":""0.1900""}"
KXETH15M-26APR280830-30,49beb70f-814a-480d-09fa-8f7e6c9cdce9,1777378761,0.18,10.0,yes,"{""count_fp"":""10.00"",""created_time"":""2026-04-28T12:19:21.412255Z"",""no_price_dollars"":""0.8200"",""taker_side"":""yes"",""ticker"":""KXETH15M-26APR280830-30"",""trade_id"":""49beb70f-814a-480d-09fa-8f7e6c9cdce9"",""yes_price_dollars"":""0.1800""}"
KXETH15M-26APR280830-30,cda29468-cf62-69f7-5fe8-046699078589,1777378767,0.16,10.0,yes,"{""count_fp"":""10.00"",""created_time"":""2026-04-28T12:19:27.820846Z"",""no_price_dollars"":""0.8400"",""taker_side"":""yes"",""ticker"":""KXETH15M-26APR280830-30"",""trade_id"":""cda29468-cf62-69f7-5fe8-046699078589"",""yes_price_dollars"":""0.1600""}"
KXETH15M-26APR280830-30,b7a62ce0-4e17-5a0f-2fb5-7fe1013dc40f,1777378768,0.15,1.0,no,"{""count_fp"":""1.00"",""created_time"":""2026-04-28T12:19:28.649344Z"",""no_price_dollars"":""0.8500"",""taker_side"":""no"",""ticker"":""KXETH15M-26APR280830-30"",""trade_id"":""b7a62ce0-4e17-5a0f-2fb5-7fe1013dc40f"",""yes_price_dollars"":""0.1500""}"
KXETH15M-26APR280830-30,e2082825-57ad-6f8f-4b36-96ee7aba34ec,1777378769,0.17,3.0,yes,"{""count_fp"":""3.00"",""created_time"":""2026-04-28T12:19:29.846133Z"",""no_price_dollars"":""0.8300"",""taker_side"":""yes"",""ticker"":""KXETH15M-26APR280830-30"",""trade_id"":""e2082825-57ad-6f8f-4b36-96ee7aba34ec"",""yes_price_dollars"":""0.1700""}"
KXETH15M-26APR280830-30,a64d09f1-269b-6b6b-4059-1e12345f3da3,1777378769,0.15,2.0,no,"{""count_fp"":""2.00"",""created_time"":""2026-04-28T12:19:29.557132Z"",""no_price_dollars"":""0.8500"",""taker_side"":""no"",""ticker"":""KXETH15M-26APR280830-30"",""trade_id"":""a64d09f1-269b-6b6b-4059-1e12345f3da3"",""yes_price_dollars"":""0.1500""}"
KXETH15M-26APR280830-30,dd6c8ee6-64ec-579c-4614-66fc40ee1946,1777378772,0.15,3.0,no,"{""count_fp"":""3.00"",""created_time"":""2026-04-28T12:19:32.005566Z"",""no_price_dollars"":""0.8500"",""taker_side"":""no"",""ticker"":""KXETH15M-26APR280830-30"",""trade_id"":""dd6c8ee6-64ec-579c-4614-66fc40ee1946"",""yes_price_dollars"":""0.1500""}"
KXETH15M-26APR280830-30,9c51bbfe-6413-5047-1d79-86ea610411b7,1777378776,0.13,2.0,no,"{""count_fp"":""2.00"",""created_time"":""2026-04-28T12:19:36.611114Z"",""no_price_dollars"":""0.8700"",""taker_side"":""no"",""ticker"":""KXETH15M-26APR280830-30"",""trade_id"":""9c51bbfe-6413-5047-1d79-86ea610411b7"",""yes_price_dollars"":""0.1300""}"
KXETH15M-26APR280830-30,b8f913d9-29ec-45f1-61f9-ac8d38c7bbf6,1777378782,0.12,1.0,no,"{""count_fp"":""1.00"",""created_time"":""2026-04-28T12:19:42.448163Z"",""no_price_dollars"":""0.8800"",""taker_side"":""no"",""ticker"":""KXETH15M-26APR280830-30"",""trade_id"":""b8f913d9-29ec-45f1-61f9-ac8d38c7bbf6"",""yes_price_dollars"":""0.1200""}"
KXETH15M-26APR280830-30,71bf7023-781f-445b-4360-cb71e0f10be7,1777378782,0.12,10.0,no,"{""count_fp"":""10.00"",""created_time"":""2026-04-28T12:19:42.448163Z"",""no_price_dollars"":""0.8800"",""taker_side"":""no"",""ticker"":""KXETH15M-26APR280830-30"",""trade_id"":""71bf7023-781f-445b-4360-cb71e0f10be7"",""yes_price_dollars"":""0.1200""}"
KXETH15M-26APR280830-30,21094d77-d348-4959-40ce-75828cdecada,1777378782,0.12,11.0,no,"{""count_fp"":""11.00"",""created_time"":""2026-04-28T12:19:42.448163Z"",""no_price_dollars"":""0.8800"",""taker_side"":""no"",""ticker"":""KXETH15M-26APR280830-30"",""trade_id"":""21094d77-d348-4959-40ce-75828cdecada"",""yes_price_dollars"":""0.1200""}"
KXETH15M-26APR280830-30,06c38d55-dc8a-4ca4-6b31-a396b8ff4884,1777378782,0.12,5.0,no,"{""count_fp"":""5.00"",""created_time"":""2026-04-28T12:19:42.448163Z"",""no_price_dollars"":""0.8800"",""taker_side"":""no"",""ticker"":""KXETH15M-26APR280830-30"",""trade_id"":""06c38d55-dc8a-4ca4-6b31-a396b8ff4884"",""yes_price_dollars"":""0.1200""}"
KXETH15M-26APR280830-30,4ecca766-ecbf-5e88-9b69-b764c486cacf,1777378782,0.13,10.0,yes,"{""count_fp"":""10.00"",""created_time"":""2026-04-28T12:19:42.011687Z"",""no_price_dollars"":""0.8700"",""taker_side"":""yes"",""ticker"":""KXETH15M-26APR280830-30"",""trade_id"":""4ecca766-ecbf-5e88-9b69-b764c486cacf"",""yes_price_dollars"":""0.1300""}"
KXETH15M-26APR280830-30,9a250b5a-93e6-7725-ed30-050607e77231,1777378786,0.14,7.0,yes,"{""count_fp"":""7.00"",""created_time"":""2026-04-28T12:19:46.845033Z"",""no_price_dollars"":""0.8600"",""taker_side"":""yes"",""ticker"":""KXETH15M-26APR280830-30"",""trade_id"":""9a250b5a-93e6-7725-ed30-050607e77231"",""yes_price_dollars"":""0.1400""}"
KXETH15M-26APR280830-30,c5f130c0-d857-79b8-823e-1a3a25444f50,1777378796,0.16,10.0,no,"{""count_fp"":""10.00"",""created_time"":""2026-04-28T12:19:56.280329Z"",""no_price_dollars"":""0.8400"",""taker_side"":""no"",""ticker"":""KXETH15M-26APR280830-30"",""trade_id"":""c5f130c0-d857-79b8-823e-1a3a25444f50"",""yes_price_dollars"":""0.1600""}"
KXETH15M-26APR280830-30,755be8d0-2cd2-770c-912e-d85a38e870cb,1777378796,0.16,100.0,no,"{""count_fp"":""100.00"",""created_time"":""2026-04-28T12:19:56.280329Z"",""no_price_dollars"":""0.8400"",""taker_side"":""no"",""ticker"":""KXETH15M-26APR280830-30"",""trade_id"":""755be8d0-2cd2-770c-912e-d85a38e870cb"",""yes_price_dollars"":""0.1600""}"
KXETH15M-26APR280830-30,7dda4c1b-3ad8-6e13-d3c6-d6a529227ca0,1777378799,0.16,5.0,yes,"{""count_fp"":""5.00"",""created_time"":""2026-04-28T12:19:59.532779Z"",""no_price_dollars"":""0.8400"",""taker_side"":""yes"",""ticker"":""KXETH15M-26APR280830-30"",""trade_id"":""7dda4c1b-3ad8-6e13-d3c6-d6a529227ca0"",""yes_price_dollars"":""0.1600""}"
KXETH15M-26APR280830-30,e11aea8c-369d-4e91-90a7-ba72d02fd0f4,1777378799,0.14,100.0,no,"{""count_fp"":""100.00"",""created_time"":""2026-04-28T12:19:59.111791Z"",""no_price_dollars"":""0.8600"",""taker_side"":""no"",""ticker"":""KXETH15M-26APR280830-30"",""trade_id"":""e11aea8c-369d-4e91-90a7-ba72d02fd0f4"",""yes_price_dollars"":""0.1400""}"
KXETH15M-26APR280830-30,a234e823-f443-4411-bfe7-a8d0f4c38789,1777378799,0.14,187.87,no,"{""count_fp"":""187.87"",""created_time"":""2026-04-28T12:19:59.111791Z"",""no_price_dollars"":""0.8600"",""taker_side"":""no"",""ticker"":""KXETH15M-26APR280830-30"",""trade_id"":""a234e823-f443-4411-bfe7-a8d0f4c38789"",""yes_price_dollars"":""0.1400""}"
KXETH15M-26APR280830-30,fe43450d-e774-7088-4ed0-046d654f54f7,1777378800,0.16,60.0,no,"{""count_fp"":""60.00"",""created_time"":""2026-04-28T12:20:00.966564Z"",""no_price_dollars"":""0.8400"",""taker_side"":""no"",""ticker"":""KXETH15M-26APR280830-30"",""trade_id"":""fe43450d-e774-7088-4ed0-046d654f54f7"",""yes_price_dollars"":""0.1600""}"
KXETH15M-26APR280830-30,b91ac486-3e7d-6faa-f508-75f2e9e712b3,1777378801,0.15,65.0,no,"{""count_fp"":""65.00"",""created_time"":""2026-04-28T12:20:01.999608Z"",""no_price_dollars"":""0.8500"",""taker_side"":""no"",""ticker"":""KXETH15M-26APR280830-30"",""trade_id"":""b91ac486-3e7d-6faa-f508-75f2e9e712b3"",""yes_price_dollars"":""0.1500""}"
KXETH15M-26APR280830-30,452e0b9a-dc30-655c-f2b5-4a568745f8ff,1777378801,0.16,135.0,no,"{""count_fp"":""135.00"",""created_time"":""2026-04-28T12:20:01.999608Z"",""no_price_dollars"":""0.8400"",""taker_side"":""no"",""ticker"":""KXETH15M-26APR280830-30"",""trade_id"":""452e0b9a-dc30-655c-f2b5-4a568745f8ff"",""yes_price_dollars"":""0.1600""}"
KXETH15M-26APR280830-30,ae7ae917-32ad-4437-522e-8e4d512b9b98,1777378801,0.17,31.0,yes,"{""count_fp"":""31.00"",""created_time"":""2026-04-28T12:20:01.201771Z"",""no_price_dollars"":""0.8300"",""taker_side"":""yes"",""ticker"":""KXETH15M-26APR280830-30"",""trade_id"":""ae7ae917-32ad-4437-522e-8e4d512b9b98"",""yes_price_dollars"":""0.1700""}"
KXETH15M-26APR280830-30,b517c6ae-a8bd-4d27-0a22-6d222b4896ef,1777378802,0.14,10.0,no,"{""count_fp"":""10.00"",""created_time"":""2026-04-28T12:20:02.875169Z"",""no_price_dollars"":""0.8600"",""taker_side"":""no"",""ticker"":""KXETH15M-26APR280830-30"",""trade_id"":""b517c6ae-a8bd-4d27-0a22-6d222b4896ef"",""yes_price_dollars"":""0.1400""}"
KXETH15M-26APR280830-30,99cdf7bf-a345-6be6-9227-a2ff735c922f,1777378803,0.14,10.0,no,"{""count_fp"":""10.00"",""created_time"":""2026-04-28T12:20:03.452503Z"",""no_price_dollars"":""0.8600"",""taker_side"":""no"",""ticker"":""KXETH15M-26APR280830-30"",""trade_id"":""99cdf7bf-a345-6be6-9227-a2ff735c922f"",""yes_price_dollars"":""0.1400""}"
KXETH15M-26APR280830-30,04d32d6b-1e25-555a-2b4d-3fdbc5ee8dc7,1777378804,0.14,10.0,no,"{""count_fp"":""10.00"",""created_time"":""2026-04-28T12:20:04.030858Z"",""no_price_dollars"":""0.8600"",""taker_side"":""no"",""ticker"":""KXETH15M-26APR280830-30"",""trade_id"":""04d32d6b-1e25-555a-2b4d-3fdbc5ee8dc7"",""yes_price_dollars"":""0.1400""}"
KXETH15M-26APR280830-30,95819e67-4cbd-564f-f74a-d5c5bfb27aa1,1777378808,0.14,4.03,no,"{""count_fp"":""4.03"",""created_time"":""2026-04-28T12:20:08.139479Z"",""no_price_dollars"":""0.8600"",""taker_side"":""no"",""ticker"":""KXETH15M-26APR280830-30"",""trade_id"":""95819e67-4cbd-564f-f74a-d5c5bfb27aa1"",""yes_price_dollars"":""0.1400""}"
KXETH15M-26APR280830-30,e020b00c-4385-4f87-9c56-5859ef26e9fa,1777378809,0.16,1.0,yes,"{""count_fp"":""1.00"",""created_time"":""2026-04-28T12:20:09.980437Z"",""no_price_dollars"":""0.8400"",""taker_side"":""yes"",""ticker"":""KXETH15M-26APR280830-30"",""trade_id"":""e020b00c-4385-4f87-9c56-5859ef26e9fa"",""yes_price_dollars"":""0.1600""}"
KXETH15M-26APR280830-30,eddc9c61-a76c-7fdd-218b-17c1a40ddc47,1777378813,0.11,1.0,no,"{""count_fp"":""1.00"",""created_time"":""2026-04-28T12:20:13.841183Z"",""no_price_dollars"":""0.8900"",""taker_side"":""no"",""ticker"":""KXETH15M-26APR280830-30"",""trade_id"":""eddc9c61-a76c-7fdd-218b-17c1a40ddc47"",""yes_price_dollars"":""0.1100""}"
KXETH15M-26APR280830-30,e2264aa7-7616-70a9-2b84-4d6a79eab07e,1777378813,0.09,3.0,no,"{""count_fp"":""3.00"",""created_time"":""2026-04-28T12:20:13.841183Z"",""no_price_dollars"":""0.9100"",""taker_side"":""no"",""ticker"":""KXETH15M-26APR280830-30"",""trade_id"":""e2264aa7-7616-70a9-2b84-4d6a79eab07e"",""yes_price_dollars"":""0.0900""}"
KXETH15M-26APR280830-30,d8f0d9e2-6152-76aa-3991-4fe73508b503,1777378813,0.07,1.0,no,"{""count_fp"":""1.00"",""created_time"":""2026-04-28T12:20:13.841183Z"",""no_price_dollars"":""0.9300"",""taker_side"":""no"",""ticker"":""KXETH15M-26APR280830-30"",""trade_id"":""d8f0d9e2-6152-76aa-3991-4fe73508b503"",""yes_price_dollars"":""0.0700""}"
KXETH15M-26APR280830-30,d80cde1e-9579-7706-063e-9d2be1ac40ab,1777378813,0.13,100.0,no,"{""count_fp"":""100.00"",""created_time"":""2026-04-28T12:20:13.841183Z"",""no_price_dollars"":""0.8700"",""taker_side"":""no"",""ticker"":""KXETH15M-26APR280830-30"",""trade_id"":""d80cde1e-9579-7706-063e-9d2be1ac40ab"",""yes_price_dollars"":""0.1300""}"
KXETH15M-26APR280830-30,ce9d036b-c951-779b-12d6-d860d8fcfa75,1777378813,0.12,55.97,no,"{""count_fp"":""55.97"",""created_time"":""2026-04-28T12:20:13.841183Z"",""no_price_dollars"":""0.8800"",""taker_side"":""no"",""ticker"":""KXETH15M-26APR280830-30"",""trade_id"":""ce9d036b-c951-779b-12d6-d860d8fcfa75"",""yes_price_dollars"":""0.1200""}"
KXETH15M-26APR280830-30,9862af79-d139-71f2-05db-0301c28dc8a1,1777378813,0.08,6.0,no,"{""count_fp"":""6.00"",""created_time"":""2026-04-28T12:20:13.841183Z"",""no_price_dollars"":""0.9200"",""taker_side"":""no"",""ticker"":""KXETH15M-26APR280830-30"",""trade_id"":""9862af79-d139-71f2-05db-0301c28dc8a1"",""yes_price_dollars"":""0.0800""}"
KXETH15M-26APR280830-30,9563dad0-d22c-7926-0355-a901f8fb81b3,1777378813,0.13,10.0,no,"{""count_fp"":""10.00"",""created_time"":""2026-04-28T12:20:13.841183Z"",""no_price_dollars"":""0.8700"",""taker_side"":""no"",""ticker"":""KXETH15M-26APR280830-30"",""trade_id"":""9563dad0-d22c-7926-0355-a901f8fb81b3"",""yes_price_dollars"":""0.1300""}"
KXETH15M-26APR280830-30,871b49d0-5581-74a1-02d9-d1199b55e676,1777378813,0.09,1.0,no,"{""count_fp"":""1.00"",""created_time"":""2026-04-28T12:20:13.841183Z"",""no_price_dollars"":""0.9100"",""taker_side"":""no"",""ticker"":""KXETH15M-26APR280830-30"",""trade_id"":""871b49d0-5581-74a1-02d9-d1199b55e676"",""yes_price_dollars"":""0.0900""}"
KXETH15M-26APR280830-30,71850d91-4fd5-7b99-1004-228287bebcb0,1777378813,0.12,400.0,no,"{""count_fp"":""400.00"",""created_time"":""2026-04-28T12:20:13.841183Z"",""no_price_dollars"":""0.8800"",""taker_side"":""no"",""ticker"":""KXETH15M-26APR280830-30"",""trade_id"":""71850d91-4fd5-7b99-1004-228287bebcb0"",""yes_price_dollars"":""0.1200""}"
KXETH15M-26APR280830-30,6c032ebe-a9b2-7fe0-0323-8e12187ea61e,1777378813,0.07,0.91,no,"{""count_fp"":""0.91"",""created_time"":""2026-04-28T12:20:13.841183Z"",""no_price_dollars"":""0.9300"",""taker_side"":""no"",""ticker"":""KXETH15M-26APR280830-30"",""trade_id"":""6c032ebe-a9b2-7fe0-0323-8e12187ea61e"",""yes_price_dollars"":""0.0700""}"
KXETH15M-26APR280830-30,5fe91577-24d8-7f96-3049-71f5e565d6a2,1777378813,0.08,135.0,no,"{""count_fp"":""135.00"",""created_time"":""2026-04-28T12:20:13.841183Z"",""no_price_dollars"":""0.9200"",""taker_side"":""no"",""ticker"":""KXETH15M-26APR280830-30"",""trade_id"":""5fe91577-24d8-7f96-3049-71f5e565d6a2"",""yes_price_dollars"":""0.0800""}"
KXETH15M-26APR280830-30,5e94819f-0e27-70c2-1baf-7f1cad9ea6a0,1777378813,0.09,4.0,no,"{""count_fp"":""4.00"",""created_time"":""2026-04-28T12:20:13.841183Z"",""no_price_dollars"":""0.9100"",""taker_side"":""no"",""ticker"":""KXETH15M-26APR280830-30"",""trade_id"":""5e94819f-0e27-70c2-1baf-7f1cad9ea6a0"",""yes_price_dollars"":""0.0900""}"
KXETH15M-26APR280830-30,5bfb2b17-7c0c-7768-376e-0f1d81b85c6e,1777378813,0.1,1.0,no,"{""count_fp"":""1.00"",""created_time"":""2026-04-28T12:20:13.841183Z"",""no_price_dollars"":""0.9000"",""taker_side"":""no"",""ticker"":""KXETH15M-26APR280830-30"",""trade_id"":""5bfb2b17-7c0c-7768-376e-0f1d81b85c6e"",""yes_price_dollars"":""0.1000""}"
KXETH15M-26APR280830-30,5bafc7fb-d839-7b98-27d2-03db82b4abb4,1777378813,0.13,10.76,no,"{""count_fp"":""10.76"",""created_time"":""2026-04-28T12:20:13.841183Z"",""no_price_dollars"":""0.8700"",""taker_side"":""no"",""ticker"":""KXETH15M-26APR280830-30"",""trade_id"":""5bafc7fb-d839-7b98-27d2-03db82b4abb4"",""yes_price_dollars"":""0.1300""}"
KXETH15M-26APR280830-30,51e0736e-3e27-7d37-24b5-eb5a0109c0e6,1777378813,0.1,1.0,no,"{""count_fp"":""1.00"",""created_time"":""2026-04-28T12:20:13.841183Z"",""no_price_dollars"":""0.9000"",""taker_side"":""no"",""ticker"":""KXETH15M-26APR280830-30"",""trade_id"":""51e0736e-3e27-7d37-24b5-eb5a0109c0e6"",""yes_price_dollars"":""0.1000""}"
KXETH15M-26APR280830-30,51c0df61-a055-7509-1d31-65d60beec757,1777378813,0.07,8.0,no,"{""count_fp"":""8.00"",""created_time"":""2026-04-28T12:20:13.841183Z"",""no_price_dollars"":""0.9300"",""taker_side"":""no"",""ticker"":""KXETH15M-26APR280830-30"",""trade_id"":""51c0df61-a055-7509-1d31-65d60beec757"",""yes_price_dollars"":""0.0700""}"
KXETH15M-26APR280830-30,3919174d-7242-74ce-2e93-52a7081ab878,1777378813,0.08,3.0,no,"{""count_fp"":""3.00"",""created_time"":""2026-04-28T12:20:13.841183Z"",""no_price_dollars"":""0.9200"",""taker_side"":""no"",""ticker"":""KXETH15M-26APR280830-30"",""trade_id"":""3919174d-7242-74ce-2e93-52a7081ab878"",""yes_price_dollars"":""0.0800""}"
KXETH15M-26APR280830-30,323a596e-e68b-7002-226c-f6901e1a6052,1777378813,0.11,10.0,no,"{""count_fp"":""10.00"",""created_time"":""2026-04-28T12:20:13.841183Z"",""no_price_dollars"":""0.8900"",""taker_side"":""no"",""ticker"":""KXETH15M-26APR280830-30"",""trade_id"":""323a596e-e68b-7002-226c-f6901e1a6052"",""yes_price_dollars"":""0.1100""}"
KXETH15M-26APR280830-30,2b829ec3-1e4b-7f95-176e-2979246d5b98,1777378813,0.07,1.0,no,"{""count_fp"":""1.00"",""created_time"":""2026-04-28T12:20:13.841183Z"",""no_price_dollars"":""0.9300"",""taker_side"":""no"",""ticker"":""KXETH15M-26APR280830-30"",""trade_id"":""2b829ec3-1e4b-7f95-176e-2979246d5b98"",""yes_price_dollars"":""0.0700""}"
KXETH15M-26APR280830-30,2a0e7129-d015-7ae6-116c-b811ebaa8f47,1777378813,0.1,4.0,no,"{""count_fp"":""4.00"",""created_time"":""2026-04-28T12:20:13.841183Z"",""no_price_dollars"":""0.9000"",""taker_side"":""no"",""ticker"":""KXETH15M-26APR280830-30"",""trade_id"":""2a0e7129-d015-7ae6-116c-b811ebaa8f47"",""yes_price_dollars"":""0.1000""}"
KXETH15M-26APR280830-30,0bf4beb8-974b-775b-3c4c-f455f5892887,1777378813,0.08,1.0,no,"{""count_fp"":""1.00"",""created_time"":""2026-04-28T12:20:13.841183Z"",""no_price_dollars"":""0.9200"",""taker_side"":""no"",""ticker"":""KXETH15M-26APR280830-30"",""trade_id"":""0bf4beb8-974b-775b-3c4c-f455f5892887"",""yes_price_dollars"":""0.0800""}"
KXETH15M-26APR280830-30,0ae1cd40-9bdd-7ebd-1bc3-494f13aa1ecc,1777378813,0.1,3.0,no,"{""count_fp"":""3.00"",""created_time"":""2026-04-28T12:20:13.841183Z"",""no_price_dollars"":""0.9000"",""taker_side"":""no"",""ticker"":""KXETH15M-26APR280830-30"",""trade_id"":""0ae1cd40-9bdd-7ebd-1bc3-494f13aa1ecc"",""yes_price_dollars"":""0.1000""}"
KXETH15M-26APR280830-30,03ae3691-a901-7a31-1f1f-7024dedf3b36,1777378813,0.07,8.0,no,"{""count_fp"":""8.00"",""created_time"":""2026-04-28T12:20:13.841183Z"",""no_price_dollars"":""0.9300"",""taker_side"":""no"",""ticker"":""KXETH15M-26APR280830-30"",""trade_id"":""03ae3691-a901-7a31-1f1f-7024dedf3b36"",""yes_price_dollars"":""0.0700""}"
KXETH15M-26APR280830-30,ec8b7d51-b9a0-7fa9-9320-4eb5671baecc,1777378814,0.14,10.0,yes,"{""count_fp"":""10.00"",""created_time"":""2026-04-28T12:20:14.095215Z"",""no_price_dollars"":""0.8600"",""taker_side"":""yes"",""ticker"":""KXETH15M-26APR280830-30"",""trade_id"":""ec8b7d51-b9a0-7fa9-9320-4eb5671baecc"",""yes_price_dollars"":""0.1400""}"
KXETH15M-26APR280830-30,8719fc03-064d-761c-9a05-2bdee57b5267,1777378814,0.16,10.0,yes,"{""count_fp"":""10.00"",""created_time"":""2026-04-28T12:20:14.095215Z"",""no_price_dollars"":""0.8400"",""taker_side"":""yes"",""ticker"":""KXETH15M-26APR280830-30"",""trade_id"":""8719fc03-064d-761c-9a05-2bdee57b5267"",""yes_price_dollars"":""0.1600""}"
KXETH15M-26APR280830-30,779cbb51-ece5-7b87-aaa5-b97b9d3a0cf0,1777378814,0.17,1.79,yes,"{""count_fp"":""1.79"",""created_time"":""2026-04-28T12:20:14.095215Z"",""no_price_dollars"":""0.8300"",""taker_side"":""yes"",""ticker"":""KXETH15M-26APR280830-30"",""trade_id"":""779cbb51-ece5-7b87-aaa5-b97b9d3a0cf0"",""yes_price_dollars"":""0.1700""}"
KXETH15M-26APR280830-30,1f3247fd-8f43-7e10-94ef-826b6aa1be18,1777378814,0.14,6.0,yes,"{""count_fp"":""6.00"",""created_time"":""2026-04-28T12:20:14.095215Z"",""no_price_dollars"":""0.8600"",""taker_side"":""yes"",""ticker"":""KXETH15M-26APR280830-30"",""trade_id"":""1f3247fd-8f43-7e10-94ef-826b6aa1be18"",""yes_price_dollars"":""0.1400""}"
KXETH15M-26APR280830-30,be6358ba-c4ef-7636-f7bf-0b93d305f6ca,1777378815,0.13,22.0,yes,"{""count_fp"":""22.00"",""created_time"":""2026-04-28T12:20:15.222391Z"",""no_price_dollars"":""0.8700"",""taker_side"":""yes"",""ticker"":""KXETH15M-26APR280830-30"",""trade_id"":""be6358ba-c4ef-7636-f7bf-0b93d305f6ca"",""yes_price_dollars"":""0.1300""}"
KXETH15M-26APR280830-30,810d04d0-7e59-72a7-cd21-e538a00cf870,1777378817,0.17,84.21,yes,"{""count_fp"":""84.21"",""created_time"":""2026-04-28T12:20:17.654106Z"",""no_price_dollars"":""0.8300"",""taker_side"":""yes"",""ticker"":""KXETH15M-26APR280830-30"",""trade_id"":""810d04d0-7e59-72a7-cd21-e538a00cf870"",""yes_price_dollars"":""0.1700""}"
KXETH15M-26APR280830-30,62fb9bb3-a8b9-6c18-057e-2928d963b97d,1777378817,0.15,2.0,no,"{""count_fp"":""2.00"",""created_time"":""2026-04-28T12:20:17.405501Z"",""no_price_dollars"":""0.8500"",""taker_side"":""no"",""ticker"":""KXETH15M-26APR280830-30"",""trade_id"":""62fb9bb3-a8b9-6c18-057e-2928d963b97d"",""yes_price_dollars"":""0.1500""}"
KXETH15M-26APR280830-30,89eb9b79-06b9-543d-e6d4-a60b16a6c8c0,1777378818,0.55,1.0,yes,"{""count_fp"":""1.00"",""created_time"":""2026-04-28T12:20:18.861592Z"",""no_price_dollars"":""0.4500"",""taker_side"":""yes"",""ticker"":""KXETH15M-26APR280830-30"",""trade_id"":""89eb9b79-06b9-543d-e6d4-a60b16a6c8c0"",""yes_price_dollars"":""0.5500""}"
KXETH15M-26APR280830-30,d4be223f-457b-7119-dd5f-38dbf8f9c812,1777378818,0.49,60.0,yes,"{""count_fp"":""60.00"",""created_time"":""2026-04-28T12:20:18.846559Z"",""no_price_dollars"":""0.5100"",""taker_side"":""yes"",""ticker"":""KXETH15M-26APR280830-30"",""trade_id"":""d4be223f-457b-7119-dd5f-38dbf8f9c812"",""yes_price_dollars"":""0.4900""}"
KXETH15M-26APR280830-30,636b7950-5e87-7c3f-e956-f0f21a85281a,1777378818,0.54,5.95,yes,"{""count_fp"":""5.95"",""created_time"":""2026-04-28T12:20:18.846559Z"",""no_price_dollars"":""0.4600"",""taker_side"":""yes"",""ticker"":""KXETH15M-26APR280830-30"",""trade_id"":""636b7950-5e87-7c3f-e956-f0f21a85281a"",""yes_price_dollars"":""0.5400""}"
KXETH15M-26APR280830-30,1bac40f6-563b-7ae4-e9ef-4ac513d392ec,1777378818,0.53,1.05,yes,"{""count_fp"":""1.05"",""created_time"":""2026-04-28T12:20:18.846559Z"",""no_price_dollars"":""0.4700"",""taker_side"":""yes"",""ticker"":""KXETH15M-26APR280830-30"",""trade_id"":""1bac40f6-563b-7ae4-e9ef-4ac513d392ec"",""yes_price_dollars"":""0.5300""}"
KXETH15M-26APR280830-30,cd7fca64-c091-73d6-9069-f56f913ca122,1777378818,0.5,43.0,yes,"{""count_fp"":""43.00"",""created_time"":""2026-04-28T12:20:18.742751Z"",""no_price_dollars"":""0.5000"",""taker_side"":""yes"",""ticker"":""KXETH15M-26APR280830-30"",""trade_id"":""cd7fca64-c091-73d6-9069-f56f913ca122"",""yes_price_dollars"":""0.5000""}"
KXETH15M-26APR280830-30,c4cf4014-3948-7c9e-debe-381627d3db49,1777378818,0.24,9.34,no,"{""count_fp"":""9.34"",""created_time"":""2026-04-28T12:20:18.724373Z"",""no_price_dollars"":""0.7600"",""taker_side"":""no"",""ticker"":""KXETH15M-26APR280830-30"",""trade_id"":""c4cf4014-3948-7c9e-debe-381627d3db49"",""yes_price_dollars"":""0.2400""}"
KXETH15M-26APR280830-30,0b3a41f1-27ea-7eff-f251-96a46cccbba9,1777378818,0.25,8.66,no,"{""count_fp"":""8.66"",""created_time"":""2026-04-28T12:20:18.724373Z"",""no_price_dollars"":""0.7500"",""taker_side"":""no"",""ticker"":""KXETH15M-26APR280830-30"",""trade_id"":""0b3a41f1-27ea-7eff-f251-96a46cccbba9"",""yes_price_dollars"":""0.2500""}"
KXETH15M-26APR280830-30,a6d0a393-5452-61a6-f731-f4d01544fb17,1777378818,0.5,34.0,yes,"{""count_fp"":""34.00"",""created_time"":""2026-04-28T12:20:18.714461Z"",""no_price_dollars"":""0.5000"",""taker_side"":""yes"",""ticker"":""KXETH15M-26APR280830-30"",""trade_id"":""a6d0a393-5452-61a6-f731-f4d01544fb17"",""yes_price_dollars"":""0.5000""}"
KXETH15M-26APR280830-30,3b614385-3664-659d-d660-b73aa1315a12,1777378818,0.48,9.81,yes,"{""count_fp"":""9.81"",""created_time"":""2026-04-28T12:20:18.714461Z"",""no_price_dollars"":""0.5200"",""taker_side"":""yes"",""ticker"":""KXETH15M-26APR280830-30"",""trade_id"":""3b614385-3664-659d-d660-b73aa1315a12"",""yes_price_dollars"":""0.4800""}"
KXETH15M-26APR280830-30,329010f8-6500-7109-96f6-5d3e3520d562,1777378818,0.48,240.19,yes,"{""count_fp"":""240.19"",""created_time"":""2026-04-28T12:20:18.697961Z"",""no_price_dollars"":""0.5200"",""taker_side"":""yes"",""ticker"":""KXETH15M-26APR280830-30"",""trade_id"":""329010f8-6500-7109-96f6-5d3e3520d562"",""yes_price_dollars"":""0.4800""}"
KXETH15M-26APR280830-30,10518470-db79-7b55-8830-8de7885d93e5,1777378818,0.47,9.81,yes,"{""count_fp"":""9.81"",""created_time"":""2026-04-28T12:20:18.697961Z"",""no_price_dollars"":""0.5300"",""taker_side"":""yes"",""ticker"":""KXETH15M-26APR280830-30"",""trade_id"":""10518470-db79-7b55-8830-8de7885d93e5"",""yes_price_dollars"":""0.4700""}"
KXETH15M-26APR280830-30,849981fd-ef86-50e4-ee3d-e4e919ff8cf8,1777378818,0.42,20.0,yes,"{""count_fp"":""20.00"",""created_time"":""2026-04-28T12:20:18.598145Z"",""no_price_dollars"":""0.5800"",""taker_side"":""yes"",""ticker"":""KXETH15M-26APR280830-30"",""trade_id"":""849981fd-ef86-50e4-ee3d-e4e919ff8cf8"",""yes_price_dollars"":""0.4200""}"
KXETH15M-26APR280830-30,119edb8b-8c98-56f7-d0ea-fad38af068e4,1777378818,0.41,607.0,yes,"{""count_fp"":""607.00"",""created_time"":""2026-04-28T12:20:18.598145Z"",""no_price_dollars"":""0.5900"",""taker_side"":""yes"",""ticker"":""KXETH15M-26APR280830-30"",""trade_id"":""119edb8b-8c98-56f7-d0ea-fad38af068e4"",""yes_price_dollars"":""0.4100""}"
KXETH15M-26APR280830-30,5eb082f9-b0a9-7304-a073-59c327ddb5ad,1777378818,0.41,10.0,yes,"{""count_fp"":""10.00"",""created_time"":""2026-04-28T12:20:18.584165Z"",""no_price_dollars"":""0.5900"",""taker_side"":""yes"",""ticker"":""KXETH15M-26APR280830-30"",""trade_id"":""5eb082f9-b0a9-7304-a073-59c327ddb5ad"",""yes_price_dollars"":""0.4100""}"
KXETH15M-26APR280830-30,09040229-89d0-708f-b235-1ff5b3a45e74,1777378818,0.41,1.0,yes,"{""count_fp"":""1.00"",""created_time"":""2026-04-28T12:20:18.584165Z"",""no_price_dollars"":""0.5900"",""taker_side"":""yes"",""ticker"":""KXETH15M-26APR280830-30"",""trade_id"":""09040229-89d0-708f-b235-1ff5b3a45e74"",""yes_price_dollars"":""0.4100""}"
KXETH15M-26APR280830-30,dcaf7dce-5dbc-5b11-579f-10789759f081,1777378818,0.38,100.0,yes,"{""count_fp"":""100.00"",""created_time"":""2026-04-28T12:20:18.558359Z"",""no_price_dollars"":""0.6200"",""taker_side"":""yes"",""ticker"":""KXETH15M-26APR280830-30"",""trade_id"":""dcaf7dce-5dbc-5b11-579f-10789759f081"",""yes_price_dollars"":""0.3800""}"
KXETH15M-26APR280830-30,a8b82e5b-f69f-5348-6ab4-3907037b2e21,1777378818,0.37,10.0,yes,"{""count_fp"":""10.00"",""created_time"":""2026-04-28T12:20:18.558359Z"",""no_price_dollars"":""0.6300"",""taker_side"":""yes"",""ticker"":""KXETH15M-26APR280830-30"",""trade_id"":""a8b82e5b-f69f-5348-6ab4-3907037b2e21"",""yes_price_dollars"":""0.3700""}"
KXETH15M-26APR280830-30,5ee723b3-f62f-5dbe-42ee-222410fb194c,1777378818,0.3,9.85,yes,"{""count_fp"":""9.85"",""created_time"":""2026-04-28T12:20:18.558359Z"",""no_price_dollars"":""0.7000"",""taker_side"":""yes"",""ticker"":""KXETH15M-26APR280830-30"",""trade_id"":""5ee723b3-f62f-5dbe-42ee-222410fb194c"",""yes_price_dollars"":""0.3000""}"
KXETH15M-26APR280830-30,4de881a7-75e3-540a-4c4e-b9765f553d6b,1777378818,0.35,2.0,yes,"{""count_fp"":""2.00"",""created_time"":""2026-04-28T12:20:18.558359Z"",""no_price_dollars"":""0.6500"",""taker_side"":""yes"",""ticker"":""KXETH15M-26APR280830-30"",""trade_id"":""4de881a7-75e3-540a-4c4e-b9765f553d6b"",""yes_price_dollars"":""0.3500""}"
KXETH15M-26APR280830-30,33b78db1-ac72-5dc7-531c-818c5456668a,1777378818,0.33,388.39,yes,"{""count_fp"":""388.39"",""created_time"":""2026-04-28T12:20:18.558359Z"",""no_price_dollars"":""0.6700"",""taker_side"":""yes"",""ticker"":""KXETH15M-26APR280830-30"",""trade_id"":""33b78db1-ac72-5dc7-531c-818c5456668a"",""yes_price_dollars"":""0.3300""}"
KXETH15M-26APR280830-30,0241fa8c-97bd-5b76-687d-efeeb5bfcbd8,1777378818,0.4,8.0,yes,"{""count_fp"":""8.00"",""created_time"":""2026-04-28T12:20:18.558359Z"",""no_price_dollars"":""0.6000"",""taker_side"":""yes"",""ticker"":""KXETH15M-26APR280830-30"",""trade_id"":""0241fa8c-97bd-5b76-687d-efeeb5bfcbd8"",""yes_price_dollars"":""0.4000""}"
KXETH15M-26APR280830-30,dc8bed93-d441-4708-4a93-5de5b719f943,1777378818,0.32,228.0,yes,"{""count_fp"":""228.00"",""created_time"":""2026-04-28T12:20:18.545143Z"",""no_price_dollars"":""0.6800"",""taker_side"":""yes"",""ticker"":""KXETH15M-26APR280830-30"",""trade_id"":""dc8bed93-d441-4708-4a93-5de5b719f943"",""yes_price_dollars"":""0.3200""}"
KXETH15M-26APR280830-30,b228e6d7-032c-6450-5b83-a5429e3470b9,1777378818,0.31,4.0,yes,"{""count_fp"":""4.00"",""created_time"":""2026-04-28T12:20:18.528633Z"",""no_price_dollars"":""0.6900"",""taker_side"":""yes"",""ticker"":""KXETH15M-26APR280830-30"",""trade_id"":""b228e6d7-032c-6450-5b83-a5429e3470b9"",""yes_price_dollars"":""0.3100""}"
KXETH15M-26APR280830-30,b2019e55-4dc8-6787-668b-daebe1a280a9,1777378818,0.32,1.0,yes,"{""count_fp"":""1.00"",""created_time"":""2026-04-28T12:20:18.528633Z"",""no_price_dollars"":""0.6800"",""taker_side"":""yes"",""ticker"":""KXETH15M-26APR280830-30"",""trade_id"":""b2019e55-4dc8-6787-668b-daebe1a280a9"",""yes_price_dollars"":""0.3200""}"
KXETH15M-26APR280830-30,79188690-c765-66c8-799e-de3c2c048338,1777378818,0.32,10.0,yes,"{""count_fp"":""10.00"",""created_time"":""2026-04-28T12:20:18.528633Z"",""no_price_dollars"":""0.6800"",""taker_side"":""yes"",""ticker"":""KXETH15M-26APR280830-30"",""trade_id"":""79188690-c765-66c8-799e-de3c2c048338"",""yes_price_dollars"":""0.3200""}"
KXETH15M-26APR280830-30,0bcd76dc-fb18-7d23-4eff-0176767c3d1b,1777378818,0.26,33.0,yes,"{""count_fp"":""33.00"",""created_time"":""2026-04-28T12:20:18.332644Z"",""no_price_dollars"":""0.7400"",""taker_side"":""yes"",""ticker"":""KXETH15M-26APR280830-30"",""trade_id"":""0bcd76dc-fb18-7d23-4eff-0176767c3d1b"",""yes_price_dollars"":""0.2600""}"
KXETH15M-26APR280830-30,004dcaa3-f209-7edb-d93f-4e9885874aea,1777378819,0.71,60.0,yes,"{""count_fp"":""60.00"",""created_time"":""2026-04-28T12:20:19.692644Z"",""no_price_dollars"":""0.2900"",""taker_side"":""yes"",""ticker"":""KXETH15M-26APR280830-30"",""trade_id"":""004dcaa3-f209-7edb-d93f-4e9885874aea"",""yes_price_dollars"":""0.7100""}"
KXETH15M-26APR280830-30,6262c999-fe79-6e83-0ad4-7bb459eab121,1777378819,0.67,10.0,yes,"{""count_fp"":""10.00"",""created_time"":""2026-04-28T12:20:19.681021Z"",""no_price_dollars"":""0.3300"",""taker_side"":""yes"",""ticker"":""KXETH15M-26APR280830-30"",""trade_id"":""6262c999-fe79-6e83-0ad4-7bb459eab121"",""yes_price_dollars"":""0.6700""}"
KXETH15M-26APR280830-30,a66b0de9-0bdb-6b27-402a-3274ada0f1fa,1777378819,0.7,240.0,yes,"{""count_fp"":""240.00"",""created_time"":""2026-04-28T12:20:19.647976Z"",""no_price_dollars"":""0.3000"",""taker_side"":""yes"",""ticker"":""KXETH15M-26APR280830-30"",""trade_id"":""a66b0de9-0bdb-6b27-402a-3274ada0f1fa"",""yes_price_dollars"":""0.7000""}"
KXETH15M-26APR280830-30,96ee9dfb-eb9b-5e73-34a0-27e984677726,1777378819,0.7,10.0,yes,"{""count_fp"":""10.00"",""created_time"":""2026-04-28T12:20:19.633787Z"",""no_price_dollars"":""0.3000"",""taker_side"":""yes"",""ticker"":""KXETH15M-26APR280830-30"",""trade_id"":""96ee9dfb-eb9b-5e73-34a0-27e984677726"",""yes_price_dollars"":""0.7000""}"
KXETH15M-26APR280830-30,fb6d3096-4e25-44ff-48f6-f397268eae9a,1777378819,0.67,10.0,yes,"{""count_fp"":""10.00"",""created_time"":""2026-04-28T12:20:19.594294Z"",""no_price_dollars"":""0.3300"",""taker_side"":""yes"",""ticker"":""KXETH15M-26APR280830-30"",""trade_id"":""fb6d3096-4e25-44ff-48f6-f397268eae9a"",""yes_price_dollars"":""0.6700""}"
KXETH15M-26APR280830-30,e471ea4a-2778-5df8-afed-9ab3c2cd7ce9,1777378819,0.65,60.0,yes,"{""count_fp"":""60.00"",""created_time"":""2026-04-28T12:20:19.272128Z"",""no_price_dollars"":""0.3500"",""taker_side"":""yes"",""ticker"":""KXETH15M-26APR280830-30"",""trade_id"":""e471ea4a-2778-5df8-afed-9ab3c2cd7ce9"",""yes_price_dollars"":""0.6500""}"
KXETH15M-26APR280830-30,6a4b5419-943d-65ea-2654-9dcbcc5f6f59,1777378819,0.6,10.0,yes,"{""count_fp"":""10.00"",""created_time"":""2026-04-28T12:20:19.223438Z"",""no_price_dollars"":""0.4000"",""taker_side"":""yes"",""ticker"":""KXETH15M-26APR280830-30"",""trade_id"":""6a4b5419-943d-65ea-2654-9dcbcc5f6f59"",""yes_price_dollars"":""0.6000""}"
KXETH15M-26APR280830-30,e4bcc6fc-e1b7-6f04-c6b7-f44faccfccfa,1777378820,0.48,10.0,no,"{""count_fp"":""10.00"",""created_time"":""2026-04-28T12:20:20.908783Z"",""no_price_dollars"":""0.5200"",""taker_side"":""no"",""ticker"":""KXETH15M-26APR280830-30"",""trade_id"":""e4bcc6fc-e1b7-6f04-c6b7-f44faccfccfa"",""yes_price_dollars"":""0.4800""}"
KXETH15M-26APR280830-30,a806f2a0-ef47-75e2-27cc-ef7e88201eba,1777378820,0.51,10.0,no,"{""count_fp"":""10.00"",""created_time"":""2026-04-28T12:20:20.872781Z"",""no_price_dollars"":""0.4900"",""taker_side"":""no"",""ticker"":""KXETH15M-26APR280830-30"",""trade_id"":""a806f2a0-ef47-75e2-27cc-ef7e88201eba"",""yes_price_dollars"":""0.5100""}"
KXETH15M-26APR280830-30,f1e74e6a-0266-57fc-2d9e-01012e281d8a,1777378820,0.51,66.0,no,"{""count_fp"":""66.00"",""created_time"":""2026-04-28T12:20:20.571547Z"",""no_price_dollars"":""0.4900"",""taker_side"":""no"",""ticker"":""KXETH15M-26APR280830-30"",""trade_id"":""f1e74e6a-0266-57fc-2d9e-01012e281d8a"",""yes_price_dollars"":""0.5100""}"
KXETH15M-26APR280830-30,c71177cf-7d3b-7e0f-88f2-b0a8b8b11857,1777378820,0.51,66.0,no,"{""count_fp"":""66.00"",""created_time"":""2026-04-28T12:20:20.440337Z"",""no_price_dollars"":""0.4900"",""taker_side"":""no"",""ticker"":""KXETH15M-26APR280830-30"",""trade_id"":""c71177cf-7d3b-7e0f-88f2-b0a8b8b11857"",""yes_price_dollars"":""0.5100""}"
KXETH15M-26APR280830-30,99391974-d2b2-65e2-d62f-97f265ab7a83,1777378820,0.56,44.55,no,"{""count_fp"":""44.55"",""created_time"":""2026-04-28T12:20:20.426749Z"",""no_price_dollars"":""0.4400"",""taker_side"":""no"",""ticker"":""KXETH15M-26APR280830-30"",""trade_id"":""99391974-d2b2-65e2-d62f-97f265ab7a83"",""yes_price_dollars"":""0.5600""}"
KXETH15M-26APR280830-30,7095bbd8-5112-678e-b00b-a55deb8ef0df,1777378820,0.56,110.0,no,"{""count_fp"":""110.00"",""created_time"":""2026-04-28T12:20:20.401163Z"",""no_price_dollars"":""0.4400"",""taker_side"":""no"",""ticker"":""KXETH15M-26APR280830-30"",""trade_id"":""7095bbd8-5112-678e-b00b-a55deb8ef0df"",""yes_price_dollars"":""0.5600""}"
KXETH15M-26APR280830-30,afc5f8da-6fe3-767a-6ba3-8fd971367fda,1777378820,0.51,10.0,no,"{""count_fp"":""10.00"",""created_time"":""2026-04-28T12:20:20.385212Z"",""no_price_dollars"":""0.4900"",""taker_side"":""no"",""ticker"":""KXETH15M-26APR280830-30"",""trade_id"":""afc5f8da-6fe3-767a-6ba3-8fd971367fda"",""yes_price_dollars"":""0.5100""}"
KXETH15M-26APR280830-30,3d53afb0-9a71-4108-6dc3-3f3ff05bacda,1777378820,0.54,17.4,no,"{""count_fp"":""17.40"",""created_time"":""2026-04-28T12:20:20.017544Z"",""no_price_dollars"":""0.4600"",""taker_side"":""no"",""ticker"":""KXETH15M-26APR280830-30"",""trade_id"":""3d53afb0-9a71-4108-6dc3-3f3ff05bacda"",""yes_price_dollars"":""0.5400""}"
KXETH15M-26APR280830-30,cd4b20a6-4ca8-4538-7f84-559718353e48,1777378821,0.43,80.0,no,"{""count_fp"":""80.00"",""created_time"":""2026-04-28T12:20:21.943832Z"",""no_price_dollars"":""0.5700"",""taker_side"":""no"",""ticker"":""KXETH15M-26APR280830-30"",""trade_id"":""cd4b20a6-4ca8-4538-7f84-559718353e48"",""yes_price_dollars"":""0.4300""}"
KXETH15M-26APR280830-30,dff6a917-3203-7c89-ddd7-ccdfa4e0d6c7,1777378821,0.43,80.0,no,"{""count_fp"":""80.00"",""created_time"":""2026-04-28T12:20:21.924363Z"",""no_price_dollars"":""0.5700"",""taker_side"":""no"",""ticker"":""KXETH15M-26APR280830-30"",""trade_id"":""dff6a917-3203-7c89-ddd7-ccdfa4e0d6c7"",""yes_price_dollars"":""0.4300""}"
KXETH15M-26APR280830-30,b9733379-db4d-7456-b3f4-160c2650feb0,1777378821,0.44,10.0,no,"{""count_fp"":""10.00"",""created_time"":""2026-04-28T12:20:21.231896Z"",""no_price_dollars"":""0.5600"",""taker_side"":""no"",""ticker"":""KXETH15M-26APR280830-30"",""trade_id"":""b9733379-db4d-7456-b3f4-160c2650feb0"",""yes_price_dollars"":""0.4400""}"
KXETH15M-26APR280830-30,197851f1-5abd-78a1-9a04-d30e80f8d20b,1777378821,0.41,14.38,no,"{""count_fp"":""14.38"",""created_time"":""2026-04-28T12:20:21.231896Z"",""no_price_dollars"":""0.5900"",""taker_side"":""no"",""ticker"":""KXETH15M-26APR280830-30"",""trade_id"":""197851f1-5abd-78a1-9a04-d30e80f8d20b"",""yes_price_dollars"":""0.4100""}"
KXETH15M-26APR280830-30,f1c57190-9706-52c9-d60a-744cc1668bda,1777378822,0.42,0.06,no,"{""count_fp"":""0.06"",""created_time"":""2026-04-28T12:20:22.650234Z"",""no_price_dollars"":""0.5800"",""taker_side"":""no"",""ticker"":""KXETH15M-26APR280830-30"",""trade_id"":""f1c57190-9706-52c9-d60a-744cc1668bda"",""yes_price_dollars"":""0.4200""}"
KXETH15M-26APR280830-30,89449ee4-f090-7e11-cefc-f4ad8767a690,1777378823,0.49,5.0,yes,"{""count_fp"":""5.00"",""created_time"":""2026-04-28T12:20:23.972447Z"",""no_price_dollars"":""0.5100"",""taker_side"":""yes"",""ticker"":""KXETH15M-26APR280830-30"",""trade_id"":""89449ee4-f090-7e11-cefc-f4ad8767a690"",""yes_price_dollars"":""0.4900""}"
KXETH15M-26APR280830-30,e85371fd-6f66-5439-43e6-0551ec1c1db2,1777378824,0.5,5.0,yes,"{""count_fp"":""5.00"",""created_time"":""2026-04-28T12:20:24.171551Z"",""no_price_dollars"":""0.5000"",""taker_side"":""yes"",""ticker"":""KXETH15M-26APR280830-30"",""trade_id"":""e85371fd-6f66-5439-43e6-0551ec1c1db2"",""yes_price_dollars"":""0.5000""}"
KXETH15M-26APR280830-30,3594a31c-3e80-5871-61b5-17be913dbf22,1777378824,0.5,10.0,yes,"{""count_fp"":""10.00"",""created_time"":""2026-04-28T12:20:24.171551Z"",""no_price_dollars"":""0.5000"",""taker_side"":""yes"",""ticker"":""KXETH15M-26APR280830-30"",""trade_id"":""3594a31c-3e80-5871-61b5-17be913dbf22"",""yes_price_dollars"":""0.5000""}"
KXETH15M-26APR280830-30,f401f17d-0ce8-7a4d-672e-0384c59ae130,1777378824,0.49,10.0,yes,"{""count_fp"":""10.00"",""created_time"":""2026-04-28T12:20:24.076067Z"",""no_price_dollars"":""0.5100"",""taker_side"":""yes"",""ticker"":""KXETH15M-26APR280830-30"",""trade_id"":""f401f17d-0ce8-7a4d-672e-0384c59ae130"",""yes_price_dollars"":""0.4900""}"
KXETH15M-26APR280830-30,5ed0dc2e-f805-5acd-c11e-6c91e9cec316,1777378825,0.44,8.38,no,"{""count_fp"":""8.38"",""created_time"":""2026-04-28T12:20:25.699369Z"",""no_price_dollars"":""0.5600"",""taker_side"":""no"",""ticker"":""KXETH15M-26APR280830-30"",""trade_id"":""5ed0dc2e-f805-5acd-c11e-6c91e9cec316"",""yes_price_dollars"":""0.4400""}"
KXETH15M-26APR280830-30,4ae5906a-4223-5579-f4dd-43662740706b,1777378825,0.43,50.0,no,"{""count_fp"":""50.00"",""created_time"":""2026-04-28T12:20:25.699369Z"",""no_price_dollars"":""0.5700"",""taker_side"":""no"",""ticker"":""KXETH15M-26APR280830-30"",""trade_id"":""4ae5906a-4223-5579-f4dd-43662740706b"",""yes_price_dollars"":""0.4300""}"
KXETH15M-26APR280830-30,138d7621-0295-5e45-fc8a-332dee6f17b3,1777378825,0.42,100.0,no,"{""count_fp"":""100.00"",""created_time"":""2026-04-28T12:20:25.699369Z"",""no_price_dollars"":""0.5800"",""taker_side"":""no"",""ticker"":""KXETH15M-26APR280830-30"",""trade_id"":""138d7621-0295-5e45-fc8a-332dee6f17b3"",""yes_price_dollars"":""0.4200""}"
KXETH15M-26APR280830-30,8e32af7e-b371-6a3f-c920-bca8c83052d8,1777378825,0.44,10.0,no,"{""count_fp"":""10.00"",""created_time"":""2026-04-28T12:20:25.684367Z"",""no_price_dollars"":""0.5600"",""taker_side"":""no"",""ticker"":""KXETH15M-26APR280830-30"",""trade_id"":""8e32af7e-b371-6a3f-c920-bca8c83052d8"",""yes_price_dollars"":""0.4400""}"
KXETH15M-26APR280830-30,dac14865-10d4-7f47-5c36-c2d87d3287ae,1777378825,0.46,10.0,no,"{""count_fp"":""10.00"",""created_time"":""2026-04-28T12:20:25.359087Z"",""no_price_dollars"":""0.5400"",""taker_side"":""no"",""ticker"":""KXETH15M-26APR280830-30"",""trade_id"":""dac14865-10d4-7f47-5c36-c2d87d3287ae"",""yes_price_dollars"":""0.4600""}"
KXETH15M-26APR280830-30,e0528562-7026-5aed-d56a-df2df0472582,1777378825,0.55,0.06,yes,"{""count_fp"":""0.06"",""created_time"":""2026-04-28T12:20:25.223308Z"",""no_price_dollars"":""0.4500"",""taker_side"":""yes"",""ticker"":""KXETH15M-26APR280830-30"",""trade_id"":""e0528562-7026-5aed-d56a-df2df0472582"",""yes_price_dollars"":""0.5500""}"
KXETH15M-26APR280830-30,323aed63-0933-4d89-381f-3d0defcbc6ea,1777378828,0.5,10.0,yes,"{""count_fp"":""10.00"",""created_time"":""2026-04-28T12:20:28.919362Z"",""no_price_dollars"":""0.5000"",""taker_side"":""yes"",""ticker"":""KXETH15M-26APR280830-30"",""trade_id"":""323aed63-0933-4d89-381f-3d0defcbc6ea"",""yes_price_dollars"":""0.5000""}"
KXETH15M-26APR280830-30,bcd8d087-99fa-4199-41ab-7d26c506b5d1,1777378829,0.48,10.0,no,"{""count_fp"":""10.00"",""created_time"":""2026-04-28T12:20:29.234483Z"",""no_price_dollars"":""0.5200"",""taker_side"":""no"",""ticker"":""KXETH15M-26APR280830-30"",""trade_id"":""bcd8d087-99fa-4199-41ab-7d26c506b5d1"",""yes_price_dollars"":""0.4800""}"
KXETH15M-26APR280830-30,a81ec687-486e-4768-7007-86ccc7f42270,1777378829,0.48,70.09,no,"{""count_fp"":""70.09"",""created_time"":""2026-04-28T12:20:29.234483Z"",""no_price_dollars"":""0.5200"",""taker_side"":""no"",""ticker"":""KXETH15M-26APR280830-30"",""trade_id"":""a81ec687-486e-4768-7007-86ccc7f42270"",""yes_price_dollars"":""0.4800""}"
KXETH15M-26APR280830-30,31a8c0bb-96ca-61b8-5748-fdfeaa586c58,1777378831,0.48,3.65,no,"{""count_fp"":""3.65"",""created_time"":""2026-04-28T12:20:31.851043Z"",""no_price_dollars"":""0.5200"",""taker_side"":""no"",""ticker"":""KXETH15M-26APR280830-30"",""trade_id"":""31a8c0bb-96ca-61b8-5748-fdfeaa586c58"",""yes_price_dollars"":""0.4800""}"
KXETH15M-26APR280830-30,32f0c205-8f62-6199-4f23-d01eb7cc5d2a,1777378831,0.51,1.0,yes,"{""count_fp"":""1.00"",""created_time"":""2026-04-28T12:20:31.028321Z"",""no_price_dollars"":""0.4900"",""taker_side"":""yes"",""ticker"":""KXETH15M-26APR280830-30"",""trade_id"":""32f0c205-8f62-6199-4f23-d01eb7cc5d2a"",""yes_price_dollars"":""0.5100""}"
KXETH15M-26APR280830-30,5a2e4a0b-cffe-73f3-2ec0-5c399633b887,1777378834,0.44,3.0,no,"{""count_fp"":""3.00"",""created_time"":""2026-04-28T12:20:34.664774Z"",""no_price_dollars"":""0.5600"",""taker_side"":""no"",""ticker"":""KXETH15M-26APR280830-30"",""trade_id"":""5a2e4a0b-cffe-73f3-2ec0-5c399633b887"",""yes_price_dollars"":""0.4400""}"
KXETH15M-26APR280830-30,f821eebb-4889-689c-84c6-f477ae2c67ad,1777378835,0.58,60.0,yes,"{""count_fp"":""60.00"",""created_time"":""2026-04-28T12:20:35.585735Z"",""no_price_dollars"":""0.4200"",""taker_side"":""yes"",""ticker"":""KXETH15M-26APR280830-30"",""trade_id"":""f821eebb-4889-689c-84c6-f477ae2c67ad"",""yes_price_dollars"":""0.5800""}"
KXETH15M-26APR280830-30,c604dba5-08d0-6aae-950b-42631906fe7e,1777378835,0.61,9.0,yes,"{""count_fp"":""9.00"",""created_time"":""2026-04-28T12:20:35.585735Z"",""no_price_dollars"":""0.3900"",""taker_side"":""yes"",""ticker"":""KXETH15M-26APR280830-30"",""trade_id"":""c604dba5-08d0-6aae-950b-42631906fe7e"",""yes_price_dollars"":""0.6100""}"
KXETH15M-26APR280830-30,bb5d2579-b696-6a45-1068-f2e2833d74ee,1777378835,0.55,1.0,yes,"{""count_fp"":""1.00"",""created_time"":""2026-04-28T12:20:35.573131Z"",""no_price_dollars"":""0.4500"",""taker_side"":""yes"",""ticker"":""KXETH15M-26APR280830-30"",""trade_id"":""bb5d2579-b696-6a45-1068-f2e2833d74ee"",""yes_price_dollars"":""0.5500""}"
KXETH15M-26APR280830-30,53e9bb42-5592-4dcd-a5eb-fa73eeeb7156,1777378835,0.55,9.0,yes,"{""count_fp"":""9.00"",""created_time"":""2026-04-28T12:20:35.558604Z"",""no_price_dollars"":""0.4500"",""taker_side"":""yes"",""ticker"":""KXETH15M-26APR280830-30"",""trade_id"":""53e9bb42-5592-4dcd-a5eb-fa73eeeb7156"",""yes_price_dollars"":""0.5500""}"
KXETH15M-26APR280830-30,39eb7616-2451-4460-c367-7156140fb8c3,1777378835,0.54,10.0,yes,"{""count_fp"":""10.00"",""created_time"":""2026-04-28T12:20:35.462108Z"",""no_price_dollars"":""0.4600"",""taker_side"":""yes"",""ticker"":""KXETH15M-26APR280830-30"",""trade_id"":""39eb7616-2451-4460-c367-7156140fb8c3"",""yes_price_dollars"":""0.5400""}"
KXETH15M-26APR280830-30,5c494347-b1b2-7367-068b-070f84c02088,1777378836,0.75,0.7,yes,"{""count_fp"":""0.70"",""created_time"":""2026-04-28T12:20:36.870225Z"",""no_price_dollars"":""0.2500"",""taker_side"":""yes"",""ticker"":""KXETH15M-26APR280830-30"",""trade_id"":""5c494347-b1b2-7367-068b-070f84c02088"",""yes_price_dollars"":""0.7500""}"
KXETH15M-26APR280830-30,258ac6c3-737e-4a9b-5714-f98791c4188c,1777378836,0.75,7.0,yes,"{""count_fp"":""7.00"",""created_time"":""2026-04-28T12:20:36.854956Z"",""no_price_dollars"":""0.2500"",""taker_side"":""yes"",""ticker"":""KXETH15M-26APR280830-30"",""trade_id"":""258ac6c3-737e-4a9b-5714-f98791c4188c"",""yes_price_dollars"":""0.7500""}"
KXETH15M-26APR280830-30,9aea1aee-4f65-64ec-5995-7ebf65bf6a75,1777378836,0.69,10.0,yes,"{""count_fp"":""10.00"",""created_time"":""2026-04-28T12:20:36.477089Z"",""no_price_dollars"":""0.3100"",""taker_side"":""yes"",""ticker"":""KXETH15M-26APR280830-30"",""trade_id"":""9aea1aee-4f65-64ec-5995-7ebf65bf6a75"",""yes_price_dollars"":""0.6900""}"
KXETH15M-26APR280830-30,ed6ed9f6-176b-5b72-c7eb-7780966f4b8f,1777378836,0.5,20.0,no,"{""count_fp"":""20.00"",""created_time"":""2026-04-28T12:20:36.273898Z"",""no_price_dollars"":""0.5000"",""taker_side"":""no"",""ticker"":""KXETH15M-26APR280830-30"",""trade_id"":""ed6ed9f6-176b-5b72-c7eb-7780966f4b8f"",""yes_price_dollars"":""0.5000""}"
KXETH15M-26APR280830-30,659e8849-39f9-5663-f95f-e11bb725828e,1777378836,0.51,10.0,no,"{""count_fp"":""10.00"",""created_time"":""2026-04-28T12:20:36.273898Z"",""no_price_dollars"":""0.4900"",""taker_side"":""no"",""ticker"":""KXETH15M-26APR280830-30"",""trade_id"":""659e8849-39f9-5663-f95f-e11bb725828e"",""yes_price_dollars"":""0.5100""}"
KXETH15M-26APR280830-30,6d6b9083-4ed8-7a46-a2a2-9ccd1637d982,1777378837,0.82,1.0,yes,"{""count_fp"":""1.00"",""created_time"":""2026-04-28T12:20:37.487936Z"",""no_price_dollars"":""0.1800"",""taker_side"":""yes"",""ticker"":""KXETH15M-26APR280830-30"",""trade_id"":""6d6b9083-4ed8-7a46-a2a2-9ccd1637d982"",""yes_price_dollars"":""0.8200""}"
KXETH15M-26APR280830-30,8582d6f3-a33c-4fa5-2880-0f91f92c4801,1777378838,0.76,1.0,yes,"{""count_fp"":""1.00"",""created_time"":""2026-04-28T12:20:38.455545Z"",""no_price_dollars"":""0.2400"",""taker_side"":""yes"",""ticker"":""KXETH15M-26APR280830-30"",""trade_id"":""8582d6f3-a33c-4fa5-2880-0f91f92c4801"",""yes_price_dollars"":""0.7600""}"
KXETH15M-26APR280830-30,f53c507b-e668-7d09-3db1-01ba8c50dcc9,1777378838,0.76,1.0,yes,"{""count_fp"":""1.00"",""created_time"":""2026-04-28T12:20:38.359093Z"",""no_price_dollars"":""0.2400"",""taker_side"":""yes"",""ticker"":""KXETH15M-26APR280830-30"",""trade_id"":""f53c507b-e668-7d09-3db1-01ba8c50dcc9"",""yes_price_dollars"":""0.7600""}"
KXETH15M-26APR280830-30,a972ac5a-365c-61b5-10a7-4d4901e8b9e9,1777378839,0.74,10.0,yes,"{""count_fp"":""10.00"",""created_time"":""2026-04-28T12:20:39.598237Z"",""no_price_dollars"":""0.2600"",""taker_side"":""yes"",""ticker"":""KXETH15M-26APR280830-30"",""trade_id"":""a972ac5a-365c-61b5-10a7-4d4901e8b9e9"",""yes_price_dollars"":""0.7400""}"
KXETH15M-26APR280830-30,523287a9-61fd-7198-b78b-b1e728b3b18d,1777378840,0.73,5.0,yes,"{""count_fp"":""5.00"",""created_time"":""2026-04-28T12:20:40.574275Z"",""no_price_dollars"":""0.2700"",""taker_side"":""yes"",""ticker"":""KXETH15M-26APR280830-30"",""trade_id"":""523287a9-61fd-7198-b78b-b1e728b3b18d"",""yes_price_dollars"":""0.7300""}"
KXETH15M-26APR280830-30,055558ab-6d4e-7f46-fd93-fa2db2940adc,1777378840,0.65,371.0,yes,"{""count_fp"":""371.00"",""created_time"":""2026-04-28T12:20:40.529806Z"",""no_price_dollars"":""0.3500"",""taker_side"":""yes"",""ticker"":""KXETH15M-26APR280830-30"",""trade_id"":""055558ab-6d4e-7f46-fd93-fa2db2940adc"",""yes_price_dollars"":""0.6500""}"
KXETH15M-26APR280830-30,bfc5208b-3d48-4e9d-4d31-d029de95ff56,1777378840,0.7,10.0,no,"{""count_fp"":""10.00"",""created_time"":""2026-04-28T12:20:40.390959Z"",""no_price_dollars"":""0.3000"",""taker_side"":""no"",""ticker"":""KXETH15M-26APR280830-30"",""trade_id"":""bfc5208b-3d48-4e9d-4d31-d029de95ff56"",""yes_price_dollars"":""0.7000""}"
KXETH15M-26APR280830-30,9739d110-50aa-4f08-4fd4-694fba2d57f8,1777378840,0.66,100.0,no,"{""count_fp"":""100.00"",""created_time"":""2026-04-28T12:20:40.390959Z"",""no_price_dollars"":""0.3400"",""taker_side"":""no"",""ticker"":""KXETH15M-26APR280830-30"",""trade_id"":""9739d110-50aa-4f08-4fd4-694fba2d57f8"",""yes_price_dollars"":""0.6600""}"
KXETH15M-26APR280830-30,318f9c6e-a88c-45d6-6d4e-8d65c8267504,1777378840,0.7,10.0,no,"{""count_fp"":""10.00"",""created_time"":""2026-04-28T12:20:40.390959Z"",""no_price_dollars"":""0.3000"",""taker_side"":""no"",""ticker"":""KXETH15M-26APR280830-30"",""trade_id"":""318f9c6e-a88c-45d6-6d4e-8d65c8267504"",""yes_price_dollars"":""0.7000""}"
KXETH15M-26APR280830-30,1ceaf577-974b-4db1-620d-42d74f3b7b8f,1777378841,0.62,0.83,no,"{""count_fp"":""0.83"",""created_time"":""2026-04-28T12:20:41.962284Z"",""no_price_dollars"":""0.3800"",""taker_side"":""no"",""ticker"":""KXETH15M-26APR280830-30"",""trade_id"":""1ceaf577-974b-4db1-620d-42d74f3b7b8f"",""yes_price_dollars"":""0.6200""}"
KXETH15M-26APR280830-30,cf9749e5-b8ea-7e40-5884-e1d498ac11e9,1777378841,0.62,10.0,no,"{""count_fp"":""10.00"",""created_time"":""2026-04-28T12:20:41.948448Z"",""no_price_dollars"":""0.3800"",""taker_side"":""no"",""ticker"":""KXETH15M-26APR280830-30"",""trade_id"":""cf9749e5-b8ea-7e40-5884-e1d498ac11e9"",""yes_price_dollars"":""0.6200""}"
KXETH15M-26APR280830-30,b6e049b7-43ff-77c1-5d66-a7319aedd73f,1777378841,0.62,9.0,no,"{""count_fp"":""9.00"",""created_time"":""2026-04-28T12:20:41.948448Z"",""no_price_dollars"":""0.3800"",""taker_side"":""no"",""ticker"":""KXETH15M-26APR280830-30"",""trade_id"":""b6e049b7-43ff-77c1-5d66-a7319aedd73f"",""yes_price_dollars"":""0.6200""}"
KXETH15M-26APR280830-30,a9c8d870-dbfb-694b-7529-1062609a4724,1777378841,0.75,62.0,yes,"{""count_fp"":""62.00"",""created_time"":""2026-04-28T12:20:41.126185Z"",""no_price_dollars"":""0.2500"",""taker_side"":""yes"",""ticker"":""KXETH15M-26APR280830-30"",""trade_id"":""a9c8d870-dbfb-694b-7529-1062609a4724"",""yes_price_dollars"":""0.7500""}"
KXETH15M-26APR280830-30,5f1860b9-4268-43bf-27ab-f57acf092728,1777378842,0.59,10.33,no,"{""count_fp"":""10.33"",""created_time"":""2026-04-28T12:20:42.240326Z"",""no_price_dollars"":""0.4100"",""taker_side"":""no"",""ticker"":""KXETH15M-26APR280830-30"",""trade_id"":""5f1860b9-4268-43bf-27ab-f57acf092728"",""yes_price_dollars"":""0.5900""}"
KXETH15M-26APR280830-30,0d722bcc-39ce-64b0-ca12-08c930bd91a6,1777378843,0.56,10.0,no,"{""count_fp"":""10.00"",""created_time"":""2026-04-28T12:20:43.418902Z"",""no_price_dollars"":""0.4400"",""taker_side"":""no"",""ticker"":""KXETH15M-26APR280830-30"",""trade_id"":""0d722bcc-39ce-64b0-ca12-08c930bd91a6"",""yes_price_dollars"":""0.5600""}"
KXETH15M-26APR280830-30,d2d90984-9f99-597f-abbb-314266337799,1777378843,0.57,100.0,no,"{""count_fp"":""100.00"",""created_time"":""2026-04-28T12:20:43.092488Z"",""no_price_dollars"":""0.4300"",""taker_side"":""no"",""ticker"":""KXETH15M-26APR280830-30"",""trade_id"":""d2d90984-9f99-597f-abbb-314266337799"",""yes_price_dollars"":""0.5700""}"
KXETH15M-26APR280830-30,63b52b4c-eef1-5abd-8056-2fc8d2ef8462,1777378843,0.58,1.0,no,"{""count_fp"":""1.00"",""created_time"":""2026-04-28T12:20:43.092488Z"",""no_price_dollars"":""0.4200"",""taker_side"":""no"",""ticker"":""KXETH15M-26APR280830-30"",""trade_id"":""63b52b4c-eef1-5abd-8056-2fc8d2ef8462"",""yes_price_dollars"":""0.5800""}"
KXETH15M-26APR280830-30,5ba1ed77-8d13-5246-b091-94a137313af3,1777378843,0.56,40.0,no,"{""count_fp"":""40.00"",""created_time"":""2026-04-28T12:20:43.092488Z"",""no_price_dollars"":""0.4400"",""taker_side"":""no"",""ticker"":""KXETH15M-26APR280830-30"",""trade_id"":""5ba1ed77-8d13-5246-b091-94a137313af3"",""yes_price_dollars"":""0.5600""}"
KXETH15M-26APR280830-30,89a09bba-5b5b-532f-a439-77befc16cb78,1777378843,0.67,1.0,yes,"{""count_fp"":""1.00"",""created_time"":""2026-04-28T12:20:43.045728Z"",""no_price_dollars"":""0.3300"",""taker_side"":""yes"",""ticker"":""KXETH15M-26APR280830-30"",""trade_id"":""89a09bba-5b5b-532f-a439-77befc16cb78"",""yes_price_dollars"":""0.6700""}"
KXETH15M-26APR280830-30,ad45efe5-ca42-69cd-bc80-41b8c60595f8,1777378844,0.54,33.0,no,"{""count_fp"":""33.00"",""created_time"":""2026-04-28T12:20:44.584632Z"",""no_price_dollars"":""0.4600"",""taker_side"":""no"",""ticker"":""KXETH15M-26APR280830-30"",""trade_id"":""ad45efe5-ca42-69cd-bc80-41b8c60595f8"",""yes_price_dollars"":""0.5400""}"
KXETH15M-26APR280830-30,8010fe92-123a-68fb-8d27-4ad79ca79cdb,1777378844,0.54,30.0,no,"{""count_fp"":""30.00"",""created_time"":""2026-04-28T12:20:44.584632Z"",""no_price_dollars"":""0.4600"",""taker_side"":""no"",""ticker"":""KXETH15M-26APR280830-30"",""trade_id"":""8010fe92-123a-68fb-8d27-4ad79ca79cdb"",""yes_price_dollars"":""0.5400""}"
KXETH15M-26APR280830-30,851d19d6-a275-6146-f67c-320f0dcf3130,1777378844,0.62,1.31,yes,"{""count_fp"":""1.31"",""created_time"":""2026-04-28T12:20:44.392626Z"",""no_price_dollars"":""0.3800"",""taker_side"":""yes"",""ticker"":""KXETH15M-26APR280830-30"",""trade_id"":""851d19d6-a275-6146-f67c-320f0dcf3130"",""yes_price_dollars"":""0.6200""}"
KXETH15M-26APR280830-30,621d9165-02da-5272-eaa4-d4f9cfbfeca5,1777378845,0.62,1.0,yes,"{""count_fp"":""1.00"",""created_time"":""2026-04-28T12:20:45.454822Z"",""no_price_dollars"":""0.3800"",""taker_side"":""yes"",""ticker"":""KXETH15M-26APR280830-30"",""trade_id"":""621d9165-02da-5272-eaa4-d4f9cfbfeca5"",""yes_price_dollars"":""0.6200""}"
KXETH15M-26APR280830-30,2939cb6d-b3ca-656e-04f3-688859e1a8ef,1777378849,0.64,3.0,yes,"{""count_fp"":""3.00"",""created_time"":""2026-04-28T12:20:49.811277Z"",""no_price_dollars"":""0.3600"",""taker_side"":""yes"",""ticker"":""KXETH15M-26APR280830-30"",""trade_id"":""2939cb6d-b3ca-656e-04f3-688859e1a8ef"",""yes_price_dollars"":""0.6400""}"
KXETH15M-26APR280830-30,65bb401e-67b7-4bac-eeb0-8512bc5bb210,1777378850,0.58,10.0,no,"{""count_fp"":""10.00"",""created_time"":""2026-04-28T12:20:50.932943Z"",""no_price_dollars"":""0.4200"",""taker_side"":""no"",""ticker"":""KXETH15M-26APR280830-30"",""trade_id"":""65bb401e-67b7-4bac-eeb0-8512bc5bb210"",""yes_price_dollars"":""0.5800""}"
KXETH15M-26APR280830-30,bda6c1c3-b70a-423e-668a-273b133e7c89,1777378854,0.57,10.0,yes,"{""count_fp"":""10.00"",""created_time"":""2026-04-28T12:20:54.943322Z"",""no_price_dollars"":""0.4300"",""taker_side"":""yes"",""ticker"":""KXETH15M-26APR280830-30"",""trade_id"":""bda6c1c3-b70a-423e-668a-273b133e7c89"",""yes_price_dollars"":""0.5700""}"
KXETH15M-26APR280830-30,586379a8-4582-4740-605c-9ea336383024,1777378854,0.58,4.0,yes,"{""count_fp"":""4.00"",""created_time"":""2026-04-28T12:20:54.943322Z"",""no_price_dollars"":""0.4200"",""taker_side"":""yes"",""ticker"":""KXETH15M-26APR280830-30"",""trade_id"":""586379a8-4582-4740-605c-9ea336383024"",""yes_price_dollars"":""0.5800""}"
KXETH15M-26APR280830-30,54246e20-5cea-59a1-a2e4-059c5f3faf39,1777378855,0.51,91.0,no,"{""count_fp"":""91.00"",""created_time"":""2026-04-28T12:20:55.699936Z"",""no_price_dollars"":""0.4900"",""taker_side"":""no"",""ticker"":""KXETH15M-26APR280830-30"",""trade_id"":""54246e20-5cea-59a1-a2e4-059c5f3faf39"",""yes_price_dollars"":""0.5100""}"
KXETH15M-26APR280830-30,73466780-7456-4275-5572-6475006e93dd,1777378855,0.51,9.0,no,"{""count_fp"":""9.00"",""created_time"":""2026-04-28T12:20:55.679274Z"",""no_price_dollars"":""0.4900"",""taker_side"":""no"",""ticker"":""KXETH15M-26APR280830-30"",""trade_id"":""73466780-7456-4275-5572-6475006e93dd"",""yes_price_dollars"":""0.5100""}"
KXETH15M-26APR280830-30,d3d65b6e-1fba-4154-fd7e-ffc7d46bba5d,1777378861,0.47,10.0,no,"{""count_fp"":""10.00"",""created_time"":""2026-04-28T12:21:01.972508Z"",""no_price_dollars"":""0.5300"",""taker_side"":""no"",""ticker"":""KXETH15M-26APR280830-30"",""trade_id"":""d3d65b6e-1fba-4154-fd7e-ffc7d46bba5d"",""yes_price_dollars"":""0.4700""}"
KXETH15M-26APR280830-30,5510ab88-2f95-41ac-f39e-e519a9889232,1777378861,0.47,10.0,no,"{""count_fp"":""10.00"",""created_time"":""2026-04-28T12:21:01.972508Z"",""no_price_dollars"":""0.5300"",""taker_side"":""no"",""ticker"":""KXETH15M-26APR280830-30"",""trade_id"":""5510ab88-2f95-41ac-f39e-e519a9889232"",""yes_price_dollars"":""0.4700""}"
KXETH15M-26APR280830-30,ab017499-2bc6-623d-d0c7-cec61a9a1a69,1777378863,0.44,100.0,no,"{""count_fp"":""100.00"",""created_time"":""2026-04-28T12:21:03.845529Z"",""no_price_dollars"":""0.5600"",""taker_side"":""no"",""ticker"":""KXETH15M-26APR280830-30"",""trade_id"":""ab017499-2bc6-623d-d0c7-cec61a9a1a69"",""yes_price_dollars"":""0.4400""}"
KXETH15M-26APR280830-30,6aaee5bf-eb2c-7146-d085-78f27f076bca,1777378864,0.39,50.0,no,"{""count_fp"":""50.00"",""created_time"":""2026-04-28T12:21:04.731065Z"",""no_price_dollars"":""0.6100"",""taker_side"":""no"",""ticker"":""KXETH15M-26APR280830-30"",""trade_id"":""6aaee5bf-eb2c-7146-d085-78f27f076bca"",""yes_price_dollars"":""0.3900""}"
KXETH15M-26APR280830-30,2ca2a946-584f-7f17-fb72-41bf1886ffac,1777378864,0.39,60.0,no,"{""count_fp"":""60.00"",""created_time"":""2026-04-28T12:21:04.731065Z"",""no_price_dollars"":""0.6100"",""taker_side"":""no"",""ticker"":""KXETH15M-26APR280830-30"",""trade_id"":""2ca2a946-584f-7f17-fb72-41bf1886ffac"",""yes_price_dollars"":""0.3900""}"
KXETH15M-26APR280830-30,026d4da4-f7e9-608f-bae4-5221b0f4df2f,1777378864,0.42,10.0,no,"{""count_fp"":""10.00"",""created_time"":""2026-04-28T12:21:04.625652Z"",""no_price_dollars"":""0.5800"",""taker_side"":""no"",""ticker"":""KXETH15M-26APR280830-30"",""trade_id"":""026d4da4-f7e9-608f-bae4-5221b0f4df2f"",""yes_price_dollars"":""0.4200""}"
KXETH15M-26APR280830-30,93c6f864-ea36-7a7d-f490-155770a380e0,1777378864,0.42,10.0,no,"{""count_fp"":""10.00"",""created_time"":""2026-04-28T12:21:04.521154Z"",""no_price_dollars"":""0.5800"",""taker_side"":""no"",""ticker"":""KXETH15M-26APR280830-30"",""trade_id"":""93c6f864-ea36-7a7d-f490-155770a380e0"",""yes_price_dollars"":""0.4200""}"
KXETH15M-26APR280830-30,a8e1af28-5cbb-7be2-e1a8-bf41eb45050a,1777378864,0.42,10.0,no,"{""count_fp"":""10.00"",""created_time"":""2026-04-28T12:21:04.506074Z"",""no_price_dollars"":""0.5800"",""taker_side"":""no"",""ticker"":""KXETH15M-26APR280830-30"",""trade_id"":""a8e1af28-5cbb-7be2-e1a8-bf41eb45050a"",""yes_price_dollars"":""0.4200""}"
KXETH15M-26APR280830-30,49fe2656-7282-7c29-df5b-fadbc9232920,1777378864,0.42,10.0,no,"{""count_fp"":""10.00"",""created_time"":""2026-04-28T12:21:04.506074Z"",""no_price_dollars"":""0.5800"",""taker_side"":""no"",""ticker"":""KXETH15M-26APR280830-30"",""trade_id"":""49fe2656-7282-7c29-df5b-fadbc9232920"",""yes_price_dollars"":""0.4200""}"
KXETH15M-26APR280830-30,c77580af-8556-4531-85f5-f1f9d2199e10,1777378867,0.48,22.99,no,"{""count_fp"":""22.99"",""created_time"":""2026-04-28T12:21:07.232512Z"",""no_price_dollars"":""0.5200"",""taker_side"":""no"",""ticker"":""KXETH15M-26APR280830-30"",""trade_id"":""c77580af-8556-4531-85f5-f1f9d2199e10"",""yes_price_dollars"":""0.4800""}"
KXETH15M-26APR280830-30,b0be8aa8-8f24-4da4-ce5a-815a83bf5def,1777378871,0.55,10.0,no,"{""count_fp"":""10.00"",""created_time"":""2026-04-28T12:21:11.929158Z"",""no_price_dollars"":""0.4500"",""taker_side"":""no"",""ticker"":""KXETH15M-26APR280830-30"",""trade_id"":""b0be8aa8-8f24-4da4-ce5a-815a83bf5def"",""yes_price_dollars"":""0.5500""}"
KXETH15M-26APR280830-30,78d01275-4bae-4979-f534-bdaced777b54,1777378871,0.55,22.0,no,"{""count_fp"":""22.00"",""created_time"":""2026-04-28T12:21:11.929158Z"",""no_price_dollars"":""0.4500"",""taker_side"":""no"",""ticker"":""KXETH15M-26APR280830-30"",""trade_id"":""78d01275-4bae-4979-f534-bdaced777b54"",""yes_price_dollars"":""0.5500""}"
KXETH15M-26APR280830-30,ffc1d922-1b86-7d09-5266-c715d1a9e084,1777378877,0.58,21.56,no,"{""count_fp"":""21.56"",""created_time"":""2026-04-28T12:21:17.163533Z"",""no_price_dollars"":""0.4200"",""taker_side"":""no"",""ticker"":""KXETH15M-26APR280830-30"",""trade_id"":""ffc1d922-1b86-7d09-5266-c715d1a9e084"",""yes_price_dollars"":""0.5800""}"
KXETH15M-26APR280830-30,f3e5f920-3712-7770-5e8e-1534f19b4e29,1777378877,0.58,1.0,no,"{""count_fp"":""1.00"",""created_time"":""2026-04-28T12:21:17.163533Z"",""no_price_dollars"":""0.4200"",""taker_side"":""no"",""ticker"":""KXETH15M-26APR280830-30"",""trade_id"":""f3e5f920-3712-7770-5e8e-1534f19b4e29"",""yes_price_dollars"":""0.5800""}"
KXETH15M-26APR280830-30,256fb85f-41fc-6f0d-8309-21c386e8866b,1777378881,0.58,5.45,no,"{""count_fp"":""5.45"",""created_time"":""2026-04-28T12:21:21.440526Z"",""no_price_dollars"":""0.4200"",""taker_side"":""no"",""ticker"":""KXETH15M-26APR280830-30"",""trade_id"":""256fb85f-41fc-6f0d-8309-21c386e8866b"",""yes_price_dollars"":""0.5800""}"
KXETH15M-26APR280830-30,69d30207-aab4-7c76-0479-0ec234449127,1777378883,0.6,1.0,yes,"{""count_fp"":""1.00"",""created_time"":""2026-04-28T12:21:23.127619Z"",""no_price_dollars"":""0.4000"",""taker_side"":""yes"",""ticker"":""KXETH15M-26APR280830-30"",""trade_id"":""69d30207-aab4-7c76-0479-0ec234449127"",""yes_price_dollars"":""0.6000""}"
KXETH15M-26APR280830-30,feb4fa6d-575a-6c80-ace4-e844ce0d612d,1777378885,0.64,0.14,yes,"{""count_fp"":""0.14"",""created_time"":""2026-04-28T12:21:25.093982Z"",""no_price_dollars"":""0.3600"",""taker_side"":""yes"",""ticker"":""KXETH15M-26APR280830-30"",""trade_id"":""feb4fa6d-575a-6c80-ace4-e844ce0d612d"",""yes_price_dollars"":""0.6400""}"
KXETH15M-26APR280830-30,9de704de-e3f2-6614-9f32-3b6f7c1b6fed,1777378892,0.59,10.0,yes,"{""count_fp"":""10.00"",""created_time"":""2026-04-28T12:21:32.555556Z"",""no_price_dollars"":""0.4100"",""taker_side"":""yes"",""ticker"":""KXETH15M-26APR280830-30"",""trade_id"":""9de704de-e3f2-6614-9f32-3b6f7c1b6fed"",""yes_price_dollars"":""0.5900""}"
KXETH15M-26APR280830-30,81a93047-42f5-6253-9adf-adf706279815,1777378892,0.59,9.75,yes,"{""count_fp"":""9.75"",""created_time"":""2026-04-28T12:21:32.555556Z"",""no_price_dollars"":""0.4100"",""taker_side"":""yes"",""ticker"":""KXETH15M-26APR280830-30"",""trade_id"":""81a93047-42f5-6253-9adf-adf706279815"",""yes_price_dollars"":""0.5900""}"
KXETH15M-26APR280830-30,6f2bb723-7c67-6377-b2c6-b25c6a1ee5cb,1777378892,0.59,7.37,yes,"{""count_fp"":""7.37"",""created_time"":""2026-04-28T12:21:32.555556Z"",""no_price_dollars"":""0.4100"",""taker_side"":""yes"",""ticker"":""KXETH15M-26APR280830-30"",""trade_id"":""6f2bb723-7c67-6377-b2c6-b25c6a1ee5cb"",""yes_price_dollars"":""0.5900""}"
KXETH15M-26APR280830-30,2c7d1e12-b4db-7406-18e8-cdbe9e87f960,1777378897,0.55,10.0,yes,"{""count_fp"":""10.00"",""created_time"":""2026-04-28T12:21:37.964436Z"",""no_price_dollars"":""0.4500"",""taker_side"":""yes"",""ticker"":""KXETH15M-26APR280830-30"",""trade_id"":""2c7d1e12-b4db-7406-18e8-cdbe9e87f960"",""yes_price_dollars"":""0.5500""}"
KXETH15M-26APR280830-30,7bd00c3f-841b-54b8-935a-e7a5805c241e,1777378914,0.51,7.58,no,"{""count_fp"":""7.58"",""created_time"":""2026-04-28T12:21:54.296136Z"",""no_price_dollars"":""0.4900"",""taker_side"":""no"",""ticker"":""KXETH15M-26APR280830-30"",""trade_id"":""7bd00c3f-841b-54b8-935a-e7a5805c241e"",""yes_price_dollars"":""0.5100""}"
KXETH15M-26APR280830-30,84130bda-6387-44ae-2a3e-32295d197137,1777378916,0.47,10.0,no,"{""count_fp"":""10.00"",""created_time"":""2026-04-28T12:21:56.221478Z"",""no_price_dollars"":""0.5300"",""taker_side"":""no"",""ticker"":""KXETH15M-26APR280830-30"",""trade_id"":""84130bda-6387-44ae-2a3e-32295d197137"",""yes_price_dollars"":""0.4700""}"
KXETH15M-26APR280830-30,5c95a8c0-e90c-4d28-12f7-58f1cdd468c1,1777378916,0.47,9.0,no,"{""count_fp"":""9.00"",""created_time"":""2026-04-28T12:21:56.221478Z"",""no_price_dollars"":""0.5300"",""taker_side"":""no"",""ticker"":""KXETH15M-26APR280830-30"",""trade_id"":""5c95a8c0-e90c-4d28-12f7-58f1cdd468c1"",""yes_price_dollars"":""0.4700""}"
KXETH15M-26APR280830-30,fb42db7b-a880-6811-9bc8-a6f3dbc3cded,1777378916,0.53,8.18,yes,"{""count_fp"":""8.18"",""created_time"":""2026-04-28T12:21:56.025652Z"",""no_price_dollars"":""0.4700"",""taker_side"":""yes"",""ticker"":""KXETH15M-26APR280830-30"",""trade_id"":""fb42db7b-a880-6811-9bc8-a6f3dbc3cded"",""yes_price_dollars"":""0.5300""}"
KXETH15M-26APR280830-30,11bf29d3-1db5-5bfa-7436-f2ae8093672c,1777378917,0.47,1.0,no,"{""count_fp"":""1.00"",""created_time"":""2026-04-28T12:21:57.679831Z"",""no_price_dollars"":""0.5300"",""taker_side"":""no"",""ticker"":""KXETH15M-26APR280830-30"",""trade_id"":""11bf29d3-1db5-5bfa-7436-f2ae8093672c"",""yes_price_dollars"":""0.4700""}"
KXETH15M-26APR280830-30,b961913e-14e1-58d6-bcff-6e25b74df9a0,1777378918,0.47,10.0,no,"{""count_fp"":""10.00"",""created_time"":""2026-04-28T12:21:58.134387Z"",""no_price_dollars"":""0.5300"",""taker_side"":""no"",""ticker"":""KXETH15M-26APR280830-30"",""trade_id"":""b961913e-14e1-58d6-bcff-6e25b74df9a0"",""yes_price_dollars"":""0.4700""}"
KXETH15M-26APR280830-30,4c25e58b-eed6-5f59-b4d2-593a6544a010,1777378918,0.47,98.0,no,"{""count_fp"":""98.00"",""created_time"":""2026-04-28T12:21:58.134387Z"",""no_price_dollars"":""0.5300"",""taker_side"":""no"",""ticker"":""KXETH15M-26APR280830-30"",""trade_id"":""4c25e58b-eed6-5f59-b4d2-593a6544a010"",""yes_price_dollars"":""0.4700""}"
KXETH15M-26APR280830-30,b5470021-0cea-4ef0-835c-e42b82e716a1,1777378919,0.44,100.0,no,"{""count_fp"":""100.00"",""created_time"":""2026-04-28T12:21:59.872746Z"",""no_price_dollars"":""0.5600"",""taker_side"":""no"",""ticker"":""KXETH15M-26APR280830-30"",""trade_id"":""b5470021-0cea-4ef0-835c-e42b82e716a1"",""yes_price_dollars"":""0.4400""}"
KXETH15M-26APR280830-30,1c2507fa-c709-4e17-98eb-27eea2b5295c,1777378919,0.44,1.0,no,"{""count_fp"":""1.00"",""created_time"":""2026-04-28T12:21:59.872746Z"",""no_price_dollars"":""0.5600"",""taker_side"":""no"",""ticker"":""KXETH15M-26APR280830-30"",""trade_id"":""1c2507fa-c709-4e17-98eb-27eea2b5295c"",""yes_price_dollars"":""0.4400""}"
KXETH15M-26APR280830-30,93743d12-1501-4327-35c3-72bbb6ef8de4,1777378919,0.46,9.0,no,"{""count_fp"":""9.00"",""created_time"":""2026-04-28T12:21:59.716292Z"",""no_price_dollars"":""0.5400"",""taker_side"":""no"",""ticker"":""KXETH15M-26APR280830-30"",""trade_id"":""93743d12-1501-4327-35c3-72bbb6ef8de4"",""yes_price_dollars"":""0.4600""}"
KXETH15M-26APR280830-30,fb7798ae-8f18-54ae-a9fd-4508d0fd6b48,1777378920,0.4,9.0,no,"{""count_fp"":""9.00"",""created_time"":""2026-04-28T12:22:00.871252Z"",""no_price_dollars"":""0.6000"",""taker_side"":""no"",""ticker"":""KXETH15M-26APR280830-30"",""trade_id"":""fb7798ae-8f18-54ae-a9fd-4508d0fd6b48"",""yes_price_dollars"":""0.4000""}"
KXETH15M-26APR280830-30,d97d33c6-ecda-61a1-d5b8-03165be65a39,1777378920,0.41,9.0,no,"{""count_fp"":""9.00"",""created_time"":""2026-04-28T12:22:00.852179Z"",""no_price_dollars"":""0.5900"",""taker_side"":""no"",""ticker"":""KXETH15M-26APR280830-30"",""trade_id"":""d97d33c6-ecda-61a1-d5b8-03165be65a39"",""yes_price_dollars"":""0.4100""}"
KXETH15M-26APR280830-30,9f822cd2-29f0-606e-d2e1-abebe834b640,1777378920,0.4,91.0,no,"{""count_fp"":""91.00"",""created_time"":""2026-04-28T12:22:00.852179Z"",""no_price_dollars"":""0.6000"",""taker_side"":""no"",""ticker"":""KXETH15M-26APR280830-30"",""trade_id"":""9f822cd2-29f0-606e-d2e1-abebe834b640"",""yes_price_dollars"":""0.4000""}"
KXETH15M-26APR280830-30,945fcd22-e9cd-6bc5-d4a3-69d67cce2f25,1777378920,0.4,10.0,no,"{""count_fp"":""10.00"",""created_time"":""2026-04-28T12:22:00.852179Z"",""no_price_dollars"":""0.6000"",""taker_side"":""no"",""ticker"":""KXETH15M-26APR280830-30"",""trade_id"":""945fcd22-e9cd-6bc5-d4a3-69d67cce2f25"",""yes_price_dollars"":""0.4000""}"
KXETH15M-26APR280830-30,34de9736-0c81-63b6-83b1-358111c8f836,1777378921,0.27,30.0,no,"{""count_fp"":""30.00"",""created_time"":""2026-04-28T12:22:01.632993Z"",""no_price_dollars"":""0.7300"",""taker_side"":""no"",""ticker"":""KXETH15M-26APR280830-30"",""trade_id"":""34de9736-0c81-63b6-83b1-358111c8f836"",""yes_price_dollars"":""0.2700""}"
KXETH15M-26APR280830-30,0f951190-7d49-5093-58e9-8abb81a157a4,1777378921,0.27,60.0,no,"{""count_fp"":""60.00"",""created_time"":""2026-04-28T12:22:01.616619Z"",""no_price_dollars"":""0.7300"",""taker_side"":""no"",""ticker"":""KXETH15M-26APR280830-30"",""trade_id"":""0f951190-7d49-5093-58e9-8abb81a157a4"",""yes_price_dollars"":""0.2700""}"
KXETH15M-26APR280830-30,f9cebcb9-81f5-53b6-a87b-16501b421656,1777378921,0.28,70.0,no,"{""count_fp"":""70.00"",""created_time"":""2026-04-28T12:22:01.601018Z"",""no_price_dollars"":""0.7200"",""taker_side"":""no"",""ticker"":""KXETH15M-26APR280830-30"",""trade_id"":""f9cebcb9-81f5-53b6-a87b-16501b421656"",""yes_price_dollars"":""0.2800""}"
KXETH15M-26APR280830-30,98f2a9b2-0aa7-7655-0b78-fe52bd53e545,1777378921,0.28,83.0,no,"{""count_fp"":""83.00"",""created_time"":""2026-04-28T12:22:01.529094Z"",""no_price_dollars"":""0.7200"",""taker_side"":""no"",""ticker"":""KXETH15M-26APR280830-30"",""trade_id"":""98f2a9b2-0aa7-7655-0b78-fe52bd53e545"",""yes_price_dollars"":""0.2800""}"
KXETH15M-26APR280830-30,f487b3a1-61ec-5bff-f2cc-43969259bab6,1777378921,0.32,21.0,no,"{""count_fp"":""21.00"",""created_time"":""2026-04-28T12:22:01.512758Z"",""no_price_dollars"":""0.6800"",""taker_side"":""no"",""ticker"":""KXETH15M-26APR280830-30"",""trade_id"":""f487b3a1-61ec-5bff-f2cc-43969259bab6"",""yes_price_dollars"":""0.3200""}"
KXETH15M-26APR280830-30,cd88a482-2b8c-5633-66c9-1bb1cc3ffc0e,1777378921,0.32,29.0,no,"{""count_fp"":""29.00"",""created_time"":""2026-04-28T12:22:01.459456Z"",""no_price_dollars"":""0.6800"",""taker_side"":""no"",""ticker"":""KXETH15M-26APR280830-30"",""trade_id"":""cd88a482-2b8c-5633-66c9-1bb1cc3ffc0e"",""yes_price_dollars"":""0.3200""}"
KXETH15M-26APR280830-30,669fd511-b071-7309-0020-d2e3cc66214a,1777378921,0.31,8.7,no,"{""count_fp"":""8.70"",""created_time"":""2026-04-28T12:22:01.438266Z"",""no_price_dollars"":""0.6900"",""taker_side"":""no"",""ticker"":""KXETH15M-26APR280830-30"",""trade_id"":""669fd511-b071-7309-0020-d2e3cc66214a"",""yes_price_dollars"":""0.3100""}"
KXETH15M-26APR280830-30,d7c3a8c1-91d7-41dc-0664-91404c85be9a,1777378921,0.3,104.0,no,"{""count_fp"":""104.00"",""created_time"":""2026-04-28T12:22:01.407222Z"",""no_price_dollars"":""0.7000"",""taker_side"":""no"",""ticker"":""KXETH15M-26APR280830-30"",""trade_id"":""d7c3a8c1-91d7-41dc-0664-91404c85be9a"",""yes_price_dollars"":""0.3000""}"
KXETH15M-26APR280830-30,dcf66c51-b072-7862-eafb-fc8efcb3391c,1777378921,0.31,50.31,no,"{""count_fp"":""50.31"",""created_time"":""2026-04-28T12:22:01.394957Z"",""no_price_dollars"":""0.6900"",""taker_side"":""no"",""ticker"":""KXETH15M-26APR280830-30"",""trade_id"":""dcf66c51-b072-7862-eafb-fc8efcb3391c"",""yes_price_dollars"":""0.3100""}"
KXETH15M-26APR280830-30,4727e793-b980-4db9-d583-921a232d6cef,1777378921,0.31,54.55,no,"{""count_fp"":""54.55"",""created_time"":""2026-04-28T12:22:01.368249Z"",""no_price_dollars"":""0.6900"",""taker_side"":""no"",""ticker"":""KXETH15M-26APR280830-30"",""trade_id"":""4727e793-b980-4db9-d583-921a232d6cef"",""yes_price_dollars"":""0.3100""}"
KXETH15M-26APR280830-30,64b6ce05-aa02-6ce9-3856-6d250e5a1069,1777378921,0.32,100.0,no,"{""count_fp"":""100.00"",""created_time"":""2026-04-28T12:22:01.338416Z"",""no_price_dollars"":""0.6800"",""taker_side"":""no"",""ticker"":""KXETH15M-26APR280830-30"",""trade_id"":""64b6ce05-aa02-6ce9-3856-6d250e5a1069"",""yes_price_dollars"":""0.3200""}"
KXETH15M-26APR280830-30,31e97543-35cd-6239-1905-42e7790818ba,1777378921,0.32,100.0,no,"{""count_fp"":""100.00"",""created_time"":""2026-04-28T12:22:01.338416Z"",""no_price_dollars"":""0.6800"",""taker_side"":""no"",""ticker"":""KXETH15M-26APR280830-30"",""trade_id"":""31e97543-35cd-6239-1905-42e7790818ba"",""yes_price_dollars"":""0.3200""}"
KXETH15M-26APR280830-30,9cfac93c-4504-4194-6f1a-adb3551f2ec4,1777378922,0.24,2.0,no,"{""count_fp"":""2.00"",""created_time"":""2026-04-28T12:22:02.330503Z"",""no_price_dollars"":""0.7600"",""taker_side"":""no"",""ticker"":""KXETH15M-26APR280830-30"",""trade_id"":""9cfac93c-4504-4194-6f1a-adb3551f2ec4"",""yes_price_dollars"":""0.2400""}"
KXETH15M-26APR280830-30,9ce1671d-6fee-4f60-66ad-31b94df09880,1777378922,0.24,10.0,no,"{""count_fp"":""10.00"",""created_time"":""2026-04-28T12:22:02.330503Z"",""no_price_dollars"":""0.7600"",""taker_side"":""no"",""ticker"":""KXETH15M-26APR280830-30"",""trade_id"":""9ce1671d-6fee-4f60-66ad-31b94df09880"",""yes_price_dollars"":""0.2400""}"
KXETH15M-26APR280830-30,998e9adb-c46e-632f-8d00-eab23cc13afd,1777378923,0.36,20.0,yes,"{""count_fp"":""20.00"",""created_time"":""2026-04-28T12:22:03.934635Z"",""no_price_dollars"":""0.6400"",""taker_side"":""yes"",""ticker"":""KXETH15M-26APR280830-30"",""trade_id"":""998e9adb-c46e-632f-8d00-eab23cc13afd"",""yes_price_dollars"":""0.3600""}"
KXETH15M-26APR280830-30,440818f1-10ad-6ed9-8688-46a2e051a54e,1777378923,0.35,60.0,yes,"{""count_fp"":""60.00"",""created_time"":""2026-04-28T12:22:03.934635Z"",""no_price_dollars"":""0.6500"",""taker_side"":""yes"",""ticker"":""KXETH15M-26APR280830-30"",""trade_id"":""440818f1-10ad-6ed9-8688-46a2e051a54e"",""yes_price_dollars"":""0.3500""}"
KXETH15M-26APR280830-30,3adca534-7f70-61e5-a9d6-e1930df76435,1777378923,0.33,10.0,yes,"{""count_fp"":""10.00"",""created_time"":""2026-04-28T12:22:03.934635Z"",""no_price_dollars"":""0.6700"",""taker_side"":""yes"",""ticker"":""KXETH15M-26APR280830-30"",""trade_id"":""3adca534-7f70-61e5-a9d6-e1930df76435"",""yes_price_dollars"":""0.3300""}"
KXETH15M-26APR280830-30,264f1349-b6d5-69a8-984a-e7132073faf1,1777378923,0.33,10.0,yes,"{""count_fp"":""10.00"",""created_time"":""2026-04-28T12:22:03.934635Z"",""no_price_dollars"":""0.6700"",""taker_side"":""yes"",""ticker"":""KXETH15M-26APR280830-30"",""trade_id"":""264f1349-b6d5-69a8-984a-e7132073faf1"",""yes_price_dollars"":""0.3300""}"
KXETH15M-26APR280830-30,94d15e0a-d829-538f-ab59-277c2c0d288c,1777378926,0.28,10.0,yes,"{""count_fp"":""10.00"",""created_time"":""2026-04-28T12:22:06.813018Z"",""no_price_dollars"":""0.7200"",""taker_side"":""yes"",""ticker"":""KXETH15M-26APR280830-30"",""trade_id"":""94d15e0a-d829-538f-ab59-277c2c0d288c"",""yes_price_dollars"":""0.2800""}"
