ticker,trade_id,ts,yes_price,count,taker_side,raw_json
KXETH15M-26APR280500-00,10f7cc35-b116-611a-0357-b9d2a1e46715,1777365922,0.37,15.22,no,"{""count_fp"":""15.22"",""created_time"":""2026-04-28T08:45:22.805881Z"",""no_price_dollars"":""0.6300"",""taker_side"":""no"",""ticker"":""KXETH15M-26APR280500-00"",""trade_id"":""10f7cc35-b116-611a-0357-b9d2a1e46715"",""yes_price_dollars"":""0.3700""}"
KXETH15M-26APR280500-00,d903f19f-2404-6089-5259-72c2b945b3d9,1777365922,0.39,1.0,no,"{""count_fp"":""1.00"",""created_time"":""2026-04-28T08:45:22.149372Z"",""no_price_dollars"":""0.6100"",""taker_side"":""no"",""ticker"":""KXETH15M-26APR280500-00"",""trade_id"":""d903f19f-2404-6089-5259-72c2b945b3d9"",""yes_price_dollars"":""0.3900""}"
KXETH15M-26APR280500-00,634ef0a5-01c4-69f9-4074-2a29cd750af9,1777365922,0.38,4.0,no,"{""count_fp"":""4.00"",""created_time"":""2026-04-28T08:45:22.149372Z"",""no_price_dollars"":""0.6200"",""taker_side"":""no"",""ticker"":""KXETH15M-26APR280500-00"",""trade_id"":""634ef0a5-01c4-69f9-4074-2a29cd750af9"",""yes_price_dollars"":""0.3800""}"
KXETH15M-26APR280500-00,b855b0dc-9a43-62eb-2328-87701d95ef74,1777365924,0.39,1.0,no,"{""count_fp"":""1.00"",""created_time"":""2026-04-28T08:45:24.652681Z"",""no_price_dollars"":""0.6100"",""taker_side"":""no"",""ticker"":""KXETH15M-26APR280500-00"",""trade_id"":""b855b0dc-9a43-62eb-2328-87701d95ef74"",""yes_price_dollars"":""0.3900""}"
KXETH15M-26APR280500-00,da1d94f8-f514-5305-28aa-4373d14e0efd,1777365925,0.37,5.0,no,"{""count_fp"":""5.00"",""created_time"":""2026-04-28T08:45:25.784026Z"",""no_price_dollars"":""0.6300"",""taker_side"":""no"",""ticker"":""KXETH15M-26APR280500-00"",""trade_id"":""da1d94f8-f514-5305-28aa-4373d14e0efd"",""yes_price_dollars"":""0.3700""}"
KXETH15M-26APR280500-00,43ebfb11-aad0-6839-6a82-a002877a3668,1777365927,0.38,4.0,yes,"{""count_fp"":""4.00"",""created_time"":""2026-04-28T08:45:27.025162Z"",""no_price_dollars"":""0.6200"",""taker_side"":""yes"",""ticker"":""KXETH15M-26APR280500-00"",""trade_id"":""43ebfb11-aad0-6839-6a82-a002877a3668"",""yes_price_dollars"":""0.3800""}"
KXETH15M-26APR280500-00,9cd542da-12ac-4723-7ab9-2a4b2e7cfd4e,1777365941,0.43,6.29,yes,"{""count_fp"":""6.29"",""created_time"":""2026-04-28T08:45:41.002323Z"",""no_price_dollars"":""0.5700"",""taker_side"":""yes"",""ticker"":""KXETH15M-26APR280500-00"",""trade_id"":""9cd542da-12ac-4723-7ab9-2a4b2e7cfd4e"",""yes_price_dollars"":""0.4300""}"
KXETH15M-26APR280500-00,656eeae6-95a5-494d-85d3-0f13ac2122f0,1777365942,0.45,1.0,yes,"{""count_fp"":""1.00"",""created_time"":""2026-04-28T08:45:42.387638Z"",""no_price_dollars"":""0.5500"",""taker_side"":""yes"",""ticker"":""KXETH15M-26APR280500-00"",""trade_id"":""656eeae6-95a5-494d-85d3-0f13ac2122f0"",""yes_price_dollars"":""0.4500""}"
KXETH15M-26APR280500-00,336fcd78-6829-4c9d-93b6-fc3d75731ebb,1777365942,0.46,60.0,yes,"{""count_fp"":""60.00"",""created_time"":""2026-04-28T08:45:42.387638Z"",""no_price_dollars"":""0.5400"",""taker_side"":""yes"",""ticker"":""KXETH15M-26APR280500-00"",""trade_id"":""336fcd78-6829-4c9d-93b6-fc3d75731ebb"",""yes_price_dollars"":""0.4600""}"
KXETH15M-26APR280500-00,a46d82a4-a49c-6ba4-cf02-ae8463cbb0d9,1777365943,0.45,1.0,no,"{""count_fp"":""1.00"",""created_time"":""2026-04-28T08:45:43.661125Z"",""no_price_dollars"":""0.5500"",""taker_side"":""no"",""ticker"":""KXETH15M-26APR280500-00"",""trade_id"":""a46d82a4-a49c-6ba4-cf02-ae8463cbb0d9"",""yes_price_dollars"":""0.4500""}"
KXETH15M-26APR280500-00,d19cd3b4-836d-4d2b-1f41-c43ad51df17d,1777365954,0.42,1.0,no,"{""count_fp"":""1.00"",""created_time"":""2026-04-28T08:45:54.547482Z"",""no_price_dollars"":""0.5800"",""taker_side"":""no"",""ticker"":""KXETH15M-26APR280500-00"",""trade_id"":""d19cd3b4-836d-4d2b-1f41-c43ad51df17d"",""yes_price_dollars"":""0.4200""}"
KXETH15M-26APR280500-00,46cf2d25-4154-4602-1856-7571505ce869,1777365954,0.42,4.0,no,"{""count_fp"":""4.00"",""created_time"":""2026-04-28T08:45:54.547482Z"",""no_price_dollars"":""0.5800"",""taker_side"":""no"",""ticker"":""KXETH15M-26APR280500-00"",""trade_id"":""46cf2d25-4154-4602-1856-7571505ce869"",""yes_price_dollars"":""0.4200""}"
KXETH15M-26APR280500-00,dd000a31-de59-7b5d-f617-35d09dff2439,1777365967,0.44,3.0,yes,"{""count_fp"":""3.00"",""created_time"":""2026-04-28T08:46:07.638768Z"",""no_price_dollars"":""0.5600"",""taker_side"":""yes"",""ticker"":""KXETH15M-26APR280500-00"",""trade_id"":""dd000a31-de59-7b5d-f617-35d09dff2439"",""yes_price_dollars"":""0.4400""}"
KXETH15M-26APR280500-00,fee58a4d-72f9-4d78-798b-020462ccae64,1777365967,0.42,10.0,yes,"{""count_fp"":""10.00"",""created_time"":""2026-04-28T08:46:07.183587Z"",""no_price_dollars"":""0.5800"",""taker_side"":""yes"",""ticker"":""KXETH15M-26APR280500-00"",""trade_id"":""fee58a4d-72f9-4d78-798b-020462ccae64"",""yes_price_dollars"":""0.4200""}"
KXETH15M-26APR280500-00,5b696dd7-1cde-465d-51f5-cb6ed3affb52,1777365967,0.42,26.0,yes,"{""count_fp"":""26.00"",""created_time"":""2026-04-28T08:46:07.183587Z"",""no_price_dollars"":""0.5800"",""taker_side"":""yes"",""ticker"":""KXETH15M-26APR280500-00"",""trade_id"":""5b696dd7-1cde-465d-51f5-cb6ed3affb52"",""yes_price_dollars"":""0.4200""}"
KXETH15M-26APR280500-00,3a76f9b0-157b-4936-4fd2-0a2c87a6b8ec,1777365967,0.41,1.0,yes,"{""count_fp"":""1.00"",""created_time"":""2026-04-28T08:46:07.183587Z"",""no_price_dollars"":""0.5900"",""taker_side"":""yes"",""ticker"":""KXETH15M-26APR280500-00"",""trade_id"":""3a76f9b0-157b-4936-4fd2-0a2c87a6b8ec"",""yes_price_dollars"":""0.4100""}"
KXETH15M-26APR280500-00,245be9c5-9fc9-7db1-0ab5-b92cc40c12f5,1777365968,0.44,29.0,yes,"{""count_fp"":""29.00"",""created_time"":""2026-04-28T08:46:08.537261Z"",""no_price_dollars"":""0.5600"",""taker_side"":""yes"",""ticker"":""KXETH15M-26APR280500-00"",""trade_id"":""245be9c5-9fc9-7db1-0ab5-b92cc40c12f5"",""yes_price_dollars"":""0.4400""}"
KXETH15M-26APR280500-00,67c80671-8faa-4a43-8131-94cead4cebf1,1777365981,0.45,10.0,yes,"{""count_fp"":""10.00"",""created_time"":""2026-04-28T08:46:21.586763Z"",""no_price_dollars"":""0.5500"",""taker_side"":""yes"",""ticker"":""KXETH15M-26APR280500-00"",""trade_id"":""67c80671-8faa-4a43-8131-94cead4cebf1"",""yes_price_dollars"":""0.4500""}"
KXETH15M-26APR280500-00,4de19719-0e82-4687-9614-1e1d0ea9b5c0,1777365981,0.45,2.0,yes,"{""count_fp"":""2.00"",""created_time"":""2026-04-28T08:46:21.586763Z"",""no_price_dollars"":""0.5500"",""taker_side"":""yes"",""ticker"":""KXETH15M-26APR280500-00"",""trade_id"":""4de19719-0e82-4687-9614-1e1d0ea9b5c0"",""yes_price_dollars"":""0.4500""}"
KXETH15M-26APR280500-00,40d63346-5c6c-452a-9089-38c2d0a5ec67,1777365981,0.45,1.0,yes,"{""count_fp"":""1.00"",""created_time"":""2026-04-28T08:46:21.586763Z"",""no_price_dollars"":""0.5500"",""taker_side"":""yes"",""ticker"":""KXETH15M-26APR280500-00"",""trade_id"":""40d63346-5c6c-452a-9089-38c2d0a5ec67"",""yes_price_dollars"":""0.4500""}"
KXETH15M-26APR280500-00,05603172-34e1-4bbc-831a-b0640a47ac37,1777365982,0.46,32.0,yes,"{""count_fp"":""32.00"",""created_time"":""2026-04-28T08:46:22.248865Z"",""no_price_dollars"":""0.5400"",""taker_side"":""yes"",""ticker"":""KXETH15M-26APR280500-00"",""trade_id"":""05603172-34e1-4bbc-831a-b0640a47ac37"",""yes_price_dollars"":""0.4600""}"
KXETH15M-26APR280500-00,b100bf75-ca98-7664-26c9-fb3dc606188d,1777365987,0.46,1.0,no,"{""count_fp"":""1.00"",""created_time"":""2026-04-28T08:46:27.433208Z"",""no_price_dollars"":""0.5400"",""taker_side"":""no"",""ticker"":""KXETH15M-26APR280500-00"",""trade_id"":""b100bf75-ca98-7664-26c9-fb3dc606188d"",""yes_price_dollars"":""0.4600""}"
KXETH15M-26APR280500-00,ada7fc7c-f0fe-5f08-0031-e31dcc631936,1777365989,0.47,5.0,yes,"{""count_fp"":""5.00"",""created_time"":""2026-04-28T08:46:29.625696Z"",""no_price_dollars"":""0.5300"",""taker_side"":""yes"",""ticker"":""KXETH15M-26APR280500-00"",""trade_id"":""ada7fc7c-f0fe-5f08-0031-e31dcc631936"",""yes_price_dollars"":""0.4700""}"
KXETH15M-26APR280500-00,9cfe0976-79bd-5a83-28c2-3d4772250fb6,1777365989,0.49,10.0,yes,"{""count_fp"":""10.00"",""created_time"":""2026-04-28T08:46:29.625696Z"",""no_price_dollars"":""0.5100"",""taker_side"":""yes"",""ticker"":""KXETH15M-26APR280500-00"",""trade_id"":""9cfe0976-79bd-5a83-28c2-3d4772250fb6"",""yes_price_dollars"":""0.4900""}"
KXETH15M-26APR280500-00,9058df42-f14e-5332-2511-71c5e026f0ab,1777365989,0.49,10.0,yes,"{""count_fp"":""10.00"",""created_time"":""2026-04-28T08:46:29.625696Z"",""no_price_dollars"":""0.5100"",""taker_side"":""yes"",""ticker"":""KXETH15M-26APR280500-00"",""trade_id"":""9058df42-f14e-5332-2511-71c5e026f0ab"",""yes_price_dollars"":""0.4900""}"
KXETH15M-26APR280500-00,2af7052d-c668-4460-0aa1-cf9d4914b861,1777365991,0.52,10.0,no,"{""count_fp"":""10.00"",""created_time"":""2026-04-28T08:46:31.808195Z"",""no_price_dollars"":""0.4800"",""taker_side"":""no"",""ticker"":""KXETH15M-26APR280500-00"",""trade_id"":""2af7052d-c668-4460-0aa1-cf9d4914b861"",""yes_price_dollars"":""0.5200""}"
KXETH15M-26APR280500-00,220ed2dc-ea66-6d3c-577f-fcfcfbea0173,1777365998,0.48,9.49,yes,"{""count_fp"":""9.49"",""created_time"":""2026-04-28T08:46:38.795116Z"",""no_price_dollars"":""0.5200"",""taker_side"":""yes"",""ticker"":""KXETH15M-26APR280500-00"",""trade_id"":""220ed2dc-ea66-6d3c-577f-fcfcfbea0173"",""yes_price_dollars"":""0.4800""}"
KXETH15M-26APR280500-00,4401b58f-6298-4cf1-520f-edc501f900cd,1777365998,0.47,10.0,no,"{""count_fp"":""10.00"",""created_time"":""2026-04-28T08:46:38.656656Z"",""no_price_dollars"":""0.5300"",""taker_side"":""no"",""ticker"":""KXETH15M-26APR280500-00"",""trade_id"":""4401b58f-6298-4cf1-520f-edc501f900cd"",""yes_price_dollars"":""0.4700""}"
KXETH15M-26APR280500-00,cd7e2b4a-c610-45b0-aa4a-54eca40f5517,1777366006,0.41,40.0,no,"{""count_fp"":""40.00"",""created_time"":""2026-04-28T08:46:46.440014Z"",""no_price_dollars"":""0.5900"",""taker_side"":""no"",""ticker"":""KXETH15M-26APR280500-00"",""trade_id"":""cd7e2b4a-c610-45b0-aa4a-54eca40f5517"",""yes_price_dollars"":""0.4100""}"
KXETH15M-26APR280500-00,80c4724b-eb14-4215-94f8-2c827f02b465,1777366006,0.42,10.0,no,"{""count_fp"":""10.00"",""created_time"":""2026-04-28T08:46:46.440014Z"",""no_price_dollars"":""0.5800"",""taker_side"":""no"",""ticker"":""KXETH15M-26APR280500-00"",""trade_id"":""80c4724b-eb14-4215-94f8-2c827f02b465"",""yes_price_dollars"":""0.4200""}"
KXETH15M-26APR280500-00,454de903-a3d8-6e2b-80cb-5cebcc62a359,1777366008,0.42,4.47,yes,"{""count_fp"":""4.47"",""created_time"":""2026-04-28T08:46:48.328376Z"",""no_price_dollars"":""0.5800"",""taker_side"":""yes"",""ticker"":""KXETH15M-26APR280500-00"",""trade_id"":""454de903-a3d8-6e2b-80cb-5cebcc62a359"",""yes_price_dollars"":""0.4200""}"
KXETH15M-26APR280500-00,7ef10613-2e08-7087-8bdb-82cd25b12061,1777366010,0.41,99.0,yes,"{""count_fp"":""99.00"",""created_time"":""2026-04-28T08:46:50.510894Z"",""no_price_dollars"":""0.5900"",""taker_side"":""yes"",""ticker"":""KXETH15M-26APR280500-00"",""trade_id"":""7ef10613-2e08-7087-8bdb-82cd25b12061"",""yes_price_dollars"":""0.4100""}"
KXETH15M-26APR280500-00,463e0359-35be-7916-a391-c7aba9c55443,1777366010,0.41,1.0,yes,"{""count_fp"":""1.00"",""created_time"":""2026-04-28T08:46:50.510894Z"",""no_price_dollars"":""0.5900"",""taker_side"":""yes"",""ticker"":""KXETH15M-26APR280500-00"",""trade_id"":""463e0359-35be-7916-a391-c7aba9c55443"",""yes_price_dollars"":""0.4100""}"
KXETH15M-26APR280500-00,f8b39757-51c3-451d-72eb-2c5d7730efb4,1777366010,0.4,1.0,no,"{""count_fp"":""1.00"",""created_time"":""2026-04-28T08:46:50.198666Z"",""no_price_dollars"":""0.6000"",""taker_side"":""no"",""ticker"":""KXETH15M-26APR280500-00"",""trade_id"":""f8b39757-51c3-451d-72eb-2c5d7730efb4"",""yes_price_dollars"":""0.4000""}"
KXETH15M-26APR280500-00,e7e7d399-be47-72a5-3beb-9bfb4838d058,1777366012,0.4,16.0,no,"{""count_fp"":""16.00"",""created_time"":""2026-04-28T08:46:52.621269Z"",""no_price_dollars"":""0.6000"",""taker_side"":""no"",""ticker"":""KXETH15M-26APR280500-00"",""trade_id"":""e7e7d399-be47-72a5-3beb-9bfb4838d058"",""yes_price_dollars"":""0.4000""}"
KXETH15M-26APR280500-00,c21493bb-796f-65bd-8c26-269caa00b670,1777366012,0.4,1.0,no,"{""count_fp"":""1.00"",""created_time"":""2026-04-28T08:46:52.019983Z"",""no_price_dollars"":""0.6000"",""taker_side"":""no"",""ticker"":""KXETH15M-26APR280500-00"",""trade_id"":""c21493bb-796f-65bd-8c26-269caa00b670"",""yes_price_dollars"":""0.4000""}"
KXETH15M-26APR280500-00,ca62850a-0e2b-6085-6e6f-bfd8474b94ec,1777366013,0.4,12.97,no,"{""count_fp"":""12.97"",""created_time"":""2026-04-28T08:46:53.892999Z"",""no_price_dollars"":""0.6000"",""taker_side"":""no"",""ticker"":""KXETH15M-26APR280500-00"",""trade_id"":""ca62850a-0e2b-6085-6e6f-bfd8474b94ec"",""yes_price_dollars"":""0.4000""}"
KXETH15M-26APR280500-00,d09d01c0-0250-7eb3-bfbe-8be1b70e8807,1777366021,0.41,5.0,no,"{""count_fp"":""5.00"",""created_time"":""2026-04-28T08:47:01.648421Z"",""no_price_dollars"":""0.5900"",""taker_side"":""no"",""ticker"":""KXETH15M-26APR280500-00"",""trade_id"":""d09d01c0-0250-7eb3-bfbe-8be1b70e8807"",""yes_price_dollars"":""0.4100""}"
KXETH15M-26APR280500-00,a9004ad2-2e03-6595-a7a4-2bb710d95b3c,1777366023,0.4,20.0,no,"{""count_fp"":""20.00"",""created_time"":""2026-04-28T08:47:03.816688Z"",""no_price_dollars"":""0.6000"",""taker_side"":""no"",""ticker"":""KXETH15M-26APR280500-00"",""trade_id"":""a9004ad2-2e03-6595-a7a4-2bb710d95b3c"",""yes_price_dollars"":""0.4000""}"
KXETH15M-26APR280500-00,7afcdc6e-963f-46bd-3814-fdbf74a05044,1777366023,0.4,16.0,no,"{""count_fp"":""16.00"",""created_time"":""2026-04-28T08:47:03.360733Z"",""no_price_dollars"":""0.6000"",""taker_side"":""no"",""ticker"":""KXETH15M-26APR280500-00"",""trade_id"":""7afcdc6e-963f-46bd-3814-fdbf74a05044"",""yes_price_dollars"":""0.4000""}"
KXETH15M-26APR280500-00,5adb1bed-365a-633d-d855-c0463cd233f2,1777366023,0.41,87.0,yes,"{""count_fp"":""87.00"",""created_time"":""2026-04-28T08:47:03.213234Z"",""no_price_dollars"":""0.5900"",""taker_side"":""yes"",""ticker"":""KXETH15M-26APR280500-00"",""trade_id"":""5adb1bed-365a-633d-d855-c0463cd233f2"",""yes_price_dollars"":""0.4100""}"
KXETH15M-26APR280500-00,542ed3bc-10fb-5f81-99b9-a8279e4cc068,1777366024,0.4,47.0,no,"{""count_fp"":""47.00"",""created_time"":""2026-04-28T08:47:04.355806Z"",""no_price_dollars"":""0.6000"",""taker_side"":""no"",""ticker"":""KXETH15M-26APR280500-00"",""trade_id"":""542ed3bc-10fb-5f81-99b9-a8279e4cc068"",""yes_price_dollars"":""0.4000""}"
KXETH15M-26APR280500-00,aea74683-1e4f-6419-166f-cb79fb5264ec,1777366024,0.4,1.0,no,"{""count_fp"":""1.00"",""created_time"":""2026-04-28T08:47:04.219935Z"",""no_price_dollars"":""0.6000"",""taker_side"":""no"",""ticker"":""KXETH15M-26APR280500-00"",""trade_id"":""aea74683-1e4f-6419-166f-cb79fb5264ec"",""yes_price_dollars"":""0.4000""}"
KXETH15M-26APR280500-00,34202a53-f967-5f35-ce04-8cccc5c8f63c,1777366024,0.4,10.0,no,"{""count_fp"":""10.00"",""created_time"":""2026-04-28T08:47:04.095117Z"",""no_price_dollars"":""0.6000"",""taker_side"":""no"",""ticker"":""KXETH15M-26APR280500-00"",""trade_id"":""34202a53-f967-5f35-ce04-8cccc5c8f63c"",""yes_price_dollars"":""0.4000""}"
KXETH15M-26APR280500-00,c3f05407-f1db-7661-886c-89f8f7ce3ff8,1777366025,0.4,41.0,no,"{""count_fp"":""41.00"",""created_time"":""2026-04-28T08:47:05.535038Z"",""no_price_dollars"":""0.6000"",""taker_side"":""no"",""ticker"":""KXETH15M-26APR280500-00"",""trade_id"":""c3f05407-f1db-7661-886c-89f8f7ce3ff8"",""yes_price_dollars"":""0.4000""}"
KXETH15M-26APR280500-00,c7fa4b9d-861b-5bd9-023b-e93fcf0b53c0,1777366025,0.4,1.0,no,"{""count_fp"":""1.00"",""created_time"":""2026-04-28T08:47:05.517081Z"",""no_price_dollars"":""0.6000"",""taker_side"":""no"",""ticker"":""KXETH15M-26APR280500-00"",""trade_id"":""c7fa4b9d-861b-5bd9-023b-e93fcf0b53c0"",""yes_price_dollars"":""0.4000""}"
KXETH15M-26APR280500-00,bc7f8c1b-9b43-4949-f0f2-404f2cae2994,1777366025,0.4,15.0,no,"{""count_fp"":""15.00"",""created_time"":""2026-04-28T08:47:05.491588Z"",""no_price_dollars"":""0.6000"",""taker_side"":""no"",""ticker"":""KXETH15M-26APR280500-00"",""trade_id"":""bc7f8c1b-9b43-4949-f0f2-404f2cae2994"",""yes_price_dollars"":""0.4000""}"
KXETH15M-26APR280500-00,f388f7d9-c68f-6d95-9e66-ab3550b91c54,1777366028,0.4,38.0,no,"{""count_fp"":""38.00"",""created_time"":""2026-04-28T08:47:08.746171Z"",""no_price_dollars"":""0.6000"",""taker_side"":""no"",""ticker"":""KXETH15M-26APR280500-00"",""trade_id"":""f388f7d9-c68f-6d95-9e66-ab3550b91c54"",""yes_price_dollars"":""0.4000""}"
KXETH15M-26APR280500-00,21d3fae3-22f7-5aed-0dc1-91cb8d549f18,1777366028,0.4,12.0,no,"{""count_fp"":""12.00"",""created_time"":""2026-04-28T08:47:08.260261Z"",""no_price_dollars"":""0.6000"",""taker_side"":""no"",""ticker"":""KXETH15M-26APR280500-00"",""trade_id"":""21d3fae3-22f7-5aed-0dc1-91cb8d549f18"",""yes_price_dollars"":""0.4000""}"
KXETH15M-26APR280500-00,2373db9a-a39b-5571-e6b0-0fc9838eb208,1777366029,0.4,39.0,no,"{""count_fp"":""39.00"",""created_time"":""2026-04-28T08:47:09.330218Z"",""no_price_dollars"":""0.6000"",""taker_side"":""no"",""ticker"":""KXETH15M-26APR280500-00"",""trade_id"":""2373db9a-a39b-5571-e6b0-0fc9838eb208"",""yes_price_dollars"":""0.4000""}"
KXETH15M-26APR280500-00,2d78aaa4-51df-6ec1-741a-f5c9d1e1c138,1777366031,0.4,258.0,no,"{""count_fp"":""258.00"",""created_time"":""2026-04-28T08:47:11.884415Z"",""no_price_dollars"":""0.6000"",""taker_side"":""no"",""ticker"":""KXETH15M-26APR280500-00"",""trade_id"":""2d78aaa4-51df-6ec1-741a-f5c9d1e1c138"",""yes_price_dollars"":""0.4000""}"
KXETH15M-26APR280500-00,c91d5027-8ef4-5d6d-a64f-a048f3e51fd7,1777366032,0.38,23.97,no,"{""count_fp"":""23.97"",""created_time"":""2026-04-28T08:47:12.109066Z"",""no_price_dollars"":""0.6200"",""taker_side"":""no"",""ticker"":""KXETH15M-26APR280500-00"",""trade_id"":""c91d5027-8ef4-5d6d-a64f-a048f3e51fd7"",""yes_price_dollars"":""0.3800""}"
KXETH15M-26APR280500-00,9f29ba98-7037-5319-a76c-5c1b7d0465c0,1777366032,0.4,0.03,no,"{""count_fp"":""0.03"",""created_time"":""2026-04-28T08:47:12.109066Z"",""no_price_dollars"":""0.6000"",""taker_side"":""no"",""ticker"":""KXETH15M-26APR280500-00"",""trade_id"":""9f29ba98-7037-5319-a76c-5c1b7d0465c0"",""yes_price_dollars"":""0.4000""}"
KXETH15M-26APR280500-00,81bd0c49-2092-4e49-5078-bb7b7548425c,1777366036,0.36,2.0,no,"{""count_fp"":""2.00"",""created_time"":""2026-04-28T08:47:16.747879Z"",""no_price_dollars"":""0.6400"",""taker_side"":""no"",""ticker"":""KXETH15M-26APR280500-00"",""trade_id"":""81bd0c49-2092-4e49-5078-bb7b7548425c"",""yes_price_dollars"":""0.3600""}"
KXETH15M-26APR280500-00,ff97c638-20ea-5011-0084-9eae05848f9c,1777366040,0.36,3.0,no,"{""count_fp"":""3.00"",""created_time"":""2026-04-28T08:47:20.391379Z"",""no_price_dollars"":""0.6400"",""taker_side"":""no"",""ticker"":""KXETH15M-26APR280500-00"",""trade_id"":""ff97c638-20ea-5011-0084-9eae05848f9c"",""yes_price_dollars"":""0.3600""}"
KXETH15M-26APR280500-00,419862a5-b3b6-52c0-011d-468237b95c60,1777366040,0.34,4.48,no,"{""count_fp"":""4.48"",""created_time"":""2026-04-28T08:47:20.391379Z"",""no_price_dollars"":""0.6600"",""taker_side"":""no"",""ticker"":""KXETH15M-26APR280500-00"",""trade_id"":""419862a5-b3b6-52c0-011d-468237b95c60"",""yes_price_dollars"":""0.3400""}"
KXETH15M-26APR280500-00,3e3f2c44-f83e-70e8-6e54-4607d697930e,1777366042,0.34,40.0,yes,"{""count_fp"":""40.00"",""created_time"":""2026-04-28T08:47:22.339667Z"",""no_price_dollars"":""0.6600"",""taker_side"":""yes"",""ticker"":""KXETH15M-26APR280500-00"",""trade_id"":""3e3f2c44-f83e-70e8-6e54-4607d697930e"",""yes_price_dollars"":""0.3400""}"
KXETH15M-26APR280500-00,54142551-57ae-5408-ce1b-777730fbc716,1777366046,0.32,6.0,yes,"{""count_fp"":""6.00"",""created_time"":""2026-04-28T08:47:26.266884Z"",""no_price_dollars"":""0.6800"",""taker_side"":""yes"",""ticker"":""KXETH15M-26APR280500-00"",""trade_id"":""54142551-57ae-5408-ce1b-777730fbc716"",""yes_price_dollars"":""0.3200""}"
KXETH15M-26APR280500-00,ebb7f9b8-4432-450e-60e6-89f2798e522c,1777366055,0.32,10.0,yes,"{""count_fp"":""10.00"",""created_time"":""2026-04-28T08:47:35.519656Z"",""no_price_dollars"":""0.6800"",""taker_side"":""yes"",""ticker"":""KXETH15M-26APR280500-00"",""trade_id"":""ebb7f9b8-4432-450e-60e6-89f2798e522c"",""yes_price_dollars"":""0.3200""}"
KXETH15M-26APR280500-00,ce85918d-ee04-42f7-0851-96ccc71d3c5b,1777366055,0.29,10.0,no,"{""count_fp"":""10.00"",""created_time"":""2026-04-28T08:47:35.291412Z"",""no_price_dollars"":""0.7100"",""taker_side"":""no"",""ticker"":""KXETH15M-26APR280500-00"",""trade_id"":""ce85918d-ee04-42f7-0851-96ccc71d3c5b"",""yes_price_dollars"":""0.2900""}"
KXETH15M-26APR280500-00,9edcfc5d-1a23-4ace-00b6-276a20effb88,1777366055,0.3,1.0,no,"{""count_fp"":""1.00"",""created_time"":""2026-04-28T08:47:35.291412Z"",""no_price_dollars"":""0.7000"",""taker_side"":""no"",""ticker"":""KXETH15M-26APR280500-00"",""trade_id"":""9edcfc5d-1a23-4ace-00b6-276a20effb88"",""yes_price_dollars"":""0.3000""}"
KXETH15M-26APR280500-00,8f136dc6-bc68-40f5-0cdf-da0db78415c0,1777366055,0.28,1.79,no,"{""count_fp"":""1.79"",""created_time"":""2026-04-28T08:47:35.291412Z"",""no_price_dollars"":""0.7200"",""taker_side"":""no"",""ticker"":""KXETH15M-26APR280500-00"",""trade_id"":""8f136dc6-bc68-40f5-0cdf-da0db78415c0"",""yes_price_dollars"":""0.2800""}"
KXETH15M-26APR280500-00,7d75bf06-c4e4-4bf1-174b-3463a7fb9298,1777366055,0.3,1.0,no,"{""count_fp"":""1.00"",""created_time"":""2026-04-28T08:47:35.291412Z"",""no_price_dollars"":""0.7000"",""taker_side"":""no"",""ticker"":""KXETH15M-26APR280500-00"",""trade_id"":""7d75bf06-c4e4-4bf1-174b-3463a7fb9298"",""yes_price_dollars"":""0.3000""}"
KXETH15M-26APR280500-00,a7c9739f-1ccb-5ea3-dad6-59cb4c47416f,1777366069,0.42,1.0,yes,"{""count_fp"":""1.00"",""created_time"":""2026-04-28T08:47:49.910475Z"",""no_price_dollars"":""0.5800"",""taker_side"":""yes"",""ticker"":""KXETH15M-26APR280500-00"",""trade_id"":""a7c9739f-1ccb-5ea3-dad6-59cb4c47416f"",""yes_price_dollars"":""0.4200""}"
KXETH15M-26APR280500-00,84eaa577-72e0-44ab-ba9e-18a8755bbe9a,1777366073,0.4,2.28,yes,"{""count_fp"":""2.28"",""created_time"":""2026-04-28T08:47:53.216289Z"",""no_price_dollars"":""0.6000"",""taker_side"":""yes"",""ticker"":""KXETH15M-26APR280500-00"",""trade_id"":""84eaa577-72e0-44ab-ba9e-18a8755bbe9a"",""yes_price_dollars"":""0.4000""}"
KXETH15M-26APR280500-00,de03b405-33e9-59eb-c147-8840412cbd5b,1777366082,0.41,2.0,yes,"{""count_fp"":""2.00"",""created_time"":""2026-04-28T08:48:02.017589Z"",""no_price_dollars"":""0.5900"",""taker_side"":""yes"",""ticker"":""KXETH15M-26APR280500-00"",""trade_id"":""de03b405-33e9-59eb-c147-8840412cbd5b"",""yes_price_dollars"":""0.4100""}"
KXETH15M-26APR280500-00,d14f2796-86ee-522c-ca6d-6604f99fb94e,1777366082,0.44,5.39,yes,"{""count_fp"":""5.39"",""created_time"":""2026-04-28T08:48:02.017589Z"",""no_price_dollars"":""0.5600"",""taker_side"":""yes"",""ticker"":""KXETH15M-26APR280500-00"",""trade_id"":""d14f2796-86ee-522c-ca6d-6604f99fb94e"",""yes_price_dollars"":""0.4400""}"
KXETH15M-26APR280500-00,a267653c-079d-5d25-ff32-327426ea193a,1777366082,0.43,1.0,yes,"{""count_fp"":""1.00"",""created_time"":""2026-04-28T08:48:02.017589Z"",""no_price_dollars"":""0.5700"",""taker_side"":""yes"",""ticker"":""KXETH15M-26APR280500-00"",""trade_id"":""a267653c-079d-5d25-ff32-327426ea193a"",""yes_price_dollars"":""0.4300""}"
KXETH15M-26APR280500-00,a08a08b7-0aa2-5c15-d077-e8e303432904,1777366082,0.42,2.0,yes,"{""count_fp"":""2.00"",""created_time"":""2026-04-28T08:48:02.017589Z"",""no_price_dollars"":""0.5800"",""taker_side"":""yes"",""ticker"":""KXETH15M-26APR280500-00"",""trade_id"":""a08a08b7-0aa2-5c15-d077-e8e303432904"",""yes_price_dollars"":""0.4200""}"
KXETH15M-26APR280500-00,9421e4df-d8c0-5bd7-d629-869c00610a92,1777366082,0.42,10.0,yes,"{""count_fp"":""10.00"",""created_time"":""2026-04-28T08:48:02.017589Z"",""no_price_dollars"":""0.5800"",""taker_side"":""yes"",""ticker"":""KXETH15M-26APR280500-00"",""trade_id"":""9421e4df-d8c0-5bd7-d629-869c00610a92"",""yes_price_dollars"":""0.4200""}"
KXETH15M-26APR280500-00,6f7d77cf-4f14-7c4c-c2d0-877adc529981,1777366083,0.39,1.0,no,"{""count_fp"":""1.00"",""created_time"":""2026-04-28T08:48:03.820284Z"",""no_price_dollars"":""0.6100"",""taker_side"":""no"",""ticker"":""KXETH15M-26APR280500-00"",""trade_id"":""6f7d77cf-4f14-7c4c-c2d0-877adc529981"",""yes_price_dollars"":""0.3900""}"
KXETH15M-26APR280500-00,4e0d5b8b-0bbe-67bc-10bc-b8bbb3f62672,1777366087,0.41,20.59,yes,"{""count_fp"":""20.59"",""created_time"":""2026-04-28T08:48:07.615133Z"",""no_price_dollars"":""0.5900"",""taker_side"":""yes"",""ticker"":""KXETH15M-26APR280500-00"",""trade_id"":""4e0d5b8b-0bbe-67bc-10bc-b8bbb3f62672"",""yes_price_dollars"":""0.4100""}"
KXETH15M-26APR280500-00,f5f3a073-1420-49e7-c491-e4b84e984b3b,1777366087,0.4,2.0,yes,"{""count_fp"":""2.00"",""created_time"":""2026-04-28T08:48:07.166685Z"",""no_price_dollars"":""0.6000"",""taker_side"":""yes"",""ticker"":""KXETH15M-26APR280500-00"",""trade_id"":""f5f3a073-1420-49e7-c491-e4b84e984b3b"",""yes_price_dollars"":""0.4000""}"
KXETH15M-26APR280500-00,f9423645-7807-5d41-99e0-b6d9e715210e,1777366089,0.37,25.0,no,"{""count_fp"":""25.00"",""created_time"":""2026-04-28T08:48:09.078999Z"",""no_price_dollars"":""0.6300"",""taker_side"":""no"",""ticker"":""KXETH15M-26APR280500-00"",""trade_id"":""f9423645-7807-5d41-99e0-b6d9e715210e"",""yes_price_dollars"":""0.3700""}"
KXETH15M-26APR280500-00,625b9b15-af63-5871-8b2a-80f4e9330e81,1777366089,0.37,10.0,no,"{""count_fp"":""10.00"",""created_time"":""2026-04-28T08:48:09.078999Z"",""no_price_dollars"":""0.6300"",""taker_side"":""no"",""ticker"":""KXETH15M-26APR280500-00"",""trade_id"":""625b9b15-af63-5871-8b2a-80f4e9330e81"",""yes_price_dollars"":""0.3700""}"
KXETH15M-26APR280500-00,4f5ef143-7767-5461-8fbb-39def81432d3,1777366089,0.39,2.0,no,"{""count_fp"":""2.00"",""created_time"":""2026-04-28T08:48:09.078999Z"",""no_price_dollars"":""0.6100"",""taker_side"":""no"",""ticker"":""KXETH15M-26APR280500-00"",""trade_id"":""4f5ef143-7767-5461-8fbb-39def81432d3"",""yes_price_dollars"":""0.3900""}"
KXETH15M-26APR280500-00,0f7fd03d-7490-4d9d-6622-be1c99ad8db1,1777366090,0.36,1.0,no,"{""count_fp"":""1.00"",""created_time"":""2026-04-28T08:48:10.959791Z"",""no_price_dollars"":""0.6400"",""taker_side"":""no"",""ticker"":""KXETH15M-26APR280500-00"",""trade_id"":""0f7fd03d-7490-4d9d-6622-be1c99ad8db1"",""yes_price_dollars"":""0.3600""}"
KXETH15M-26APR280500-00,be9534c4-ab51-6518-1b1a-38ce20635de1,1777366096,0.39,2.0,yes,"{""count_fp"":""2.00"",""created_time"":""2026-04-28T08:48:16.669681Z"",""no_price_dollars"":""0.6100"",""taker_side"":""yes"",""ticker"":""KXETH15M-26APR280500-00"",""trade_id"":""be9534c4-ab51-6518-1b1a-38ce20635de1"",""yes_price_dollars"":""0.3900""}"
KXETH15M-26APR280500-00,83e66a5e-4e66-60eb-2618-b1e210cad741,1777366096,0.4,10.0,yes,"{""count_fp"":""10.00"",""created_time"":""2026-04-28T08:48:16.669681Z"",""no_price_dollars"":""0.6000"",""taker_side"":""yes"",""ticker"":""KXETH15M-26APR280500-00"",""trade_id"":""83e66a5e-4e66-60eb-2618-b1e210cad741"",""yes_price_dollars"":""0.4000""}"
KXETH15M-26APR280500-00,30b1e335-f3be-6365-38ee-151bde2755be,1777366096,0.41,9.0,yes,"{""count_fp"":""9.00"",""created_time"":""2026-04-28T08:48:16.669681Z"",""no_price_dollars"":""0.5900"",""taker_side"":""yes"",""ticker"":""KXETH15M-26APR280500-00"",""trade_id"":""30b1e335-f3be-6365-38ee-151bde2755be"",""yes_price_dollars"":""0.4100""}"
KXETH15M-26APR280500-00,248aa7fa-5fc3-6ec8-1b39-1b63cd67fe7e,1777366096,0.4,10.0,yes,"{""count_fp"":""10.00"",""created_time"":""2026-04-28T08:48:16.669681Z"",""no_price_dollars"":""0.6000"",""taker_side"":""yes"",""ticker"":""KXETH15M-26APR280500-00"",""trade_id"":""248aa7fa-5fc3-6ec8-1b39-1b63cd67fe7e"",""yes_price_dollars"":""0.4000""}"
KXETH15M-26APR280500-00,0a72f5b2-3db9-6df0-31f9-96242d77ce19,1777366096,0.39,1.0,yes,"{""count_fp"":""1.00"",""created_time"":""2026-04-28T08:48:16.669681Z"",""no_price_dollars"":""0.6100"",""taker_side"":""yes"",""ticker"":""KXETH15M-26APR280500-00"",""trade_id"":""0a72f5b2-3db9-6df0-31f9-96242d77ce19"",""yes_price_dollars"":""0.3900""}"
KXETH15M-26APR280500-00,cbb3a804-9490-6b4f-9459-7f44a01617a7,1777366096,0.37,1.0,no,"{""count_fp"":""1.00"",""created_time"":""2026-04-28T08:48:16.610789Z"",""no_price_dollars"":""0.6300"",""taker_side"":""no"",""ticker"":""KXETH15M-26APR280500-00"",""trade_id"":""cbb3a804-9490-6b4f-9459-7f44a01617a7"",""yes_price_dollars"":""0.3700""}"
KXETH15M-26APR280500-00,b00f50f6-7961-7de5-123c-cc3188b9b149,1777366097,0.4,1.0,yes,"{""count_fp"":""1.00"",""created_time"":""2026-04-28T08:48:17.641912Z"",""no_price_dollars"":""0.6000"",""taker_side"":""yes"",""ticker"":""KXETH15M-26APR280500-00"",""trade_id"":""b00f50f6-7961-7de5-123c-cc3188b9b149"",""yes_price_dollars"":""0.4000""}"
KXETH15M-26APR280500-00,29f8461b-edf2-7d8e-1f3c-ae6aa432f5a2,1777366097,0.4,3.76,yes,"{""count_fp"":""3.76"",""created_time"":""2026-04-28T08:48:17.641912Z"",""no_price_dollars"":""0.6000"",""taker_side"":""yes"",""ticker"":""KXETH15M-26APR280500-00"",""trade_id"":""29f8461b-edf2-7d8e-1f3c-ae6aa432f5a2"",""yes_price_dollars"":""0.4000""}"
KXETH15M-26APR280500-00,9fffed99-4e1a-60b4-b7e4-171836ed0595,1777366100,0.37,1.0,no,"{""count_fp"":""1.00"",""created_time"":""2026-04-28T08:48:20.637782Z"",""no_price_dollars"":""0.6300"",""taker_side"":""no"",""ticker"":""KXETH15M-26APR280500-00"",""trade_id"":""9fffed99-4e1a-60b4-b7e4-171836ed0595"",""yes_price_dollars"":""0.3700""}"
KXETH15M-26APR280500-00,7671b773-2976-62eb-6bcc-5e4d1b14fab0,1777366111,0.4,0.41,yes,"{""count_fp"":""0.41"",""created_time"":""2026-04-28T08:48:31.763929Z"",""no_price_dollars"":""0.6000"",""taker_side"":""yes"",""ticker"":""KXETH15M-26APR280500-00"",""trade_id"":""7671b773-2976-62eb-6bcc-5e4d1b14fab0"",""yes_price_dollars"":""0.4000""}"
KXETH15M-26APR280500-00,51d0608e-a070-6d5f-5c0e-2784bc84e1eb,1777366111,0.4,1.0,yes,"{""count_fp"":""1.00"",""created_time"":""2026-04-28T08:48:31.763929Z"",""no_price_dollars"":""0.6000"",""taker_side"":""yes"",""ticker"":""KXETH15M-26APR280500-00"",""trade_id"":""51d0608e-a070-6d5f-5c0e-2784bc84e1eb"",""yes_price_dollars"":""0.4000""}"
KXETH15M-26APR280500-00,409dcb23-fd50-6a67-4347-5d3e0d42f35b,1777366111,0.39,1.0,yes,"{""count_fp"":""1.00"",""created_time"":""2026-04-28T08:48:31.763929Z"",""no_price_dollars"":""0.6100"",""taker_side"":""yes"",""ticker"":""KXETH15M-26APR280500-00"",""trade_id"":""409dcb23-fd50-6a67-4347-5d3e0d42f35b"",""yes_price_dollars"":""0.3900""}"
KXETH15M-26APR280500-00,e305df7b-2660-6c81-fa3b-69572ae6a0bd,1777366116,0.37,10.0,no,"{""count_fp"":""10.00"",""created_time"":""2026-04-28T08:48:36.978927Z"",""no_price_dollars"":""0.6300"",""taker_side"":""no"",""ticker"":""KXETH15M-26APR280500-00"",""trade_id"":""e305df7b-2660-6c81-fa3b-69572ae6a0bd"",""yes_price_dollars"":""0.3700""}"
KXETH15M-26APR280500-00,a071d4e7-a6fb-6c11-f395-246550882b18,1777366116,0.37,1.0,no,"{""count_fp"":""1.00"",""created_time"":""2026-04-28T08:48:36.978927Z"",""no_price_dollars"":""0.6300"",""taker_side"":""no"",""ticker"":""KXETH15M-26APR280500-00"",""trade_id"":""a071d4e7-a6fb-6c11-f395-246550882b18"",""yes_price_dollars"":""0.3700""}"
KXETH15M-26APR280500-00,6a108e5a-dec4-72d5-87f9-feb681b0ef9d,1777366117,0.35,2.95,no,"{""count_fp"":""2.95"",""created_time"":""2026-04-28T08:48:37.906774Z"",""no_price_dollars"":""0.6500"",""taker_side"":""no"",""ticker"":""KXETH15M-26APR280500-00"",""trade_id"":""6a108e5a-dec4-72d5-87f9-feb681b0ef9d"",""yes_price_dollars"":""0.3500""}"
KXETH15M-26APR280500-00,c9977551-a3f7-51ad-0589-48e5ce3cfa10,1777366123,0.33,10.0,no,"{""count_fp"":""10.00"",""created_time"":""2026-04-28T08:48:43.862753Z"",""no_price_dollars"":""0.6700"",""taker_side"":""no"",""ticker"":""KXETH15M-26APR280500-00"",""trade_id"":""c9977551-a3f7-51ad-0589-48e5ce3cfa10"",""yes_price_dollars"":""0.3300""}"
KXETH15M-26APR280500-00,6e9c4b90-e321-5929-1550-1a8da74e3788,1777366123,0.33,5.78,no,"{""count_fp"":""5.78"",""created_time"":""2026-04-28T08:48:43.862753Z"",""no_price_dollars"":""0.6700"",""taker_side"":""no"",""ticker"":""KXETH15M-26APR280500-00"",""trade_id"":""6e9c4b90-e321-5929-1550-1a8da74e3788"",""yes_price_dollars"":""0.3300""}"
KXETH15M-26APR280500-00,c9dd7eb6-184b-6569-e7ad-40d6343bf317,1777366125,0.4,19.0,yes,"{""count_fp"":""19.00"",""created_time"":""2026-04-28T08:48:45.750997Z"",""no_price_dollars"":""0.6000"",""taker_side"":""yes"",""ticker"":""KXETH15M-26APR280500-00"",""trade_id"":""c9dd7eb6-184b-6569-e7ad-40d6343bf317"",""yes_price_dollars"":""0.4000""}"
KXETH15M-26APR280500-00,52fec2a4-317c-6914-c3a5-fbaa3586e4d0,1777366125,0.41,1.0,yes,"{""count_fp"":""1.00"",""created_time"":""2026-04-28T08:48:45.750997Z"",""no_price_dollars"":""0.5900"",""taker_side"":""yes"",""ticker"":""KXETH15M-26APR280500-00"",""trade_id"":""52fec2a4-317c-6914-c3a5-fbaa3586e4d0"",""yes_price_dollars"":""0.4100""}"
KXETH15M-26APR280500-00,1061ed48-890a-6020-e4a1-655bd2037791,1777366125,0.4,10.0,yes,"{""count_fp"":""10.00"",""created_time"":""2026-04-28T08:48:45.750997Z"",""no_price_dollars"":""0.6000"",""taker_side"":""yes"",""ticker"":""KXETH15M-26APR280500-00"",""trade_id"":""1061ed48-890a-6020-e4a1-655bd2037791"",""yes_price_dollars"":""0.4000""}"
KXETH15M-26APR280500-00,035305d4-bb83-646a-e685-7bd3034c82ef,1777366125,0.41,1.0,yes,"{""count_fp"":""1.00"",""created_time"":""2026-04-28T08:48:45.750997Z"",""no_price_dollars"":""0.5900"",""taker_side"":""yes"",""ticker"":""KXETH15M-26APR280500-00"",""trade_id"":""035305d4-bb83-646a-e685-7bd3034c82ef"",""yes_price_dollars"":""0.4100""}"
KXETH15M-26APR280500-00,41a7f786-616b-56dd-8a8e-620f671b27c3,1777366125,0.4,11.0,yes,"{""count_fp"":""11.00"",""created_time"":""2026-04-28T08:48:45.703567Z"",""no_price_dollars"":""0.6000"",""taker_side"":""yes"",""ticker"":""KXETH15M-26APR280500-00"",""trade_id"":""41a7f786-616b-56dd-8a8e-620f671b27c3"",""yes_price_dollars"":""0.4000""}"
KXETH15M-26APR280500-00,6c9af407-4a56-683d-e55c-c7a45fd9eb21,1777366125,0.39,10.0,yes,"{""count_fp"":""10.00"",""created_time"":""2026-04-28T08:48:45.686433Z"",""no_price_dollars"":""0.6100"",""taker_side"":""yes"",""ticker"":""KXETH15M-26APR280500-00"",""trade_id"":""6c9af407-4a56-683d-e55c-c7a45fd9eb21"",""yes_price_dollars"":""0.3900""}"
KXETH15M-26APR280500-00,6134184d-768d-64b7-c611-baed4102c12a,1777366125,0.38,1.0,yes,"{""count_fp"":""1.00"",""created_time"":""2026-04-28T08:48:45.686433Z"",""no_price_dollars"":""0.6200"",""taker_side"":""yes"",""ticker"":""KXETH15M-26APR280500-00"",""trade_id"":""6134184d-768d-64b7-c611-baed4102c12a"",""yes_price_dollars"":""0.3800""}"
KXETH15M-26APR280500-00,ce214a21-a5e7-771f-62f5-9f0a4c99abdc,1777366138,0.42,1.0,yes,"{""count_fp"":""1.00"",""created_time"":""2026-04-28T08:48:58.214292Z"",""no_price_dollars"":""0.5800"",""taker_side"":""yes"",""ticker"":""KXETH15M-26APR280500-00"",""trade_id"":""ce214a21-a5e7-771f-62f5-9f0a4c99abdc"",""yes_price_dollars"":""0.4200""}"
KXETH15M-26APR280500-00,687a8b90-7c58-74a9-6a68-0afbadadb4f6,1777366138,0.42,0.14,yes,"{""count_fp"":""0.14"",""created_time"":""2026-04-28T08:48:58.214292Z"",""no_price_dollars"":""0.5800"",""taker_side"":""yes"",""ticker"":""KXETH15M-26APR280500-00"",""trade_id"":""687a8b90-7c58-74a9-6a68-0afbadadb4f6"",""yes_price_dollars"":""0.4200""}"
KXETH15M-26APR280500-00,e2a87f0f-b81e-5219-b9fe-ef7701ffeb3b,1777366141,0.43,1.0,yes,"{""count_fp"":""1.00"",""created_time"":""2026-04-28T08:49:01.145882Z"",""no_price_dollars"":""0.5700"",""taker_side"":""yes"",""ticker"":""KXETH15M-26APR280500-00"",""trade_id"":""e2a87f0f-b81e-5219-b9fe-ef7701ffeb3b"",""yes_price_dollars"":""0.4300""}"
KXETH15M-26APR280500-00,c1d3312d-baf1-573d-b403-9f277b98279c,1777366141,0.48,10.0,yes,"{""count_fp"":""10.00"",""created_time"":""2026-04-28T08:49:01.145882Z"",""no_price_dollars"":""0.5200"",""taker_side"":""yes"",""ticker"":""KXETH15M-26APR280500-00"",""trade_id"":""c1d3312d-baf1-573d-b403-9f277b98279c"",""yes_price_dollars"":""0.4800""}"
KXETH15M-26APR280500-00,86ca623e-c0ec-5473-a7e0-2e4fb6f7632b,1777366141,0.5,10.0,yes,"{""count_fp"":""10.00"",""created_time"":""2026-04-28T08:49:01.145882Z"",""no_price_dollars"":""0.5000"",""taker_side"":""yes"",""ticker"":""KXETH15M-26APR280500-00"",""trade_id"":""86ca623e-c0ec-5473-a7e0-2e4fb6f7632b"",""yes_price_dollars"":""0.5000""}"
KXETH15M-26APR280500-00,83b12d7b-0200-57d1-b692-15690e42807a,1777366141,0.42,0.86,yes,"{""count_fp"":""0.86"",""created_time"":""2026-04-28T08:49:01.145882Z"",""no_price_dollars"":""0.5800"",""taker_side"":""yes"",""ticker"":""KXETH15M-26APR280500-00"",""trade_id"":""83b12d7b-0200-57d1-b692-15690e42807a"",""yes_price_dollars"":""0.4200""}"
KXETH15M-26APR280500-00,13739f4c-f8c0-5578-95f7-a6f00b8160d1,1777366141,0.42,2.0,yes,"{""count_fp"":""2.00"",""created_time"":""2026-04-28T08:49:01.145882Z"",""no_price_dollars"":""0.5800"",""taker_side"":""yes"",""ticker"":""KXETH15M-26APR280500-00"",""trade_id"":""13739f4c-f8c0-5578-95f7-a6f00b8160d1"",""yes_price_dollars"":""0.4200""}"
KXETH15M-26APR280500-00,1b73a614-c1e2-4c6c-e5cc-7d653d346896,1777366144,0.52,24.84,yes,"{""count_fp"":""24.84"",""created_time"":""2026-04-28T08:49:04.440599Z"",""no_price_dollars"":""0.4800"",""taker_side"":""yes"",""ticker"":""KXETH15M-26APR280500-00"",""trade_id"":""1b73a614-c1e2-4c6c-e5cc-7d653d346896"",""yes_price_dollars"":""0.5200""}"
KXETH15M-26APR280500-00,6e4ad268-d45e-5be8-865f-ec5401245989,1777366145,0.54,10.0,yes,"{""count_fp"":""10.00"",""created_time"":""2026-04-28T08:49:05.550932Z"",""no_price_dollars"":""0.4600"",""taker_side"":""yes"",""ticker"":""KXETH15M-26APR280500-00"",""trade_id"":""6e4ad268-d45e-5be8-865f-ec5401245989"",""yes_price_dollars"":""0.5400""}"
KXETH15M-26APR280500-00,f8901d09-1e8a-6f11-8f92-06f1d5551f33,1777366145,0.53,2.0,yes,"{""count_fp"":""2.00"",""created_time"":""2026-04-28T08:49:05.537934Z"",""no_price_dollars"":""0.4700"",""taker_side"":""yes"",""ticker"":""KXETH15M-26APR280500-00"",""trade_id"":""f8901d09-1e8a-6f11-8f92-06f1d5551f33"",""yes_price_dollars"":""0.5300""}"
KXETH15M-26APR280500-00,7f42f4fe-080b-6c13-a1e1-781ca78dff5e,1777366145,0.54,10.0,yes,"{""count_fp"":""10.00"",""created_time"":""2026-04-28T08:49:05.537934Z"",""no_price_dollars"":""0.4600"",""taker_side"":""yes"",""ticker"":""KXETH15M-26APR280500-00"",""trade_id"":""7f42f4fe-080b-6c13-a1e1-781ca78dff5e"",""yes_price_dollars"":""0.5400""}"
KXETH15M-26APR280500-00,04923b7f-4332-6573-d418-dc707f9e6689,1777366157,0.54,1.0,yes,"{""count_fp"":""1.00"",""created_time"":""2026-04-28T08:49:17.590139Z"",""no_price_dollars"":""0.4600"",""taker_side"":""yes"",""ticker"":""KXETH15M-26APR280500-00"",""trade_id"":""04923b7f-4332-6573-d418-dc707f9e6689"",""yes_price_dollars"":""0.5400""}"
KXETH15M-26APR280500-00,cb01e6d0-b838-46ce-4195-0db2e1840eac,1777366158,0.55,9.0,yes,"{""count_fp"":""9.00"",""created_time"":""2026-04-28T08:49:18.716015Z"",""no_price_dollars"":""0.4500"",""taker_side"":""yes"",""ticker"":""KXETH15M-26APR280500-00"",""trade_id"":""cb01e6d0-b838-46ce-4195-0db2e1840eac"",""yes_price_dollars"":""0.5500""}"
KXETH15M-26APR280500-00,23017fa3-619d-40ec-5616-85275f5b2a8e,1777366158,0.55,10.0,yes,"{""count_fp"":""10.00"",""created_time"":""2026-04-28T08:49:18.716015Z"",""no_price_dollars"":""0.4500"",""taker_side"":""yes"",""ticker"":""KXETH15M-26APR280500-00"",""trade_id"":""23017fa3-619d-40ec-5616-85275f5b2a8e"",""yes_price_dollars"":""0.5500""}"
KXETH15M-26APR280500-00,12e826a6-9435-4800-5e76-031e4526f856,1777366158,0.55,10.0,yes,"{""count_fp"":""10.00"",""created_time"":""2026-04-28T08:49:18.716015Z"",""no_price_dollars"":""0.4500"",""taker_side"":""yes"",""ticker"":""KXETH15M-26APR280500-00"",""trade_id"":""12e826a6-9435-4800-5e76-031e4526f856"",""yes_price_dollars"":""0.5500""}"
KXETH15M-26APR280500-00,a42666b6-f81c-7b34-0580-a70fa5e34290,1777366163,0.54,3.0,yes,"{""count_fp"":""3.00"",""created_time"":""2026-04-28T08:49:23.843603Z"",""no_price_dollars"":""0.4600"",""taker_side"":""yes"",""ticker"":""KXETH15M-26APR280500-00"",""trade_id"":""a42666b6-f81c-7b34-0580-a70fa5e34290"",""yes_price_dollars"":""0.5400""}"
KXETH15M-26APR280500-00,4cc22fd1-baf0-509e-7f03-22561e6ff0bb,1777366164,0.52,10.0,yes,"{""count_fp"":""10.00"",""created_time"":""2026-04-28T08:49:24.125549Z"",""no_price_dollars"":""0.4800"",""taker_side"":""yes"",""ticker"":""KXETH15M-26APR280500-00"",""trade_id"":""4cc22fd1-baf0-509e-7f03-22561e6ff0bb"",""yes_price_dollars"":""0.5200""}"
KXETH15M-26APR280500-00,b31cf776-7824-46e4-2155-17fd39a29211,1777366174,0.49,1.0,no,"{""count_fp"":""1.00"",""created_time"":""2026-04-28T08:49:34.698219Z"",""no_price_dollars"":""0.5100"",""taker_side"":""no"",""ticker"":""KXETH15M-26APR280500-00"",""trade_id"":""b31cf776-7824-46e4-2155-17fd39a29211"",""yes_price_dollars"":""0.4900""}"
KXETH15M-26APR280500-00,c77ab4a7-e6c5-4c12-1d39-03a32f01df38,1777366175,0.52,10.0,yes,"{""count_fp"":""10.00"",""created_time"":""2026-04-28T08:49:35.145131Z"",""no_price_dollars"":""0.4800"",""taker_side"":""yes"",""ticker"":""KXETH15M-26APR280500-00"",""trade_id"":""c77ab4a7-e6c5-4c12-1d39-03a32f01df38"",""yes_price_dollars"":""0.5200""}"
KXETH15M-26APR280500-00,c3edc9f0-af72-48ef-1e7b-307e15f0aa82,1777366175,0.51,10.0,yes,"{""count_fp"":""10.00"",""created_time"":""2026-04-28T08:49:35.145131Z"",""no_price_dollars"":""0.4900"",""taker_side"":""yes"",""ticker"":""KXETH15M-26APR280500-00"",""trade_id"":""c3edc9f0-af72-48ef-1e7b-307e15f0aa82"",""yes_price_dollars"":""0.5100""}"
KXETH15M-26APR280500-00,bc3cbb99-32a1-48b2-3d62-3a6deafadb74,1777366175,0.53,10.0,yes,"{""count_fp"":""10.00"",""created_time"":""2026-04-28T08:49:35.145131Z"",""no_price_dollars"":""0.4700"",""taker_side"":""yes"",""ticker"":""KXETH15M-26APR280500-00"",""trade_id"":""bc3cbb99-32a1-48b2-3d62-3a6deafadb74"",""yes_price_dollars"":""0.5300""}"
KXETH15M-26APR280500-00,bb1bc279-8d80-46e8-33ff-0fab56b058f4,1777366175,0.54,5.75,yes,"{""count_fp"":""5.75"",""created_time"":""2026-04-28T08:49:35.145131Z"",""no_price_dollars"":""0.4600"",""taker_side"":""yes"",""ticker"":""KXETH15M-26APR280500-00"",""trade_id"":""bb1bc279-8d80-46e8-33ff-0fab56b058f4"",""yes_price_dollars"":""0.5400""}"
KXETH15M-26APR280500-00,71ab79ac-3971-402b-19bd-bace52e7d236,1777366175,0.53,10.0,yes,"{""count_fp"":""10.00"",""created_time"":""2026-04-28T08:49:35.145131Z"",""no_price_dollars"":""0.4700"",""taker_side"":""yes"",""ticker"":""KXETH15M-26APR280500-00"",""trade_id"":""71ab79ac-3971-402b-19bd-bace52e7d236"",""yes_price_dollars"":""0.5300""}"
KXETH15M-26APR280500-00,33a044fa-7b4f-4181-1f47-f04bebac7ee1,1777366175,0.5,10.0,yes,"{""count_fp"":""10.00"",""created_time"":""2026-04-28T08:49:35.145131Z"",""no_price_dollars"":""0.5000"",""taker_side"":""yes"",""ticker"":""KXETH15M-26APR280500-00"",""trade_id"":""33a044fa-7b4f-4181-1f47-f04bebac7ee1"",""yes_price_dollars"":""0.5000""}"
KXETH15M-26APR280500-00,198290a7-cf33-46fc-f542-9e0265952c81,1777366189,0.48,1.0,no,"{""count_fp"":""1.00"",""created_time"":""2026-04-28T08:49:49.922741Z"",""no_price_dollars"":""0.5200"",""taker_side"":""no"",""ticker"":""KXETH15M-26APR280500-00"",""trade_id"":""198290a7-cf33-46fc-f542-9e0265952c81"",""yes_price_dollars"":""0.4800""}"
KXETH15M-26APR280500-00,4ee881a6-b35d-43d4-bd0d-d37d3120da84,1777366189,0.49,9.11,no,"{""count_fp"":""9.11"",""created_time"":""2026-04-28T08:49:49.275895Z"",""no_price_dollars"":""0.5100"",""taker_side"":""no"",""ticker"":""KXETH15M-26APR280500-00"",""trade_id"":""4ee881a6-b35d-43d4-bd0d-d37d3120da84"",""yes_price_dollars"":""0.4900""}"
KXETH15M-26APR280500-00,018e7220-33a5-44dc-9e42-c1d210480107,1777366189,0.5,10.0,no,"{""count_fp"":""10.00"",""created_time"":""2026-04-28T08:49:49.275895Z"",""no_price_dollars"":""0.5000"",""taker_side"":""no"",""ticker"":""KXETH15M-26APR280500-00"",""trade_id"":""018e7220-33a5-44dc-9e42-c1d210480107"",""yes_price_dollars"":""0.5000""}"
KXETH15M-26APR280500-00,eb6c0f08-69b4-4184-04b0-cf229f6cb5f9,1777366192,0.48,10.0,no,"{""count_fp"":""10.00"",""created_time"":""2026-04-28T08:49:52.186406Z"",""no_price_dollars"":""0.5200"",""taker_side"":""no"",""ticker"":""KXETH15M-26APR280500-00"",""trade_id"":""eb6c0f08-69b4-4184-04b0-cf229f6cb5f9"",""yes_price_dollars"":""0.4800""}"
KXETH15M-26APR280500-00,984a067b-b90a-46aa-1126-7bb17d6dea4f,1777366192,0.48,10.0,no,"{""count_fp"":""10.00"",""created_time"":""2026-04-28T08:49:52.186406Z"",""no_price_dollars"":""0.5200"",""taker_side"":""no"",""ticker"":""KXETH15M-26APR280500-00"",""trade_id"":""984a067b-b90a-46aa-1126-7bb17d6dea4f"",""yes_price_dollars"":""0.4800""}"
KXETH15M-26APR280500-00,a1297f31-0e69-7b5c-15f0-c2fab0846190,1777366193,0.48,10.0,no,"{""count_fp"":""10.00"",""created_time"":""2026-04-28T08:49:53.664787Z"",""no_price_dollars"":""0.5200"",""taker_side"":""no"",""ticker"":""KXETH15M-26APR280500-00"",""trade_id"":""a1297f31-0e69-7b5c-15f0-c2fab0846190"",""yes_price_dollars"":""0.4800""}"
KXETH15M-26APR280500-00,2f2df171-d20c-79b0-20d0-409975f48740,1777366193,0.48,10.0,no,"{""count_fp"":""10.00"",""created_time"":""2026-04-28T08:49:53.664787Z"",""no_price_dollars"":""0.5200"",""taker_side"":""no"",""ticker"":""KXETH15M-26APR280500-00"",""trade_id"":""2f2df171-d20c-79b0-20d0-409975f48740"",""yes_price_dollars"":""0.4800""}"
KXETH15M-26APR280500-00,ddb314fd-2663-680f-9d09-d78c8e9dfec0,1777366193,0.49,10.0,yes,"{""count_fp"":""10.00"",""created_time"":""2026-04-28T08:49:53.098615Z"",""no_price_dollars"":""0.5100"",""taker_side"":""yes"",""ticker"":""KXETH15M-26APR280500-00"",""trade_id"":""ddb314fd-2663-680f-9d09-d78c8e9dfec0"",""yes_price_dollars"":""0.4900""}"
KXETH15M-26APR280500-00,d9b6d15b-a957-6aa4-8dd0-7c4b66f9f943,1777366193,0.48,10.0,yes,"{""count_fp"":""10.00"",""created_time"":""2026-04-28T08:49:53.098615Z"",""no_price_dollars"":""0.5200"",""taker_side"":""yes"",""ticker"":""KXETH15M-26APR280500-00"",""trade_id"":""d9b6d15b-a957-6aa4-8dd0-7c4b66f9f943"",""yes_price_dollars"":""0.4800""}"
KXETH15M-26APR280500-00,cf51053f-fd61-6335-9232-0ab1b46dedba,1777366193,0.47,10.0,yes,"{""count_fp"":""10.00"",""created_time"":""2026-04-28T08:49:53.098615Z"",""no_price_dollars"":""0.5300"",""taker_side"":""yes"",""ticker"":""KXETH15M-26APR280500-00"",""trade_id"":""cf51053f-fd61-6335-9232-0ab1b46dedba"",""yes_price_dollars"":""0.4700""}"
KXETH15M-26APR280500-00,362d8707-8e33-6713-be5f-63bcb56f904e,1777366193,0.49,10.0,yes,"{""count_fp"":""10.00"",""created_time"":""2026-04-28T08:49:53.098615Z"",""no_price_dollars"":""0.5100"",""taker_side"":""yes"",""ticker"":""KXETH15M-26APR280500-00"",""trade_id"":""362d8707-8e33-6713-be5f-63bcb56f904e"",""yes_price_dollars"":""0.4900""}"
KXETH15M-26APR280500-00,5b1f11eb-e3f7-4c65-8a35-ed249e496cff,1777366197,0.45,1.0,no,"{""count_fp"":""1.00"",""created_time"":""2026-04-28T08:49:57.605447Z"",""no_price_dollars"":""0.5500"",""taker_side"":""no"",""ticker"":""KXETH15M-26APR280500-00"",""trade_id"":""5b1f11eb-e3f7-4c65-8a35-ed249e496cff"",""yes_price_dollars"":""0.4500""}"
KXETH15M-26APR280500-00,745719d6-dfee-5147-4b5e-aee92808dbc3,1777366199,0.43,6.0,yes,"{""count_fp"":""6.00"",""created_time"":""2026-04-28T08:49:59.814827Z"",""no_price_dollars"":""0.5700"",""taker_side"":""yes"",""ticker"":""KXETH15M-26APR280500-00"",""trade_id"":""745719d6-dfee-5147-4b5e-aee92808dbc3"",""yes_price_dollars"":""0.4300""}"
KXETH15M-26APR280500-00,7ffd312e-041e-4cf7-5ddf-890fedd7fbdf,1777366199,0.43,4.0,yes,"{""count_fp"":""4.00"",""created_time"":""2026-04-28T08:49:59.789618Z"",""no_price_dollars"":""0.5700"",""taker_side"":""yes"",""ticker"":""KXETH15M-26APR280500-00"",""trade_id"":""7ffd312e-041e-4cf7-5ddf-890fedd7fbdf"",""yes_price_dollars"":""0.4300""}"
KXETH15M-26APR280500-00,5aea07b4-3b56-491e-6b04-6c9218afc4be,1777366201,0.3,10.0,no,"{""count_fp"":""10.00"",""created_time"":""2026-04-28T08:50:01.933576Z"",""no_price_dollars"":""0.7000"",""taker_side"":""no"",""ticker"":""KXETH15M-26APR280500-00"",""trade_id"":""5aea07b4-3b56-491e-6b04-6c9218afc4be"",""yes_price_dollars"":""0.3000""}"
KXETH15M-26APR280500-00,41624dd6-6576-4978-333d-a90ff76677e5,1777366201,0.3,10.0,no,"{""count_fp"":""10.00"",""created_time"":""2026-04-28T08:50:01.853307Z"",""no_price_dollars"":""0.7000"",""taker_side"":""no"",""ticker"":""KXETH15M-26APR280500-00"",""trade_id"":""41624dd6-6576-4978-333d-a90ff76677e5"",""yes_price_dollars"":""0.3000""}"
KXETH15M-26APR280500-00,f845142e-405b-6325-4a27-e81deb3892b0,1777366201,0.31,10.0,yes,"{""count_fp"":""10.00"",""created_time"":""2026-04-28T08:50:01.825236Z"",""no_price_dollars"":""0.6900"",""taker_side"":""yes"",""ticker"":""KXETH15M-26APR280500-00"",""trade_id"":""f845142e-405b-6325-4a27-e81deb3892b0"",""yes_price_dollars"":""0.3100""}"
KXETH15M-26APR280500-00,26b168d3-191c-4c85-2357-0aeac916441c,1777366201,0.33,106.0,no,"{""count_fp"":""106.00"",""created_time"":""2026-04-28T08:50:01.803841Z"",""no_price_dollars"":""0.6700"",""taker_side"":""no"",""ticker"":""KXETH15M-26APR280500-00"",""trade_id"":""26b168d3-191c-4c85-2357-0aeac916441c"",""yes_price_dollars"":""0.3300""}"
KXETH15M-26APR280500-00,7eb3837e-d9a0-5d09-c013-01d9735c0d57,1777366201,0.33,10.0,yes,"{""count_fp"":""10.00"",""created_time"":""2026-04-28T08:50:01.801934Z"",""no_price_dollars"":""0.6700"",""taker_side"":""yes"",""ticker"":""KXETH15M-26APR280500-00"",""trade_id"":""7eb3837e-d9a0-5d09-c013-01d9735c0d57"",""yes_price_dollars"":""0.3300""}"
KXETH15M-26APR280500-00,b1c195fa-0c14-52bb-6e17-f839abe1fcf3,1777366201,0.32,10.0,yes,"{""count_fp"":""10.00"",""created_time"":""2026-04-28T08:50:01.799684Z"",""no_price_dollars"":""0.6800"",""taker_side"":""yes"",""ticker"":""KXETH15M-26APR280500-00"",""trade_id"":""b1c195fa-0c14-52bb-6e17-f839abe1fcf3"",""yes_price_dollars"":""0.3200""}"
KXETH15M-26APR280500-00,333e8eb8-6452-7a86-0428-86297cad928f,1777366201,0.36,26.0,no,"{""count_fp"":""26.00"",""created_time"":""2026-04-28T08:50:01.786118Z"",""no_price_dollars"":""0.6400"",""taker_side"":""no"",""ticker"":""KXETH15M-26APR280500-00"",""trade_id"":""333e8eb8-6452-7a86-0428-86297cad928f"",""yes_price_dollars"":""0.3600""}"
KXETH15M-26APR280500-00,990d7ccc-8a22-6312-52bd-8df2d628483f,1777366201,0.36,11.0,no,"{""count_fp"":""11.00"",""created_time"":""2026-04-28T08:50:01.785484Z"",""no_price_dollars"":""0.6400"",""taker_side"":""no"",""ticker"":""KXETH15M-26APR280500-00"",""trade_id"":""990d7ccc-8a22-6312-52bd-8df2d628483f"",""yes_price_dollars"":""0.3600""}"
KXETH15M-26APR280500-00,b228a0cb-8d62-64ee-efaa-57f4a5f3867f,1777366201,0.36,43.0,no,"{""count_fp"":""43.00"",""created_time"":""2026-04-28T08:50:01.783538Z"",""no_price_dollars"":""0.6400"",""taker_side"":""no"",""ticker"":""KXETH15M-26APR280500-00"",""trade_id"":""b228a0cb-8d62-64ee-efaa-57f4a5f3867f"",""yes_price_dollars"":""0.3600""}"
KXETH15M-26APR280500-00,d0ddf78d-0aa4-4dc6-6ea1-e426bc9c5f96,1777366201,0.35,10.0,yes,"{""count_fp"":""10.00"",""created_time"":""2026-04-28T08:50:01.781658Z"",""no_price_dollars"":""0.6500"",""taker_side"":""yes"",""ticker"":""KXETH15M-26APR280500-00"",""trade_id"":""d0ddf78d-0aa4-4dc6-6ea1-e426bc9c5f96"",""yes_price_dollars"":""0.3500""}"
KXETH15M-26APR280500-00,bfbef615-65b2-4bca-69c4-622bf93de762,1777366201,0.34,10.0,yes,"{""count_fp"":""10.00"",""created_time"":""2026-04-28T08:50:01.781658Z"",""no_price_dollars"":""0.6600"",""taker_side"":""yes"",""ticker"":""KXETH15M-26APR280500-00"",""trade_id"":""bfbef615-65b2-4bca-69c4-622bf93de762"",""yes_price_dollars"":""0.3400""}"
KXETH15M-26APR280500-00,576eb99f-787c-7050-e695-b6591a8dd831,1777366201,0.31,10.0,no,"{""count_fp"":""10.00"",""created_time"":""2026-04-28T08:50:01.770473Z"",""no_price_dollars"":""0.6900"",""taker_side"":""no"",""ticker"":""KXETH15M-26APR280500-00"",""trade_id"":""576eb99f-787c-7050-e695-b6591a8dd831"",""yes_price_dollars"":""0.3100""}"
KXETH15M-26APR280500-00,3320c291-6e0f-7a5c-e849-eccbf7145245,1777366201,0.28,10.0,no,"{""count_fp"":""10.00"",""created_time"":""2026-04-28T08:50:01.770473Z"",""no_price_dollars"":""0.7200"",""taker_side"":""no"",""ticker"":""KXETH15M-26APR280500-00"",""trade_id"":""3320c291-6e0f-7a5c-e849-eccbf7145245"",""yes_price_dollars"":""0.2800""}"
KXETH15M-26APR280500-00,2694f722-8c8d-77b8-d8e5-1223e22f5923,1777366201,0.28,90.0,no,"{""count_fp"":""90.00"",""created_time"":""2026-04-28T08:50:01.770473Z"",""no_price_dollars"":""0.7200"",""taker_side"":""no"",""ticker"":""KXETH15M-26APR280500-00"",""trade_id"":""2694f722-8c8d-77b8-d8e5-1223e22f5923"",""yes_price_dollars"":""0.2800""}"
KXETH15M-26APR280500-00,f2d4ad40-41db-504c-dc07-0641e4cb2571,1777366201,0.35,10.0,no,"{""count_fp"":""10.00"",""created_time"":""2026-04-28T08:50:01.758448Z"",""no_price_dollars"":""0.6500"",""taker_side"":""no"",""ticker"":""KXETH15M-26APR280500-00"",""trade_id"":""f2d4ad40-41db-504c-dc07-0641e4cb2571"",""yes_price_dollars"":""0.3500""}"
KXETH15M-26APR280500-00,8989f218-1c21-5567-fe50-4d75556d936e,1777366201,0.36,1.0,no,"{""count_fp"":""1.00"",""created_time"":""2026-04-28T08:50:01.758448Z"",""no_price_dollars"":""0.6400"",""taker_side"":""no"",""ticker"":""KXETH15M-26APR280500-00"",""trade_id"":""8989f218-1c21-5567-fe50-4d75556d936e"",""yes_price_dollars"":""0.3600""}"
KXETH15M-26APR280500-00,2cac85bb-e3b0-4ee4-caec-2f5e1c4e45a7,1777366201,0.37,4.0,no,"{""count_fp"":""4.00"",""created_time"":""2026-04-28T08:50:01.756177Z"",""no_price_dollars"":""0.6300"",""taker_side"":""no"",""ticker"":""KXETH15M-26APR280500-00"",""trade_id"":""2cac85bb-e3b0-4ee4-caec-2f5e1c4e45a7"",""yes_price_dollars"":""0.3700""}"
KXETH15M-26APR280500-00,c5342bd2-7034-4fb8-4ca9-8f007c0d3c4b,1777366201,0.37,96.0,no,"{""count_fp"":""96.00"",""created_time"":""2026-04-28T08:50:01.754539Z"",""no_price_dollars"":""0.6300"",""taker_side"":""no"",""ticker"":""KXETH15M-26APR280500-00"",""trade_id"":""c5342bd2-7034-4fb8-4ca9-8f007c0d3c4b"",""yes_price_dollars"":""0.3700""}"
KXETH15M-26APR280500-00,43aee4bd-0e19-7ce2-0879-e2a160b447bb,1777366201,0.39,32.0,no,"{""count_fp"":""32.00"",""created_time"":""2026-04-28T08:50:01.742974Z"",""no_price_dollars"":""0.6100"",""taker_side"":""no"",""ticker"":""KXETH15M-26APR280500-00"",""trade_id"":""43aee4bd-0e19-7ce2-0879-e2a160b447bb"",""yes_price_dollars"":""0.3900""}"
KXETH15M-26APR280500-00,3bf849c7-2b47-7925-3b10-44bed8f71ea3,1777366201,0.37,50.0,no,"{""count_fp"":""50.00"",""created_time"":""2026-04-28T08:50:01.742974Z"",""no_price_dollars"":""0.6300"",""taker_side"":""no"",""ticker"":""KXETH15M-26APR280500-00"",""trade_id"":""3bf849c7-2b47-7925-3b10-44bed8f71ea3"",""yes_price_dollars"":""0.3700""}"
KXETH15M-26APR280500-00,6fdfd062-a2b5-7262-e929-45f7e4342e47,1777366201,0.39,14.0,no,"{""count_fp"":""14.00"",""created_time"":""2026-04-28T08:50:01.739116Z"",""no_price_dollars"":""0.6100"",""taker_side"":""no"",""ticker"":""KXETH15M-26APR280500-00"",""trade_id"":""6fdfd062-a2b5-7262-e929-45f7e4342e47"",""yes_price_dollars"":""0.3900""}"
KXETH15M-26APR280500-00,2cb9aeb5-6299-6dc6-a0dc-9b35f16f3c9b,1777366201,0.39,14.0,no,"{""count_fp"":""14.00"",""created_time"":""2026-04-28T08:50:01.737445Z"",""no_price_dollars"":""0.6100"",""taker_side"":""no"",""ticker"":""KXETH15M-26APR280500-00"",""trade_id"":""2cb9aeb5-6299-6dc6-a0dc-9b35f16f3c9b"",""yes_price_dollars"":""0.3900""}"
KXETH15M-26APR280500-00,a55a1126-2839-5c00-0e6c-8e1d6d77becf,1777366201,0.41,14.0,no,"{""count_fp"":""14.00"",""created_time"":""2026-04-28T08:50:01.714832Z"",""no_price_dollars"":""0.5900"",""taker_side"":""no"",""ticker"":""KXETH15M-26APR280500-00"",""trade_id"":""a55a1126-2839-5c00-0e6c-8e1d6d77becf"",""yes_price_dollars"":""0.4100""}"
KXETH15M-26APR280500-00,55fa4f52-9591-66fe-0c74-5f9d382a4a2f,1777366201,0.43,4.0,no,"{""count_fp"":""4.00"",""created_time"":""2026-04-28T08:50:01.711213Z"",""no_price_dollars"":""0.5700"",""taker_side"":""no"",""ticker"":""KXETH15M-26APR280500-00"",""trade_id"":""55fa4f52-9591-66fe-0c74-5f9d382a4a2f"",""yes_price_dollars"":""0.4300""}"
KXETH15M-26APR280500-00,19dc837b-4b2b-607b-243b-2920379f5035,1777366201,0.42,10.0,no,"{""count_fp"":""10.00"",""created_time"":""2026-04-28T08:50:01.711213Z"",""no_price_dollars"":""0.5800"",""taker_side"":""no"",""ticker"":""KXETH15M-26APR280500-00"",""trade_id"":""19dc837b-4b2b-607b-243b-2920379f5035"",""yes_price_dollars"":""0.4200""}"
KXETH15M-26APR280500-00,6528373f-2ad4-5d33-5265-7ebd2d7de9ac,1777366202,0.28,10.0,no,"{""count_fp"":""10.00"",""created_time"":""2026-04-28T08:50:02.139706Z"",""no_price_dollars"":""0.7200"",""taker_side"":""no"",""ticker"":""KXETH15M-26APR280500-00"",""trade_id"":""6528373f-2ad4-5d33-5265-7ebd2d7de9ac"",""yes_price_dollars"":""0.2800""}"
KXETH15M-26APR280500-00,ca88f523-1ea1-6f5d-1962-4264d9bb8692,1777366202,0.29,10.0,no,"{""count_fp"":""10.00"",""created_time"":""2026-04-28T08:50:02.120885Z"",""no_price_dollars"":""0.7100"",""taker_side"":""no"",""ticker"":""KXETH15M-26APR280500-00"",""trade_id"":""ca88f523-1ea1-6f5d-1962-4264d9bb8692"",""yes_price_dollars"":""0.2900""}"
KXETH15M-26APR280500-00,0b60b778-4f53-636c-053c-75f0d91b97cf,1777366202,0.29,10.0,no,"{""count_fp"":""10.00"",""created_time"":""2026-04-28T08:50:02.120885Z"",""no_price_dollars"":""0.7100"",""taker_side"":""no"",""ticker"":""KXETH15M-26APR280500-00"",""trade_id"":""0b60b778-4f53-636c-053c-75f0d91b97cf"",""yes_price_dollars"":""0.2900""}"
KXETH15M-26APR280500-00,caae2fda-5498-4884-22f8-dd622e5b20d7,1777366203,0.32,11.88,yes,"{""count_fp"":""11.88"",""created_time"":""2026-04-28T08:50:03.106595Z"",""no_price_dollars"":""0.6800"",""taker_side"":""yes"",""ticker"":""KXETH15M-26APR280500-00"",""trade_id"":""caae2fda-5498-4884-22f8-dd622e5b20d7"",""yes_price_dollars"":""0.3200""}"
KXETH15M-26APR280500-00,5d6d4be3-8330-4de6-213a-30b8bc06ad48,1777366203,0.32,10.0,yes,"{""count_fp"":""10.00"",""created_time"":""2026-04-28T08:50:03.106595Z"",""no_price_dollars"":""0.6800"",""taker_side"":""yes"",""ticker"":""KXETH15M-26APR280500-00"",""trade_id"":""5d6d4be3-8330-4de6-213a-30b8bc06ad48"",""yes_price_dollars"":""0.3200""}"
KXETH15M-26APR280500-00,7e228000-66c7-659e-1e94-e6e632d8e6d2,1777366204,0.29,100.0,no,"{""count_fp"":""100.00"",""created_time"":""2026-04-28T08:50:04.712463Z"",""no_price_dollars"":""0.7100"",""taker_side"":""no"",""ticker"":""KXETH15M-26APR280500-00"",""trade_id"":""7e228000-66c7-659e-1e94-e6e632d8e6d2"",""yes_price_dollars"":""0.2900""}"
KXETH15M-26APR280500-00,e54673f4-9274-743e-6075-aae057af73d5,1777366204,0.3,10.0,no,"{""count_fp"":""10.00"",""created_time"":""2026-04-28T08:50:04.700321Z"",""no_price_dollars"":""0.7000"",""taker_side"":""no"",""ticker"":""KXETH15M-26APR280500-00"",""trade_id"":""e54673f4-9274-743e-6075-aae057af73d5"",""yes_price_dollars"":""0.3000""}"
KXETH15M-26APR280500-00,b3cd5e49-68d0-7a31-67bd-731feb3715c4,1777366204,0.3,10.0,no,"{""count_fp"":""10.00"",""created_time"":""2026-04-28T08:50:04.700321Z"",""no_price_dollars"":""0.7000"",""taker_side"":""no"",""ticker"":""KXETH15M-26APR280500-00"",""trade_id"":""b3cd5e49-68d0-7a31-67bd-731feb3715c4"",""yes_price_dollars"":""0.3000""}"
KXETH15M-26APR280500-00,22664d5b-2116-44b7-ee15-8613b8553518,1777366204,0.32,9.0,no,"{""count_fp"":""9.00"",""created_time"":""2026-04-28T08:50:04.067173Z"",""no_price_dollars"":""0.6800"",""taker_side"":""no"",""ticker"":""KXETH15M-26APR280500-00"",""trade_id"":""22664d5b-2116-44b7-ee15-8613b8553518"",""yes_price_dollars"":""0.3200""}"
KXETH15M-26APR280500-00,b40c8129-9654-5750-fd0d-e5783b54706a,1777366207,0.26,10.0,yes,"{""count_fp"":""10.00"",""created_time"":""2026-04-28T08:50:07.916913Z"",""no_price_dollars"":""0.7400"",""taker_side"":""yes"",""ticker"":""KXETH15M-26APR280500-00"",""trade_id"":""b40c8129-9654-5750-fd0d-e5783b54706a"",""yes_price_dollars"":""0.2600""}"
KXETH15M-26APR280500-00,e2e60d05-e19e-4620-2584-126059af8a3f,1777366207,0.26,100.0,no,"{""count_fp"":""100.00"",""created_time"":""2026-04-28T08:50:07.671481Z"",""no_price_dollars"":""0.7400"",""taker_side"":""no"",""ticker"":""KXETH15M-26APR280500-00"",""trade_id"":""e2e60d05-e19e-4620-2584-126059af8a3f"",""yes_price_dollars"":""0.2600""}"
KXETH15M-26APR280500-00,c5217f75-3d8a-737d-ba33-3e7b26d5dbb7,1777366207,0.28,10.0,no,"{""count_fp"":""10.00"",""created_time"":""2026-04-28T08:50:07.567258Z"",""no_price_dollars"":""0.7200"",""taker_side"":""no"",""ticker"":""KXETH15M-26APR280500-00"",""trade_id"":""c5217f75-3d8a-737d-ba33-3e7b26d5dbb7"",""yes_price_dollars"":""0.2800""}"
KXETH15M-26APR280500-00,73c41a32-0cc0-7233-a182-b3913e7efb77,1777366207,0.28,10.0,no,"{""count_fp"":""10.00"",""created_time"":""2026-04-28T08:50:07.567258Z"",""no_price_dollars"":""0.7200"",""taker_side"":""no"",""ticker"":""KXETH15M-26APR280500-00"",""trade_id"":""73c41a32-0cc0-7233-a182-b3913e7efb77"",""yes_price_dollars"":""0.2800""}"
KXETH15M-26APR280500-00,014ec2a1-1048-4958-ddbd-2a911d8e2b87,1777366208,0.26,8.0,yes,"{""count_fp"":""8.00"",""created_time"":""2026-04-28T08:50:08.249183Z"",""no_price_dollars"":""0.7400"",""taker_side"":""yes"",""ticker"":""KXETH15M-26APR280500-00"",""trade_id"":""014ec2a1-1048-4958-ddbd-2a911d8e2b87"",""yes_price_dollars"":""0.2600""}"
KXETH15M-26APR280500-00,5d43cdd7-388f-47d8-7345-083914377e05,1777366213,0.29,5.29,yes,"{""count_fp"":""5.29"",""created_time"":""2026-04-28T08:50:13.035651Z"",""no_price_dollars"":""0.7100"",""taker_side"":""yes"",""ticker"":""KXETH15M-26APR280500-00"",""trade_id"":""5d43cdd7-388f-47d8-7345-083914377e05"",""yes_price_dollars"":""0.2900""}"
KXETH15M-26APR280500-00,51431835-3602-7a63-9935-cd67e103d1bf,1777366214,0.29,0.28,yes,"{""count_fp"":""0.28"",""created_time"":""2026-04-28T08:50:14.844012Z"",""no_price_dollars"":""0.7100"",""taker_side"":""yes"",""ticker"":""KXETH15M-26APR280500-00"",""trade_id"":""51431835-3602-7a63-9935-cd67e103d1bf"",""yes_price_dollars"":""0.2900""}"
KXETH15M-26APR280500-00,9849eb80-e446-6777-a28d-b4d0949031ff,1777366214,0.29,9.72,yes,"{""count_fp"":""9.72"",""created_time"":""2026-04-28T08:50:14.833177Z"",""no_price_dollars"":""0.7100"",""taker_side"":""yes"",""ticker"":""KXETH15M-26APR280500-00"",""trade_id"":""9849eb80-e446-6777-a28d-b4d0949031ff"",""yes_price_dollars"":""0.2900""}"
KXETH15M-26APR280500-00,16e11069-667d-6c66-8d4b-1072763882ce,1777366214,0.29,10.28,yes,"{""count_fp"":""10.28"",""created_time"":""2026-04-28T08:50:14.833177Z"",""no_price_dollars"":""0.7100"",""taker_side"":""yes"",""ticker"":""KXETH15M-26APR280500-00"",""trade_id"":""16e11069-667d-6c66-8d4b-1072763882ce"",""yes_price_dollars"":""0.2900""}"
KXETH15M-26APR280500-00,cde96ff8-7d80-5b42-c4e1-895a6b27cb89,1777366217,0.28,10.0,no,"{""count_fp"":""10.00"",""created_time"":""2026-04-28T08:50:17.233718Z"",""no_price_dollars"":""0.7200"",""taker_side"":""no"",""ticker"":""KXETH15M-26APR280500-00"",""trade_id"":""cde96ff8-7d80-5b42-c4e1-895a6b27cb89"",""yes_price_dollars"":""0.2800""}"
KXETH15M-26APR280500-00,98e82b62-6f0a-5a56-ee25-ebcd08f181b1,1777366217,0.28,14.05,no,"{""count_fp"":""14.05"",""created_time"":""2026-04-28T08:50:17.233718Z"",""no_price_dollars"":""0.7200"",""taker_side"":""no"",""ticker"":""KXETH15M-26APR280500-00"",""trade_id"":""98e82b62-6f0a-5a56-ee25-ebcd08f181b1"",""yes_price_dollars"":""0.2800""}"
KXETH15M-26APR280500-00,1b1bd462-0cd1-5456-d698-8e7fdef5427c,1777366217,0.28,10.0,no,"{""count_fp"":""10.00"",""created_time"":""2026-04-28T08:50:17.233718Z"",""no_price_dollars"":""0.7200"",""taker_side"":""no"",""ticker"":""KXETH15M-26APR280500-00"",""trade_id"":""1b1bd462-0cd1-5456-d698-8e7fdef5427c"",""yes_price_dollars"":""0.2800""}"
KXETH15M-26APR280500-00,7861c448-3006-5676-d30b-88a7a9d7b45c,1777366222,0.28,6.8,yes,"{""count_fp"":""6.80"",""created_time"":""2026-04-28T08:50:22.944208Z"",""no_price_dollars"":""0.7200"",""taker_side"":""yes"",""ticker"":""KXETH15M-26APR280500-00"",""trade_id"":""7861c448-3006-5676-d30b-88a7a9d7b45c"",""yes_price_dollars"":""0.2800""}"
KXETH15M-26APR280500-00,26152f78-62c8-7cf4-d178-a1ef824963f8,1777366223,0.26,7.17,no,"{""count_fp"":""7.17"",""created_time"":""2026-04-28T08:50:23.441934Z"",""no_price_dollars"":""0.7400"",""taker_side"":""no"",""ticker"":""KXETH15M-26APR280500-00"",""trade_id"":""26152f78-62c8-7cf4-d178-a1ef824963f8"",""yes_price_dollars"":""0.2600""}"
KXETH15M-26APR280500-00,c4dd0907-d9d1-6c8b-8593-55237d38618e,1777366228,0.31,1.0,no,"{""count_fp"":""1.00"",""created_time"":""2026-04-28T08:50:28.897888Z"",""no_price_dollars"":""0.6900"",""taker_side"":""no"",""ticker"":""KXETH15M-26APR280500-00"",""trade_id"":""c4dd0907-d9d1-6c8b-8593-55237d38618e"",""yes_price_dollars"":""0.3100""}"
KXETH15M-26APR280500-00,163476b8-b597-51bb-3dd2-7f17daef10b0,1777366228,0.33,10.0,yes,"{""count_fp"":""10.00"",""created_time"":""2026-04-28T08:50:28.059812Z"",""no_price_dollars"":""0.6700"",""taker_side"":""yes"",""ticker"":""KXETH15M-26APR280500-00"",""trade_id"":""163476b8-b597-51bb-3dd2-7f17daef10b0"",""yes_price_dollars"":""0.3300""}"
KXETH15M-26APR280500-00,0bbebd17-af60-5201-195d-f928face3b81,1777366228,0.33,10.0,yes,"{""count_fp"":""10.00"",""created_time"":""2026-04-28T08:50:28.059812Z"",""no_price_dollars"":""0.6700"",""taker_side"":""yes"",""ticker"":""KXETH15M-26APR280500-00"",""trade_id"":""0bbebd17-af60-5201-195d-f928face3b81"",""yes_price_dollars"":""0.3300""}"
KXETH15M-26APR280500-00,a8988b59-65ab-6a15-388a-483aeb8a5d9d,1777366229,0.34,10.0,yes,"{""count_fp"":""10.00"",""created_time"":""2026-04-28T08:50:29.361023Z"",""no_price_dollars"":""0.6600"",""taker_side"":""yes"",""ticker"":""KXETH15M-26APR280500-00"",""trade_id"":""a8988b59-65ab-6a15-388a-483aeb8a5d9d"",""yes_price_dollars"":""0.3400""}"
KXETH15M-26APR280500-00,edde1e92-b3ea-4026-d2a7-ecd756ce44fd,1777366230,0.31,22.35,no,"{""count_fp"":""22.35"",""created_time"":""2026-04-28T08:50:30.876665Z"",""no_price_dollars"":""0.6900"",""taker_side"":""no"",""ticker"":""KXETH15M-26APR280500-00"",""trade_id"":""edde1e92-b3ea-4026-d2a7-ecd756ce44fd"",""yes_price_dollars"":""0.3100""}"
KXETH15M-26APR280500-00,20a101a0-43e1-4832-8ac6-0918edfcbc2b,1777366231,0.3,10.0,yes,"{""count_fp"":""10.00"",""created_time"":""2026-04-28T08:50:31.969749Z"",""no_price_dollars"":""0.7000"",""taker_side"":""yes"",""ticker"":""KXETH15M-26APR280500-00"",""trade_id"":""20a101a0-43e1-4832-8ac6-0918edfcbc2b"",""yes_price_dollars"":""0.3000""}"
KXETH15M-26APR280500-00,2ffb7eef-a09c-533f-67fa-63f9f5eb937d,1777366231,0.31,10.0,no,"{""count_fp"":""10.00"",""created_time"":""2026-04-28T08:50:31.037113Z"",""no_price_dollars"":""0.6900"",""taker_side"":""no"",""ticker"":""KXETH15M-26APR280500-00"",""trade_id"":""2ffb7eef-a09c-533f-67fa-63f9f5eb937d"",""yes_price_dollars"":""0.3100""}"
KXETH15M-26APR280500-00,d5c6bc91-fcc1-4529-0151-9a5e6877867f,1777366237,0.29,1.0,yes,"{""count_fp"":""1.00"",""created_time"":""2026-04-28T08:50:37.197519Z"",""no_price_dollars"":""0.7100"",""taker_side"":""yes"",""ticker"":""KXETH15M-26APR280500-00"",""trade_id"":""d5c6bc91-fcc1-4529-0151-9a5e6877867f"",""yes_price_dollars"":""0.2900""}"
KXETH15M-26APR280500-00,64d1489d-ba38-490c-31e4-b1d8693d5581,1777366238,0.29,10.0,yes,"{""count_fp"":""10.00"",""created_time"":""2026-04-28T08:50:38.571067Z"",""no_price_dollars"":""0.7100"",""taker_side"":""yes"",""ticker"":""KXETH15M-26APR280500-00"",""trade_id"":""64d1489d-ba38-490c-31e4-b1d8693d5581"",""yes_price_dollars"":""0.2900""}"
KXETH15M-26APR280500-00,88e14cb9-a9e3-5709-41f2-612f01736d0f,1777366238,0.28,2.04,no,"{""count_fp"":""2.04"",""created_time"":""2026-04-28T08:50:38.317703Z"",""no_price_dollars"":""0.7200"",""taker_side"":""no"",""ticker"":""KXETH15M-26APR280500-00"",""trade_id"":""88e14cb9-a9e3-5709-41f2-612f01736d0f"",""yes_price_dollars"":""0.2800""}"
KXETH15M-26APR280500-00,ecdd01b7-40a1-73af-d5de-259fc8be8df1,1777366246,0.25,5.0,no,"{""count_fp"":""5.00"",""created_time"":""2026-04-28T08:50:46.903005Z"",""no_price_dollars"":""0.7500"",""taker_side"":""no"",""ticker"":""KXETH15M-26APR280500-00"",""trade_id"":""ecdd01b7-40a1-73af-d5de-259fc8be8df1"",""yes_price_dollars"":""0.2500""}"
KXETH15M-26APR280500-00,a4e496d2-34f3-4b40-fb62-214c70659315,1777366246,0.27,10.0,no,"{""count_fp"":""10.00"",""created_time"":""2026-04-28T08:50:46.811688Z"",""no_price_dollars"":""0.7300"",""taker_side"":""no"",""ticker"":""KXETH15M-26APR280500-00"",""trade_id"":""a4e496d2-34f3-4b40-fb62-214c70659315"",""yes_price_dollars"":""0.2700""}"
KXETH15M-26APR280500-00,a28bee1e-5eb6-4082-d057-1ba9aec1e0d5,1777366246,0.27,100.0,no,"{""count_fp"":""100.00"",""created_time"":""2026-04-28T08:50:46.811688Z"",""no_price_dollars"":""0.7300"",""taker_side"":""no"",""ticker"":""KXETH15M-26APR280500-00"",""trade_id"":""a28bee1e-5eb6-4082-d057-1ba9aec1e0d5"",""yes_price_dollars"":""0.2700""}"
KXETH15M-26APR280500-00,1a94d92f-4c68-420b-fd75-a49072c04b6d,1777366246,0.27,10.0,no,"{""count_fp"":""10.00"",""created_time"":""2026-04-28T08:50:46.811688Z"",""no_price_dollars"":""0.7300"",""taker_side"":""no"",""ticker"":""KXETH15M-26APR280500-00"",""trade_id"":""1a94d92f-4c68-420b-fd75-a49072c04b6d"",""yes_price_dollars"":""0.2700""}"
KXETH15M-26APR280500-00,01795eab-5b92-4091-d245-8ce5339ad746,1777366246,0.26,10.0,no,"{""count_fp"":""10.00"",""created_time"":""2026-04-28T08:50:46.811688Z"",""no_price_dollars"":""0.7400"",""taker_side"":""no"",""ticker"":""KXETH15M-26APR280500-00"",""trade_id"":""01795eab-5b92-4091-d245-8ce5339ad746"",""yes_price_dollars"":""0.2600""}"
KXETH15M-26APR280500-00,094c65a4-065d-51b4-8720-828a1065e7ee,1777366246,0.29,90.0,no,"{""count_fp"":""90.00"",""created_time"":""2026-04-28T08:50:46.263223Z"",""no_price_dollars"":""0.7100"",""taker_side"":""no"",""ticker"":""KXETH15M-26APR280500-00"",""trade_id"":""094c65a4-065d-51b4-8720-828a1065e7ee"",""yes_price_dollars"":""0.2900""}"
KXETH15M-26APR280500-00,73584400-e762-55ee-7b79-c452c0e4d7b5,1777366247,0.23,5.0,yes,"{""count_fp"":""5.00"",""created_time"":""2026-04-28T08:50:47.244386Z"",""no_price_dollars"":""0.7700"",""taker_side"":""yes"",""ticker"":""KXETH15M-26APR280500-00"",""trade_id"":""73584400-e762-55ee-7b79-c452c0e4d7b5"",""yes_price_dollars"":""0.2300""}"
KXETH15M-26APR280500-00,c0f77830-8198-74be-9e94-026760035bf7,1777366251,0.22,1.0,no,"{""count_fp"":""1.00"",""created_time"":""2026-04-28T08:50:51.785403Z"",""no_price_dollars"":""0.7800"",""taker_side"":""no"",""ticker"":""KXETH15M-26APR280500-00"",""trade_id"":""c0f77830-8198-74be-9e94-026760035bf7"",""yes_price_dollars"":""0.2200""}"
KXETH15M-26APR280500-00,50f01580-5fa8-4de2-37a0-b4ee9a9b7bff,1777366251,0.22,15.59,no,"{""count_fp"":""15.59"",""created_time"":""2026-04-28T08:50:51.163934Z"",""no_price_dollars"":""0.7800"",""taker_side"":""no"",""ticker"":""KXETH15M-26APR280500-00"",""trade_id"":""50f01580-5fa8-4de2-37a0-b4ee9a9b7bff"",""yes_price_dollars"":""0.2200""}"
KXETH15M-26APR280500-00,2acb4cf7-4661-4f21-300e-d32f7c66d026,1777366251,0.22,5.0,no,"{""count_fp"":""5.00"",""created_time"":""2026-04-28T08:50:51.163934Z"",""no_price_dollars"":""0.7800"",""taker_side"":""no"",""ticker"":""KXETH15M-26APR280500-00"",""trade_id"":""2acb4cf7-4661-4f21-300e-d32f7c66d026"",""yes_price_dollars"":""0.2200""}"
KXETH15M-26APR280500-00,8b1330c3-f556-44a1-6d32-601663354769,1777366252,0.21,10.0,yes,"{""count_fp"":""10.00"",""created_time"":""2026-04-28T08:50:52.744027Z"",""no_price_dollars"":""0.7900"",""taker_side"":""yes"",""ticker"":""KXETH15M-26APR280500-00"",""trade_id"":""8b1330c3-f556-44a1-6d32-601663354769"",""yes_price_dollars"":""0.2100""}"
KXETH15M-26APR280500-00,d39abf75-3545-54ec-0cfc-018e4cff0dc0,1777366252,0.22,10.0,no,"{""count_fp"":""10.00"",""created_time"":""2026-04-28T08:50:52.617915Z"",""no_price_dollars"":""0.7800"",""taker_side"":""no"",""ticker"":""KXETH15M-26APR280500-00"",""trade_id"":""d39abf75-3545-54ec-0cfc-018e4cff0dc0"",""yes_price_dollars"":""0.2200""}"
KXETH15M-26APR280500-00,3bd3e9b3-658d-51be-0a37-d45e1a838450,1777366252,0.22,10.0,no,"{""count_fp"":""10.00"",""created_time"":""2026-04-28T08:50:52.617915Z"",""no_price_dollars"":""0.7800"",""taker_side"":""no"",""ticker"":""KXETH15M-26APR280500-00"",""trade_id"":""3bd3e9b3-658d-51be-0a37-d45e1a838450"",""yes_price_dollars"":""0.2200""}"
KXETH15M-26APR280500-00,bdb041b6-71a8-5fe2-291c-eb1f34344fc7,1777366255,0.21,51.1,no,"{""count_fp"":""51.10"",""created_time"":""2026-04-28T08:50:55.896029Z"",""no_price_dollars"":""0.7900"",""taker_side"":""no"",""ticker"":""KXETH15M-26APR280500-00"",""trade_id"":""bdb041b6-71a8-5fe2-291c-eb1f34344fc7"",""yes_price_dollars"":""0.2100""}"
KXETH15M-26APR280500-00,96284808-9654-5f60-2e83-2ca7e0fcfada,1777366255,0.21,10.0,no,"{""count_fp"":""10.00"",""created_time"":""2026-04-28T08:50:55.896029Z"",""no_price_dollars"":""0.7900"",""taker_side"":""no"",""ticker"":""KXETH15M-26APR280500-00"",""trade_id"":""96284808-9654-5f60-2e83-2ca7e0fcfada"",""yes_price_dollars"":""0.2100""}"
KXETH15M-26APR280500-00,775bb365-97a6-51a5-29ba-ab2a49a62ce7,1777366255,0.21,10.0,no,"{""count_fp"":""10.00"",""created_time"":""2026-04-28T08:50:55.896029Z"",""no_price_dollars"":""0.7900"",""taker_side"":""no"",""ticker"":""KXETH15M-26APR280500-00"",""trade_id"":""775bb365-97a6-51a5-29ba-ab2a49a62ce7"",""yes_price_dollars"":""0.2100""}"
KXETH15M-26APR280500-00,b88f4a58-607a-7afc-7a2e-762320c34f7f,1777366256,0.22,10.0,no,"{""count_fp"":""10.00"",""created_time"":""2026-04-28T08:50:56.215047Z"",""no_price_dollars"":""0.7800"",""taker_side"":""no"",""ticker"":""KXETH15M-26APR280500-00"",""trade_id"":""b88f4a58-607a-7afc-7a2e-762320c34f7f"",""yes_price_dollars"":""0.2200""}"
KXETH15M-26APR280500-00,8b678b6d-ed0c-7b22-6b17-540993a31283,1777366256,0.22,10.0,no,"{""count_fp"":""10.00"",""created_time"":""2026-04-28T08:50:56.215047Z"",""no_price_dollars"":""0.7800"",""taker_side"":""no"",""ticker"":""KXETH15M-26APR280500-00"",""trade_id"":""8b678b6d-ed0c-7b22-6b17-540993a31283"",""yes_price_dollars"":""0.2200""}"
KXETH15M-26APR280500-00,bf872b3a-e32b-681b-8b23-4d438ab5b7d2,1777366258,0.25,12.0,yes,"{""count_fp"":""12.00"",""created_time"":""2026-04-28T08:50:58.092941Z"",""no_price_dollars"":""0.7500"",""taker_side"":""yes"",""ticker"":""KXETH15M-26APR280500-00"",""trade_id"":""bf872b3a-e32b-681b-8b23-4d438ab5b7d2"",""yes_price_dollars"":""0.2500""}"
KXETH15M-26APR280500-00,b4774e16-8435-6f63-99a5-6a3a1c2f814a,1777366258,0.25,10.0,yes,"{""count_fp"":""10.00"",""created_time"":""2026-04-28T08:50:58.092941Z"",""no_price_dollars"":""0.7500"",""taker_side"":""yes"",""ticker"":""KXETH15M-26APR280500-00"",""trade_id"":""b4774e16-8435-6f63-99a5-6a3a1c2f814a"",""yes_price_dollars"":""0.2500""}"
KXETH15M-26APR280500-00,a31b1929-02cf-6459-83ca-378fa652e20c,1777366258,0.25,10.0,yes,"{""count_fp"":""10.00"",""created_time"":""2026-04-28T08:50:58.092941Z"",""no_price_dollars"":""0.7500"",""taker_side"":""yes"",""ticker"":""KXETH15M-26APR280500-00"",""trade_id"":""a31b1929-02cf-6459-83ca-378fa652e20c"",""yes_price_dollars"":""0.2500""}"
KXETH15M-26APR280500-00,e1e0b9ab-e564-71f6-3728-c79e645713df,1777366261,0.25,73.0,no,"{""count_fp"":""73.00"",""created_time"":""2026-04-28T08:51:01.178712Z"",""no_price_dollars"":""0.7500"",""taker_side"":""no"",""ticker"":""KXETH15M-26APR280500-00"",""trade_id"":""e1e0b9ab-e564-71f6-3728-c79e645713df"",""yes_price_dollars"":""0.2500""}"
KXETH15M-26APR280500-00,42d6161d-e2ac-72e4-247d-67aad40f4a44,1777366261,0.25,10.0,no,"{""count_fp"":""10.00"",""created_time"":""2026-04-28T08:51:01.178712Z"",""no_price_dollars"":""0.7500"",""taker_side"":""no"",""ticker"":""KXETH15M-26APR280500-00"",""trade_id"":""42d6161d-e2ac-72e4-247d-67aad40f4a44"",""yes_price_dollars"":""0.2500""}"
KXETH15M-26APR280500-00,a354313e-70dd-6c40-60d6-4798b977f4fe,1777366265,0.3,9.0,yes,"{""count_fp"":""9.00"",""created_time"":""2026-04-28T08:51:05.846335Z"",""no_price_dollars"":""0.7000"",""taker_side"":""yes"",""ticker"":""KXETH15M-26APR280500-00"",""trade_id"":""a354313e-70dd-6c40-60d6-4798b977f4fe"",""yes_price_dollars"":""0.3000""}"
KXETH15M-26APR280500-00,21d807f1-e5fd-5754-43bc-f556151352f6,1777366269,0.3,1.0,yes,"{""count_fp"":""1.00"",""created_time"":""2026-04-28T08:51:09.698511Z"",""no_price_dollars"":""0.7000"",""taker_side"":""yes"",""ticker"":""KXETH15M-26APR280500-00"",""trade_id"":""21d807f1-e5fd-5754-43bc-f556151352f6"",""yes_price_dollars"":""0.3000""}"
KXETH15M-26APR280500-00,09a467ab-4ccc-6ca1-f0a1-3ffae23507f9,1777366278,0.3,6.0,no,"{""count_fp"":""6.00"",""created_time"":""2026-04-28T08:51:18.426956Z"",""no_price_dollars"":""0.7000"",""taker_side"":""no"",""ticker"":""KXETH15M-26APR280500-00"",""trade_id"":""09a467ab-4ccc-6ca1-f0a1-3ffae23507f9"",""yes_price_dollars"":""0.3000""}"
KXETH15M-26APR280500-00,84a9113a-7514-5033-d92b-17b62f0a206f,1777366282,0.33,0.86,yes,"{""count_fp"":""0.86"",""created_time"":""2026-04-28T08:51:22.524516Z"",""no_price_dollars"":""0.6700"",""taker_side"":""yes"",""ticker"":""KXETH15M-26APR280500-00"",""trade_id"":""84a9113a-7514-5033-d92b-17b62f0a206f"",""yes_price_dollars"":""0.3300""}"
KXETH15M-26APR280500-00,fb08f3e3-8e1a-68d5-5541-fc59d6f2ad59,1777366284,0.35,550.0,no,"{""count_fp"":""550.00"",""created_time"":""2026-04-28T08:51:24.456942Z"",""no_price_dollars"":""0.6500"",""taker_side"":""no"",""ticker"":""KXETH15M-26APR280500-00"",""trade_id"":""fb08f3e3-8e1a-68d5-5541-fc59d6f2ad59"",""yes_price_dollars"":""0.3500""}"
KXETH15M-26APR280500-00,3d8217aa-8cff-69f2-6a62-05b4e09dd4fe,1777366284,0.35,54.0,no,"{""count_fp"":""54.00"",""created_time"":""2026-04-28T08:51:24.456942Z"",""no_price_dollars"":""0.6500"",""taker_side"":""no"",""ticker"":""KXETH15M-26APR280500-00"",""trade_id"":""3d8217aa-8cff-69f2-6a62-05b4e09dd4fe"",""yes_price_dollars"":""0.3500""}"
KXETH15M-26APR280500-00,fcb1e15a-359e-6653-3392-24aceed3dff4,1777366284,0.35,10.0,yes,"{""count_fp"":""10.00"",""created_time"":""2026-04-28T08:51:24.353434Z"",""no_price_dollars"":""0.6500"",""taker_side"":""yes"",""ticker"":""KXETH15M-26APR280500-00"",""trade_id"":""fcb1e15a-359e-6653-3392-24aceed3dff4"",""yes_price_dollars"":""0.3500""}"
KXETH15M-26APR280500-00,db4729d4-85fb-6e85-de6a-0a99969b69d1,1777366284,0.34,3.0,yes,"{""count_fp"":""3.00"",""created_time"":""2026-04-28T08:51:24.090036Z"",""no_price_dollars"":""0.6600"",""taker_side"":""yes"",""ticker"":""KXETH15M-26APR280500-00"",""trade_id"":""db4729d4-85fb-6e85-de6a-0a99969b69d1"",""yes_price_dollars"":""0.3400""}"
KXETH15M-26APR280500-00,78d46b3a-feac-631f-f5de-31ba96788117,1777366284,0.34,10.0,yes,"{""count_fp"":""10.00"",""created_time"":""2026-04-28T08:51:24.090036Z"",""no_price_dollars"":""0.6600"",""taker_side"":""yes"",""ticker"":""KXETH15M-26APR280500-00"",""trade_id"":""78d46b3a-feac-631f-f5de-31ba96788117"",""yes_price_dollars"":""0.3400""}"
KXETH15M-26APR280500-00,9a522fba-bd24-7890-10b6-9250402ed8a2,1777366289,0.32,0.19,no,"{""count_fp"":""0.19"",""created_time"":""2026-04-28T08:51:29.482348Z"",""no_price_dollars"":""0.6800"",""taker_side"":""no"",""ticker"":""KXETH15M-26APR280500-00"",""trade_id"":""9a522fba-bd24-7890-10b6-9250402ed8a2"",""yes_price_dollars"":""0.3200""}"
KXETH15M-26APR280500-00,eb5077c4-4096-4358-acb4-e6fa47b3c789,1777366290,0.37,10.63,yes,"{""count_fp"":""10.63"",""created_time"":""2026-04-28T08:51:30.129808Z"",""no_price_dollars"":""0.6300"",""taker_side"":""yes"",""ticker"":""KXETH15M-26APR280500-00"",""trade_id"":""eb5077c4-4096-4358-acb4-e6fa47b3c789"",""yes_price_dollars"":""0.3700""}"
KXETH15M-26APR280500-00,d63efa02-51b4-4480-bdf5-39c35f5ba8f0,1777366290,0.37,10.0,yes,"{""count_fp"":""10.00"",""created_time"":""2026-04-28T08:51:30.129808Z"",""no_price_dollars"":""0.6300"",""taker_side"":""yes"",""ticker"":""KXETH15M-26APR280500-00"",""trade_id"":""d63efa02-51b4-4480-bdf5-39c35f5ba8f0"",""yes_price_dollars"":""0.3700""}"
KXETH15M-26APR280500-00,34327787-2fa8-43b0-bcaf-80651fe4248a,1777366290,0.36,10.0,yes,"{""count_fp"":""10.00"",""created_time"":""2026-04-28T08:51:30.129808Z"",""no_price_dollars"":""0.6400"",""taker_side"":""yes"",""ticker"":""KXETH15M-26APR280500-00"",""trade_id"":""34327787-2fa8-43b0-bcaf-80651fe4248a"",""yes_price_dollars"":""0.3600""}"
KXETH15M-26APR280500-00,089048b4-8cd2-49da-96c8-04587d619fde,1777366290,0.38,20.05,yes,"{""count_fp"":""20.05"",""created_time"":""2026-04-28T08:51:30.129808Z"",""no_price_dollars"":""0.6200"",""taker_side"":""yes"",""ticker"":""KXETH15M-26APR280500-00"",""trade_id"":""089048b4-8cd2-49da-96c8-04587d619fde"",""yes_price_dollars"":""0.3800""}"
KXETH15M-26APR280500-00,89c998b1-018e-406a-ca3e-91eb1c46b9fe,1777366296,0.36,23.92,yes,"{""count_fp"":""23.92"",""created_time"":""2026-04-28T08:51:36.167572Z"",""no_price_dollars"":""0.6400"",""taker_side"":""yes"",""ticker"":""KXETH15M-26APR280500-00"",""trade_id"":""89c998b1-018e-406a-ca3e-91eb1c46b9fe"",""yes_price_dollars"":""0.3600""}"
KXETH15M-26APR280500-00,7045691e-fc2b-450b-3f71-2340bf51c0e8,1777366299,0.32,10.0,no,"{""count_fp"":""10.00"",""created_time"":""2026-04-28T08:51:39.177605Z"",""no_price_dollars"":""0.6800"",""taker_side"":""no"",""ticker"":""KXETH15M-26APR280500-00"",""trade_id"":""7045691e-fc2b-450b-3f71-2340bf51c0e8"",""yes_price_dollars"":""0.3200""}"
KXETH15M-26APR280500-00,5e110c02-597b-4ac8-0942-75ccaaae36e2,1777366299,0.32,10.0,no,"{""count_fp"":""10.00"",""created_time"":""2026-04-28T08:51:39.177605Z"",""no_price_dollars"":""0.6800"",""taker_side"":""no"",""ticker"":""KXETH15M-26APR280500-00"",""trade_id"":""5e110c02-597b-4ac8-0942-75ccaaae36e2"",""yes_price_dollars"":""0.3200""}"
KXETH15M-26APR280500-00,97962f82-378b-440f-033a-7e70dbe80466,1777366304,0.37,2.0,yes,"{""count_fp"":""2.00"",""created_time"":""2026-04-28T08:51:44.629788Z"",""no_price_dollars"":""0.6300"",""taker_side"":""yes"",""ticker"":""KXETH15M-26APR280500-00"",""trade_id"":""97962f82-378b-440f-033a-7e70dbe80466"",""yes_price_dollars"":""0.3700""}"
KXETH15M-26APR280500-00,52e0f2f0-844a-501d-d2e9-3121bd76d66b,1777366304,0.36,1.0,no,"{""count_fp"":""1.00"",""created_time"":""2026-04-28T08:51:44.484282Z"",""no_price_dollars"":""0.6400"",""taker_side"":""no"",""ticker"":""KXETH15M-26APR280500-00"",""trade_id"":""52e0f2f0-844a-501d-d2e9-3121bd76d66b"",""yes_price_dollars"":""0.3600""}"
KXETH15M-26APR280500-00,d318eedc-907c-7406-010c-d7f28e709cd8,1777366307,0.38,10.8,yes,"{""count_fp"":""10.80"",""created_time"":""2026-04-28T08:51:47.773878Z"",""no_price_dollars"":""0.6200"",""taker_side"":""yes"",""ticker"":""KXETH15M-26APR280500-00"",""trade_id"":""d318eedc-907c-7406-010c-d7f28e709cd8"",""yes_price_dollars"":""0.3800""}"
KXETH15M-26APR280500-00,9788c564-9a9c-7db8-33af-fda0a2b66959,1777366307,0.38,10.0,yes,"{""count_fp"":""10.00"",""created_time"":""2026-04-28T08:51:47.773878Z"",""no_price_dollars"":""0.6200"",""taker_side"":""yes"",""ticker"":""KXETH15M-26APR280500-00"",""trade_id"":""9788c564-9a9c-7db8-33af-fda0a2b66959"",""yes_price_dollars"":""0.3800""}"
KXETH15M-26APR280500-00,78d7e0b8-550b-723f-3059-bfbb28be66f2,1777366307,0.38,9.2,yes,"{""count_fp"":""9.20"",""created_time"":""2026-04-28T08:51:47.773878Z"",""no_price_dollars"":""0.6200"",""taker_side"":""yes"",""ticker"":""KXETH15M-26APR280500-00"",""trade_id"":""78d7e0b8-550b-723f-3059-bfbb28be66f2"",""yes_price_dollars"":""0.3800""}"
KXETH15M-26APR280500-00,ae8d838c-481e-4774-cdb9-0d8e430f96eb,1777366309,0.34,1.0,no,"{""count_fp"":""1.00"",""created_time"":""2026-04-28T08:51:49.509672Z"",""no_price_dollars"":""0.6600"",""taker_side"":""no"",""ticker"":""KXETH15M-26APR280500-00"",""trade_id"":""ae8d838c-481e-4774-cdb9-0d8e430f96eb"",""yes_price_dollars"":""0.3400""}"
KXETH15M-26APR280500-00,ff4e5eb4-ebc0-5069-3143-44284aea6268,1777366317,0.38,10.8,yes,"{""count_fp"":""10.80"",""created_time"":""2026-04-28T08:51:57.944018Z"",""no_price_dollars"":""0.6200"",""taker_side"":""yes"",""ticker"":""KXETH15M-26APR280500-00"",""trade_id"":""ff4e5eb4-ebc0-5069-3143-44284aea6268"",""yes_price_dollars"":""0.3800""}"
KXETH15M-26APR280500-00,427e17c4-2aaf-549c-2f3c-3208de2137b0,1777366317,0.38,9.2,yes,"{""count_fp"":""9.20"",""created_time"":""2026-04-28T08:51:57.944018Z"",""no_price_dollars"":""0.6200"",""taker_side"":""yes"",""ticker"":""KXETH15M-26APR280500-00"",""trade_id"":""427e17c4-2aaf-549c-2f3c-3208de2137b0"",""yes_price_dollars"":""0.3800""}"
KXETH15M-26APR280500-00,b85aff9c-29fa-612e-f708-5cae80eed07f,1777366322,0.34,10.0,no,"{""count_fp"":""10.00"",""created_time"":""2026-04-28T08:52:02.308272Z"",""no_price_dollars"":""0.6600"",""taker_side"":""no"",""ticker"":""KXETH15M-26APR280500-00"",""trade_id"":""b85aff9c-29fa-612e-f708-5cae80eed07f"",""yes_price_dollars"":""0.3400""}"
KXETH15M-26APR280500-00,a008c547-1cf8-632a-cd34-c6220e553dc1,1777366322,0.34,10.0,no,"{""count_fp"":""10.00"",""created_time"":""2026-04-28T08:52:02.308272Z"",""no_price_dollars"":""0.6600"",""taker_side"":""no"",""ticker"":""KXETH15M-26APR280500-00"",""trade_id"":""a008c547-1cf8-632a-cd34-c6220e553dc1"",""yes_price_dollars"":""0.3400""}"
KXETH15M-26APR280500-00,872c5c33-a67f-69be-c319-9b271ed59afa,1777366322,0.33,8.76,no,"{""count_fp"":""8.76"",""created_time"":""2026-04-28T08:52:02.308272Z"",""no_price_dollars"":""0.6700"",""taker_side"":""no"",""ticker"":""KXETH15M-26APR280500-00"",""trade_id"":""872c5c33-a67f-69be-c319-9b271ed59afa"",""yes_price_dollars"":""0.3300""}"
KXETH15M-26APR280500-00,fdfbf9f3-76d6-5a47-c2d4-442d3523b821,1777366327,0.37,2.0,yes,"{""count_fp"":""2.00"",""created_time"":""2026-04-28T08:52:07.609566Z"",""no_price_dollars"":""0.6300"",""taker_side"":""yes"",""ticker"":""KXETH15M-26APR280500-00"",""trade_id"":""fdfbf9f3-76d6-5a47-c2d4-442d3523b821"",""yes_price_dollars"":""0.3700""}"
KXETH15M-26APR280500-00,caedf102-de2a-5c2a-effc-ee11293537e8,1777366327,0.39,10.0,yes,"{""count_fp"":""10.00"",""created_time"":""2026-04-28T08:52:07.609566Z"",""no_price_dollars"":""0.6100"",""taker_side"":""yes"",""ticker"":""KXETH15M-26APR280500-00"",""trade_id"":""caedf102-de2a-5c2a-effc-ee11293537e8"",""yes_price_dollars"":""0.3900""}"
KXETH15M-26APR280500-00,0aff228a-ec4c-5498-1cc1-e0d2e427d29a,1777366328,0.41,1.0,no,"{""count_fp"":""1.00"",""created_time"":""2026-04-28T08:52:08.835724Z"",""no_price_dollars"":""0.5900"",""taker_side"":""no"",""ticker"":""KXETH15M-26APR280500-00"",""trade_id"":""0aff228a-ec4c-5498-1cc1-e0d2e427d29a"",""yes_price_dollars"":""0.4100""}"
KXETH15M-26APR280500-00,c3ad6204-ea30-75dc-4225-3899c1a5517a,1777366328,0.41,5.91,no,"{""count_fp"":""5.91"",""created_time"":""2026-04-28T08:52:08.601459Z"",""no_price_dollars"":""0.5900"",""taker_side"":""no"",""ticker"":""KXETH15M-26APR280500-00"",""trade_id"":""c3ad6204-ea30-75dc-4225-3899c1a5517a"",""yes_price_dollars"":""0.4100""}"
KXETH15M-26APR280500-00,94e36a45-f3f0-5208-fca7-a16762ac9684,1777366339,0.45,9.19,yes,"{""count_fp"":""9.19"",""created_time"":""2026-04-28T08:52:19.760146Z"",""no_price_dollars"":""0.5500"",""taker_side"":""yes"",""ticker"":""KXETH15M-26APR280500-00"",""trade_id"":""94e36a45-f3f0-5208-fca7-a16762ac9684"",""yes_price_dollars"":""0.4500""}"
KXETH15M-26APR280500-00,76a769ec-9073-55f1-c57b-22944a0ae0b8,1777366339,0.45,22.0,yes,"{""count_fp"":""22.00"",""created_time"":""2026-04-28T08:52:19.760146Z"",""no_price_dollars"":""0.5500"",""taker_side"":""yes"",""ticker"":""KXETH15M-26APR280500-00"",""trade_id"":""76a769ec-9073-55f1-c57b-22944a0ae0b8"",""yes_price_dollars"":""0.4500""}"
KXETH15M-26APR280500-00,57b19b61-eee3-5556-dd7b-e32fd2e57aee,1777366339,0.45,9.81,yes,"{""count_fp"":""9.81"",""created_time"":""2026-04-28T08:52:19.760146Z"",""no_price_dollars"":""0.5500"",""taker_side"":""yes"",""ticker"":""KXETH15M-26APR280500-00"",""trade_id"":""57b19b61-eee3-5556-dd7b-e32fd2e57aee"",""yes_price_dollars"":""0.4500""}"
KXETH15M-26APR280500-00,34866aad-818a-61f5-f9ed-781e500b6991,1777366342,0.5,9.57,yes,"{""count_fp"":""9.57"",""created_time"":""2026-04-28T08:52:22.976407Z"",""no_price_dollars"":""0.5000"",""taker_side"":""yes"",""ticker"":""KXETH15M-26APR280500-00"",""trade_id"":""34866aad-818a-61f5-f9ed-781e500b6991"",""yes_price_dollars"":""0.5000""}"
KXETH15M-26APR280500-00,220779ae-fed2-68d0-ebd5-3e08b6eb88a9,1777366342,0.5,41.43,yes,"{""count_fp"":""41.43"",""created_time"":""2026-04-28T08:52:22.976407Z"",""no_price_dollars"":""0.5000"",""taker_side"":""yes"",""ticker"":""KXETH15M-26APR280500-00"",""trade_id"":""220779ae-fed2-68d0-ebd5-3e08b6eb88a9"",""yes_price_dollars"":""0.5000""}"
KXETH15M-26APR280500-00,e1053906-8e7a-5c4f-667e-1ca7885cdf33,1777366342,0.46,1.0,yes,"{""count_fp"":""1.00"",""created_time"":""2026-04-28T08:52:22.892427Z"",""no_price_dollars"":""0.5400"",""taker_side"":""yes"",""ticker"":""KXETH15M-26APR280500-00"",""trade_id"":""e1053906-8e7a-5c4f-667e-1ca7885cdf33"",""yes_price_dollars"":""0.4600""}"
KXETH15M-26APR280500-00,9af7b22e-c9ea-5fe4-4f32-6d896872bd34,1777366342,0.46,1.0,yes,"{""count_fp"":""1.00"",""created_time"":""2026-04-28T08:52:22.892427Z"",""no_price_dollars"":""0.5400"",""taker_side"":""yes"",""ticker"":""KXETH15M-26APR280500-00"",""trade_id"":""9af7b22e-c9ea-5fe4-4f32-6d896872bd34"",""yes_price_dollars"":""0.4600""}"
KXETH15M-26APR280500-00,9a3f938e-f339-5ba3-42a1-2625b8dfbb55,1777366342,0.46,10.0,yes,"{""count_fp"":""10.00"",""created_time"":""2026-04-28T08:52:22.892427Z"",""no_price_dollars"":""0.5400"",""taker_side"":""yes"",""ticker"":""KXETH15M-26APR280500-00"",""trade_id"":""9a3f938e-f339-5ba3-42a1-2625b8dfbb55"",""yes_price_dollars"":""0.4600""}"
KXETH15M-26APR280500-00,933f788a-0330-79a5-5af2-e798b8b54141,1777366343,0.48,1.0,no,"{""count_fp"":""1.00"",""created_time"":""2026-04-28T08:52:23.922836Z"",""no_price_dollars"":""0.5200"",""taker_side"":""no"",""ticker"":""KXETH15M-26APR280500-00"",""trade_id"":""933f788a-0330-79a5-5af2-e798b8b54141"",""yes_price_dollars"":""0.4800""}"
KXETH15M-26APR280500-00,47427719-e749-4dd1-7e0d-452ec5e7744a,1777366343,0.48,5.0,no,"{""count_fp"":""5.00"",""created_time"":""2026-04-28T08:52:23.152018Z"",""no_price_dollars"":""0.5200"",""taker_side"":""no"",""ticker"":""KXETH15M-26APR280500-00"",""trade_id"":""47427719-e749-4dd1-7e0d-452ec5e7744a"",""yes_price_dollars"":""0.4800""}"
KXETH15M-26APR280500-00,3b7eba24-6922-4ff2-1b7d-7d6691e05203,1777366352,0.53,0.2,no,"{""count_fp"":""0.20"",""created_time"":""2026-04-28T08:52:32.438648Z"",""no_price_dollars"":""0.4700"",""taker_side"":""no"",""ticker"":""KXETH15M-26APR280500-00"",""trade_id"":""3b7eba24-6922-4ff2-1b7d-7d6691e05203"",""yes_price_dollars"":""0.5300""}"
KXETH15M-26APR280500-00,a5dbc195-527a-43bd-ed58-eafea2a54580,1777366360,0.5,9.0,yes,"{""count_fp"":""9.00"",""created_time"":""2026-04-28T08:52:40.612057Z"",""no_price_dollars"":""0.5000"",""taker_side"":""yes"",""ticker"":""KXETH15M-26APR280500-00"",""trade_id"":""a5dbc195-527a-43bd-ed58-eafea2a54580"",""yes_price_dollars"":""0.5000""}"
KXETH15M-26APR280500-00,8c0a2b5a-2c58-7be9-45d2-67c77557c650,1777366360,0.52,5.0,no,"{""count_fp"":""5.00"",""created_time"":""2026-04-28T08:52:40.264033Z"",""no_price_dollars"":""0.4800"",""taker_side"":""no"",""ticker"":""KXETH15M-26APR280500-00"",""trade_id"":""8c0a2b5a-2c58-7be9-45d2-67c77557c650"",""yes_price_dollars"":""0.5200""}"
KXETH15M-26APR280500-00,2637082e-72a3-7cd0-4291-62d7818f9fd1,1777366360,0.51,10.0,no,"{""count_fp"":""10.00"",""created_time"":""2026-04-28T08:52:40.264033Z"",""no_price_dollars"":""0.4900"",""taker_side"":""no"",""ticker"":""KXETH15M-26APR280500-00"",""trade_id"":""2637082e-72a3-7cd0-4291-62d7818f9fd1"",""yes_price_dollars"":""0.5100""}"
KXETH15M-26APR280500-00,15d3bde9-0e53-7d6d-6aef-16a1b198eb5c,1777366360,0.51,60.0,no,"{""count_fp"":""60.00"",""created_time"":""2026-04-28T08:52:40.264033Z"",""no_price_dollars"":""0.4900"",""taker_side"":""no"",""ticker"":""KXETH15M-26APR280500-00"",""trade_id"":""15d3bde9-0e53-7d6d-6aef-16a1b198eb5c"",""yes_price_dollars"":""0.5100""}"
KXETH15M-26APR280500-00,726d8419-2445-6489-9cb6-6e05080b32d6,1777366362,0.45,1.0,no,"{""count_fp"":""1.00"",""created_time"":""2026-04-28T08:52:42.425437Z"",""no_price_dollars"":""0.5500"",""taker_side"":""no"",""ticker"":""KXETH15M-26APR280500-00"",""trade_id"":""726d8419-2445-6489-9cb6-6e05080b32d6"",""yes_price_dollars"":""0.4500""}"
KXETH15M-26APR280500-00,c0fe6b9b-b036-6afa-c12e-5d9af6e778bb,1777366373,0.6,60.0,no,"{""count_fp"":""60.00"",""created_time"":""2026-04-28T08:52:53.943853Z"",""no_price_dollars"":""0.4000"",""taker_side"":""no"",""ticker"":""KXETH15M-26APR280500-00"",""trade_id"":""c0fe6b9b-b036-6afa-c12e-5d9af6e778bb"",""yes_price_dollars"":""0.6000""}"
KXETH15M-26APR280500-00,e2fed11b-7dc4-51d8-7deb-6505125f9a83,1777366373,0.6,50.0,yes,"{""count_fp"":""50.00"",""created_time"":""2026-04-28T08:52:53.870476Z"",""no_price_dollars"":""0.4000"",""taker_side"":""yes"",""ticker"":""KXETH15M-26APR280500-00"",""trade_id"":""e2fed11b-7dc4-51d8-7deb-6505125f9a83"",""yes_price_dollars"":""0.6000""}"
KXETH15M-26APR280500-00,c1cb54ea-b09b-512f-652c-b7b17a499a4f,1777366373,0.61,799.0,yes,"{""count_fp"":""799.00"",""created_time"":""2026-04-28T08:52:53.870476Z"",""no_price_dollars"":""0.3900"",""taker_side"":""yes"",""ticker"":""KXETH15M-26APR280500-00"",""trade_id"":""c1cb54ea-b09b-512f-652c-b7b17a499a4f"",""yes_price_dollars"":""0.6100""}"
KXETH15M-26APR280500-00,83c062a4-6fc0-5fe0-5737-855ffe000049,1777366373,0.62,717.0,yes,"{""count_fp"":""717.00"",""created_time"":""2026-04-28T08:52:53.870476Z"",""no_price_dollars"":""0.3800"",""taker_side"":""yes"",""ticker"":""KXETH15M-26APR280500-00"",""trade_id"":""83c062a4-6fc0-5fe0-5737-855ffe000049"",""yes_price_dollars"":""0.6200""}"
KXETH15M-26APR280500-00,70857a87-3e71-5568-676d-414d68b30803,1777366373,0.59,0.19,yes,"{""count_fp"":""0.19"",""created_time"":""2026-04-28T08:52:53.870476Z"",""no_price_dollars"":""0.4100"",""taker_side"":""yes"",""ticker"":""KXETH15M-26APR280500-00"",""trade_id"":""70857a87-3e71-5568-676d-414d68b30803"",""yes_price_dollars"":""0.5900""}"
KXETH15M-26APR280500-00,54807d43-1c5b-55de-74cd-43e4999c9ea3,1777366373,0.61,10.0,yes,"{""count_fp"":""10.00"",""created_time"":""2026-04-28T08:52:53.870476Z"",""no_price_dollars"":""0.3900"",""taker_side"":""yes"",""ticker"":""KXETH15M-26APR280500-00"",""trade_id"":""54807d43-1c5b-55de-74cd-43e4999c9ea3"",""yes_price_dollars"":""0.6100""}"
KXETH15M-26APR280500-00,d84f1755-ada5-5514-082a-259dada94323,1777366373,0.59,500.0,yes,"{""count_fp"":""500.00"",""created_time"":""2026-04-28T08:52:53.867938Z"",""no_price_dollars"":""0.4100"",""taker_side"":""yes"",""ticker"":""KXETH15M-26APR280500-00"",""trade_id"":""d84f1755-ada5-5514-082a-259dada94323"",""yes_price_dollars"":""0.5900""}"
KXETH15M-26APR280500-00,1bbfb39d-0336-5cf5-b4b4-9e3ac3a0c5c0,1777366373,0.56,60.0,yes,"{""count_fp"":""60.00"",""created_time"":""2026-04-28T08:52:53.741235Z"",""no_price_dollars"":""0.4400"",""taker_side"":""yes"",""ticker"":""KXETH15M-26APR280500-00"",""trade_id"":""1bbfb39d-0336-5cf5-b4b4-9e3ac3a0c5c0"",""yes_price_dollars"":""0.5600""}"
KXETH15M-26APR280500-00,e16dcaa1-570e-799c-231c-d7525e897df6,1777366373,0.54,10.0,yes,"{""count_fp"":""10.00"",""created_time"":""2026-04-28T08:52:53.699202Z"",""no_price_dollars"":""0.4600"",""taker_side"":""yes"",""ticker"":""KXETH15M-26APR280500-00"",""trade_id"":""e16dcaa1-570e-799c-231c-d7525e897df6"",""yes_price_dollars"":""0.5400""}"
KXETH15M-26APR280500-00,dc4d3a6f-9a90-53ed-f84e-9ce1e708f72f,1777366375,0.54,60.0,no,"{""count_fp"":""60.00"",""created_time"":""2026-04-28T08:52:55.866405Z"",""no_price_dollars"":""0.4600"",""taker_side"":""no"",""ticker"":""KXETH15M-26APR280500-00"",""trade_id"":""dc4d3a6f-9a90-53ed-f84e-9ce1e708f72f"",""yes_price_dollars"":""0.5400""}"
KXETH15M-26APR280500-00,0869cec0-8d49-5c09-96ab-e8afd12a6c6a,1777366375,0.56,10.0,no,"{""count_fp"":""10.00"",""created_time"":""2026-04-28T08:52:55.811778Z"",""no_price_dollars"":""0.4400"",""taker_side"":""no"",""ticker"":""KXETH15M-26APR280500-00"",""trade_id"":""0869cec0-8d49-5c09-96ab-e8afd12a6c6a"",""yes_price_dollars"":""0.5600""}"
KXETH15M-26APR280500-00,43b020b3-630e-77f0-2649-6925960c6139,1777366375,0.57,10.0,no,"{""count_fp"":""10.00"",""created_time"":""2026-04-28T08:52:55.776388Z"",""no_price_dollars"":""0.4300"",""taker_side"":""no"",""ticker"":""KXETH15M-26APR280500-00"",""trade_id"":""43b020b3-630e-77f0-2649-6925960c6139"",""yes_price_dollars"":""0.5700""}"
KXETH15M-26APR280500-00,f5086f58-c656-7cf2-7871-2fdec8560376,1777366378,0.49,100.0,yes,"{""count_fp"":""100.00"",""created_time"":""2026-04-28T08:52:58.039695Z"",""no_price_dollars"":""0.5100"",""taker_side"":""yes"",""ticker"":""KXETH15M-26APR280500-00"",""trade_id"":""f5086f58-c656-7cf2-7871-2fdec8560376"",""yes_price_dollars"":""0.4900""}"
KXETH15M-26APR280500-00,438f0631-d0a7-7775-6676-defd435e495f,1777366378,0.48,550.0,yes,"{""count_fp"":""550.00"",""created_time"":""2026-04-28T08:52:58.039695Z"",""no_price_dollars"":""0.5200"",""taker_side"":""yes"",""ticker"":""KXETH15M-26APR280500-00"",""trade_id"":""438f0631-d0a7-7775-6676-defd435e495f"",""yes_price_dollars"":""0.4800""}"
KXETH15M-26APR280500-00,252f9e54-5797-4f88-b037-ad7c1abb97c6,1777366384,0.48,1.86,no,"{""count_fp"":""1.86"",""created_time"":""2026-04-28T08:53:04.719824Z"",""no_price_dollars"":""0.5200"",""taker_side"":""no"",""ticker"":""KXETH15M-26APR280500-00"",""trade_id"":""252f9e54-5797-4f88-b037-ad7c1abb97c6"",""yes_price_dollars"":""0.4800""}"
KXETH15M-26APR280500-00,42e13911-b633-7dcd-a1b1-883f8fa99ecf,1777366384,0.52,1.0,yes,"{""count_fp"":""1.00"",""created_time"":""2026-04-28T08:53:04.448231Z"",""no_price_dollars"":""0.4800"",""taker_side"":""yes"",""ticker"":""KXETH15M-26APR280500-00"",""trade_id"":""42e13911-b633-7dcd-a1b1-883f8fa99ecf"",""yes_price_dollars"":""0.5200""}"
KXETH15M-26APR280500-00,6afbeed1-88a4-633a-3ffc-4daa9a9430a3,1777366389,0.49,1.0,no,"{""count_fp"":""1.00"",""created_time"":""2026-04-28T08:53:09.314011Z"",""no_price_dollars"":""0.5100"",""taker_side"":""no"",""ticker"":""KXETH15M-26APR280500-00"",""trade_id"":""6afbeed1-88a4-633a-3ffc-4daa9a9430a3"",""yes_price_dollars"":""0.4900""}"
KXETH15M-26APR280500-00,e6ef0d11-72a4-62dc-187b-f44c321261a3,1777366402,0.51,25.0,yes,"{""count_fp"":""25.00"",""created_time"":""2026-04-28T08:53:22.537984Z"",""no_price_dollars"":""0.4900"",""taker_side"":""yes"",""ticker"":""KXETH15M-26APR280500-00"",""trade_id"":""e6ef0d11-72a4-62dc-187b-f44c321261a3"",""yes_price_dollars"":""0.5100""}"
KXETH15M-26APR280500-00,7f5f1368-087d-6931-5e27-0d37577d10e9,1777366408,0.57,60.0,yes,"{""count_fp"":""60.00"",""created_time"":""2026-04-28T08:53:28.958641Z"",""no_price_dollars"":""0.4300"",""taker_side"":""yes"",""ticker"":""KXETH15M-26APR280500-00"",""trade_id"":""7f5f1368-087d-6931-5e27-0d37577d10e9"",""yes_price_dollars"":""0.5700""}"
KXETH15M-26APR280500-00,3f453a14-9a36-6119-d653-d9dfdb4d8be9,1777366408,0.54,10.0,yes,"{""count_fp"":""10.00"",""created_time"":""2026-04-28T08:53:28.751373Z"",""no_price_dollars"":""0.4600"",""taker_side"":""yes"",""ticker"":""KXETH15M-26APR280500-00"",""trade_id"":""3f453a14-9a36-6119-d653-d9dfdb4d8be9"",""yes_price_dollars"":""0.5400""}"
KXETH15M-26APR280500-00,5fe301d8-fbeb-5355-10b2-30bf5f253a00,1777366408,0.52,1.86,yes,"{""count_fp"":""1.86"",""created_time"":""2026-04-28T08:53:28.218235Z"",""no_price_dollars"":""0.4800"",""taker_side"":""yes"",""ticker"":""KXETH15M-26APR280500-00"",""trade_id"":""5fe301d8-fbeb-5355-10b2-30bf5f253a00"",""yes_price_dollars"":""0.5200""}"
KXETH15M-26APR280500-00,436681a6-9094-59b2-9172-aa62a1ff6eb9,1777366410,0.61,11.53,no,"{""count_fp"":""11.53"",""created_time"":""2026-04-28T08:53:30.802123Z"",""no_price_dollars"":""0.3900"",""taker_side"":""no"",""ticker"":""KXETH15M-26APR280500-00"",""trade_id"":""436681a6-9094-59b2-9172-aa62a1ff6eb9"",""yes_price_dollars"":""0.6100""}"
KXETH15M-26APR280500-00,d51f486c-7515-6291-d08c-26959655826d,1777366410,0.6,120.0,yes,"{""count_fp"":""120.00"",""created_time"":""2026-04-28T08:53:30.483529Z"",""no_price_dollars"":""0.4000"",""taker_side"":""yes"",""ticker"":""KXETH15M-26APR280500-00"",""trade_id"":""d51f486c-7515-6291-d08c-26959655826d"",""yes_price_dollars"":""0.6000""}"
KXETH15M-26APR280500-00,6350d2c9-9b9a-64fc-fe05-8ffa16f926d7,1777366410,0.59,10.0,yes,"{""count_fp"":""10.00"",""created_time"":""2026-04-28T08:53:30.483529Z"",""no_price_dollars"":""0.4100"",""taker_side"":""yes"",""ticker"":""KXETH15M-26APR280500-00"",""trade_id"":""6350d2c9-9b9a-64fc-fe05-8ffa16f926d7"",""yes_price_dollars"":""0.5900""}"
