ticker,trade_id,ts,yes_price,count,taker_side,raw_json
KXETH15M-26APR280930-30,de40a19b-e9ca-6cd0-9af9-a0db3359c867,1777382111,0.55,5.0,yes,"{""count_fp"":""5.00"",""created_time"":""2026-04-28T13:15:11.755157Z"",""no_price_dollars"":""0.4500"",""taker_side"":""yes"",""ticker"":""KXETH15M-26APR280930-30"",""trade_id"":""de40a19b-e9ca-6cd0-9af9-a0db3359c867"",""yes_price_dollars"":""0.5500""}"
KXETH15M-26APR280930-30,f284b884-7f8a-5fa9-81e6-13c67dce6123,1777382121,0.49,9.0,no,"{""count_fp"":""9.00"",""created_time"":""2026-04-28T13:15:21.728328Z"",""no_price_dollars"":""0.5100"",""taker_side"":""no"",""ticker"":""KXETH15M-26APR280930-30"",""trade_id"":""f284b884-7f8a-5fa9-81e6-13c67dce6123"",""yes_price_dollars"":""0.4900""}"
KXETH15M-26APR280930-30,a5318bc7-9d03-7b02-df6b-dc04eac1c242,1777382125,0.46,9.04,yes,"{""count_fp"":""9.04"",""created_time"":""2026-04-28T13:15:25.243128Z"",""no_price_dollars"":""0.5400"",""taker_side"":""yes"",""ticker"":""KXETH15M-26APR280930-30"",""trade_id"":""a5318bc7-9d03-7b02-df6b-dc04eac1c242"",""yes_price_dollars"":""0.4600""}"
KXETH15M-26APR280930-30,88599759-c3a7-7bf2-93ec-bad8b5fc5152,1777382126,0.47,10.0,yes,"{""count_fp"":""10.00"",""created_time"":""2026-04-28T13:15:26.949388Z"",""no_price_dollars"":""0.5300"",""taker_side"":""yes"",""ticker"":""KXETH15M-26APR280930-30"",""trade_id"":""88599759-c3a7-7bf2-93ec-bad8b5fc5152"",""yes_price_dollars"":""0.4700""}"
KXETH15M-26APR280930-30,d81b76bb-b667-482e-8d62-5e96acd8def2,1777382126,0.46,21.0,yes,"{""count_fp"":""21.00"",""created_time"":""2026-04-28T13:15:26.501556Z"",""no_price_dollars"":""0.5400"",""taker_side"":""yes"",""ticker"":""KXETH15M-26APR280930-30"",""trade_id"":""d81b76bb-b667-482e-8d62-5e96acd8def2"",""yes_price_dollars"":""0.4600""}"
KXETH15M-26APR280930-30,9b2edf3b-9967-5936-314e-3d074716818a,1777382129,0.45,1.0,no,"{""count_fp"":""1.00"",""created_time"":""2026-04-28T13:15:29.791957Z"",""no_price_dollars"":""0.5500"",""taker_side"":""no"",""ticker"":""KXETH15M-26APR280930-30"",""trade_id"":""9b2edf3b-9967-5936-314e-3d074716818a"",""yes_price_dollars"":""0.4500""}"
KXETH15M-26APR280930-30,40efe540-b6c3-6842-1ee7-dd717cfddd5e,1777382130,0.45,2.0,no,"{""count_fp"":""2.00"",""created_time"":""2026-04-28T13:15:30.468832Z"",""no_price_dollars"":""0.5500"",""taker_side"":""no"",""ticker"":""KXETH15M-26APR280930-30"",""trade_id"":""40efe540-b6c3-6842-1ee7-dd717cfddd5e"",""yes_price_dollars"":""0.4500""}"
KXETH15M-26APR280930-30,cb41625b-c8ef-7df2-57a8-c9b90d0de44a,1777382130,0.46,2.09,yes,"{""count_fp"":""2.09"",""created_time"":""2026-04-28T13:15:30.419167Z"",""no_price_dollars"":""0.5400"",""taker_side"":""yes"",""ticker"":""KXETH15M-26APR280930-30"",""trade_id"":""cb41625b-c8ef-7df2-57a8-c9b90d0de44a"",""yes_price_dollars"":""0.4600""}"
KXETH15M-26APR280930-30,54b4ad7b-1694-749a-d890-28362fbc8708,1777382133,0.41,4.0,no,"{""count_fp"":""4.00"",""created_time"":""2026-04-28T13:15:33.778978Z"",""no_price_dollars"":""0.5900"",""taker_side"":""no"",""ticker"":""KXETH15M-26APR280930-30"",""trade_id"":""54b4ad7b-1694-749a-d890-28362fbc8708"",""yes_price_dollars"":""0.4100""}"
KXETH15M-26APR280930-30,94cdd781-4076-4c41-0067-f2d78f3ca613,1777382134,0.41,5.0,no,"{""count_fp"":""5.00"",""created_time"":""2026-04-28T13:15:34.190833Z"",""no_price_dollars"":""0.5900"",""taker_side"":""no"",""ticker"":""KXETH15M-26APR280930-30"",""trade_id"":""94cdd781-4076-4c41-0067-f2d78f3ca613"",""yes_price_dollars"":""0.4100""}"
KXETH15M-26APR280930-30,4e03f6d8-5727-48ca-9b09-d961695da94e,1777382135,0.45,21.39,yes,"{""count_fp"":""21.39"",""created_time"":""2026-04-28T13:15:35.649763Z"",""no_price_dollars"":""0.5500"",""taker_side"":""yes"",""ticker"":""KXETH15M-26APR280930-30"",""trade_id"":""4e03f6d8-5727-48ca-9b09-d961695da94e"",""yes_price_dollars"":""0.4500""}"
KXETH15M-26APR280930-30,aec2326f-ddda-77a5-f19c-014a9b62d3d3,1777382137,0.41,68.0,no,"{""count_fp"":""68.00"",""created_time"":""2026-04-28T13:15:37.357214Z"",""no_price_dollars"":""0.5900"",""taker_side"":""no"",""ticker"":""KXETH15M-26APR280930-30"",""trade_id"":""aec2326f-ddda-77a5-f19c-014a9b62d3d3"",""yes_price_dollars"":""0.4100""}"
KXETH15M-26APR280930-30,09506056-c2b3-46ee-2b88-b761b4cad4b2,1777382137,0.45,15.0,yes,"{""count_fp"":""15.00"",""created_time"":""2026-04-28T13:15:37.132161Z"",""no_price_dollars"":""0.5500"",""taker_side"":""yes"",""ticker"":""KXETH15M-26APR280930-30"",""trade_id"":""09506056-c2b3-46ee-2b88-b761b4cad4b2"",""yes_price_dollars"":""0.4500""}"
KXETH15M-26APR280930-30,327cd76b-715b-433e-5f20-97a29985bbee,1777382137,0.45,4.0,yes,"{""count_fp"":""4.00"",""created_time"":""2026-04-28T13:15:37.116544Z"",""no_price_dollars"":""0.5500"",""taker_side"":""yes"",""ticker"":""KXETH15M-26APR280930-30"",""trade_id"":""327cd76b-715b-433e-5f20-97a29985bbee"",""yes_price_dollars"":""0.4500""}"
KXETH15M-26APR280930-30,419a2c8c-0e34-6f5e-db08-980bda38b070,1777382141,0.41,8.23,no,"{""count_fp"":""8.23"",""created_time"":""2026-04-28T13:15:41.637246Z"",""no_price_dollars"":""0.5900"",""taker_side"":""no"",""ticker"":""KXETH15M-26APR280930-30"",""trade_id"":""419a2c8c-0e34-6f5e-db08-980bda38b070"",""yes_price_dollars"":""0.4100""}"
KXETH15M-26APR280930-30,6252c9ef-c042-6ee5-3262-c7bb9e1c7747,1777382144,0.41,6.0,no,"{""count_fp"":""6.00"",""created_time"":""2026-04-28T13:15:44.391675Z"",""no_price_dollars"":""0.5900"",""taker_side"":""no"",""ticker"":""KXETH15M-26APR280930-30"",""trade_id"":""6252c9ef-c042-6ee5-3262-c7bb9e1c7747"",""yes_price_dollars"":""0.4100""}"
KXETH15M-26APR280930-30,6bafca79-8c5d-4e76-e52d-df3345e8374d,1777382155,0.4,2.0,yes,"{""count_fp"":""2.00"",""created_time"":""2026-04-28T13:15:55.254345Z"",""no_price_dollars"":""0.6000"",""taker_side"":""yes"",""ticker"":""KXETH15M-26APR280930-30"",""trade_id"":""6bafca79-8c5d-4e76-e52d-df3345e8374d"",""yes_price_dollars"":""0.4000""}"
KXETH15M-26APR280930-30,0f33a33c-f08e-53dd-4877-79916a36d7f7,1777382158,0.39,1.0,no,"{""count_fp"":""1.00"",""created_time"":""2026-04-28T13:15:58.089267Z"",""no_price_dollars"":""0.6100"",""taker_side"":""no"",""ticker"":""KXETH15M-26APR280930-30"",""trade_id"":""0f33a33c-f08e-53dd-4877-79916a36d7f7"",""yes_price_dollars"":""0.3900""}"
KXETH15M-26APR280930-30,cfef26d9-ea3a-5b23-c0f5-cec92bda925b,1777382159,0.41,21.0,yes,"{""count_fp"":""21.00"",""created_time"":""2026-04-28T13:15:59.686951Z"",""no_price_dollars"":""0.5900"",""taker_side"":""yes"",""ticker"":""KXETH15M-26APR280930-30"",""trade_id"":""cfef26d9-ea3a-5b23-c0f5-cec92bda925b"",""yes_price_dollars"":""0.4100""}"
KXETH15M-26APR280930-30,b7377f06-6130-5f1f-e922-5b6b31ae8bb4,1777382159,0.45,3.46,yes,"{""count_fp"":""3.46"",""created_time"":""2026-04-28T13:15:59.686951Z"",""no_price_dollars"":""0.5500"",""taker_side"":""yes"",""ticker"":""KXETH15M-26APR280930-30"",""trade_id"":""b7377f06-6130-5f1f-e922-5b6b31ae8bb4"",""yes_price_dollars"":""0.4500""}"
KXETH15M-26APR280930-30,75a92a46-2396-5954-cd24-164f3e22e14b,1777382159,0.45,10.0,yes,"{""count_fp"":""10.00"",""created_time"":""2026-04-28T13:15:59.686951Z"",""no_price_dollars"":""0.5500"",""taker_side"":""yes"",""ticker"":""KXETH15M-26APR280930-30"",""trade_id"":""75a92a46-2396-5954-cd24-164f3e22e14b"",""yes_price_dollars"":""0.4500""}"
KXETH15M-26APR280930-30,4e3eeedd-41e9-5668-cb28-4a4dc75408bc,1777382159,0.41,7.0,yes,"{""count_fp"":""7.00"",""created_time"":""2026-04-28T13:15:59.686951Z"",""no_price_dollars"":""0.5900"",""taker_side"":""yes"",""ticker"":""KXETH15M-26APR280930-30"",""trade_id"":""4e3eeedd-41e9-5668-cb28-4a4dc75408bc"",""yes_price_dollars"":""0.4100""}"
KXETH15M-26APR280930-30,3ecd1c10-071e-593e-f587-780f8ee9482f,1777382159,0.41,3.0,yes,"{""count_fp"":""3.00"",""created_time"":""2026-04-28T13:15:59.686951Z"",""no_price_dollars"":""0.5900"",""taker_side"":""yes"",""ticker"":""KXETH15M-26APR280930-30"",""trade_id"":""3ecd1c10-071e-593e-f587-780f8ee9482f"",""yes_price_dollars"":""0.4100""}"
KXETH15M-26APR280930-30,bfe0e73e-a0f4-716e-5699-ac658bd4a5cc,1777382160,0.39,1.0,no,"{""count_fp"":""1.00"",""created_time"":""2026-04-28T13:16:00.463028Z"",""no_price_dollars"":""0.6100"",""taker_side"":""no"",""ticker"":""KXETH15M-26APR280930-30"",""trade_id"":""bfe0e73e-a0f4-716e-5699-ac658bd4a5cc"",""yes_price_dollars"":""0.3900""}"
KXETH15M-26APR280930-30,28d9898e-c18a-4b45-9aef-2bafceac3dd7,1777382160,0.4,2.0,no,"{""count_fp"":""2.00"",""created_time"":""2026-04-28T13:16:00.245323Z"",""no_price_dollars"":""0.6000"",""taker_side"":""no"",""ticker"":""KXETH15M-26APR280930-30"",""trade_id"":""28d9898e-c18a-4b45-9aef-2bafceac3dd7"",""yes_price_dollars"":""0.4000""}"
KXETH15M-26APR280930-30,52f60405-5388-796a-d71a-5b65663ac844,1777382162,0.35,3.0,no,"{""count_fp"":""3.00"",""created_time"":""2026-04-28T13:16:02.542471Z"",""no_price_dollars"":""0.6500"",""taker_side"":""no"",""ticker"":""KXETH15M-26APR280930-30"",""trade_id"":""52f60405-5388-796a-d71a-5b65663ac844"",""yes_price_dollars"":""0.3500""}"
KXETH15M-26APR280930-30,db446238-1dd2-6afb-d0fd-29eddfec8fbd,1777382164,0.39,2.0,yes,"{""count_fp"":""2.00"",""created_time"":""2026-04-28T13:16:04.874994Z"",""no_price_dollars"":""0.6100"",""taker_side"":""yes"",""ticker"":""KXETH15M-26APR280930-30"",""trade_id"":""db446238-1dd2-6afb-d0fd-29eddfec8fbd"",""yes_price_dollars"":""0.3900""}"
KXETH15M-26APR280930-30,9426bc3f-6875-6f86-cfc3-fc29a6d4e61e,1777382164,0.4,21.0,yes,"{""count_fp"":""21.00"",""created_time"":""2026-04-28T13:16:04.874994Z"",""no_price_dollars"":""0.6000"",""taker_side"":""yes"",""ticker"":""KXETH15M-26APR280930-30"",""trade_id"":""9426bc3f-6875-6f86-cfc3-fc29a6d4e61e"",""yes_price_dollars"":""0.4000""}"
KXETH15M-26APR280930-30,9225e73b-b5d4-6475-eb51-02ffb227b920,1777382164,0.38,1.0,yes,"{""count_fp"":""1.00"",""created_time"":""2026-04-28T13:16:04.874994Z"",""no_price_dollars"":""0.6200"",""taker_side"":""yes"",""ticker"":""KXETH15M-26APR280930-30"",""trade_id"":""9225e73b-b5d4-6475-eb51-02ffb227b920"",""yes_price_dollars"":""0.3800""}"
KXETH15M-26APR280930-30,84b02138-e42e-6ac6-f422-6857d856307e,1777382164,0.39,10.0,yes,"{""count_fp"":""10.00"",""created_time"":""2026-04-28T13:16:04.874994Z"",""no_price_dollars"":""0.6100"",""taker_side"":""yes"",""ticker"":""KXETH15M-26APR280930-30"",""trade_id"":""84b02138-e42e-6ac6-f422-6857d856307e"",""yes_price_dollars"":""0.3900""}"
KXETH15M-26APR280930-30,5670325a-fcf1-64fd-f44a-39b62b808f56,1777382164,0.39,9.83,yes,"{""count_fp"":""9.83"",""created_time"":""2026-04-28T13:16:04.874994Z"",""no_price_dollars"":""0.6100"",""taker_side"":""yes"",""ticker"":""KXETH15M-26APR280930-30"",""trade_id"":""5670325a-fcf1-64fd-f44a-39b62b808f56"",""yes_price_dollars"":""0.3900""}"
KXETH15M-26APR280930-30,398ed39f-4817-6292-eac6-453dc6548cee,1777382164,0.4,6.17,yes,"{""count_fp"":""6.17"",""created_time"":""2026-04-28T13:16:04.874994Z"",""no_price_dollars"":""0.6000"",""taker_side"":""yes"",""ticker"":""KXETH15M-26APR280930-30"",""trade_id"":""398ed39f-4817-6292-eac6-453dc6548cee"",""yes_price_dollars"":""0.4000""}"
KXETH15M-26APR280930-30,a5c5a691-8b99-7e55-a7de-e27222f6fb8a,1777382165,0.35,1.0,no,"{""count_fp"":""1.00"",""created_time"":""2026-04-28T13:16:05.346622Z"",""no_price_dollars"":""0.6500"",""taker_side"":""no"",""ticker"":""KXETH15M-26APR280930-30"",""trade_id"":""a5c5a691-8b99-7e55-a7de-e27222f6fb8a"",""yes_price_dollars"":""0.3500""}"
KXETH15M-26APR280930-30,137d828a-3814-6226-320d-ddd5020a1a70,1777382166,0.35,8.0,no,"{""count_fp"":""8.00"",""created_time"":""2026-04-28T13:16:06.464572Z"",""no_price_dollars"":""0.6500"",""taker_side"":""no"",""ticker"":""KXETH15M-26APR280930-30"",""trade_id"":""137d828a-3814-6226-320d-ddd5020a1a70"",""yes_price_dollars"":""0.3500""}"
KXETH15M-26APR280930-30,b4a6b63a-c770-5d0f-c556-07059931f97a,1777382169,0.37,1.0,no,"{""count_fp"":""1.00"",""created_time"":""2026-04-28T13:16:09.813889Z"",""no_price_dollars"":""0.6300"",""taker_side"":""no"",""ticker"":""KXETH15M-26APR280930-30"",""trade_id"":""b4a6b63a-c770-5d0f-c556-07059931f97a"",""yes_price_dollars"":""0.3700""}"
KXETH15M-26APR280930-30,27bc8f14-7ffd-7eee-1bed-037af39b291f,1777382175,0.41,28.0,yes,"{""count_fp"":""28.00"",""created_time"":""2026-04-28T13:16:15.255971Z"",""no_price_dollars"":""0.5900"",""taker_side"":""yes"",""ticker"":""KXETH15M-26APR280930-30"",""trade_id"":""27bc8f14-7ffd-7eee-1bed-037af39b291f"",""yes_price_dollars"":""0.4100""}"
KXETH15M-26APR280930-30,c4dfc04d-522a-607d-5d12-7feddea0cefd,1777382176,0.38,4.76,no,"{""count_fp"":""4.76"",""created_time"":""2026-04-28T13:16:16.771972Z"",""no_price_dollars"":""0.6200"",""taker_side"":""no"",""ticker"":""KXETH15M-26APR280930-30"",""trade_id"":""c4dfc04d-522a-607d-5d12-7feddea0cefd"",""yes_price_dollars"":""0.3800""}"
KXETH15M-26APR280930-30,aeff3ced-e4f1-6684-741d-ca06f9841452,1777382176,0.38,1.0,no,"{""count_fp"":""1.00"",""created_time"":""2026-04-28T13:16:16.771972Z"",""no_price_dollars"":""0.6200"",""taker_side"":""no"",""ticker"":""KXETH15M-26APR280930-30"",""trade_id"":""aeff3ced-e4f1-6684-741d-ca06f9841452"",""yes_price_dollars"":""0.3800""}"
KXETH15M-26APR280930-30,434e3ee9-9627-6bc3-6faf-29e851233bae,1777382176,0.38,9.71,no,"{""count_fp"":""9.71"",""created_time"":""2026-04-28T13:16:16.771972Z"",""no_price_dollars"":""0.6200"",""taker_side"":""no"",""ticker"":""KXETH15M-26APR280930-30"",""trade_id"":""434e3ee9-9627-6bc3-6faf-29e851233bae"",""yes_price_dollars"":""0.3800""}"
KXETH15M-26APR280930-30,f9e07166-1803-4d3c-5ab5-3716249e0bd3,1777382180,0.39,1.59,no,"{""count_fp"":""1.59"",""created_time"":""2026-04-28T13:16:20.679096Z"",""no_price_dollars"":""0.6100"",""taker_side"":""no"",""ticker"":""KXETH15M-26APR280930-30"",""trade_id"":""f9e07166-1803-4d3c-5ab5-3716249e0bd3"",""yes_price_dollars"":""0.3900""}"
KXETH15M-26APR280930-30,4a11573f-ece2-7d65-c411-bcbae5f2ad4f,1777382182,0.41,1.0,no,"{""count_fp"":""1.00"",""created_time"":""2026-04-28T13:16:22.138562Z"",""no_price_dollars"":""0.5900"",""taker_side"":""no"",""ticker"":""KXETH15M-26APR280930-30"",""trade_id"":""4a11573f-ece2-7d65-c411-bcbae5f2ad4f"",""yes_price_dollars"":""0.4100""}"
KXETH15M-26APR280930-30,29079db4-5f4c-773f-3675-d4c7e01c8c3e,1777382190,0.42,2.0,yes,"{""count_fp"":""2.00"",""created_time"":""2026-04-28T13:16:30.745163Z"",""no_price_dollars"":""0.5800"",""taker_side"":""yes"",""ticker"":""KXETH15M-26APR280930-30"",""trade_id"":""29079db4-5f4c-773f-3675-d4c7e01c8c3e"",""yes_price_dollars"":""0.4200""}"
KXETH15M-26APR280930-30,d7e533a7-4153-7892-026c-34ed36db2cad,1777382191,0.42,2.14,no,"{""count_fp"":""2.14"",""created_time"":""2026-04-28T13:16:31.163673Z"",""no_price_dollars"":""0.5800"",""taker_side"":""no"",""ticker"":""KXETH15M-26APR280930-30"",""trade_id"":""d7e533a7-4153-7892-026c-34ed36db2cad"",""yes_price_dollars"":""0.4200""}"
KXETH15M-26APR280930-30,f02d17a9-3ae7-670a-a5b3-ee43a45b5a95,1777382198,0.42,1.0,no,"{""count_fp"":""1.00"",""created_time"":""2026-04-28T13:16:38.278305Z"",""no_price_dollars"":""0.5800"",""taker_side"":""no"",""ticker"":""KXETH15M-26APR280930-30"",""trade_id"":""f02d17a9-3ae7-670a-a5b3-ee43a45b5a95"",""yes_price_dollars"":""0.4200""}"
KXETH15M-26APR280930-30,f5a4bd86-c05a-5573-24d7-397f89b9ac4d,1777382206,0.47,0.28,yes,"{""count_fp"":""0.28"",""created_time"":""2026-04-28T13:16:46.990047Z"",""no_price_dollars"":""0.5300"",""taker_side"":""yes"",""ticker"":""KXETH15M-26APR280930-30"",""trade_id"":""f5a4bd86-c05a-5573-24d7-397f89b9ac4d"",""yes_price_dollars"":""0.4700""}"
KXETH15M-26APR280930-30,e7bbaac2-418f-57f7-0045-79df5f215ecd,1777382206,0.46,1.0,yes,"{""count_fp"":""1.00"",""created_time"":""2026-04-28T13:16:46.990047Z"",""no_price_dollars"":""0.5400"",""taker_side"":""yes"",""ticker"":""KXETH15M-26APR280930-30"",""trade_id"":""e7bbaac2-418f-57f7-0045-79df5f215ecd"",""yes_price_dollars"":""0.4600""}"
KXETH15M-26APR280930-30,a7e437d4-f245-5191-2706-d147376ea2ae,1777382206,0.44,1.0,yes,"{""count_fp"":""1.00"",""created_time"":""2026-04-28T13:16:46.990047Z"",""no_price_dollars"":""0.5600"",""taker_side"":""yes"",""ticker"":""KXETH15M-26APR280930-30"",""trade_id"":""a7e437d4-f245-5191-2706-d147376ea2ae"",""yes_price_dollars"":""0.4400""}"
KXETH15M-26APR280930-30,92946c6b-b7de-5d78-0ecf-124a97610e12,1777382206,0.45,1.0,yes,"{""count_fp"":""1.00"",""created_time"":""2026-04-28T13:16:46.990047Z"",""no_price_dollars"":""0.5500"",""taker_side"":""yes"",""ticker"":""KXETH15M-26APR280930-30"",""trade_id"":""92946c6b-b7de-5d78-0ecf-124a97610e12"",""yes_price_dollars"":""0.4500""}"
KXETH15M-26APR280930-30,3c3e00b5-28e0-593e-00ad-4b62a0d6690c,1777382206,0.43,1.0,yes,"{""count_fp"":""1.00"",""created_time"":""2026-04-28T13:16:46.990047Z"",""no_price_dollars"":""0.5700"",""taker_side"":""yes"",""ticker"":""KXETH15M-26APR280930-30"",""trade_id"":""3c3e00b5-28e0-593e-00ad-4b62a0d6690c"",""yes_price_dollars"":""0.4300""}"
KXETH15M-26APR280930-30,5b517a13-b25a-647b-466d-8922e7dd1721,1777382211,0.47,0.72,yes,"{""count_fp"":""0.72"",""created_time"":""2026-04-28T13:16:51.203323Z"",""no_price_dollars"":""0.5300"",""taker_side"":""yes"",""ticker"":""KXETH15M-26APR280930-30"",""trade_id"":""5b517a13-b25a-647b-466d-8922e7dd1721"",""yes_price_dollars"":""0.4700""}"
KXETH15M-26APR280930-30,3f83a98e-75f6-6919-7871-9d914d066703,1777382211,0.49,4.21,yes,"{""count_fp"":""4.21"",""created_time"":""2026-04-28T13:16:51.203323Z"",""no_price_dollars"":""0.5100"",""taker_side"":""yes"",""ticker"":""KXETH15M-26APR280930-30"",""trade_id"":""3f83a98e-75f6-6919-7871-9d914d066703"",""yes_price_dollars"":""0.4900""}"
KXETH15M-26APR280930-30,10096bce-7b0a-6bd8-4ad4-5c787a23f326,1777382211,0.48,1.0,yes,"{""count_fp"":""1.00"",""created_time"":""2026-04-28T13:16:51.203323Z"",""no_price_dollars"":""0.5200"",""taker_side"":""yes"",""ticker"":""KXETH15M-26APR280930-30"",""trade_id"":""10096bce-7b0a-6bd8-4ad4-5c787a23f326"",""yes_price_dollars"":""0.4800""}"
KXETH15M-26APR280930-30,d0fb2bba-d24e-5079-c5f5-f9bcb4aa6983,1777382212,0.47,10.0,no,"{""count_fp"":""10.00"",""created_time"":""2026-04-28T13:16:52.307847Z"",""no_price_dollars"":""0.5300"",""taker_side"":""no"",""ticker"":""KXETH15M-26APR280930-30"",""trade_id"":""d0fb2bba-d24e-5079-c5f5-f9bcb4aa6983"",""yes_price_dollars"":""0.4700""}"
KXETH15M-26APR280930-30,3c3441e3-4dfe-5075-4b89-3f9b8923775b,1777382213,0.47,1.0,no,"{""count_fp"":""1.00"",""created_time"":""2026-04-28T13:16:53.747641Z"",""no_price_dollars"":""0.5300"",""taker_side"":""no"",""ticker"":""KXETH15M-26APR280930-30"",""trade_id"":""3c3441e3-4dfe-5075-4b89-3f9b8923775b"",""yes_price_dollars"":""0.4700""}"
KXETH15M-26APR280930-30,401911c9-58f2-5635-7c2c-76f5614c57cf,1777382221,0.46,1.0,no,"{""count_fp"":""1.00"",""created_time"":""2026-04-28T13:17:01.916443Z"",""no_price_dollars"":""0.5400"",""taker_side"":""no"",""ticker"":""KXETH15M-26APR280930-30"",""trade_id"":""401911c9-58f2-5635-7c2c-76f5614c57cf"",""yes_price_dollars"":""0.4600""}"
KXETH15M-26APR280930-30,d4cbb054-9e4b-77f1-c3b5-7d934277f0d4,1777382221,0.49,1.0,yes,"{""count_fp"":""1.00"",""created_time"":""2026-04-28T13:17:01.045871Z"",""no_price_dollars"":""0.5100"",""taker_side"":""yes"",""ticker"":""KXETH15M-26APR280930-30"",""trade_id"":""d4cbb054-9e4b-77f1-c3b5-7d934277f0d4"",""yes_price_dollars"":""0.4900""}"
KXETH15M-26APR280930-30,c391cb42-5a46-7440-de2e-272d99698671,1777382221,0.5,1.0,yes,"{""count_fp"":""1.00"",""created_time"":""2026-04-28T13:17:01.045871Z"",""no_price_dollars"":""0.5000"",""taker_side"":""yes"",""ticker"":""KXETH15M-26APR280930-30"",""trade_id"":""c391cb42-5a46-7440-de2e-272d99698671"",""yes_price_dollars"":""0.5000""}"
KXETH15M-26APR280930-30,6944f4c0-e694-7137-5636-610245768701,1777382227,0.53,1.0,yes,"{""count_fp"":""1.00"",""created_time"":""2026-04-28T13:17:07.130382Z"",""no_price_dollars"":""0.4700"",""taker_side"":""yes"",""ticker"":""KXETH15M-26APR280930-30"",""trade_id"":""6944f4c0-e694-7137-5636-610245768701"",""yes_price_dollars"":""0.5300""}"
KXETH15M-26APR280930-30,9853d680-0fe2-7b35-e485-4dc43eb973e3,1777382230,0.5,44.46,no,"{""count_fp"":""44.46"",""created_time"":""2026-04-28T13:17:10.857645Z"",""no_price_dollars"":""0.5000"",""taker_side"":""no"",""ticker"":""KXETH15M-26APR280930-30"",""trade_id"":""9853d680-0fe2-7b35-e485-4dc43eb973e3"",""yes_price_dollars"":""0.5000""}"
KXETH15M-26APR280930-30,fe30aefa-fa16-5889-d45c-5351584e1fcf,1777382234,0.51,7.0,no,"{""count_fp"":""7.00"",""created_time"":""2026-04-28T13:17:14.199064Z"",""no_price_dollars"":""0.4900"",""taker_side"":""no"",""ticker"":""KXETH15M-26APR280930-30"",""trade_id"":""fe30aefa-fa16-5889-d45c-5351584e1fcf"",""yes_price_dollars"":""0.5100""}"
KXETH15M-26APR280930-30,cfeaa184-58b6-6618-ca64-87c968883091,1777382240,0.54,16.0,yes,"{""count_fp"":""16.00"",""created_time"":""2026-04-28T13:17:20.236034Z"",""no_price_dollars"":""0.4600"",""taker_side"":""yes"",""ticker"":""KXETH15M-26APR280930-30"",""trade_id"":""cfeaa184-58b6-6618-ca64-87c968883091"",""yes_price_dollars"":""0.5400""}"
KXETH15M-26APR280930-30,6055bed1-ec5e-5461-325c-c0c848dc5c6f,1777382241,0.55,31.82,no,"{""count_fp"":""31.82"",""created_time"":""2026-04-28T13:17:21.283168Z"",""no_price_dollars"":""0.4500"",""taker_side"":""no"",""ticker"":""KXETH15M-26APR280930-30"",""trade_id"":""6055bed1-ec5e-5461-325c-c0c848dc5c6f"",""yes_price_dollars"":""0.5500""}"
KXETH15M-26APR280930-30,09f4e72a-e158-71a7-f333-ff5e63e56969,1777382242,0.57,10.0,yes,"{""count_fp"":""10.00"",""created_time"":""2026-04-28T13:17:22.869996Z"",""no_price_dollars"":""0.4300"",""taker_side"":""yes"",""ticker"":""KXETH15M-26APR280930-30"",""trade_id"":""09f4e72a-e158-71a7-f333-ff5e63e56969"",""yes_price_dollars"":""0.5700""}"
KXETH15M-26APR280930-30,ee114e8c-3b7e-5449-1375-8c9957c8d221,1777382243,0.59,10.0,yes,"{""count_fp"":""10.00"",""created_time"":""2026-04-28T13:17:23.390846Z"",""no_price_dollars"":""0.4100"",""taker_side"":""yes"",""ticker"":""KXETH15M-26APR280930-30"",""trade_id"":""ee114e8c-3b7e-5449-1375-8c9957c8d221"",""yes_price_dollars"":""0.5900""}"
KXETH15M-26APR280930-30,8313b34b-e479-5000-36e0-429f0dc5e872,1777382243,0.6,18.33,yes,"{""count_fp"":""18.33"",""created_time"":""2026-04-28T13:17:23.390846Z"",""no_price_dollars"":""0.4000"",""taker_side"":""yes"",""ticker"":""KXETH15M-26APR280930-30"",""trade_id"":""8313b34b-e479-5000-36e0-429f0dc5e872"",""yes_price_dollars"":""0.6000""}"
KXETH15M-26APR280930-30,2795d2f1-e96d-50a2-3014-27d646fbfdb7,1777382243,0.6,12.0,yes,"{""count_fp"":""12.00"",""created_time"":""2026-04-28T13:17:23.390846Z"",""no_price_dollars"":""0.4000"",""taker_side"":""yes"",""ticker"":""KXETH15M-26APR280930-30"",""trade_id"":""2795d2f1-e96d-50a2-3014-27d646fbfdb7"",""yes_price_dollars"":""0.6000""}"
KXETH15M-26APR280930-30,9d1010f2-705e-7149-7c9b-6d4597153643,1777382244,0.56,17.0,no,"{""count_fp"":""17.00"",""created_time"":""2026-04-28T13:17:24.090833Z"",""no_price_dollars"":""0.4400"",""taker_side"":""no"",""ticker"":""KXETH15M-26APR280930-30"",""trade_id"":""9d1010f2-705e-7149-7c9b-6d4597153643"",""yes_price_dollars"":""0.5600""}"
KXETH15M-26APR280930-30,20c2da23-1706-74f1-5233-51fc66680c4b,1777382247,0.56,9.62,no,"{""count_fp"":""9.62"",""created_time"":""2026-04-28T13:17:27.889838Z"",""no_price_dollars"":""0.4400"",""taker_side"":""no"",""ticker"":""KXETH15M-26APR280930-30"",""trade_id"":""20c2da23-1706-74f1-5233-51fc66680c4b"",""yes_price_dollars"":""0.5600""}"
KXETH15M-26APR280930-30,c73d0bcc-156d-7b6d-3c5a-9f5d307b641c,1777382254,0.55,80.0,yes,"{""count_fp"":""80.00"",""created_time"":""2026-04-28T13:17:34.610685Z"",""no_price_dollars"":""0.4500"",""taker_side"":""yes"",""ticker"":""KXETH15M-26APR280930-30"",""trade_id"":""c73d0bcc-156d-7b6d-3c5a-9f5d307b641c"",""yes_price_dollars"":""0.5500""}"
KXETH15M-26APR280930-30,6e7f96ee-3d63-76be-00a7-00fb98e31492,1777382254,0.54,100.0,yes,"{""count_fp"":""100.00"",""created_time"":""2026-04-28T13:17:34.610685Z"",""no_price_dollars"":""0.4600"",""taker_side"":""yes"",""ticker"":""KXETH15M-26APR280930-30"",""trade_id"":""6e7f96ee-3d63-76be-00a7-00fb98e31492"",""yes_price_dollars"":""0.5400""}"
KXETH15M-26APR280930-30,34d75552-a576-738c-201e-6fd08e0206ad,1777382254,0.54,10.0,yes,"{""count_fp"":""10.00"",""created_time"":""2026-04-28T13:17:34.610685Z"",""no_price_dollars"":""0.4600"",""taker_side"":""yes"",""ticker"":""KXETH15M-26APR280930-30"",""trade_id"":""34d75552-a576-738c-201e-6fd08e0206ad"",""yes_price_dollars"":""0.5400""}"
KXETH15M-26APR280930-30,26a0717a-379b-745d-0f6f-d2308ba78500,1777382254,0.56,2.4,yes,"{""count_fp"":""2.40"",""created_time"":""2026-04-28T13:17:34.610685Z"",""no_price_dollars"":""0.4400"",""taker_side"":""yes"",""ticker"":""KXETH15M-26APR280930-30"",""trade_id"":""26a0717a-379b-745d-0f6f-d2308ba78500"",""yes_price_dollars"":""0.5600""}"
KXETH15M-26APR280930-30,f8e17128-f4e8-777a-188e-ee32c42903e4,1777382255,0.48,1.0,no,"{""count_fp"":""1.00"",""created_time"":""2026-04-28T13:17:35.654952Z"",""no_price_dollars"":""0.5200"",""taker_side"":""no"",""ticker"":""KXETH15M-26APR280930-30"",""trade_id"":""f8e17128-f4e8-777a-188e-ee32c42903e4"",""yes_price_dollars"":""0.4800""}"
KXETH15M-26APR280930-30,6cfb6f9b-fa0c-6ea7-1acb-cf1ed8601542,1777382257,0.53,27.07,yes,"{""count_fp"":""27.07"",""created_time"":""2026-04-28T13:17:37.237312Z"",""no_price_dollars"":""0.4700"",""taker_side"":""yes"",""ticker"":""KXETH15M-26APR280930-30"",""trade_id"":""6cfb6f9b-fa0c-6ea7-1acb-cf1ed8601542"",""yes_price_dollars"":""0.5300""}"
KXETH15M-26APR280930-30,423a5af2-a2ad-794f-eec1-4272edb5bc75,1777382261,0.53,3.65,yes,"{""count_fp"":""3.65"",""created_time"":""2026-04-28T13:17:41.004244Z"",""no_price_dollars"":""0.4700"",""taker_side"":""yes"",""ticker"":""KXETH15M-26APR280930-30"",""trade_id"":""423a5af2-a2ad-794f-eec1-4272edb5bc75"",""yes_price_dollars"":""0.5300""}"
KXETH15M-26APR280930-30,bc9f39d1-8fc8-6b3b-09ec-4ea150cb7fea,1777382264,0.53,6.71,yes,"{""count_fp"":""6.71"",""created_time"":""2026-04-28T13:17:44.218996Z"",""no_price_dollars"":""0.4700"",""taker_side"":""yes"",""ticker"":""KXETH15M-26APR280930-30"",""trade_id"":""bc9f39d1-8fc8-6b3b-09ec-4ea150cb7fea"",""yes_price_dollars"":""0.5300""}"
KXETH15M-26APR280930-30,441d5ec4-5517-68a6-29a5-abe2fc4e54ed,1777382264,0.51,10.0,yes,"{""count_fp"":""10.00"",""created_time"":""2026-04-28T13:17:44.218996Z"",""no_price_dollars"":""0.4900"",""taker_side"":""yes"",""ticker"":""KXETH15M-26APR280930-30"",""trade_id"":""441d5ec4-5517-68a6-29a5-abe2fc4e54ed"",""yes_price_dollars"":""0.5100""}"
KXETH15M-26APR280930-30,d00e0e05-25db-5ad0-784b-f06d86356886,1777382276,0.55,3.0,yes,"{""count_fp"":""3.00"",""created_time"":""2026-04-28T13:17:56.820956Z"",""no_price_dollars"":""0.4500"",""taker_side"":""yes"",""ticker"":""KXETH15M-26APR280930-30"",""trade_id"":""d00e0e05-25db-5ad0-784b-f06d86356886"",""yes_price_dollars"":""0.5500""}"
KXETH15M-26APR280930-30,cc3e4897-292b-7ed6-89f1-ff7f6dcb2a72,1777382280,0.56,10.0,yes,"{""count_fp"":""10.00"",""created_time"":""2026-04-28T13:18:00.063646Z"",""no_price_dollars"":""0.4400"",""taker_side"":""yes"",""ticker"":""KXETH15M-26APR280930-30"",""trade_id"":""cc3e4897-292b-7ed6-89f1-ff7f6dcb2a72"",""yes_price_dollars"":""0.5600""}"
KXETH15M-26APR280930-30,32ec20ed-fdd0-7757-bf00-94768fc3996a,1777382280,0.56,5.0,yes,"{""count_fp"":""5.00"",""created_time"":""2026-04-28T13:18:00.063646Z"",""no_price_dollars"":""0.4400"",""taker_side"":""yes"",""ticker"":""KXETH15M-26APR280930-30"",""trade_id"":""32ec20ed-fdd0-7757-bf00-94768fc3996a"",""yes_price_dollars"":""0.5600""}"
KXETH15M-26APR280930-30,148214a1-1198-786e-9a36-c07227499b49,1777382280,0.56,5.0,yes,"{""count_fp"":""5.00"",""created_time"":""2026-04-28T13:18:00.063646Z"",""no_price_dollars"":""0.4400"",""taker_side"":""yes"",""ticker"":""KXETH15M-26APR280930-30"",""trade_id"":""148214a1-1198-786e-9a36-c07227499b49"",""yes_price_dollars"":""0.5600""}"
KXETH15M-26APR280930-30,4660d9bd-1738-5aa6-099c-6b10f9a5cadc,1777382281,0.52,1.0,no,"{""count_fp"":""1.00"",""created_time"":""2026-04-28T13:18:01.948377Z"",""no_price_dollars"":""0.4800"",""taker_side"":""no"",""ticker"":""KXETH15M-26APR280930-30"",""trade_id"":""4660d9bd-1738-5aa6-099c-6b10f9a5cadc"",""yes_price_dollars"":""0.5200""}"
KXETH15M-26APR280930-30,e8e47418-7190-701a-1d8f-35d65b823a84,1777382290,0.58,10.0,yes,"{""count_fp"":""10.00"",""created_time"":""2026-04-28T13:18:10.699549Z"",""no_price_dollars"":""0.4200"",""taker_side"":""yes"",""ticker"":""KXETH15M-26APR280930-30"",""trade_id"":""e8e47418-7190-701a-1d8f-35d65b823a84"",""yes_price_dollars"":""0.5800""}"
KXETH15M-26APR280930-30,61ab11f1-f214-75ba-0633-c64f744c3072,1777382290,0.58,10.0,yes,"{""count_fp"":""10.00"",""created_time"":""2026-04-28T13:18:10.699549Z"",""no_price_dollars"":""0.4200"",""taker_side"":""yes"",""ticker"":""KXETH15M-26APR280930-30"",""trade_id"":""61ab11f1-f214-75ba-0633-c64f744c3072"",""yes_price_dollars"":""0.5800""}"
KXETH15M-26APR280930-30,454aad88-720c-751f-3654-d51ee9cc7106,1777382290,0.58,56.66,yes,"{""count_fp"":""56.66"",""created_time"":""2026-04-28T13:18:10.699549Z"",""no_price_dollars"":""0.4200"",""taker_side"":""yes"",""ticker"":""KXETH15M-26APR280930-30"",""trade_id"":""454aad88-720c-751f-3654-d51ee9cc7106"",""yes_price_dollars"":""0.5800""}"
KXETH15M-26APR280930-30,70bb14ee-8ca5-6a2f-4d86-3f601e764f7d,1777382292,0.56,8.0,yes,"{""count_fp"":""8.00"",""created_time"":""2026-04-28T13:18:12.490461Z"",""no_price_dollars"":""0.4400"",""taker_side"":""yes"",""ticker"":""KXETH15M-26APR280930-30"",""trade_id"":""70bb14ee-8ca5-6a2f-4d86-3f601e764f7d"",""yes_price_dollars"":""0.5600""}"
KXETH15M-26APR280930-30,66a4252c-ebf0-645a-a09c-f93a1b081e15,1777382307,0.58,8.0,no,"{""count_fp"":""8.00"",""created_time"":""2026-04-28T13:18:27.271106Z"",""no_price_dollars"":""0.4200"",""taker_side"":""no"",""ticker"":""KXETH15M-26APR280930-30"",""trade_id"":""66a4252c-ebf0-645a-a09c-f93a1b081e15"",""yes_price_dollars"":""0.5800""}"
KXETH15M-26APR280930-30,29250d75-2d3c-6fc2-a21e-f2b4dddb1508,1777382307,0.58,2.05,no,"{""count_fp"":""2.05"",""created_time"":""2026-04-28T13:18:27.271106Z"",""no_price_dollars"":""0.4200"",""taker_side"":""no"",""ticker"":""KXETH15M-26APR280930-30"",""trade_id"":""29250d75-2d3c-6fc2-a21e-f2b4dddb1508"",""yes_price_dollars"":""0.5800""}"
KXETH15M-26APR280930-30,cc78c26c-a9ef-6ba9-6f0d-e9c8fc7a4251,1777382310,0.61,10.0,no,"{""count_fp"":""10.00"",""created_time"":""2026-04-28T13:18:30.693103Z"",""no_price_dollars"":""0.3900"",""taker_side"":""no"",""ticker"":""KXETH15M-26APR280930-30"",""trade_id"":""cc78c26c-a9ef-6ba9-6f0d-e9c8fc7a4251"",""yes_price_dollars"":""0.6100""}"
KXETH15M-26APR280930-30,48ca155d-2dce-6cb5-7ff2-95bd40d42a9b,1777382310,0.6,0.59,no,"{""count_fp"":""0.59"",""created_time"":""2026-04-28T13:18:30.693103Z"",""no_price_dollars"":""0.4000"",""taker_side"":""no"",""ticker"":""KXETH15M-26APR280930-30"",""trade_id"":""48ca155d-2dce-6cb5-7ff2-95bd40d42a9b"",""yes_price_dollars"":""0.6000""}"
KXETH15M-26APR280930-30,15e28414-cdb4-6946-4f6c-c36146b34cd4,1777382310,0.61,10.0,no,"{""count_fp"":""10.00"",""created_time"":""2026-04-28T13:18:30.693103Z"",""no_price_dollars"":""0.3900"",""taker_side"":""no"",""ticker"":""KXETH15M-26APR280930-30"",""trade_id"":""15e28414-cdb4-6946-4f6c-c36146b34cd4"",""yes_price_dollars"":""0.6100""}"
KXETH15M-26APR280930-30,7799b179-ec8a-565b-f90e-623f609cb9c8,1777382313,0.64,1.0,yes,"{""count_fp"":""1.00"",""created_time"":""2026-04-28T13:18:33.655677Z"",""no_price_dollars"":""0.3600"",""taker_side"":""yes"",""ticker"":""KXETH15M-26APR280930-30"",""trade_id"":""7799b179-ec8a-565b-f90e-623f609cb9c8"",""yes_price_dollars"":""0.6400""}"
KXETH15M-26APR280930-30,bf1dc7ec-48da-450d-2f53-1f5494e04b45,1777382314,0.63,1.0,no,"{""count_fp"":""1.00"",""created_time"":""2026-04-28T13:18:34.688848Z"",""no_price_dollars"":""0.3700"",""taker_side"":""no"",""ticker"":""KXETH15M-26APR280930-30"",""trade_id"":""bf1dc7ec-48da-450d-2f53-1f5494e04b45"",""yes_price_dollars"":""0.6300""}"
KXETH15M-26APR280930-30,8b4988ed-98f2-4ca9-15e5-ccaa3b2ed5c3,1777382314,0.63,199.0,no,"{""count_fp"":""199.00"",""created_time"":""2026-04-28T13:18:34.688848Z"",""no_price_dollars"":""0.3700"",""taker_side"":""no"",""ticker"":""KXETH15M-26APR280930-30"",""trade_id"":""8b4988ed-98f2-4ca9-15e5-ccaa3b2ed5c3"",""yes_price_dollars"":""0.6300""}"
KXETH15M-26APR280930-30,97376bda-20b2-4d81-2111-161be9ccf57f,1777382315,0.63,1.0,no,"{""count_fp"":""1.00"",""created_time"":""2026-04-28T13:18:35.369266Z"",""no_price_dollars"":""0.3700"",""taker_side"":""no"",""ticker"":""KXETH15M-26APR280930-30"",""trade_id"":""97376bda-20b2-4d81-2111-161be9ccf57f"",""yes_price_dollars"":""0.6300""}"
KXETH15M-26APR280930-30,d8e69a65-c08e-50c9-bf22-eb40ab9e632b,1777382316,0.63,1.0,no,"{""count_fp"":""1.00"",""created_time"":""2026-04-28T13:18:36.083145Z"",""no_price_dollars"":""0.3700"",""taker_side"":""no"",""ticker"":""KXETH15M-26APR280930-30"",""trade_id"":""d8e69a65-c08e-50c9-bf22-eb40ab9e632b"",""yes_price_dollars"":""0.6300""}"
KXETH15M-26APR280930-30,cc90680d-3c9d-768f-4959-a10c89c3d099,1777382319,0.63,38.1,yes,"{""count_fp"":""38.10"",""created_time"":""2026-04-28T13:18:39.294498Z"",""no_price_dollars"":""0.3700"",""taker_side"":""yes"",""ticker"":""KXETH15M-26APR280930-30"",""trade_id"":""cc90680d-3c9d-768f-4959-a10c89c3d099"",""yes_price_dollars"":""0.6300""}"
KXETH15M-26APR280930-30,f3ebc0d9-b355-4b2b-b87b-6f54ca76fb35,1777382323,0.62,23.15,yes,"{""count_fp"":""23.15"",""created_time"":""2026-04-28T13:18:43.996203Z"",""no_price_dollars"":""0.3800"",""taker_side"":""yes"",""ticker"":""KXETH15M-26APR280930-30"",""trade_id"":""f3ebc0d9-b355-4b2b-b87b-6f54ca76fb35"",""yes_price_dollars"":""0.6200""}"
KXETH15M-26APR280930-30,65a782c4-39f1-6d76-95cc-534db0cd077a,1777382331,0.6,7.0,no,"{""count_fp"":""7.00"",""created_time"":""2026-04-28T13:18:51.873922Z"",""no_price_dollars"":""0.4000"",""taker_side"":""no"",""ticker"":""KXETH15M-26APR280930-30"",""trade_id"":""65a782c4-39f1-6d76-95cc-534db0cd077a"",""yes_price_dollars"":""0.6000""}"
KXETH15M-26APR280930-30,8b36f244-03eb-5a49-95e7-d83326f95084,1777382336,0.59,7.73,yes,"{""count_fp"":""7.73"",""created_time"":""2026-04-28T13:18:56.376086Z"",""no_price_dollars"":""0.4100"",""taker_side"":""yes"",""ticker"":""KXETH15M-26APR280930-30"",""trade_id"":""8b36f244-03eb-5a49-95e7-d83326f95084"",""yes_price_dollars"":""0.5900""}"
KXETH15M-26APR280930-30,e0ba2bb0-7059-6433-1b49-71ba26212e45,1777382338,0.59,1.0,yes,"{""count_fp"":""1.00"",""created_time"":""2026-04-28T13:18:58.656074Z"",""no_price_dollars"":""0.4100"",""taker_side"":""yes"",""ticker"":""KXETH15M-26APR280930-30"",""trade_id"":""e0ba2bb0-7059-6433-1b49-71ba26212e45"",""yes_price_dollars"":""0.5900""}"
KXETH15M-26APR280930-30,0d88c358-2a8d-740f-aeba-559efd50c305,1777382340,0.59,20.0,yes,"{""count_fp"":""20.00"",""created_time"":""2026-04-28T13:19:00.059183Z"",""no_price_dollars"":""0.4100"",""taker_side"":""yes"",""ticker"":""KXETH15M-26APR280930-30"",""trade_id"":""0d88c358-2a8d-740f-aeba-559efd50c305"",""yes_price_dollars"":""0.5900""}"
KXETH15M-26APR280930-30,12da0e34-4809-7b27-00aa-eaa7a283bcf5,1777382341,0.59,3.0,yes,"{""count_fp"":""3.00"",""created_time"":""2026-04-28T13:19:01.030057Z"",""no_price_dollars"":""0.4100"",""taker_side"":""yes"",""ticker"":""KXETH15M-26APR280930-30"",""trade_id"":""12da0e34-4809-7b27-00aa-eaa7a283bcf5"",""yes_price_dollars"":""0.5900""}"
KXETH15M-26APR280930-30,8f7309ea-7b15-5c47-335f-ca753cdfb8cd,1777382342,0.59,5.0,yes,"{""count_fp"":""5.00"",""created_time"":""2026-04-28T13:19:02.498403Z"",""no_price_dollars"":""0.4100"",""taker_side"":""yes"",""ticker"":""KXETH15M-26APR280930-30"",""trade_id"":""8f7309ea-7b15-5c47-335f-ca753cdfb8cd"",""yes_price_dollars"":""0.5900""}"
KXETH15M-26APR280930-30,76568ef5-8573-5028-7a8a-073d439045ed,1777382346,0.58,0.65,no,"{""count_fp"":""0.65"",""created_time"":""2026-04-28T13:19:06.189339Z"",""no_price_dollars"":""0.4200"",""taker_side"":""no"",""ticker"":""KXETH15M-26APR280930-30"",""trade_id"":""76568ef5-8573-5028-7a8a-073d439045ed"",""yes_price_dollars"":""0.5800""}"
KXETH15M-26APR280930-30,e79a3581-76e1-6aaf-8786-795f5472fa79,1777382348,0.59,100.0,yes,"{""count_fp"":""100.00"",""created_time"":""2026-04-28T13:19:08.231225Z"",""no_price_dollars"":""0.4100"",""taker_side"":""yes"",""ticker"":""KXETH15M-26APR280930-30"",""trade_id"":""e79a3581-76e1-6aaf-8786-795f5472fa79"",""yes_price_dollars"":""0.5900""}"
KXETH15M-26APR280930-30,e24df996-d81b-62c1-b4d7-1b2fb06fad5c,1777382348,0.6,52.42,yes,"{""count_fp"":""52.42"",""created_time"":""2026-04-28T13:19:08.231225Z"",""no_price_dollars"":""0.4000"",""taker_side"":""yes"",""ticker"":""KXETH15M-26APR280930-30"",""trade_id"":""e24df996-d81b-62c1-b4d7-1b2fb06fad5c"",""yes_price_dollars"":""0.6000""}"
KXETH15M-26APR280930-30,ad7c0b87-a69b-6bba-8472-155c2ca5eef1,1777382348,0.6,10.0,yes,"{""count_fp"":""10.00"",""created_time"":""2026-04-28T13:19:08.231225Z"",""no_price_dollars"":""0.4000"",""taker_side"":""yes"",""ticker"":""KXETH15M-26APR280930-30"",""trade_id"":""ad7c0b87-a69b-6bba-8472-155c2ca5eef1"",""yes_price_dollars"":""0.6000""}"
KXETH15M-26APR280930-30,e7764749-6218-6156-4b54-1e1bf04d2173,1777382349,0.57,1.0,yes,"{""count_fp"":""1.00"",""created_time"":""2026-04-28T13:19:09.852066Z"",""no_price_dollars"":""0.4300"",""taker_side"":""yes"",""ticker"":""KXETH15M-26APR280930-30"",""trade_id"":""e7764749-6218-6156-4b54-1e1bf04d2173"",""yes_price_dollars"":""0.5700""}"
KXETH15M-26APR280930-30,a252929a-4556-78e7-1a6b-e001e2e5e3ba,1777382357,0.62,3.14,yes,"{""count_fp"":""3.14"",""created_time"":""2026-04-28T13:19:17.450141Z"",""no_price_dollars"":""0.3800"",""taker_side"":""yes"",""ticker"":""KXETH15M-26APR280930-30"",""trade_id"":""a252929a-4556-78e7-1a6b-e001e2e5e3ba"",""yes_price_dollars"":""0.6200""}"
KXETH15M-26APR280930-30,7aee7c99-860d-729c-aa9f-42f49027b9a2,1777382367,0.64,15.13,yes,"{""count_fp"":""15.13"",""created_time"":""2026-04-28T13:19:27.599722Z"",""no_price_dollars"":""0.3600"",""taker_side"":""yes"",""ticker"":""KXETH15M-26APR280930-30"",""trade_id"":""7aee7c99-860d-729c-aa9f-42f49027b9a2"",""yes_price_dollars"":""0.6400""}"
KXETH15M-26APR280930-30,a0feced3-ffca-686b-02e4-46fca479e982,1777382370,0.64,30.48,yes,"{""count_fp"":""30.48"",""created_time"":""2026-04-28T13:19:30.459164Z"",""no_price_dollars"":""0.3600"",""taker_side"":""yes"",""ticker"":""KXETH15M-26APR280930-30"",""trade_id"":""a0feced3-ffca-686b-02e4-46fca479e982"",""yes_price_dollars"":""0.6400""}"
KXETH15M-26APR280930-30,0795b424-aa91-60c0-0263-3a9f9a491022,1777382375,0.65,1.48,yes,"{""count_fp"":""1.48"",""created_time"":""2026-04-28T13:19:35.239991Z"",""no_price_dollars"":""0.3500"",""taker_side"":""yes"",""ticker"":""KXETH15M-26APR280930-30"",""trade_id"":""0795b424-aa91-60c0-0263-3a9f9a491022"",""yes_price_dollars"":""0.6500""}"
KXETH15M-26APR280930-30,31a820dc-ed38-6db9-0c0c-aca604a72b1c,1777382378,0.62,4.28,no,"{""count_fp"":""4.28"",""created_time"":""2026-04-28T13:19:38.291246Z"",""no_price_dollars"":""0.3800"",""taker_side"":""no"",""ticker"":""KXETH15M-26APR280930-30"",""trade_id"":""31a820dc-ed38-6db9-0c0c-aca604a72b1c"",""yes_price_dollars"":""0.6200""}"
KXETH15M-26APR280930-30,5970eab9-8e72-704f-01da-3a8028fc3756,1777382379,0.65,3.0,yes,"{""count_fp"":""3.00"",""created_time"":""2026-04-28T13:19:39.406339Z"",""no_price_dollars"":""0.3500"",""taker_side"":""yes"",""ticker"":""KXETH15M-26APR280930-30"",""trade_id"":""5970eab9-8e72-704f-01da-3a8028fc3756"",""yes_price_dollars"":""0.6500""}"
KXETH15M-26APR280930-30,7c5d2d60-6469-7a56-668b-3e903859078d,1777382395,0.56,1.0,yes,"{""count_fp"":""1.00"",""created_time"":""2026-04-28T13:19:55.334625Z"",""no_price_dollars"":""0.4400"",""taker_side"":""yes"",""ticker"":""KXETH15M-26APR280930-30"",""trade_id"":""7c5d2d60-6469-7a56-668b-3e903859078d"",""yes_price_dollars"":""0.5600""}"
KXETH15M-26APR280930-30,2ee868e9-4789-4082-bd6d-b57b52d73469,1777382399,0.56,1.0,yes,"{""count_fp"":""1.00"",""created_time"":""2026-04-28T13:19:59.285173Z"",""no_price_dollars"":""0.4400"",""taker_side"":""yes"",""ticker"":""KXETH15M-26APR280930-30"",""trade_id"":""2ee868e9-4789-4082-bd6d-b57b52d73469"",""yes_price_dollars"":""0.5600""}"
KXETH15M-26APR280930-30,02e3616a-492a-47af-49e1-5bd209460d89,1777382422,0.59,1.0,yes,"{""count_fp"":""1.00"",""created_time"":""2026-04-28T13:20:22.403532Z"",""no_price_dollars"":""0.4100"",""taker_side"":""yes"",""ticker"":""KXETH15M-26APR280930-30"",""trade_id"":""02e3616a-492a-47af-49e1-5bd209460d89"",""yes_price_dollars"":""0.5900""}"
KXETH15M-26APR280930-30,69d60615-7a7d-4ab4-34db-9660952e0dea,1777382424,0.66,9.79,yes,"{""count_fp"":""9.79"",""created_time"":""2026-04-28T13:20:24.661635Z"",""no_price_dollars"":""0.3400"",""taker_side"":""yes"",""ticker"":""KXETH15M-26APR280930-30"",""trade_id"":""69d60615-7a7d-4ab4-34db-9660952e0dea"",""yes_price_dollars"":""0.6600""}"
KXETH15M-26APR280930-30,120c10fd-bac9-4327-10b3-5d0d84b858bc,1777382424,0.63,5.0,yes,"{""count_fp"":""5.00"",""created_time"":""2026-04-28T13:20:24.661635Z"",""no_price_dollars"":""0.3700"",""taker_side"":""yes"",""ticker"":""KXETH15M-26APR280930-30"",""trade_id"":""120c10fd-bac9-4327-10b3-5d0d84b858bc"",""yes_price_dollars"":""0.6300""}"
KXETH15M-26APR280930-30,24213b7c-36a5-67f4-5d1c-d46a56e16c62,1777382431,0.67,4.27,yes,"{""count_fp"":""4.27"",""created_time"":""2026-04-28T13:20:31.299524Z"",""no_price_dollars"":""0.3300"",""taker_side"":""yes"",""ticker"":""KXETH15M-26APR280930-30"",""trade_id"":""24213b7c-36a5-67f4-5d1c-d46a56e16c62"",""yes_price_dollars"":""0.6700""}"
KXETH15M-26APR280930-30,1792ff31-0665-4fbf-44f3-8545383ef716,1777382448,0.7,1.0,yes,"{""count_fp"":""1.00"",""created_time"":""2026-04-28T13:20:48.878353Z"",""no_price_dollars"":""0.3000"",""taker_side"":""yes"",""ticker"":""KXETH15M-26APR280930-30"",""trade_id"":""1792ff31-0665-4fbf-44f3-8545383ef716"",""yes_price_dollars"":""0.7000""}"
KXETH15M-26APR280930-30,19ba51d6-2291-728e-1310-58cb1f9d9c8d,1777382452,0.68,2.87,yes,"{""count_fp"":""2.87"",""created_time"":""2026-04-28T13:20:52.843351Z"",""no_price_dollars"":""0.3200"",""taker_side"":""yes"",""ticker"":""KXETH15M-26APR280930-30"",""trade_id"":""19ba51d6-2291-728e-1310-58cb1f9d9c8d"",""yes_price_dollars"":""0.6800""}"
KXETH15M-26APR280930-30,e37f2113-a1bf-4bc1-6983-b98224790e2e,1777382454,0.59,10.0,no,"{""count_fp"":""10.00"",""created_time"":""2026-04-28T13:20:54.989751Z"",""no_price_dollars"":""0.4100"",""taker_side"":""no"",""ticker"":""KXETH15M-26APR280930-30"",""trade_id"":""e37f2113-a1bf-4bc1-6983-b98224790e2e"",""yes_price_dollars"":""0.5900""}"
KXETH15M-26APR280930-30,b02f8ffe-ce1a-422f-cb68-818af9e5baea,1777382454,0.61,10.0,no,"{""count_fp"":""10.00"",""created_time"":""2026-04-28T13:20:54.893426Z"",""no_price_dollars"":""0.3900"",""taker_side"":""no"",""ticker"":""KXETH15M-26APR280930-30"",""trade_id"":""b02f8ffe-ce1a-422f-cb68-818af9e5baea"",""yes_price_dollars"":""0.6100""}"
KXETH15M-26APR280930-30,5bad44c5-a416-7b8f-0082-c968d70ec3df,1777382454,0.67,0.73,no,"{""count_fp"":""0.73"",""created_time"":""2026-04-28T13:20:54.790463Z"",""no_price_dollars"":""0.3300"",""taker_side"":""no"",""ticker"":""KXETH15M-26APR280930-30"",""trade_id"":""5bad44c5-a416-7b8f-0082-c968d70ec3df"",""yes_price_dollars"":""0.6700""}"
KXETH15M-26APR280930-30,8be1153d-f892-75af-9d6b-90cc2cbe64e7,1777382454,0.67,8.27,no,"{""count_fp"":""8.27"",""created_time"":""2026-04-28T13:20:54.776589Z"",""no_price_dollars"":""0.3300"",""taker_side"":""no"",""ticker"":""KXETH15M-26APR280930-30"",""trade_id"":""8be1153d-f892-75af-9d6b-90cc2cbe64e7"",""yes_price_dollars"":""0.6700""}"
KXETH15M-26APR280930-30,40c2e456-5512-7cff-956c-3398d412c5b2,1777382454,0.67,0.73,no,"{""count_fp"":""0.73"",""created_time"":""2026-04-28T13:20:54.776589Z"",""no_price_dollars"":""0.3300"",""taker_side"":""no"",""ticker"":""KXETH15M-26APR280930-30"",""trade_id"":""40c2e456-5512-7cff-956c-3398d412c5b2"",""yes_price_dollars"":""0.6700""}"
KXETH15M-26APR280930-30,386e19f9-a68e-6ec7-2898-8653d45a908a,1777382462,0.58,8.1,yes,"{""count_fp"":""8.10"",""created_time"":""2026-04-28T13:21:02.227304Z"",""no_price_dollars"":""0.4200"",""taker_side"":""yes"",""ticker"":""KXETH15M-26APR280930-30"",""trade_id"":""386e19f9-a68e-6ec7-2898-8653d45a908a"",""yes_price_dollars"":""0.5800""}"
KXETH15M-26APR280930-30,34b34618-93ed-6316-6c47-fd46f4157e75,1777382468,0.58,4.0,yes,"{""count_fp"":""4.00"",""created_time"":""2026-04-28T13:21:08.926674Z"",""no_price_dollars"":""0.4200"",""taker_side"":""yes"",""ticker"":""KXETH15M-26APR280930-30"",""trade_id"":""34b34618-93ed-6316-6c47-fd46f4157e75"",""yes_price_dollars"":""0.5800""}"
KXETH15M-26APR280930-30,0618a758-cdeb-7b22-f25d-5fa5cc540a1e,1777382471,0.57,1.0,no,"{""count_fp"":""1.00"",""created_time"":""2026-04-28T13:21:11.558103Z"",""no_price_dollars"":""0.4300"",""taker_side"":""no"",""ticker"":""KXETH15M-26APR280930-30"",""trade_id"":""0618a758-cdeb-7b22-f25d-5fa5cc540a1e"",""yes_price_dollars"":""0.5700""}"
KXETH15M-26APR280930-30,e0b654ce-13a6-55c3-84b5-ed2fef7acb55,1777382474,0.57,8.37,yes,"{""count_fp"":""8.37"",""created_time"":""2026-04-28T13:21:14.154845Z"",""no_price_dollars"":""0.4300"",""taker_side"":""yes"",""ticker"":""KXETH15M-26APR280930-30"",""trade_id"":""e0b654ce-13a6-55c3-84b5-ed2fef7acb55"",""yes_price_dollars"":""0.5700""}"
KXETH15M-26APR280930-30,b91c8b4a-d79a-569b-fe64-a2aa5d6e6385,1777382476,0.57,1.0,yes,"{""count_fp"":""1.00"",""created_time"":""2026-04-28T13:21:16.473089Z"",""no_price_dollars"":""0.4300"",""taker_side"":""yes"",""ticker"":""KXETH15M-26APR280930-30"",""trade_id"":""b91c8b4a-d79a-569b-fe64-a2aa5d6e6385"",""yes_price_dollars"":""0.5700""}"
KXETH15M-26APR280930-30,0f431eb5-1671-5796-1b32-139c7ad19e9f,1777382479,0.54,10.0,no,"{""count_fp"":""10.00"",""created_time"":""2026-04-28T13:21:19.664334Z"",""no_price_dollars"":""0.4600"",""taker_side"":""no"",""ticker"":""KXETH15M-26APR280930-30"",""trade_id"":""0f431eb5-1671-5796-1b32-139c7ad19e9f"",""yes_price_dollars"":""0.5400""}"
KXETH15M-26APR280930-30,7a3f35ab-82d5-6956-3e2a-30db8af6ea69,1777382481,0.57,8.51,yes,"{""count_fp"":""8.51"",""created_time"":""2026-04-28T13:21:21.366278Z"",""no_price_dollars"":""0.4300"",""taker_side"":""yes"",""ticker"":""KXETH15M-26APR280930-30"",""trade_id"":""7a3f35ab-82d5-6956-3e2a-30db8af6ea69"",""yes_price_dollars"":""0.5700""}"
KXETH15M-26APR280930-30,7f86fc14-a651-67ea-8378-d360b7b8c5f9,1777382482,0.57,81.13,yes,"{""count_fp"":""81.13"",""created_time"":""2026-04-28T13:21:22.994797Z"",""no_price_dollars"":""0.4300"",""taker_side"":""yes"",""ticker"":""KXETH15M-26APR280930-30"",""trade_id"":""7f86fc14-a651-67ea-8378-d360b7b8c5f9"",""yes_price_dollars"":""0.5700""}"
KXETH15M-26APR280930-30,c164d463-e3c6-4703-4683-686c975bcc9e,1777382492,0.61,15.95,yes,"{""count_fp"":""15.95"",""created_time"":""2026-04-28T13:21:32.965963Z"",""no_price_dollars"":""0.3900"",""taker_side"":""yes"",""ticker"":""KXETH15M-26APR280930-30"",""trade_id"":""c164d463-e3c6-4703-4683-686c975bcc9e"",""yes_price_dollars"":""0.6100""}"
KXETH15M-26APR280930-30,6c73d8c4-3023-7b8c-ee72-7b4f4c1a4545,1777382495,0.6,500.0,no,"{""count_fp"":""500.00"",""created_time"":""2026-04-28T13:21:35.387195Z"",""no_price_dollars"":""0.4000"",""taker_side"":""no"",""ticker"":""KXETH15M-26APR280930-30"",""trade_id"":""6c73d8c4-3023-7b8c-ee72-7b4f4c1a4545"",""yes_price_dollars"":""0.6000""}"
KXETH15M-26APR280930-30,c835a2ca-5597-4c14-7a5e-2b9c3d7f1dab,1777382513,0.64,1.0,no,"{""count_fp"":""1.00"",""created_time"":""2026-04-28T13:21:53.947885Z"",""no_price_dollars"":""0.3600"",""taker_side"":""no"",""ticker"":""KXETH15M-26APR280930-30"",""trade_id"":""c835a2ca-5597-4c14-7a5e-2b9c3d7f1dab"",""yes_price_dollars"":""0.6400""}"
KXETH15M-26APR280930-30,acda6942-4f7c-5541-1f2a-e3e214779662,1777382523,0.69,4.0,no,"{""count_fp"":""4.00"",""created_time"":""2026-04-28T13:22:03.825418Z"",""no_price_dollars"":""0.3100"",""taker_side"":""no"",""ticker"":""KXETH15M-26APR280930-30"",""trade_id"":""acda6942-4f7c-5541-1f2a-e3e214779662"",""yes_price_dollars"":""0.6900""}"
KXETH15M-26APR280930-30,5b618ecc-df91-62bf-439f-050afebcef23,1777382525,0.71,3.56,yes,"{""count_fp"":""3.56"",""created_time"":""2026-04-28T13:22:05.191491Z"",""no_price_dollars"":""0.2900"",""taker_side"":""yes"",""ticker"":""KXETH15M-26APR280930-30"",""trade_id"":""5b618ecc-df91-62bf-439f-050afebcef23"",""yes_price_dollars"":""0.7100""}"
KXETH15M-26APR280930-30,16bfc6ea-d769-618b-60fc-55f44269efb6,1777382525,0.7,10.0,yes,"{""count_fp"":""10.00"",""created_time"":""2026-04-28T13:22:05.191491Z"",""no_price_dollars"":""0.3000"",""taker_side"":""yes"",""ticker"":""KXETH15M-26APR280930-30"",""trade_id"":""16bfc6ea-d769-618b-60fc-55f44269efb6"",""yes_price_dollars"":""0.7000""}"
KXETH15M-26APR280930-30,9d7acf05-cfbd-4f2b-e111-8c345badd67f,1777382527,0.71,1.44,yes,"{""count_fp"":""1.44"",""created_time"":""2026-04-28T13:22:07.385033Z"",""no_price_dollars"":""0.2900"",""taker_side"":""yes"",""ticker"":""KXETH15M-26APR280930-30"",""trade_id"":""9d7acf05-cfbd-4f2b-e111-8c345badd67f"",""yes_price_dollars"":""0.7100""}"
KXETH15M-26APR280930-30,6b5f4b0c-0b49-49fe-f374-f06dcc87de9d,1777382527,0.73,57.13,yes,"{""count_fp"":""57.13"",""created_time"":""2026-04-28T13:22:07.385033Z"",""no_price_dollars"":""0.2700"",""taker_side"":""yes"",""ticker"":""KXETH15M-26APR280930-30"",""trade_id"":""6b5f4b0c-0b49-49fe-f374-f06dcc87de9d"",""yes_price_dollars"":""0.7300""}"
KXETH15M-26APR280930-30,4aa7debe-c33a-410e-f6d7-16e13b292bd1,1777382527,0.73,10.0,yes,"{""count_fp"":""10.00"",""created_time"":""2026-04-28T13:22:07.385033Z"",""no_price_dollars"":""0.2700"",""taker_side"":""yes"",""ticker"":""KXETH15M-26APR280930-30"",""trade_id"":""4aa7debe-c33a-410e-f6d7-16e13b292bd1"",""yes_price_dollars"":""0.7300""}"
KXETH15M-26APR280930-30,30f5c458-b570-4459-e0fd-a7275592bb1a,1777382527,0.73,133.0,yes,"{""count_fp"":""133.00"",""created_time"":""2026-04-28T13:22:07.385033Z"",""no_price_dollars"":""0.2700"",""taker_side"":""yes"",""ticker"":""KXETH15M-26APR280930-30"",""trade_id"":""30f5c458-b570-4459-e0fd-a7275592bb1a"",""yes_price_dollars"":""0.7300""}"
KXETH15M-26APR280930-30,0f6cd2d9-ffe9-4e92-f6cb-1a27f45005a1,1777382527,0.75,17.95,yes,"{""count_fp"":""17.95"",""created_time"":""2026-04-28T13:22:07.385033Z"",""no_price_dollars"":""0.2500"",""taker_side"":""yes"",""ticker"":""KXETH15M-26APR280930-30"",""trade_id"":""0f6cd2d9-ffe9-4e92-f6cb-1a27f45005a1"",""yes_price_dollars"":""0.7500""}"
KXETH15M-26APR280930-30,0cde00fd-68bf-488f-d5b7-eb65e0434202,1777382527,0.74,10.0,yes,"{""count_fp"":""10.00"",""created_time"":""2026-04-28T13:22:07.385033Z"",""no_price_dollars"":""0.2600"",""taker_side"":""yes"",""ticker"":""KXETH15M-26APR280930-30"",""trade_id"":""0cde00fd-68bf-488f-d5b7-eb65e0434202"",""yes_price_dollars"":""0.7400""}"
KXETH15M-26APR280930-30,0cae3989-e16e-4bbf-ce33-b1dd7db6ccde,1777382527,0.74,100.0,yes,"{""count_fp"":""100.00"",""created_time"":""2026-04-28T13:22:07.385033Z"",""no_price_dollars"":""0.2600"",""taker_side"":""yes"",""ticker"":""KXETH15M-26APR280930-30"",""trade_id"":""0cae3989-e16e-4bbf-ce33-b1dd7db6ccde"",""yes_price_dollars"":""0.7400""}"
KXETH15M-26APR280930-30,51505789-daa1-6263-9291-a55abd63e339,1777382530,0.74,6.0,yes,"{""count_fp"":""6.00"",""created_time"":""2026-04-28T13:22:10.726908Z"",""no_price_dollars"":""0.2600"",""taker_side"":""yes"",""ticker"":""KXETH15M-26APR280930-30"",""trade_id"":""51505789-daa1-6263-9291-a55abd63e339"",""yes_price_dollars"":""0.7400""}"
KXETH15M-26APR280930-30,ecd8cb1d-e272-6d0a-43c7-01d3772ca739,1777382530,0.72,6.0,no,"{""count_fp"":""6.00"",""created_time"":""2026-04-28T13:22:10.561335Z"",""no_price_dollars"":""0.2800"",""taker_side"":""no"",""ticker"":""KXETH15M-26APR280930-30"",""trade_id"":""ecd8cb1d-e272-6d0a-43c7-01d3772ca739"",""yes_price_dollars"":""0.7200""}"
KXETH15M-26APR280930-30,c29e6780-47b9-69dc-60d1-13ec1d4ddc5b,1777382530,0.69,4.0,no,"{""count_fp"":""4.00"",""created_time"":""2026-04-28T13:22:10.561335Z"",""no_price_dollars"":""0.3100"",""taker_side"":""no"",""ticker"":""KXETH15M-26APR280930-30"",""trade_id"":""c29e6780-47b9-69dc-60d1-13ec1d4ddc5b"",""yes_price_dollars"":""0.6900""}"
KXETH15M-26APR280930-30,985b4bb1-0e45-6432-7323-d27ccfc75b0e,1777382534,0.74,1.0,yes,"{""count_fp"":""1.00"",""created_time"":""2026-04-28T13:22:14.620908Z"",""no_price_dollars"":""0.2600"",""taker_side"":""yes"",""ticker"":""KXETH15M-26APR280930-30"",""trade_id"":""985b4bb1-0e45-6432-7323-d27ccfc75b0e"",""yes_price_dollars"":""0.7400""}"
KXETH15M-26APR280930-30,a36e5160-22b9-779b-63fc-67f90e21e895,1777382537,0.76,1.0,yes,"{""count_fp"":""1.00"",""created_time"":""2026-04-28T13:22:17.705428Z"",""no_price_dollars"":""0.2400"",""taker_side"":""yes"",""ticker"":""KXETH15M-26APR280930-30"",""trade_id"":""a36e5160-22b9-779b-63fc-67f90e21e895"",""yes_price_dollars"":""0.7600""}"
KXETH15M-26APR280930-30,938f6de0-df89-682b-e35d-cc9879b99bdd,1777382541,0.75,15.52,yes,"{""count_fp"":""15.52"",""created_time"":""2026-04-28T13:22:21.597542Z"",""no_price_dollars"":""0.2500"",""taker_side"":""yes"",""ticker"":""KXETH15M-26APR280930-30"",""trade_id"":""938f6de0-df89-682b-e35d-cc9879b99bdd"",""yes_price_dollars"":""0.7500""}"
KXETH15M-26APR280930-30,e3eb0da1-5d15-4e7b-4456-19d3f3c562ae,1777382541,0.72,4.0,no,"{""count_fp"":""4.00"",""created_time"":""2026-04-28T13:22:21.279166Z"",""no_price_dollars"":""0.2800"",""taker_side"":""no"",""ticker"":""KXETH15M-26APR280930-30"",""trade_id"":""e3eb0da1-5d15-4e7b-4456-19d3f3c562ae"",""yes_price_dollars"":""0.7200""}"
KXETH15M-26APR280930-30,a9f29013-2c04-4687-70ce-4922aa9a0d3f,1777382541,0.75,1.0,no,"{""count_fp"":""1.00"",""created_time"":""2026-04-28T13:22:21.279166Z"",""no_price_dollars"":""0.2500"",""taker_side"":""no"",""ticker"":""KXETH15M-26APR280930-30"",""trade_id"":""a9f29013-2c04-4687-70ce-4922aa9a0d3f"",""yes_price_dollars"":""0.7500""}"
KXETH15M-26APR280930-30,27b3df2b-d96b-5cc2-8ede-9d4d31876fcf,1777382544,0.72,6.8,no,"{""count_fp"":""6.80"",""created_time"":""2026-04-28T13:22:24.282644Z"",""no_price_dollars"":""0.2800"",""taker_side"":""no"",""ticker"":""KXETH15M-26APR280930-30"",""trade_id"":""27b3df2b-d96b-5cc2-8ede-9d4d31876fcf"",""yes_price_dollars"":""0.7200""}"
KXETH15M-26APR280930-30,05134c12-a1eb-7f38-e825-1d67810eab7f,1777382545,0.77,5.0,yes,"{""count_fp"":""5.00"",""created_time"":""2026-04-28T13:22:25.097298Z"",""no_price_dollars"":""0.2300"",""taker_side"":""yes"",""ticker"":""KXETH15M-26APR280930-30"",""trade_id"":""05134c12-a1eb-7f38-e825-1d67810eab7f"",""yes_price_dollars"":""0.7700""}"
KXETH15M-26APR280930-30,78420b0e-f4d4-7ebc-8f23-a7519646f99c,1777382549,0.73,4.0,yes,"{""count_fp"":""4.00"",""created_time"":""2026-04-28T13:22:29.010137Z"",""no_price_dollars"":""0.2700"",""taker_side"":""yes"",""ticker"":""KXETH15M-26APR280930-30"",""trade_id"":""78420b0e-f4d4-7ebc-8f23-a7519646f99c"",""yes_price_dollars"":""0.7300""}"
KXETH15M-26APR280930-30,64306e42-95d4-752c-842f-87e5c5a930e8,1777382549,0.73,1.0,yes,"{""count_fp"":""1.00"",""created_time"":""2026-04-28T13:22:29.010137Z"",""no_price_dollars"":""0.2700"",""taker_side"":""yes"",""ticker"":""KXETH15M-26APR280930-30"",""trade_id"":""64306e42-95d4-752c-842f-87e5c5a930e8"",""yes_price_dollars"":""0.7300""}"
KXETH15M-26APR280930-30,efa6b04b-ffd8-433c-3bcd-6a596ed0eef4,1777382568,0.72,1.0,yes,"{""count_fp"":""1.00"",""created_time"":""2026-04-28T13:22:48.511865Z"",""no_price_dollars"":""0.2800"",""taker_side"":""yes"",""ticker"":""KXETH15M-26APR280930-30"",""trade_id"":""efa6b04b-ffd8-433c-3bcd-6a596ed0eef4"",""yes_price_dollars"":""0.7200""}"
KXETH15M-26APR280930-30,fe773b62-213c-7fd8-1417-f283a0bd1a6c,1777382569,0.72,1.0,yes,"{""count_fp"":""1.00"",""created_time"":""2026-04-28T13:22:49.991295Z"",""no_price_dollars"":""0.2800"",""taker_side"":""yes"",""ticker"":""KXETH15M-26APR280930-30"",""trade_id"":""fe773b62-213c-7fd8-1417-f283a0bd1a6c"",""yes_price_dollars"":""0.7200""}"
KXETH15M-26APR280930-30,a33ecbbf-2d19-5ade-86be-a98c88299ae4,1777382573,0.71,1.0,no,"{""count_fp"":""1.00"",""created_time"":""2026-04-28T13:22:53.694775Z"",""no_price_dollars"":""0.2900"",""taker_side"":""no"",""ticker"":""KXETH15M-26APR280930-30"",""trade_id"":""a33ecbbf-2d19-5ade-86be-a98c88299ae4"",""yes_price_dollars"":""0.7100""}"
KXETH15M-26APR280930-30,3656bc34-6114-4e38-7a2d-dea0766efb5c,1777382579,0.66,42.0,yes,"{""count_fp"":""42.00"",""created_time"":""2026-04-28T13:22:59.227968Z"",""no_price_dollars"":""0.3400"",""taker_side"":""yes"",""ticker"":""KXETH15M-26APR280930-30"",""trade_id"":""3656bc34-6114-4e38-7a2d-dea0766efb5c"",""yes_price_dollars"":""0.6600""}"
KXETH15M-26APR280930-30,29af84c5-dfaa-43ad-50c7-f4a32311226e,1777382579,0.66,10.0,yes,"{""count_fp"":""10.00"",""created_time"":""2026-04-28T13:22:59.227968Z"",""no_price_dollars"":""0.3400"",""taker_side"":""yes"",""ticker"":""KXETH15M-26APR280930-30"",""trade_id"":""29af84c5-dfaa-43ad-50c7-f4a32311226e"",""yes_price_dollars"":""0.6600""}"
KXETH15M-26APR280930-30,b8eba05b-7679-7677-2adf-2f1347c6f7cd,1777382581,0.69,13.99,yes,"{""count_fp"":""13.99"",""created_time"":""2026-04-28T13:23:01.971209Z"",""no_price_dollars"":""0.3100"",""taker_side"":""yes"",""ticker"":""KXETH15M-26APR280930-30"",""trade_id"":""b8eba05b-7679-7677-2adf-2f1347c6f7cd"",""yes_price_dollars"":""0.6900""}"
KXETH15M-26APR280930-30,5001b933-e14d-7503-a357-4c3ef698d85d,1777382584,0.68,69.04,yes,"{""count_fp"":""69.04"",""created_time"":""2026-04-28T13:23:04.062708Z"",""no_price_dollars"":""0.3200"",""taker_side"":""yes"",""ticker"":""KXETH15M-26APR280930-30"",""trade_id"":""5001b933-e14d-7503-a357-4c3ef698d85d"",""yes_price_dollars"":""0.6800""}"
KXETH15M-26APR280930-30,fc445f9d-876d-4e2b-b31d-909e218ac2fe,1777382591,0.61,5.0,no,"{""count_fp"":""5.00"",""created_time"":""2026-04-28T13:23:11.446401Z"",""no_price_dollars"":""0.3900"",""taker_side"":""no"",""ticker"":""KXETH15M-26APR280930-30"",""trade_id"":""fc445f9d-876d-4e2b-b31d-909e218ac2fe"",""yes_price_dollars"":""0.6100""}"
KXETH15M-26APR280930-30,a6aabe50-c95d-6137-a314-6435933b1942,1777382592,0.62,2.0,no,"{""count_fp"":""2.00"",""created_time"":""2026-04-28T13:23:12.747977Z"",""no_price_dollars"":""0.3800"",""taker_side"":""no"",""ticker"":""KXETH15M-26APR280930-30"",""trade_id"":""a6aabe50-c95d-6137-a314-6435933b1942"",""yes_price_dollars"":""0.6200""}"
KXETH15M-26APR280930-30,c85be6e8-2a2e-703f-97a7-8fa11580ae94,1777382592,0.66,1.0,yes,"{""count_fp"":""1.00"",""created_time"":""2026-04-28T13:23:12.502301Z"",""no_price_dollars"":""0.3400"",""taker_side"":""yes"",""ticker"":""KXETH15M-26APR280930-30"",""trade_id"":""c85be6e8-2a2e-703f-97a7-8fa11580ae94"",""yes_price_dollars"":""0.6600""}"
KXETH15M-26APR280930-30,32857eb5-a150-5846-fcb6-a5ccea845f41,1777382601,0.67,4.0,yes,"{""count_fp"":""4.00"",""created_time"":""2026-04-28T13:23:21.750679Z"",""no_price_dollars"":""0.3300"",""taker_side"":""yes"",""ticker"":""KXETH15M-26APR280930-30"",""trade_id"":""32857eb5-a150-5846-fcb6-a5ccea845f41"",""yes_price_dollars"":""0.6700""}"
KXETH15M-26APR280930-30,c70f1bb8-78c7-479c-b3f8-6b8d6f036d93,1777382606,0.67,142.82,no,"{""count_fp"":""142.82"",""created_time"":""2026-04-28T13:23:26.727093Z"",""no_price_dollars"":""0.3300"",""taker_side"":""no"",""ticker"":""KXETH15M-26APR280930-30"",""trade_id"":""c70f1bb8-78c7-479c-b3f8-6b8d6f036d93"",""yes_price_dollars"":""0.6700""}"
KXETH15M-26APR280930-30,cb40504c-c628-584d-dca9-5f72a1b2dd5b,1777382615,0.66,4.43,yes,"{""count_fp"":""4.43"",""created_time"":""2026-04-28T13:23:35.157458Z"",""no_price_dollars"":""0.3400"",""taker_side"":""yes"",""ticker"":""KXETH15M-26APR280930-30"",""trade_id"":""cb40504c-c628-584d-dca9-5f72a1b2dd5b"",""yes_price_dollars"":""0.6600""}"
KXETH15M-26APR280930-30,e6c4863f-5272-65dc-c1fd-d2b8590c961a,1777382619,0.66,10.0,yes,"{""count_fp"":""10.00"",""created_time"":""2026-04-28T13:23:39.706055Z"",""no_price_dollars"":""0.3400"",""taker_side"":""yes"",""ticker"":""KXETH15M-26APR280930-30"",""trade_id"":""e6c4863f-5272-65dc-c1fd-d2b8590c961a"",""yes_price_dollars"":""0.6600""}"
KXETH15M-26APR280930-30,0ecd3074-bdd3-589c-0294-1ffdce7efc53,1777382620,0.64,53.0,no,"{""count_fp"":""53.00"",""created_time"":""2026-04-28T13:23:40.025354Z"",""no_price_dollars"":""0.3600"",""taker_side"":""no"",""ticker"":""KXETH15M-26APR280930-30"",""trade_id"":""0ecd3074-bdd3-589c-0294-1ffdce7efc53"",""yes_price_dollars"":""0.6400""}"
KXETH15M-26APR280930-30,ef0398ae-cdcf-72fa-2ac4-cdc58523c516,1777382622,0.71,4.14,yes,"{""count_fp"":""4.14"",""created_time"":""2026-04-28T13:23:42.949656Z"",""no_price_dollars"":""0.2900"",""taker_side"":""yes"",""ticker"":""KXETH15M-26APR280930-30"",""trade_id"":""ef0398ae-cdcf-72fa-2ac4-cdc58523c516"",""yes_price_dollars"":""0.7100""}"
KXETH15M-26APR280930-30,dcdf3351-1859-768e-16bb-80bcfb380406,1777382622,0.71,2.72,yes,"{""count_fp"":""2.72"",""created_time"":""2026-04-28T13:23:42.949656Z"",""no_price_dollars"":""0.2900"",""taker_side"":""yes"",""ticker"":""KXETH15M-26APR280930-30"",""trade_id"":""dcdf3351-1859-768e-16bb-80bcfb380406"",""yes_price_dollars"":""0.7100""}"
KXETH15M-26APR280930-30,bac73b1d-a85d-59ca-58c8-ee73009f90ba,1777382640,0.72,10.0,yes,"{""count_fp"":""10.00"",""created_time"":""2026-04-28T13:24:00.222442Z"",""no_price_dollars"":""0.2800"",""taker_side"":""yes"",""ticker"":""KXETH15M-26APR280930-30"",""trade_id"":""bac73b1d-a85d-59ca-58c8-ee73009f90ba"",""yes_price_dollars"":""0.7200""}"
KXETH15M-26APR280930-30,5fef56e8-084a-57fd-4450-a6d3098d9528,1777382640,0.73,0.81,yes,"{""count_fp"":""0.81"",""created_time"":""2026-04-28T13:24:00.222442Z"",""no_price_dollars"":""0.2700"",""taker_side"":""yes"",""ticker"":""KXETH15M-26APR280930-30"",""trade_id"":""5fef56e8-084a-57fd-4450-a6d3098d9528"",""yes_price_dollars"":""0.7300""}"
KXETH15M-26APR280930-30,d56d83d8-e0ab-4edf-ee2a-432aa97a61a0,1777382642,0.67,10.0,no,"{""count_fp"":""10.00"",""created_time"":""2026-04-28T13:24:02.508785Z"",""no_price_dollars"":""0.3300"",""taker_side"":""no"",""ticker"":""KXETH15M-26APR280930-30"",""trade_id"":""d56d83d8-e0ab-4edf-ee2a-432aa97a61a0"",""yes_price_dollars"":""0.6700""}"
KXETH15M-26APR280930-30,2368b583-60af-4714-d551-54b666513443,1777382642,0.67,190.0,no,"{""count_fp"":""190.00"",""created_time"":""2026-04-28T13:24:02.508785Z"",""no_price_dollars"":""0.3300"",""taker_side"":""no"",""ticker"":""KXETH15M-26APR280930-30"",""trade_id"":""2368b583-60af-4714-d551-54b666513443"",""yes_price_dollars"":""0.6700""}"
KXETH15M-26APR280930-30,f384bbd5-6923-7aae-7c5a-b48cbe744588,1777382649,0.75,2.62,yes,"{""count_fp"":""2.62"",""created_time"":""2026-04-28T13:24:09.015806Z"",""no_price_dollars"":""0.2500"",""taker_side"":""yes"",""ticker"":""KXETH15M-26APR280930-30"",""trade_id"":""f384bbd5-6923-7aae-7c5a-b48cbe744588"",""yes_price_dollars"":""0.7500""}"
KXETH15M-26APR280930-30,a5958572-4723-69be-871a-0d00ddf7466c,1777382651,0.75,1.0,yes,"{""count_fp"":""1.00"",""created_time"":""2026-04-28T13:24:11.987543Z"",""no_price_dollars"":""0.2500"",""taker_side"":""yes"",""ticker"":""KXETH15M-26APR280930-30"",""trade_id"":""a5958572-4723-69be-871a-0d00ddf7466c"",""yes_price_dollars"":""0.7500""}"
KXETH15M-26APR280930-30,76955fa5-2693-5e22-bb4b-9e1a4893ffdc,1777382651,0.75,5.24,yes,"{""count_fp"":""5.24"",""created_time"":""2026-04-28T13:24:11.929591Z"",""no_price_dollars"":""0.2500"",""taker_side"":""yes"",""ticker"":""KXETH15M-26APR280930-30"",""trade_id"":""76955fa5-2693-5e22-bb4b-9e1a4893ffdc"",""yes_price_dollars"":""0.7500""}"
KXETH15M-26APR280930-30,dbaa71f7-07e5-4614-cfa1-71da7180a3cf,1777382652,0.75,1.0,yes,"{""count_fp"":""1.00"",""created_time"":""2026-04-28T13:24:12.082395Z"",""no_price_dollars"":""0.2500"",""taker_side"":""yes"",""ticker"":""KXETH15M-26APR280930-30"",""trade_id"":""dbaa71f7-07e5-4614-cfa1-71da7180a3cf"",""yes_price_dollars"":""0.7500""}"
KXETH15M-26APR280930-30,6f831a76-e3be-566a-617f-9a4325f20d75,1777382654,0.75,1.0,yes,"{""count_fp"":""1.00"",""created_time"":""2026-04-28T13:24:14.574972Z"",""no_price_dollars"":""0.2500"",""taker_side"":""yes"",""ticker"":""KXETH15M-26APR280930-30"",""trade_id"":""6f831a76-e3be-566a-617f-9a4325f20d75"",""yes_price_dollars"":""0.7500""}"
KXETH15M-26APR280930-30,b3bfda3d-ba62-7964-47d7-9b456dce954e,1777382655,0.75,9.6,yes,"{""count_fp"":""9.60"",""created_time"":""2026-04-28T13:24:15.384284Z"",""no_price_dollars"":""0.2500"",""taker_side"":""yes"",""ticker"":""KXETH15M-26APR280930-30"",""trade_id"":""b3bfda3d-ba62-7964-47d7-9b456dce954e"",""yes_price_dollars"":""0.7500""}"
KXETH15M-26APR280930-30,0c8af5d9-86ee-7436-6958-17b0e4d640b5,1777382655,0.75,9.4,yes,"{""count_fp"":""9.40"",""created_time"":""2026-04-28T13:24:15.384284Z"",""no_price_dollars"":""0.2500"",""taker_side"":""yes"",""ticker"":""KXETH15M-26APR280930-30"",""trade_id"":""0c8af5d9-86ee-7436-6958-17b0e4d640b5"",""yes_price_dollars"":""0.7500""}"
KXETH15M-26APR280930-30,de35a76e-9f57-7e2e-3433-3ed215467c2c,1777382661,0.79,2.0,yes,"{""count_fp"":""2.00"",""created_time"":""2026-04-28T13:24:21.574809Z"",""no_price_dollars"":""0.2100"",""taker_side"":""yes"",""ticker"":""KXETH15M-26APR280930-30"",""trade_id"":""de35a76e-9f57-7e2e-3433-3ed215467c2c"",""yes_price_dollars"":""0.7900""}"
KXETH15M-26APR280930-30,18087b94-5ce3-70be-13a2-c8ca24bf55f3,1777382661,0.79,10.0,yes,"{""count_fp"":""10.00"",""created_time"":""2026-04-28T13:24:21.574809Z"",""no_price_dollars"":""0.2100"",""taker_side"":""yes"",""ticker"":""KXETH15M-26APR280930-30"",""trade_id"":""18087b94-5ce3-70be-13a2-c8ca24bf55f3"",""yes_price_dollars"":""0.7900""}"
KXETH15M-26APR280930-30,b176b37f-8345-6148-03ae-f95b3f44a113,1777382664,0.79,11.04,yes,"{""count_fp"":""11.04"",""created_time"":""2026-04-28T13:24:24.544773Z"",""no_price_dollars"":""0.2100"",""taker_side"":""yes"",""ticker"":""KXETH15M-26APR280930-30"",""trade_id"":""b176b37f-8345-6148-03ae-f95b3f44a113"",""yes_price_dollars"":""0.7900""}"
KXETH15M-26APR280930-30,41c2a565-ba68-66a0-2b1d-ef8dd0b35ea9,1777382664,0.78,10.0,yes,"{""count_fp"":""10.00"",""created_time"":""2026-04-28T13:24:24.544773Z"",""no_price_dollars"":""0.2200"",""taker_side"":""yes"",""ticker"":""KXETH15M-26APR280930-30"",""trade_id"":""41c2a565-ba68-66a0-2b1d-ef8dd0b35ea9"",""yes_price_dollars"":""0.7800""}"
KXETH15M-26APR280930-30,2fbed849-5e27-62ea-3851-35e432ec71d4,1777382664,0.77,10.0,yes,"{""count_fp"":""10.00"",""created_time"":""2026-04-28T13:24:24.544773Z"",""no_price_dollars"":""0.2300"",""taker_side"":""yes"",""ticker"":""KXETH15M-26APR280930-30"",""trade_id"":""2fbed849-5e27-62ea-3851-35e432ec71d4"",""yes_price_dollars"":""0.7700""}"
KXETH15M-26APR280930-30,b2e4372c-e0bf-6d1c-acfa-c90442773007,1777382664,0.73,84.0,no,"{""count_fp"":""84.00"",""created_time"":""2026-04-28T13:24:24.207012Z"",""no_price_dollars"":""0.2700"",""taker_side"":""no"",""ticker"":""KXETH15M-26APR280930-30"",""trade_id"":""b2e4372c-e0bf-6d1c-acfa-c90442773007"",""yes_price_dollars"":""0.7300""}"
KXETH15M-26APR280930-30,a8987b32-0ac0-6721-bea3-ab303e679253,1777382664,0.74,10.0,no,"{""count_fp"":""10.00"",""created_time"":""2026-04-28T13:24:24.207012Z"",""no_price_dollars"":""0.2600"",""taker_side"":""no"",""ticker"":""KXETH15M-26APR280930-30"",""trade_id"":""a8987b32-0ac0-6721-bea3-ab303e679253"",""yes_price_dollars"":""0.7400""}"
KXETH15M-26APR280930-30,a672d903-57d7-6467-982a-b668de16b362,1777382664,0.73,6.0,no,"{""count_fp"":""6.00"",""created_time"":""2026-04-28T13:24:24.207012Z"",""no_price_dollars"":""0.2700"",""taker_side"":""no"",""ticker"":""KXETH15M-26APR280930-30"",""trade_id"":""a672d903-57d7-6467-982a-b668de16b362"",""yes_price_dollars"":""0.7300""}"
KXETH15M-26APR280930-30,5104307e-80ee-6da5-a9e4-6b7bdd2008d9,1777382664,0.74,100.0,no,"{""count_fp"":""100.00"",""created_time"":""2026-04-28T13:24:24.207012Z"",""no_price_dollars"":""0.2600"",""taker_side"":""no"",""ticker"":""KXETH15M-26APR280930-30"",""trade_id"":""5104307e-80ee-6da5-a9e4-6b7bdd2008d9"",""yes_price_dollars"":""0.7400""}"
KXETH15M-26APR280930-30,9d098fbe-f232-4119-2dfb-3236ce85afb9,1777382667,0.75,2.46,yes,"{""count_fp"":""2.46"",""created_time"":""2026-04-28T13:24:27.752871Z"",""no_price_dollars"":""0.2500"",""taker_side"":""yes"",""ticker"":""KXETH15M-26APR280930-30"",""trade_id"":""9d098fbe-f232-4119-2dfb-3236ce85afb9"",""yes_price_dollars"":""0.7500""}"
KXETH15M-26APR280930-30,939f56d8-da99-4827-0d25-c3c9f8e00eee,1777382667,0.73,9.0,no,"{""count_fp"":""9.00"",""created_time"":""2026-04-28T13:24:27.363349Z"",""no_price_dollars"":""0.2700"",""taker_side"":""no"",""ticker"":""KXETH15M-26APR280930-30"",""trade_id"":""939f56d8-da99-4827-0d25-c3c9f8e00eee"",""yes_price_dollars"":""0.7300""}"
KXETH15M-26APR280930-30,77b3dc43-26ef-60f1-cbb0-47d1a666aaaf,1777382677,0.7,7.55,yes,"{""count_fp"":""7.55"",""created_time"":""2026-04-28T13:24:37.923137Z"",""no_price_dollars"":""0.3000"",""taker_side"":""yes"",""ticker"":""KXETH15M-26APR280930-30"",""trade_id"":""77b3dc43-26ef-60f1-cbb0-47d1a666aaaf"",""yes_price_dollars"":""0.7000""}"
KXETH15M-26APR280930-30,5c579662-e73f-5a21-525b-65f9f5579c27,1777382680,0.7,17.45,yes,"{""count_fp"":""17.45"",""created_time"":""2026-04-28T13:24:40.937627Z"",""no_price_dollars"":""0.3000"",""taker_side"":""yes"",""ticker"":""KXETH15M-26APR280930-30"",""trade_id"":""5c579662-e73f-5a21-525b-65f9f5579c27"",""yes_price_dollars"":""0.7000""}"
KXETH15M-26APR280930-30,3046b2ae-662d-5508-4b44-19094c24754b,1777382680,0.71,14.55,yes,"{""count_fp"":""14.55"",""created_time"":""2026-04-28T13:24:40.937627Z"",""no_price_dollars"":""0.2900"",""taker_side"":""yes"",""ticker"":""KXETH15M-26APR280930-30"",""trade_id"":""3046b2ae-662d-5508-4b44-19094c24754b"",""yes_price_dollars"":""0.7100""}"
KXETH15M-26APR280930-30,c49ac8fc-3664-7893-5a5b-32f4dac0207e,1777382685,0.74,6.8,yes,"{""count_fp"":""6.80"",""created_time"":""2026-04-28T13:24:45.136998Z"",""no_price_dollars"":""0.2600"",""taker_side"":""yes"",""ticker"":""KXETH15M-26APR280930-30"",""trade_id"":""c49ac8fc-3664-7893-5a5b-32f4dac0207e"",""yes_price_dollars"":""0.7400""}"
KXETH15M-26APR280930-30,d476b0c1-9ecd-630c-080d-fcb9e73108eb,1777382686,0.75,2.0,yes,"{""count_fp"":""2.00"",""created_time"":""2026-04-28T13:24:46.750484Z"",""no_price_dollars"":""0.2500"",""taker_side"":""yes"",""ticker"":""KXETH15M-26APR280930-30"",""trade_id"":""d476b0c1-9ecd-630c-080d-fcb9e73108eb"",""yes_price_dollars"":""0.7500""}"
KXETH15M-26APR280930-30,f6340650-ce89-5fb0-5111-ec412f753d5b,1777382686,0.75,1.0,yes,"{""count_fp"":""1.00"",""created_time"":""2026-04-28T13:24:46.547987Z"",""no_price_dollars"":""0.2500"",""taker_side"":""yes"",""ticker"":""KXETH15M-26APR280930-30"",""trade_id"":""f6340650-ce89-5fb0-5111-ec412f753d5b"",""yes_price_dollars"":""0.7500""}"
KXETH15M-26APR280930-30,82b400a7-b89b-6793-f1cc-50de8ce84d3f,1777382689,0.74,2.0,yes,"{""count_fp"":""2.00"",""created_time"":""2026-04-28T13:24:49.282369Z"",""no_price_dollars"":""0.2600"",""taker_side"":""yes"",""ticker"":""KXETH15M-26APR280930-30"",""trade_id"":""82b400a7-b89b-6793-f1cc-50de8ce84d3f"",""yes_price_dollars"":""0.7400""}"
KXETH15M-26APR280930-30,fc5cfa66-7dd1-706b-d72c-de2335c60c35,1777382693,0.71,1.0,no,"{""count_fp"":""1.00"",""created_time"":""2026-04-28T13:24:53.532663Z"",""no_price_dollars"":""0.2900"",""taker_side"":""no"",""ticker"":""KXETH15M-26APR280930-30"",""trade_id"":""fc5cfa66-7dd1-706b-d72c-de2335c60c35"",""yes_price_dollars"":""0.7100""}"
KXETH15M-26APR280930-30,0099a8df-da21-76f0-d4ce-c661ae816d37,1777382693,0.69,1.62,no,"{""count_fp"":""1.62"",""created_time"":""2026-04-28T13:24:53.532663Z"",""no_price_dollars"":""0.3100"",""taker_side"":""no"",""ticker"":""KXETH15M-26APR280930-30"",""trade_id"":""0099a8df-da21-76f0-d4ce-c661ae816d37"",""yes_price_dollars"":""0.6900""}"
KXETH15M-26APR280930-30,bf708b12-b587-700c-c569-59053adca121,1777382695,0.68,2.99,no,"{""count_fp"":""2.99"",""created_time"":""2026-04-28T13:24:55.564416Z"",""no_price_dollars"":""0.3200"",""taker_side"":""no"",""ticker"":""KXETH15M-26APR280930-30"",""trade_id"":""bf708b12-b587-700c-c569-59053adca121"",""yes_price_dollars"":""0.6800""}"
KXETH15M-26APR280930-30,f6cc1823-461c-43d7-963b-6ab017f71287,1777382700,0.74,10.0,yes,"{""count_fp"":""10.00"",""created_time"":""2026-04-28T13:25:00.850698Z"",""no_price_dollars"":""0.2600"",""taker_side"":""yes"",""ticker"":""KXETH15M-26APR280930-30"",""trade_id"":""f6cc1823-461c-43d7-963b-6ab017f71287"",""yes_price_dollars"":""0.7400""}"
KXETH15M-26APR280930-30,b9254ad4-a299-6e9e-a3e7-e69cc2ed77aa,1777382700,0.73,9.62,yes,"{""count_fp"":""9.62"",""created_time"":""2026-04-28T13:25:00.713328Z"",""no_price_dollars"":""0.2700"",""taker_side"":""yes"",""ticker"":""KXETH15M-26APR280930-30"",""trade_id"":""b9254ad4-a299-6e9e-a3e7-e69cc2ed77aa"",""yes_price_dollars"":""0.7300""}"
KXETH15M-26APR280930-30,ee01aa0d-199c-499d-53bf-332c8ff9e306,1777382712,0.73,2.0,yes,"{""count_fp"":""2.00"",""created_time"":""2026-04-28T13:25:12.958746Z"",""no_price_dollars"":""0.2700"",""taker_side"":""yes"",""ticker"":""KXETH15M-26APR280930-30"",""trade_id"":""ee01aa0d-199c-499d-53bf-332c8ff9e306"",""yes_price_dollars"":""0.7300""}"
KXETH15M-26APR280930-30,9fe1c448-1100-4e12-e95c-6e23e2ae32e4,1777382715,0.77,9.87,yes,"{""count_fp"":""9.87"",""created_time"":""2026-04-28T13:25:15.864473Z"",""no_price_dollars"":""0.2300"",""taker_side"":""yes"",""ticker"":""KXETH15M-26APR280930-30"",""trade_id"":""9fe1c448-1100-4e12-e95c-6e23e2ae32e4"",""yes_price_dollars"":""0.7700""}"
KXETH15M-26APR280930-30,877d9477-57d0-4cb8-c338-482c42dab906,1777382715,0.77,9.13,yes,"{""count_fp"":""9.13"",""created_time"":""2026-04-28T13:25:15.864473Z"",""no_price_dollars"":""0.2300"",""taker_side"":""yes"",""ticker"":""KXETH15M-26APR280930-30"",""trade_id"":""877d9477-57d0-4cb8-c338-482c42dab906"",""yes_price_dollars"":""0.7700""}"
KXETH15M-26APR280930-30,afdb8559-f39d-5190-4272-fba174a145d3,1777382717,0.79,61.71,yes,"{""count_fp"":""61.71"",""created_time"":""2026-04-28T13:25:17.887898Z"",""no_price_dollars"":""0.2100"",""taker_side"":""yes"",""ticker"":""KXETH15M-26APR280930-30"",""trade_id"":""afdb8559-f39d-5190-4272-fba174a145d3"",""yes_price_dollars"":""0.7900""}"
KXETH15M-26APR280930-30,3953db08-2209-7904-a11d-0728d6dcd97b,1777382717,0.8,1.0,yes,"{""count_fp"":""1.00"",""created_time"":""2026-04-28T13:25:17.170936Z"",""no_price_dollars"":""0.2000"",""taker_side"":""yes"",""ticker"":""KXETH15M-26APR280930-30"",""trade_id"":""3953db08-2209-7904-a11d-0728d6dcd97b"",""yes_price_dollars"":""0.8000""}"
KXETH15M-26APR280930-30,0158b9f9-86af-4585-6840-85c421283534,1777382718,0.78,1.0,yes,"{""count_fp"":""1.00"",""created_time"":""2026-04-28T13:25:18.129667Z"",""no_price_dollars"":""0.2200"",""taker_side"":""yes"",""ticker"":""KXETH15M-26APR280930-30"",""trade_id"":""0158b9f9-86af-4585-6840-85c421283534"",""yes_price_dollars"":""0.7800""}"
KXETH15M-26APR280930-30,c05a615c-3ee9-41ad-d138-73a9c8911278,1777382720,0.78,3.78,yes,"{""count_fp"":""3.78"",""created_time"":""2026-04-28T13:25:20.089726Z"",""no_price_dollars"":""0.2200"",""taker_side"":""yes"",""ticker"":""KXETH15M-26APR280930-30"",""trade_id"":""c05a615c-3ee9-41ad-d138-73a9c8911278"",""yes_price_dollars"":""0.7800""}"
KXETH15M-26APR280930-30,ba6895c8-d999-6028-15ab-f7ab72d9d35b,1777382721,0.79,1.24,yes,"{""count_fp"":""1.24"",""created_time"":""2026-04-28T13:25:21.343191Z"",""no_price_dollars"":""0.2100"",""taker_side"":""yes"",""ticker"":""KXETH15M-26APR280930-30"",""trade_id"":""ba6895c8-d999-6028-15ab-f7ab72d9d35b"",""yes_price_dollars"":""0.7900""}"
KXETH15M-26APR280930-30,cb0bf2e9-4d4d-590b-674a-0730050559f6,1777382726,0.72,10.0,no,"{""count_fp"":""10.00"",""created_time"":""2026-04-28T13:25:26.107513Z"",""no_price_dollars"":""0.2800"",""taker_side"":""no"",""ticker"":""KXETH15M-26APR280930-30"",""trade_id"":""cb0bf2e9-4d4d-590b-674a-0730050559f6"",""yes_price_dollars"":""0.7200""}"
KXETH15M-26APR280930-30,9d8c3a8d-ba57-51f8-6b80-1bfcece7b2c5,1777382726,0.72,3.65,no,"{""count_fp"":""3.65"",""created_time"":""2026-04-28T13:25:26.107513Z"",""no_price_dollars"":""0.2800"",""taker_side"":""no"",""ticker"":""KXETH15M-26APR280930-30"",""trade_id"":""9d8c3a8d-ba57-51f8-6b80-1bfcece7b2c5"",""yes_price_dollars"":""0.7200""}"
KXETH15M-26APR280930-30,b5a20ed7-b9e7-7ad0-377b-a5b43225d511,1777382726,0.72,6.35,no,"{""count_fp"":""6.35"",""created_time"":""2026-04-28T13:25:26.104327Z"",""no_price_dollars"":""0.2800"",""taker_side"":""no"",""ticker"":""KXETH15M-26APR280930-30"",""trade_id"":""b5a20ed7-b9e7-7ad0-377b-a5b43225d511"",""yes_price_dollars"":""0.7200""}"
KXETH15M-26APR280930-30,979c304f-8a88-7af6-8a98-428f7e51889d,1777382731,0.72,4.03,yes,"{""count_fp"":""4.03"",""created_time"":""2026-04-28T13:25:31.259065Z"",""no_price_dollars"":""0.2800"",""taker_side"":""yes"",""ticker"":""KXETH15M-26APR280930-30"",""trade_id"":""979c304f-8a88-7af6-8a98-428f7e51889d"",""yes_price_dollars"":""0.7200""}"
KXETH15M-26APR280930-30,c543bcca-3648-61df-c59e-dcf6556e58f0,1777382738,0.68,10.0,no,"{""count_fp"":""10.00"",""created_time"":""2026-04-28T13:25:38.187943Z"",""no_price_dollars"":""0.3200"",""taker_side"":""no"",""ticker"":""KXETH15M-26APR280930-30"",""trade_id"":""c543bcca-3648-61df-c59e-dcf6556e58f0"",""yes_price_dollars"":""0.6800""}"
KXETH15M-26APR280930-30,0beec6b7-5f62-6b90-f644-14eb02059191,1777382738,0.68,11.0,no,"{""count_fp"":""11.00"",""created_time"":""2026-04-28T13:25:38.187943Z"",""no_price_dollars"":""0.3200"",""taker_side"":""no"",""ticker"":""KXETH15M-26APR280930-30"",""trade_id"":""0beec6b7-5f62-6b90-f644-14eb02059191"",""yes_price_dollars"":""0.6800""}"
KXETH15M-26APR280930-30,378fe66b-d280-73e1-be24-fa5c8a883c61,1777382747,0.72,10.0,yes,"{""count_fp"":""10.00"",""created_time"":""2026-04-28T13:25:47.954577Z"",""no_price_dollars"":""0.2800"",""taker_side"":""yes"",""ticker"":""KXETH15M-26APR280930-30"",""trade_id"":""378fe66b-d280-73e1-be24-fa5c8a883c61"",""yes_price_dollars"":""0.7200""}"
KXETH15M-26APR280930-30,c1fff79a-2532-4f40-1e54-fc83063a4823,1777382748,0.77,1.0,no,"{""count_fp"":""1.00"",""created_time"":""2026-04-28T13:25:48.696097Z"",""no_price_dollars"":""0.2300"",""taker_side"":""no"",""ticker"":""KXETH15M-26APR280930-30"",""trade_id"":""c1fff79a-2532-4f40-1e54-fc83063a4823"",""yes_price_dollars"":""0.7700""}"
KXETH15M-26APR280930-30,2b4f1c2b-53b6-4698-1079-186345599c3d,1777382748,0.76,9.0,no,"{""count_fp"":""9.00"",""created_time"":""2026-04-28T13:25:48.696097Z"",""no_price_dollars"":""0.2400"",""taker_side"":""no"",""ticker"":""KXETH15M-26APR280930-30"",""trade_id"":""2b4f1c2b-53b6-4698-1079-186345599c3d"",""yes_price_dollars"":""0.7600""}"
KXETH15M-26APR280930-30,7fdffbca-ce99-6b80-40ee-6c12b103c0a0,1777382748,0.72,2.87,no,"{""count_fp"":""2.87"",""created_time"":""2026-04-28T13:25:48.266393Z"",""no_price_dollars"":""0.2800"",""taker_side"":""no"",""ticker"":""KXETH15M-26APR280930-30"",""trade_id"":""7fdffbca-ce99-6b80-40ee-6c12b103c0a0"",""yes_price_dollars"":""0.7200""}"
KXETH15M-26APR280930-30,eeb2b251-e393-4e45-0093-0a9f8217df34,1777382755,0.79,10.0,yes,"{""count_fp"":""10.00"",""created_time"":""2026-04-28T13:25:55.828567Z"",""no_price_dollars"":""0.2100"",""taker_side"":""yes"",""ticker"":""KXETH15M-26APR280930-30"",""trade_id"":""eeb2b251-e393-4e45-0093-0a9f8217df34"",""yes_price_dollars"":""0.7900""}"
KXETH15M-26APR280930-30,6bb52f81-8bda-4e24-28a2-09fb95735d61,1777382755,0.79,2.44,yes,"{""count_fp"":""2.44"",""created_time"":""2026-04-28T13:25:55.828567Z"",""no_price_dollars"":""0.2100"",""taker_side"":""yes"",""ticker"":""KXETH15M-26APR280930-30"",""trade_id"":""6bb52f81-8bda-4e24-28a2-09fb95735d61"",""yes_price_dollars"":""0.7900""}"
KXETH15M-26APR280930-30,f6d05a9b-5f8d-5ced-0e81-4b8c6b28a348,1777382758,0.8,3.5,yes,"{""count_fp"":""3.50"",""created_time"":""2026-04-28T13:25:58.805865Z"",""no_price_dollars"":""0.2000"",""taker_side"":""yes"",""ticker"":""KXETH15M-26APR280930-30"",""trade_id"":""f6d05a9b-5f8d-5ced-0e81-4b8c6b28a348"",""yes_price_dollars"":""0.8000""}"
KXETH15M-26APR280930-30,d0376953-6652-5496-32f8-c6769d19c527,1777382758,0.8,6.5,yes,"{""count_fp"":""6.50"",""created_time"":""2026-04-28T13:25:58.805865Z"",""no_price_dollars"":""0.2000"",""taker_side"":""yes"",""ticker"":""KXETH15M-26APR280930-30"",""trade_id"":""d0376953-6652-5496-32f8-c6769d19c527"",""yes_price_dollars"":""0.8000""}"
KXETH15M-26APR280930-30,4fbcb11c-ae7e-7daf-63f1-c0fe38c0f5e2,1777382758,0.8,6.7,yes,"{""count_fp"":""6.70"",""created_time"":""2026-04-28T13:25:58.172201Z"",""no_price_dollars"":""0.2000"",""taker_side"":""yes"",""ticker"":""KXETH15M-26APR280930-30"",""trade_id"":""4fbcb11c-ae7e-7daf-63f1-c0fe38c0f5e2"",""yes_price_dollars"":""0.8000""}"
KXETH15M-26APR280930-30,9ebc374c-d125-445c-eded-7476eafe068b,1777382761,0.78,10.0,yes,"{""count_fp"":""10.00"",""created_time"":""2026-04-28T13:26:01.704277Z"",""no_price_dollars"":""0.2200"",""taker_side"":""yes"",""ticker"":""KXETH15M-26APR280930-30"",""trade_id"":""9ebc374c-d125-445c-eded-7476eafe068b"",""yes_price_dollars"":""0.7800""}"
KXETH15M-26APR280930-30,a86de7d3-3029-7200-1f7f-8a76661afa23,1777382761,0.78,12.18,yes,"{""count_fp"":""12.18"",""created_time"":""2026-04-28T13:26:01.337056Z"",""no_price_dollars"":""0.2200"",""taker_side"":""yes"",""ticker"":""KXETH15M-26APR280930-30"",""trade_id"":""a86de7d3-3029-7200-1f7f-8a76661afa23"",""yes_price_dollars"":""0.7800""}"
KXETH15M-26APR280930-30,a62ab888-2ba6-48d7-5667-0766b7944af6,1777382762,0.77,7.0,yes,"{""count_fp"":""7.00"",""created_time"":""2026-04-28T13:26:02.401097Z"",""no_price_dollars"":""0.2300"",""taker_side"":""yes"",""ticker"":""KXETH15M-26APR280930-30"",""trade_id"":""a62ab888-2ba6-48d7-5667-0766b7944af6"",""yes_price_dollars"":""0.7700""}"
KXETH15M-26APR280930-30,f0db5b1b-a126-5ffa-d44f-dcee78bcedb1,1777382763,0.74,2.52,yes,"{""count_fp"":""2.52"",""created_time"":""2026-04-28T13:26:03.595543Z"",""no_price_dollars"":""0.2600"",""taker_side"":""yes"",""ticker"":""KXETH15M-26APR280930-30"",""trade_id"":""f0db5b1b-a126-5ffa-d44f-dcee78bcedb1"",""yes_price_dollars"":""0.7400""}"
KXETH15M-26APR280930-30,5b1cf660-d436-7804-8876-972b8f6c8d49,1777382766,0.72,6.0,yes,"{""count_fp"":""6.00"",""created_time"":""2026-04-28T13:26:06.719679Z"",""no_price_dollars"":""0.2800"",""taker_side"":""yes"",""ticker"":""KXETH15M-26APR280930-30"",""trade_id"":""5b1cf660-d436-7804-8876-972b8f6c8d49"",""yes_price_dollars"":""0.7200""}"
KXETH15M-26APR280930-30,e69776d7-a557-6cb2-1601-57f91b271d29,1777382767,0.71,10.0,yes,"{""count_fp"":""10.00"",""created_time"":""2026-04-28T13:26:07.615145Z"",""no_price_dollars"":""0.2900"",""taker_side"":""yes"",""ticker"":""KXETH15M-26APR280930-30"",""trade_id"":""e69776d7-a557-6cb2-1601-57f91b271d29"",""yes_price_dollars"":""0.7100""}"
KXETH15M-26APR280930-30,28cf076d-5226-68a2-0ec6-3d460a1070cd,1777382767,0.71,100.0,yes,"{""count_fp"":""100.00"",""created_time"":""2026-04-28T13:26:07.615145Z"",""no_price_dollars"":""0.2900"",""taker_side"":""yes"",""ticker"":""KXETH15M-26APR280930-30"",""trade_id"":""28cf076d-5226-68a2-0ec6-3d460a1070cd"",""yes_price_dollars"":""0.7100""}"
KXETH15M-26APR280930-30,890d6cb2-4b0b-4e82-891f-f615d43f6267,1777382769,0.75,5.0,yes,"{""count_fp"":""5.00"",""created_time"":""2026-04-28T13:26:09.638109Z"",""no_price_dollars"":""0.2500"",""taker_side"":""yes"",""ticker"":""KXETH15M-26APR280930-30"",""trade_id"":""890d6cb2-4b0b-4e82-891f-f615d43f6267"",""yes_price_dollars"":""0.7500""}"
KXETH15M-26APR280930-30,c4b6a9f0-5a2c-7008-955d-7622a016aebc,1777382773,0.72,6.0,yes,"{""count_fp"":""6.00"",""created_time"":""2026-04-28T13:26:13.951194Z"",""no_price_dollars"":""0.2800"",""taker_side"":""yes"",""ticker"":""KXETH15M-26APR280930-30"",""trade_id"":""c4b6a9f0-5a2c-7008-955d-7622a016aebc"",""yes_price_dollars"":""0.7200""}"
KXETH15M-26APR280930-30,42f39089-1606-7fdb-0c1c-7fdaeb4d72e2,1777382778,0.77,10.0,yes,"{""count_fp"":""10.00"",""created_time"":""2026-04-28T13:26:18.747026Z"",""no_price_dollars"":""0.2300"",""taker_side"":""yes"",""ticker"":""KXETH15M-26APR280930-30"",""trade_id"":""42f39089-1606-7fdb-0c1c-7fdaeb4d72e2"",""yes_price_dollars"":""0.7700""}"
KXETH15M-26APR280930-30,24b56a7f-8f00-75b5-0a92-d2157b01f03b,1777382778,0.77,50.0,yes,"{""count_fp"":""50.00"",""created_time"":""2026-04-28T13:26:18.747026Z"",""no_price_dollars"":""0.2300"",""taker_side"":""yes"",""ticker"":""KXETH15M-26APR280930-30"",""trade_id"":""24b56a7f-8f00-75b5-0a92-d2157b01f03b"",""yes_price_dollars"":""0.7700""}"
KXETH15M-26APR280930-30,4e7151ac-e0eb-7da8-49ee-4b5e80a29cf0,1777382778,0.73,10.0,yes,"{""count_fp"":""10.00"",""created_time"":""2026-04-28T13:26:18.444345Z"",""no_price_dollars"":""0.2700"",""taker_side"":""yes"",""ticker"":""KXETH15M-26APR280930-30"",""trade_id"":""4e7151ac-e0eb-7da8-49ee-4b5e80a29cf0"",""yes_price_dollars"":""0.7300""}"
KXETH15M-26APR280930-30,38ffa15d-37c3-7054-53d0-d9c6c8f04b17,1777382779,0.77,10.0,no,"{""count_fp"":""10.00"",""created_time"":""2026-04-28T13:26:19.364766Z"",""no_price_dollars"":""0.2300"",""taker_side"":""no"",""ticker"":""KXETH15M-26APR280930-30"",""trade_id"":""38ffa15d-37c3-7054-53d0-d9c6c8f04b17"",""yes_price_dollars"":""0.7700""}"
KXETH15M-26APR280930-30,54997fdb-3c66-6f8b-1734-2973d63b615a,1777382791,0.75,10.0,yes,"{""count_fp"":""10.00"",""created_time"":""2026-04-28T13:26:31.684867Z"",""no_price_dollars"":""0.2500"",""taker_side"":""yes"",""ticker"":""KXETH15M-26APR280930-30"",""trade_id"":""54997fdb-3c66-6f8b-1734-2973d63b615a"",""yes_price_dollars"":""0.7500""}"
KXETH15M-26APR280930-30,9dcdff90-3402-7281-45a5-da993d71d7bd,1777382795,0.69,9.0,no,"{""count_fp"":""9.00"",""created_time"":""2026-04-28T13:26:35.966303Z"",""no_price_dollars"":""0.3100"",""taker_side"":""no"",""ticker"":""KXETH15M-26APR280930-30"",""trade_id"":""9dcdff90-3402-7281-45a5-da993d71d7bd"",""yes_price_dollars"":""0.6900""}"
KXETH15M-26APR280930-30,7393e49a-4765-71c4-5d59-d780085d24b4,1777382795,0.69,10.0,no,"{""count_fp"":""10.00"",""created_time"":""2026-04-28T13:26:35.966303Z"",""no_price_dollars"":""0.3100"",""taker_side"":""no"",""ticker"":""KXETH15M-26APR280930-30"",""trade_id"":""7393e49a-4765-71c4-5d59-d780085d24b4"",""yes_price_dollars"":""0.6900""}"
KXETH15M-26APR280930-30,81ae1f34-7e28-6cfe-603c-d380b627dbca,1777382796,0.68,10.0,no,"{""count_fp"":""10.00"",""created_time"":""2026-04-28T13:26:36.123242Z"",""no_price_dollars"":""0.3200"",""taker_side"":""no"",""ticker"":""KXETH15M-26APR280930-30"",""trade_id"":""81ae1f34-7e28-6cfe-603c-d380b627dbca"",""yes_price_dollars"":""0.6800""}"
KXETH15M-26APR280930-30,0246d56f-f09b-6417-4043-4ff973af5b5d,1777382796,0.68,10.0,no,"{""count_fp"":""10.00"",""created_time"":""2026-04-28T13:26:36.123242Z"",""no_price_dollars"":""0.3200"",""taker_side"":""no"",""ticker"":""KXETH15M-26APR280930-30"",""trade_id"":""0246d56f-f09b-6417-4043-4ff973af5b5d"",""yes_price_dollars"":""0.6800""}"
KXETH15M-26APR280930-30,55916eb9-3ac5-5398-e74f-324ec6063bea,1777382798,0.62,10.0,no,"{""count_fp"":""10.00"",""created_time"":""2026-04-28T13:26:38.788664Z"",""no_price_dollars"":""0.3800"",""taker_side"":""no"",""ticker"":""KXETH15M-26APR280930-30"",""trade_id"":""55916eb9-3ac5-5398-e74f-324ec6063bea"",""yes_price_dollars"":""0.6200""}"
KXETH15M-26APR280930-30,3dca04ea-2511-5572-e1f2-a217390b960d,1777382798,0.62,20.0,no,"{""count_fp"":""20.00"",""created_time"":""2026-04-28T13:26:38.788664Z"",""no_price_dollars"":""0.3800"",""taker_side"":""no"",""ticker"":""KXETH15M-26APR280930-30"",""trade_id"":""3dca04ea-2511-5572-e1f2-a217390b960d"",""yes_price_dollars"":""0.6200""}"
KXETH15M-26APR280930-30,f58028f9-98e7-646e-452a-68fd423ac95f,1777382798,0.65,30.0,no,"{""count_fp"":""30.00"",""created_time"":""2026-04-28T13:26:38.786027Z"",""no_price_dollars"":""0.3500"",""taker_side"":""no"",""ticker"":""KXETH15M-26APR280930-30"",""trade_id"":""f58028f9-98e7-646e-452a-68fd423ac95f"",""yes_price_dollars"":""0.6500""}"
KXETH15M-26APR280930-30,dd27fe5e-4e05-7a8d-6789-15f7e65705d9,1777382799,0.67,10.0,yes,"{""count_fp"":""10.00"",""created_time"":""2026-04-28T13:26:39.393542Z"",""no_price_dollars"":""0.3300"",""taker_side"":""yes"",""ticker"":""KXETH15M-26APR280930-30"",""trade_id"":""dd27fe5e-4e05-7a8d-6789-15f7e65705d9"",""yes_price_dollars"":""0.6700""}"
KXETH15M-26APR280930-30,052864b3-035d-7bd9-f0b2-5feebe41f179,1777382799,0.66,10.0,yes,"{""count_fp"":""10.00"",""created_time"":""2026-04-28T13:26:39.378591Z"",""no_price_dollars"":""0.3400"",""taker_side"":""yes"",""ticker"":""KXETH15M-26APR280930-30"",""trade_id"":""052864b3-035d-7bd9-f0b2-5feebe41f179"",""yes_price_dollars"":""0.6600""}"
KXETH15M-26APR280930-30,ca2cee79-ea0c-5edd-3429-561a47b0e567,1777382803,0.68,10.0,no,"{""count_fp"":""10.00"",""created_time"":""2026-04-28T13:26:43.950524Z"",""no_price_dollars"":""0.3200"",""taker_side"":""no"",""ticker"":""KXETH15M-26APR280930-30"",""trade_id"":""ca2cee79-ea0c-5edd-3429-561a47b0e567"",""yes_price_dollars"":""0.6800""}"
KXETH15M-26APR280930-30,2dab600a-a6b6-5bf9-01a5-5df789090509,1777382803,0.67,10.0,no,"{""count_fp"":""10.00"",""created_time"":""2026-04-28T13:26:43.950524Z"",""no_price_dollars"":""0.3300"",""taker_side"":""no"",""ticker"":""KXETH15M-26APR280930-30"",""trade_id"":""2dab600a-a6b6-5bf9-01a5-5df789090509"",""yes_price_dollars"":""0.6700""}"
KXETH15M-26APR280930-30,5a2b64d9-c0f2-49be-1a02-d22fdaf826eb,1777382805,0.67,2.0,yes,"{""count_fp"":""2.00"",""created_time"":""2026-04-28T13:26:45.329282Z"",""no_price_dollars"":""0.3300"",""taker_side"":""yes"",""ticker"":""KXETH15M-26APR280930-30"",""trade_id"":""5a2b64d9-c0f2-49be-1a02-d22fdaf826eb"",""yes_price_dollars"":""0.6700""}"
KXETH15M-26APR280930-30,97ff6d0d-d9a4-7d26-4e77-8c5bf56b03a7,1777382806,0.59,10.0,no,"{""count_fp"":""10.00"",""created_time"":""2026-04-28T13:26:46.948357Z"",""no_price_dollars"":""0.4100"",""taker_side"":""no"",""ticker"":""KXETH15M-26APR280930-30"",""trade_id"":""97ff6d0d-d9a4-7d26-4e77-8c5bf56b03a7"",""yes_price_dollars"":""0.5900""}"
KXETH15M-26APR280930-30,09d86b0d-f5b0-7937-6e9f-048f6fed17cf,1777382806,0.59,10.0,no,"{""count_fp"":""10.00"",""created_time"":""2026-04-28T13:26:46.948357Z"",""no_price_dollars"":""0.4100"",""taker_side"":""no"",""ticker"":""KXETH15M-26APR280930-30"",""trade_id"":""09d86b0d-f5b0-7937-6e9f-048f6fed17cf"",""yes_price_dollars"":""0.5900""}"
KXETH15M-26APR280930-30,92ae84ec-2089-6ca0-65e5-8a94be8380c7,1777382806,0.6,30.0,yes,"{""count_fp"":""30.00"",""created_time"":""2026-04-28T13:26:46.512287Z"",""no_price_dollars"":""0.4000"",""taker_side"":""yes"",""ticker"":""KXETH15M-26APR280930-30"",""trade_id"":""92ae84ec-2089-6ca0-65e5-8a94be8380c7"",""yes_price_dollars"":""0.6000""}"
KXETH15M-26APR280930-30,ae54bc3c-4911-488a-4900-ec0409413115,1777382806,0.59,100.0,no,"{""count_fp"":""100.00"",""created_time"":""2026-04-28T13:26:46.148298Z"",""no_price_dollars"":""0.4100"",""taker_side"":""no"",""ticker"":""KXETH15M-26APR280930-30"",""trade_id"":""ae54bc3c-4911-488a-4900-ec0409413115"",""yes_price_dollars"":""0.5900""}"
KXETH15M-26APR280930-30,8c3867c2-14ea-4bc5-6208-8cbc667c5cbf,1777382806,0.59,10.0,no,"{""count_fp"":""10.00"",""created_time"":""2026-04-28T13:26:46.148298Z"",""no_price_dollars"":""0.4100"",""taker_side"":""no"",""ticker"":""KXETH15M-26APR280930-30"",""trade_id"":""8c3867c2-14ea-4bc5-6208-8cbc667c5cbf"",""yes_price_dollars"":""0.5900""}"
KXETH15M-26APR280930-30,5fcc4b11-6a7a-4bd7-cd1a-261fd4bc3bba,1777382807,0.54,4.0,no,"{""count_fp"":""4.00"",""created_time"":""2026-04-28T13:26:47.837721Z"",""no_price_dollars"":""0.4600"",""taker_side"":""no"",""ticker"":""KXETH15M-26APR280930-30"",""trade_id"":""5fcc4b11-6a7a-4bd7-cd1a-261fd4bc3bba"",""yes_price_dollars"":""0.5400""}"
KXETH15M-26APR280930-30,06e30052-9595-4169-e60b-f13c0a763ba7,1777382807,0.54,8.0,no,"{""count_fp"":""8.00"",""created_time"":""2026-04-28T13:26:47.837721Z"",""no_price_dollars"":""0.4600"",""taker_side"":""no"",""ticker"":""KXETH15M-26APR280930-30"",""trade_id"":""06e30052-9595-4169-e60b-f13c0a763ba7"",""yes_price_dollars"":""0.5400""}"
KXETH15M-26APR280930-30,bcc3e821-5899-7d61-12cb-5029e6b26f9f,1777382807,0.54,2.0,no,"{""count_fp"":""2.00"",""created_time"":""2026-04-28T13:26:47.522648Z"",""no_price_dollars"":""0.4600"",""taker_side"":""no"",""ticker"":""KXETH15M-26APR280930-30"",""trade_id"":""bcc3e821-5899-7d61-12cb-5029e6b26f9f"",""yes_price_dollars"":""0.5400""}"
KXETH15M-26APR280930-30,537bb933-5d04-4e4e-0d61-c600a60cd6a0,1777382808,0.53,13.0,no,"{""count_fp"":""13.00"",""created_time"":""2026-04-28T13:26:48.280178Z"",""no_price_dollars"":""0.4700"",""taker_side"":""no"",""ticker"":""KXETH15M-26APR280930-30"",""trade_id"":""537bb933-5d04-4e4e-0d61-c600a60cd6a0"",""yes_price_dollars"":""0.5300""}"
KXETH15M-26APR280930-30,ccf944e2-6318-61e2-0b3b-3063831e5104,1777382808,0.53,13.0,no,"{""count_fp"":""13.00"",""created_time"":""2026-04-28T13:26:48.277045Z"",""no_price_dollars"":""0.4700"",""taker_side"":""no"",""ticker"":""KXETH15M-26APR280930-30"",""trade_id"":""ccf944e2-6318-61e2-0b3b-3063831e5104"",""yes_price_dollars"":""0.5300""}"
KXETH15M-26APR280930-30,e3c3b4aa-775f-56b4-e04f-b8f383bf7ddc,1777382808,0.53,0.62,no,"{""count_fp"":""0.62"",""created_time"":""2026-04-28T13:26:48.265827Z"",""no_price_dollars"":""0.4700"",""taker_side"":""no"",""ticker"":""KXETH15M-26APR280930-30"",""trade_id"":""e3c3b4aa-775f-56b4-e04f-b8f383bf7ddc"",""yes_price_dollars"":""0.5300""}"
KXETH15M-26APR280930-30,829e2522-6740-5a26-c5fa-35bf8c792f94,1777382808,0.53,12.38,no,"{""count_fp"":""12.38"",""created_time"":""2026-04-28T13:26:48.265827Z"",""no_price_dollars"":""0.4700"",""taker_side"":""no"",""ticker"":""KXETH15M-26APR280930-30"",""trade_id"":""829e2522-6740-5a26-c5fa-35bf8c792f94"",""yes_price_dollars"":""0.5300""}"
KXETH15M-26APR280930-30,90202794-b70d-6298-070c-bf7fb632d447,1777382810,0.52,2.52,no,"{""count_fp"":""2.52"",""created_time"":""2026-04-28T13:26:50.835227Z"",""no_price_dollars"":""0.4800"",""taker_side"":""no"",""ticker"":""KXETH15M-26APR280930-30"",""trade_id"":""90202794-b70d-6298-070c-bf7fb632d447"",""yes_price_dollars"":""0.5200""}"
KXETH15M-26APR280930-30,0d0482f9-27ba-5dc2-9a6b-6aa5f8232a5b,1777382812,0.54,10.0,yes,"{""count_fp"":""10.00"",""created_time"":""2026-04-28T13:26:52.350277Z"",""no_price_dollars"":""0.4600"",""taker_side"":""yes"",""ticker"":""KXETH15M-26APR280930-30"",""trade_id"":""0d0482f9-27ba-5dc2-9a6b-6aa5f8232a5b"",""yes_price_dollars"":""0.5400""}"
KXETH15M-26APR280930-30,71740877-a8cd-7468-04df-9593513647f9,1777382812,0.51,9.0,no,"{""count_fp"":""9.00"",""created_time"":""2026-04-28T13:26:52.240602Z"",""no_price_dollars"":""0.4900"",""taker_side"":""no"",""ticker"":""KXETH15M-26APR280930-30"",""trade_id"":""71740877-a8cd-7468-04df-9593513647f9"",""yes_price_dollars"":""0.5100""}"
KXETH15M-26APR280930-30,fbcf6113-9f32-6b69-fda5-d1c7cf4d6b01,1777382814,0.56,7.0,no,"{""count_fp"":""7.00"",""created_time"":""2026-04-28T13:26:54.533869Z"",""no_price_dollars"":""0.4400"",""taker_side"":""no"",""ticker"":""KXETH15M-26APR280930-30"",""trade_id"":""fbcf6113-9f32-6b69-fda5-d1c7cf4d6b01"",""yes_price_dollars"":""0.5600""}"
KXETH15M-26APR280930-30,aac2e730-46d3-4a30-cf87-8b485d333bc5,1777382815,0.57,10.0,no,"{""count_fp"":""10.00"",""created_time"":""2026-04-28T13:26:55.700009Z"",""no_price_dollars"":""0.4300"",""taker_side"":""no"",""ticker"":""KXETH15M-26APR280930-30"",""trade_id"":""aac2e730-46d3-4a30-cf87-8b485d333bc5"",""yes_price_dollars"":""0.5700""}"
KXETH15M-26APR280930-30,c725ee6b-758d-6681-6bcb-4061820f8e10,1777382817,0.51,10.0,no,"{""count_fp"":""10.00"",""created_time"":""2026-04-28T13:26:57.562004Z"",""no_price_dollars"":""0.4900"",""taker_side"":""no"",""ticker"":""KXETH15M-26APR280930-30"",""trade_id"":""c725ee6b-758d-6681-6bcb-4061820f8e10"",""yes_price_dollars"":""0.5100""}"
KXETH15M-26APR280930-30,1e0cacf4-bc0b-6591-5f4d-163405619353,1777382817,0.51,417.44,no,"{""count_fp"":""417.44"",""created_time"":""2026-04-28T13:26:57.562004Z"",""no_price_dollars"":""0.4900"",""taker_side"":""no"",""ticker"":""KXETH15M-26APR280930-30"",""trade_id"":""1e0cacf4-bc0b-6591-5f4d-163405619353"",""yes_price_dollars"":""0.5100""}"
KXETH15M-26APR280930-30,9d6b6677-77aa-676d-7f9e-a1186c6e38dd,1777382818,0.44,100.0,no,"{""count_fp"":""100.00"",""created_time"":""2026-04-28T13:26:58.471787Z"",""no_price_dollars"":""0.5600"",""taker_side"":""no"",""ticker"":""KXETH15M-26APR280930-30"",""trade_id"":""9d6b6677-77aa-676d-7f9e-a1186c6e38dd"",""yes_price_dollars"":""0.4400""}"
KXETH15M-26APR280930-30,7e2bcb27-cca7-5b7a-599a-25503d01c0d2,1777382819,0.47,10.0,yes,"{""count_fp"":""10.00"",""created_time"":""2026-04-28T13:26:59.713779Z"",""no_price_dollars"":""0.5300"",""taker_side"":""yes"",""ticker"":""KXETH15M-26APR280930-30"",""trade_id"":""7e2bcb27-cca7-5b7a-599a-25503d01c0d2"",""yes_price_dollars"":""0.4700""}"
KXETH15M-26APR280930-30,adf04dfa-7785-6644-2be8-887de6c5a9b3,1777382820,0.51,220.0,yes,"{""count_fp"":""220.00"",""created_time"":""2026-04-28T13:27:00.297836Z"",""no_price_dollars"":""0.4900"",""taker_side"":""yes"",""ticker"":""KXETH15M-26APR280930-30"",""trade_id"":""adf04dfa-7785-6644-2be8-887de6c5a9b3"",""yes_price_dollars"":""0.5100""}"
KXETH15M-26APR280930-30,b2a2703c-cc43-50e7-a658-7725545b8bdf,1777382821,0.47,60.0,no,"{""count_fp"":""60.00"",""created_time"":""2026-04-28T13:27:01.717544Z"",""no_price_dollars"":""0.5300"",""taker_side"":""no"",""ticker"":""KXETH15M-26APR280930-30"",""trade_id"":""b2a2703c-cc43-50e7-a658-7725545b8bdf"",""yes_price_dollars"":""0.4700""}"
KXETH15M-26APR280930-30,ae26dd09-91ff-4ce1-9f1f-2c2f38113568,1777382821,0.48,10.0,no,"{""count_fp"":""10.00"",""created_time"":""2026-04-28T13:27:01.651288Z"",""no_price_dollars"":""0.5200"",""taker_side"":""no"",""ticker"":""KXETH15M-26APR280930-30"",""trade_id"":""ae26dd09-91ff-4ce1-9f1f-2c2f38113568"",""yes_price_dollars"":""0.4800""}"
KXETH15M-26APR280930-30,b4c002e9-30ac-5ec8-075c-0b32c3b13d2b,1777382821,0.49,10.0,no,"{""count_fp"":""10.00"",""created_time"":""2026-04-28T13:27:01.636094Z"",""no_price_dollars"":""0.5100"",""taker_side"":""no"",""ticker"":""KXETH15M-26APR280930-30"",""trade_id"":""b4c002e9-30ac-5ec8-075c-0b32c3b13d2b"",""yes_price_dollars"":""0.4900""}"
KXETH15M-26APR280930-30,86a624d9-9ca1-5832-f378-8737953d523d,1777382827,0.49,10.0,no,"{""count_fp"":""10.00"",""created_time"":""2026-04-28T13:27:07.306314Z"",""no_price_dollars"":""0.5100"",""taker_side"":""no"",""ticker"":""KXETH15M-26APR280930-30"",""trade_id"":""86a624d9-9ca1-5832-f378-8737953d523d"",""yes_price_dollars"":""0.4900""}"
KXETH15M-26APR280930-30,e9e13eaa-6674-4eb3-019b-b0c7d37dc2c3,1777382832,0.49,10.0,yes,"{""count_fp"":""10.00"",""created_time"":""2026-04-28T13:27:12.281823Z"",""no_price_dollars"":""0.5100"",""taker_side"":""yes"",""ticker"":""KXETH15M-26APR280930-30"",""trade_id"":""e9e13eaa-6674-4eb3-019b-b0c7d37dc2c3"",""yes_price_dollars"":""0.4900""}"
KXETH15M-26APR280930-30,f31ded68-cdf7-4edb-907e-b4ea0e9b1a7a,1777382833,0.57,1.0,no,"{""count_fp"":""1.00"",""created_time"":""2026-04-28T13:27:13.862844Z"",""no_price_dollars"":""0.4300"",""taker_side"":""no"",""ticker"":""KXETH15M-26APR280930-30"",""trade_id"":""f31ded68-cdf7-4edb-907e-b4ea0e9b1a7a"",""yes_price_dollars"":""0.5700""}"
KXETH15M-26APR280930-30,e414231c-f25f-66e3-7650-e4a300efc21a,1777382833,0.57,1.0,no,"{""count_fp"":""1.00"",""created_time"":""2026-04-28T13:27:13.834294Z"",""no_price_dollars"":""0.4300"",""taker_side"":""no"",""ticker"":""KXETH15M-26APR280930-30"",""trade_id"":""e414231c-f25f-66e3-7650-e4a300efc21a"",""yes_price_dollars"":""0.5700""}"
KXETH15M-26APR280930-30,358e4985-105f-570d-824a-0df186ed1ee8,1777382833,0.55,20.0,yes,"{""count_fp"":""20.00"",""created_time"":""2026-04-28T13:27:13.194591Z"",""no_price_dollars"":""0.4500"",""taker_side"":""yes"",""ticker"":""KXETH15M-26APR280930-30"",""trade_id"":""358e4985-105f-570d-824a-0df186ed1ee8"",""yes_price_dollars"":""0.5500""}"
KXETH15M-26APR280930-30,50f6f7bb-7967-5bb5-76f0-956caebe904c,1777382833,0.55,230.0,yes,"{""count_fp"":""230.00"",""created_time"":""2026-04-28T13:27:13.193989Z"",""no_price_dollars"":""0.4500"",""taker_side"":""yes"",""ticker"":""KXETH15M-26APR280930-30"",""trade_id"":""50f6f7bb-7967-5bb5-76f0-956caebe904c"",""yes_price_dollars"":""0.5500""}"
