ticker,trade_id,ts,yes_price,count,taker_side,raw_json
KXETH15M-26APR271700-00,3e101cd1-c6f2-4717-6064-8abec11d4c07,1777322707,0.53,1.0,no,"{""count_fp"":""1.00"",""created_time"":""2026-04-27T20:45:07.084983Z"",""no_price_dollars"":""0.4700"",""taker_side"":""no"",""ticker"":""KXETH15M-26APR271700-00"",""trade_id"":""3e101cd1-c6f2-4717-6064-8abec11d4c07"",""yes_price_dollars"":""0.5300""}"
KXETH15M-26APR271700-00,f441702c-a99c-47f1-d9c6-89716e01a036,1777322711,0.48,4.3,no,"{""count_fp"":""4.30"",""created_time"":""2026-04-27T20:45:11.388528Z"",""no_price_dollars"":""0.5200"",""taker_side"":""no"",""ticker"":""KXETH15M-26APR271700-00"",""trade_id"":""f441702c-a99c-47f1-d9c6-89716e01a036"",""yes_price_dollars"":""0.4800""}"
KXETH15M-26APR271700-00,65e6e474-53f9-4e23-ef50-199799651af3,1777322711,0.48,5.0,no,"{""count_fp"":""5.00"",""created_time"":""2026-04-27T20:45:11.388528Z"",""no_price_dollars"":""0.5200"",""taker_side"":""no"",""ticker"":""KXETH15M-26APR271700-00"",""trade_id"":""65e6e474-53f9-4e23-ef50-199799651af3"",""yes_price_dollars"":""0.4800""}"
KXETH15M-26APR271700-00,43310145-34c4-6eec-96f1-d9496465da6b,1777322714,0.44,78.3,no,"{""count_fp"":""78.30"",""created_time"":""2026-04-27T20:45:14.489217Z"",""no_price_dollars"":""0.5600"",""taker_side"":""no"",""ticker"":""KXETH15M-26APR271700-00"",""trade_id"":""43310145-34c4-6eec-96f1-d9496465da6b"",""yes_price_dollars"":""0.4400""}"
KXETH15M-26APR271700-00,e9b26320-9963-7760-9038-aaca16ab7aa0,1777322721,0.42,5.0,yes,"{""count_fp"":""5.00"",""created_time"":""2026-04-27T20:45:21.678662Z"",""no_price_dollars"":""0.5800"",""taker_side"":""yes"",""ticker"":""KXETH15M-26APR271700-00"",""trade_id"":""e9b26320-9963-7760-9038-aaca16ab7aa0"",""yes_price_dollars"":""0.4200""}"
KXETH15M-26APR271700-00,6bbe27b0-35bc-70f1-94a0-72cd5169d922,1777322721,0.43,55.38,yes,"{""count_fp"":""55.38"",""created_time"":""2026-04-27T20:45:21.678662Z"",""no_price_dollars"":""0.5700"",""taker_side"":""yes"",""ticker"":""KXETH15M-26APR271700-00"",""trade_id"":""6bbe27b0-35bc-70f1-94a0-72cd5169d922"",""yes_price_dollars"":""0.4300""}"
KXETH15M-26APR271700-00,0d87ede6-1757-48c1-1cbd-e79498a07bc3,1777322731,0.41,1.0,no,"{""count_fp"":""1.00"",""created_time"":""2026-04-27T20:45:31.620081Z"",""no_price_dollars"":""0.5900"",""taker_side"":""no"",""ticker"":""KXETH15M-26APR271700-00"",""trade_id"":""0d87ede6-1757-48c1-1cbd-e79498a07bc3"",""yes_price_dollars"":""0.4100""}"
KXETH15M-26APR271700-00,ca24bfe2-72df-7440-20e7-8199f248cac9,1777322732,0.46,10.0,yes,"{""count_fp"":""10.00"",""created_time"":""2026-04-27T20:45:32.508791Z"",""no_price_dollars"":""0.5400"",""taker_side"":""yes"",""ticker"":""KXETH15M-26APR271700-00"",""trade_id"":""ca24bfe2-72df-7440-20e7-8199f248cac9"",""yes_price_dollars"":""0.4600""}"
KXETH15M-26APR271700-00,c9a466ab-ec07-7e1e-171a-e75eb7189085,1777322732,0.46,1.0,yes,"{""count_fp"":""1.00"",""created_time"":""2026-04-27T20:45:32.508791Z"",""no_price_dollars"":""0.5400"",""taker_side"":""yes"",""ticker"":""KXETH15M-26APR271700-00"",""trade_id"":""c9a466ab-ec07-7e1e-171a-e75eb7189085"",""yes_price_dollars"":""0.4600""}"
KXETH15M-26APR271700-00,3f0ae050-438a-58a8-9c1a-79b0bf0affa3,1777322732,0.44,70.0,yes,"{""count_fp"":""70.00"",""created_time"":""2026-04-27T20:45:32.481725Z"",""no_price_dollars"":""0.5600"",""taker_side"":""yes"",""ticker"":""KXETH15M-26APR271700-00"",""trade_id"":""3f0ae050-438a-58a8-9c1a-79b0bf0affa3"",""yes_price_dollars"":""0.4400""}"
KXETH15M-26APR271700-00,907271d9-875c-5644-a03b-79f3ca0147aa,1777322732,0.47,84.38,yes,"{""count_fp"":""84.38"",""created_time"":""2026-04-27T20:45:32.020949Z"",""no_price_dollars"":""0.5300"",""taker_side"":""yes"",""ticker"":""KXETH15M-26APR271700-00"",""trade_id"":""907271d9-875c-5644-a03b-79f3ca0147aa"",""yes_price_dollars"":""0.4700""}"
KXETH15M-26APR271700-00,7d2aebc4-2853-5c25-ade4-6e1b1630d4df,1777322732,0.46,1.0,yes,"{""count_fp"":""1.00"",""created_time"":""2026-04-27T20:45:32.020949Z"",""no_price_dollars"":""0.5400"",""taker_side"":""yes"",""ticker"":""KXETH15M-26APR271700-00"",""trade_id"":""7d2aebc4-2853-5c25-ade4-6e1b1630d4df"",""yes_price_dollars"":""0.4600""}"
KXETH15M-26APR271700-00,67d7bbe2-94d6-508f-ade6-44277940d260,1777322732,0.45,100.0,yes,"{""count_fp"":""100.00"",""created_time"":""2026-04-27T20:45:32.020949Z"",""no_price_dollars"":""0.5500"",""taker_side"":""yes"",""ticker"":""KXETH15M-26APR271700-00"",""trade_id"":""67d7bbe2-94d6-508f-ade6-44277940d260"",""yes_price_dollars"":""0.4500""}"
KXETH15M-26APR271700-00,50f5e45a-9eec-5061-a005-f206795ea96e,1777322732,0.43,14.62,yes,"{""count_fp"":""14.62"",""created_time"":""2026-04-27T20:45:32.020949Z"",""no_price_dollars"":""0.5700"",""taker_side"":""yes"",""ticker"":""KXETH15M-26APR271700-00"",""trade_id"":""50f5e45a-9eec-5061-a005-f206795ea96e"",""yes_price_dollars"":""0.4300""}"
KXETH15M-26APR271700-00,fa503a2e-213e-6de0-7ae4-722989e07615,1777322739,0.49,3.0,yes,"{""count_fp"":""3.00"",""created_time"":""2026-04-27T20:45:39.575809Z"",""no_price_dollars"":""0.5100"",""taker_side"":""yes"",""ticker"":""KXETH15M-26APR271700-00"",""trade_id"":""fa503a2e-213e-6de0-7ae4-722989e07615"",""yes_price_dollars"":""0.4900""}"
KXETH15M-26APR271700-00,9f59dcc6-8c36-6711-7a52-26562f11fed6,1777322739,0.5,34.08,yes,"{""count_fp"":""34.08"",""created_time"":""2026-04-27T20:45:39.575809Z"",""no_price_dollars"":""0.5000"",""taker_side"":""yes"",""ticker"":""KXETH15M-26APR271700-00"",""trade_id"":""9f59dcc6-8c36-6711-7a52-26562f11fed6"",""yes_price_dollars"":""0.5000""}"
KXETH15M-26APR271700-00,8334a2dc-01cf-64ab-76bf-6c25f7ceeb33,1777322739,0.49,1.0,yes,"{""count_fp"":""1.00"",""created_time"":""2026-04-27T20:45:39.575809Z"",""no_price_dollars"":""0.5100"",""taker_side"":""yes"",""ticker"":""KXETH15M-26APR271700-00"",""trade_id"":""8334a2dc-01cf-64ab-76bf-6c25f7ceeb33"",""yes_price_dollars"":""0.4900""}"
KXETH15M-26APR271700-00,1b18a2b0-f5b6-5e97-4439-68a970c670a3,1777322741,0.45,1.0,no,"{""count_fp"":""1.00"",""created_time"":""2026-04-27T20:45:41.143614Z"",""no_price_dollars"":""0.5500"",""taker_side"":""no"",""ticker"":""KXETH15M-26APR271700-00"",""trade_id"":""1b18a2b0-f5b6-5e97-4439-68a970c670a3"",""yes_price_dollars"":""0.4500""}"
KXETH15M-26APR271700-00,6310216f-1cd0-4832-19e2-abce8c678b1a,1777322752,0.44,0.94,yes,"{""count_fp"":""0.94"",""created_time"":""2026-04-27T20:45:52.386249Z"",""no_price_dollars"":""0.5600"",""taker_side"":""yes"",""ticker"":""KXETH15M-26APR271700-00"",""trade_id"":""6310216f-1cd0-4832-19e2-abce8c678b1a"",""yes_price_dollars"":""0.4400""}"
KXETH15M-26APR271700-00,31c23f0e-c492-5893-1191-aeb35d94945e,1777322757,0.38,0.22,yes,"{""count_fp"":""0.22"",""created_time"":""2026-04-27T20:45:57.660155Z"",""no_price_dollars"":""0.6200"",""taker_side"":""yes"",""ticker"":""KXETH15M-26APR271700-00"",""trade_id"":""31c23f0e-c492-5893-1191-aeb35d94945e"",""yes_price_dollars"":""0.3800""}"
KXETH15M-26APR271700-00,675df9f7-d875-509e-e6b7-668f6aec63dc,1777322757,0.42,1.0,no,"{""count_fp"":""1.00"",""created_time"":""2026-04-27T20:45:57.376229Z"",""no_price_dollars"":""0.5800"",""taker_side"":""no"",""ticker"":""KXETH15M-26APR271700-00"",""trade_id"":""675df9f7-d875-509e-e6b7-668f6aec63dc"",""yes_price_dollars"":""0.4200""}"
KXETH15M-26APR271700-00,43c9b27b-13f1-5eba-eaf3-84620e78fa7c,1777322757,0.38,10.0,no,"{""count_fp"":""10.00"",""created_time"":""2026-04-27T20:45:57.376229Z"",""no_price_dollars"":""0.6200"",""taker_side"":""no"",""ticker"":""KXETH15M-26APR271700-00"",""trade_id"":""43c9b27b-13f1-5eba-eaf3-84620e78fa7c"",""yes_price_dollars"":""0.3800""}"
KXETH15M-26APR271700-00,dc80e30b-71cf-5821-4c55-cc4579afbd7f,1777322760,0.39,1.0,no,"{""count_fp"":""1.00"",""created_time"":""2026-04-27T20:46:00.312002Z"",""no_price_dollars"":""0.6100"",""taker_side"":""no"",""ticker"":""KXETH15M-26APR271700-00"",""trade_id"":""dc80e30b-71cf-5821-4c55-cc4579afbd7f"",""yes_price_dollars"":""0.3900""}"
KXETH15M-26APR271700-00,bfe169ec-b24b-6427-010d-2298b23cf7db,1777322760,0.41,1.0,no,"{""count_fp"":""1.00"",""created_time"":""2026-04-27T20:46:00.140595Z"",""no_price_dollars"":""0.5900"",""taker_side"":""no"",""ticker"":""KXETH15M-26APR271700-00"",""trade_id"":""bfe169ec-b24b-6427-010d-2298b23cf7db"",""yes_price_dollars"":""0.4100""}"
KXETH15M-26APR271700-00,22ddd98e-9031-644d-e67c-d83e0c6d48c9,1777322763,0.35,6.0,yes,"{""count_fp"":""6.00"",""created_time"":""2026-04-27T20:46:03.764856Z"",""no_price_dollars"":""0.6500"",""taker_side"":""yes"",""ticker"":""KXETH15M-26APR271700-00"",""trade_id"":""22ddd98e-9031-644d-e67c-d83e0c6d48c9"",""yes_price_dollars"":""0.3500""}"
KXETH15M-26APR271700-00,f4365b2c-3989-5ddf-1b98-8764de8c679c,1777322764,0.28,4.89,no,"{""count_fp"":""4.89"",""created_time"":""2026-04-27T20:46:04.834069Z"",""no_price_dollars"":""0.7200"",""taker_side"":""no"",""ticker"":""KXETH15M-26APR271700-00"",""trade_id"":""f4365b2c-3989-5ddf-1b98-8764de8c679c"",""yes_price_dollars"":""0.2800""}"
KXETH15M-26APR271700-00,734fd64b-0585-59ee-07ad-2f809bb8de27,1777322764,0.33,1.0,no,"{""count_fp"":""1.00"",""created_time"":""2026-04-27T20:46:04.834069Z"",""no_price_dollars"":""0.6700"",""taker_side"":""no"",""ticker"":""KXETH15M-26APR271700-00"",""trade_id"":""734fd64b-0585-59ee-07ad-2f809bb8de27"",""yes_price_dollars"":""0.3300""}"
KXETH15M-26APR271700-00,527720cd-3ca7-5dbb-0c81-97416b5712c2,1777322764,0.3,1.0,no,"{""count_fp"":""1.00"",""created_time"":""2026-04-27T20:46:04.834069Z"",""no_price_dollars"":""0.7000"",""taker_side"":""no"",""ticker"":""KXETH15M-26APR271700-00"",""trade_id"":""527720cd-3ca7-5dbb-0c81-97416b5712c2"",""yes_price_dollars"":""0.3000""}"
KXETH15M-26APR271700-00,a3d1e065-e7f1-4977-a41d-299a2590fff6,1777322764,0.34,10.93,yes,"{""count_fp"":""10.93"",""created_time"":""2026-04-27T20:46:04.433241Z"",""no_price_dollars"":""0.6600"",""taker_side"":""yes"",""ticker"":""KXETH15M-26APR271700-00"",""trade_id"":""a3d1e065-e7f1-4977-a41d-299a2590fff6"",""yes_price_dollars"":""0.3400""}"
KXETH15M-26APR271700-00,63a285e7-460d-7d47-fc02-0b8aac908482,1777322765,0.31,1.0,yes,"{""count_fp"":""1.00"",""created_time"":""2026-04-27T20:46:05.612038Z"",""no_price_dollars"":""0.6900"",""taker_side"":""yes"",""ticker"":""KXETH15M-26APR271700-00"",""trade_id"":""63a285e7-460d-7d47-fc02-0b8aac908482"",""yes_price_dollars"":""0.3100""}"
KXETH15M-26APR271700-00,40506034-9245-4077-079c-faad40ff161a,1777322768,0.29,10.0,yes,"{""count_fp"":""10.00"",""created_time"":""2026-04-27T20:46:08.449815Z"",""no_price_dollars"":""0.7100"",""taker_side"":""yes"",""ticker"":""KXETH15M-26APR271700-00"",""trade_id"":""40506034-9245-4077-079c-faad40ff161a"",""yes_price_dollars"":""0.2900""}"
KXETH15M-26APR271700-00,c190dbc4-f742-689c-5c41-9a518526aa23,1777322770,0.29,0.28,yes,"{""count_fp"":""0.28"",""created_time"":""2026-04-27T20:46:10.613323Z"",""no_price_dollars"":""0.7100"",""taker_side"":""yes"",""ticker"":""KXETH15M-26APR271700-00"",""trade_id"":""c190dbc4-f742-689c-5c41-9a518526aa23"",""yes_price_dollars"":""0.2900""}"
KXETH15M-26APR271700-00,c72b74da-3c56-4598-499e-d655591ab067,1777322770,0.29,9.72,yes,"{""count_fp"":""9.72"",""created_time"":""2026-04-27T20:46:10.612488Z"",""no_price_dollars"":""0.7100"",""taker_side"":""yes"",""ticker"":""KXETH15M-26APR271700-00"",""trade_id"":""c72b74da-3c56-4598-499e-d655591ab067"",""yes_price_dollars"":""0.2900""}"
KXETH15M-26APR271700-00,a3220caf-b392-48bc-7c29-660539b6e536,1777322770,0.29,10.28,yes,"{""count_fp"":""10.28"",""created_time"":""2026-04-27T20:46:10.612488Z"",""no_price_dollars"":""0.7100"",""taker_side"":""yes"",""ticker"":""KXETH15M-26APR271700-00"",""trade_id"":""a3220caf-b392-48bc-7c29-660539b6e536"",""yes_price_dollars"":""0.2900""}"
KXETH15M-26APR271700-00,da2fa705-203f-43b9-7deb-7bbb0e9d77ad,1777322771,0.32,1.0,no,"{""count_fp"":""1.00"",""created_time"":""2026-04-27T20:46:11.683516Z"",""no_price_dollars"":""0.6800"",""taker_side"":""no"",""ticker"":""KXETH15M-26APR271700-00"",""trade_id"":""da2fa705-203f-43b9-7deb-7bbb0e9d77ad"",""yes_price_dollars"":""0.3200""}"
KXETH15M-26APR271700-00,14e25f63-1d6e-4c4d-6571-a15e91cedd87,1777322771,0.32,6.19,no,"{""count_fp"":""6.19"",""created_time"":""2026-04-27T20:46:11.683516Z"",""no_price_dollars"":""0.6800"",""taker_side"":""no"",""ticker"":""KXETH15M-26APR271700-00"",""trade_id"":""14e25f63-1d6e-4c4d-6571-a15e91cedd87"",""yes_price_dollars"":""0.3200""}"
KXETH15M-26APR271700-00,307b3967-fc7e-7d69-5e63-f895ab50b217,1777322772,0.32,1.0,no,"{""count_fp"":""1.00"",""created_time"":""2026-04-27T20:46:12.891612Z"",""no_price_dollars"":""0.6800"",""taker_side"":""no"",""ticker"":""KXETH15M-26APR271700-00"",""trade_id"":""307b3967-fc7e-7d69-5e63-f895ab50b217"",""yes_price_dollars"":""0.3200""}"
KXETH15M-26APR271700-00,7f611db1-994e-7771-d272-d5fad94e2303,1777322773,0.32,1.0,no,"{""count_fp"":""1.00"",""created_time"":""2026-04-27T20:46:13.165472Z"",""no_price_dollars"":""0.6800"",""taker_side"":""no"",""ticker"":""KXETH15M-26APR271700-00"",""trade_id"":""7f611db1-994e-7771-d272-d5fad94e2303"",""yes_price_dollars"":""0.3200""}"
KXETH15M-26APR271700-00,a4947bd4-3e82-4c05-0296-a6a03e967733,1777322775,0.32,0.79,no,"{""count_fp"":""0.79"",""created_time"":""2026-04-27T20:46:15.538799Z"",""no_price_dollars"":""0.6800"",""taker_side"":""no"",""ticker"":""KXETH15M-26APR271700-00"",""trade_id"":""a4947bd4-3e82-4c05-0296-a6a03e967733"",""yes_price_dollars"":""0.3200""}"
KXETH15M-26APR271700-00,09694855-bdc5-68de-c4fe-12844b3fbd7a,1777322776,0.33,1.0,yes,"{""count_fp"":""1.00"",""created_time"":""2026-04-27T20:46:16.991609Z"",""no_price_dollars"":""0.6700"",""taker_side"":""yes"",""ticker"":""KXETH15M-26APR271700-00"",""trade_id"":""09694855-bdc5-68de-c4fe-12844b3fbd7a"",""yes_price_dollars"":""0.3300""}"
KXETH15M-26APR271700-00,e8f6f798-7e9b-556a-2d67-36c961afef7b,1777322778,0.38,28.0,yes,"{""count_fp"":""28.00"",""created_time"":""2026-04-27T20:46:18.153115Z"",""no_price_dollars"":""0.6200"",""taker_side"":""yes"",""ticker"":""KXETH15M-26APR271700-00"",""trade_id"":""e8f6f798-7e9b-556a-2d67-36c961afef7b"",""yes_price_dollars"":""0.3800""}"
KXETH15M-26APR271700-00,e60dee77-218b-5399-3e31-d734b4090776,1777322778,0.41,61.85,yes,"{""count_fp"":""61.85"",""created_time"":""2026-04-27T20:46:18.153115Z"",""no_price_dollars"":""0.5900"",""taker_side"":""yes"",""ticker"":""KXETH15M-26APR271700-00"",""trade_id"":""e60dee77-218b-5399-3e31-d734b4090776"",""yes_price_dollars"":""0.4100""}"
KXETH15M-26APR271700-00,e2212c2e-7343-5a9d-2530-7b936ef30196,1777322778,0.38,1.0,yes,"{""count_fp"":""1.00"",""created_time"":""2026-04-27T20:46:18.153115Z"",""no_price_dollars"":""0.6200"",""taker_side"":""yes"",""ticker"":""KXETH15M-26APR271700-00"",""trade_id"":""e2212c2e-7343-5a9d-2530-7b936ef30196"",""yes_price_dollars"":""0.3800""}"
KXETH15M-26APR271700-00,a65e51e7-ab6c-543f-14c9-f4441b9344b2,1777322778,0.37,1.0,yes,"{""count_fp"":""1.00"",""created_time"":""2026-04-27T20:46:18.153115Z"",""no_price_dollars"":""0.6300"",""taker_side"":""yes"",""ticker"":""KXETH15M-26APR271700-00"",""trade_id"":""a65e51e7-ab6c-543f-14c9-f4441b9344b2"",""yes_price_dollars"":""0.3700""}"
KXETH15M-26APR271700-00,9b0283b3-9194-56d5-34e9-6d117e25a624,1777322778,0.41,1.0,yes,"{""count_fp"":""1.00"",""created_time"":""2026-04-27T20:46:18.153115Z"",""no_price_dollars"":""0.5900"",""taker_side"":""yes"",""ticker"":""KXETH15M-26APR271700-00"",""trade_id"":""9b0283b3-9194-56d5-34e9-6d117e25a624"",""yes_price_dollars"":""0.4100""}"
KXETH15M-26APR271700-00,7f53e468-d83e-52dc-0b7d-012ee42a248f,1777322778,0.36,1.0,yes,"{""count_fp"":""1.00"",""created_time"":""2026-04-27T20:46:18.153115Z"",""no_price_dollars"":""0.6400"",""taker_side"":""yes"",""ticker"":""KXETH15M-26APR271700-00"",""trade_id"":""7f53e468-d83e-52dc-0b7d-012ee42a248f"",""yes_price_dollars"":""0.3600""}"
KXETH15M-26APR271700-00,2b042a31-7ac9-5973-0ba4-ca7328cfdb6e,1777322778,0.38,100.0,yes,"{""count_fp"":""100.00"",""created_time"":""2026-04-27T20:46:18.153115Z"",""no_price_dollars"":""0.6200"",""taker_side"":""yes"",""ticker"":""KXETH15M-26APR271700-00"",""trade_id"":""2b042a31-7ac9-5973-0ba4-ca7328cfdb6e"",""yes_price_dollars"":""0.3800""}"
KXETH15M-26APR271700-00,29b1b00e-6375-555b-2f86-e6ac88bb0d1a,1777322778,0.37,10.0,yes,"{""count_fp"":""10.00"",""created_time"":""2026-04-27T20:46:18.153115Z"",""no_price_dollars"":""0.6300"",""taker_side"":""yes"",""ticker"":""KXETH15M-26APR271700-00"",""trade_id"":""29b1b00e-6375-555b-2f86-e6ac88bb0d1a"",""yes_price_dollars"":""0.3700""}"
KXETH15M-26APR271700-00,247d0a65-9fae-589e-1d74-a4f5ce9749ce,1777322778,0.38,41.0,yes,"{""count_fp"":""41.00"",""created_time"":""2026-04-27T20:46:18.153115Z"",""no_price_dollars"":""0.6200"",""taker_side"":""yes"",""ticker"":""KXETH15M-26APR271700-00"",""trade_id"":""247d0a65-9fae-589e-1d74-a4f5ce9749ce"",""yes_price_dollars"":""0.3800""}"
KXETH15M-26APR271700-00,c571e9de-5cc5-7f89-07cf-769fb113ecbf,1777322781,0.34,10.0,no,"{""count_fp"":""10.00"",""created_time"":""2026-04-27T20:46:21.469633Z"",""no_price_dollars"":""0.6600"",""taker_side"":""no"",""ticker"":""KXETH15M-26APR271700-00"",""trade_id"":""c571e9de-5cc5-7f89-07cf-769fb113ecbf"",""yes_price_dollars"":""0.3400""}"
KXETH15M-26APR271700-00,33051b59-ad5e-770d-3823-ab579de628af,1777322781,0.34,4.79,no,"{""count_fp"":""4.79"",""created_time"":""2026-04-27T20:46:21.469633Z"",""no_price_dollars"":""0.6600"",""taker_side"":""no"",""ticker"":""KXETH15M-26APR271700-00"",""trade_id"":""33051b59-ad5e-770d-3823-ab579de628af"",""yes_price_dollars"":""0.3400""}"
KXETH15M-26APR271700-00,66fd5898-745a-5465-d14e-8a5737c7985b,1777322783,0.39,22.0,no,"{""count_fp"":""22.00"",""created_time"":""2026-04-27T20:46:23.316541Z"",""no_price_dollars"":""0.6100"",""taker_side"":""no"",""ticker"":""KXETH15M-26APR271700-00"",""trade_id"":""66fd5898-745a-5465-d14e-8a5737c7985b"",""yes_price_dollars"":""0.3900""}"
KXETH15M-26APR271700-00,cc0a99a7-cb5e-65b1-3560-cfa86af90bd3,1777322783,0.39,33.0,no,"{""count_fp"":""33.00"",""created_time"":""2026-04-27T20:46:23.304531Z"",""no_price_dollars"":""0.6100"",""taker_side"":""no"",""ticker"":""KXETH15M-26APR271700-00"",""trade_id"":""cc0a99a7-cb5e-65b1-3560-cfa86af90bd3"",""yes_price_dollars"":""0.3900""}"
KXETH15M-26APR271700-00,e8f010d6-496a-6a2b-ef52-8a7824dfa037,1777322783,0.37,1.0,yes,"{""count_fp"":""1.00"",""created_time"":""2026-04-27T20:46:23.285477Z"",""no_price_dollars"":""0.6300"",""taker_side"":""yes"",""ticker"":""KXETH15M-26APR271700-00"",""trade_id"":""e8f010d6-496a-6a2b-ef52-8a7824dfa037"",""yes_price_dollars"":""0.3700""}"
KXETH15M-26APR271700-00,e86885a9-acd6-68b2-f83a-c3c222c9d807,1777322783,0.37,100.0,yes,"{""count_fp"":""100.00"",""created_time"":""2026-04-27T20:46:23.285477Z"",""no_price_dollars"":""0.6300"",""taker_side"":""yes"",""ticker"":""KXETH15M-26APR271700-00"",""trade_id"":""e86885a9-acd6-68b2-f83a-c3c222c9d807"",""yes_price_dollars"":""0.3700""}"
KXETH15M-26APR271700-00,e33a1daf-9988-6e4e-d24f-765dddb27870,1777322783,0.39,33.0,yes,"{""count_fp"":""33.00"",""created_time"":""2026-04-27T20:46:23.285477Z"",""no_price_dollars"":""0.6100"",""taker_side"":""yes"",""ticker"":""KXETH15M-26APR271700-00"",""trade_id"":""e33a1daf-9988-6e4e-d24f-765dddb27870"",""yes_price_dollars"":""0.3900""}"
KXETH15M-26APR271700-00,37ffe382-9ab0-6392-f5f9-89c372b3e5da,1777322783,0.37,10.0,yes,"{""count_fp"":""10.00"",""created_time"":""2026-04-27T20:46:23.285477Z"",""no_price_dollars"":""0.6300"",""taker_side"":""yes"",""ticker"":""KXETH15M-26APR271700-00"",""trade_id"":""37ffe382-9ab0-6392-f5f9-89c372b3e5da"",""yes_price_dollars"":""0.3700""}"
KXETH15M-26APR271700-00,cfc15eb8-15ee-608a-6a88-6b9112b10e2c,1777322784,0.36,23.99,yes,"{""count_fp"":""23.99"",""created_time"":""2026-04-27T20:46:24.981515Z"",""no_price_dollars"":""0.6400"",""taker_side"":""yes"",""ticker"":""KXETH15M-26APR271700-00"",""trade_id"":""cfc15eb8-15ee-608a-6a88-6b9112b10e2c"",""yes_price_dollars"":""0.3600""}"
KXETH15M-26APR271700-00,b809f0ed-6506-4252-9035-46fac3ed344c,1777322785,0.36,4.0,yes,"{""count_fp"":""4.00"",""created_time"":""2026-04-27T20:46:25.983777Z"",""no_price_dollars"":""0.6400"",""taker_side"":""yes"",""ticker"":""KXETH15M-26APR271700-00"",""trade_id"":""b809f0ed-6506-4252-9035-46fac3ed344c"",""yes_price_dollars"":""0.3600""}"
KXETH15M-26APR271700-00,a610f48e-6e59-4bf1-95eb-ca3723b1dc75,1777322785,0.36,1.0,yes,"{""count_fp"":""1.00"",""created_time"":""2026-04-27T20:46:25.983777Z"",""no_price_dollars"":""0.6400"",""taker_side"":""yes"",""ticker"":""KXETH15M-26APR271700-00"",""trade_id"":""a610f48e-6e59-4bf1-95eb-ca3723b1dc75"",""yes_price_dollars"":""0.3600""}"
KXETH15M-26APR271700-00,b28479cb-91a0-7ede-5931-464d891290dd,1777322785,0.32,7.63,no,"{""count_fp"":""7.63"",""created_time"":""2026-04-27T20:46:25.197913Z"",""no_price_dollars"":""0.6800"",""taker_side"":""no"",""ticker"":""KXETH15M-26APR271700-00"",""trade_id"":""b28479cb-91a0-7ede-5931-464d891290dd"",""yes_price_dollars"":""0.3200""}"
KXETH15M-26APR271700-00,2e8f203b-6162-762c-7d6e-7dad73da9267,1777322785,0.33,1.0,no,"{""count_fp"":""1.00"",""created_time"":""2026-04-27T20:46:25.197913Z"",""no_price_dollars"":""0.6700"",""taker_side"":""no"",""ticker"":""KXETH15M-26APR271700-00"",""trade_id"":""2e8f203b-6162-762c-7d6e-7dad73da9267"",""yes_price_dollars"":""0.3300""}"
KXETH15M-26APR271700-00,6fa0f89c-8d90-7fd2-a356-27c5fbf57ac2,1777322789,0.33,14.58,no,"{""count_fp"":""14.58"",""created_time"":""2026-04-27T20:46:29.799903Z"",""no_price_dollars"":""0.6700"",""taker_side"":""no"",""ticker"":""KXETH15M-26APR271700-00"",""trade_id"":""6fa0f89c-8d90-7fd2-a356-27c5fbf57ac2"",""yes_price_dollars"":""0.3300""}"
KXETH15M-26APR271700-00,bbad4e12-cab4-6faa-7266-598a887b8aa2,1777322790,0.33,1.45,no,"{""count_fp"":""1.45"",""created_time"":""2026-04-27T20:46:30.884768Z"",""no_price_dollars"":""0.6700"",""taker_side"":""no"",""ticker"":""KXETH15M-26APR271700-00"",""trade_id"":""bbad4e12-cab4-6faa-7266-598a887b8aa2"",""yes_price_dollars"":""0.3300""}"
KXETH15M-26APR271700-00,a598da11-4d60-77b2-7da3-85815684c8f6,1777322790,0.33,1.0,no,"{""count_fp"":""1.00"",""created_time"":""2026-04-27T20:46:30.208187Z"",""no_price_dollars"":""0.6700"",""taker_side"":""no"",""ticker"":""KXETH15M-26APR271700-00"",""trade_id"":""a598da11-4d60-77b2-7da3-85815684c8f6"",""yes_price_dollars"":""0.3300""}"
KXETH15M-26APR271700-00,2271e94a-4f54-70fd-f72b-1937cc2951e6,1777322792,0.34,1.0,no,"{""count_fp"":""1.00"",""created_time"":""2026-04-27T20:46:32.975931Z"",""no_price_dollars"":""0.6600"",""taker_side"":""no"",""ticker"":""KXETH15M-26APR271700-00"",""trade_id"":""2271e94a-4f54-70fd-f72b-1937cc2951e6"",""yes_price_dollars"":""0.3400""}"
KXETH15M-26APR271700-00,f234182b-4df2-4b6f-51e5-7810f4243757,1777322793,0.33,118.03,no,"{""count_fp"":""118.03"",""created_time"":""2026-04-27T20:46:33.435788Z"",""no_price_dollars"":""0.6700"",""taker_side"":""no"",""ticker"":""KXETH15M-26APR271700-00"",""trade_id"":""f234182b-4df2-4b6f-51e5-7810f4243757"",""yes_price_dollars"":""0.3300""}"
KXETH15M-26APR271700-00,ad3f2e87-f1f8-4f5e-70e3-022ec5970bd2,1777322793,0.33,32.97,no,"{""count_fp"":""32.97"",""created_time"":""2026-04-27T20:46:33.435788Z"",""no_price_dollars"":""0.6700"",""taker_side"":""no"",""ticker"":""KXETH15M-26APR271700-00"",""trade_id"":""ad3f2e87-f1f8-4f5e-70e3-022ec5970bd2"",""yes_price_dollars"":""0.3300""}"
KXETH15M-26APR271700-00,b2d1e85e-7b72-7867-aba9-b8de2895bcf2,1777322794,0.34,1.0,yes,"{""count_fp"":""1.00"",""created_time"":""2026-04-27T20:46:34.559475Z"",""no_price_dollars"":""0.6600"",""taker_side"":""yes"",""ticker"":""KXETH15M-26APR271700-00"",""trade_id"":""b2d1e85e-7b72-7867-aba9-b8de2895bcf2"",""yes_price_dollars"":""0.3400""}"
KXETH15M-26APR271700-00,a495a079-778d-74db-4db6-94d2af08f6bd,1777322795,0.35,1.0,no,"{""count_fp"":""1.00"",""created_time"":""2026-04-27T20:46:35.726575Z"",""no_price_dollars"":""0.6500"",""taker_side"":""no"",""ticker"":""KXETH15M-26APR271700-00"",""trade_id"":""a495a079-778d-74db-4db6-94d2af08f6bd"",""yes_price_dollars"":""0.3500""}"
KXETH15M-26APR271700-00,f7a52534-f129-7b0e-2a2b-40a31fb6f567,1777322796,0.34,1.0,no,"{""count_fp"":""1.00"",""created_time"":""2026-04-27T20:46:36.220695Z"",""no_price_dollars"":""0.6600"",""taker_side"":""no"",""ticker"":""KXETH15M-26APR271700-00"",""trade_id"":""f7a52534-f129-7b0e-2a2b-40a31fb6f567"",""yes_price_dollars"":""0.3400""}"
KXETH15M-26APR271700-00,7a0a1e4c-08e2-7d81-062a-3aae70f153b7,1777322796,0.33,19.0,no,"{""count_fp"":""19.00"",""created_time"":""2026-04-27T20:46:36.220695Z"",""no_price_dollars"":""0.6700"",""taker_side"":""no"",""ticker"":""KXETH15M-26APR271700-00"",""trade_id"":""7a0a1e4c-08e2-7d81-062a-3aae70f153b7"",""yes_price_dollars"":""0.3300""}"
KXETH15M-26APR271700-00,b359f3e8-c0b6-64e5-4f6c-21bca862eaa3,1777322797,0.33,1.0,no,"{""count_fp"":""1.00"",""created_time"":""2026-04-27T20:46:37.809476Z"",""no_price_dollars"":""0.6700"",""taker_side"":""no"",""ticker"":""KXETH15M-26APR271700-00"",""trade_id"":""b359f3e8-c0b6-64e5-4f6c-21bca862eaa3"",""yes_price_dollars"":""0.3300""}"
KXETH15M-26APR271700-00,9672fed0-276a-6676-7142-4e9b73acbcec,1777322797,0.35,0.31,yes,"{""count_fp"":""0.31"",""created_time"":""2026-04-27T20:46:37.643891Z"",""no_price_dollars"":""0.6500"",""taker_side"":""yes"",""ticker"":""KXETH15M-26APR271700-00"",""trade_id"":""9672fed0-276a-6676-7142-4e9b73acbcec"",""yes_price_dollars"":""0.3500""}"
KXETH15M-26APR271700-00,0d9b52c9-b3da-5a0e-d1ac-f03dcd02a948,1777322798,0.35,8.0,yes,"{""count_fp"":""8.00"",""created_time"":""2026-04-27T20:46:38.785392Z"",""no_price_dollars"":""0.6500"",""taker_side"":""yes"",""ticker"":""KXETH15M-26APR271700-00"",""trade_id"":""0d9b52c9-b3da-5a0e-d1ac-f03dcd02a948"",""yes_price_dollars"":""0.3500""}"
KXETH15M-26APR271700-00,e5721fb5-a0b2-5ded-aa0c-fde37dc3a4e7,1777322798,0.33,2.91,no,"{""count_fp"":""2.91"",""created_time"":""2026-04-27T20:46:38.286643Z"",""no_price_dollars"":""0.6700"",""taker_side"":""no"",""ticker"":""KXETH15M-26APR271700-00"",""trade_id"":""e5721fb5-a0b2-5ded-aa0c-fde37dc3a4e7"",""yes_price_dollars"":""0.3300""}"
KXETH15M-26APR271700-00,c7efa85b-9e52-777c-5528-36cf6edabe76,1777322799,0.36,1.0,yes,"{""count_fp"":""1.00"",""created_time"":""2026-04-27T20:46:39.762695Z"",""no_price_dollars"":""0.6400"",""taker_side"":""yes"",""ticker"":""KXETH15M-26APR271700-00"",""trade_id"":""c7efa85b-9e52-777c-5528-36cf6edabe76"",""yes_price_dollars"":""0.3600""}"
KXETH15M-26APR271700-00,a8204a56-00aa-765a-43ac-06e79550e170,1777322799,0.35,91.69,yes,"{""count_fp"":""91.69"",""created_time"":""2026-04-27T20:46:39.762695Z"",""no_price_dollars"":""0.6500"",""taker_side"":""yes"",""ticker"":""KXETH15M-26APR271700-00"",""trade_id"":""a8204a56-00aa-765a-43ac-06e79550e170"",""yes_price_dollars"":""0.3500""}"
KXETH15M-26APR271700-00,8b14d140-054e-74cd-5f81-9dee9b755ff8,1777322799,0.38,30.54,yes,"{""count_fp"":""30.54"",""created_time"":""2026-04-27T20:46:39.762695Z"",""no_price_dollars"":""0.6200"",""taker_side"":""yes"",""ticker"":""KXETH15M-26APR271700-00"",""trade_id"":""8b14d140-054e-74cd-5f81-9dee9b755ff8"",""yes_price_dollars"":""0.3800""}"
KXETH15M-26APR271700-00,05588461-be81-7571-6480-5f3657eef94f,1777322799,0.37,10.0,yes,"{""count_fp"":""10.00"",""created_time"":""2026-04-27T20:46:39.762695Z"",""no_price_dollars"":""0.6300"",""taker_side"":""yes"",""ticker"":""KXETH15M-26APR271700-00"",""trade_id"":""05588461-be81-7571-6480-5f3657eef94f"",""yes_price_dollars"":""0.3700""}"
KXETH15M-26APR271700-00,4bd6e991-cb6a-56dc-9edb-5a85d997d9dc,1777322802,0.3,10.0,no,"{""count_fp"":""10.00"",""created_time"":""2026-04-27T20:46:42.846291Z"",""no_price_dollars"":""0.7000"",""taker_side"":""no"",""ticker"":""KXETH15M-26APR271700-00"",""trade_id"":""4bd6e991-cb6a-56dc-9edb-5a85d997d9dc"",""yes_price_dollars"":""0.3000""}"
KXETH15M-26APR271700-00,282314a5-7e0d-5828-beeb-0a91a90f6d40,1777322802,0.3,62.19,no,"{""count_fp"":""62.19"",""created_time"":""2026-04-27T20:46:42.846291Z"",""no_price_dollars"":""0.7000"",""taker_side"":""no"",""ticker"":""KXETH15M-26APR271700-00"",""trade_id"":""282314a5-7e0d-5828-beeb-0a91a90f6d40"",""yes_price_dollars"":""0.3000""}"
KXETH15M-26APR271700-00,b17ac360-ab66-643b-f78b-35b4bef2d4b0,1777322803,0.34,1.0,yes,"{""count_fp"":""1.00"",""created_time"":""2026-04-27T20:46:43.078733Z"",""no_price_dollars"":""0.6600"",""taker_side"":""yes"",""ticker"":""KXETH15M-26APR271700-00"",""trade_id"":""b17ac360-ab66-643b-f78b-35b4bef2d4b0"",""yes_price_dollars"":""0.3400""}"
KXETH15M-26APR271700-00,7cf81b8a-dfce-64c9-c400-b86e628495cc,1777322803,0.36,23.7,yes,"{""count_fp"":""23.70"",""created_time"":""2026-04-27T20:46:43.078733Z"",""no_price_dollars"":""0.6400"",""taker_side"":""yes"",""ticker"":""KXETH15M-26APR271700-00"",""trade_id"":""7cf81b8a-dfce-64c9-c400-b86e628495cc"",""yes_price_dollars"":""0.3600""}"
KXETH15M-26APR271700-00,70730f00-d56b-6ebc-e460-66e931c4c182,1777322803,0.32,100.0,yes,"{""count_fp"":""100.00"",""created_time"":""2026-04-27T20:46:43.078733Z"",""no_price_dollars"":""0.6800"",""taker_side"":""yes"",""ticker"":""KXETH15M-26APR271700-00"",""trade_id"":""70730f00-d56b-6ebc-e460-66e931c4c182"",""yes_price_dollars"":""0.3200""}"
KXETH15M-26APR271700-00,1de4df8c-0538-6eb1-fabb-319c55c0092f,1777322803,0.33,10.0,yes,"{""count_fp"":""10.00"",""created_time"":""2026-04-27T20:46:43.078733Z"",""no_price_dollars"":""0.6700"",""taker_side"":""yes"",""ticker"":""KXETH15M-26APR271700-00"",""trade_id"":""1de4df8c-0538-6eb1-fabb-319c55c0092f"",""yes_price_dollars"":""0.3300""}"
KXETH15M-26APR271700-00,f4f4c207-db97-7937-48a8-9158cfff1e0c,1777322813,0.31,6.15,yes,"{""count_fp"":""6.15"",""created_time"":""2026-04-27T20:46:53.193355Z"",""no_price_dollars"":""0.6900"",""taker_side"":""yes"",""ticker"":""KXETH15M-26APR271700-00"",""trade_id"":""f4f4c207-db97-7937-48a8-9158cfff1e0c"",""yes_price_dollars"":""0.3100""}"
KXETH15M-26APR271700-00,aa5a7c0f-2907-6c0b-80ba-c954aa5aaa35,1777322815,0.28,5.81,no,"{""count_fp"":""5.81"",""created_time"":""2026-04-27T20:46:55.173465Z"",""no_price_dollars"":""0.7200"",""taker_side"":""no"",""ticker"":""KXETH15M-26APR271700-00"",""trade_id"":""aa5a7c0f-2907-6c0b-80ba-c954aa5aaa35"",""yes_price_dollars"":""0.2800""}"
KXETH15M-26APR271700-00,124eff02-bd9f-68dd-9a01-943ac5e1e045,1777322815,0.29,1.0,no,"{""count_fp"":""1.00"",""created_time"":""2026-04-27T20:46:55.173465Z"",""no_price_dollars"":""0.7100"",""taker_side"":""no"",""ticker"":""KXETH15M-26APR271700-00"",""trade_id"":""124eff02-bd9f-68dd-9a01-943ac5e1e045"",""yes_price_dollars"":""0.2900""}"
KXETH15M-26APR271700-00,bcfb60e5-b5a7-6ac8-d832-88d29c010ca7,1777322817,0.29,1.0,no,"{""count_fp"":""1.00"",""created_time"":""2026-04-27T20:46:57.658878Z"",""no_price_dollars"":""0.7100"",""taker_side"":""no"",""ticker"":""KXETH15M-26APR271700-00"",""trade_id"":""bcfb60e5-b5a7-6ac8-d832-88d29c010ca7"",""yes_price_dollars"":""0.2900""}"
KXETH15M-26APR271700-00,d816ad01-1148-6749-c0bc-6c034a93e2c1,1777322820,0.29,1.0,no,"{""count_fp"":""1.00"",""created_time"":""2026-04-27T20:47:00.173444Z"",""no_price_dollars"":""0.7100"",""taker_side"":""no"",""ticker"":""KXETH15M-26APR271700-00"",""trade_id"":""d816ad01-1148-6749-c0bc-6c034a93e2c1"",""yes_price_dollars"":""0.2900""}"
KXETH15M-26APR271700-00,847015fb-e8c7-6b72-e2f4-ae2d22fa1d42,1777322820,0.29,1.0,no,"{""count_fp"":""1.00"",""created_time"":""2026-04-27T20:47:00.173444Z"",""no_price_dollars"":""0.7100"",""taker_side"":""no"",""ticker"":""KXETH15M-26APR271700-00"",""trade_id"":""847015fb-e8c7-6b72-e2f4-ae2d22fa1d42"",""yes_price_dollars"":""0.2900""}"
KXETH15M-26APR271700-00,d47e6057-c8fd-513d-2255-43e08c25422f,1777322821,0.29,1.0,no,"{""count_fp"":""1.00"",""created_time"":""2026-04-27T20:47:01.307018Z"",""no_price_dollars"":""0.7100"",""taker_side"":""no"",""ticker"":""KXETH15M-26APR271700-00"",""trade_id"":""d47e6057-c8fd-513d-2255-43e08c25422f"",""yes_price_dollars"":""0.2900""}"
KXETH15M-26APR271700-00,d2305098-09ce-5535-1119-7ff4398ba5ef,1777322821,0.28,23.85,no,"{""count_fp"":""23.85"",""created_time"":""2026-04-27T20:47:01.307018Z"",""no_price_dollars"":""0.7200"",""taker_side"":""no"",""ticker"":""KXETH15M-26APR271700-00"",""trade_id"":""d2305098-09ce-5535-1119-7ff4398ba5ef"",""yes_price_dollars"":""0.2800""}"
KXETH15M-26APR271700-00,c04b1951-ae58-5059-1e20-7b2a099a56fa,1777322821,0.29,9.31,no,"{""count_fp"":""9.31"",""created_time"":""2026-04-27T20:47:01.307018Z"",""no_price_dollars"":""0.7100"",""taker_side"":""no"",""ticker"":""KXETH15M-26APR271700-00"",""trade_id"":""c04b1951-ae58-5059-1e20-7b2a099a56fa"",""yes_price_dollars"":""0.2900""}"
KXETH15M-26APR271700-00,afe1ac0d-e780-4767-7d68-d52d81daad94,1777322822,0.29,9.31,no,"{""count_fp"":""9.31"",""created_time"":""2026-04-27T20:47:02.641349Z"",""no_price_dollars"":""0.7100"",""taker_side"":""no"",""ticker"":""KXETH15M-26APR271700-00"",""trade_id"":""afe1ac0d-e780-4767-7d68-d52d81daad94"",""yes_price_dollars"":""0.2900""}"
KXETH15M-26APR271700-00,96a6fd38-b46c-4b07-7a29-cc3494f00175,1777322822,0.29,1.0,no,"{""count_fp"":""1.00"",""created_time"":""2026-04-27T20:47:02.641349Z"",""no_price_dollars"":""0.7100"",""taker_side"":""no"",""ticker"":""KXETH15M-26APR271700-00"",""trade_id"":""96a6fd38-b46c-4b07-7a29-cc3494f00175"",""yes_price_dollars"":""0.2900""}"
KXETH15M-26APR271700-00,10c19424-5f2a-4b71-543f-ebc5dbd32357,1777322822,0.28,57.93,no,"{""count_fp"":""57.93"",""created_time"":""2026-04-27T20:47:02.641349Z"",""no_price_dollars"":""0.7200"",""taker_side"":""no"",""ticker"":""KXETH15M-26APR271700-00"",""trade_id"":""10c19424-5f2a-4b71-543f-ebc5dbd32357"",""yes_price_dollars"":""0.2800""}"
KXETH15M-26APR271700-00,61bbbfd6-bbf8-7854-441c-b87db3f4c8f3,1777322831,0.29,1.0,no,"{""count_fp"":""1.00"",""created_time"":""2026-04-27T20:47:11.639485Z"",""no_price_dollars"":""0.7100"",""taker_side"":""no"",""ticker"":""KXETH15M-26APR271700-00"",""trade_id"":""61bbbfd6-bbf8-7854-441c-b87db3f4c8f3"",""yes_price_dollars"":""0.2900""}"
KXETH15M-26APR271700-00,31a71c6e-a1fb-5ba7-6d56-43bb51832774,1777322835,0.29,46.23,yes,"{""count_fp"":""46.23"",""created_time"":""2026-04-27T20:47:15.595803Z"",""no_price_dollars"":""0.7100"",""taker_side"":""yes"",""ticker"":""KXETH15M-26APR271700-00"",""trade_id"":""31a71c6e-a1fb-5ba7-6d56-43bb51832774"",""yes_price_dollars"":""0.2900""}"
KXETH15M-26APR271700-00,9fbae583-be07-40cf-6b7d-fbb5704f88a8,1777322837,0.28,100.0,yes,"{""count_fp"":""100.00"",""created_time"":""2026-04-27T20:47:17.736017Z"",""no_price_dollars"":""0.7200"",""taker_side"":""yes"",""ticker"":""KXETH15M-26APR271700-00"",""trade_id"":""9fbae583-be07-40cf-6b7d-fbb5704f88a8"",""yes_price_dollars"":""0.2800""}"
KXETH15M-26APR271700-00,dfba543e-060e-5f09-e2d9-f18de4bebe1b,1777322839,0.28,4.0,no,"{""count_fp"":""4.00"",""created_time"":""2026-04-27T20:47:19.582169Z"",""no_price_dollars"":""0.7200"",""taker_side"":""no"",""ticker"":""KXETH15M-26APR271700-00"",""trade_id"":""dfba543e-060e-5f09-e2d9-f18de4bebe1b"",""yes_price_dollars"":""0.2800""}"
KXETH15M-26APR271700-00,e0e08ab5-dfe9-681a-1624-02bd44053359,1777322839,0.29,1.0,no,"{""count_fp"":""1.00"",""created_time"":""2026-04-27T20:47:19.464088Z"",""no_price_dollars"":""0.7100"",""taker_side"":""no"",""ticker"":""KXETH15M-26APR271700-00"",""trade_id"":""e0e08ab5-dfe9-681a-1624-02bd44053359"",""yes_price_dollars"":""0.2900""}"
KXETH15M-26APR271700-00,17aadd5b-9b23-6451-08bc-b075b501bd84,1777322839,0.29,1.23,no,"{""count_fp"":""1.23"",""created_time"":""2026-04-27T20:47:19.464088Z"",""no_price_dollars"":""0.7100"",""taker_side"":""no"",""ticker"":""KXETH15M-26APR271700-00"",""trade_id"":""17aadd5b-9b23-6451-08bc-b075b501bd84"",""yes_price_dollars"":""0.2900""}"
KXETH15M-26APR271700-00,e67d72e6-b2e6-41ed-3dac-2d7889df3e74,1777322840,0.31,4.0,yes,"{""count_fp"":""4.00"",""created_time"":""2026-04-27T20:47:20.403553Z"",""no_price_dollars"":""0.6900"",""taker_side"":""yes"",""ticker"":""KXETH15M-26APR271700-00"",""trade_id"":""e67d72e6-b2e6-41ed-3dac-2d7889df3e74"",""yes_price_dollars"":""0.3100""}"
KXETH15M-26APR271700-00,e1b04f93-6628-4246-152a-b21e1bb95e95,1777322840,0.32,10.0,yes,"{""count_fp"":""10.00"",""created_time"":""2026-04-27T20:47:20.403553Z"",""no_price_dollars"":""0.6800"",""taker_side"":""yes"",""ticker"":""KXETH15M-26APR271700-00"",""trade_id"":""e1b04f93-6628-4246-152a-b21e1bb95e95"",""yes_price_dollars"":""0.3200""}"
KXETH15M-26APR271700-00,d7dfcea5-7957-4c2c-3ef1-73df61c26df6,1777322840,0.34,1.0,yes,"{""count_fp"":""1.00"",""created_time"":""2026-04-27T20:47:20.403553Z"",""no_price_dollars"":""0.6600"",""taker_side"":""yes"",""ticker"":""KXETH15M-26APR271700-00"",""trade_id"":""d7dfcea5-7957-4c2c-3ef1-73df61c26df6"",""yes_price_dollars"":""0.3400""}"
KXETH15M-26APR271700-00,b34d2f97-6cbf-4e5b-207b-b12be3c119ba,1777322840,0.33,1.0,yes,"{""count_fp"":""1.00"",""created_time"":""2026-04-27T20:47:20.403553Z"",""no_price_dollars"":""0.6700"",""taker_side"":""yes"",""ticker"":""KXETH15M-26APR271700-00"",""trade_id"":""b34d2f97-6cbf-4e5b-207b-b12be3c119ba"",""yes_price_dollars"":""0.3300""}"
KXETH15M-26APR271700-00,8471cb90-cd29-4755-34d3-f73f76ef86d6,1777322840,0.3,3.0,yes,"{""count_fp"":""3.00"",""created_time"":""2026-04-27T20:47:20.403553Z"",""no_price_dollars"":""0.7000"",""taker_side"":""yes"",""ticker"":""KXETH15M-26APR271700-00"",""trade_id"":""8471cb90-cd29-4755-34d3-f73f76ef86d6"",""yes_price_dollars"":""0.3000""}"
KXETH15M-26APR271700-00,14cbdd4e-d946-4881-33b3-bfcfa96935f4,1777322840,0.35,298.28,yes,"{""count_fp"":""298.28"",""created_time"":""2026-04-27T20:47:20.403553Z"",""no_price_dollars"":""0.6500"",""taker_side"":""yes"",""ticker"":""KXETH15M-26APR271700-00"",""trade_id"":""14cbdd4e-d946-4881-33b3-bfcfa96935f4"",""yes_price_dollars"":""0.3500""}"
KXETH15M-26APR271700-00,0b1ca980-8843-4d81-2385-b618871efbd2,1777322840,0.33,100.0,yes,"{""count_fp"":""100.00"",""created_time"":""2026-04-27T20:47:20.403553Z"",""no_price_dollars"":""0.6700"",""taker_side"":""yes"",""ticker"":""KXETH15M-26APR271700-00"",""trade_id"":""0b1ca980-8843-4d81-2385-b618871efbd2"",""yes_price_dollars"":""0.3300""}"
KXETH15M-26APR271700-00,4150b903-e2ee-6fbd-655d-d4a955a84f39,1777322841,0.33,100.0,yes,"{""count_fp"":""100.00"",""created_time"":""2026-04-27T20:47:21.136136Z"",""no_price_dollars"":""0.6700"",""taker_side"":""yes"",""ticker"":""KXETH15M-26APR271700-00"",""trade_id"":""4150b903-e2ee-6fbd-655d-d4a955a84f39"",""yes_price_dollars"":""0.3300""}"
KXETH15M-26APR271700-00,78ff82ec-7220-5406-ccb1-51e9cddddb6d,1777322844,0.33,10.0,no,"{""count_fp"":""10.00"",""created_time"":""2026-04-27T20:47:24.108036Z"",""no_price_dollars"":""0.6700"",""taker_side"":""no"",""ticker"":""KXETH15M-26APR271700-00"",""trade_id"":""78ff82ec-7220-5406-ccb1-51e9cddddb6d"",""yes_price_dollars"":""0.3300""}"
KXETH15M-26APR271700-00,e9d0933b-e2f7-4d86-8232-1d76fabea9e6,1777322847,0.34,0.33,yes,"{""count_fp"":""0.33"",""created_time"":""2026-04-27T20:47:27.800714Z"",""no_price_dollars"":""0.6600"",""taker_side"":""yes"",""ticker"":""KXETH15M-26APR271700-00"",""trade_id"":""e9d0933b-e2f7-4d86-8232-1d76fabea9e6"",""yes_price_dollars"":""0.3400""}"
KXETH15M-26APR271700-00,5192f84d-0a04-7c62-ed60-342b925e8995,1777322847,0.33,5.23,no,"{""count_fp"":""5.23"",""created_time"":""2026-04-27T20:47:27.667467Z"",""no_price_dollars"":""0.6700"",""taker_side"":""no"",""ticker"":""KXETH15M-26APR271700-00"",""trade_id"":""5192f84d-0a04-7c62-ed60-342b925e8995"",""yes_price_dollars"":""0.3300""}"
KXETH15M-26APR271700-00,8c802fe6-a98c-76b6-afff-bdf07ad37f44,1777322859,0.32,10.0,yes,"{""count_fp"":""10.00"",""created_time"":""2026-04-27T20:47:39.163609Z"",""no_price_dollars"":""0.6800"",""taker_side"":""yes"",""ticker"":""KXETH15M-26APR271700-00"",""trade_id"":""8c802fe6-a98c-76b6-afff-bdf07ad37f44"",""yes_price_dollars"":""0.3200""}"
KXETH15M-26APR271700-00,87e8ddb9-a31f-7396-9b3f-de2b38e3d44e,1777322859,0.32,100.0,yes,"{""count_fp"":""100.00"",""created_time"":""2026-04-27T20:47:39.163609Z"",""no_price_dollars"":""0.6800"",""taker_side"":""yes"",""ticker"":""KXETH15M-26APR271700-00"",""trade_id"":""87e8ddb9-a31f-7396-9b3f-de2b38e3d44e"",""yes_price_dollars"":""0.3200""}"
KXETH15M-26APR271700-00,fa80b7c5-36ff-60db-f4eb-74a87557b3bd,1777322863,0.37,1.0,yes,"{""count_fp"":""1.00"",""created_time"":""2026-04-27T20:47:43.800122Z"",""no_price_dollars"":""0.6300"",""taker_side"":""yes"",""ticker"":""KXETH15M-26APR271700-00"",""trade_id"":""fa80b7c5-36ff-60db-f4eb-74a87557b3bd"",""yes_price_dollars"":""0.3700""}"
KXETH15M-26APR271700-00,e338d24b-f4a0-64f3-de01-10d99bb816d7,1777322863,0.4,5.89,yes,"{""count_fp"":""5.89"",""created_time"":""2026-04-27T20:47:43.800122Z"",""no_price_dollars"":""0.6000"",""taker_side"":""yes"",""ticker"":""KXETH15M-26APR271700-00"",""trade_id"":""e338d24b-f4a0-64f3-de01-10d99bb816d7"",""yes_price_dollars"":""0.4000""}"
KXETH15M-26APR271700-00,fa8f81ed-82a8-48ad-cb46-6a0742a08a8f,1777322866,0.36,10.0,no,"{""count_fp"":""10.00"",""created_time"":""2026-04-27T20:47:46.900382Z"",""no_price_dollars"":""0.6400"",""taker_side"":""no"",""ticker"":""KXETH15M-26APR271700-00"",""trade_id"":""fa8f81ed-82a8-48ad-cb46-6a0742a08a8f"",""yes_price_dollars"":""0.3600""}"
KXETH15M-26APR271700-00,cc0632fa-4a64-4a9d-e697-dc5debadb8e5,1777322866,0.36,2.0,no,"{""count_fp"":""2.00"",""created_time"":""2026-04-27T20:47:46.900382Z"",""no_price_dollars"":""0.6400"",""taker_side"":""no"",""ticker"":""KXETH15M-26APR271700-00"",""trade_id"":""cc0632fa-4a64-4a9d-e697-dc5debadb8e5"",""yes_price_dollars"":""0.3600""}"
KXETH15M-26APR271700-00,ec279462-bcbe-6411-7708-14c7114210e3,1777322869,0.35,7.5,no,"{""count_fp"":""7.50"",""created_time"":""2026-04-27T20:47:49.936515Z"",""no_price_dollars"":""0.6500"",""taker_side"":""no"",""ticker"":""KXETH15M-26APR271700-00"",""trade_id"":""ec279462-bcbe-6411-7708-14c7114210e3"",""yes_price_dollars"":""0.3500""}"
KXETH15M-26APR271700-00,659879aa-c299-6bf4-c5d8-7b9fad17065c,1777322872,0.36,2.54,no,"{""count_fp"":""2.54"",""created_time"":""2026-04-27T20:47:52.825976Z"",""no_price_dollars"":""0.6400"",""taker_side"":""no"",""ticker"":""KXETH15M-26APR271700-00"",""trade_id"":""659879aa-c299-6bf4-c5d8-7b9fad17065c"",""yes_price_dollars"":""0.3600""}"
KXETH15M-26APR271700-00,ddf32a51-16a8-4597-6a8b-5563afaa1b33,1777322872,0.38,24.23,yes,"{""count_fp"":""24.23"",""created_time"":""2026-04-27T20:47:52.407266Z"",""no_price_dollars"":""0.6200"",""taker_side"":""yes"",""ticker"":""KXETH15M-26APR271700-00"",""trade_id"":""ddf32a51-16a8-4597-6a8b-5563afaa1b33"",""yes_price_dollars"":""0.3800""}"
KXETH15M-26APR271700-00,5742d71b-99a7-4bc5-5802-60d0ce5ed4bf,1777322872,0.37,1.0,yes,"{""count_fp"":""1.00"",""created_time"":""2026-04-27T20:47:52.407266Z"",""no_price_dollars"":""0.6300"",""taker_side"":""yes"",""ticker"":""KXETH15M-26APR271700-00"",""trade_id"":""5742d71b-99a7-4bc5-5802-60d0ce5ed4bf"",""yes_price_dollars"":""0.3700""}"
KXETH15M-26APR271700-00,ecb09d3f-0a9f-53ad-47e1-6846002e615a,1777322878,0.37,0.38,yes,"{""count_fp"":""0.38"",""created_time"":""2026-04-27T20:47:58.799145Z"",""no_price_dollars"":""0.6300"",""taker_side"":""yes"",""ticker"":""KXETH15M-26APR271700-00"",""trade_id"":""ecb09d3f-0a9f-53ad-47e1-6846002e615a"",""yes_price_dollars"":""0.3700""}"
KXETH15M-26APR271700-00,a30edef8-9c22-4f55-55f8-1fdcc15330eb,1777322880,0.35,3.0,no,"{""count_fp"":""3.00"",""created_time"":""2026-04-27T20:48:00.486593Z"",""no_price_dollars"":""0.6500"",""taker_side"":""no"",""ticker"":""KXETH15M-26APR271700-00"",""trade_id"":""a30edef8-9c22-4f55-55f8-1fdcc15330eb"",""yes_price_dollars"":""0.3500""}"
KXETH15M-26APR271700-00,28d9c60f-c8ae-5b95-867f-b33701de4a33,1777322880,0.35,2.0,no,"{""count_fp"":""2.00"",""created_time"":""2026-04-27T20:48:00.262469Z"",""no_price_dollars"":""0.6500"",""taker_side"":""no"",""ticker"":""KXETH15M-26APR271700-00"",""trade_id"":""28d9c60f-c8ae-5b95-867f-b33701de4a33"",""yes_price_dollars"":""0.3500""}"
KXETH15M-26APR271700-00,41441698-ea09-4c80-7a19-e2cf9a4051c4,1777322882,0.36,27.0,yes,"{""count_fp"":""27.00"",""created_time"":""2026-04-27T20:48:02.214603Z"",""no_price_dollars"":""0.6400"",""taker_side"":""yes"",""ticker"":""KXETH15M-26APR271700-00"",""trade_id"":""41441698-ea09-4c80-7a19-e2cf9a4051c4"",""yes_price_dollars"":""0.3600""}"
KXETH15M-26APR271700-00,808134c1-258b-48e9-9a3f-d4439f39d739,1777322889,0.35,7.5,no,"{""count_fp"":""7.50"",""created_time"":""2026-04-27T20:48:09.895207Z"",""no_price_dollars"":""0.6500"",""taker_side"":""no"",""ticker"":""KXETH15M-26APR271700-00"",""trade_id"":""808134c1-258b-48e9-9a3f-d4439f39d739"",""yes_price_dollars"":""0.3500""}"
KXETH15M-26APR271700-00,5f152b6d-9b78-7d7b-e3ad-698c5f0f5fff,1777322903,0.37,25.88,yes,"{""count_fp"":""25.88"",""created_time"":""2026-04-27T20:48:23.208466Z"",""no_price_dollars"":""0.6300"",""taker_side"":""yes"",""ticker"":""KXETH15M-26APR271700-00"",""trade_id"":""5f152b6d-9b78-7d7b-e3ad-698c5f0f5fff"",""yes_price_dollars"":""0.3700""}"
KXETH15M-26APR271700-00,684abab2-9684-6b03-621d-cf49b5959a58,1777322919,0.32,1.59,no,"{""count_fp"":""1.59"",""created_time"":""2026-04-27T20:48:39.045003Z"",""no_price_dollars"":""0.6800"",""taker_side"":""no"",""ticker"":""KXETH15M-26APR271700-00"",""trade_id"":""684abab2-9684-6b03-621d-cf49b5959a58"",""yes_price_dollars"":""0.3200""}"
KXETH15M-26APR271700-00,3d3f0990-6442-671b-461a-70e562cbdf10,1777322919,0.33,1.0,no,"{""count_fp"":""1.00"",""created_time"":""2026-04-27T20:48:39.045003Z"",""no_price_dollars"":""0.6700"",""taker_side"":""no"",""ticker"":""KXETH15M-26APR271700-00"",""trade_id"":""3d3f0990-6442-671b-461a-70e562cbdf10"",""yes_price_dollars"":""0.3300""}"
KXETH15M-26APR271700-00,914d21fa-3b79-5c0f-7236-012566f842b9,1777322937,0.32,10.0,yes,"{""count_fp"":""10.00"",""created_time"":""2026-04-27T20:48:57.765854Z"",""no_price_dollars"":""0.6800"",""taker_side"":""yes"",""ticker"":""KXETH15M-26APR271700-00"",""trade_id"":""914d21fa-3b79-5c0f-7236-012566f842b9"",""yes_price_dollars"":""0.3200""}"
KXETH15M-26APR271700-00,874c6783-e510-52d3-44f5-6f2a0e8bba6b,1777322937,0.32,36.95,yes,"{""count_fp"":""36.95"",""created_time"":""2026-04-27T20:48:57.765854Z"",""no_price_dollars"":""0.6800"",""taker_side"":""yes"",""ticker"":""KXETH15M-26APR271700-00"",""trade_id"":""874c6783-e510-52d3-44f5-6f2a0e8bba6b"",""yes_price_dollars"":""0.3200""}"
KXETH15M-26APR271700-00,c05fbc4c-6e60-524b-f5e3-0baa59b91e30,1777322940,0.3,1.0,yes,"{""count_fp"":""1.00"",""created_time"":""2026-04-27T20:49:00.620871Z"",""no_price_dollars"":""0.7000"",""taker_side"":""yes"",""ticker"":""KXETH15M-26APR271700-00"",""trade_id"":""c05fbc4c-6e60-524b-f5e3-0baa59b91e30"",""yes_price_dollars"":""0.3000""}"
KXETH15M-26APR271700-00,8d0a448f-88d4-541b-cc0f-4798c7d89207,1777322940,0.32,1.89,yes,"{""count_fp"":""1.89"",""created_time"":""2026-04-27T20:49:00.620871Z"",""no_price_dollars"":""0.6800"",""taker_side"":""yes"",""ticker"":""KXETH15M-26APR271700-00"",""trade_id"":""8d0a448f-88d4-541b-cc0f-4798c7d89207"",""yes_price_dollars"":""0.3200""}"
KXETH15M-26APR271700-00,2d8d1716-3085-4165-2674-ad1569efad52,1777322940,0.3,1.0,no,"{""count_fp"":""1.00"",""created_time"":""2026-04-27T20:49:00.348229Z"",""no_price_dollars"":""0.7000"",""taker_side"":""no"",""ticker"":""KXETH15M-26APR271700-00"",""trade_id"":""2d8d1716-3085-4165-2674-ad1569efad52"",""yes_price_dollars"":""0.3000""}"
KXETH15M-26APR271700-00,74cef72b-b16d-696a-b6b9-2f0e1c1cb650,1777322942,0.29,0.94,no,"{""count_fp"":""0.94"",""created_time"":""2026-04-27T20:49:02.481479Z"",""no_price_dollars"":""0.7100"",""taker_side"":""no"",""ticker"":""KXETH15M-26APR271700-00"",""trade_id"":""74cef72b-b16d-696a-b6b9-2f0e1c1cb650"",""yes_price_dollars"":""0.2900""}"
KXETH15M-26APR271700-00,82fda878-4fad-431d-0baa-75102e7a2d36,1777322943,0.29,1.0,no,"{""count_fp"":""1.00"",""created_time"":""2026-04-27T20:49:03.803339Z"",""no_price_dollars"":""0.7100"",""taker_side"":""no"",""ticker"":""KXETH15M-26APR271700-00"",""trade_id"":""82fda878-4fad-431d-0baa-75102e7a2d36"",""yes_price_dollars"":""0.2900""}"
KXETH15M-26APR271700-00,e64379fc-6334-739a-804f-e733981b1b37,1777322956,0.33,5.92,yes,"{""count_fp"":""5.92"",""created_time"":""2026-04-27T20:49:16.681956Z"",""no_price_dollars"":""0.6700"",""taker_side"":""yes"",""ticker"":""KXETH15M-26APR271700-00"",""trade_id"":""e64379fc-6334-739a-804f-e733981b1b37"",""yes_price_dollars"":""0.3300""}"
KXETH15M-26APR271700-00,f3cd49c4-fc7b-4187-aefa-c6b463036427,1777322957,0.33,5.0,yes,"{""count_fp"":""5.00"",""created_time"":""2026-04-27T20:49:17.825543Z"",""no_price_dollars"":""0.6700"",""taker_side"":""yes"",""ticker"":""KXETH15M-26APR271700-00"",""trade_id"":""f3cd49c4-fc7b-4187-aefa-c6b463036427"",""yes_price_dollars"":""0.3300""}"
KXETH15M-26APR271700-00,98dc6c10-3005-40e6-b676-b162bda534a5,1777322957,0.34,1.0,yes,"{""count_fp"":""1.00"",""created_time"":""2026-04-27T20:49:17.825543Z"",""no_price_dollars"":""0.6600"",""taker_side"":""yes"",""ticker"":""KXETH15M-26APR271700-00"",""trade_id"":""98dc6c10-3005-40e6-b676-b162bda534a5"",""yes_price_dollars"":""0.3400""}"
KXETH15M-26APR271700-00,1c85df62-c0a0-4e5b-b900-79d3ac893907,1777322957,0.33,100.0,yes,"{""count_fp"":""100.00"",""created_time"":""2026-04-27T20:49:17.825543Z"",""no_price_dollars"":""0.6700"",""taker_side"":""yes"",""ticker"":""KXETH15M-26APR271700-00"",""trade_id"":""1c85df62-c0a0-4e5b-b900-79d3ac893907"",""yes_price_dollars"":""0.3300""}"
KXETH15M-26APR271700-00,15fcf495-8c86-4319-a556-5723b5c80ee0,1777322957,0.35,173.15,yes,"{""count_fp"":""173.15"",""created_time"":""2026-04-27T20:49:17.825543Z"",""no_price_dollars"":""0.6500"",""taker_side"":""yes"",""ticker"":""KXETH15M-26APR271700-00"",""trade_id"":""15fcf495-8c86-4319-a556-5723b5c80ee0"",""yes_price_dollars"":""0.3500""}"
KXETH15M-26APR271700-00,648d90c6-8bf3-4aeb-be51-ba6d5baf93a4,1777322960,0.3,1.0,no,"{""count_fp"":""1.00"",""created_time"":""2026-04-27T20:49:20.534461Z"",""no_price_dollars"":""0.7000"",""taker_side"":""no"",""ticker"":""KXETH15M-26APR271700-00"",""trade_id"":""648d90c6-8bf3-4aeb-be51-ba6d5baf93a4"",""yes_price_dollars"":""0.3000""}"
KXETH15M-26APR271700-00,89f3db7e-9235-63b1-9867-a0492ced231a,1777322964,0.38,50.0,yes,"{""count_fp"":""50.00"",""created_time"":""2026-04-27T20:49:24.124201Z"",""no_price_dollars"":""0.6200"",""taker_side"":""yes"",""ticker"":""KXETH15M-26APR271700-00"",""trade_id"":""89f3db7e-9235-63b1-9867-a0492ced231a"",""yes_price_dollars"":""0.3800""}"
KXETH15M-26APR271700-00,312fb082-1962-61cd-8cac-a8a23b8b9716,1777322964,0.38,35.92,yes,"{""count_fp"":""35.92"",""created_time"":""2026-04-27T20:49:24.124201Z"",""no_price_dollars"":""0.6200"",""taker_side"":""yes"",""ticker"":""KXETH15M-26APR271700-00"",""trade_id"":""312fb082-1962-61cd-8cac-a8a23b8b9716"",""yes_price_dollars"":""0.3800""}"
KXETH15M-26APR271700-00,f036fa62-d4b8-572d-1f4b-06698fc9340b,1777322964,0.36,5.0,yes,"{""count_fp"":""5.00"",""created_time"":""2026-04-27T20:49:24.095021Z"",""no_price_dollars"":""0.6400"",""taker_side"":""yes"",""ticker"":""KXETH15M-26APR271700-00"",""trade_id"":""f036fa62-d4b8-572d-1f4b-06698fc9340b"",""yes_price_dollars"":""0.3600""}"
KXETH15M-26APR271700-00,a6f97c49-e54e-5a41-0964-c6e4ce93f632,1777322964,0.35,100.0,yes,"{""count_fp"":""100.00"",""created_time"":""2026-04-27T20:49:24.095021Z"",""no_price_dollars"":""0.6500"",""taker_side"":""yes"",""ticker"":""KXETH15M-26APR271700-00"",""trade_id"":""a6f97c49-e54e-5a41-0964-c6e4ce93f632"",""yes_price_dollars"":""0.3500""}"
KXETH15M-26APR271700-00,49940d77-67f5-506a-0029-b84aba45b678,1777322964,0.36,1.0,yes,"{""count_fp"":""1.00"",""created_time"":""2026-04-27T20:49:24.095021Z"",""no_price_dollars"":""0.6400"",""taker_side"":""yes"",""ticker"":""KXETH15M-26APR271700-00"",""trade_id"":""49940d77-67f5-506a-0029-b84aba45b678"",""yes_price_dollars"":""0.3600""}"
KXETH15M-26APR271700-00,3c8a6caa-59be-77dd-2ec7-bb35f44f7cd2,1777322964,0.33,5.0,yes,"{""count_fp"":""5.00"",""created_time"":""2026-04-27T20:49:24.086566Z"",""no_price_dollars"":""0.6700"",""taker_side"":""yes"",""ticker"":""KXETH15M-26APR271700-00"",""trade_id"":""3c8a6caa-59be-77dd-2ec7-bb35f44f7cd2"",""yes_price_dollars"":""0.3300""}"
KXETH15M-26APR271700-00,c2babd1a-6c29-76db-474f-1cffc9c4a6a7,1777322964,0.33,10.0,yes,"{""count_fp"":""10.00"",""created_time"":""2026-04-27T20:49:24.075764Z"",""no_price_dollars"":""0.6700"",""taker_side"":""yes"",""ticker"":""KXETH15M-26APR271700-00"",""trade_id"":""c2babd1a-6c29-76db-474f-1cffc9c4a6a7"",""yes_price_dollars"":""0.3300""}"
KXETH15M-26APR271700-00,6b2f3db4-37bb-70cf-e18c-f06f588083ce,1777322966,0.39,10.0,no,"{""count_fp"":""10.00"",""created_time"":""2026-04-27T20:49:26.773568Z"",""no_price_dollars"":""0.6100"",""taker_side"":""no"",""ticker"":""KXETH15M-26APR271700-00"",""trade_id"":""6b2f3db4-37bb-70cf-e18c-f06f588083ce"",""yes_price_dollars"":""0.3900""}"
KXETH15M-26APR271700-00,4b7d003f-70f7-743e-fbc6-b70078df7be5,1777322966,0.38,123.23,no,"{""count_fp"":""123.23"",""created_time"":""2026-04-27T20:49:26.773568Z"",""no_price_dollars"":""0.6200"",""taker_side"":""no"",""ticker"":""KXETH15M-26APR271700-00"",""trade_id"":""4b7d003f-70f7-743e-fbc6-b70078df7be5"",""yes_price_dollars"":""0.3800""}"
KXETH15M-26APR271700-00,693aaf81-f577-6a9b-03ab-da59859d36f4,1777322972,0.38,0.5,yes,"{""count_fp"":""0.50"",""created_time"":""2026-04-27T20:49:32.270455Z"",""no_price_dollars"":""0.6200"",""taker_side"":""yes"",""ticker"":""KXETH15M-26APR271700-00"",""trade_id"":""693aaf81-f577-6a9b-03ab-da59859d36f4"",""yes_price_dollars"":""0.3800""}"
KXETH15M-26APR271700-00,1a269a41-fb1f-6e96-9c42-f523ba454991,1777322976,0.36,2.0,no,"{""count_fp"":""2.00"",""created_time"":""2026-04-27T20:49:36.189997Z"",""no_price_dollars"":""0.6400"",""taker_side"":""no"",""ticker"":""KXETH15M-26APR271700-00"",""trade_id"":""1a269a41-fb1f-6e96-9c42-f523ba454991"",""yes_price_dollars"":""0.3600""}"
KXETH15M-26APR271700-00,396d8758-272f-4846-4696-ff8d16295945,1777322977,0.36,6.15,no,"{""count_fp"":""6.15"",""created_time"":""2026-04-27T20:49:37.212663Z"",""no_price_dollars"":""0.6400"",""taker_side"":""no"",""ticker"":""KXETH15M-26APR271700-00"",""trade_id"":""396d8758-272f-4846-4696-ff8d16295945"",""yes_price_dollars"":""0.3600""}"
KXETH15M-26APR271700-00,f9fd5b08-64aa-41f3-8e3c-67ac8f3c0c68,1777322983,0.4,10.0,yes,"{""count_fp"":""10.00"",""created_time"":""2026-04-27T20:49:43.770437Z"",""no_price_dollars"":""0.6000"",""taker_side"":""yes"",""ticker"":""KXETH15M-26APR271700-00"",""trade_id"":""f9fd5b08-64aa-41f3-8e3c-67ac8f3c0c68"",""yes_price_dollars"":""0.4000""}"
KXETH15M-26APR271700-00,77cd8665-6a7c-4577-8f8d-d2ab1edd586e,1777322983,0.42,5.0,yes,"{""count_fp"":""5.00"",""created_time"":""2026-04-27T20:49:43.770437Z"",""no_price_dollars"":""0.5800"",""taker_side"":""yes"",""ticker"":""KXETH15M-26APR271700-00"",""trade_id"":""77cd8665-6a7c-4577-8f8d-d2ab1edd586e"",""yes_price_dollars"":""0.4200""}"
KXETH15M-26APR271700-00,547781ce-f038-4f69-bad8-c2da02d6159c,1777322983,0.42,0.93,yes,"{""count_fp"":""0.93"",""created_time"":""2026-04-27T20:49:43.770437Z"",""no_price_dollars"":""0.5800"",""taker_side"":""yes"",""ticker"":""KXETH15M-26APR271700-00"",""trade_id"":""547781ce-f038-4f69-bad8-c2da02d6159c"",""yes_price_dollars"":""0.4200""}"
KXETH15M-26APR271700-00,538acf3e-2a18-48e4-a7b3-0a900afc1b63,1777322983,0.4,1.0,yes,"{""count_fp"":""1.00"",""created_time"":""2026-04-27T20:49:43.770437Z"",""no_price_dollars"":""0.6000"",""taker_side"":""yes"",""ticker"":""KXETH15M-26APR271700-00"",""trade_id"":""538acf3e-2a18-48e4-a7b3-0a900afc1b63"",""yes_price_dollars"":""0.4000""}"
KXETH15M-26APR271700-00,3faf15b9-d72b-4854-8f1e-224ae20ca4d4,1777322983,0.41,100.0,yes,"{""count_fp"":""100.00"",""created_time"":""2026-04-27T20:49:43.770437Z"",""no_price_dollars"":""0.5900"",""taker_side"":""yes"",""ticker"":""KXETH15M-26APR271700-00"",""trade_id"":""3faf15b9-d72b-4854-8f1e-224ae20ca4d4"",""yes_price_dollars"":""0.4100""}"
KXETH15M-26APR271700-00,f26474b7-53fe-488e-5895-4bad9aa08847,1777322984,0.38,2.0,no,"{""count_fp"":""2.00"",""created_time"":""2026-04-27T20:49:44.141823Z"",""no_price_dollars"":""0.6200"",""taker_side"":""no"",""ticker"":""KXETH15M-26APR271700-00"",""trade_id"":""f26474b7-53fe-488e-5895-4bad9aa08847"",""yes_price_dollars"":""0.3800""}"
KXETH15M-26APR271700-00,205eacc1-57cb-47e7-6cd0-a43d539d5b2f,1777322984,0.38,10.0,no,"{""count_fp"":""10.00"",""created_time"":""2026-04-27T20:49:44.141823Z"",""no_price_dollars"":""0.6200"",""taker_side"":""no"",""ticker"":""KXETH15M-26APR271700-00"",""trade_id"":""205eacc1-57cb-47e7-6cd0-a43d539d5b2f"",""yes_price_dollars"":""0.3800""}"
KXETH15M-26APR271700-00,ab124a34-863f-74da-65b0-c824f9714a08,1777322988,0.35,1.0,no,"{""count_fp"":""1.00"",""created_time"":""2026-04-27T20:49:48.971564Z"",""no_price_dollars"":""0.6500"",""taker_side"":""no"",""ticker"":""KXETH15M-26APR271700-00"",""trade_id"":""ab124a34-863f-74da-65b0-c824f9714a08"",""yes_price_dollars"":""0.3500""}"
KXETH15M-26APR271700-00,1075360e-2a60-703f-7f4d-7a97e7f15e9d,1777322988,0.34,19.0,no,"{""count_fp"":""19.00"",""created_time"":""2026-04-27T20:49:48.971564Z"",""no_price_dollars"":""0.6600"",""taker_side"":""no"",""ticker"":""KXETH15M-26APR271700-00"",""trade_id"":""1075360e-2a60-703f-7f4d-7a97e7f15e9d"",""yes_price_dollars"":""0.3400""}"
KXETH15M-26APR271700-00,d410fee0-4de5-7dad-7529-9ff5c941d722,1777322991,0.28,10.0,no,"{""count_fp"":""10.00"",""created_time"":""2026-04-27T20:49:51.428596Z"",""no_price_dollars"":""0.7200"",""taker_side"":""no"",""ticker"":""KXETH15M-26APR271700-00"",""trade_id"":""d410fee0-4de5-7dad-7529-9ff5c941d722"",""yes_price_dollars"":""0.2800""}"
KXETH15M-26APR271700-00,b5aaf763-bdb5-7f4b-637c-93edb9660f98,1777322991,0.29,1.0,no,"{""count_fp"":""1.00"",""created_time"":""2026-04-27T20:49:51.428596Z"",""no_price_dollars"":""0.7100"",""taker_side"":""no"",""ticker"":""KXETH15M-26APR271700-00"",""trade_id"":""b5aaf763-bdb5-7f4b-637c-93edb9660f98"",""yes_price_dollars"":""0.2900""}"
KXETH15M-26APR271700-00,7b15135b-de70-7515-4052-279fdce731c0,1777322991,0.27,1.58,no,"{""count_fp"":""1.58"",""created_time"":""2026-04-27T20:49:51.428596Z"",""no_price_dollars"":""0.7300"",""taker_side"":""no"",""ticker"":""KXETH15M-26APR271700-00"",""trade_id"":""7b15135b-de70-7515-4052-279fdce731c0"",""yes_price_dollars"":""0.2700""}"
KXETH15M-26APR271700-00,158bb5a8-432a-7c62-696e-788aba5d4b80,1777322991,0.27,1.0,no,"{""count_fp"":""1.00"",""created_time"":""2026-04-27T20:49:51.428596Z"",""no_price_dollars"":""0.7300"",""taker_side"":""no"",""ticker"":""KXETH15M-26APR271700-00"",""trade_id"":""158bb5a8-432a-7c62-696e-788aba5d4b80"",""yes_price_dollars"":""0.2700""}"
KXETH15M-26APR271700-00,6e6d1421-082f-5c6d-5c3e-560fdf50bb16,1777322991,0.31,10.0,yes,"{""count_fp"":""10.00"",""created_time"":""2026-04-27T20:49:51.376293Z"",""no_price_dollars"":""0.6900"",""taker_side"":""yes"",""ticker"":""KXETH15M-26APR271700-00"",""trade_id"":""6e6d1421-082f-5c6d-5c3e-560fdf50bb16"",""yes_price_dollars"":""0.3100""}"
KXETH15M-26APR271700-00,2932588e-e149-5801-7dd3-552e736664fc,1777322991,0.31,20.77,yes,"{""count_fp"":""20.77"",""created_time"":""2026-04-27T20:49:51.376293Z"",""no_price_dollars"":""0.6900"",""taker_side"":""yes"",""ticker"":""KXETH15M-26APR271700-00"",""trade_id"":""2932588e-e149-5801-7dd3-552e736664fc"",""yes_price_dollars"":""0.3100""}"
KXETH15M-26APR271700-00,3b54022d-2d55-42e9-32f5-312545cd13bc,1777322994,0.32,2.08,yes,"{""count_fp"":""2.08"",""created_time"":""2026-04-27T20:49:54.374356Z"",""no_price_dollars"":""0.6800"",""taker_side"":""yes"",""ticker"":""KXETH15M-26APR271700-00"",""trade_id"":""3b54022d-2d55-42e9-32f5-312545cd13bc"",""yes_price_dollars"":""0.3200""}"
KXETH15M-26APR271700-00,30209d65-73b0-4cba-d312-186bb2a75e82,1777322995,0.29,1.0,no,"{""count_fp"":""1.00"",""created_time"":""2026-04-27T20:49:55.550551Z"",""no_price_dollars"":""0.7100"",""taker_side"":""no"",""ticker"":""KXETH15M-26APR271700-00"",""trade_id"":""30209d65-73b0-4cba-d312-186bb2a75e82"",""yes_price_dollars"":""0.2900""}"
KXETH15M-26APR271700-00,f5a2f518-08dd-56ad-14b5-2ebc5954c00c,1777322998,0.28,5.0,yes,"{""count_fp"":""5.00"",""created_time"":""2026-04-27T20:49:58.267072Z"",""no_price_dollars"":""0.7200"",""taker_side"":""yes"",""ticker"":""KXETH15M-26APR271700-00"",""trade_id"":""f5a2f518-08dd-56ad-14b5-2ebc5954c00c"",""yes_price_dollars"":""0.2800""}"
KXETH15M-26APR271700-00,3aacc552-ecf6-453c-159a-1268f7952896,1777323000,0.26,1.0,no,"{""count_fp"":""1.00"",""created_time"":""2026-04-27T20:50:00.432674Z"",""no_price_dollars"":""0.7400"",""taker_side"":""no"",""ticker"":""KXETH15M-26APR271700-00"",""trade_id"":""3aacc552-ecf6-453c-159a-1268f7952896"",""yes_price_dollars"":""0.2600""}"
KXETH15M-26APR271700-00,51910101-54d3-42c2-2523-8810fc0e1630,1777323001,0.25,1.0,no,"{""count_fp"":""1.00"",""created_time"":""2026-04-27T20:50:01.464803Z"",""no_price_dollars"":""0.7500"",""taker_side"":""no"",""ticker"":""KXETH15M-26APR271700-00"",""trade_id"":""51910101-54d3-42c2-2523-8810fc0e1630"",""yes_price_dollars"":""0.2500""}"
KXETH15M-26APR271700-00,d3f51452-b84d-5239-d7d3-1c6673c2c1d6,1777323016,0.26,1.0,yes,"{""count_fp"":""1.00"",""created_time"":""2026-04-27T20:50:16.744582Z"",""no_price_dollars"":""0.7400"",""taker_side"":""yes"",""ticker"":""KXETH15M-26APR271700-00"",""trade_id"":""d3f51452-b84d-5239-d7d3-1c6673c2c1d6"",""yes_price_dollars"":""0.2600""}"
KXETH15M-26APR271700-00,cb8a3131-9b7b-589c-e749-7765dd4b22d7,1777323016,0.26,7.63,yes,"{""count_fp"":""7.63"",""created_time"":""2026-04-27T20:50:16.744582Z"",""no_price_dollars"":""0.7400"",""taker_side"":""yes"",""ticker"":""KXETH15M-26APR271700-00"",""trade_id"":""cb8a3131-9b7b-589c-e749-7765dd4b22d7"",""yes_price_dollars"":""0.2600""}"
KXETH15M-26APR271700-00,b46ea3ba-02d3-797a-b25b-1063ba2e2e1c,1777323020,0.25,0.93,no,"{""count_fp"":""0.93"",""created_time"":""2026-04-27T20:50:20.967823Z"",""no_price_dollars"":""0.7500"",""taker_side"":""no"",""ticker"":""KXETH15M-26APR271700-00"",""trade_id"":""b46ea3ba-02d3-797a-b25b-1063ba2e2e1c"",""yes_price_dollars"":""0.2500""}"
KXETH15M-26APR271700-00,a42071a3-fd3e-7473-b176-0040e87018c1,1777323020,0.26,3.0,no,"{""count_fp"":""3.00"",""created_time"":""2026-04-27T20:50:20.967823Z"",""no_price_dollars"":""0.7400"",""taker_side"":""no"",""ticker"":""KXETH15M-26APR271700-00"",""trade_id"":""a42071a3-fd3e-7473-b176-0040e87018c1"",""yes_price_dollars"":""0.2600""}"
KXETH15M-26APR271700-00,b13401e1-b989-4d7b-8cf0-5d4b6d7c399e,1777323025,0.24,4.96,no,"{""count_fp"":""4.96"",""created_time"":""2026-04-27T20:50:25.374143Z"",""no_price_dollars"":""0.7600"",""taker_side"":""no"",""ticker"":""KXETH15M-26APR271700-00"",""trade_id"":""b13401e1-b989-4d7b-8cf0-5d4b6d7c399e"",""yes_price_dollars"":""0.2400""}"
KXETH15M-26APR271700-00,8323d783-5f77-4d36-9778-2a882276bf18,1777323025,0.25,8.07,no,"{""count_fp"":""8.07"",""created_time"":""2026-04-27T20:50:25.374143Z"",""no_price_dollars"":""0.7500"",""taker_side"":""no"",""ticker"":""KXETH15M-26APR271700-00"",""trade_id"":""8323d783-5f77-4d36-9778-2a882276bf18"",""yes_price_dollars"":""0.2500""}"
KXETH15M-26APR271700-00,8a9d2648-4536-59ab-63e3-50be511c2a45,1777323027,0.26,0.67,yes,"{""count_fp"":""0.67"",""created_time"":""2026-04-27T20:50:27.488324Z"",""no_price_dollars"":""0.7400"",""taker_side"":""yes"",""ticker"":""KXETH15M-26APR271700-00"",""trade_id"":""8a9d2648-4536-59ab-63e3-50be511c2a45"",""yes_price_dollars"":""0.2600""}"
KXETH15M-26APR271700-00,0069c54a-335d-56f7-ec44-9fc2ca793812,1777323030,0.24,1.0,no,"{""count_fp"":""1.00"",""created_time"":""2026-04-27T20:50:30.591677Z"",""no_price_dollars"":""0.7600"",""taker_side"":""no"",""ticker"":""KXETH15M-26APR271700-00"",""trade_id"":""0069c54a-335d-56f7-ec44-9fc2ca793812"",""yes_price_dollars"":""0.2400""}"
KXETH15M-26APR271700-00,6465e366-339d-7133-2f74-566928e33c42,1777323030,0.24,2.0,no,"{""count_fp"":""2.00"",""created_time"":""2026-04-27T20:50:30.220365Z"",""no_price_dollars"":""0.7600"",""taker_side"":""no"",""ticker"":""KXETH15M-26APR271700-00"",""trade_id"":""6465e366-339d-7133-2f74-566928e33c42"",""yes_price_dollars"":""0.2400""}"
KXETH15M-26APR271700-00,e625baa0-4cf1-4647-4762-5e5ff595c456,1777323032,0.24,1.29,no,"{""count_fp"":""1.29"",""created_time"":""2026-04-27T20:50:32.017664Z"",""no_price_dollars"":""0.7600"",""taker_side"":""no"",""ticker"":""KXETH15M-26APR271700-00"",""trade_id"":""e625baa0-4cf1-4647-4762-5e5ff595c456"",""yes_price_dollars"":""0.2400""}"
KXETH15M-26APR271700-00,4dcdd4d1-9113-6163-555e-8dab76865b1b,1777323035,0.27,0.65,yes,"{""count_fp"":""0.65"",""created_time"":""2026-04-27T20:50:35.839407Z"",""no_price_dollars"":""0.7300"",""taker_side"":""yes"",""ticker"":""KXETH15M-26APR271700-00"",""trade_id"":""4dcdd4d1-9113-6163-555e-8dab76865b1b"",""yes_price_dollars"":""0.2700""}"
KXETH15M-26APR271700-00,f62c32c9-deae-7968-fba7-c4a1da326b35,1777323037,0.24,2.95,no,"{""count_fp"":""2.95"",""created_time"":""2026-04-27T20:50:37.266291Z"",""no_price_dollars"":""0.7600"",""taker_side"":""no"",""ticker"":""KXETH15M-26APR271700-00"",""trade_id"":""f62c32c9-deae-7968-fba7-c4a1da326b35"",""yes_price_dollars"":""0.2400""}"
KXETH15M-26APR271700-00,b29541c2-50a1-7653-d800-f80e26284172,1777323037,0.24,61.75,no,"{""count_fp"":""61.75"",""created_time"":""2026-04-27T20:50:37.266291Z"",""no_price_dollars"":""0.7600"",""taker_side"":""no"",""ticker"":""KXETH15M-26APR271700-00"",""trade_id"":""b29541c2-50a1-7653-d800-f80e26284172"",""yes_price_dollars"":""0.2400""}"
KXETH15M-26APR271700-00,324b9a88-d2d7-7339-cc42-f1b730db800c,1777323049,0.26,1.57,yes,"{""count_fp"":""1.57"",""created_time"":""2026-04-27T20:50:49.667408Z"",""no_price_dollars"":""0.7400"",""taker_side"":""yes"",""ticker"":""KXETH15M-26APR271700-00"",""trade_id"":""324b9a88-d2d7-7339-cc42-f1b730db800c"",""yes_price_dollars"":""0.2600""}"
KXETH15M-26APR271700-00,ea37f5b8-7b83-4615-3752-8e43058cec10,1777323053,0.26,0.43,yes,"{""count_fp"":""0.43"",""created_time"":""2026-04-27T20:50:53.886691Z"",""no_price_dollars"":""0.7400"",""taker_side"":""yes"",""ticker"":""KXETH15M-26APR271700-00"",""trade_id"":""ea37f5b8-7b83-4615-3752-8e43058cec10"",""yes_price_dollars"":""0.2600""}"
KXETH15M-26APR271700-00,165775e7-7c8e-4ac4-2c28-422faad59195,1777323053,0.26,3.22,yes,"{""count_fp"":""3.22"",""created_time"":""2026-04-27T20:50:53.886691Z"",""no_price_dollars"":""0.7400"",""taker_side"":""yes"",""ticker"":""KXETH15M-26APR271700-00"",""trade_id"":""165775e7-7c8e-4ac4-2c28-422faad59195"",""yes_price_dollars"":""0.2600""}"
KXETH15M-26APR271700-00,cc385f79-dc92-6b85-9106-098083f254bc,1777323054,0.28,5.0,yes,"{""count_fp"":""5.00"",""created_time"":""2026-04-27T20:50:54.990001Z"",""no_price_dollars"":""0.7200"",""taker_side"":""yes"",""ticker"":""KXETH15M-26APR271700-00"",""trade_id"":""cc385f79-dc92-6b85-9106-098083f254bc"",""yes_price_dollars"":""0.2800""}"
KXETH15M-26APR271700-00,af843c40-eb45-6fc3-9951-9f448b14c638,1777323054,0.3,5.0,yes,"{""count_fp"":""5.00"",""created_time"":""2026-04-27T20:50:54.990001Z"",""no_price_dollars"":""0.7000"",""taker_side"":""yes"",""ticker"":""KXETH15M-26APR271700-00"",""trade_id"":""af843c40-eb45-6fc3-9951-9f448b14c638"",""yes_price_dollars"":""0.3000""}"
KXETH15M-26APR271700-00,0d5dab3e-a640-597d-d499-e5a6c34ce17b,1777323054,0.27,0.13,yes,"{""count_fp"":""0.13"",""created_time"":""2026-04-27T20:50:54.850835Z"",""no_price_dollars"":""0.7300"",""taker_side"":""yes"",""ticker"":""KXETH15M-26APR271700-00"",""trade_id"":""0d5dab3e-a640-597d-d499-e5a6c34ce17b"",""yes_price_dollars"":""0.2700""}"
KXETH15M-26APR271700-00,67a8fd74-391c-7288-eee2-ffd4120d578c,1777323054,0.27,1.0,yes,"{""count_fp"":""1.00"",""created_time"":""2026-04-27T20:50:54.843428Z"",""no_price_dollars"":""0.7300"",""taker_side"":""yes"",""ticker"":""KXETH15M-26APR271700-00"",""trade_id"":""67a8fd74-391c-7288-eee2-ffd4120d578c"",""yes_price_dollars"":""0.2700""}"
KXETH15M-26APR271700-00,4c08f6c1-bae0-7429-cd24-e780b5ef8bdb,1777323054,0.27,9.87,yes,"{""count_fp"":""9.87"",""created_time"":""2026-04-27T20:50:54.843428Z"",""no_price_dollars"":""0.7300"",""taker_side"":""yes"",""ticker"":""KXETH15M-26APR271700-00"",""trade_id"":""4c08f6c1-bae0-7429-cd24-e780b5ef8bdb"",""yes_price_dollars"":""0.2700""}"
KXETH15M-26APR271700-00,43430b6b-26c2-7540-d220-abe1aff5e959,1777323054,0.26,1.78,yes,"{""count_fp"":""1.78"",""created_time"":""2026-04-27T20:50:54.843428Z"",""no_price_dollars"":""0.7400"",""taker_side"":""yes"",""ticker"":""KXETH15M-26APR271700-00"",""trade_id"":""43430b6b-26c2-7540-d220-abe1aff5e959"",""yes_price_dollars"":""0.2600""}"
KXETH15M-26APR271700-00,0331bd85-970b-7163-fa43-e998bcd5be83,1777323054,0.27,3.35,yes,"{""count_fp"":""3.35"",""created_time"":""2026-04-27T20:50:54.843428Z"",""no_price_dollars"":""0.7300"",""taker_side"":""yes"",""ticker"":""KXETH15M-26APR271700-00"",""trade_id"":""0331bd85-970b-7163-fa43-e998bcd5be83"",""yes_price_dollars"":""0.2700""}"
KXETH15M-26APR271700-00,7736d3f4-9df7-6cce-d107-e3823698b369,1777323055,0.3,2.58,no,"{""count_fp"":""2.58"",""created_time"":""2026-04-27T20:50:55.107706Z"",""no_price_dollars"":""0.7000"",""taker_side"":""no"",""ticker"":""KXETH15M-26APR271700-00"",""trade_id"":""7736d3f4-9df7-6cce-d107-e3823698b369"",""yes_price_dollars"":""0.3000""}"
KXETH15M-26APR271700-00,25a0dd21-7a53-4cda-1528-a80e012943a5,1777323055,0.3,5.0,no,"{""count_fp"":""5.00"",""created_time"":""2026-04-27T20:50:55.054172Z"",""no_price_dollars"":""0.7000"",""taker_side"":""no"",""ticker"":""KXETH15M-26APR271700-00"",""trade_id"":""25a0dd21-7a53-4cda-1528-a80e012943a5"",""yes_price_dollars"":""0.3000""}"
KXETH15M-26APR271700-00,850c976e-453f-7e6a-4cb4-9d134c26745d,1777323056,0.3,1.0,no,"{""count_fp"":""1.00"",""created_time"":""2026-04-27T20:50:56.712572Z"",""no_price_dollars"":""0.7000"",""taker_side"":""no"",""ticker"":""KXETH15M-26APR271700-00"",""trade_id"":""850c976e-453f-7e6a-4cb4-9d134c26745d"",""yes_price_dollars"":""0.3000""}"
KXETH15M-26APR271700-00,b3777256-be8f-5af6-31bd-8be27432655d,1777323060,0.3,6.0,no,"{""count_fp"":""6.00"",""created_time"":""2026-04-27T20:51:00.996711Z"",""no_price_dollars"":""0.7000"",""taker_side"":""no"",""ticker"":""KXETH15M-26APR271700-00"",""trade_id"":""b3777256-be8f-5af6-31bd-8be27432655d"",""yes_price_dollars"":""0.3000""}"
KXETH15M-26APR271700-00,79a0e1e8-bd3f-6996-f648-1d0c75c30e75,1777323060,0.3,2.0,no,"{""count_fp"":""2.00"",""created_time"":""2026-04-27T20:51:00.530142Z"",""no_price_dollars"":""0.7000"",""taker_side"":""no"",""ticker"":""KXETH15M-26APR271700-00"",""trade_id"":""79a0e1e8-bd3f-6996-f648-1d0c75c30e75"",""yes_price_dollars"":""0.3000""}"
KXETH15M-26APR271700-00,42033a3f-2b0e-56cb-826b-eae65b1010d4,1777323062,0.31,0.46,yes,"{""count_fp"":""0.46"",""created_time"":""2026-04-27T20:51:02.226085Z"",""no_price_dollars"":""0.6900"",""taker_side"":""yes"",""ticker"":""KXETH15M-26APR271700-00"",""trade_id"":""42033a3f-2b0e-56cb-826b-eae65b1010d4"",""yes_price_dollars"":""0.3100""}"
KXETH15M-26APR271700-00,0fa79ede-38e8-79f2-8443-0c60693ffe81,1777323066,0.3,10.0,no,"{""count_fp"":""10.00"",""created_time"":""2026-04-27T20:51:06.008682Z"",""no_price_dollars"":""0.7000"",""taker_side"":""no"",""ticker"":""KXETH15M-26APR271700-00"",""trade_id"":""0fa79ede-38e8-79f2-8443-0c60693ffe81"",""yes_price_dollars"":""0.3000""}"
KXETH15M-26APR271700-00,fa7fcf44-2cb9-5cfd-036e-df87b2f6ae90,1777323073,0.3,30.0,yes,"{""count_fp"":""30.00"",""created_time"":""2026-04-27T20:51:13.582499Z"",""no_price_dollars"":""0.7000"",""taker_side"":""yes"",""ticker"":""KXETH15M-26APR271700-00"",""trade_id"":""fa7fcf44-2cb9-5cfd-036e-df87b2f6ae90"",""yes_price_dollars"":""0.3000""}"
KXETH15M-26APR271700-00,47a975b8-590f-535f-4f90-40dcba2df5eb,1777323075,0.29,1.0,yes,"{""count_fp"":""1.00"",""created_time"":""2026-04-27T20:51:15.429143Z"",""no_price_dollars"":""0.7100"",""taker_side"":""yes"",""ticker"":""KXETH15M-26APR271700-00"",""trade_id"":""47a975b8-590f-535f-4f90-40dcba2df5eb"",""yes_price_dollars"":""0.2900""}"
KXETH15M-26APR271700-00,1267169d-969d-5f81-7c51-a4139bd079b4,1777323075,0.29,0.45,yes,"{""count_fp"":""0.45"",""created_time"":""2026-04-27T20:51:15.429143Z"",""no_price_dollars"":""0.7100"",""taker_side"":""yes"",""ticker"":""KXETH15M-26APR271700-00"",""trade_id"":""1267169d-969d-5f81-7c51-a4139bd079b4"",""yes_price_dollars"":""0.2900""}"
KXETH15M-26APR271700-00,fcc4cf4f-136d-578c-c7ef-23f5bcc6d549,1777323075,0.28,10.0,no,"{""count_fp"":""10.00"",""created_time"":""2026-04-27T20:51:15.185723Z"",""no_price_dollars"":""0.7200"",""taker_side"":""no"",""ticker"":""KXETH15M-26APR271700-00"",""trade_id"":""fcc4cf4f-136d-578c-c7ef-23f5bcc6d549"",""yes_price_dollars"":""0.2800""}"
KXETH15M-26APR271700-00,e3db5b01-1091-5865-fa4d-2c63269f37ff,1777323075,0.27,5.0,no,"{""count_fp"":""5.00"",""created_time"":""2026-04-27T20:51:15.185723Z"",""no_price_dollars"":""0.7300"",""taker_side"":""no"",""ticker"":""KXETH15M-26APR271700-00"",""trade_id"":""e3db5b01-1091-5865-fa4d-2c63269f37ff"",""yes_price_dollars"":""0.2700""}"
KXETH15M-26APR271700-00,dfc885fa-8da4-53b5-e018-b148d8f5f0ba,1777323075,0.24,2.74,no,"{""count_fp"":""2.74"",""created_time"":""2026-04-27T20:51:15.185723Z"",""no_price_dollars"":""0.7600"",""taker_side"":""no"",""ticker"":""KXETH15M-26APR271700-00"",""trade_id"":""dfc885fa-8da4-53b5-e018-b148d8f5f0ba"",""yes_price_dollars"":""0.2400""}"
KXETH15M-26APR271700-00,a8d86bb0-abd3-533f-ff09-35e289c581d2,1777323075,0.29,1.0,no,"{""count_fp"":""1.00"",""created_time"":""2026-04-27T20:51:15.185723Z"",""no_price_dollars"":""0.7100"",""taker_side"":""no"",""ticker"":""KXETH15M-26APR271700-00"",""trade_id"":""a8d86bb0-abd3-533f-ff09-35e289c581d2"",""yes_price_dollars"":""0.2900""}"
KXETH15M-26APR271700-00,7b48b278-4c1f-5767-c292-03f71c5d0bc6,1777323075,0.25,1.0,no,"{""count_fp"":""1.00"",""created_time"":""2026-04-27T20:51:15.185723Z"",""no_price_dollars"":""0.7500"",""taker_side"":""no"",""ticker"":""KXETH15M-26APR271700-00"",""trade_id"":""7b48b278-4c1f-5767-c292-03f71c5d0bc6"",""yes_price_dollars"":""0.2500""}"
KXETH15M-26APR271700-00,6801ec36-4747-582f-c9e5-2f8ab2fe2905,1777323075,0.28,70.0,no,"{""count_fp"":""70.00"",""created_time"":""2026-04-27T20:51:15.185723Z"",""no_price_dollars"":""0.7200"",""taker_side"":""no"",""ticker"":""KXETH15M-26APR271700-00"",""trade_id"":""6801ec36-4747-582f-c9e5-2f8ab2fe2905"",""yes_price_dollars"":""0.2800""}"
KXETH15M-26APR271700-00,628ab6ca-5049-517e-f27c-bc0e79d731f1,1777323075,0.24,10.0,no,"{""count_fp"":""10.00"",""created_time"":""2026-04-27T20:51:15.185723Z"",""no_price_dollars"":""0.7600"",""taker_side"":""no"",""ticker"":""KXETH15M-26APR271700-00"",""trade_id"":""628ab6ca-5049-517e-f27c-bc0e79d731f1"",""yes_price_dollars"":""0.2400""}"
KXETH15M-26APR271700-00,4776170f-9b52-56ce-c592-10454efe7ad2,1777323075,0.26,1.0,no,"{""count_fp"":""1.00"",""created_time"":""2026-04-27T20:51:15.185723Z"",""no_price_dollars"":""0.7400"",""taker_side"":""no"",""ticker"":""KXETH15M-26APR271700-00"",""trade_id"":""4776170f-9b52-56ce-c592-10454efe7ad2"",""yes_price_dollars"":""0.2600""}"
KXETH15M-26APR271700-00,b0f1bcad-d541-4647-cb67-9f9a4e28747e,1777323077,0.29,2.19,yes,"{""count_fp"":""2.19"",""created_time"":""2026-04-27T20:51:17.881904Z"",""no_price_dollars"":""0.7100"",""taker_side"":""yes"",""ticker"":""KXETH15M-26APR271700-00"",""trade_id"":""b0f1bcad-d541-4647-cb67-9f9a4e28747e"",""yes_price_dollars"":""0.2900""}"
KXETH15M-26APR271700-00,98718ff2-5d65-4956-f276-02c369c87d92,1777323077,0.29,1.0,yes,"{""count_fp"":""1.00"",""created_time"":""2026-04-27T20:51:17.881904Z"",""no_price_dollars"":""0.7100"",""taker_side"":""yes"",""ticker"":""KXETH15M-26APR271700-00"",""trade_id"":""98718ff2-5d65-4956-f276-02c369c87d92"",""yes_price_dollars"":""0.2900""}"
KXETH15M-26APR271700-00,2d5cfb62-4e50-71fd-17d5-f458f4e418f0,1777323078,0.29,1.0,yes,"{""count_fp"":""1.00"",""created_time"":""2026-04-27T20:51:18.810978Z"",""no_price_dollars"":""0.7100"",""taker_side"":""yes"",""ticker"":""KXETH15M-26APR271700-00"",""trade_id"":""2d5cfb62-4e50-71fd-17d5-f458f4e418f0"",""yes_price_dollars"":""0.2900""}"
KXETH15M-26APR271700-00,ff4a780e-03c2-76e8-b653-f988f97a0dba,1777323081,0.26,2.0,no,"{""count_fp"":""2.00"",""created_time"":""2026-04-27T20:51:21.749318Z"",""no_price_dollars"":""0.7400"",""taker_side"":""no"",""ticker"":""KXETH15M-26APR271700-00"",""trade_id"":""ff4a780e-03c2-76e8-b653-f988f97a0dba"",""yes_price_dollars"":""0.2600""}"
KXETH15M-26APR271700-00,be897b12-59d1-4693-fb2a-f429bf47d1bd,1777323082,0.28,3.74,yes,"{""count_fp"":""3.74"",""created_time"":""2026-04-27T20:51:22.477591Z"",""no_price_dollars"":""0.7200"",""taker_side"":""yes"",""ticker"":""KXETH15M-26APR271700-00"",""trade_id"":""be897b12-59d1-4693-fb2a-f429bf47d1bd"",""yes_price_dollars"":""0.2800""}"
KXETH15M-26APR271700-00,af485fb1-af24-453d-ff6a-8133a7c1adc4,1777323082,0.29,1.0,yes,"{""count_fp"":""1.00"",""created_time"":""2026-04-27T20:51:22.477591Z"",""no_price_dollars"":""0.7100"",""taker_side"":""yes"",""ticker"":""KXETH15M-26APR271700-00"",""trade_id"":""af485fb1-af24-453d-ff6a-8133a7c1adc4"",""yes_price_dollars"":""0.2900""}"
KXETH15M-26APR271700-00,79147066-2eb9-5d3e-6102-3a0224b9351e,1777323082,0.26,8.0,yes,"{""count_fp"":""8.00"",""created_time"":""2026-04-27T20:51:22.259Z"",""no_price_dollars"":""0.7400"",""taker_side"":""yes"",""ticker"":""KXETH15M-26APR271700-00"",""trade_id"":""79147066-2eb9-5d3e-6102-3a0224b9351e"",""yes_price_dollars"":""0.2600""}"
KXETH15M-26APR271700-00,57053a10-8059-5267-7d78-75342ea2bd61,1777323082,0.28,4.0,yes,"{""count_fp"":""4.00"",""created_time"":""2026-04-27T20:51:22.259Z"",""no_price_dollars"":""0.7200"",""taker_side"":""yes"",""ticker"":""KXETH15M-26APR271700-00"",""trade_id"":""57053a10-8059-5267-7d78-75342ea2bd61"",""yes_price_dollars"":""0.2800""}"
KXETH15M-26APR271700-00,1e137b1f-380d-7ea4-6ea2-ac7933e40756,1777323083,0.29,24.26,no,"{""count_fp"":""24.26"",""created_time"":""2026-04-27T20:51:23.131307Z"",""no_price_dollars"":""0.7100"",""taker_side"":""no"",""ticker"":""KXETH15M-26APR271700-00"",""trade_id"":""1e137b1f-380d-7ea4-6ea2-ac7933e40756"",""yes_price_dollars"":""0.2900""}"
KXETH15M-26APR271700-00,34ea9e12-ee35-7899-d2c2-98dc4d874cdf,1777323087,0.28,1.0,no,"{""count_fp"":""1.00"",""created_time"":""2026-04-27T20:51:27.074724Z"",""no_price_dollars"":""0.7200"",""taker_side"":""no"",""ticker"":""KXETH15M-26APR271700-00"",""trade_id"":""34ea9e12-ee35-7899-d2c2-98dc4d874cdf"",""yes_price_dollars"":""0.2800""}"
KXETH15M-26APR271700-00,9c766667-6df1-6559-a50c-2d878438a950,1777323097,0.3,52.89,yes,"{""count_fp"":""52.89"",""created_time"":""2026-04-27T20:51:37.725369Z"",""no_price_dollars"":""0.7000"",""taker_side"":""yes"",""ticker"":""KXETH15M-26APR271700-00"",""trade_id"":""9c766667-6df1-6559-a50c-2d878438a950"",""yes_price_dollars"":""0.3000""}"
KXETH15M-26APR271700-00,8f3fb38b-b94d-6b40-81c2-e3a5d118460d,1777323097,0.29,10.0,yes,"{""count_fp"":""10.00"",""created_time"":""2026-04-27T20:51:37.725369Z"",""no_price_dollars"":""0.7100"",""taker_side"":""yes"",""ticker"":""KXETH15M-26APR271700-00"",""trade_id"":""8f3fb38b-b94d-6b40-81c2-e3a5d118460d"",""yes_price_dollars"":""0.2900""}"
KXETH15M-26APR271700-00,0894a008-d3c0-6abd-abaf-c9e89e22b91b,1777323097,0.3,5.0,yes,"{""count_fp"":""5.00"",""created_time"":""2026-04-27T20:51:37.725369Z"",""no_price_dollars"":""0.7000"",""taker_side"":""yes"",""ticker"":""KXETH15M-26APR271700-00"",""trade_id"":""0894a008-d3c0-6abd-abaf-c9e89e22b91b"",""yes_price_dollars"":""0.3000""}"
KXETH15M-26APR271700-00,05846d2e-1e49-6bce-96e7-db2d07b5e69f,1777323097,0.29,1.0,yes,"{""count_fp"":""1.00"",""created_time"":""2026-04-27T20:51:37.725369Z"",""no_price_dollars"":""0.7100"",""taker_side"":""yes"",""ticker"":""KXETH15M-26APR271700-00"",""trade_id"":""05846d2e-1e49-6bce-96e7-db2d07b5e69f"",""yes_price_dollars"":""0.2900""}"
KXETH15M-26APR271700-00,055bfa29-880e-6b47-9690-3ca168f100a1,1777323097,0.28,1.0,yes,"{""count_fp"":""1.00"",""created_time"":""2026-04-27T20:51:37.725369Z"",""no_price_dollars"":""0.7200"",""taker_side"":""yes"",""ticker"":""KXETH15M-26APR271700-00"",""trade_id"":""055bfa29-880e-6b47-9690-3ca168f100a1"",""yes_price_dollars"":""0.2800""}"
KXETH15M-26APR271700-00,0251bb39-258f-6be1-a3bc-34448cea51d6,1777323097,0.29,10.28,yes,"{""count_fp"":""10.28"",""created_time"":""2026-04-27T20:51:37.725369Z"",""no_price_dollars"":""0.7100"",""taker_side"":""yes"",""ticker"":""KXETH15M-26APR271700-00"",""trade_id"":""0251bb39-258f-6be1-a3bc-34448cea51d6"",""yes_price_dollars"":""0.2900""}"
KXETH15M-26APR271700-00,85b0a86d-948d-5b90-a99c-14a62a149712,1777323099,0.29,0.34,yes,"{""count_fp"":""0.34"",""created_time"":""2026-04-27T20:51:39.418043Z"",""no_price_dollars"":""0.7100"",""taker_side"":""yes"",""ticker"":""KXETH15M-26APR271700-00"",""trade_id"":""85b0a86d-948d-5b90-a99c-14a62a149712"",""yes_price_dollars"":""0.2900""}"
KXETH15M-26APR271700-00,b64c576a-dead-6543-39d8-d23847946088,1777323100,0.3,52.62,yes,"{""count_fp"":""52.62"",""created_time"":""2026-04-27T20:51:40.039913Z"",""no_price_dollars"":""0.7000"",""taker_side"":""yes"",""ticker"":""KXETH15M-26APR271700-00"",""trade_id"":""b64c576a-dead-6543-39d8-d23847946088"",""yes_price_dollars"":""0.3000""}"
KXETH15M-26APR271700-00,3238a572-f867-6072-0992-5b43799ae94c,1777323100,0.29,1.0,yes,"{""count_fp"":""1.00"",""created_time"":""2026-04-27T20:51:40.039913Z"",""no_price_dollars"":""0.7100"",""taker_side"":""yes"",""ticker"":""KXETH15M-26APR271700-00"",""trade_id"":""3238a572-f867-6072-0992-5b43799ae94c"",""yes_price_dollars"":""0.2900""}"
KXETH15M-26APR271700-00,02c76e3b-8c5d-6511-29b2-ee767417a4f7,1777323100,0.29,10.28,yes,"{""count_fp"":""10.28"",""created_time"":""2026-04-27T20:51:40.039913Z"",""no_price_dollars"":""0.7100"",""taker_side"":""yes"",""ticker"":""KXETH15M-26APR271700-00"",""trade_id"":""02c76e3b-8c5d-6511-29b2-ee767417a4f7"",""yes_price_dollars"":""0.2900""}"
KXETH15M-26APR271700-00,c1ac4ce7-819f-6b37-dd0f-a65dec027887,1777323103,0.26,9.74,no,"{""count_fp"":""9.74"",""created_time"":""2026-04-27T20:51:43.040922Z"",""no_price_dollars"":""0.7400"",""taker_side"":""no"",""ticker"":""KXETH15M-26APR271700-00"",""trade_id"":""c1ac4ce7-819f-6b37-dd0f-a65dec027887"",""yes_price_dollars"":""0.2600""}"
KXETH15M-26APR271700-00,812da54a-aac3-6ce9-d009-9795112660bf,1777323103,0.26,5.0,no,"{""count_fp"":""5.00"",""created_time"":""2026-04-27T20:51:43.040922Z"",""no_price_dollars"":""0.7400"",""taker_side"":""no"",""ticker"":""KXETH15M-26APR271700-00"",""trade_id"":""812da54a-aac3-6ce9-d009-9795112660bf"",""yes_price_dollars"":""0.2600""}"
KXETH15M-26APR271700-00,66f0f663-3bec-608d-d1d8-018172ed604d,1777323103,0.26,25.26,no,"{""count_fp"":""25.26"",""created_time"":""2026-04-27T20:51:43.040922Z"",""no_price_dollars"":""0.7400"",""taker_side"":""no"",""ticker"":""KXETH15M-26APR271700-00"",""trade_id"":""66f0f663-3bec-608d-d1d8-018172ed604d"",""yes_price_dollars"":""0.2600""}"
KXETH15M-26APR271700-00,2d38bce1-6d07-454c-9159-a144f4c5c78c,1777323110,0.26,1.0,yes,"{""count_fp"":""1.00"",""created_time"":""2026-04-27T20:51:50.812094Z"",""no_price_dollars"":""0.7400"",""taker_side"":""yes"",""ticker"":""KXETH15M-26APR271700-00"",""trade_id"":""2d38bce1-6d07-454c-9159-a144f4c5c78c"",""yes_price_dollars"":""0.2600""}"
KXETH15M-26APR271700-00,eeaf7306-ef99-5d97-da60-af9fcd7fca70,1777323116,0.27,7.61,yes,"{""count_fp"":""7.61"",""created_time"":""2026-04-27T20:51:56.165693Z"",""no_price_dollars"":""0.7300"",""taker_side"":""yes"",""ticker"":""KXETH15M-26APR271700-00"",""trade_id"":""eeaf7306-ef99-5d97-da60-af9fcd7fca70"",""yes_price_dollars"":""0.2700""}"
KXETH15M-26APR271700-00,8bc299a5-ed79-5498-ed64-e7d3ffcb397b,1777323116,0.27,10.0,yes,"{""count_fp"":""10.00"",""created_time"":""2026-04-27T20:51:56.165693Z"",""no_price_dollars"":""0.7300"",""taker_side"":""yes"",""ticker"":""KXETH15M-26APR271700-00"",""trade_id"":""8bc299a5-ed79-5498-ed64-e7d3ffcb397b"",""yes_price_dollars"":""0.2700""}"
KXETH15M-26APR271700-00,ba7b7ba4-a5c7-6aab-b350-f494f24b74ea,1777323119,0.27,5.0,yes,"{""count_fp"":""5.00"",""created_time"":""2026-04-27T20:51:59.601329Z"",""no_price_dollars"":""0.7300"",""taker_side"":""yes"",""ticker"":""KXETH15M-26APR271700-00"",""trade_id"":""ba7b7ba4-a5c7-6aab-b350-f494f24b74ea"",""yes_price_dollars"":""0.2700""}"
KXETH15M-26APR271700-00,56154949-d0e1-64b7-835e-2fdad1c43414,1777323119,0.27,70.82,yes,"{""count_fp"":""70.82"",""created_time"":""2026-04-27T20:51:59.601329Z"",""no_price_dollars"":""0.7300"",""taker_side"":""yes"",""ticker"":""KXETH15M-26APR271700-00"",""trade_id"":""56154949-d0e1-64b7-835e-2fdad1c43414"",""yes_price_dollars"":""0.2700""}"
KXETH15M-26APR271700-00,c212c621-325f-6ac6-a16c-3489d30ce491,1777323120,0.27,2.0,no,"{""count_fp"":""2.00"",""created_time"":""2026-04-27T20:52:00.596875Z"",""no_price_dollars"":""0.7300"",""taker_side"":""no"",""ticker"":""KXETH15M-26APR271700-00"",""trade_id"":""c212c621-325f-6ac6-a16c-3489d30ce491"",""yes_price_dollars"":""0.2700""}"
KXETH15M-26APR271700-00,2f98916c-937e-4181-22d1-4080719d5435,1777323120,0.28,10.0,yes,"{""count_fp"":""10.00"",""created_time"":""2026-04-27T20:52:00.097272Z"",""no_price_dollars"":""0.7200"",""taker_side"":""yes"",""ticker"":""KXETH15M-26APR271700-00"",""trade_id"":""2f98916c-937e-4181-22d1-4080719d5435"",""yes_price_dollars"":""0.2800""}"
KXETH15M-26APR271700-00,315ee699-3fbf-69ee-6914-44df7d521e79,1777323121,0.28,9.0,no,"{""count_fp"":""9.00"",""created_time"":""2026-04-27T20:52:01.633697Z"",""no_price_dollars"":""0.7200"",""taker_side"":""no"",""ticker"":""KXETH15M-26APR271700-00"",""trade_id"":""315ee699-3fbf-69ee-6914-44df7d521e79"",""yes_price_dollars"":""0.2800""}"
KXETH15M-26APR271700-00,e53ba25f-cdab-71fe-407b-24a8590c4ed1,1777323121,0.28,18.22,no,"{""count_fp"":""18.22"",""created_time"":""2026-04-27T20:52:01.141036Z"",""no_price_dollars"":""0.7200"",""taker_side"":""no"",""ticker"":""KXETH15M-26APR271700-00"",""trade_id"":""e53ba25f-cdab-71fe-407b-24a8590c4ed1"",""yes_price_dollars"":""0.2800""}"
KXETH15M-26APR271700-00,604c4033-ca5f-7072-8c1b-e8dd1fa77565,1777323124,0.28,129.0,no,"{""count_fp"":""129.00"",""created_time"":""2026-04-27T20:52:04.732436Z"",""no_price_dollars"":""0.7200"",""taker_side"":""no"",""ticker"":""KXETH15M-26APR271700-00"",""trade_id"":""604c4033-ca5f-7072-8c1b-e8dd1fa77565"",""yes_price_dollars"":""0.2800""}"
KXETH15M-26APR271700-00,2414c922-d1b6-516a-ad8c-c6f4a4d2ee6f,1777323124,0.29,1.0,no,"{""count_fp"":""1.00"",""created_time"":""2026-04-27T20:52:04.145138Z"",""no_price_dollars"":""0.7100"",""taker_side"":""no"",""ticker"":""KXETH15M-26APR271700-00"",""trade_id"":""2414c922-d1b6-516a-ad8c-c6f4a4d2ee6f"",""yes_price_dollars"":""0.2900""}"
KXETH15M-26APR271700-00,30ccdf06-1ef9-4e59-9438-5faccdecb0b1,1777323125,0.32,10.0,yes,"{""count_fp"":""10.00"",""created_time"":""2026-04-27T20:52:05.629495Z"",""no_price_dollars"":""0.6800"",""taker_side"":""yes"",""ticker"":""KXETH15M-26APR271700-00"",""trade_id"":""30ccdf06-1ef9-4e59-9438-5faccdecb0b1"",""yes_price_dollars"":""0.3200""}"
KXETH15M-26APR271700-00,a799a473-e22b-55b8-7f21-8ba15592b64f,1777323125,0.3,1.0,no,"{""count_fp"":""1.00"",""created_time"":""2026-04-27T20:52:05.279936Z"",""no_price_dollars"":""0.7000"",""taker_side"":""no"",""ticker"":""KXETH15M-26APR271700-00"",""trade_id"":""a799a473-e22b-55b8-7f21-8ba15592b64f"",""yes_price_dollars"":""0.3000""}"
KXETH15M-26APR271700-00,d4e9963b-bac7-4b96-b1fe-b677552fe765,1777323133,0.31,20.77,no,"{""count_fp"":""20.77"",""created_time"":""2026-04-27T20:52:13.609185Z"",""no_price_dollars"":""0.6900"",""taker_side"":""no"",""ticker"":""KXETH15M-26APR271700-00"",""trade_id"":""d4e9963b-bac7-4b96-b1fe-b677552fe765"",""yes_price_dollars"":""0.3100""}"
KXETH15M-26APR271700-00,56e57835-1ffa-47e9-9a1c-ada3538940a9,1777323133,0.32,10.0,no,"{""count_fp"":""10.00"",""created_time"":""2026-04-27T20:52:13.609185Z"",""no_price_dollars"":""0.6800"",""taker_side"":""no"",""ticker"":""KXETH15M-26APR271700-00"",""trade_id"":""56e57835-1ffa-47e9-9a1c-ada3538940a9"",""yes_price_dollars"":""0.3200""}"
KXETH15M-26APR271700-00,cf2c48ac-a546-77e1-2031-c449f03fc3f5,1777323135,0.32,1.0,yes,"{""count_fp"":""1.00"",""created_time"":""2026-04-27T20:52:15.973537Z"",""no_price_dollars"":""0.6800"",""taker_side"":""yes"",""ticker"":""KXETH15M-26APR271700-00"",""trade_id"":""cf2c48ac-a546-77e1-2031-c449f03fc3f5"",""yes_price_dollars"":""0.3200""}"
KXETH15M-26APR271700-00,39f4c91f-7df0-7889-273e-89cc4496fa81,1777323135,0.35,1.77,yes,"{""count_fp"":""1.77"",""created_time"":""2026-04-27T20:52:15.973537Z"",""no_price_dollars"":""0.6500"",""taker_side"":""yes"",""ticker"":""KXETH15M-26APR271700-00"",""trade_id"":""39f4c91f-7df0-7889-273e-89cc4496fa81"",""yes_price_dollars"":""0.3500""}"
KXETH15M-26APR271700-00,42a7556a-d2b0-7e66-adea-d4d2e08d97b3,1777323135,0.33,0.43,yes,"{""count_fp"":""0.43"",""created_time"":""2026-04-27T20:52:15.726739Z"",""no_price_dollars"":""0.6700"",""taker_side"":""yes"",""ticker"":""KXETH15M-26APR271700-00"",""trade_id"":""42a7556a-d2b0-7e66-adea-d4d2e08d97b3"",""yes_price_dollars"":""0.3300""}"
KXETH15M-26APR271700-00,2e1bfe39-37cd-7825-b37a-2c2acee97437,1777323138,0.32,4.0,no,"{""count_fp"":""4.00"",""created_time"":""2026-04-27T20:52:18.312397Z"",""no_price_dollars"":""0.6800"",""taker_side"":""no"",""ticker"":""KXETH15M-26APR271700-00"",""trade_id"":""2e1bfe39-37cd-7825-b37a-2c2acee97437"",""yes_price_dollars"":""0.3200""}"
KXETH15M-26APR271700-00,fbc6cfca-8d82-4305-adc2-cd046760aeea,1777323140,0.36,1.7,yes,"{""count_fp"":""1.70"",""created_time"":""2026-04-27T20:52:20.768676Z"",""no_price_dollars"":""0.6400"",""taker_side"":""yes"",""ticker"":""KXETH15M-26APR271700-00"",""trade_id"":""fbc6cfca-8d82-4305-adc2-cd046760aeea"",""yes_price_dollars"":""0.3600""}"
KXETH15M-26APR271700-00,59b999b4-7ec4-4f01-a9f2-129dccf2a4b3,1777323140,0.34,1.0,yes,"{""count_fp"":""1.00"",""created_time"":""2026-04-27T20:52:20.768676Z"",""no_price_dollars"":""0.6600"",""taker_side"":""yes"",""ticker"":""KXETH15M-26APR271700-00"",""trade_id"":""59b999b4-7ec4-4f01-a9f2-129dccf2a4b3"",""yes_price_dollars"":""0.3400""}"
KXETH15M-26APR271700-00,7d070996-ae30-6380-40c7-14b0016e0651,1777323142,0.32,10.0,no,"{""count_fp"":""10.00"",""created_time"":""2026-04-27T20:52:22.087204Z"",""no_price_dollars"":""0.6800"",""taker_side"":""no"",""ticker"":""KXETH15M-26APR271700-00"",""trade_id"":""7d070996-ae30-6380-40c7-14b0016e0651"",""yes_price_dollars"":""0.3200""}"
KXETH15M-26APR271700-00,d914ffa9-aacb-407e-f825-7dde03d0be01,1777323143,0.31,1.0,no,"{""count_fp"":""1.00"",""created_time"":""2026-04-27T20:52:23.575651Z"",""no_price_dollars"":""0.6900"",""taker_side"":""no"",""ticker"":""KXETH15M-26APR271700-00"",""trade_id"":""d914ffa9-aacb-407e-f825-7dde03d0be01"",""yes_price_dollars"":""0.3100""}"
KXETH15M-26APR271700-00,5d7b36cf-fcd9-7730-ef9a-0aa61d3b42e1,1777323153,0.37,4.17,yes,"{""count_fp"":""4.17"",""created_time"":""2026-04-27T20:52:33.850291Z"",""no_price_dollars"":""0.6300"",""taker_side"":""yes"",""ticker"":""KXETH15M-26APR271700-00"",""trade_id"":""5d7b36cf-fcd9-7730-ef9a-0aa61d3b42e1"",""yes_price_dollars"":""0.3700""}"
KXETH15M-26APR271700-00,32e2105f-49a4-7019-fbd5-e49f229f6226,1777323153,0.37,1.0,yes,"{""count_fp"":""1.00"",""created_time"":""2026-04-27T20:52:33.850291Z"",""no_price_dollars"":""0.6300"",""taker_side"":""yes"",""ticker"":""KXETH15M-26APR271700-00"",""trade_id"":""32e2105f-49a4-7019-fbd5-e49f229f6226"",""yes_price_dollars"":""0.3700""}"
KXETH15M-26APR271700-00,d9648dd8-0859-4b30-60ed-cf9c538d112b,1777323157,0.38,10.0,yes,"{""count_fp"":""10.00"",""created_time"":""2026-04-27T20:52:37.132557Z"",""no_price_dollars"":""0.6200"",""taker_side"":""yes"",""ticker"":""KXETH15M-26APR271700-00"",""trade_id"":""d9648dd8-0859-4b30-60ed-cf9c538d112b"",""yes_price_dollars"":""0.3800""}"
KXETH15M-26APR271700-00,ca780608-88fa-454d-4fcd-ed4073e5a142,1777323157,0.39,68.3,yes,"{""count_fp"":""68.30"",""created_time"":""2026-04-27T20:52:37.132557Z"",""no_price_dollars"":""0.6100"",""taker_side"":""yes"",""ticker"":""KXETH15M-26APR271700-00"",""trade_id"":""ca780608-88fa-454d-4fcd-ed4073e5a142"",""yes_price_dollars"":""0.3900""}"
KXETH15M-26APR271700-00,39e674e5-e657-4fee-774c-269a25e3f869,1777323157,0.37,1.0,yes,"{""count_fp"":""1.00"",""created_time"":""2026-04-27T20:52:37.132557Z"",""no_price_dollars"":""0.6300"",""taker_side"":""yes"",""ticker"":""KXETH15M-26APR271700-00"",""trade_id"":""39e674e5-e657-4fee-774c-269a25e3f869"",""yes_price_dollars"":""0.3700""}"
KXETH15M-26APR271700-00,27742727-3d10-4912-5075-e2272d8291d4,1777323157,0.39,38.77,yes,"{""count_fp"":""38.77"",""created_time"":""2026-04-27T20:52:37.132557Z"",""no_price_dollars"":""0.6100"",""taker_side"":""yes"",""ticker"":""KXETH15M-26APR271700-00"",""trade_id"":""27742727-3d10-4912-5075-e2272d8291d4"",""yes_price_dollars"":""0.3900""}"
KXETH15M-26APR271700-00,b785dafd-d070-6d87-325d-311f55b6a525,1777323163,0.35,2.0,no,"{""count_fp"":""2.00"",""created_time"":""2026-04-27T20:52:43.099075Z"",""no_price_dollars"":""0.6500"",""taker_side"":""no"",""ticker"":""KXETH15M-26APR271700-00"",""trade_id"":""b785dafd-d070-6d87-325d-311f55b6a525"",""yes_price_dollars"":""0.3500""}"
KXETH15M-26APR271700-00,5b7c040b-9d78-77ca-e128-bc0b5fb3e710,1777323164,0.3,24.22,no,"{""count_fp"":""24.22"",""created_time"":""2026-04-27T20:52:44.989379Z"",""no_price_dollars"":""0.7000"",""taker_side"":""no"",""ticker"":""KXETH15M-26APR271700-00"",""trade_id"":""5b7c040b-9d78-77ca-e128-bc0b5fb3e710"",""yes_price_dollars"":""0.3000""}"
KXETH15M-26APR271700-00,73ff23a8-fc46-4bee-e204-d43cb19fcf3f,1777323164,0.31,10.0,no,"{""count_fp"":""10.00"",""created_time"":""2026-04-27T20:52:44.971958Z"",""no_price_dollars"":""0.6900"",""taker_side"":""no"",""ticker"":""KXETH15M-26APR271700-00"",""trade_id"":""73ff23a8-fc46-4bee-e204-d43cb19fcf3f"",""yes_price_dollars"":""0.3100""}"
KXETH15M-26APR271700-00,7ffb9e33-2e9c-4aa5-4195-15949108cd11,1777323164,0.32,7.56,yes,"{""count_fp"":""7.56"",""created_time"":""2026-04-27T20:52:44.657764Z"",""no_price_dollars"":""0.6800"",""taker_side"":""yes"",""ticker"":""KXETH15M-26APR271700-00"",""trade_id"":""7ffb9e33-2e9c-4aa5-4195-15949108cd11"",""yes_price_dollars"":""0.3200""}"
KXETH15M-26APR271700-00,cbb7b6b5-39e4-768f-2c55-0400743bcf43,1777323165,0.24,11.0,no,"{""count_fp"":""11.00"",""created_time"":""2026-04-27T20:52:45.968152Z"",""no_price_dollars"":""0.7600"",""taker_side"":""no"",""ticker"":""KXETH15M-26APR271700-00"",""trade_id"":""cbb7b6b5-39e4-768f-2c55-0400743bcf43"",""yes_price_dollars"":""0.2400""}"
KXETH15M-26APR271700-00,1197f614-9782-72dc-0fbb-8cb573adecd9,1777323165,0.24,1.0,no,"{""count_fp"":""1.00"",""created_time"":""2026-04-27T20:52:45.968152Z"",""no_price_dollars"":""0.7600"",""taker_side"":""no"",""ticker"":""KXETH15M-26APR271700-00"",""trade_id"":""1197f614-9782-72dc-0fbb-8cb573adecd9"",""yes_price_dollars"":""0.2400""}"
KXETH15M-26APR271700-00,db8accd1-44d0-6e39-e3c1-7a463e9ab565,1777323165,0.29,24.83,yes,"{""count_fp"":""24.83"",""created_time"":""2026-04-27T20:52:45.114488Z"",""no_price_dollars"":""0.7100"",""taker_side"":""yes"",""ticker"":""KXETH15M-26APR271700-00"",""trade_id"":""db8accd1-44d0-6e39-e3c1-7a463e9ab565"",""yes_price_dollars"":""0.2900""}"
KXETH15M-26APR271700-00,ace07584-41d8-6c69-506c-8d953f39832d,1777323168,0.29,1.97,yes,"{""count_fp"":""1.97"",""created_time"":""2026-04-27T20:52:48.634875Z"",""no_price_dollars"":""0.7100"",""taker_side"":""yes"",""ticker"":""KXETH15M-26APR271700-00"",""trade_id"":""ace07584-41d8-6c69-506c-8d953f39832d"",""yes_price_dollars"":""0.2900""}"
KXETH15M-26APR271700-00,936be193-3f38-455d-2da8-e1e61eb32899,1777323173,0.29,0.61,yes,"{""count_fp"":""0.61"",""created_time"":""2026-04-27T20:52:53.513474Z"",""no_price_dollars"":""0.7100"",""taker_side"":""yes"",""ticker"":""KXETH15M-26APR271700-00"",""trade_id"":""936be193-3f38-455d-2da8-e1e61eb32899"",""yes_price_dollars"":""0.2900""}"
KXETH15M-26APR271700-00,755e1270-1d96-639b-8642-b4dc1d2b70fb,1777323179,0.28,24.83,yes,"{""count_fp"":""24.83"",""created_time"":""2026-04-27T20:52:59.893113Z"",""no_price_dollars"":""0.7200"",""taker_side"":""yes"",""ticker"":""KXETH15M-26APR271700-00"",""trade_id"":""755e1270-1d96-639b-8642-b4dc1d2b70fb"",""yes_price_dollars"":""0.2800""}"
KXETH15M-26APR271700-00,60e877bc-b453-6c04-a79e-6d6f0bc1c665,1777323179,0.3,165.27,yes,"{""count_fp"":""165.27"",""created_time"":""2026-04-27T20:52:59.893113Z"",""no_price_dollars"":""0.7000"",""taker_side"":""yes"",""ticker"":""KXETH15M-26APR271700-00"",""trade_id"":""60e877bc-b453-6c04-a79e-6d6f0bc1c665"",""yes_price_dollars"":""0.3000""}"
KXETH15M-26APR271700-00,4784d086-8b38-6cd5-bcd5-e0de697344ad,1777323179,0.29,99.39,yes,"{""count_fp"":""99.39"",""created_time"":""2026-04-27T20:52:59.893113Z"",""no_price_dollars"":""0.7100"",""taker_side"":""yes"",""ticker"":""KXETH15M-26APR271700-00"",""trade_id"":""4784d086-8b38-6cd5-bcd5-e0de697344ad"",""yes_price_dollars"":""0.2900""}"
KXETH15M-26APR271700-00,6d7d935e-04e1-56c8-3344-fde1b4cb552f,1777323180,0.26,1.0,no,"{""count_fp"":""1.00"",""created_time"":""2026-04-27T20:53:00.587687Z"",""no_price_dollars"":""0.7400"",""taker_side"":""no"",""ticker"":""KXETH15M-26APR271700-00"",""trade_id"":""6d7d935e-04e1-56c8-3344-fde1b4cb552f"",""yes_price_dollars"":""0.2600""}"
KXETH15M-26APR271700-00,91fd3e2c-2511-625a-da30-4b71cceedf03,1777323181,0.25,10.0,no,"{""count_fp"":""10.00"",""created_time"":""2026-04-27T20:53:01.824587Z"",""no_price_dollars"":""0.7500"",""taker_side"":""no"",""ticker"":""KXETH15M-26APR271700-00"",""trade_id"":""91fd3e2c-2511-625a-da30-4b71cceedf03"",""yes_price_dollars"":""0.2500""}"
KXETH15M-26APR271700-00,416c9f58-ff24-61d9-f245-0cd679840894,1777323181,0.25,1.0,no,"{""count_fp"":""1.00"",""created_time"":""2026-04-27T20:53:01.824587Z"",""no_price_dollars"":""0.7500"",""taker_side"":""no"",""ticker"":""KXETH15M-26APR271700-00"",""trade_id"":""416c9f58-ff24-61d9-f245-0cd679840894"",""yes_price_dollars"":""0.2500""}"
KXETH15M-26APR271700-00,e9e5f5da-1056-473c-136b-4b6499d7bddb,1777323182,0.25,2.0,yes,"{""count_fp"":""2.00"",""created_time"":""2026-04-27T20:53:02.634557Z"",""no_price_dollars"":""0.7500"",""taker_side"":""yes"",""ticker"":""KXETH15M-26APR271700-00"",""trade_id"":""e9e5f5da-1056-473c-136b-4b6499d7bddb"",""yes_price_dollars"":""0.2500""}"
KXETH15M-26APR271700-00,c92c7f0a-eaeb-413a-28a3-b2f879155e2a,1777323182,0.34,0.28,yes,"{""count_fp"":""0.28"",""created_time"":""2026-04-27T20:53:02.634557Z"",""no_price_dollars"":""0.6600"",""taker_side"":""yes"",""ticker"":""KXETH15M-26APR271700-00"",""trade_id"":""c92c7f0a-eaeb-413a-28a3-b2f879155e2a"",""yes_price_dollars"":""0.3400""}"
KXETH15M-26APR271700-00,61c6617c-14ca-4834-23a0-04eea6119f92,1777323182,0.26,1.0,yes,"{""count_fp"":""1.00"",""created_time"":""2026-04-27T20:53:02.634557Z"",""no_price_dollars"":""0.7400"",""taker_side"":""yes"",""ticker"":""KXETH15M-26APR271700-00"",""trade_id"":""61c6617c-14ca-4834-23a0-04eea6119f92"",""yes_price_dollars"":""0.2600""}"
KXETH15M-26APR271700-00,d8a3adee-fd8c-55c6-afb9-069553672f99,1777323191,0.36,100.0,yes,"{""count_fp"":""100.00"",""created_time"":""2026-04-27T20:53:11.451245Z"",""no_price_dollars"":""0.6400"",""taker_side"":""yes"",""ticker"":""KXETH15M-26APR271700-00"",""trade_id"":""d8a3adee-fd8c-55c6-afb9-069553672f99"",""yes_price_dollars"":""0.3600""}"
KXETH15M-26APR271700-00,cb277876-6e02-5358-8eb0-1a9c7c866b12,1777323191,0.36,2.0,yes,"{""count_fp"":""2.00"",""created_time"":""2026-04-27T20:53:11.451245Z"",""no_price_dollars"":""0.6400"",""taker_side"":""yes"",""ticker"":""KXETH15M-26APR271700-00"",""trade_id"":""cb277876-6e02-5358-8eb0-1a9c7c866b12"",""yes_price_dollars"":""0.3600""}"
KXETH15M-26APR271700-00,bde2aed9-abce-5f66-af7c-94e562efd4fc,1777323191,0.35,10.3,yes,"{""count_fp"":""10.30"",""created_time"":""2026-04-27T20:53:11.451245Z"",""no_price_dollars"":""0.6500"",""taker_side"":""yes"",""ticker"":""KXETH15M-26APR271700-00"",""trade_id"":""bde2aed9-abce-5f66-af7c-94e562efd4fc"",""yes_price_dollars"":""0.3500""}"
