ticker,trade_id,ts,yes_price,count,taker_side,raw_json
KXETH15M-26APR280230-30,f47fe6e1-382e-5bfc-101c-c664673398e4,1777356910,0.52,1.0,no,"{""count_fp"":""1.00"",""created_time"":""2026-04-28T06:15:10.984506Z"",""no_price_dollars"":""0.4800"",""taker_side"":""no"",""ticker"":""KXETH15M-26APR280230-30"",""trade_id"":""f47fe6e1-382e-5bfc-101c-c664673398e4"",""yes_price_dollars"":""0.5200""}"
KXETH15M-26APR280230-30,ba1be69d-b6a5-765f-463f-ee7858e05402,1777356911,0.51,1.0,no,"{""count_fp"":""1.00"",""created_time"":""2026-04-28T06:15:11.986488Z"",""no_price_dollars"":""0.4900"",""taker_side"":""no"",""ticker"":""KXETH15M-26APR280230-30"",""trade_id"":""ba1be69d-b6a5-765f-463f-ee7858e05402"",""yes_price_dollars"":""0.5100""}"
KXETH15M-26APR280230-30,57391d94-e04e-4357-2f71-42e3cedd1e49,1777356911,0.49,1.0,no,"{""count_fp"":""1.00"",""created_time"":""2026-04-28T06:15:11.246868Z"",""no_price_dollars"":""0.5100"",""taker_side"":""no"",""ticker"":""KXETH15M-26APR280230-30"",""trade_id"":""57391d94-e04e-4357-2f71-42e3cedd1e49"",""yes_price_dollars"":""0.4900""}"
KXETH15M-26APR280230-30,1c245bc9-971a-777f-2484-62be94afbb7d,1777356911,0.48,1.0,no,"{""count_fp"":""1.00"",""created_time"":""2026-04-28T06:15:11.112209Z"",""no_price_dollars"":""0.5200"",""taker_side"":""no"",""ticker"":""KXETH15M-26APR280230-30"",""trade_id"":""1c245bc9-971a-777f-2484-62be94afbb7d"",""yes_price_dollars"":""0.4800""}"
KXETH15M-26APR280230-30,963a9d49-838e-6d1f-a2f4-6a9acc19b611,1777356911,0.48,1.0,no,"{""count_fp"":""1.00"",""created_time"":""2026-04-28T06:15:11.065227Z"",""no_price_dollars"":""0.5200"",""taker_side"":""no"",""ticker"":""KXETH15M-26APR280230-30"",""trade_id"":""963a9d49-838e-6d1f-a2f4-6a9acc19b611"",""yes_price_dollars"":""0.4800""}"
KXETH15M-26APR280230-30,9e95fcb3-207e-787b-ae38-cc7d9ba5c37d,1777356911,0.52,1.0,no,"{""count_fp"":""1.00"",""created_time"":""2026-04-28T06:15:11.027256Z"",""no_price_dollars"":""0.4800"",""taker_side"":""no"",""ticker"":""KXETH15M-26APR280230-30"",""trade_id"":""9e95fcb3-207e-787b-ae38-cc7d9ba5c37d"",""yes_price_dollars"":""0.5200""}"
KXETH15M-26APR280230-30,d205ea91-eb9e-64f3-34af-12259e1c3f59,1777356912,0.51,1.0,no,"{""count_fp"":""1.00"",""created_time"":""2026-04-28T06:15:12.116708Z"",""no_price_dollars"":""0.4900"",""taker_side"":""no"",""ticker"":""KXETH15M-26APR280230-30"",""trade_id"":""d205ea91-eb9e-64f3-34af-12259e1c3f59"",""yes_price_dollars"":""0.5100""}"
KXETH15M-26APR280230-30,c1644770-36fa-6b9b-9653-239473817ffd,1777356912,0.51,1.0,no,"{""count_fp"":""1.00"",""created_time"":""2026-04-28T06:15:12.072146Z"",""no_price_dollars"":""0.4900"",""taker_side"":""no"",""ticker"":""KXETH15M-26APR280230-30"",""trade_id"":""c1644770-36fa-6b9b-9653-239473817ffd"",""yes_price_dollars"":""0.5100""}"
KXETH15M-26APR280230-30,39fccdfe-13da-75e7-a7f7-378b6844a13d,1777356912,0.51,1.0,no,"{""count_fp"":""1.00"",""created_time"":""2026-04-28T06:15:12.028259Z"",""no_price_dollars"":""0.4900"",""taker_side"":""no"",""ticker"":""KXETH15M-26APR280230-30"",""trade_id"":""39fccdfe-13da-75e7-a7f7-378b6844a13d"",""yes_price_dollars"":""0.5100""}"
KXETH15M-26APR280230-30,f57a233a-d942-788f-9902-f44ad075c095,1777356918,0.51,53.0,no,"{""count_fp"":""53.00"",""created_time"":""2026-04-28T06:15:18.657497Z"",""no_price_dollars"":""0.4900"",""taker_side"":""no"",""ticker"":""KXETH15M-26APR280230-30"",""trade_id"":""f57a233a-d942-788f-9902-f44ad075c095"",""yes_price_dollars"":""0.5100""}"
KXETH15M-26APR280230-30,3c87ea2b-453d-7f71-a39d-d59eacbb2588,1777356918,0.51,1.0,no,"{""count_fp"":""1.00"",""created_time"":""2026-04-28T06:15:18.657497Z"",""no_price_dollars"":""0.4900"",""taker_side"":""no"",""ticker"":""KXETH15M-26APR280230-30"",""trade_id"":""3c87ea2b-453d-7f71-a39d-d59eacbb2588"",""yes_price_dollars"":""0.5100""}"
KXETH15M-26APR280230-30,1fddfdca-46b9-71bc-81dd-0b7e16ba3bf3,1777356918,0.51,100.0,no,"{""count_fp"":""100.00"",""created_time"":""2026-04-28T06:15:18.657497Z"",""no_price_dollars"":""0.4900"",""taker_side"":""no"",""ticker"":""KXETH15M-26APR280230-30"",""trade_id"":""1fddfdca-46b9-71bc-81dd-0b7e16ba3bf3"",""yes_price_dollars"":""0.5100""}"
KXETH15M-26APR280230-30,bf5d1d28-992d-410d-e0f3-c3532123f406,1777356926,0.51,5.44,yes,"{""count_fp"":""5.44"",""created_time"":""2026-04-28T06:15:26.916655Z"",""no_price_dollars"":""0.4900"",""taker_side"":""yes"",""ticker"":""KXETH15M-26APR280230-30"",""trade_id"":""bf5d1d28-992d-410d-e0f3-c3532123f406"",""yes_price_dollars"":""0.5100""}"
KXETH15M-26APR280230-30,5e3d61ea-11f6-484e-dc32-544afac63064,1777356926,0.51,1.0,yes,"{""count_fp"":""1.00"",""created_time"":""2026-04-28T06:15:26.916655Z"",""no_price_dollars"":""0.4900"",""taker_side"":""yes"",""ticker"":""KXETH15M-26APR280230-30"",""trade_id"":""5e3d61ea-11f6-484e-dc32-544afac63064"",""yes_price_dollars"":""0.5100""}"
KXETH15M-26APR280230-30,fde0a728-641d-75a1-f2b6-64ec0c029726,1777356927,0.51,4.0,yes,"{""count_fp"":""4.00"",""created_time"":""2026-04-28T06:15:27.809867Z"",""no_price_dollars"":""0.4900"",""taker_side"":""yes"",""ticker"":""KXETH15M-26APR280230-30"",""trade_id"":""fde0a728-641d-75a1-f2b6-64ec0c029726"",""yes_price_dollars"":""0.5100""}"
KXETH15M-26APR280230-30,e1566856-d055-5c2c-fcf3-7513c273124c,1777356930,0.5,1.0,no,"{""count_fp"":""1.00"",""created_time"":""2026-04-28T06:15:30.167034Z"",""no_price_dollars"":""0.5000"",""taker_side"":""no"",""ticker"":""KXETH15M-26APR280230-30"",""trade_id"":""e1566856-d055-5c2c-fcf3-7513c273124c"",""yes_price_dollars"":""0.5000""}"
KXETH15M-26APR280230-30,a3bc0964-c6a9-6068-b8f4-04a997d30370,1777356936,0.45,71.0,no,"{""count_fp"":""71.00"",""created_time"":""2026-04-28T06:15:36.909377Z"",""no_price_dollars"":""0.5500"",""taker_side"":""no"",""ticker"":""KXETH15M-26APR280230-30"",""trade_id"":""a3bc0964-c6a9-6068-b8f4-04a997d30370"",""yes_price_dollars"":""0.4500""}"
KXETH15M-26APR280230-30,322525c2-fe1e-6a84-bea6-bbc0f751104d,1777356936,0.46,10.0,no,"{""count_fp"":""10.00"",""created_time"":""2026-04-28T06:15:36.909377Z"",""no_price_dollars"":""0.5400"",""taker_side"":""no"",""ticker"":""KXETH15M-26APR280230-30"",""trade_id"":""322525c2-fe1e-6a84-bea6-bbc0f751104d"",""yes_price_dollars"":""0.4600""}"
KXETH15M-26APR280230-30,9d8c2d27-3ae1-52ce-d69f-c445b04363aa,1777356936,0.47,1.0,no,"{""count_fp"":""1.00"",""created_time"":""2026-04-28T06:15:36.883419Z"",""no_price_dollars"":""0.5300"",""taker_side"":""no"",""ticker"":""KXETH15M-26APR280230-30"",""trade_id"":""9d8c2d27-3ae1-52ce-d69f-c445b04363aa"",""yes_price_dollars"":""0.4700""}"
KXETH15M-26APR280230-30,565b0103-5b8d-7e85-fd4f-818ac05e0933,1777356936,0.48,10.0,no,"{""count_fp"":""10.00"",""created_time"":""2026-04-28T06:15:36.838666Z"",""no_price_dollars"":""0.5200"",""taker_side"":""no"",""ticker"":""KXETH15M-26APR280230-30"",""trade_id"":""565b0103-5b8d-7e85-fd4f-818ac05e0933"",""yes_price_dollars"":""0.4800""}"
KXETH15M-26APR280230-30,b8327541-a8ab-5af5-769c-a831be66c142,1777356937,0.38,96.0,no,"{""count_fp"":""96.00"",""created_time"":""2026-04-28T06:15:37.094405Z"",""no_price_dollars"":""0.6200"",""taker_side"":""no"",""ticker"":""KXETH15M-26APR280230-30"",""trade_id"":""b8327541-a8ab-5af5-769c-a831be66c142"",""yes_price_dollars"":""0.3800""}"
KXETH15M-26APR280230-30,4a01bc82-442e-46fb-71e3-b463a4b787af,1777356937,0.4,100.0,no,"{""count_fp"":""100.00"",""created_time"":""2026-04-28T06:15:37.064239Z"",""no_price_dollars"":""0.6000"",""taker_side"":""no"",""ticker"":""KXETH15M-26APR280230-30"",""trade_id"":""4a01bc82-442e-46fb-71e3-b463a4b787af"",""yes_price_dollars"":""0.4000""}"
KXETH15M-26APR280230-30,693e8ad3-3ea8-5b92-f2e4-6ca1cb9d446e,1777356937,0.42,50.0,no,"{""count_fp"":""50.00"",""created_time"":""2026-04-28T06:15:37.017709Z"",""no_price_dollars"":""0.5800"",""taker_side"":""no"",""ticker"":""KXETH15M-26APR280230-30"",""trade_id"":""693e8ad3-3ea8-5b92-f2e4-6ca1cb9d446e"",""yes_price_dollars"":""0.4200""}"
KXETH15M-26APR280230-30,d8d54c08-a6cf-4fe1-8f36-621129c4fcae,1777356941,0.37,1.93,yes,"{""count_fp"":""1.93"",""created_time"":""2026-04-28T06:15:41.148389Z"",""no_price_dollars"":""0.6300"",""taker_side"":""yes"",""ticker"":""KXETH15M-26APR280230-30"",""trade_id"":""d8d54c08-a6cf-4fe1-8f36-621129c4fcae"",""yes_price_dollars"":""0.3700""}"
KXETH15M-26APR280230-30,727d504b-5d1b-63dd-8872-1d89939af102,1777356944,0.37,258.85,yes,"{""count_fp"":""258.85"",""created_time"":""2026-04-28T06:15:44.795312Z"",""no_price_dollars"":""0.6300"",""taker_side"":""yes"",""ticker"":""KXETH15M-26APR280230-30"",""trade_id"":""727d504b-5d1b-63dd-8872-1d89939af102"",""yes_price_dollars"":""0.3700""}"
KXETH15M-26APR280230-30,cf36cfe3-dc41-41de-7d3e-0bae2b628d48,1777356948,0.35,1.0,no,"{""count_fp"":""1.00"",""created_time"":""2026-04-28T06:15:48.034671Z"",""no_price_dollars"":""0.6500"",""taker_side"":""no"",""ticker"":""KXETH15M-26APR280230-30"",""trade_id"":""cf36cfe3-dc41-41de-7d3e-0bae2b628d48"",""yes_price_dollars"":""0.3500""}"
KXETH15M-26APR280230-30,70237b30-4427-466c-4c05-52d3e8da3668,1777356948,0.35,4.15,no,"{""count_fp"":""4.15"",""created_time"":""2026-04-28T06:15:48.034671Z"",""no_price_dollars"":""0.6500"",""taker_side"":""no"",""ticker"":""KXETH15M-26APR280230-30"",""trade_id"":""70237b30-4427-466c-4c05-52d3e8da3668"",""yes_price_dollars"":""0.3500""}"
KXETH15M-26APR280230-30,5f69d41d-aa33-4b9c-7103-dd983c5837e4,1777356948,0.36,10.0,no,"{""count_fp"":""10.00"",""created_time"":""2026-04-28T06:15:48.034671Z"",""no_price_dollars"":""0.6400"",""taker_side"":""no"",""ticker"":""KXETH15M-26APR280230-30"",""trade_id"":""5f69d41d-aa33-4b9c-7103-dd983c5837e4"",""yes_price_dollars"":""0.3600""}"
KXETH15M-26APR280230-30,71a471a1-3d7e-4cf9-306a-45c8cdaaab38,1777356954,0.39,10.0,no,"{""count_fp"":""10.00"",""created_time"":""2026-04-28T06:15:54.844066Z"",""no_price_dollars"":""0.6100"",""taker_side"":""no"",""ticker"":""KXETH15M-26APR280230-30"",""trade_id"":""71a471a1-3d7e-4cf9-306a-45c8cdaaab38"",""yes_price_dollars"":""0.3900""}"
KXETH15M-26APR280230-30,2e3ef8de-e38e-47a3-0f13-b6de90b8de8e,1777356954,0.39,4.47,no,"{""count_fp"":""4.47"",""created_time"":""2026-04-28T06:15:54.844066Z"",""no_price_dollars"":""0.6100"",""taker_side"":""no"",""ticker"":""KXETH15M-26APR280230-30"",""trade_id"":""2e3ef8de-e38e-47a3-0f13-b6de90b8de8e"",""yes_price_dollars"":""0.3900""}"
KXETH15M-26APR280230-30,2288c462-1a5a-4463-2236-4756b9499c46,1777356954,0.39,1.0,no,"{""count_fp"":""1.00"",""created_time"":""2026-04-28T06:15:54.844066Z"",""no_price_dollars"":""0.6100"",""taker_side"":""no"",""ticker"":""KXETH15M-26APR280230-30"",""trade_id"":""2288c462-1a5a-4463-2236-4756b9499c46"",""yes_price_dollars"":""0.3900""}"
KXETH15M-26APR280230-30,c8f56498-dc3e-757f-8cc6-abacf0e86b52,1777356963,0.39,0.99,yes,"{""count_fp"":""0.99"",""created_time"":""2026-04-28T06:16:03.734806Z"",""no_price_dollars"":""0.6100"",""taker_side"":""yes"",""ticker"":""KXETH15M-26APR280230-30"",""trade_id"":""c8f56498-dc3e-757f-8cc6-abacf0e86b52"",""yes_price_dollars"":""0.3900""}"
KXETH15M-26APR280230-30,a514c3a7-05b6-70a9-a3a8-b79ed5ce0d28,1777356963,0.38,10.0,yes,"{""count_fp"":""10.00"",""created_time"":""2026-04-28T06:16:03.734806Z"",""no_price_dollars"":""0.6200"",""taker_side"":""yes"",""ticker"":""KXETH15M-26APR280230-30"",""trade_id"":""a514c3a7-05b6-70a9-a3a8-b79ed5ce0d28"",""yes_price_dollars"":""0.3800""}"
KXETH15M-26APR280230-30,559ab3b0-b57d-75a6-815a-fe36c9be0406,1777356963,0.37,1.0,yes,"{""count_fp"":""1.00"",""created_time"":""2026-04-28T06:16:03.734806Z"",""no_price_dollars"":""0.6300"",""taker_side"":""yes"",""ticker"":""KXETH15M-26APR280230-30"",""trade_id"":""559ab3b0-b57d-75a6-815a-fe36c9be0406"",""yes_price_dollars"":""0.3700""}"
KXETH15M-26APR280230-30,1799e3d4-076c-784e-691b-875e2a80b77a,1777356964,0.35,1.0,no,"{""count_fp"":""1.00"",""created_time"":""2026-04-28T06:16:04.091268Z"",""no_price_dollars"":""0.6500"",""taker_side"":""no"",""ticker"":""KXETH15M-26APR280230-30"",""trade_id"":""1799e3d4-076c-784e-691b-875e2a80b77a"",""yes_price_dollars"":""0.3500""}"
KXETH15M-26APR280230-30,9f8549fe-2535-5a3e-05e0-4e6f470fb267,1777356969,0.4,9.0,yes,"{""count_fp"":""9.00"",""created_time"":""2026-04-28T06:16:09.081539Z"",""no_price_dollars"":""0.6000"",""taker_side"":""yes"",""ticker"":""KXETH15M-26APR280230-30"",""trade_id"":""9f8549fe-2535-5a3e-05e0-4e6f470fb267"",""yes_price_dollars"":""0.4000""}"
KXETH15M-26APR280230-30,3deecae0-65af-57ab-10cf-7f93c083d16f,1777356969,0.37,1.0,yes,"{""count_fp"":""1.00"",""created_time"":""2026-04-28T06:16:09.081539Z"",""no_price_dollars"":""0.6300"",""taker_side"":""yes"",""ticker"":""KXETH15M-26APR280230-30"",""trade_id"":""3deecae0-65af-57ab-10cf-7f93c083d16f"",""yes_price_dollars"":""0.3700""}"
KXETH15M-26APR280230-30,8ecc030c-254b-62f9-0509-0a2b1cfd8ef7,1777356970,0.37,4.49,no,"{""count_fp"":""4.49"",""created_time"":""2026-04-28T06:16:10.462112Z"",""no_price_dollars"":""0.6300"",""taker_side"":""no"",""ticker"":""KXETH15M-26APR280230-30"",""trade_id"":""8ecc030c-254b-62f9-0509-0a2b1cfd8ef7"",""yes_price_dollars"":""0.3700""}"
KXETH15M-26APR280230-30,e8393504-c224-657a-ba18-359c66a9050d,1777356975,0.4,2.0,yes,"{""count_fp"":""2.00"",""created_time"":""2026-04-28T06:16:15.526312Z"",""no_price_dollars"":""0.6000"",""taker_side"":""yes"",""ticker"":""KXETH15M-26APR280230-30"",""trade_id"":""e8393504-c224-657a-ba18-359c66a9050d"",""yes_price_dollars"":""0.4000""}"
KXETH15M-26APR280230-30,de726d6c-bba8-6c25-b196-87b04bff6b78,1777356975,0.42,2.0,yes,"{""count_fp"":""2.00"",""created_time"":""2026-04-28T06:16:15.526312Z"",""no_price_dollars"":""0.5800"",""taker_side"":""yes"",""ticker"":""KXETH15M-26APR280230-30"",""trade_id"":""de726d6c-bba8-6c25-b196-87b04bff6b78"",""yes_price_dollars"":""0.4200""}"
KXETH15M-26APR280230-30,7c64c473-0408-674b-a8af-8763ffa8aebc,1777356975,0.42,10.0,yes,"{""count_fp"":""10.00"",""created_time"":""2026-04-28T06:16:15.526312Z"",""no_price_dollars"":""0.5800"",""taker_side"":""yes"",""ticker"":""KXETH15M-26APR280230-30"",""trade_id"":""7c64c473-0408-674b-a8af-8763ffa8aebc"",""yes_price_dollars"":""0.4200""}"
KXETH15M-26APR280230-30,ef712ab0-cfcb-6030-c688-d48888e3da54,1777356976,0.43,30.0,no,"{""count_fp"":""30.00"",""created_time"":""2026-04-28T06:16:16.903712Z"",""no_price_dollars"":""0.5700"",""taker_side"":""no"",""ticker"":""KXETH15M-26APR280230-30"",""trade_id"":""ef712ab0-cfcb-6030-c688-d48888e3da54"",""yes_price_dollars"":""0.4300""}"
KXETH15M-26APR280230-30,a2c8e409-3c1f-6514-ffa7-c11ceaddeae1,1777356976,0.43,10.0,no,"{""count_fp"":""10.00"",""created_time"":""2026-04-28T06:16:16.903712Z"",""no_price_dollars"":""0.5700"",""taker_side"":""no"",""ticker"":""KXETH15M-26APR280230-30"",""trade_id"":""a2c8e409-3c1f-6514-ffa7-c11ceaddeae1"",""yes_price_dollars"":""0.4300""}"
KXETH15M-26APR280230-30,281ca5d1-b12e-602d-57d3-855061aca4c0,1777356976,0.46,1.0,yes,"{""count_fp"":""1.00"",""created_time"":""2026-04-28T06:16:16.431881Z"",""no_price_dollars"":""0.5400"",""taker_side"":""yes"",""ticker"":""KXETH15M-26APR280230-30"",""trade_id"":""281ca5d1-b12e-602d-57d3-855061aca4c0"",""yes_price_dollars"":""0.4600""}"
KXETH15M-26APR280230-30,749acb82-f0d9-51f2-6369-710cd1cf8913,1777356976,0.47,9.0,yes,"{""count_fp"":""9.00"",""created_time"":""2026-04-28T06:16:16.341263Z"",""no_price_dollars"":""0.5300"",""taker_side"":""yes"",""ticker"":""KXETH15M-26APR280230-30"",""trade_id"":""749acb82-f0d9-51f2-6369-710cd1cf8913"",""yes_price_dollars"":""0.4700""}"
KXETH15M-26APR280230-30,e574f1e3-5447-6750-874c-608d0290b350,1777356976,0.43,1.0,no,"{""count_fp"":""1.00"",""created_time"":""2026-04-28T06:16:16.288416Z"",""no_price_dollars"":""0.5700"",""taker_side"":""no"",""ticker"":""KXETH15M-26APR280230-30"",""trade_id"":""e574f1e3-5447-6750-874c-608d0290b350"",""yes_price_dollars"":""0.4300""}"
KXETH15M-26APR280230-30,56c269aa-af52-704b-a006-8646a3b5e665,1777356976,0.45,1.0,yes,"{""count_fp"":""1.00"",""created_time"":""2026-04-28T06:16:16.218878Z"",""no_price_dollars"":""0.5500"",""taker_side"":""yes"",""ticker"":""KXETH15M-26APR280230-30"",""trade_id"":""56c269aa-af52-704b-a006-8646a3b5e665"",""yes_price_dollars"":""0.4500""}"
KXETH15M-26APR280230-30,e02bb424-6a82-435d-dc31-d51a346af0ef,1777356976,0.43,50.0,yes,"{""count_fp"":""50.00"",""created_time"":""2026-04-28T06:16:16.084971Z"",""no_price_dollars"":""0.5700"",""taker_side"":""yes"",""ticker"":""KXETH15M-26APR280230-30"",""trade_id"":""e02bb424-6a82-435d-dc31-d51a346af0ef"",""yes_price_dollars"":""0.4300""}"
KXETH15M-26APR280230-30,c88d25d6-c7d8-6367-83c5-59a69e4b12bb,1777356977,0.43,10.69,no,"{""count_fp"":""10.69"",""created_time"":""2026-04-28T06:16:17.121842Z"",""no_price_dollars"":""0.5700"",""taker_side"":""no"",""ticker"":""KXETH15M-26APR280230-30"",""trade_id"":""c88d25d6-c7d8-6367-83c5-59a69e4b12bb"",""yes_price_dollars"":""0.4300""}"
KXETH15M-26APR280230-30,758b3e14-88fb-6d50-a555-c72fc2d0c4e0,1777356977,0.42,81.1,no,"{""count_fp"":""81.10"",""created_time"":""2026-04-28T06:16:17.121842Z"",""no_price_dollars"":""0.5800"",""taker_side"":""no"",""ticker"":""KXETH15M-26APR280230-30"",""trade_id"":""758b3e14-88fb-6d50-a555-c72fc2d0c4e0"",""yes_price_dollars"":""0.4200""}"
KXETH15M-26APR280230-30,0ded03d2-cf59-67b2-8283-bc3072f5fefa,1777356977,0.42,550.0,no,"{""count_fp"":""550.00"",""created_time"":""2026-04-28T06:16:17.121842Z"",""no_price_dollars"":""0.5800"",""taker_side"":""no"",""ticker"":""KXETH15M-26APR280230-30"",""trade_id"":""0ded03d2-cf59-67b2-8283-bc3072f5fefa"",""yes_price_dollars"":""0.4200""}"
KXETH15M-26APR280230-30,d297665b-8287-4f81-6405-fdb122e0a705,1777356980,0.42,3.29,no,"{""count_fp"":""3.29"",""created_time"":""2026-04-28T06:16:20.948819Z"",""no_price_dollars"":""0.5800"",""taker_side"":""no"",""ticker"":""KXETH15M-26APR280230-30"",""trade_id"":""d297665b-8287-4f81-6405-fdb122e0a705"",""yes_price_dollars"":""0.4200""}"
KXETH15M-26APR280230-30,2e9e6808-bd83-7edb-a976-065b58440a41,1777356980,0.42,9.28,no,"{""count_fp"":""9.28"",""created_time"":""2026-04-28T06:16:20.246995Z"",""no_price_dollars"":""0.5800"",""taker_side"":""no"",""ticker"":""KXETH15M-26APR280230-30"",""trade_id"":""2e9e6808-bd83-7edb-a976-065b58440a41"",""yes_price_dollars"":""0.4200""}"
KXETH15M-26APR280230-30,06d4705f-24f7-7491-ae0e-5de40841a481,1777356980,0.42,30.52,no,"{""count_fp"":""30.52"",""created_time"":""2026-04-28T06:16:20.246995Z"",""no_price_dollars"":""0.5800"",""taker_side"":""no"",""ticker"":""KXETH15M-26APR280230-30"",""trade_id"":""06d4705f-24f7-7491-ae0e-5de40841a481"",""yes_price_dollars"":""0.4200""}"
KXETH15M-26APR280230-30,557cd2c4-930a-613f-a9cf-8d1a65ac998b,1777356986,0.45,1.0,no,"{""count_fp"":""1.00"",""created_time"":""2026-04-28T06:16:26.649749Z"",""no_price_dollars"":""0.5500"",""taker_side"":""no"",""ticker"":""KXETH15M-26APR280230-30"",""trade_id"":""557cd2c4-930a-613f-a9cf-8d1a65ac998b"",""yes_price_dollars"":""0.4500""}"
KXETH15M-26APR280230-30,fc9f0f3a-d994-4b9a-3934-f6ee5699029e,1777356987,0.47,1.0,yes,"{""count_fp"":""1.00"",""created_time"":""2026-04-28T06:16:27.268732Z"",""no_price_dollars"":""0.5300"",""taker_side"":""yes"",""ticker"":""KXETH15M-26APR280230-30"",""trade_id"":""fc9f0f3a-d994-4b9a-3934-f6ee5699029e"",""yes_price_dollars"":""0.4700""}"
KXETH15M-26APR280230-30,27b53264-7431-64bd-e1ff-5b0c9a655914,1777356996,0.48,5.02,yes,"{""count_fp"":""5.02"",""created_time"":""2026-04-28T06:16:36.595711Z"",""no_price_dollars"":""0.5200"",""taker_side"":""yes"",""ticker"":""KXETH15M-26APR280230-30"",""trade_id"":""27b53264-7431-64bd-e1ff-5b0c9a655914"",""yes_price_dollars"":""0.4800""}"
KXETH15M-26APR280230-30,37a7bb26-f07a-7de0-68ff-d09b0ac7c052,1777356999,0.48,0.36,yes,"{""count_fp"":""0.36"",""created_time"":""2026-04-28T06:16:39.147229Z"",""no_price_dollars"":""0.5200"",""taker_side"":""yes"",""ticker"":""KXETH15M-26APR280230-30"",""trade_id"":""37a7bb26-f07a-7de0-68ff-d09b0ac7c052"",""yes_price_dollars"":""0.4800""}"
KXETH15M-26APR280230-30,698f9840-b725-4f15-0c0b-6a6907a80ed8,1777356999,0.48,28.98,yes,"{""count_fp"":""28.98"",""created_time"":""2026-04-28T06:16:39.140113Z"",""no_price_dollars"":""0.5200"",""taker_side"":""yes"",""ticker"":""KXETH15M-26APR280230-30"",""trade_id"":""698f9840-b725-4f15-0c0b-6a6907a80ed8"",""yes_price_dollars"":""0.4800""}"
KXETH15M-26APR280230-30,30c033ef-8602-44a4-3a19-4321ab235d9e,1777356999,0.48,10.02,yes,"{""count_fp"":""10.02"",""created_time"":""2026-04-28T06:16:39.140113Z"",""no_price_dollars"":""0.5200"",""taker_side"":""yes"",""ticker"":""KXETH15M-26APR280230-30"",""trade_id"":""30c033ef-8602-44a4-3a19-4321ab235d9e"",""yes_price_dollars"":""0.4800""}"
KXETH15M-26APR280230-30,a3436ea3-d054-5814-1550-aab0fbf7e442,1777357000,0.48,1.0,no,"{""count_fp"":""1.00"",""created_time"":""2026-04-28T06:16:40.000935Z"",""no_price_dollars"":""0.5200"",""taker_side"":""no"",""ticker"":""KXETH15M-26APR280230-30"",""trade_id"":""a3436ea3-d054-5814-1550-aab0fbf7e442"",""yes_price_dollars"":""0.4800""}"
KXETH15M-26APR280230-30,6107fe75-76af-5605-2432-10ff5bf707c9,1777357000,0.48,4.0,no,"{""count_fp"":""4.00"",""created_time"":""2026-04-28T06:16:40.000935Z"",""no_price_dollars"":""0.5200"",""taker_side"":""no"",""ticker"":""KXETH15M-26APR280230-30"",""trade_id"":""6107fe75-76af-5605-2432-10ff5bf707c9"",""yes_price_dollars"":""0.4800""}"
KXETH15M-26APR280230-30,fee653dd-751f-7a55-8118-ebef7bb7e4c3,1777357001,0.49,6.0,no,"{""count_fp"":""6.00"",""created_time"":""2026-04-28T06:16:41.706723Z"",""no_price_dollars"":""0.5100"",""taker_side"":""no"",""ticker"":""KXETH15M-26APR280230-30"",""trade_id"":""fee653dd-751f-7a55-8118-ebef7bb7e4c3"",""yes_price_dollars"":""0.4900""}"
KXETH15M-26APR280230-30,b15db3f6-bb66-4f15-1975-9bd27d462e3f,1777357003,0.5,1.73,yes,"{""count_fp"":""1.73"",""created_time"":""2026-04-28T06:16:43.618236Z"",""no_price_dollars"":""0.5000"",""taker_side"":""yes"",""ticker"":""KXETH15M-26APR280230-30"",""trade_id"":""b15db3f6-bb66-4f15-1975-9bd27d462e3f"",""yes_price_dollars"":""0.5000""}"
KXETH15M-26APR280230-30,fc0582ae-9d10-62fc-c357-c79354ae9cc0,1777357007,0.52,2.33,yes,"{""count_fp"":""2.33"",""created_time"":""2026-04-28T06:16:47.690733Z"",""no_price_dollars"":""0.4800"",""taker_side"":""yes"",""ticker"":""KXETH15M-26APR280230-30"",""trade_id"":""fc0582ae-9d10-62fc-c357-c79354ae9cc0"",""yes_price_dollars"":""0.5200""}"
KXETH15M-26APR280230-30,e20c7699-0be1-6a3a-ce83-a0429f0387bb,1777357007,0.5,2.0,yes,"{""count_fp"":""2.00"",""created_time"":""2026-04-28T06:16:47.690733Z"",""no_price_dollars"":""0.5000"",""taker_side"":""yes"",""ticker"":""KXETH15M-26APR280230-30"",""trade_id"":""e20c7699-0be1-6a3a-ce83-a0429f0387bb"",""yes_price_dollars"":""0.5000""}"
KXETH15M-26APR280230-30,cee7b795-3459-6371-e52a-5e9db8ed3eb0,1777357007,0.5,5.0,yes,"{""count_fp"":""5.00"",""created_time"":""2026-04-28T06:16:47.690733Z"",""no_price_dollars"":""0.5000"",""taker_side"":""yes"",""ticker"":""KXETH15M-26APR280230-30"",""trade_id"":""cee7b795-3459-6371-e52a-5e9db8ed3eb0"",""yes_price_dollars"":""0.5000""}"
KXETH15M-26APR280230-30,a2fc6c18-0abe-6dbd-f0c0-a6b94bbfa21f,1777357007,0.5,1.27,yes,"{""count_fp"":""1.27"",""created_time"":""2026-04-28T06:16:47.690733Z"",""no_price_dollars"":""0.5000"",""taker_side"":""yes"",""ticker"":""KXETH15M-26APR280230-30"",""trade_id"":""a2fc6c18-0abe-6dbd-f0c0-a6b94bbfa21f"",""yes_price_dollars"":""0.5000""}"
KXETH15M-26APR280230-30,448a95bf-8915-6849-c433-d0c5a258e4d4,1777357007,0.5,2.0,yes,"{""count_fp"":""2.00"",""created_time"":""2026-04-28T06:16:47.690733Z"",""no_price_dollars"":""0.5000"",""taker_side"":""yes"",""ticker"":""KXETH15M-26APR280230-30"",""trade_id"":""448a95bf-8915-6849-c433-d0c5a258e4d4"",""yes_price_dollars"":""0.5000""}"
KXETH15M-26APR280230-30,3999f859-7baf-6482-f7d3-3b6941cdfaef,1777357007,0.5,25.0,yes,"{""count_fp"":""25.00"",""created_time"":""2026-04-28T06:16:47.690733Z"",""no_price_dollars"":""0.5000"",""taker_side"":""yes"",""ticker"":""KXETH15M-26APR280230-30"",""trade_id"":""3999f859-7baf-6482-f7d3-3b6941cdfaef"",""yes_price_dollars"":""0.5000""}"
KXETH15M-26APR280230-30,1d48443e-d0cc-674c-dd08-49ff83b8a5f8,1777357007,0.5,1.0,yes,"{""count_fp"":""1.00"",""created_time"":""2026-04-28T06:16:47.690733Z"",""no_price_dollars"":""0.5000"",""taker_side"":""yes"",""ticker"":""KXETH15M-26APR280230-30"",""trade_id"":""1d48443e-d0cc-674c-dd08-49ff83b8a5f8"",""yes_price_dollars"":""0.5000""}"
KXETH15M-26APR280230-30,86e021da-7161-51f6-23dc-e112f415beb1,1777357007,0.49,1.0,no,"{""count_fp"":""1.00"",""created_time"":""2026-04-28T06:16:47.492769Z"",""no_price_dollars"":""0.5100"",""taker_side"":""no"",""ticker"":""KXETH15M-26APR280230-30"",""trade_id"":""86e021da-7161-51f6-23dc-e112f415beb1"",""yes_price_dollars"":""0.4900""}"
KXETH15M-26APR280230-30,31c82c01-3ad3-5da0-3d52-853a5ec04d72,1777357007,0.48,10.0,no,"{""count_fp"":""10.00"",""created_time"":""2026-04-28T06:16:47.492769Z"",""no_price_dollars"":""0.5200"",""taker_side"":""no"",""ticker"":""KXETH15M-26APR280230-30"",""trade_id"":""31c82c01-3ad3-5da0-3d52-853a5ec04d72"",""yes_price_dollars"":""0.4800""}"
KXETH15M-26APR280230-30,0ffc8c12-2b19-510a-3951-8b8a91ba268f,1777357007,0.49,10.2,no,"{""count_fp"":""10.20"",""created_time"":""2026-04-28T06:16:47.492769Z"",""no_price_dollars"":""0.5100"",""taker_side"":""no"",""ticker"":""KXETH15M-26APR280230-30"",""trade_id"":""0ffc8c12-2b19-510a-3951-8b8a91ba268f"",""yes_price_dollars"":""0.4900""}"
KXETH15M-26APR280230-30,05e79552-8cb7-5831-0311-3fd5d4a98fb5,1777357007,0.48,54.8,no,"{""count_fp"":""54.80"",""created_time"":""2026-04-28T06:16:47.492769Z"",""no_price_dollars"":""0.5200"",""taker_side"":""no"",""ticker"":""KXETH15M-26APR280230-30"",""trade_id"":""05e79552-8cb7-5831-0311-3fd5d4a98fb5"",""yes_price_dollars"":""0.4800""}"
KXETH15M-26APR280230-30,c11a4c2a-3a7f-70a9-fa12-5912453c885c,1777357021,0.56,89.48,yes,"{""count_fp"":""89.48"",""created_time"":""2026-04-28T06:17:01.713227Z"",""no_price_dollars"":""0.4400"",""taker_side"":""yes"",""ticker"":""KXETH15M-26APR280230-30"",""trade_id"":""c11a4c2a-3a7f-70a9-fa12-5912453c885c"",""yes_price_dollars"":""0.5600""}"
KXETH15M-26APR280230-30,a1f774b8-cbac-75ef-d27b-7904f5c0aefe,1777357021,0.54,1.0,yes,"{""count_fp"":""1.00"",""created_time"":""2026-04-28T06:17:01.713227Z"",""no_price_dollars"":""0.4600"",""taker_side"":""yes"",""ticker"":""KXETH15M-26APR280230-30"",""trade_id"":""a1f774b8-cbac-75ef-d27b-7904f5c0aefe"",""yes_price_dollars"":""0.5400""}"
KXETH15M-26APR280230-30,91dc1edb-f203-7616-e051-a62ee325f364,1777357021,0.56,60.0,yes,"{""count_fp"":""60.00"",""created_time"":""2026-04-28T06:17:01.713227Z"",""no_price_dollars"":""0.4400"",""taker_side"":""yes"",""ticker"":""KXETH15M-26APR280230-30"",""trade_id"":""91dc1edb-f203-7616-e051-a62ee325f364"",""yes_price_dollars"":""0.5600""}"
KXETH15M-26APR280230-30,309dc1c8-a6c4-7621-f2c0-55c4fc154809,1777357021,0.55,10.0,yes,"{""count_fp"":""10.00"",""created_time"":""2026-04-28T06:17:01.713227Z"",""no_price_dollars"":""0.4500"",""taker_side"":""yes"",""ticker"":""KXETH15M-26APR280230-30"",""trade_id"":""309dc1c8-a6c4-7621-f2c0-55c4fc154809"",""yes_price_dollars"":""0.5500""}"
KXETH15M-26APR280230-30,0a9701ce-e045-7312-fde5-20e16feaca33,1777357021,0.55,10.0,yes,"{""count_fp"":""10.00"",""created_time"":""2026-04-28T06:17:01.713227Z"",""no_price_dollars"":""0.4500"",""taker_side"":""yes"",""ticker"":""KXETH15M-26APR280230-30"",""trade_id"":""0a9701ce-e045-7312-fde5-20e16feaca33"",""yes_price_dollars"":""0.5500""}"
KXETH15M-26APR280230-30,3eda438b-b3ab-67f1-04e4-539619a241c7,1777357022,0.51,1.0,no,"{""count_fp"":""1.00"",""created_time"":""2026-04-28T06:17:02.049643Z"",""no_price_dollars"":""0.4900"",""taker_side"":""no"",""ticker"":""KXETH15M-26APR280230-30"",""trade_id"":""3eda438b-b3ab-67f1-04e4-539619a241c7"",""yes_price_dollars"":""0.5100""}"
KXETH15M-26APR280230-30,51485180-5939-7a02-198b-7faebb44fc11,1777357025,0.54,1.0,yes,"{""count_fp"":""1.00"",""created_time"":""2026-04-28T06:17:05.225428Z"",""no_price_dollars"":""0.4600"",""taker_side"":""yes"",""ticker"":""KXETH15M-26APR280230-30"",""trade_id"":""51485180-5939-7a02-198b-7faebb44fc11"",""yes_price_dollars"":""0.5400""}"
KXETH15M-26APR280230-30,75a12028-6029-5636-9203-a87589165194,1777357026,0.56,1.0,yes,"{""count_fp"":""1.00"",""created_time"":""2026-04-28T06:17:06.263946Z"",""no_price_dollars"":""0.4400"",""taker_side"":""yes"",""ticker"":""KXETH15M-26APR280230-30"",""trade_id"":""75a12028-6029-5636-9203-a87589165194"",""yes_price_dollars"":""0.5600""}"
KXETH15M-26APR280230-30,6ceddfa9-55c6-58ce-abec-7e01396f335c,1777357026,0.56,10.0,yes,"{""count_fp"":""10.00"",""created_time"":""2026-04-28T06:17:06.263946Z"",""no_price_dollars"":""0.4400"",""taker_side"":""yes"",""ticker"":""KXETH15M-26APR280230-30"",""trade_id"":""6ceddfa9-55c6-58ce-abec-7e01396f335c"",""yes_price_dollars"":""0.5600""}"
KXETH15M-26APR280230-30,4e96599a-0493-5c25-860e-18f8f1dbcbee,1777357026,0.57,13.66,yes,"{""count_fp"":""13.66"",""created_time"":""2026-04-28T06:17:06.263946Z"",""no_price_dollars"":""0.4300"",""taker_side"":""yes"",""ticker"":""KXETH15M-26APR280230-30"",""trade_id"":""4e96599a-0493-5c25-860e-18f8f1dbcbee"",""yes_price_dollars"":""0.5700""}"
KXETH15M-26APR280230-30,2bacd898-dd63-5517-b676-9b7d3f6c3088,1777357026,0.56,9.31,yes,"{""count_fp"":""9.31"",""created_time"":""2026-04-28T06:17:06.263946Z"",""no_price_dollars"":""0.4400"",""taker_side"":""yes"",""ticker"":""KXETH15M-26APR280230-30"",""trade_id"":""2bacd898-dd63-5517-b676-9b7d3f6c3088"",""yes_price_dollars"":""0.5600""}"
KXETH15M-26APR280230-30,ceaa263e-3e2f-5c0d-8556-3f3b3e36f143,1777357027,0.55,2.0,no,"{""count_fp"":""2.00"",""created_time"":""2026-04-28T06:17:07.221654Z"",""no_price_dollars"":""0.4500"",""taker_side"":""no"",""ticker"":""KXETH15M-26APR280230-30"",""trade_id"":""ceaa263e-3e2f-5c0d-8556-3f3b3e36f143"",""yes_price_dollars"":""0.5500""}"
KXETH15M-26APR280230-30,d67f23be-e12f-5b3d-9d4b-4d5c685b647f,1777357028,0.51,4.89,no,"{""count_fp"":""4.89"",""created_time"":""2026-04-28T06:17:08.849365Z"",""no_price_dollars"":""0.4900"",""taker_side"":""no"",""ticker"":""KXETH15M-26APR280230-30"",""trade_id"":""d67f23be-e12f-5b3d-9d4b-4d5c685b647f"",""yes_price_dollars"":""0.5100""}"
KXETH15M-26APR280230-30,96d8b02a-5c2e-5f9e-b2fb-3260ab90d57f,1777357028,0.52,1.0,no,"{""count_fp"":""1.00"",""created_time"":""2026-04-28T06:17:08.849365Z"",""no_price_dollars"":""0.4800"",""taker_side"":""no"",""ticker"":""KXETH15M-26APR280230-30"",""trade_id"":""96d8b02a-5c2e-5f9e-b2fb-3260ab90d57f"",""yes_price_dollars"":""0.5200""}"
KXETH15M-26APR280230-30,fc26d900-af4b-7979-ba09-39164fceff5f,1777357033,0.51,10.0,no,"{""count_fp"":""10.00"",""created_time"":""2026-04-28T06:17:13.165909Z"",""no_price_dollars"":""0.4900"",""taker_side"":""no"",""ticker"":""KXETH15M-26APR280230-30"",""trade_id"":""fc26d900-af4b-7979-ba09-39164fceff5f"",""yes_price_dollars"":""0.5100""}"
KXETH15M-26APR280230-30,ecdf5c51-37e9-72f5-84be-e3f98da93f79,1777357033,0.52,1.0,no,"{""count_fp"":""1.00"",""created_time"":""2026-04-28T06:17:13.165909Z"",""no_price_dollars"":""0.4800"",""taker_side"":""no"",""ticker"":""KXETH15M-26APR280230-30"",""trade_id"":""ecdf5c51-37e9-72f5-84be-e3f98da93f79"",""yes_price_dollars"":""0.5200""}"
KXETH15M-26APR280230-30,d0ea7108-9e2b-738d-a4fb-c7e5e275c71d,1777357033,0.51,40.0,no,"{""count_fp"":""40.00"",""created_time"":""2026-04-28T06:17:13.165909Z"",""no_price_dollars"":""0.4900"",""taker_side"":""no"",""ticker"":""KXETH15M-26APR280230-30"",""trade_id"":""d0ea7108-9e2b-738d-a4fb-c7e5e275c71d"",""yes_price_dollars"":""0.5100""}"
KXETH15M-26APR280230-30,4ff32649-e221-659d-402f-060a05334275,1777357038,0.52,5.78,no,"{""count_fp"":""5.78"",""created_time"":""2026-04-28T06:17:18.412082Z"",""no_price_dollars"":""0.4800"",""taker_side"":""no"",""ticker"":""KXETH15M-26APR280230-30"",""trade_id"":""4ff32649-e221-659d-402f-060a05334275"",""yes_price_dollars"":""0.5200""}"
KXETH15M-26APR280230-30,2bd9f9eb-cdb7-464c-6c0b-aefbd4204d62,1777357041,0.53,5.0,yes,"{""count_fp"":""5.00"",""created_time"":""2026-04-28T06:17:21.627303Z"",""no_price_dollars"":""0.4700"",""taker_side"":""yes"",""ticker"":""KXETH15M-26APR280230-30"",""trade_id"":""2bd9f9eb-cdb7-464c-6c0b-aefbd4204d62"",""yes_price_dollars"":""0.5300""}"
KXETH15M-26APR280230-30,210a38be-3e87-5c80-e346-0f0331e4f05e,1777357044,0.53,33.0,yes,"{""count_fp"":""33.00"",""created_time"":""2026-04-28T06:17:24.758183Z"",""no_price_dollars"":""0.4700"",""taker_side"":""yes"",""ticker"":""KXETH15M-26APR280230-30"",""trade_id"":""210a38be-3e87-5c80-e346-0f0331e4f05e"",""yes_price_dollars"":""0.5300""}"
KXETH15M-26APR280230-30,25d93ef0-3a97-7ada-3852-3d4e7507c039,1777357045,0.56,1.0,no,"{""count_fp"":""1.00"",""created_time"":""2026-04-28T06:17:25.161373Z"",""no_price_dollars"":""0.4400"",""taker_side"":""no"",""ticker"":""KXETH15M-26APR280230-30"",""trade_id"":""25d93ef0-3a97-7ada-3852-3d4e7507c039"",""yes_price_dollars"":""0.5600""}"
KXETH15M-26APR280230-30,c22a98a8-67a0-54c7-8479-44892bb900cb,1777357046,0.58,9.76,yes,"{""count_fp"":""9.76"",""created_time"":""2026-04-28T06:17:26.857565Z"",""no_price_dollars"":""0.4200"",""taker_side"":""yes"",""ticker"":""KXETH15M-26APR280230-30"",""trade_id"":""c22a98a8-67a0-54c7-8479-44892bb900cb"",""yes_price_dollars"":""0.5800""}"
KXETH15M-26APR280230-30,bb68f756-24b4-521e-bed8-e2a06be14e84,1777357046,0.58,1.0,yes,"{""count_fp"":""1.00"",""created_time"":""2026-04-28T06:17:26.857565Z"",""no_price_dollars"":""0.4200"",""taker_side"":""yes"",""ticker"":""KXETH15M-26APR280230-30"",""trade_id"":""bb68f756-24b4-521e-bed8-e2a06be14e84"",""yes_price_dollars"":""0.5800""}"
KXETH15M-26APR280230-30,8c73cf15-347d-5d20-83b5-09764e6ffe8b,1777357046,0.59,10.0,yes,"{""count_fp"":""10.00"",""created_time"":""2026-04-28T06:17:26.857565Z"",""no_price_dollars"":""0.4100"",""taker_side"":""yes"",""ticker"":""KXETH15M-26APR280230-30"",""trade_id"":""8c73cf15-347d-5d20-83b5-09764e6ffe8b"",""yes_price_dollars"":""0.5900""}"
KXETH15M-26APR280230-30,836adf71-8b05-5209-b93c-128cbe53e078,1777357046,0.6,9.04,yes,"{""count_fp"":""9.04"",""created_time"":""2026-04-28T06:17:26.857565Z"",""no_price_dollars"":""0.4000"",""taker_side"":""yes"",""ticker"":""KXETH15M-26APR280230-30"",""trade_id"":""836adf71-8b05-5209-b93c-128cbe53e078"",""yes_price_dollars"":""0.6000""}"
KXETH15M-26APR280230-30,3dc2b213-c393-58b4-9350-3a5253a2c3ad,1777357046,0.59,10.0,yes,"{""count_fp"":""10.00"",""created_time"":""2026-04-28T06:17:26.857565Z"",""no_price_dollars"":""0.4100"",""taker_side"":""yes"",""ticker"":""KXETH15M-26APR280230-30"",""trade_id"":""3dc2b213-c393-58b4-9350-3a5253a2c3ad"",""yes_price_dollars"":""0.5900""}"
KXETH15M-26APR280230-30,fe92b129-77e6-5b83-5092-2226c81e9701,1777357053,0.55,10.0,no,"{""count_fp"":""10.00"",""created_time"":""2026-04-28T06:17:33.742764Z"",""no_price_dollars"":""0.4500"",""taker_side"":""no"",""ticker"":""KXETH15M-26APR280230-30"",""trade_id"":""fe92b129-77e6-5b83-5092-2226c81e9701"",""yes_price_dollars"":""0.5500""}"
KXETH15M-26APR280230-30,5645f6f2-08dd-5718-5a1e-56d7e79decf0,1777357053,0.55,100.0,no,"{""count_fp"":""100.00"",""created_time"":""2026-04-28T06:17:33.742764Z"",""no_price_dollars"":""0.4500"",""taker_side"":""no"",""ticker"":""KXETH15M-26APR280230-30"",""trade_id"":""5645f6f2-08dd-5718-5a1e-56d7e79decf0"",""yes_price_dollars"":""0.5500""}"
KXETH15M-26APR280230-30,9e4baa7b-a39c-4d95-7511-73f0d50a47d9,1777357053,0.56,10.0,no,"{""count_fp"":""10.00"",""created_time"":""2026-04-28T06:17:33.731564Z"",""no_price_dollars"":""0.4400"",""taker_side"":""no"",""ticker"":""KXETH15M-26APR280230-30"",""trade_id"":""9e4baa7b-a39c-4d95-7511-73f0d50a47d9"",""yes_price_dollars"":""0.5600""}"
KXETH15M-26APR280230-30,f1148a1c-9724-65c0-d9ff-5feb232b1ffd,1777357054,0.55,1.0,yes,"{""count_fp"":""1.00"",""created_time"":""2026-04-28T06:17:34.043633Z"",""no_price_dollars"":""0.4500"",""taker_side"":""yes"",""ticker"":""KXETH15M-26APR280230-30"",""trade_id"":""f1148a1c-9724-65c0-d9ff-5feb232b1ffd"",""yes_price_dollars"":""0.5500""}"
KXETH15M-26APR280230-30,d6747e41-ec19-6df9-ddb3-14a3de22d44d,1777357054,0.56,31.19,yes,"{""count_fp"":""31.19"",""created_time"":""2026-04-28T06:17:34.043633Z"",""no_price_dollars"":""0.4400"",""taker_side"":""yes"",""ticker"":""KXETH15M-26APR280230-30"",""trade_id"":""d6747e41-ec19-6df9-ddb3-14a3de22d44d"",""yes_price_dollars"":""0.5600""}"
KXETH15M-26APR280230-30,b0888e5c-21d3-6f8e-e921-02d7b1e53129,1777357057,0.52,4.02,no,"{""count_fp"":""4.02"",""created_time"":""2026-04-28T06:17:37.918453Z"",""no_price_dollars"":""0.4800"",""taker_side"":""no"",""ticker"":""KXETH15M-26APR280230-30"",""trade_id"":""b0888e5c-21d3-6f8e-e921-02d7b1e53129"",""yes_price_dollars"":""0.5200""}"
KXETH15M-26APR280230-30,f58eac0c-16c3-5882-270d-6f31154b8b35,1777357060,0.52,0.98,no,"{""count_fp"":""0.98"",""created_time"":""2026-04-28T06:17:40.868913Z"",""no_price_dollars"":""0.4800"",""taker_side"":""no"",""ticker"":""KXETH15M-26APR280230-30"",""trade_id"":""f58eac0c-16c3-5882-270d-6f31154b8b35"",""yes_price_dollars"":""0.5200""}"
KXETH15M-26APR280230-30,d8ded93d-ec5e-568e-2385-209a1f4b0c77,1777357060,0.49,73.64,no,"{""count_fp"":""73.64"",""created_time"":""2026-04-28T06:17:40.868913Z"",""no_price_dollars"":""0.5100"",""taker_side"":""no"",""ticker"":""KXETH15M-26APR280230-30"",""trade_id"":""d8ded93d-ec5e-568e-2385-209a1f4b0c77"",""yes_price_dollars"":""0.4900""}"
KXETH15M-26APR280230-30,d536f105-85d7-541c-2387-de8c35ca03a4,1777357060,0.52,1.0,no,"{""count_fp"":""1.00"",""created_time"":""2026-04-28T06:17:40.868913Z"",""no_price_dollars"":""0.4800"",""taker_side"":""no"",""ticker"":""KXETH15M-26APR280230-30"",""trade_id"":""d536f105-85d7-541c-2387-de8c35ca03a4"",""yes_price_dollars"":""0.5200""}"
KXETH15M-26APR280230-30,a9fb217f-121f-560a-3946-293058e20aa1,1777357060,0.5,10.0,no,"{""count_fp"":""10.00"",""created_time"":""2026-04-28T06:17:40.868913Z"",""no_price_dollars"":""0.5000"",""taker_side"":""no"",""ticker"":""KXETH15M-26APR280230-30"",""trade_id"":""a9fb217f-121f-560a-3946-293058e20aa1"",""yes_price_dollars"":""0.5000""}"
KXETH15M-26APR280230-30,8f5321ef-ed3b-563f-2096-eda31db258dd,1777357060,0.52,6.0,no,"{""count_fp"":""6.00"",""created_time"":""2026-04-28T06:17:40.868913Z"",""no_price_dollars"":""0.4800"",""taker_side"":""no"",""ticker"":""KXETH15M-26APR280230-30"",""trade_id"":""8f5321ef-ed3b-563f-2096-eda31db258dd"",""yes_price_dollars"":""0.5200""}"
KXETH15M-26APR280230-30,491c5a8a-a1f4-62f2-7b22-329ebfdb5e61,1777357067,0.46,3.66,no,"{""count_fp"":""3.66"",""created_time"":""2026-04-28T06:17:47.459068Z"",""no_price_dollars"":""0.5400"",""taker_side"":""no"",""ticker"":""KXETH15M-26APR280230-30"",""trade_id"":""491c5a8a-a1f4-62f2-7b22-329ebfdb5e61"",""yes_price_dollars"":""0.4600""}"
KXETH15M-26APR280230-30,e857c937-4067-5c09-0eed-73ef0a1fd612,1777357076,0.49,374.11,yes,"{""count_fp"":""374.11"",""created_time"":""2026-04-28T06:17:56.680084Z"",""no_price_dollars"":""0.5100"",""taker_side"":""yes"",""ticker"":""KXETH15M-26APR280230-30"",""trade_id"":""e857c937-4067-5c09-0eed-73ef0a1fd612"",""yes_price_dollars"":""0.4900""}"
KXETH15M-26APR280230-30,a2edc01e-1922-58c0-338d-25b2b3f1e049,1777357076,0.48,10.0,yes,"{""count_fp"":""10.00"",""created_time"":""2026-04-28T06:17:56.680084Z"",""no_price_dollars"":""0.5200"",""taker_side"":""yes"",""ticker"":""KXETH15M-26APR280230-30"",""trade_id"":""a2edc01e-1922-58c0-338d-25b2b3f1e049"",""yes_price_dollars"":""0.4800""}"
KXETH15M-26APR280230-30,04260af9-5218-5b6f-19c9-3e67a4a8a6ce,1777357076,0.48,10.38,yes,"{""count_fp"":""10.38"",""created_time"":""2026-04-28T06:17:56.680084Z"",""no_price_dollars"":""0.5200"",""taker_side"":""yes"",""ticker"":""KXETH15M-26APR280230-30"",""trade_id"":""04260af9-5218-5b6f-19c9-3e67a4a8a6ce"",""yes_price_dollars"":""0.4800""}"
KXETH15M-26APR280230-30,7f8cd244-bf42-6e2f-4b58-313959875418,1777357083,0.47,1.81,yes,"{""count_fp"":""1.81"",""created_time"":""2026-04-28T06:18:03.809551Z"",""no_price_dollars"":""0.5300"",""taker_side"":""yes"",""ticker"":""KXETH15M-26APR280230-30"",""trade_id"":""7f8cd244-bf42-6e2f-4b58-313959875418"",""yes_price_dollars"":""0.4700""}"
KXETH15M-26APR280230-30,75071ffb-b07f-62f6-568d-c24c7e99e770,1777357083,0.47,1.0,yes,"{""count_fp"":""1.00"",""created_time"":""2026-04-28T06:18:03.809551Z"",""no_price_dollars"":""0.5300"",""taker_side"":""yes"",""ticker"":""KXETH15M-26APR280230-30"",""trade_id"":""75071ffb-b07f-62f6-568d-c24c7e99e770"",""yes_price_dollars"":""0.4700""}"
KXETH15M-26APR280230-30,bb74ffd6-f9d8-4d99-906f-5cb8e1d24195,1777357092,0.42,0.97,no,"{""count_fp"":""0.97"",""created_time"":""2026-04-28T06:18:12.171542Z"",""no_price_dollars"":""0.5800"",""taker_side"":""no"",""ticker"":""KXETH15M-26APR280230-30"",""trade_id"":""bb74ffd6-f9d8-4d99-906f-5cb8e1d24195"",""yes_price_dollars"":""0.4200""}"
KXETH15M-26APR280230-30,f3c87c8f-2bc4-6822-add6-2addd1e8be01,1777357092,0.43,10.0,no,"{""count_fp"":""10.00"",""created_time"":""2026-04-28T06:18:12.012786Z"",""no_price_dollars"":""0.5700"",""taker_side"":""no"",""ticker"":""KXETH15M-26APR280230-30"",""trade_id"":""f3c87c8f-2bc4-6822-add6-2addd1e8be01"",""yes_price_dollars"":""0.4300""}"
KXETH15M-26APR280230-30,b26cfa12-82d6-679e-a573-f808698b997f,1777357092,0.41,5.28,no,"{""count_fp"":""5.28"",""created_time"":""2026-04-28T06:18:12.012786Z"",""no_price_dollars"":""0.5900"",""taker_side"":""no"",""ticker"":""KXETH15M-26APR280230-30"",""trade_id"":""b26cfa12-82d6-679e-a573-f808698b997f"",""yes_price_dollars"":""0.4100""}"
KXETH15M-26APR280230-30,07e4ff57-f1ed-662f-ac2e-825cf3a6440f,1777357092,0.43,1.0,no,"{""count_fp"":""1.00"",""created_time"":""2026-04-28T06:18:12.012786Z"",""no_price_dollars"":""0.5700"",""taker_side"":""no"",""ticker"":""KXETH15M-26APR280230-30"",""trade_id"":""07e4ff57-f1ed-662f-ac2e-825cf3a6440f"",""yes_price_dollars"":""0.4300""}"
KXETH15M-26APR280230-30,f552bb1b-dfda-47a0-34e0-f7af68172455,1777357093,0.53,10.0,yes,"{""count_fp"":""10.00"",""created_time"":""2026-04-28T06:18:13.857194Z"",""no_price_dollars"":""0.4700"",""taker_side"":""yes"",""ticker"":""KXETH15M-26APR280230-30"",""trade_id"":""f552bb1b-dfda-47a0-34e0-f7af68172455"",""yes_price_dollars"":""0.5300""}"
KXETH15M-26APR280230-30,e4a18bd1-cc13-4695-356b-2c3d243fc931,1777357093,0.48,10.0,yes,"{""count_fp"":""10.00"",""created_time"":""2026-04-28T06:18:13.857194Z"",""no_price_dollars"":""0.5200"",""taker_side"":""yes"",""ticker"":""KXETH15M-26APR280230-30"",""trade_id"":""e4a18bd1-cc13-4695-356b-2c3d243fc931"",""yes_price_dollars"":""0.4800""}"
KXETH15M-26APR280230-30,dfc8a773-587f-4ec1-0353-dcdff08fea2e,1777357093,0.49,550.43,yes,"{""count_fp"":""550.43"",""created_time"":""2026-04-28T06:18:13.857194Z"",""no_price_dollars"":""0.5100"",""taker_side"":""yes"",""ticker"":""KXETH15M-26APR280230-30"",""trade_id"":""dfc8a773-587f-4ec1-0353-dcdff08fea2e"",""yes_price_dollars"":""0.4900""}"
KXETH15M-26APR280230-30,c245f37a-bfe9-45d3-11a4-41e1c7cf2ed4,1777357093,0.46,33.0,yes,"{""count_fp"":""33.00"",""created_time"":""2026-04-28T06:18:13.857194Z"",""no_price_dollars"":""0.5400"",""taker_side"":""yes"",""ticker"":""KXETH15M-26APR280230-30"",""trade_id"":""c245f37a-bfe9-45d3-11a4-41e1c7cf2ed4"",""yes_price_dollars"":""0.4600""}"
KXETH15M-26APR280230-30,b6861871-119b-4b4d-04a8-e0364897999f,1777357093,0.47,10.0,yes,"{""count_fp"":""10.00"",""created_time"":""2026-04-28T06:18:13.857194Z"",""no_price_dollars"":""0.5300"",""taker_side"":""yes"",""ticker"":""KXETH15M-26APR280230-30"",""trade_id"":""b6861871-119b-4b4d-04a8-e0364897999f"",""yes_price_dollars"":""0.4700""}"
KXETH15M-26APR280230-30,b598b3f1-c696-4288-3b1d-34eb7012f2fe,1777357093,0.46,10.0,yes,"{""count_fp"":""10.00"",""created_time"":""2026-04-28T06:18:13.857194Z"",""no_price_dollars"":""0.5400"",""taker_side"":""yes"",""ticker"":""KXETH15M-26APR280230-30"",""trade_id"":""b598b3f1-c696-4288-3b1d-34eb7012f2fe"",""yes_price_dollars"":""0.4600""}"
KXETH15M-26APR280230-30,9565143d-7ef1-4506-1a31-7660cbffe93f,1777357093,0.49,1.0,yes,"{""count_fp"":""1.00"",""created_time"":""2026-04-28T06:18:13.857194Z"",""no_price_dollars"":""0.5100"",""taker_side"":""yes"",""ticker"":""KXETH15M-26APR280230-30"",""trade_id"":""9565143d-7ef1-4506-1a31-7660cbffe93f"",""yes_price_dollars"":""0.4900""}"
KXETH15M-26APR280230-30,52b2da5c-8822-48d9-11a8-36229b487555,1777357093,0.53,180.71,yes,"{""count_fp"":""180.71"",""created_time"":""2026-04-28T06:18:13.857194Z"",""no_price_dollars"":""0.4700"",""taker_side"":""yes"",""ticker"":""KXETH15M-26APR280230-30"",""trade_id"":""52b2da5c-8822-48d9-11a8-36229b487555"",""yes_price_dollars"":""0.5300""}"
KXETH15M-26APR280230-30,46ee6a55-2c6d-437d-0d58-7b1247da196c,1777357093,0.49,50.96,yes,"{""count_fp"":""50.96"",""created_time"":""2026-04-28T06:18:13.857194Z"",""no_price_dollars"":""0.5100"",""taker_side"":""yes"",""ticker"":""KXETH15M-26APR280230-30"",""trade_id"":""46ee6a55-2c6d-437d-0d58-7b1247da196c"",""yes_price_dollars"":""0.4900""}"
KXETH15M-26APR280230-30,3d4c4a76-a938-4f74-0ddc-e88c9488558a,1777357093,0.48,2.0,yes,"{""count_fp"":""2.00"",""created_time"":""2026-04-28T06:18:13.857194Z"",""no_price_dollars"":""0.5200"",""taker_side"":""yes"",""ticker"":""KXETH15M-26APR280230-30"",""trade_id"":""3d4c4a76-a938-4f74-0ddc-e88c9488558a"",""yes_price_dollars"":""0.4800""}"
KXETH15M-26APR280230-30,37d6244a-def1-4565-142a-5cf42ce027bd,1777357093,0.49,100.0,yes,"{""count_fp"":""100.00"",""created_time"":""2026-04-28T06:18:13.857194Z"",""no_price_dollars"":""0.5100"",""taker_side"":""yes"",""ticker"":""KXETH15M-26APR280230-30"",""trade_id"":""37d6244a-def1-4565-142a-5cf42ce027bd"",""yes_price_dollars"":""0.4900""}"
KXETH15M-26APR280230-30,10082157-2f37-45b7-0a68-2d4f76191aaa,1777357093,0.46,3.0,yes,"{""count_fp"":""3.00"",""created_time"":""2026-04-28T06:18:13.857194Z"",""no_price_dollars"":""0.5400"",""taker_side"":""yes"",""ticker"":""KXETH15M-26APR280230-30"",""trade_id"":""10082157-2f37-45b7-0a68-2d4f76191aaa"",""yes_price_dollars"":""0.4600""}"
KXETH15M-26APR280230-30,5cae2653-c32e-4b96-40ba-396d80ee7261,1777357097,0.43,5.0,no,"{""count_fp"":""5.00"",""created_time"":""2026-04-28T06:18:17.860688Z"",""no_price_dollars"":""0.5700"",""taker_side"":""no"",""ticker"":""KXETH15M-26APR280230-30"",""trade_id"":""5cae2653-c32e-4b96-40ba-396d80ee7261"",""yes_price_dollars"":""0.4300""}"
KXETH15M-26APR280230-30,c57ee837-e1af-5a76-235e-1ed1451ebf43,1777357108,0.37,50.0,no,"{""count_fp"":""50.00"",""created_time"":""2026-04-28T06:18:28.281658Z"",""no_price_dollars"":""0.6300"",""taker_side"":""no"",""ticker"":""KXETH15M-26APR280230-30"",""trade_id"":""c57ee837-e1af-5a76-235e-1ed1451ebf43"",""yes_price_dollars"":""0.3700""}"
KXETH15M-26APR280230-30,f57b2f86-9fbc-5911-5647-a5c521f826a3,1777357109,0.33,1.0,yes,"{""count_fp"":""1.00"",""created_time"":""2026-04-28T06:18:29.858307Z"",""no_price_dollars"":""0.6700"",""taker_side"":""yes"",""ticker"":""KXETH15M-26APR280230-30"",""trade_id"":""f57b2f86-9fbc-5911-5647-a5c521f826a3"",""yes_price_dollars"":""0.3300""}"
KXETH15M-26APR280230-30,9dd100ea-cb24-5619-44f8-7284d513c9c7,1777357109,0.34,17.6,yes,"{""count_fp"":""17.60"",""created_time"":""2026-04-28T06:18:29.858307Z"",""no_price_dollars"":""0.6600"",""taker_side"":""yes"",""ticker"":""KXETH15M-26APR280230-30"",""trade_id"":""9dd100ea-cb24-5619-44f8-7284d513c9c7"",""yes_price_dollars"":""0.3400""}"
KXETH15M-26APR280230-30,6847a5e2-4692-77fa-e4e6-bf01a95828e9,1777357109,0.32,10.0,no,"{""count_fp"":""10.00"",""created_time"":""2026-04-28T06:18:29.704512Z"",""no_price_dollars"":""0.6800"",""taker_side"":""no"",""ticker"":""KXETH15M-26APR280230-30"",""trade_id"":""6847a5e2-4692-77fa-e4e6-bf01a95828e9"",""yes_price_dollars"":""0.3200""}"
KXETH15M-26APR280230-30,ea17ca25-9702-75f8-0249-7049034c2607,1777357111,0.34,1.0,yes,"{""count_fp"":""1.00"",""created_time"":""2026-04-28T06:18:31.710636Z"",""no_price_dollars"":""0.6600"",""taker_side"":""yes"",""ticker"":""KXETH15M-26APR280230-30"",""trade_id"":""ea17ca25-9702-75f8-0249-7049034c2607"",""yes_price_dollars"":""0.3400""}"
KXETH15M-26APR280230-30,89b81a88-3849-4c95-0e16-741872426f89,1777357111,0.34,1.0,yes,"{""count_fp"":""1.00"",""created_time"":""2026-04-28T06:18:31.568945Z"",""no_price_dollars"":""0.6600"",""taker_side"":""yes"",""ticker"":""KXETH15M-26APR280230-30"",""trade_id"":""89b81a88-3849-4c95-0e16-741872426f89"",""yes_price_dollars"":""0.3400""}"
KXETH15M-26APR280230-30,0867bea4-e394-6d91-6356-3e8b41ce3d0b,1777357112,0.32,7.0,yes,"{""count_fp"":""7.00"",""created_time"":""2026-04-28T06:18:32.546456Z"",""no_price_dollars"":""0.6800"",""taker_side"":""yes"",""ticker"":""KXETH15M-26APR280230-30"",""trade_id"":""0867bea4-e394-6d91-6356-3e8b41ce3d0b"",""yes_price_dollars"":""0.3200""}"
KXETH15M-26APR280230-30,a28ea1d7-1c87-791e-0815-62fc239cb3ef,1777357115,0.3,2.0,no,"{""count_fp"":""2.00"",""created_time"":""2026-04-28T06:18:35.291112Z"",""no_price_dollars"":""0.7000"",""taker_side"":""no"",""ticker"":""KXETH15M-26APR280230-30"",""trade_id"":""a28ea1d7-1c87-791e-0815-62fc239cb3ef"",""yes_price_dollars"":""0.3000""}"
KXETH15M-26APR280230-30,823711de-381f-79d6-cb74-2b08080a0e47,1777357115,0.31,1.0,yes,"{""count_fp"":""1.00"",""created_time"":""2026-04-28T06:18:35.237439Z"",""no_price_dollars"":""0.6900"",""taker_side"":""yes"",""ticker"":""KXETH15M-26APR280230-30"",""trade_id"":""823711de-381f-79d6-cb74-2b08080a0e47"",""yes_price_dollars"":""0.3100""}"
KXETH15M-26APR280230-30,567741fe-86ec-5120-56be-f0ab65ad1bf3,1777357118,0.26,3.0,no,"{""count_fp"":""3.00"",""created_time"":""2026-04-28T06:18:38.800356Z"",""no_price_dollars"":""0.7400"",""taker_side"":""no"",""ticker"":""KXETH15M-26APR280230-30"",""trade_id"":""567741fe-86ec-5120-56be-f0ab65ad1bf3"",""yes_price_dollars"":""0.2600""}"
KXETH15M-26APR280230-30,7f689707-519a-73e0-4113-93f6198fc24b,1777357118,0.28,1.0,yes,"{""count_fp"":""1.00"",""created_time"":""2026-04-28T06:18:38.281889Z"",""no_price_dollars"":""0.7200"",""taker_side"":""yes"",""ticker"":""KXETH15M-26APR280230-30"",""trade_id"":""7f689707-519a-73e0-4113-93f6198fc24b"",""yes_price_dollars"":""0.2800""}"
KXETH15M-26APR280230-30,7632573f-27a8-6ee4-a179-c55edbbde1b9,1777357120,0.25,11.0,no,"{""count_fp"":""11.00"",""created_time"":""2026-04-28T06:18:40.127327Z"",""no_price_dollars"":""0.7500"",""taker_side"":""no"",""ticker"":""KXETH15M-26APR280230-30"",""trade_id"":""7632573f-27a8-6ee4-a179-c55edbbde1b9"",""yes_price_dollars"":""0.2500""}"
KXETH15M-26APR280230-30,87cc1cc4-5bcb-5188-e8e8-3ee2c8c6c60f,1777357121,0.28,9.49,yes,"{""count_fp"":""9.49"",""created_time"":""2026-04-28T06:18:41.606767Z"",""no_price_dollars"":""0.7200"",""taker_side"":""yes"",""ticker"":""KXETH15M-26APR280230-30"",""trade_id"":""87cc1cc4-5bcb-5188-e8e8-3ee2c8c6c60f"",""yes_price_dollars"":""0.2800""}"
KXETH15M-26APR280230-30,7946333a-2fda-5e3c-f7e3-4b0db398f470,1777357121,0.28,10.0,yes,"{""count_fp"":""10.00"",""created_time"":""2026-04-28T06:18:41.606767Z"",""no_price_dollars"":""0.7200"",""taker_side"":""yes"",""ticker"":""KXETH15M-26APR280230-30"",""trade_id"":""7946333a-2fda-5e3c-f7e3-4b0db398f470"",""yes_price_dollars"":""0.2800""}"
KXETH15M-26APR280230-30,e5a90dbd-2192-6f5c-3679-5098500d6b6f,1777357127,0.29,10.0,yes,"{""count_fp"":""10.00"",""created_time"":""2026-04-28T06:18:47.306189Z"",""no_price_dollars"":""0.7100"",""taker_side"":""yes"",""ticker"":""KXETH15M-26APR280230-30"",""trade_id"":""e5a90dbd-2192-6f5c-3679-5098500d6b6f"",""yes_price_dollars"":""0.2900""}"
KXETH15M-26APR280230-30,d80e7ebb-3d9a-63b7-08aa-9c77151b77fc,1777357127,0.32,57.3,yes,"{""count_fp"":""57.30"",""created_time"":""2026-04-28T06:18:47.306189Z"",""no_price_dollars"":""0.6800"",""taker_side"":""yes"",""ticker"":""KXETH15M-26APR280230-30"",""trade_id"":""d80e7ebb-3d9a-63b7-08aa-9c77151b77fc"",""yes_price_dollars"":""0.3200""}"
KXETH15M-26APR280230-30,8f00b063-cfed-6884-29c8-14fe1a248659,1777357127,0.3,5.0,yes,"{""count_fp"":""5.00"",""created_time"":""2026-04-28T06:18:47.306189Z"",""no_price_dollars"":""0.7000"",""taker_side"":""yes"",""ticker"":""KXETH15M-26APR280230-30"",""trade_id"":""8f00b063-cfed-6884-29c8-14fe1a248659"",""yes_price_dollars"":""0.3000""}"
KXETH15M-26APR280230-30,77c27d9e-429c-69e5-3b16-c4ebc9606a80,1777357127,0.3,1.0,yes,"{""count_fp"":""1.00"",""created_time"":""2026-04-28T06:18:47.306189Z"",""no_price_dollars"":""0.7000"",""taker_side"":""yes"",""ticker"":""KXETH15M-26APR280230-30"",""trade_id"":""77c27d9e-429c-69e5-3b16-c4ebc9606a80"",""yes_price_dollars"":""0.3000""}"
KXETH15M-26APR280230-30,7269433a-31fa-6457-0556-f02adde41cce,1777357127,0.29,10.28,yes,"{""count_fp"":""10.28"",""created_time"":""2026-04-28T06:18:47.306189Z"",""no_price_dollars"":""0.7100"",""taker_side"":""yes"",""ticker"":""KXETH15M-26APR280230-30"",""trade_id"":""7269433a-31fa-6457-0556-f02adde41cce"",""yes_price_dollars"":""0.2900""}"
KXETH15M-26APR280230-30,4fd7f5cc-1033-6cd4-3e49-e050512b7e4f,1777357127,0.3,2.0,yes,"{""count_fp"":""2.00"",""created_time"":""2026-04-28T06:18:47.306189Z"",""no_price_dollars"":""0.7000"",""taker_side"":""yes"",""ticker"":""KXETH15M-26APR280230-30"",""trade_id"":""4fd7f5cc-1033-6cd4-3e49-e050512b7e4f"",""yes_price_dollars"":""0.3000""}"
KXETH15M-26APR280230-30,2bb45662-73e3-6190-0ad1-95b9a7485c9f,1777357127,0.29,50.51,yes,"{""count_fp"":""50.51"",""created_time"":""2026-04-28T06:18:47.306189Z"",""no_price_dollars"":""0.7100"",""taker_side"":""yes"",""ticker"":""KXETH15M-26APR280230-30"",""trade_id"":""2bb45662-73e3-6190-0ad1-95b9a7485c9f"",""yes_price_dollars"":""0.2900""}"
KXETH15M-26APR280230-30,1c1b266d-bb2c-61bd-2797-ed16e34f1157,1777357127,0.29,100.0,yes,"{""count_fp"":""100.00"",""created_time"":""2026-04-28T06:18:47.306189Z"",""no_price_dollars"":""0.7100"",""taker_side"":""yes"",""ticker"":""KXETH15M-26APR280230-30"",""trade_id"":""1c1b266d-bb2c-61bd-2797-ed16e34f1157"",""yes_price_dollars"":""0.2900""}"
KXETH15M-26APR280230-30,8ffd724d-7ba0-4048-913c-41636a29dca9,1777357129,0.25,1.0,no,"{""count_fp"":""1.00"",""created_time"":""2026-04-28T06:18:49.341438Z"",""no_price_dollars"":""0.7500"",""taker_side"":""no"",""ticker"":""KXETH15M-26APR280230-30"",""trade_id"":""8ffd724d-7ba0-4048-913c-41636a29dca9"",""yes_price_dollars"":""0.2500""}"
KXETH15M-26APR280230-30,ba704598-9bf0-58d0-22d7-b7be0ec8e341,1777357129,0.25,1.0,no,"{""count_fp"":""1.00"",""created_time"":""2026-04-28T06:18:49.281168Z"",""no_price_dollars"":""0.7500"",""taker_side"":""no"",""ticker"":""KXETH15M-26APR280230-30"",""trade_id"":""ba704598-9bf0-58d0-22d7-b7be0ec8e341"",""yes_price_dollars"":""0.2500""}"
KXETH15M-26APR280230-30,2f59d33b-027c-76ac-472e-3ecf8de69475,1777357130,0.25,17.0,no,"{""count_fp"":""17.00"",""created_time"":""2026-04-28T06:18:50.995186Z"",""no_price_dollars"":""0.7500"",""taker_side"":""no"",""ticker"":""KXETH15M-26APR280230-30"",""trade_id"":""2f59d33b-027c-76ac-472e-3ecf8de69475"",""yes_price_dollars"":""0.2500""}"
KXETH15M-26APR280230-30,5791b0cf-ee48-5200-45b3-936e8adb6a09,1777357130,0.25,17.0,no,"{""count_fp"":""17.00"",""created_time"":""2026-04-28T06:18:50.806948Z"",""no_price_dollars"":""0.7500"",""taker_side"":""no"",""ticker"":""KXETH15M-26APR280230-30"",""trade_id"":""5791b0cf-ee48-5200-45b3-936e8adb6a09"",""yes_price_dollars"":""0.2500""}"
KXETH15M-26APR280230-30,8182f9d1-5050-621d-3fa9-0e414a98b9ba,1777357131,0.27,1.0,yes,"{""count_fp"":""1.00"",""created_time"":""2026-04-28T06:18:51.662367Z"",""no_price_dollars"":""0.7300"",""taker_side"":""yes"",""ticker"":""KXETH15M-26APR280230-30"",""trade_id"":""8182f9d1-5050-621d-3fa9-0e414a98b9ba"",""yes_price_dollars"":""0.2700""}"
KXETH15M-26APR280230-30,47ea9198-b648-60d8-2dc6-8eb2ebb1f831,1777357131,0.27,1.0,yes,"{""count_fp"":""1.00"",""created_time"":""2026-04-28T06:18:51.662367Z"",""no_price_dollars"":""0.7300"",""taker_side"":""yes"",""ticker"":""KXETH15M-26APR280230-30"",""trade_id"":""47ea9198-b648-60d8-2dc6-8eb2ebb1f831"",""yes_price_dollars"":""0.2700""}"
KXETH15M-26APR280230-30,42715fb7-e896-6e72-2dc3-faacd0772530,1777357131,0.27,1.0,yes,"{""count_fp"":""1.00"",""created_time"":""2026-04-28T06:18:51.662367Z"",""no_price_dollars"":""0.7300"",""taker_side"":""yes"",""ticker"":""KXETH15M-26APR280230-30"",""trade_id"":""42715fb7-e896-6e72-2dc3-faacd0772530"",""yes_price_dollars"":""0.2700""}"
KXETH15M-26APR280230-30,1b7ecbe8-acdc-6028-3625-617250ce2bdb,1777357131,0.28,0.44,yes,"{""count_fp"":""0.44"",""created_time"":""2026-04-28T06:18:51.662367Z"",""no_price_dollars"":""0.7200"",""taker_side"":""yes"",""ticker"":""KXETH15M-26APR280230-30"",""trade_id"":""1b7ecbe8-acdc-6028-3625-617250ce2bdb"",""yes_price_dollars"":""0.2800""}"
KXETH15M-26APR280230-30,f00a0141-2e88-5e28-29c9-56c4758829a1,1777357133,0.25,1.31,no,"{""count_fp"":""1.31"",""created_time"":""2026-04-28T06:18:53.871938Z"",""no_price_dollars"":""0.7500"",""taker_side"":""no"",""ticker"":""KXETH15M-26APR280230-30"",""trade_id"":""f00a0141-2e88-5e28-29c9-56c4758829a1"",""yes_price_dollars"":""0.2500""}"
KXETH15M-26APR280230-30,9404d2c0-58bb-4f29-5fee-9de7b1250d81,1777357133,0.28,5.47,yes,"{""count_fp"":""5.47"",""created_time"":""2026-04-28T06:18:53.665384Z"",""no_price_dollars"":""0.7200"",""taker_side"":""yes"",""ticker"":""KXETH15M-26APR280230-30"",""trade_id"":""9404d2c0-58bb-4f29-5fee-9de7b1250d81"",""yes_price_dollars"":""0.2800""}"
KXETH15M-26APR280230-30,426a4712-ca7a-4b40-6415-7f2d24454951,1777357133,0.28,0.56,yes,"{""count_fp"":""0.56"",""created_time"":""2026-04-28T06:18:53.665384Z"",""no_price_dollars"":""0.7200"",""taker_side"":""yes"",""ticker"":""KXETH15M-26APR280230-30"",""trade_id"":""426a4712-ca7a-4b40-6415-7f2d24454951"",""yes_price_dollars"":""0.2800""}"
KXETH15M-26APR280230-30,d6722d99-7376-6f38-2a52-ca9351b50c99,1777357133,0.28,0.44,yes,"{""count_fp"":""0.44"",""created_time"":""2026-04-28T06:18:53.623022Z"",""no_price_dollars"":""0.7200"",""taker_side"":""yes"",""ticker"":""KXETH15M-26APR280230-30"",""trade_id"":""d6722d99-7376-6f38-2a52-ca9351b50c99"",""yes_price_dollars"":""0.2800""}"
KXETH15M-26APR280230-30,b8d0e1f9-f32c-68c0-2b96-65269ed24b97,1777357133,0.28,0.56,yes,"{""count_fp"":""0.56"",""created_time"":""2026-04-28T06:18:53.623022Z"",""no_price_dollars"":""0.7200"",""taker_side"":""yes"",""ticker"":""KXETH15M-26APR280230-30"",""trade_id"":""b8d0e1f9-f32c-68c0-2b96-65269ed24b97"",""yes_price_dollars"":""0.2800""}"
KXETH15M-26APR280230-30,ff807d59-d910-5d98-b014-06a6ef63d861,1777357141,0.25,3.0,no,"{""count_fp"":""3.00"",""created_time"":""2026-04-28T06:19:01.048121Z"",""no_price_dollars"":""0.7500"",""taker_side"":""no"",""ticker"":""KXETH15M-26APR280230-30"",""trade_id"":""ff807d59-d910-5d98-b014-06a6ef63d861"",""yes_price_dollars"":""0.2500""}"
KXETH15M-26APR280230-30,21da9dfd-9102-449a-412d-3407af47ae0d,1777357143,0.26,10.0,yes,"{""count_fp"":""10.00"",""created_time"":""2026-04-28T06:19:03.011353Z"",""no_price_dollars"":""0.7400"",""taker_side"":""yes"",""ticker"":""KXETH15M-26APR280230-30"",""trade_id"":""21da9dfd-9102-449a-412d-3407af47ae0d"",""yes_price_dollars"":""0.2600""}"
KXETH15M-26APR280230-30,f8df92b3-e61c-68ac-2c6b-21a6d5cd66bc,1777357147,0.28,2.0,yes,"{""count_fp"":""2.00"",""created_time"":""2026-04-28T06:19:07.849058Z"",""no_price_dollars"":""0.7200"",""taker_side"":""yes"",""ticker"":""KXETH15M-26APR280230-30"",""trade_id"":""f8df92b3-e61c-68ac-2c6b-21a6d5cd66bc"",""yes_price_dollars"":""0.2800""}"
KXETH15M-26APR280230-30,df38acf1-6794-6ece-038d-0f953dfaad04,1777357147,0.29,0.29,yes,"{""count_fp"":""0.29"",""created_time"":""2026-04-28T06:19:07.849058Z"",""no_price_dollars"":""0.7100"",""taker_side"":""yes"",""ticker"":""KXETH15M-26APR280230-30"",""trade_id"":""df38acf1-6794-6ece-038d-0f953dfaad04"",""yes_price_dollars"":""0.2900""}"
KXETH15M-26APR280230-30,85cdffba-cac4-6ffa-1b0e-2fbd6a671bbe,1777357147,0.27,1.0,yes,"{""count_fp"":""1.00"",""created_time"":""2026-04-28T06:19:07.849058Z"",""no_price_dollars"":""0.7300"",""taker_side"":""yes"",""ticker"":""KXETH15M-26APR280230-30"",""trade_id"":""85cdffba-cac4-6ffa-1b0e-2fbd6a671bbe"",""yes_price_dollars"":""0.2700""}"
KXETH15M-26APR280230-30,e59b570a-8cd4-7c4c-49be-d2210dd2f09d,1777357147,0.26,2.65,no,"{""count_fp"":""2.65"",""created_time"":""2026-04-28T06:19:07.218192Z"",""no_price_dollars"":""0.7400"",""taker_side"":""no"",""ticker"":""KXETH15M-26APR280230-30"",""trade_id"":""e59b570a-8cd4-7c4c-49be-d2210dd2f09d"",""yes_price_dollars"":""0.2600""}"
KXETH15M-26APR280230-30,89ea104a-9ebd-52da-0137-dc1c507531fa,1777357149,0.32,50.0,yes,"{""count_fp"":""50.00"",""created_time"":""2026-04-28T06:19:09.233985Z"",""no_price_dollars"":""0.6800"",""taker_side"":""yes"",""ticker"":""KXETH15M-26APR280230-30"",""trade_id"":""89ea104a-9ebd-52da-0137-dc1c507531fa"",""yes_price_dollars"":""0.3200""}"
KXETH15M-26APR280230-30,5a5eaa61-5925-6ce5-9d46-1bd9a0f81514,1777357149,0.31,710.71,yes,"{""count_fp"":""710.71"",""created_time"":""2026-04-28T06:19:09.186511Z"",""no_price_dollars"":""0.6900"",""taker_side"":""yes"",""ticker"":""KXETH15M-26APR280230-30"",""trade_id"":""5a5eaa61-5925-6ce5-9d46-1bd9a0f81514"",""yes_price_dollars"":""0.3100""}"
KXETH15M-26APR280230-30,a177c8ae-6bff-49ad-279f-29dd4a56486a,1777357149,0.3,0.71,yes,"{""count_fp"":""0.71"",""created_time"":""2026-04-28T06:19:09.143061Z"",""no_price_dollars"":""0.7000"",""taker_side"":""yes"",""ticker"":""KXETH15M-26APR280230-30"",""trade_id"":""a177c8ae-6bff-49ad-279f-29dd4a56486a"",""yes_price_dollars"":""0.3000""}"
KXETH15M-26APR280230-30,594870ae-d485-46d5-0993-dfad97bd8f38,1777357149,0.31,12.29,yes,"{""count_fp"":""12.29"",""created_time"":""2026-04-28T06:19:09.143061Z"",""no_price_dollars"":""0.6900"",""taker_side"":""yes"",""ticker"":""KXETH15M-26APR280230-30"",""trade_id"":""594870ae-d485-46d5-0993-dfad97bd8f38"",""yes_price_dollars"":""0.3100""}"
KXETH15M-26APR280230-30,bbbe2b79-33e4-6cea-6b78-6ebadd087968,1777357149,0.29,0.71,yes,"{""count_fp"":""0.71"",""created_time"":""2026-04-28T06:19:09.122859Z"",""no_price_dollars"":""0.7100"",""taker_side"":""yes"",""ticker"":""KXETH15M-26APR280230-30"",""trade_id"":""bbbe2b79-33e4-6cea-6b78-6ebadd087968"",""yes_price_dollars"":""0.2900""}"
KXETH15M-26APR280230-30,aad3a2ce-d94a-6ee6-61fd-c16cb5c31c6a,1777357149,0.3,1.0,yes,"{""count_fp"":""1.00"",""created_time"":""2026-04-28T06:19:09.122859Z"",""no_price_dollars"":""0.7000"",""taker_side"":""yes"",""ticker"":""KXETH15M-26APR280230-30"",""trade_id"":""aad3a2ce-d94a-6ee6-61fd-c16cb5c31c6a"",""yes_price_dollars"":""0.3000""}"
KXETH15M-26APR280230-30,9455325b-0757-68a9-559b-e496e2b54b3a,1777357149,0.3,9.29,yes,"{""count_fp"":""9.29"",""created_time"":""2026-04-28T06:19:09.122859Z"",""no_price_dollars"":""0.7000"",""taker_side"":""yes"",""ticker"":""KXETH15M-26APR280230-30"",""trade_id"":""9455325b-0757-68a9-559b-e496e2b54b3a"",""yes_price_dollars"":""0.3000""}"
KXETH15M-26APR280230-30,8cca239b-4e4c-68ea-63cf-2a5deb6b66bb,1777357149,0.3,1.0,yes,"{""count_fp"":""1.00"",""created_time"":""2026-04-28T06:19:09.122859Z"",""no_price_dollars"":""0.7000"",""taker_side"":""yes"",""ticker"":""KXETH15M-26APR280230-30"",""trade_id"":""8cca239b-4e4c-68ea-63cf-2a5deb6b66bb"",""yes_price_dollars"":""0.3000""}"
KXETH15M-26APR280230-30,412193f3-e26c-6753-4bd6-f56e95d79935,1777357149,0.29,1.0,yes,"{""count_fp"":""1.00"",""created_time"":""2026-04-28T06:19:09.122859Z"",""no_price_dollars"":""0.7100"",""taker_side"":""yes"",""ticker"":""KXETH15M-26APR280230-30"",""trade_id"":""412193f3-e26c-6753-4bd6-f56e95d79935"",""yes_price_dollars"":""0.2900""}"
KXETH15M-26APR280230-30,5c00004b-2a7c-4d3e-d851-d1ccef9c72d0,1777357157,0.34,10.0,yes,"{""count_fp"":""10.00"",""created_time"":""2026-04-28T06:19:17.101212Z"",""no_price_dollars"":""0.6600"",""taker_side"":""yes"",""ticker"":""KXETH15M-26APR280230-30"",""trade_id"":""5c00004b-2a7c-4d3e-d851-d1ccef9c72d0"",""yes_price_dollars"":""0.3400""}"
KXETH15M-26APR280230-30,19146e63-ad1f-4f45-eb77-237181274ff6,1777357157,0.34,10.15,yes,"{""count_fp"":""10.15"",""created_time"":""2026-04-28T06:19:17.101212Z"",""no_price_dollars"":""0.6600"",""taker_side"":""yes"",""ticker"":""KXETH15M-26APR280230-30"",""trade_id"":""19146e63-ad1f-4f45-eb77-237181274ff6"",""yes_price_dollars"":""0.3400""}"
KXETH15M-26APR280230-30,d3e956cb-283a-7fed-2920-58443b279e0c,1777357161,0.31,8.51,no,"{""count_fp"":""8.51"",""created_time"":""2026-04-28T06:19:21.920858Z"",""no_price_dollars"":""0.6900"",""taker_side"":""no"",""ticker"":""KXETH15M-26APR280230-30"",""trade_id"":""d3e956cb-283a-7fed-2920-58443b279e0c"",""yes_price_dollars"":""0.3100""}"
KXETH15M-26APR280230-30,801c3c0a-6e3c-5335-7c3e-de32fd771ebb,1777357162,0.31,1.0,no,"{""count_fp"":""1.00"",""created_time"":""2026-04-28T06:19:22.369505Z"",""no_price_dollars"":""0.6900"",""taker_side"":""no"",""ticker"":""KXETH15M-26APR280230-30"",""trade_id"":""801c3c0a-6e3c-5335-7c3e-de32fd771ebb"",""yes_price_dollars"":""0.3100""}"
KXETH15M-26APR280230-30,e1532397-1a12-497a-5de4-3fa48541d19c,1777357162,0.35,10.0,yes,"{""count_fp"":""10.00"",""created_time"":""2026-04-28T06:19:22.355108Z"",""no_price_dollars"":""0.6500"",""taker_side"":""yes"",""ticker"":""KXETH15M-26APR280230-30"",""trade_id"":""e1532397-1a12-497a-5de4-3fa48541d19c"",""yes_price_dollars"":""0.3500""}"
KXETH15M-26APR280230-30,8f037266-193f-46c3-7916-606acc2c7e64,1777357162,0.35,1.0,yes,"{""count_fp"":""1.00"",""created_time"":""2026-04-28T06:19:22.355108Z"",""no_price_dollars"":""0.6500"",""taker_side"":""yes"",""ticker"":""KXETH15M-26APR280230-30"",""trade_id"":""8f037266-193f-46c3-7916-606acc2c7e64"",""yes_price_dollars"":""0.3500""}"
KXETH15M-26APR280230-30,3e75b800-5e8a-4195-7f47-fee53c6ef062,1777357162,0.35,1.7,yes,"{""count_fp"":""1.70"",""created_time"":""2026-04-28T06:19:22.355108Z"",""no_price_dollars"":""0.6500"",""taker_side"":""yes"",""ticker"":""KXETH15M-26APR280230-30"",""trade_id"":""3e75b800-5e8a-4195-7f47-fee53c6ef062"",""yes_price_dollars"":""0.3500""}"
KXETH15M-26APR280230-30,3b4162c5-5cb1-4e0a-75f9-8c2772cec7ef,1777357162,0.35,10.3,yes,"{""count_fp"":""10.30"",""created_time"":""2026-04-28T06:19:22.355108Z"",""no_price_dollars"":""0.6500"",""taker_side"":""yes"",""ticker"":""KXETH15M-26APR280230-30"",""trade_id"":""3b4162c5-5cb1-4e0a-75f9-8c2772cec7ef"",""yes_price_dollars"":""0.3500""}"
KXETH15M-26APR280230-30,12b378bc-5272-446c-5478-c15614a4082f,1777357162,0.34,10.0,yes,"{""count_fp"":""10.00"",""created_time"":""2026-04-28T06:19:22.355108Z"",""no_price_dollars"":""0.6600"",""taker_side"":""yes"",""ticker"":""KXETH15M-26APR280230-30"",""trade_id"":""12b378bc-5272-446c-5478-c15614a4082f"",""yes_price_dollars"":""0.3400""}"
KXETH15M-26APR280230-30,9954a37e-e755-4922-9051-6b8063d08984,1777357167,0.31,1.0,no,"{""count_fp"":""1.00"",""created_time"":""2026-04-28T06:19:27.811593Z"",""no_price_dollars"":""0.6900"",""taker_side"":""no"",""ticker"":""KXETH15M-26APR280230-30"",""trade_id"":""9954a37e-e755-4922-9051-6b8063d08984"",""yes_price_dollars"":""0.3100""}"
KXETH15M-26APR280230-30,f85a9a80-593d-6c83-af88-78ccd42dfbe0,1777357175,0.25,27.0,no,"{""count_fp"":""27.00"",""created_time"":""2026-04-28T06:19:35.119442Z"",""no_price_dollars"":""0.7500"",""taker_side"":""no"",""ticker"":""KXETH15M-26APR280230-30"",""trade_id"":""f85a9a80-593d-6c83-af88-78ccd42dfbe0"",""yes_price_dollars"":""0.2500""}"
KXETH15M-26APR280230-30,8b28b28e-649d-62ce-99c8-ad85e486fd6c,1777357175,0.27,10.0,no,"{""count_fp"":""10.00"",""created_time"":""2026-04-28T06:19:35.119442Z"",""no_price_dollars"":""0.7300"",""taker_side"":""no"",""ticker"":""KXETH15M-26APR280230-30"",""trade_id"":""8b28b28e-649d-62ce-99c8-ad85e486fd6c"",""yes_price_dollars"":""0.2700""}"
KXETH15M-26APR280230-30,7ecac5f6-d10d-6f3c-90ec-e883b781b1c3,1777357175,0.26,10.0,no,"{""count_fp"":""10.00"",""created_time"":""2026-04-28T06:19:35.119442Z"",""no_price_dollars"":""0.7400"",""taker_side"":""no"",""ticker"":""KXETH15M-26APR280230-30"",""trade_id"":""7ecac5f6-d10d-6f3c-90ec-e883b781b1c3"",""yes_price_dollars"":""0.2600""}"
KXETH15M-26APR280230-30,377db200-504d-6f68-b6fd-0f7af82d3d8f,1777357175,0.25,5.0,no,"{""count_fp"":""5.00"",""created_time"":""2026-04-28T06:19:35.119442Z"",""no_price_dollars"":""0.7500"",""taker_side"":""no"",""ticker"":""KXETH15M-26APR280230-30"",""trade_id"":""377db200-504d-6f68-b6fd-0f7af82d3d8f"",""yes_price_dollars"":""0.2500""}"
KXETH15M-26APR280230-30,9a25c2e5-b02b-6ede-7607-e42e0135ec4f,1777357176,0.26,2.61,no,"{""count_fp"":""2.61"",""created_time"":""2026-04-28T06:19:36.922051Z"",""no_price_dollars"":""0.7400"",""taker_side"":""no"",""ticker"":""KXETH15M-26APR280230-30"",""trade_id"":""9a25c2e5-b02b-6ede-7607-e42e0135ec4f"",""yes_price_dollars"":""0.2600""}"
KXETH15M-26APR280230-30,df3f48ed-e830-668d-ec61-41a378842660,1777357179,0.3,10.0,yes,"{""count_fp"":""10.00"",""created_time"":""2026-04-28T06:19:39.939887Z"",""no_price_dollars"":""0.7000"",""taker_side"":""yes"",""ticker"":""KXETH15M-26APR280230-30"",""trade_id"":""df3f48ed-e830-668d-ec61-41a378842660"",""yes_price_dollars"":""0.3000""}"
KXETH15M-26APR280230-30,d5f964d7-a639-60ad-c54a-dd11963a66d4,1777357179,0.3,1.0,yes,"{""count_fp"":""1.00"",""created_time"":""2026-04-28T06:19:39.939887Z"",""no_price_dollars"":""0.7000"",""taker_side"":""yes"",""ticker"":""KXETH15M-26APR280230-30"",""trade_id"":""d5f964d7-a639-60ad-c54a-dd11963a66d4"",""yes_price_dollars"":""0.3000""}"
KXETH15M-26APR280230-30,cd2c30f8-87b5-60db-e23d-9c567b0eb163,1777357179,0.29,9.0,yes,"{""count_fp"":""9.00"",""created_time"":""2026-04-28T06:19:39.939887Z"",""no_price_dollars"":""0.7100"",""taker_side"":""yes"",""ticker"":""KXETH15M-26APR280230-30"",""trade_id"":""cd2c30f8-87b5-60db-e23d-9c567b0eb163"",""yes_price_dollars"":""0.2900""}"
KXETH15M-26APR280230-30,c2fba790-dcf9-6f9e-d9d4-32749315297b,1777357179,0.29,5.0,yes,"{""count_fp"":""5.00"",""created_time"":""2026-04-28T06:19:39.939887Z"",""no_price_dollars"":""0.7100"",""taker_side"":""yes"",""ticker"":""KXETH15M-26APR280230-30"",""trade_id"":""c2fba790-dcf9-6f9e-d9d4-32749315297b"",""yes_price_dollars"":""0.2900""}"
KXETH15M-26APR280230-30,7f02ccc4-c07e-6775-ded6-111defc38eaa,1777357179,0.29,100.0,yes,"{""count_fp"":""100.00"",""created_time"":""2026-04-28T06:19:39.939887Z"",""no_price_dollars"":""0.7100"",""taker_side"":""yes"",""ticker"":""KXETH15M-26APR280230-30"",""trade_id"":""7f02ccc4-c07e-6775-ded6-111defc38eaa"",""yes_price_dollars"":""0.2900""}"
KXETH15M-26APR280230-30,53ee6eb4-e5a2-6484-e801-7760a206a0ce,1777357179,0.31,5.6,yes,"{""count_fp"":""5.60"",""created_time"":""2026-04-28T06:19:39.939887Z"",""no_price_dollars"":""0.6900"",""taker_side"":""yes"",""ticker"":""KXETH15M-26APR280230-30"",""trade_id"":""53ee6eb4-e5a2-6484-e801-7760a206a0ce"",""yes_price_dollars"":""0.3100""}"
KXETH15M-26APR280230-30,5a19e40a-8311-4104-dd4a-5ee35ad7d905,1777357182,0.31,2.28,yes,"{""count_fp"":""2.28"",""created_time"":""2026-04-28T06:19:42.231358Z"",""no_price_dollars"":""0.6900"",""taker_side"":""yes"",""ticker"":""KXETH15M-26APR280230-30"",""trade_id"":""5a19e40a-8311-4104-dd4a-5ee35ad7d905"",""yes_price_dollars"":""0.3100""}"
KXETH15M-26APR280230-30,a82f4bc6-5fb4-4afb-95ff-604ae16a3d24,1777357189,0.32,2.23,yes,"{""count_fp"":""2.23"",""created_time"":""2026-04-28T06:19:49.536649Z"",""no_price_dollars"":""0.6800"",""taker_side"":""yes"",""ticker"":""KXETH15M-26APR280230-30"",""trade_id"":""a82f4bc6-5fb4-4afb-95ff-604ae16a3d24"",""yes_price_dollars"":""0.3200""}"
KXETH15M-26APR280230-30,5d0c30fd-16ae-4232-beb2-6c15543a87ce,1777357189,0.31,10.0,yes,"{""count_fp"":""10.00"",""created_time"":""2026-04-28T06:19:49.536649Z"",""no_price_dollars"":""0.6900"",""taker_side"":""yes"",""ticker"":""KXETH15M-26APR280230-30"",""trade_id"":""5d0c30fd-16ae-4232-beb2-6c15543a87ce"",""yes_price_dollars"":""0.3100""}"
KXETH15M-26APR280230-30,b00b33d4-2bc1-4561-bf08-7f094ee9ff70,1777357200,0.26,10.0,yes,"{""count_fp"":""10.00"",""created_time"":""2026-04-28T06:20:00.903142Z"",""no_price_dollars"":""0.7400"",""taker_side"":""yes"",""ticker"":""KXETH15M-26APR280230-30"",""trade_id"":""b00b33d4-2bc1-4561-bf08-7f094ee9ff70"",""yes_price_dollars"":""0.2600""}"
KXETH15M-26APR280230-30,7301be22-0b56-6827-ef9c-79ed157fce3e,1777357201,0.27,8.0,yes,"{""count_fp"":""8.00"",""created_time"":""2026-04-28T06:20:01.305529Z"",""no_price_dollars"":""0.7300"",""taker_side"":""yes"",""ticker"":""KXETH15M-26APR280230-30"",""trade_id"":""7301be22-0b56-6827-ef9c-79ed157fce3e"",""yes_price_dollars"":""0.2700""}"
KXETH15M-26APR280230-30,4255c8dd-d2de-6bd7-d775-bfd7dea67ee6,1777357205,0.27,3.0,yes,"{""count_fp"":""3.00"",""created_time"":""2026-04-28T06:20:05.205547Z"",""no_price_dollars"":""0.7300"",""taker_side"":""yes"",""ticker"":""KXETH15M-26APR280230-30"",""trade_id"":""4255c8dd-d2de-6bd7-d775-bfd7dea67ee6"",""yes_price_dollars"":""0.2700""}"
KXETH15M-26APR280230-30,a2df9dcb-2d3b-7206-9152-d0ba25535f9d,1777357208,0.26,35.23,yes,"{""count_fp"":""35.23"",""created_time"":""2026-04-28T06:20:08.086946Z"",""no_price_dollars"":""0.7400"",""taker_side"":""yes"",""ticker"":""KXETH15M-26APR280230-30"",""trade_id"":""a2df9dcb-2d3b-7206-9152-d0ba25535f9d"",""yes_price_dollars"":""0.2600""}"
KXETH15M-26APR280230-30,d54816c6-f7d4-61c4-db6d-1f9e54ecb7b9,1777357216,0.25,5.0,no,"{""count_fp"":""5.00"",""created_time"":""2026-04-28T06:20:16.074315Z"",""no_price_dollars"":""0.7500"",""taker_side"":""no"",""ticker"":""KXETH15M-26APR280230-30"",""trade_id"":""d54816c6-f7d4-61c4-db6d-1f9e54ecb7b9"",""yes_price_dollars"":""0.2500""}"
KXETH15M-26APR280230-30,8d50ba32-8f23-64e2-ed04-e3f75b236617,1777357216,0.23,10.0,no,"{""count_fp"":""10.00"",""created_time"":""2026-04-28T06:20:16.074315Z"",""no_price_dollars"":""0.7700"",""taker_side"":""no"",""ticker"":""KXETH15M-26APR280230-30"",""trade_id"":""8d50ba32-8f23-64e2-ed04-e3f75b236617"",""yes_price_dollars"":""0.2300""}"
KXETH15M-26APR280230-30,51f03f54-f6ed-66e0-e44e-2e11c0762e2e,1777357216,0.24,10.0,no,"{""count_fp"":""10.00"",""created_time"":""2026-04-28T06:20:16.074315Z"",""no_price_dollars"":""0.7600"",""taker_side"":""no"",""ticker"":""KXETH15M-26APR280230-30"",""trade_id"":""51f03f54-f6ed-66e0-e44e-2e11c0762e2e"",""yes_price_dollars"":""0.2400""}"
KXETH15M-26APR280230-30,1124c8ac-5cd9-6ee4-cb12-a0078c8154d1,1777357216,0.23,1.0,no,"{""count_fp"":""1.00"",""created_time"":""2026-04-28T06:20:16.074315Z"",""no_price_dollars"":""0.7700"",""taker_side"":""no"",""ticker"":""KXETH15M-26APR280230-30"",""trade_id"":""1124c8ac-5cd9-6ee4-cb12-a0078c8154d1"",""yes_price_dollars"":""0.2300""}"
KXETH15M-26APR280230-30,949e8e2a-8a4d-47a6-f54f-411f52b70689,1777357223,0.22,1.0,no,"{""count_fp"":""1.00"",""created_time"":""2026-04-28T06:20:23.648457Z"",""no_price_dollars"":""0.7800"",""taker_side"":""no"",""ticker"":""KXETH15M-26APR280230-30"",""trade_id"":""949e8e2a-8a4d-47a6-f54f-411f52b70689"",""yes_price_dollars"":""0.2200""}"
KXETH15M-26APR280230-30,5d061584-ece1-7df2-73d6-268d51328ea1,1777357225,0.24,1.0,no,"{""count_fp"":""1.00"",""created_time"":""2026-04-28T06:20:25.651164Z"",""no_price_dollars"":""0.7600"",""taker_side"":""no"",""ticker"":""KXETH15M-26APR280230-30"",""trade_id"":""5d061584-ece1-7df2-73d6-268d51328ea1"",""yes_price_dollars"":""0.2400""}"
KXETH15M-26APR280230-30,89bc39e9-9703-77b2-04b6-492391b45ac1,1777357234,0.27,17.61,yes,"{""count_fp"":""17.61"",""created_time"":""2026-04-28T06:20:34.273053Z"",""no_price_dollars"":""0.7300"",""taker_side"":""yes"",""ticker"":""KXETH15M-26APR280230-30"",""trade_id"":""89bc39e9-9703-77b2-04b6-492391b45ac1"",""yes_price_dollars"":""0.2700""}"
KXETH15M-26APR280230-30,3bcc2812-1afb-6ff6-b8a0-54be31381eb5,1777357235,0.27,7.04,yes,"{""count_fp"":""7.04"",""created_time"":""2026-04-28T06:20:35.409512Z"",""no_price_dollars"":""0.7300"",""taker_side"":""yes"",""ticker"":""KXETH15M-26APR280230-30"",""trade_id"":""3bcc2812-1afb-6ff6-b8a0-54be31381eb5"",""yes_price_dollars"":""0.2700""}"
KXETH15M-26APR280230-30,b054da9b-02ce-7e2c-21ed-fffdf4087376,1777357241,0.24,1.0,no,"{""count_fp"":""1.00"",""created_time"":""2026-04-28T06:20:41.750407Z"",""no_price_dollars"":""0.7600"",""taker_side"":""no"",""ticker"":""KXETH15M-26APR280230-30"",""trade_id"":""b054da9b-02ce-7e2c-21ed-fffdf4087376"",""yes_price_dollars"":""0.2400""}"
KXETH15M-26APR280230-30,7dbc9492-07ba-7a35-0bb3-12ddb141f0de,1777357241,0.23,2.44,no,"{""count_fp"":""2.44"",""created_time"":""2026-04-28T06:20:41.750407Z"",""no_price_dollars"":""0.7700"",""taker_side"":""no"",""ticker"":""KXETH15M-26APR280230-30"",""trade_id"":""7dbc9492-07ba-7a35-0bb3-12ddb141f0de"",""yes_price_dollars"":""0.2300""}"
KXETH15M-26APR280230-30,757b9457-dd99-7b76-5433-6c697902322a,1777357252,0.21,90.0,no,"{""count_fp"":""90.00"",""created_time"":""2026-04-28T06:20:52.135342Z"",""no_price_dollars"":""0.7900"",""taker_side"":""no"",""ticker"":""KXETH15M-26APR280230-30"",""trade_id"":""757b9457-dd99-7b76-5433-6c697902322a"",""yes_price_dollars"":""0.2100""}"
KXETH15M-26APR280230-30,26f629b2-263e-7f13-68e4-6c17965f64d4,1777357252,0.22,10.0,no,"{""count_fp"":""10.00"",""created_time"":""2026-04-28T06:20:52.135342Z"",""no_price_dollars"":""0.7800"",""taker_side"":""no"",""ticker"":""KXETH15M-26APR280230-30"",""trade_id"":""26f629b2-263e-7f13-68e4-6c17965f64d4"",""yes_price_dollars"":""0.2200""}"
KXETH15M-26APR280230-30,fb3670c3-79fc-6d75-ca2e-1b88fc1af49a,1777357253,0.16,10.0,no,"{""count_fp"":""10.00"",""created_time"":""2026-04-28T06:20:53.088424Z"",""no_price_dollars"":""0.8400"",""taker_side"":""no"",""ticker"":""KXETH15M-26APR280230-30"",""trade_id"":""fb3670c3-79fc-6d75-ca2e-1b88fc1af49a"",""yes_price_dollars"":""0.1600""}"
KXETH15M-26APR280230-30,a644c9e6-0c5f-6ac3-fe03-265cabdeafb2,1777357253,0.17,5.0,no,"{""count_fp"":""5.00"",""created_time"":""2026-04-28T06:20:53.088424Z"",""no_price_dollars"":""0.8300"",""taker_side"":""no"",""ticker"":""KXETH15M-26APR280230-30"",""trade_id"":""a644c9e6-0c5f-6ac3-fe03-265cabdeafb2"",""yes_price_dollars"":""0.1700""}"
KXETH15M-26APR280230-30,7fe35a54-ec51-6ab8-c1e4-c5c42726c036,1777357253,0.16,1.0,no,"{""count_fp"":""1.00"",""created_time"":""2026-04-28T06:20:53.088424Z"",""no_price_dollars"":""0.8400"",""taker_side"":""no"",""ticker"":""KXETH15M-26APR280230-30"",""trade_id"":""7fe35a54-ec51-6ab8-c1e4-c5c42726c036"",""yes_price_dollars"":""0.1600""}"
KXETH15M-26APR280230-30,771f33c8-aca4-687d-f77c-64c6fa434ad6,1777357253,0.16,1.0,no,"{""count_fp"":""1.00"",""created_time"":""2026-04-28T06:20:53.088424Z"",""no_price_dollars"":""0.8400"",""taker_side"":""no"",""ticker"":""KXETH15M-26APR280230-30"",""trade_id"":""771f33c8-aca4-687d-f77c-64c6fa434ad6"",""yes_price_dollars"":""0.1600""}"
KXETH15M-26APR280230-30,4f4c24ed-d6a0-68a6-f7c6-8b2455d2c651,1777357253,0.19,1.0,no,"{""count_fp"":""1.00"",""created_time"":""2026-04-28T06:20:53.088424Z"",""no_price_dollars"":""0.8100"",""taker_side"":""no"",""ticker"":""KXETH15M-26APR280230-30"",""trade_id"":""4f4c24ed-d6a0-68a6-f7c6-8b2455d2c651"",""yes_price_dollars"":""0.1900""}"
KXETH15M-26APR280230-30,4227f243-2520-672b-df3b-263062f3dbc7,1777357253,0.16,1.0,no,"{""count_fp"":""1.00"",""created_time"":""2026-04-28T06:20:53.088424Z"",""no_price_dollars"":""0.8400"",""taker_side"":""no"",""ticker"":""KXETH15M-26APR280230-30"",""trade_id"":""4227f243-2520-672b-df3b-263062f3dbc7"",""yes_price_dollars"":""0.1600""}"
KXETH15M-26APR280230-30,3be924e8-ab02-6f17-d387-4698740ca759,1777357253,0.2,1.0,no,"{""count_fp"":""1.00"",""created_time"":""2026-04-28T06:20:53.088424Z"",""no_price_dollars"":""0.8000"",""taker_side"":""no"",""ticker"":""KXETH15M-26APR280230-30"",""trade_id"":""3be924e8-ab02-6f17-d387-4698740ca759"",""yes_price_dollars"":""0.2000""}"
KXETH15M-26APR280230-30,17e0bc10-fe27-6ab8-faca-d545acc87757,1777357253,0.17,6.0,no,"{""count_fp"":""6.00"",""created_time"":""2026-04-28T06:20:53.088424Z"",""no_price_dollars"":""0.8300"",""taker_side"":""no"",""ticker"":""KXETH15M-26APR280230-30"",""trade_id"":""17e0bc10-fe27-6ab8-faca-d545acc87757"",""yes_price_dollars"":""0.1700""}"
KXETH15M-26APR280230-30,c34bad14-e3ec-4670-b17c-82a602dbd9a1,1777357255,0.19,1.0,yes,"{""count_fp"":""1.00"",""created_time"":""2026-04-28T06:20:55.229318Z"",""no_price_dollars"":""0.8100"",""taker_side"":""yes"",""ticker"":""KXETH15M-26APR280230-30"",""trade_id"":""c34bad14-e3ec-4670-b17c-82a602dbd9a1"",""yes_price_dollars"":""0.1900""}"
KXETH15M-26APR280230-30,1fa5684a-b32f-450a-bdf0-a0c037eff745,1777357255,0.19,4.0,yes,"{""count_fp"":""4.00"",""created_time"":""2026-04-28T06:20:55.229318Z"",""no_price_dollars"":""0.8100"",""taker_side"":""yes"",""ticker"":""KXETH15M-26APR280230-30"",""trade_id"":""1fa5684a-b32f-450a-bdf0-a0c037eff745"",""yes_price_dollars"":""0.1900""}"
KXETH15M-26APR280230-30,f5e07aa6-a92f-5b42-1dd8-333796ef3b85,1777357257,0.18,100.0,yes,"{""count_fp"":""100.00"",""created_time"":""2026-04-28T06:20:57.320159Z"",""no_price_dollars"":""0.8200"",""taker_side"":""yes"",""ticker"":""KXETH15M-26APR280230-30"",""trade_id"":""f5e07aa6-a92f-5b42-1dd8-333796ef3b85"",""yes_price_dollars"":""0.1800""}"
KXETH15M-26APR280230-30,aa042e7f-49a4-54c7-1fb4-d77902c18399,1777357257,0.19,6.21,yes,"{""count_fp"":""6.21"",""created_time"":""2026-04-28T06:20:57.320159Z"",""no_price_dollars"":""0.8100"",""taker_side"":""yes"",""ticker"":""KXETH15M-26APR280230-30"",""trade_id"":""aa042e7f-49a4-54c7-1fb4-d77902c18399"",""yes_price_dollars"":""0.1900""}"
KXETH15M-26APR280230-30,4dd76223-58b5-5caf-a194-d94c12e78d7e,1777357266,0.16,9.0,no,"{""count_fp"":""9.00"",""created_time"":""2026-04-28T06:21:06.274303Z"",""no_price_dollars"":""0.8400"",""taker_side"":""no"",""ticker"":""KXETH15M-26APR280230-30"",""trade_id"":""4dd76223-58b5-5caf-a194-d94c12e78d7e"",""yes_price_dollars"":""0.1600""}"
KXETH15M-26APR280230-30,e60b20ab-cf27-42d3-5f60-55c3cae416e2,1777357270,0.13,61.0,no,"{""count_fp"":""61.00"",""created_time"":""2026-04-28T06:21:10.118747Z"",""no_price_dollars"":""0.8700"",""taker_side"":""no"",""ticker"":""KXETH15M-26APR280230-30"",""trade_id"":""e60b20ab-cf27-42d3-5f60-55c3cae416e2"",""yes_price_dollars"":""0.1300""}"
KXETH15M-26APR280230-30,a22a121b-529b-4af2-7b9c-d5ad9f90e3fd,1777357270,0.13,6.0,no,"{""count_fp"":""6.00"",""created_time"":""2026-04-28T06:21:10.118747Z"",""no_price_dollars"":""0.8700"",""taker_side"":""no"",""ticker"":""KXETH15M-26APR280230-30"",""trade_id"":""a22a121b-529b-4af2-7b9c-d5ad9f90e3fd"",""yes_price_dollars"":""0.1300""}"
KXETH15M-26APR280230-30,6e302d4d-282f-4880-5df7-ae9f69e4a8a7,1777357270,0.16,7.56,no,"{""count_fp"":""7.56"",""created_time"":""2026-04-28T06:21:10.118747Z"",""no_price_dollars"":""0.8400"",""taker_side"":""no"",""ticker"":""KXETH15M-26APR280230-30"",""trade_id"":""6e302d4d-282f-4880-5df7-ae9f69e4a8a7"",""yes_price_dollars"":""0.1600""}"
KXETH15M-26APR280230-30,35526c1d-b62e-4ff1-452f-996dccb8377f,1777357270,0.13,1.0,no,"{""count_fp"":""1.00"",""created_time"":""2026-04-28T06:21:10.118747Z"",""no_price_dollars"":""0.8700"",""taker_side"":""no"",""ticker"":""KXETH15M-26APR280230-30"",""trade_id"":""35526c1d-b62e-4ff1-452f-996dccb8377f"",""yes_price_dollars"":""0.1300""}"
KXETH15M-26APR280230-30,19820a06-2c98-4f8a-6d62-9a92c08c551b,1777357270,0.14,10.0,no,"{""count_fp"":""10.00"",""created_time"":""2026-04-28T06:21:10.118747Z"",""no_price_dollars"":""0.8600"",""taker_side"":""no"",""ticker"":""KXETH15M-26APR280230-30"",""trade_id"":""19820a06-2c98-4f8a-6d62-9a92c08c551b"",""yes_price_dollars"":""0.1400""}"
KXETH15M-26APR280230-30,6b189750-160e-5ccd-07ec-634343bd417e,1777357271,0.13,1.0,no,"{""count_fp"":""1.00"",""created_time"":""2026-04-28T06:21:11.689333Z"",""no_price_dollars"":""0.8700"",""taker_side"":""no"",""ticker"":""KXETH15M-26APR280230-30"",""trade_id"":""6b189750-160e-5ccd-07ec-634343bd417e"",""yes_price_dollars"":""0.1300""}"
KXETH15M-26APR280230-30,38281e52-fd45-50d6-1452-bfa50c2d440e,1777357271,0.12,49.0,no,"{""count_fp"":""49.00"",""created_time"":""2026-04-28T06:21:11.689333Z"",""no_price_dollars"":""0.8800"",""taker_side"":""no"",""ticker"":""KXETH15M-26APR280230-30"",""trade_id"":""38281e52-fd45-50d6-1452-bfa50c2d440e"",""yes_price_dollars"":""0.1200""}"
KXETH15M-26APR280230-30,e81b7972-9592-7ec0-7537-10628c726b03,1777357275,0.13,1.0,no,"{""count_fp"":""1.00"",""created_time"":""2026-04-28T06:21:15.626854Z"",""no_price_dollars"":""0.8700"",""taker_side"":""no"",""ticker"":""KXETH15M-26APR280230-30"",""trade_id"":""e81b7972-9592-7ec0-7537-10628c726b03"",""yes_price_dollars"":""0.1300""}"
KXETH15M-26APR280230-30,840e1039-4501-7a30-7684-e6d71294efe6,1777357275,0.13,9.3,no,"{""count_fp"":""9.30"",""created_time"":""2026-04-28T06:21:15.626854Z"",""no_price_dollars"":""0.8700"",""taker_side"":""no"",""ticker"":""KXETH15M-26APR280230-30"",""trade_id"":""840e1039-4501-7a30-7684-e6d71294efe6"",""yes_price_dollars"":""0.1300""}"
KXETH15M-26APR280230-30,7ca34693-dc71-7d82-79ed-e5cd97e6d252,1777357275,0.13,9.7,no,"{""count_fp"":""9.70"",""created_time"":""2026-04-28T06:21:15.626854Z"",""no_price_dollars"":""0.8700"",""taker_side"":""no"",""ticker"":""KXETH15M-26APR280230-30"",""trade_id"":""7ca34693-dc71-7d82-79ed-e5cd97e6d252"",""yes_price_dollars"":""0.1300""}"
KXETH15M-26APR280230-30,c1a762b1-0872-6e43-4e64-01d18d06a72d,1777357282,0.15,0.1,yes,"{""count_fp"":""0.10"",""created_time"":""2026-04-28T06:21:22.633652Z"",""no_price_dollars"":""0.8500"",""taker_side"":""yes"",""ticker"":""KXETH15M-26APR280230-30"",""trade_id"":""c1a762b1-0872-6e43-4e64-01d18d06a72d"",""yes_price_dollars"":""0.1500""}"
KXETH15M-26APR280230-30,6515c6cb-1336-69fd-6c72-6baec99d3095,1777357282,0.15,15.0,yes,"{""count_fp"":""15.00"",""created_time"":""2026-04-28T06:21:22.633652Z"",""no_price_dollars"":""0.8500"",""taker_side"":""yes"",""ticker"":""KXETH15M-26APR280230-30"",""trade_id"":""6515c6cb-1336-69fd-6c72-6baec99d3095"",""yes_price_dollars"":""0.1500""}"
KXETH15M-26APR280230-30,0aef9653-2171-6455-6093-9fa487a468d9,1777357282,0.14,4.0,yes,"{""count_fp"":""4.00"",""created_time"":""2026-04-28T06:21:22.633652Z"",""no_price_dollars"":""0.8600"",""taker_side"":""yes"",""ticker"":""KXETH15M-26APR280230-30"",""trade_id"":""0aef9653-2171-6455-6093-9fa487a468d9"",""yes_price_dollars"":""0.1400""}"
KXETH15M-26APR280230-30,58854df1-409d-4d42-776b-31d4ce8be33e,1777357282,0.13,4.55,no,"{""count_fp"":""4.55"",""created_time"":""2026-04-28T06:21:22.444338Z"",""no_price_dollars"":""0.8700"",""taker_side"":""no"",""ticker"":""KXETH15M-26APR280230-30"",""trade_id"":""58854df1-409d-4d42-776b-31d4ce8be33e"",""yes_price_dollars"":""0.1300""}"
KXETH15M-26APR280230-30,ce43dcb9-f0f5-75a6-2b31-aecf02c0fa9a,1777357283,0.13,19.0,no,"{""count_fp"":""19.00"",""created_time"":""2026-04-28T06:21:23.531229Z"",""no_price_dollars"":""0.8700"",""taker_side"":""no"",""ticker"":""KXETH15M-26APR280230-30"",""trade_id"":""ce43dcb9-f0f5-75a6-2b31-aecf02c0fa9a"",""yes_price_dollars"":""0.1300""}"
KXETH15M-26APR280230-30,fbf2fe29-82c1-4272-9d80-c455eddd9b6a,1777357285,0.1,10.0,no,"{""count_fp"":""10.00"",""created_time"":""2026-04-28T06:21:25.949388Z"",""no_price_dollars"":""0.9000"",""taker_side"":""no"",""ticker"":""KXETH15M-26APR280230-30"",""trade_id"":""fbf2fe29-82c1-4272-9d80-c455eddd9b6a"",""yes_price_dollars"":""0.1000""}"
KXETH15M-26APR280230-30,fe2ef6db-d165-644e-effb-737344fab772,1777357285,0.1,23.0,no,"{""count_fp"":""23.00"",""created_time"":""2026-04-28T06:21:25.076507Z"",""no_price_dollars"":""0.9000"",""taker_side"":""no"",""ticker"":""KXETH15M-26APR280230-30"",""trade_id"":""fe2ef6db-d165-644e-effb-737344fab772"",""yes_price_dollars"":""0.1000""}"
KXETH15M-26APR280230-30,ddbc052c-4644-68a6-c39f-e49a87fd772e,1777357285,0.1,3.0,no,"{""count_fp"":""3.00"",""created_time"":""2026-04-28T06:21:25.076507Z"",""no_price_dollars"":""0.9000"",""taker_side"":""no"",""ticker"":""KXETH15M-26APR280230-30"",""trade_id"":""ddbc052c-4644-68a6-c39f-e49a87fd772e"",""yes_price_dollars"":""0.1000""}"
KXETH15M-26APR280230-30,a6e5b8d9-533f-6172-eeee-31c44595e685,1777357285,0.1,1.0,no,"{""count_fp"":""1.00"",""created_time"":""2026-04-28T06:21:25.076507Z"",""no_price_dollars"":""0.9000"",""taker_side"":""no"",""ticker"":""KXETH15M-26APR280230-30"",""trade_id"":""a6e5b8d9-533f-6172-eeee-31c44595e685"",""yes_price_dollars"":""0.1000""}"
KXETH15M-26APR280230-30,9cbde50b-a245-687d-db8b-c72114191e3a,1777357285,0.1,2.0,no,"{""count_fp"":""2.00"",""created_time"":""2026-04-28T06:21:25.076507Z"",""no_price_dollars"":""0.9000"",""taker_side"":""no"",""ticker"":""KXETH15M-26APR280230-30"",""trade_id"":""9cbde50b-a245-687d-db8b-c72114191e3a"",""yes_price_dollars"":""0.1000""}"
KXETH15M-26APR280230-30,94ef3739-7282-6f37-d737-7283ccaf0d77,1777357285,0.1,14.0,no,"{""count_fp"":""14.00"",""created_time"":""2026-04-28T06:21:25.076507Z"",""no_price_dollars"":""0.9000"",""taker_side"":""no"",""ticker"":""KXETH15M-26APR280230-30"",""trade_id"":""94ef3739-7282-6f37-d737-7283ccaf0d77"",""yes_price_dollars"":""0.1000""}"
KXETH15M-26APR280230-30,832d030e-d837-690c-c507-a3bf9c3fd43b,1777357285,0.1,4.0,no,"{""count_fp"":""4.00"",""created_time"":""2026-04-28T06:21:25.076507Z"",""no_price_dollars"":""0.9000"",""taker_side"":""no"",""ticker"":""KXETH15M-26APR280230-30"",""trade_id"":""832d030e-d837-690c-c507-a3bf9c3fd43b"",""yes_price_dollars"":""0.1000""}"
KXETH15M-26APR280230-30,80cc17b0-ec8a-69bd-d306-6bb4ce76a65e,1777357285,0.11,29.0,no,"{""count_fp"":""29.00"",""created_time"":""2026-04-28T06:21:25.076507Z"",""no_price_dollars"":""0.8900"",""taker_side"":""no"",""ticker"":""KXETH15M-26APR280230-30"",""trade_id"":""80cc17b0-ec8a-69bd-d306-6bb4ce76a65e"",""yes_price_dollars"":""0.1100""}"
KXETH15M-26APR280230-30,7201358e-0de7-6176-ddaa-dcc0a7aa8fcc,1777357285,0.1,1.0,no,"{""count_fp"":""1.00"",""created_time"":""2026-04-28T06:21:25.076507Z"",""no_price_dollars"":""0.9000"",""taker_side"":""no"",""ticker"":""KXETH15M-26APR280230-30"",""trade_id"":""7201358e-0de7-6176-ddaa-dcc0a7aa8fcc"",""yes_price_dollars"":""0.1000""}"
KXETH15M-26APR280230-30,5f90d01e-5b58-6dc8-c928-ff8c82e20e3e,1777357285,0.11,1.0,no,"{""count_fp"":""1.00"",""created_time"":""2026-04-28T06:21:25.076507Z"",""no_price_dollars"":""0.8900"",""taker_side"":""no"",""ticker"":""KXETH15M-26APR280230-30"",""trade_id"":""5f90d01e-5b58-6dc8-c928-ff8c82e20e3e"",""yes_price_dollars"":""0.1100""}"
KXETH15M-26APR280230-30,33ba8899-176b-699e-e0b6-50f770310c95,1777357285,0.11,10.0,no,"{""count_fp"":""10.00"",""created_time"":""2026-04-28T06:21:25.076507Z"",""no_price_dollars"":""0.8900"",""taker_side"":""no"",""ticker"":""KXETH15M-26APR280230-30"",""trade_id"":""33ba8899-176b-699e-e0b6-50f770310c95"",""yes_price_dollars"":""0.1100""}"
KXETH15M-26APR280230-30,1c682a25-876b-65a5-d26f-c88542826544,1777357285,0.11,4.0,no,"{""count_fp"":""4.00"",""created_time"":""2026-04-28T06:21:25.076507Z"",""no_price_dollars"":""0.8900"",""taker_side"":""no"",""ticker"":""KXETH15M-26APR280230-30"",""trade_id"":""1c682a25-876b-65a5-d26f-c88542826544"",""yes_price_dollars"":""0.1100""}"
KXETH15M-26APR280230-30,aeb8ba4a-3c38-4279-48d0-13bcb6b7f7be,1777357288,0.13,58.79,yes,"{""count_fp"":""58.79"",""created_time"":""2026-04-28T06:21:28.581538Z"",""no_price_dollars"":""0.8700"",""taker_side"":""yes"",""ticker"":""KXETH15M-26APR280230-30"",""trade_id"":""aeb8ba4a-3c38-4279-48d0-13bcb6b7f7be"",""yes_price_dollars"":""0.1300""}"
KXETH15M-26APR280230-30,20cffc8e-d4aa-637d-82aa-a3d489553548,1777357290,0.091,10.0,no,"{""count_fp"":""10.00"",""created_time"":""2026-04-28T06:21:30.826942Z"",""no_price_dollars"":""0.9090"",""taker_side"":""no"",""ticker"":""KXETH15M-26APR280230-30"",""trade_id"":""20cffc8e-d4aa-637d-82aa-a3d489553548"",""yes_price_dollars"":""0.0910""}"
KXETH15M-26APR280230-30,bfe19be5-b549-629e-be25-ca8c3be217f2,1777357290,0.11,137.0,no,"{""count_fp"":""137.00"",""created_time"":""2026-04-28T06:21:30.108352Z"",""no_price_dollars"":""0.8900"",""taker_side"":""no"",""ticker"":""KXETH15M-26APR280230-30"",""trade_id"":""bfe19be5-b549-629e-be25-ca8c3be217f2"",""yes_price_dollars"":""0.1100""}"
KXETH15M-26APR280230-30,b521aa6c-4a30-6cb8-86f6-8fbb2c6a0270,1777357290,0.11,1.0,no,"{""count_fp"":""1.00"",""created_time"":""2026-04-28T06:21:30.108352Z"",""no_price_dollars"":""0.8900"",""taker_side"":""no"",""ticker"":""KXETH15M-26APR280230-30"",""trade_id"":""b521aa6c-4a30-6cb8-86f6-8fbb2c6a0270"",""yes_price_dollars"":""0.1100""}"
KXETH15M-26APR280230-30,57ac8756-d59b-7cac-7313-a5df945878ba,1777357292,0.11,1.0,yes,"{""count_fp"":""1.00"",""created_time"":""2026-04-28T06:21:32.682632Z"",""no_price_dollars"":""0.8900"",""taker_side"":""yes"",""ticker"":""KXETH15M-26APR280230-30"",""trade_id"":""57ac8756-d59b-7cac-7313-a5df945878ba"",""yes_price_dollars"":""0.1100""}"
KXETH15M-26APR280230-30,273a5a6c-143a-7640-5d01-2b504fb70e3e,1777357292,0.12,2.92,yes,"{""count_fp"":""2.92"",""created_time"":""2026-04-28T06:21:32.682632Z"",""no_price_dollars"":""0.8800"",""taker_side"":""yes"",""ticker"":""KXETH15M-26APR280230-30"",""trade_id"":""273a5a6c-143a-7640-5d01-2b504fb70e3e"",""yes_price_dollars"":""0.1200""}"
KXETH15M-26APR280230-30,73f8c1ad-35e5-7374-66e5-65b193a89039,1777357296,0.11,10.0,yes,"{""count_fp"":""10.00"",""created_time"":""2026-04-28T06:21:36.256878Z"",""no_price_dollars"":""0.8900"",""taker_side"":""yes"",""ticker"":""KXETH15M-26APR280230-30"",""trade_id"":""73f8c1ad-35e5-7374-66e5-65b193a89039"",""yes_price_dollars"":""0.1100""}"
KXETH15M-26APR280230-30,7abf727d-df79-71c2-f760-84e6b8c0fb5e,1777357299,0.1,26.0,no,"{""count_fp"":""26.00"",""created_time"":""2026-04-28T06:21:39.096013Z"",""no_price_dollars"":""0.9000"",""taker_side"":""no"",""ticker"":""KXETH15M-26APR280230-30"",""trade_id"":""7abf727d-df79-71c2-f760-84e6b8c0fb5e"",""yes_price_dollars"":""0.1000""}"
KXETH15M-26APR280230-30,ac004f84-d671-750e-9a73-4801bc3f7642,1777357313,0.1,75.0,no,"{""count_fp"":""75.00"",""created_time"":""2026-04-28T06:21:53.087055Z"",""no_price_dollars"":""0.9000"",""taker_side"":""no"",""ticker"":""KXETH15M-26APR280230-30"",""trade_id"":""ac004f84-d671-750e-9a73-4801bc3f7642"",""yes_price_dollars"":""0.1000""}"
KXETH15M-26APR280230-30,772096df-b5d9-50b6-9770-e55f2374ac26,1777357322,0.1,1.0,no,"{""count_fp"":""1.00"",""created_time"":""2026-04-28T06:22:02.639234Z"",""no_price_dollars"":""0.9000"",""taker_side"":""no"",""ticker"":""KXETH15M-26APR280230-30"",""trade_id"":""772096df-b5d9-50b6-9770-e55f2374ac26"",""yes_price_dollars"":""0.1000""}"
KXETH15M-26APR280230-30,a82dcd5e-045e-7a84-b9a4-941d5a973d76,1777357324,0.12,1.0,yes,"{""count_fp"":""1.00"",""created_time"":""2026-04-28T06:22:04.064791Z"",""no_price_dollars"":""0.8800"",""taker_side"":""yes"",""ticker"":""KXETH15M-26APR280230-30"",""trade_id"":""a82dcd5e-045e-7a84-b9a4-941d5a973d76"",""yes_price_dollars"":""0.1200""}"
KXETH15M-26APR280230-30,9fbf5cee-27c8-78a1-bc0e-8f285f54ed9e,1777357324,0.13,11.6,yes,"{""count_fp"":""11.60"",""created_time"":""2026-04-28T06:22:04.064791Z"",""no_price_dollars"":""0.8700"",""taker_side"":""yes"",""ticker"":""KXETH15M-26APR280230-30"",""trade_id"":""9fbf5cee-27c8-78a1-bc0e-8f285f54ed9e"",""yes_price_dollars"":""0.1300""}"
KXETH15M-26APR280230-30,1e792243-c532-7414-9b2c-556596b09dd6,1777357324,0.12,2.08,yes,"{""count_fp"":""2.08"",""created_time"":""2026-04-28T06:22:04.064791Z"",""no_price_dollars"":""0.8800"",""taker_side"":""yes"",""ticker"":""KXETH15M-26APR280230-30"",""trade_id"":""1e792243-c532-7414-9b2c-556596b09dd6"",""yes_price_dollars"":""0.1200""}"
KXETH15M-26APR280230-30,c555fdf1-2458-5992-9cb2-ded5ad769887,1777357326,0.12,1.0,yes,"{""count_fp"":""1.00"",""created_time"":""2026-04-28T06:22:06.541347Z"",""no_price_dollars"":""0.8800"",""taker_side"":""yes"",""ticker"":""KXETH15M-26APR280230-30"",""trade_id"":""c555fdf1-2458-5992-9cb2-ded5ad769887"",""yes_price_dollars"":""0.1200""}"
KXETH15M-26APR280230-30,59ce250c-b778-5251-81ef-25c8a38f0a7e,1777357326,0.13,13.5,yes,"{""count_fp"":""13.50"",""created_time"":""2026-04-28T06:22:06.541347Z"",""no_price_dollars"":""0.8700"",""taker_side"":""yes"",""ticker"":""KXETH15M-26APR280230-30"",""trade_id"":""59ce250c-b778-5251-81ef-25c8a38f0a7e"",""yes_price_dollars"":""0.1300""}"
KXETH15M-26APR280230-30,4f3491a9-39dd-6496-570d-900d6a43859a,1777357331,0.1,105.0,no,"{""count_fp"":""105.00"",""created_time"":""2026-04-28T06:22:11.128603Z"",""no_price_dollars"":""0.9000"",""taker_side"":""no"",""ticker"":""KXETH15M-26APR280230-30"",""trade_id"":""4f3491a9-39dd-6496-570d-900d6a43859a"",""yes_price_dollars"":""0.1000""}"
KXETH15M-26APR280230-30,2390fa9d-37b9-69fa-8098-578cde10f852,1777357334,0.1,1.0,no,"{""count_fp"":""1.00"",""created_time"":""2026-04-28T06:22:14.655565Z"",""no_price_dollars"":""0.9000"",""taker_side"":""no"",""ticker"":""KXETH15M-26APR280230-30"",""trade_id"":""2390fa9d-37b9-69fa-8098-578cde10f852"",""yes_price_dollars"":""0.1000""}"
KXETH15M-26APR280230-30,ff31f090-8405-676a-2439-7013aea362ca,1777357340,0.1,109.0,no,"{""count_fp"":""109.00"",""created_time"":""2026-04-28T06:22:20.044551Z"",""no_price_dollars"":""0.9000"",""taker_side"":""no"",""ticker"":""KXETH15M-26APR280230-30"",""trade_id"":""ff31f090-8405-676a-2439-7013aea362ca"",""yes_price_dollars"":""0.1000""}"
KXETH15M-26APR280230-30,b7627c0d-0cc0-624e-c7d1-e64e1a7a63f0,1777357349,0.091,10.0,no,"{""count_fp"":""10.00"",""created_time"":""2026-04-28T06:22:29.084503Z"",""no_price_dollars"":""0.9090"",""taker_side"":""no"",""ticker"":""KXETH15M-26APR280230-30"",""trade_id"":""b7627c0d-0cc0-624e-c7d1-e64e1a7a63f0"",""yes_price_dollars"":""0.0910""}"
KXETH15M-26APR280230-30,a319e8ce-c345-65cb-f0fa-33aa07840133,1777357349,0.09,79.71,no,"{""count_fp"":""79.71"",""created_time"":""2026-04-28T06:22:29.084503Z"",""no_price_dollars"":""0.9100"",""taker_side"":""no"",""ticker"":""KXETH15M-26APR280230-30"",""trade_id"":""a319e8ce-c345-65cb-f0fa-33aa07840133"",""yes_price_dollars"":""0.0900""}"
KXETH15M-26APR280230-30,692cbe41-14b2-6b0c-c694-0ea64589bc1b,1777357349,0.091,13.29,no,"{""count_fp"":""13.29"",""created_time"":""2026-04-28T06:22:29.084503Z"",""no_price_dollars"":""0.9090"",""taker_side"":""no"",""ticker"":""KXETH15M-26APR280230-30"",""trade_id"":""692cbe41-14b2-6b0c-c694-0ea64589bc1b"",""yes_price_dollars"":""0.0910""}"
KXETH15M-26APR280230-30,56e512ab-2c1a-629e-d5f4-82b75e5c2e2b,1777357349,0.09,3.0,no,"{""count_fp"":""3.00"",""created_time"":""2026-04-28T06:22:29.084503Z"",""no_price_dollars"":""0.9100"",""taker_side"":""no"",""ticker"":""KXETH15M-26APR280230-30"",""trade_id"":""56e512ab-2c1a-629e-d5f4-82b75e5c2e2b"",""yes_price_dollars"":""0.0900""}"
KXETH15M-26APR280230-30,49571e5b-1fd0-641f-fcfd-b11e6c512eca,1777357349,0.09,1.0,no,"{""count_fp"":""1.00"",""created_time"":""2026-04-28T06:22:29.084503Z"",""no_price_dollars"":""0.9100"",""taker_side"":""no"",""ticker"":""KXETH15M-26APR280230-30"",""trade_id"":""49571e5b-1fd0-641f-fcfd-b11e6c512eca"",""yes_price_dollars"":""0.0900""}"
KXETH15M-26APR280230-30,465a687b-4794-6a06-e79c-331d5a89b9de,1777357349,0.09,4.0,no,"{""count_fp"":""4.00"",""created_time"":""2026-04-28T06:22:29.084503Z"",""no_price_dollars"":""0.9100"",""taker_side"":""no"",""ticker"":""KXETH15M-26APR280230-30"",""trade_id"":""465a687b-4794-6a06-e79c-331d5a89b9de"",""yes_price_dollars"":""0.0900""}"
KXETH15M-26APR280230-30,175026eb-af89-526f-fafb-897d833518bf,1777357352,0.09,200.0,no,"{""count_fp"":""200.00"",""created_time"":""2026-04-28T06:22:32.515408Z"",""no_price_dollars"":""0.9100"",""taker_side"":""no"",""ticker"":""KXETH15M-26APR280230-30"",""trade_id"":""175026eb-af89-526f-fafb-897d833518bf"",""yes_price_dollars"":""0.0900""}"
KXETH15M-26APR280230-30,d868c4d8-5f90-576a-1ec4-446a60f62554,1777357356,0.1,20.0,yes,"{""count_fp"":""20.00"",""created_time"":""2026-04-28T06:22:36.899601Z"",""no_price_dollars"":""0.9000"",""taker_side"":""yes"",""ticker"":""KXETH15M-26APR280230-30"",""trade_id"":""d868c4d8-5f90-576a-1ec4-446a60f62554"",""yes_price_dollars"":""0.1000""}"
KXETH15M-26APR280230-30,41ec41c2-b160-53dc-3118-7e5200544583,1777357356,0.1,20.0,yes,"{""count_fp"":""20.00"",""created_time"":""2026-04-28T06:22:36.899601Z"",""no_price_dollars"":""0.9000"",""taker_side"":""yes"",""ticker"":""KXETH15M-26APR280230-30"",""trade_id"":""41ec41c2-b160-53dc-3118-7e5200544583"",""yes_price_dollars"":""0.1000""}"
KXETH15M-26APR280230-30,3dfb23e8-0d6e-5ea9-1fb3-14509a5a050a,1777357356,0.11,6.33,yes,"{""count_fp"":""6.33"",""created_time"":""2026-04-28T06:22:36.899601Z"",""no_price_dollars"":""0.8900"",""taker_side"":""yes"",""ticker"":""KXETH15M-26APR280230-30"",""trade_id"":""3dfb23e8-0d6e-5ea9-1fb3-14509a5a050a"",""yes_price_dollars"":""0.1100""}"
