ticker,trade_id,ts,yes_price,count,taker_side,raw_json
KXETH15M-26APR280015-15,fdb05714-d93f-6be7-d3a8-83cfa8033082,1777348813,0.51,1.0,yes,"{""count_fp"":""1.00"",""created_time"":""2026-04-28T04:00:13.908488Z"",""no_price_dollars"":""0.4900"",""taker_side"":""yes"",""ticker"":""KXETH15M-26APR280015-15"",""trade_id"":""fdb05714-d93f-6be7-d3a8-83cfa8033082"",""yes_price_dollars"":""0.5100""}"
KXETH15M-26APR280015-15,7a82fbb4-c648-6cd0-f414-f8455ff02c15,1777348813,0.52,9.84,yes,"{""count_fp"":""9.84"",""created_time"":""2026-04-28T04:00:13.908488Z"",""no_price_dollars"":""0.4800"",""taker_side"":""yes"",""ticker"":""KXETH15M-26APR280015-15"",""trade_id"":""7a82fbb4-c648-6cd0-f414-f8455ff02c15"",""yes_price_dollars"":""0.5200""}"
KXETH15M-26APR280015-15,984323ea-e5fb-6d26-cd46-a6ce452b46ad,1777348814,0.51,1.0,yes,"{""count_fp"":""1.00"",""created_time"":""2026-04-28T04:00:14.854868Z"",""no_price_dollars"":""0.4900"",""taker_side"":""yes"",""ticker"":""KXETH15M-26APR280015-15"",""trade_id"":""984323ea-e5fb-6d26-cd46-a6ce452b46ad"",""yes_price_dollars"":""0.5100""}"
KXETH15M-26APR280015-15,ab7edbf6-4293-43de-33ea-fe4b02eeb42b,1777348817,0.49,40.0,no,"{""count_fp"":""40.00"",""created_time"":""2026-04-28T04:00:17.684488Z"",""no_price_dollars"":""0.5100"",""taker_side"":""no"",""ticker"":""KXETH15M-26APR280015-15"",""trade_id"":""ab7edbf6-4293-43de-33ea-fe4b02eeb42b"",""yes_price_dollars"":""0.4900""}"
KXETH15M-26APR280015-15,0f4d2090-d756-4ea8-3079-2500c5c02751,1777348817,0.49,122.0,no,"{""count_fp"":""122.00"",""created_time"":""2026-04-28T04:00:17.684488Z"",""no_price_dollars"":""0.5100"",""taker_side"":""no"",""ticker"":""KXETH15M-26APR280015-15"",""trade_id"":""0f4d2090-d756-4ea8-3079-2500c5c02751"",""yes_price_dollars"":""0.4900""}"
KXETH15M-26APR280015-15,4bb7f130-cce3-5dd5-c698-f53a2e95caae,1777348818,0.44,1.0,yes,"{""count_fp"":""1.00"",""created_time"":""2026-04-28T04:00:18.628646Z"",""no_price_dollars"":""0.5600"",""taker_side"":""yes"",""ticker"":""KXETH15M-26APR280015-15"",""trade_id"":""4bb7f130-cce3-5dd5-c698-f53a2e95caae"",""yes_price_dollars"":""0.4400""}"
KXETH15M-26APR280015-15,667a7e9f-b42e-798f-a969-a7f0b3fa71fa,1777348819,0.47,1.0,yes,"{""count_fp"":""1.00"",""created_time"":""2026-04-28T04:00:19.133978Z"",""no_price_dollars"":""0.5300"",""taker_side"":""yes"",""ticker"":""KXETH15M-26APR280015-15"",""trade_id"":""667a7e9f-b42e-798f-a969-a7f0b3fa71fa"",""yes_price_dollars"":""0.4700""}"
KXETH15M-26APR280015-15,53f9af53-5953-63b4-b724-cab6710e7ace,1777348821,0.45,44.06,no,"{""count_fp"":""44.06"",""created_time"":""2026-04-28T04:00:21.689336Z"",""no_price_dollars"":""0.5500"",""taker_side"":""no"",""ticker"":""KXETH15M-26APR280015-15"",""trade_id"":""53f9af53-5953-63b4-b724-cab6710e7ace"",""yes_price_dollars"":""0.4500""}"
KXETH15M-26APR280015-15,b0569de2-cdac-4004-9538-7882cb440d89,1777348826,0.48,2.01,yes,"{""count_fp"":""2.01"",""created_time"":""2026-04-28T04:00:26.816627Z"",""no_price_dollars"":""0.5200"",""taker_side"":""yes"",""ticker"":""KXETH15M-26APR280015-15"",""trade_id"":""b0569de2-cdac-4004-9538-7882cb440d89"",""yes_price_dollars"":""0.4800""}"
KXETH15M-26APR280015-15,e5824278-3698-5bcc-ff8e-96c6d4044ba5,1777348829,0.48,10.05,yes,"{""count_fp"":""10.05"",""created_time"":""2026-04-28T04:00:29.926119Z"",""no_price_dollars"":""0.5200"",""taker_side"":""yes"",""ticker"":""KXETH15M-26APR280015-15"",""trade_id"":""e5824278-3698-5bcc-ff8e-96c6d4044ba5"",""yes_price_dollars"":""0.4800""}"
KXETH15M-26APR280015-15,e747761d-0688-73d0-0e8e-11ebb1b158ed,1777348829,0.48,60.3,yes,"{""count_fp"":""60.30"",""created_time"":""2026-04-28T04:00:29.632218Z"",""no_price_dollars"":""0.5200"",""taker_side"":""yes"",""ticker"":""KXETH15M-26APR280015-15"",""trade_id"":""e747761d-0688-73d0-0e8e-11ebb1b158ed"",""yes_price_dollars"":""0.4800""}"
KXETH15M-26APR280015-15,e9fb7e53-3255-50da-7f5e-10c895ac040e,1777348830,0.5,60.0,yes,"{""count_fp"":""60.00"",""created_time"":""2026-04-28T04:00:30.796962Z"",""no_price_dollars"":""0.5000"",""taker_side"":""yes"",""ticker"":""KXETH15M-26APR280015-15"",""trade_id"":""e9fb7e53-3255-50da-7f5e-10c895ac040e"",""yes_price_dollars"":""0.5000""}"
KXETH15M-26APR280015-15,cae685e7-e45c-54ec-5129-81f1b74bc54d,1777348830,0.48,477.8,yes,"{""count_fp"":""477.80"",""created_time"":""2026-04-28T04:00:30.796962Z"",""no_price_dollars"":""0.5200"",""taker_side"":""yes"",""ticker"":""KXETH15M-26APR280015-15"",""trade_id"":""cae685e7-e45c-54ec-5129-81f1b74bc54d"",""yes_price_dollars"":""0.4800""}"
KXETH15M-26APR280015-15,87648fa6-49bc-55cc-4e8a-42f384a20a54,1777348830,0.48,1.0,yes,"{""count_fp"":""1.00"",""created_time"":""2026-04-28T04:00:30.796962Z"",""no_price_dollars"":""0.5200"",""taker_side"":""yes"",""ticker"":""KXETH15M-26APR280015-15"",""trade_id"":""87648fa6-49bc-55cc-4e8a-42f384a20a54"",""yes_price_dollars"":""0.4800""}"
KXETH15M-26APR280015-15,847df3bd-7523-5573-7bd3-2ee1106757d6,1777348830,0.5,10.0,yes,"{""count_fp"":""10.00"",""created_time"":""2026-04-28T04:00:30.796962Z"",""no_price_dollars"":""0.5000"",""taker_side"":""yes"",""ticker"":""KXETH15M-26APR280015-15"",""trade_id"":""847df3bd-7523-5573-7bd3-2ee1106757d6"",""yes_price_dollars"":""0.5000""}"
KXETH15M-26APR280015-15,2b8297f4-8112-5589-7a4d-236cef120b6b,1777348830,0.55,50.0,yes,"{""count_fp"":""50.00"",""created_time"":""2026-04-28T04:00:30.796962Z"",""no_price_dollars"":""0.4500"",""taker_side"":""yes"",""ticker"":""KXETH15M-26APR280015-15"",""trade_id"":""2b8297f4-8112-5589-7a4d-236cef120b6b"",""yes_price_dollars"":""0.5500""}"
KXETH15M-26APR280015-15,f5785b17-0955-7cbe-0ddf-a7f4666fbf9b,1777348832,0.47,1.0,no,"{""count_fp"":""1.00"",""created_time"":""2026-04-28T04:00:32.680502Z"",""no_price_dollars"":""0.5300"",""taker_side"":""no"",""ticker"":""KXETH15M-26APR280015-15"",""trade_id"":""f5785b17-0955-7cbe-0ddf-a7f4666fbf9b"",""yes_price_dollars"":""0.4700""}"
KXETH15M-26APR280015-15,4cee436c-56b7-78a8-2b53-b1de7b62a4a2,1777348832,0.45,6.82,no,"{""count_fp"":""6.82"",""created_time"":""2026-04-28T04:00:32.680502Z"",""no_price_dollars"":""0.5500"",""taker_side"":""no"",""ticker"":""KXETH15M-26APR280015-15"",""trade_id"":""4cee436c-56b7-78a8-2b53-b1de7b62a4a2"",""yes_price_dollars"":""0.4500""}"
KXETH15M-26APR280015-15,227a8fb6-ea23-70a3-1830-5be6276dddd6,1777348832,0.46,10.0,no,"{""count_fp"":""10.00"",""created_time"":""2026-04-28T04:00:32.680502Z"",""no_price_dollars"":""0.5400"",""taker_side"":""no"",""ticker"":""KXETH15M-26APR280015-15"",""trade_id"":""227a8fb6-ea23-70a3-1830-5be6276dddd6"",""yes_price_dollars"":""0.4600""}"
KXETH15M-26APR280015-15,217fe935-9cc7-44f0-6037-30fc65bea9a2,1777348838,0.45,8.81,no,"{""count_fp"":""8.81"",""created_time"":""2026-04-28T04:00:38.655033Z"",""no_price_dollars"":""0.5500"",""taker_side"":""no"",""ticker"":""KXETH15M-26APR280015-15"",""trade_id"":""217fe935-9cc7-44f0-6037-30fc65bea9a2"",""yes_price_dollars"":""0.4500""}"
KXETH15M-26APR280015-15,32905849-84e3-4750-48e3-4d63076a799e,1777348841,0.45,8.81,no,"{""count_fp"":""8.81"",""created_time"":""2026-04-28T04:00:41.338026Z"",""no_price_dollars"":""0.5500"",""taker_side"":""no"",""ticker"":""KXETH15M-26APR280015-15"",""trade_id"":""32905849-84e3-4750-48e3-4d63076a799e"",""yes_price_dollars"":""0.4500""}"
KXETH15M-26APR280015-15,59dd06c7-7e0b-42ec-9852-4201ef6361ba,1777348842,0.45,5.0,no,"{""count_fp"":""5.00"",""created_time"":""2026-04-28T04:00:42.918539Z"",""no_price_dollars"":""0.5500"",""taker_side"":""no"",""ticker"":""KXETH15M-26APR280015-15"",""trade_id"":""59dd06c7-7e0b-42ec-9852-4201ef6361ba"",""yes_price_dollars"":""0.4500""}"
KXETH15M-26APR280015-15,b5751043-4307-5b7c-7640-5ec3eb2f38ce,1777348844,0.45,1.0,no,"{""count_fp"":""1.00"",""created_time"":""2026-04-28T04:00:44.112045Z"",""no_price_dollars"":""0.5500"",""taker_side"":""no"",""ticker"":""KXETH15M-26APR280015-15"",""trade_id"":""b5751043-4307-5b7c-7640-5ec3eb2f38ce"",""yes_price_dollars"":""0.4500""}"
KXETH15M-26APR280015-15,818ea034-fa9f-5d18-0677-a6a868f086de,1777348848,0.45,88.13,no,"{""count_fp"":""88.13"",""created_time"":""2026-04-28T04:00:48.853541Z"",""no_price_dollars"":""0.5500"",""taker_side"":""no"",""ticker"":""KXETH15M-26APR280015-15"",""trade_id"":""818ea034-fa9f-5d18-0677-a6a868f086de"",""yes_price_dollars"":""0.4500""}"
KXETH15M-26APR280015-15,c35cb13a-11ce-5691-b3ca-dbeed91343d6,1777348863,0.46,5.0,no,"{""count_fp"":""5.00"",""created_time"":""2026-04-28T04:01:03.983924Z"",""no_price_dollars"":""0.5400"",""taker_side"":""no"",""ticker"":""KXETH15M-26APR280015-15"",""trade_id"":""c35cb13a-11ce-5691-b3ca-dbeed91343d6"",""yes_price_dollars"":""0.4600""}"
KXETH15M-26APR280015-15,02680232-b047-6500-f004-880f1b3c6d42,1777348864,0.45,8.61,no,"{""count_fp"":""8.61"",""created_time"":""2026-04-28T04:01:04.095655Z"",""no_price_dollars"":""0.5500"",""taker_side"":""no"",""ticker"":""KXETH15M-26APR280015-15"",""trade_id"":""02680232-b047-6500-f004-880f1b3c6d42"",""yes_price_dollars"":""0.4500""}"
KXETH15M-26APR280015-15,9a93c65f-0192-7b08-dac4-a75e3029d1c8,1777348867,0.47,10.0,yes,"{""count_fp"":""10.00"",""created_time"":""2026-04-28T04:01:07.271156Z"",""no_price_dollars"":""0.5300"",""taker_side"":""yes"",""ticker"":""KXETH15M-26APR280015-15"",""trade_id"":""9a93c65f-0192-7b08-dac4-a75e3029d1c8"",""yes_price_dollars"":""0.4700""}"
KXETH15M-26APR280015-15,c3b72318-cafa-7770-03f3-09a0b752fc2c,1777348871,0.47,10.25,yes,"{""count_fp"":""10.25"",""created_time"":""2026-04-28T04:01:11.785273Z"",""no_price_dollars"":""0.5300"",""taker_side"":""yes"",""ticker"":""KXETH15M-26APR280015-15"",""trade_id"":""c3b72318-cafa-7770-03f3-09a0b752fc2c"",""yes_price_dollars"":""0.4700""}"
KXETH15M-26APR280015-15,e2ef27b3-9f93-694a-3193-ac8ef81d4339,1777348873,0.43,1.0,no,"{""count_fp"":""1.00"",""created_time"":""2026-04-28T04:01:13.319804Z"",""no_price_dollars"":""0.5700"",""taker_side"":""no"",""ticker"":""KXETH15M-26APR280015-15"",""trade_id"":""e2ef27b3-9f93-694a-3193-ac8ef81d4339"",""yes_price_dollars"":""0.4300""}"
KXETH15M-26APR280015-15,53c26652-f546-695b-33a0-e84cbf8071f1,1777348873,0.4,4.0,no,"{""count_fp"":""4.00"",""created_time"":""2026-04-28T04:01:13.319804Z"",""no_price_dollars"":""0.6000"",""taker_side"":""no"",""ticker"":""KXETH15M-26APR280015-15"",""trade_id"":""53c26652-f546-695b-33a0-e84cbf8071f1"",""yes_price_dollars"":""0.4000""}"
KXETH15M-26APR280015-15,a93608b3-5a26-5197-d9ab-f21094fa7af9,1777348873,0.43,9.0,no,"{""count_fp"":""9.00"",""created_time"":""2026-04-28T04:01:13.054342Z"",""no_price_dollars"":""0.5700"",""taker_side"":""no"",""ticker"":""KXETH15M-26APR280015-15"",""trade_id"":""a93608b3-5a26-5197-d9ab-f21094fa7af9"",""yes_price_dollars"":""0.4300""}"
KXETH15M-26APR280015-15,4dddc3c2-b45d-6a88-03cb-e23b7cac3d61,1777348873,0.44,1.0,no,"{""count_fp"":""1.00"",""created_time"":""2026-04-28T04:01:13.052719Z"",""no_price_dollars"":""0.5600"",""taker_side"":""no"",""ticker"":""KXETH15M-26APR280015-15"",""trade_id"":""4dddc3c2-b45d-6a88-03cb-e23b7cac3d61"",""yes_price_dollars"":""0.4400""}"
KXETH15M-26APR280015-15,40246170-6ef8-6d74-3f05-0bbf84cc4752,1777348873,0.43,10.0,no,"{""count_fp"":""10.00"",""created_time"":""2026-04-28T04:01:13.052719Z"",""no_price_dollars"":""0.5700"",""taker_side"":""no"",""ticker"":""KXETH15M-26APR280015-15"",""trade_id"":""40246170-6ef8-6d74-3f05-0bbf84cc4752"",""yes_price_dollars"":""0.4300""}"
KXETH15M-26APR280015-15,0a2c36b8-23ce-6587-2057-0598a836402d,1777348873,0.43,1.0,no,"{""count_fp"":""1.00"",""created_time"":""2026-04-28T04:01:13.052719Z"",""no_price_dollars"":""0.5700"",""taker_side"":""no"",""ticker"":""KXETH15M-26APR280015-15"",""trade_id"":""0a2c36b8-23ce-6587-2057-0598a836402d"",""yes_price_dollars"":""0.4300""}"
KXETH15M-26APR280015-15,4a4820f0-f5a5-527c-2fa6-acf95ff576b5,1777348873,0.45,1.0,no,"{""count_fp"":""1.00"",""created_time"":""2026-04-28T04:01:13.023266Z"",""no_price_dollars"":""0.5500"",""taker_side"":""no"",""ticker"":""KXETH15M-26APR280015-15"",""trade_id"":""4a4820f0-f5a5-527c-2fa6-acf95ff576b5"",""yes_price_dollars"":""0.4500""}"
KXETH15M-26APR280015-15,cad1bfad-fd13-6d91-58ef-fc2eec15202d,1777348874,0.4,1.0,no,"{""count_fp"":""1.00"",""created_time"":""2026-04-28T04:01:14.842507Z"",""no_price_dollars"":""0.6000"",""taker_side"":""no"",""ticker"":""KXETH15M-26APR280015-15"",""trade_id"":""cad1bfad-fd13-6d91-58ef-fc2eec15202d"",""yes_price_dollars"":""0.4000""}"
KXETH15M-26APR280015-15,e27f7416-9ae5-78d9-1b16-18e2f51357d6,1777348874,0.37,1.0,yes,"{""count_fp"":""1.00"",""created_time"":""2026-04-28T04:01:14.089387Z"",""no_price_dollars"":""0.6300"",""taker_side"":""yes"",""ticker"":""KXETH15M-26APR280015-15"",""trade_id"":""e27f7416-9ae5-78d9-1b16-18e2f51357d6"",""yes_price_dollars"":""0.3700""}"
KXETH15M-26APR280015-15,ba8eb053-e3e7-7555-1894-eafaa6c75fa7,1777348874,0.43,6.0,yes,"{""count_fp"":""6.00"",""created_time"":""2026-04-28T04:01:14.089387Z"",""no_price_dollars"":""0.5700"",""taker_side"":""yes"",""ticker"":""KXETH15M-26APR280015-15"",""trade_id"":""ba8eb053-e3e7-7555-1894-eafaa6c75fa7"",""yes_price_dollars"":""0.4300""}"
KXETH15M-26APR280015-15,aabdd704-88b4-77da-cf64-faae983d0b2d,1777348880,0.38,10.26,no,"{""count_fp"":""10.26"",""created_time"":""2026-04-28T04:01:20.483344Z"",""no_price_dollars"":""0.6200"",""taker_side"":""no"",""ticker"":""KXETH15M-26APR280015-15"",""trade_id"":""aabdd704-88b4-77da-cf64-faae983d0b2d"",""yes_price_dollars"":""0.3800""}"
KXETH15M-26APR280015-15,19c51184-1b53-73e9-f7e4-9e3184d0fb51,1777348880,0.37,142.46,no,"{""count_fp"":""142.46"",""created_time"":""2026-04-28T04:01:20.483344Z"",""no_price_dollars"":""0.6300"",""taker_side"":""no"",""ticker"":""KXETH15M-26APR280015-15"",""trade_id"":""19c51184-1b53-73e9-f7e4-9e3184d0fb51"",""yes_price_dollars"":""0.3700""}"
KXETH15M-26APR280015-15,126c889d-4339-7aac-cb15-7fc5078c42d1,1777348880,0.38,2.0,no,"{""count_fp"":""2.00"",""created_time"":""2026-04-28T04:01:20.483344Z"",""no_price_dollars"":""0.6200"",""taker_side"":""no"",""ticker"":""KXETH15M-26APR280015-15"",""trade_id"":""126c889d-4339-7aac-cb15-7fc5078c42d1"",""yes_price_dollars"":""0.3800""}"
KXETH15M-26APR280015-15,dc1e2fa4-8ec9-6554-980e-03866125899e,1777348880,0.4,10.0,yes,"{""count_fp"":""10.00"",""created_time"":""2026-04-28T04:01:20.325073Z"",""no_price_dollars"":""0.6000"",""taker_side"":""yes"",""ticker"":""KXETH15M-26APR280015-15"",""trade_id"":""dc1e2fa4-8ec9-6554-980e-03866125899e"",""yes_price_dollars"":""0.4000""}"
KXETH15M-26APR280015-15,3d9b592c-13a1-6228-b09e-a800cce8d773,1777348880,0.39,1.0,yes,"{""count_fp"":""1.00"",""created_time"":""2026-04-28T04:01:20.325073Z"",""no_price_dollars"":""0.6100"",""taker_side"":""yes"",""ticker"":""KXETH15M-26APR280015-15"",""trade_id"":""3d9b592c-13a1-6228-b09e-a800cce8d773"",""yes_price_dollars"":""0.3900""}"
KXETH15M-26APR280015-15,e13442c8-f143-478a-3e22-9af4d1e0e529,1777348884,0.37,1.0,no,"{""count_fp"":""1.00"",""created_time"":""2026-04-28T04:01:24.287492Z"",""no_price_dollars"":""0.6300"",""taker_side"":""no"",""ticker"":""KXETH15M-26APR280015-15"",""trade_id"":""e13442c8-f143-478a-3e22-9af4d1e0e529"",""yes_price_dollars"":""0.3700""}"
KXETH15M-26APR280015-15,4c9bbf6a-f7ca-411c-28a3-c053aed90740,1777348884,0.35,4.0,no,"{""count_fp"":""4.00"",""created_time"":""2026-04-28T04:01:24.287492Z"",""no_price_dollars"":""0.6500"",""taker_side"":""no"",""ticker"":""KXETH15M-26APR280015-15"",""trade_id"":""4c9bbf6a-f7ca-411c-28a3-c053aed90740"",""yes_price_dollars"":""0.3500""}"
KXETH15M-26APR280015-15,a3d9cfdf-f8d3-44cb-d752-20d380e4c1d9,1777348888,0.37,1.0,no,"{""count_fp"":""1.00"",""created_time"":""2026-04-28T04:01:28.112153Z"",""no_price_dollars"":""0.6300"",""taker_side"":""no"",""ticker"":""KXETH15M-26APR280015-15"",""trade_id"":""a3d9cfdf-f8d3-44cb-d752-20d380e4c1d9"",""yes_price_dollars"":""0.3700""}"
KXETH15M-26APR280015-15,16684a2a-866d-4595-df2a-97c5dd248e89,1777348888,0.32,8.0,no,"{""count_fp"":""8.00"",""created_time"":""2026-04-28T04:01:28.112153Z"",""no_price_dollars"":""0.6800"",""taker_side"":""no"",""ticker"":""KXETH15M-26APR280015-15"",""trade_id"":""16684a2a-866d-4595-df2a-97c5dd248e89"",""yes_price_dollars"":""0.3200""}"
KXETH15M-26APR280015-15,0f5b1cd7-9435-4877-bb51-2303a765b1d2,1777348891,0.31,10.0,no,"{""count_fp"":""10.00"",""created_time"":""2026-04-28T04:01:31.778556Z"",""no_price_dollars"":""0.6900"",""taker_side"":""no"",""ticker"":""KXETH15M-26APR280015-15"",""trade_id"":""0f5b1cd7-9435-4877-bb51-2303a765b1d2"",""yes_price_dollars"":""0.3100""}"
KXETH15M-26APR280015-15,c9f399e9-ab55-45b3-0c54-e72adae6a5cc,1777348891,0.34,1.0,no,"{""count_fp"":""1.00"",""created_time"":""2026-04-28T04:01:31.766612Z"",""no_price_dollars"":""0.6600"",""taker_side"":""no"",""ticker"":""KXETH15M-26APR280015-15"",""trade_id"":""c9f399e9-ab55-45b3-0c54-e72adae6a5cc"",""yes_price_dollars"":""0.3400""}"
KXETH15M-26APR280015-15,68a123e1-e79c-5f90-9bbf-2a068d53dd36,1777348892,0.32,1.0,no,"{""count_fp"":""1.00"",""created_time"":""2026-04-28T04:01:32.789195Z"",""no_price_dollars"":""0.6800"",""taker_side"":""no"",""ticker"":""KXETH15M-26APR280015-15"",""trade_id"":""68a123e1-e79c-5f90-9bbf-2a068d53dd36"",""yes_price_dollars"":""0.3200""}"
KXETH15M-26APR280015-15,94b9ebd2-4ffd-6ed2-0e76-83367fddc5df,1777348892,0.33,1.0,yes,"{""count_fp"":""1.00"",""created_time"":""2026-04-28T04:01:32.372874Z"",""no_price_dollars"":""0.6700"",""taker_side"":""yes"",""ticker"":""KXETH15M-26APR280015-15"",""trade_id"":""94b9ebd2-4ffd-6ed2-0e76-83367fddc5df"",""yes_price_dollars"":""0.3300""}"
KXETH15M-26APR280015-15,812f2db0-81d7-6d9b-7115-db1a83d06255,1777348893,0.33,1.0,no,"{""count_fp"":""1.00"",""created_time"":""2026-04-28T04:01:33.928706Z"",""no_price_dollars"":""0.6700"",""taker_side"":""no"",""ticker"":""KXETH15M-26APR280015-15"",""trade_id"":""812f2db0-81d7-6d9b-7115-db1a83d06255"",""yes_price_dollars"":""0.3300""}"
KXETH15M-26APR280015-15,cd3adec8-71d8-62d3-ca9e-df12f23d37d1,1777348893,0.33,1.0,no,"{""count_fp"":""1.00"",""created_time"":""2026-04-28T04:01:33.705323Z"",""no_price_dollars"":""0.6700"",""taker_side"":""no"",""ticker"":""KXETH15M-26APR280015-15"",""trade_id"":""cd3adec8-71d8-62d3-ca9e-df12f23d37d1"",""yes_price_dollars"":""0.3300""}"
KXETH15M-26APR280015-15,29ae39cb-42c5-5f2c-d697-3b23d4afa2ba,1777348893,0.33,1.0,no,"{""count_fp"":""1.00"",""created_time"":""2026-04-28T04:01:33.252243Z"",""no_price_dollars"":""0.6700"",""taker_side"":""no"",""ticker"":""KXETH15M-26APR280015-15"",""trade_id"":""29ae39cb-42c5-5f2c-d697-3b23d4afa2ba"",""yes_price_dollars"":""0.3300""}"
KXETH15M-26APR280015-15,5db27fa7-b9b1-4a8e-e745-29edc7812a97,1777348893,0.33,6.0,yes,"{""count_fp"":""6.00"",""created_time"":""2026-04-28T04:01:33.032693Z"",""no_price_dollars"":""0.6700"",""taker_side"":""yes"",""ticker"":""KXETH15M-26APR280015-15"",""trade_id"":""5db27fa7-b9b1-4a8e-e745-29edc7812a97"",""yes_price_dollars"":""0.3300""}"
KXETH15M-26APR280015-15,0b8c6bcc-37e3-7185-5f5c-f04d9241abea,1777348893,0.32,1.0,no,"{""count_fp"":""1.00"",""created_time"":""2026-04-28T04:01:33.019174Z"",""no_price_dollars"":""0.6800"",""taker_side"":""no"",""ticker"":""KXETH15M-26APR280015-15"",""trade_id"":""0b8c6bcc-37e3-7185-5f5c-f04d9241abea"",""yes_price_dollars"":""0.3200""}"
KXETH15M-26APR280015-15,76d970d6-a56a-4ba3-2695-e57f03e0d120,1777348894,0.32,1.0,no,"{""count_fp"":""1.00"",""created_time"":""2026-04-28T04:01:34.828505Z"",""no_price_dollars"":""0.6800"",""taker_side"":""no"",""ticker"":""KXETH15M-26APR280015-15"",""trade_id"":""76d970d6-a56a-4ba3-2695-e57f03e0d120"",""yes_price_dollars"":""0.3200""}"
KXETH15M-26APR280015-15,81b7bba8-b4a5-59ea-834d-438d2af4340f,1777348895,0.33,13.07,yes,"{""count_fp"":""13.07"",""created_time"":""2026-04-28T04:01:35.908668Z"",""no_price_dollars"":""0.6700"",""taker_side"":""yes"",""ticker"":""KXETH15M-26APR280015-15"",""trade_id"":""81b7bba8-b4a5-59ea-834d-438d2af4340f"",""yes_price_dollars"":""0.3300""}"
KXETH15M-26APR280015-15,72051dcc-25e8-5c56-99f4-42a46b329a1e,1777348895,0.33,1.0,yes,"{""count_fp"":""1.00"",""created_time"":""2026-04-28T04:01:35.908668Z"",""no_price_dollars"":""0.6700"",""taker_side"":""yes"",""ticker"":""KXETH15M-26APR280015-15"",""trade_id"":""72051dcc-25e8-5c56-99f4-42a46b329a1e"",""yes_price_dollars"":""0.3300""}"
KXETH15M-26APR280015-15,34e5bb52-8323-4775-dd7a-5087b7b1be93,1777348895,0.31,1.0,no,"{""count_fp"":""1.00"",""created_time"":""2026-04-28T04:01:35.843808Z"",""no_price_dollars"":""0.6900"",""taker_side"":""no"",""ticker"":""KXETH15M-26APR280015-15"",""trade_id"":""34e5bb52-8323-4775-dd7a-5087b7b1be93"",""yes_price_dollars"":""0.3100""}"
KXETH15M-26APR280015-15,8f1c14b7-b654-7033-5f35-5d12613d263a,1777348895,0.31,60.0,no,"{""count_fp"":""60.00"",""created_time"":""2026-04-28T04:01:35.010477Z"",""no_price_dollars"":""0.6900"",""taker_side"":""no"",""ticker"":""KXETH15M-26APR280015-15"",""trade_id"":""8f1c14b7-b654-7033-5f35-5d12613d263a"",""yes_price_dollars"":""0.3100""}"
KXETH15M-26APR280015-15,81335aad-1be9-734e-567d-8d1916698bce,1777348895,0.31,4.86,no,"{""count_fp"":""4.86"",""created_time"":""2026-04-28T04:01:35.010477Z"",""no_price_dollars"":""0.6900"",""taker_side"":""no"",""ticker"":""KXETH15M-26APR280015-15"",""trade_id"":""81335aad-1be9-734e-567d-8d1916698bce"",""yes_price_dollars"":""0.3100""}"
KXETH15M-26APR280015-15,57130d66-1a45-7b2b-54dd-d3b098204b0f,1777348895,0.31,5.0,no,"{""count_fp"":""5.00"",""created_time"":""2026-04-28T04:01:35.010477Z"",""no_price_dollars"":""0.6900"",""taker_side"":""no"",""ticker"":""KXETH15M-26APR280015-15"",""trade_id"":""57130d66-1a45-7b2b-54dd-d3b098204b0f"",""yes_price_dollars"":""0.3100""}"
KXETH15M-26APR280015-15,264158f4-06f0-78c3-605d-11acdb44d0f0,1777348895,0.32,1.0,no,"{""count_fp"":""1.00"",""created_time"":""2026-04-28T04:01:35.010477Z"",""no_price_dollars"":""0.6800"",""taker_side"":""no"",""ticker"":""KXETH15M-26APR280015-15"",""trade_id"":""264158f4-06f0-78c3-605d-11acdb44d0f0"",""yes_price_dollars"":""0.3200""}"
KXETH15M-26APR280015-15,c3bdb11d-53ae-52d6-84c9-02527791467c,1777348896,0.31,1.0,no,"{""count_fp"":""1.00"",""created_time"":""2026-04-28T04:01:36.068672Z"",""no_price_dollars"":""0.6900"",""taker_side"":""no"",""ticker"":""KXETH15M-26APR280015-15"",""trade_id"":""c3bdb11d-53ae-52d6-84c9-02527791467c"",""yes_price_dollars"":""0.3100""}"
KXETH15M-26APR280015-15,f864ef24-288f-6981-80ca-d52d7070cd35,1777348899,0.3,39.3,no,"{""count_fp"":""39.30"",""created_time"":""2026-04-28T04:01:39.439535Z"",""no_price_dollars"":""0.7000"",""taker_side"":""no"",""ticker"":""KXETH15M-26APR280015-15"",""trade_id"":""f864ef24-288f-6981-80ca-d52d7070cd35"",""yes_price_dollars"":""0.3000""}"
KXETH15M-26APR280015-15,b1b33876-a1a2-6556-9d1b-f036d0f98cda,1777348899,0.32,1.0,no,"{""count_fp"":""1.00"",""created_time"":""2026-04-28T04:01:39.439535Z"",""no_price_dollars"":""0.6800"",""taker_side"":""no"",""ticker"":""KXETH15M-26APR280015-15"",""trade_id"":""b1b33876-a1a2-6556-9d1b-f036d0f98cda"",""yes_price_dollars"":""0.3200""}"
KXETH15M-26APR280015-15,74593e21-efbc-6bfc-b55f-97fbc165c8ed,1777348899,0.31,10.0,no,"{""count_fp"":""10.00"",""created_time"":""2026-04-28T04:01:39.439535Z"",""no_price_dollars"":""0.6900"",""taker_side"":""no"",""ticker"":""KXETH15M-26APR280015-15"",""trade_id"":""74593e21-efbc-6bfc-b55f-97fbc165c8ed"",""yes_price_dollars"":""0.3100""}"
KXETH15M-26APR280015-15,117ca1de-9ec4-6686-a002-42b4bb7dab3f,1777348899,0.31,10.0,no,"{""count_fp"":""10.00"",""created_time"":""2026-04-28T04:01:39.439535Z"",""no_price_dollars"":""0.6900"",""taker_side"":""no"",""ticker"":""KXETH15M-26APR280015-15"",""trade_id"":""117ca1de-9ec4-6686-a002-42b4bb7dab3f"",""yes_price_dollars"":""0.3100""}"
KXETH15M-26APR280015-15,d6024f82-018a-7abf-82f8-77e72b523c9d,1777348905,0.28,9.0,no,"{""count_fp"":""9.00"",""created_time"":""2026-04-28T04:01:45.759281Z"",""no_price_dollars"":""0.7200"",""taker_side"":""no"",""ticker"":""KXETH15M-26APR280015-15"",""trade_id"":""d6024f82-018a-7abf-82f8-77e72b523c9d"",""yes_price_dollars"":""0.2800""}"
KXETH15M-26APR280015-15,6bc5cd5e-bf15-48e6-eb1a-8b3ffe54d75f,1777348905,0.31,7.82,yes,"{""count_fp"":""7.82"",""created_time"":""2026-04-28T04:01:45.306326Z"",""no_price_dollars"":""0.6900"",""taker_side"":""yes"",""ticker"":""KXETH15M-26APR280015-15"",""trade_id"":""6bc5cd5e-bf15-48e6-eb1a-8b3ffe54d75f"",""yes_price_dollars"":""0.3100""}"
KXETH15M-26APR280015-15,46088ad4-5039-4c93-d28b-9013c3ad5bca,1777348905,0.31,10.0,yes,"{""count_fp"":""10.00"",""created_time"":""2026-04-28T04:01:45.306326Z"",""no_price_dollars"":""0.6900"",""taker_side"":""yes"",""ticker"":""KXETH15M-26APR280015-15"",""trade_id"":""46088ad4-5039-4c93-d28b-9013c3ad5bca"",""yes_price_dollars"":""0.3100""}"
KXETH15M-26APR280015-15,8e111ebe-6f9d-7c9e-ccdd-c478fc2874a7,1777348909,0.28,10.0,no,"{""count_fp"":""10.00"",""created_time"":""2026-04-28T04:01:49.048544Z"",""no_price_dollars"":""0.7200"",""taker_side"":""no"",""ticker"":""KXETH15M-26APR280015-15"",""trade_id"":""8e111ebe-6f9d-7c9e-ccdd-c478fc2874a7"",""yes_price_dollars"":""0.2800""}"
KXETH15M-26APR280015-15,1a894a04-1713-7bb9-f0c1-fad541230241,1777348909,0.28,12.0,no,"{""count_fp"":""12.00"",""created_time"":""2026-04-28T04:01:49.048544Z"",""no_price_dollars"":""0.7200"",""taker_side"":""no"",""ticker"":""KXETH15M-26APR280015-15"",""trade_id"":""1a894a04-1713-7bb9-f0c1-fad541230241"",""yes_price_dollars"":""0.2800""}"
KXETH15M-26APR280015-15,c6ff949e-a4c1-6e7e-0ee5-2cf1940ac7a0,1777348914,0.24,1.0,no,"{""count_fp"":""1.00"",""created_time"":""2026-04-28T04:01:54.360253Z"",""no_price_dollars"":""0.7600"",""taker_side"":""no"",""ticker"":""KXETH15M-26APR280015-15"",""trade_id"":""c6ff949e-a4c1-6e7e-0ee5-2cf1940ac7a0"",""yes_price_dollars"":""0.2400""}"
KXETH15M-26APR280015-15,664bad54-1aa3-52c9-8db4-df01103cd965,1777348915,0.24,32.35,no,"{""count_fp"":""32.35"",""created_time"":""2026-04-28T04:01:55.185963Z"",""no_price_dollars"":""0.7600"",""taker_side"":""no"",""ticker"":""KXETH15M-26APR280015-15"",""trade_id"":""664bad54-1aa3-52c9-8db4-df01103cd965"",""yes_price_dollars"":""0.2400""}"
KXETH15M-26APR280015-15,625347d4-8859-5aa2-090a-824c91d2d863,1777348916,0.27,10.2,yes,"{""count_fp"":""10.20"",""created_time"":""2026-04-28T04:01:56.892839Z"",""no_price_dollars"":""0.7300"",""taker_side"":""yes"",""ticker"":""KXETH15M-26APR280015-15"",""trade_id"":""625347d4-8859-5aa2-090a-824c91d2d863"",""yes_price_dollars"":""0.2700""}"
KXETH15M-26APR280015-15,6ff77e6e-d2d9-5fac-00cf-79c2c123da19,1777348920,0.25,10.0,yes,"{""count_fp"":""10.00"",""created_time"":""2026-04-28T04:02:00.740407Z"",""no_price_dollars"":""0.7500"",""taker_side"":""yes"",""ticker"":""KXETH15M-26APR280015-15"",""trade_id"":""6ff77e6e-d2d9-5fac-00cf-79c2c123da19"",""yes_price_dollars"":""0.2500""}"
KXETH15M-26APR280015-15,b4f75c4e-2c74-5bc3-2289-5391608faa3d,1777348920,0.25,10.0,no,"{""count_fp"":""10.00"",""created_time"":""2026-04-28T04:02:00.097053Z"",""no_price_dollars"":""0.7500"",""taker_side"":""no"",""ticker"":""KXETH15M-26APR280015-15"",""trade_id"":""b4f75c4e-2c74-5bc3-2289-5391608faa3d"",""yes_price_dollars"":""0.2500""}"
KXETH15M-26APR280015-15,036372a6-2dbb-5b55-14f2-151b835db63d,1777348920,0.24,7.0,no,"{""count_fp"":""7.00"",""created_time"":""2026-04-28T04:02:00.097053Z"",""no_price_dollars"":""0.7600"",""taker_side"":""no"",""ticker"":""KXETH15M-26APR280015-15"",""trade_id"":""036372a6-2dbb-5b55-14f2-151b835db63d"",""yes_price_dollars"":""0.2400""}"
KXETH15M-26APR280015-15,b3762990-b45b-6415-6983-54451137b6c5,1777348923,0.24,2.0,no,"{""count_fp"":""2.00"",""created_time"":""2026-04-28T04:02:03.101777Z"",""no_price_dollars"":""0.7600"",""taker_side"":""no"",""ticker"":""KXETH15M-26APR280015-15"",""trade_id"":""b3762990-b45b-6415-6983-54451137b6c5"",""yes_price_dollars"":""0.2400""}"
KXETH15M-26APR280015-15,08919c56-2e21-65d8-54ca-71c324020e9d,1777348923,0.24,1.0,no,"{""count_fp"":""1.00"",""created_time"":""2026-04-28T04:02:03.101777Z"",""no_price_dollars"":""0.7600"",""taker_side"":""no"",""ticker"":""KXETH15M-26APR280015-15"",""trade_id"":""08919c56-2e21-65d8-54ca-71c324020e9d"",""yes_price_dollars"":""0.2400""}"
KXETH15M-26APR280015-15,02da8c32-7557-65d4-10fb-a96d49685e09,1777348924,0.26,1.0,no,"{""count_fp"":""1.00"",""created_time"":""2026-04-28T04:02:04.052914Z"",""no_price_dollars"":""0.7400"",""taker_side"":""no"",""ticker"":""KXETH15M-26APR280015-15"",""trade_id"":""02da8c32-7557-65d4-10fb-a96d49685e09"",""yes_price_dollars"":""0.2600""}"
KXETH15M-26APR280015-15,337cbb89-8aba-70d5-59a5-e1c703f18ba7,1777348925,0.27,6.8,yes,"{""count_fp"":""6.80"",""created_time"":""2026-04-28T04:02:05.928436Z"",""no_price_dollars"":""0.7300"",""taker_side"":""yes"",""ticker"":""KXETH15M-26APR280015-15"",""trade_id"":""337cbb89-8aba-70d5-59a5-e1c703f18ba7"",""yes_price_dollars"":""0.2700""}"
KXETH15M-26APR280015-15,43a024f7-850b-6fc9-40f9-6ee100bf19e5,1777348926,0.24,19.0,no,"{""count_fp"":""19.00"",""created_time"":""2026-04-28T04:02:06.110004Z"",""no_price_dollars"":""0.7600"",""taker_side"":""no"",""ticker"":""KXETH15M-26APR280015-15"",""trade_id"":""43a024f7-850b-6fc9-40f9-6ee100bf19e5"",""yes_price_dollars"":""0.2400""}"
KXETH15M-26APR280015-15,156077c1-29ab-6108-7d62-1aaacb82a2c5,1777348926,0.26,2.0,no,"{""count_fp"":""2.00"",""created_time"":""2026-04-28T04:02:06.110004Z"",""no_price_dollars"":""0.7400"",""taker_side"":""no"",""ticker"":""KXETH15M-26APR280015-15"",""trade_id"":""156077c1-29ab-6108-7d62-1aaacb82a2c5"",""yes_price_dollars"":""0.2600""}"
KXETH15M-26APR280015-15,27153039-a0eb-79b3-5935-2c4564ec4507,1777348928,0.24,3.95,yes,"{""count_fp"":""3.95"",""created_time"":""2026-04-28T04:02:08.806769Z"",""no_price_dollars"":""0.7600"",""taker_side"":""yes"",""ticker"":""KXETH15M-26APR280015-15"",""trade_id"":""27153039-a0eb-79b3-5935-2c4564ec4507"",""yes_price_dollars"":""0.2400""}"
KXETH15M-26APR280015-15,74d8a80b-8935-7c86-71c0-91aa440f9f3b,1777348929,0.24,4.95,yes,"{""count_fp"":""4.95"",""created_time"":""2026-04-28T04:02:09.718783Z"",""no_price_dollars"":""0.7600"",""taker_side"":""yes"",""ticker"":""KXETH15M-26APR280015-15"",""trade_id"":""74d8a80b-8935-7c86-71c0-91aa440f9f3b"",""yes_price_dollars"":""0.2400""}"
KXETH15M-26APR280015-15,0d897671-d93f-720b-71c2-a46832d19923,1777348929,0.24,1.05,yes,"{""count_fp"":""1.05"",""created_time"":""2026-04-28T04:02:09.718783Z"",""no_price_dollars"":""0.7600"",""taker_side"":""yes"",""ticker"":""KXETH15M-26APR280015-15"",""trade_id"":""0d897671-d93f-720b-71c2-a46832d19923"",""yes_price_dollars"":""0.2400""}"
KXETH15M-26APR280015-15,575d6f48-e06d-5a46-1ff7-f39967d1ebc9,1777348929,0.21,1.0,no,"{""count_fp"":""1.00"",""created_time"":""2026-04-28T04:02:09.385911Z"",""no_price_dollars"":""0.7900"",""taker_side"":""no"",""ticker"":""KXETH15M-26APR280015-15"",""trade_id"":""575d6f48-e06d-5a46-1ff7-f39967d1ebc9"",""yes_price_dollars"":""0.2100""}"
KXETH15M-26APR280015-15,7736ff44-74a5-623e-3275-43a85afbe883,1777348930,0.23,5.0,yes,"{""count_fp"":""5.00"",""created_time"":""2026-04-28T04:02:10.826683Z"",""no_price_dollars"":""0.7700"",""taker_side"":""yes"",""ticker"":""KXETH15M-26APR280015-15"",""trade_id"":""7736ff44-74a5-623e-3275-43a85afbe883"",""yes_price_dollars"":""0.2300""}"
KXETH15M-26APR280015-15,0e67438d-6622-69fb-096c-64ff5701744d,1777348930,0.23,1.0,yes,"{""count_fp"":""1.00"",""created_time"":""2026-04-28T04:02:10.826683Z"",""no_price_dollars"":""0.7700"",""taker_side"":""yes"",""ticker"":""KXETH15M-26APR280015-15"",""trade_id"":""0e67438d-6622-69fb-096c-64ff5701744d"",""yes_price_dollars"":""0.2300""}"
KXETH15M-26APR280015-15,06adc934-56eb-62a0-1ff3-9e0798f62c51,1777348930,0.23,10.0,yes,"{""count_fp"":""10.00"",""created_time"":""2026-04-28T04:02:10.826683Z"",""no_price_dollars"":""0.7700"",""taker_side"":""yes"",""ticker"":""KXETH15M-26APR280015-15"",""trade_id"":""06adc934-56eb-62a0-1ff3-9e0798f62c51"",""yes_price_dollars"":""0.2300""}"
KXETH15M-26APR280015-15,49eedaa9-157b-4e61-8012-fc6f67592779,1777348930,0.21,16.0,no,"{""count_fp"":""16.00"",""created_time"":""2026-04-28T04:02:10.146027Z"",""no_price_dollars"":""0.7900"",""taker_side"":""no"",""ticker"":""KXETH15M-26APR280015-15"",""trade_id"":""49eedaa9-157b-4e61-8012-fc6f67592779"",""yes_price_dollars"":""0.2100""}"
KXETH15M-26APR280015-15,2cb44e9d-7066-6ec5-bf3d-f55d7b537e5b,1777348931,0.24,3.95,yes,"{""count_fp"":""3.95"",""created_time"":""2026-04-28T04:02:11.782357Z"",""no_price_dollars"":""0.7600"",""taker_side"":""yes"",""ticker"":""KXETH15M-26APR280015-15"",""trade_id"":""2cb44e9d-7066-6ec5-bf3d-f55d7b537e5b"",""yes_price_dollars"":""0.2400""}"
KXETH15M-26APR280015-15,dd9e22d2-df5f-4901-631f-d9b5bb21ede9,1777348933,0.21,1.0,no,"{""count_fp"":""1.00"",""created_time"":""2026-04-28T04:02:13.348547Z"",""no_price_dollars"":""0.7900"",""taker_side"":""no"",""ticker"":""KXETH15M-26APR280015-15"",""trade_id"":""dd9e22d2-df5f-4901-631f-d9b5bb21ede9"",""yes_price_dollars"":""0.2100""}"
KXETH15M-26APR280015-15,c91bfe92-e03f-53ed-7bc8-215b7e6ac0f5,1777348933,0.21,1.0,no,"{""count_fp"":""1.00"",""created_time"":""2026-04-28T04:02:13.007847Z"",""no_price_dollars"":""0.7900"",""taker_side"":""no"",""ticker"":""KXETH15M-26APR280015-15"",""trade_id"":""c91bfe92-e03f-53ed-7bc8-215b7e6ac0f5"",""yes_price_dollars"":""0.2100""}"
KXETH15M-26APR280015-15,70cef71c-335e-4b98-4f03-03884dfb1a5e,1777348938,0.22,2.0,yes,"{""count_fp"":""2.00"",""created_time"":""2026-04-28T04:02:18.999851Z"",""no_price_dollars"":""0.7800"",""taker_side"":""yes"",""ticker"":""KXETH15M-26APR280015-15"",""trade_id"":""70cef71c-335e-4b98-4f03-03884dfb1a5e"",""yes_price_dollars"":""0.2200""}"
KXETH15M-26APR280015-15,2e412bfd-2764-43dd-760d-5c5ea669421f,1777348938,0.22,1.0,yes,"{""count_fp"":""1.00"",""created_time"":""2026-04-28T04:02:18.999851Z"",""no_price_dollars"":""0.7800"",""taker_side"":""yes"",""ticker"":""KXETH15M-26APR280015-15"",""trade_id"":""2e412bfd-2764-43dd-760d-5c5ea669421f"",""yes_price_dollars"":""0.2200""}"
KXETH15M-26APR280015-15,21c98990-c4ee-700c-7759-6eae964fe0ba,1777348942,0.22,3.0,yes,"{""count_fp"":""3.00"",""created_time"":""2026-04-28T04:02:22.475555Z"",""no_price_dollars"":""0.7800"",""taker_side"":""yes"",""ticker"":""KXETH15M-26APR280015-15"",""trade_id"":""21c98990-c4ee-700c-7759-6eae964fe0ba"",""yes_price_dollars"":""0.2200""}"
KXETH15M-26APR280015-15,1f400cec-fa11-703e-4791-310be673054f,1777348942,0.23,5.34,yes,"{""count_fp"":""5.34"",""created_time"":""2026-04-28T04:02:22.475555Z"",""no_price_dollars"":""0.7700"",""taker_side"":""yes"",""ticker"":""KXETH15M-26APR280015-15"",""trade_id"":""1f400cec-fa11-703e-4791-310be673054f"",""yes_price_dollars"":""0.2300""}"
KXETH15M-26APR280015-15,8725f8ce-37b9-60c6-2e35-eaf63a9c78bf,1777348950,0.23,15.26,yes,"{""count_fp"":""15.26"",""created_time"":""2026-04-28T04:02:30.293022Z"",""no_price_dollars"":""0.7700"",""taker_side"":""yes"",""ticker"":""KXETH15M-26APR280015-15"",""trade_id"":""8725f8ce-37b9-60c6-2e35-eaf63a9c78bf"",""yes_price_dollars"":""0.2300""}"
KXETH15M-26APR280015-15,3cc848c5-b37e-68b8-2ba2-d7d4513ecbdd,1777348950,0.23,1.0,yes,"{""count_fp"":""1.00"",""created_time"":""2026-04-28T04:02:30.293022Z"",""no_price_dollars"":""0.7700"",""taker_side"":""yes"",""ticker"":""KXETH15M-26APR280015-15"",""trade_id"":""3cc848c5-b37e-68b8-2ba2-d7d4513ecbdd"",""yes_price_dollars"":""0.2300""}"
KXETH15M-26APR280015-15,f8f25982-c037-7b0d-4853-3428ba798b71,1777348952,0.23,10.0,yes,"{""count_fp"":""10.00"",""created_time"":""2026-04-28T04:02:32.513338Z"",""no_price_dollars"":""0.7700"",""taker_side"":""yes"",""ticker"":""KXETH15M-26APR280015-15"",""trade_id"":""f8f25982-c037-7b0d-4853-3428ba798b71"",""yes_price_dollars"":""0.2300""}"
KXETH15M-26APR280015-15,97e250e3-558d-79fe-b4c3-732e60671773,1777348952,0.24,100.0,yes,"{""count_fp"":""100.00"",""created_time"":""2026-04-28T04:02:32.455699Z"",""no_price_dollars"":""0.7600"",""taker_side"":""yes"",""ticker"":""KXETH15M-26APR280015-15"",""trade_id"":""97e250e3-558d-79fe-b4c3-732e60671773"",""yes_price_dollars"":""0.2400""}"
KXETH15M-26APR280015-15,97934d33-8c58-703a-81fc-c962bf8afe01,1777348952,0.24,1.0,yes,"{""count_fp"":""1.00"",""created_time"":""2026-04-28T04:02:32.455699Z"",""no_price_dollars"":""0.7600"",""taker_side"":""yes"",""ticker"":""KXETH15M-26APR280015-15"",""trade_id"":""97934d33-8c58-703a-81fc-c962bf8afe01"",""yes_price_dollars"":""0.2400""}"
KXETH15M-26APR280015-15,2302d11b-6692-7b95-9004-3075e66286af,1777348952,0.24,10.0,yes,"{""count_fp"":""10.00"",""created_time"":""2026-04-28T04:02:32.455699Z"",""no_price_dollars"":""0.7600"",""taker_side"":""yes"",""ticker"":""KXETH15M-26APR280015-15"",""trade_id"":""2302d11b-6692-7b95-9004-3075e66286af"",""yes_price_dollars"":""0.2400""}"
KXETH15M-26APR280015-15,7f443d72-9876-512e-4b74-de8e88c59802,1777348954,0.23,1.0,no,"{""count_fp"":""1.00"",""created_time"":""2026-04-28T04:02:34.171239Z"",""no_price_dollars"":""0.7700"",""taker_side"":""no"",""ticker"":""KXETH15M-26APR280015-15"",""trade_id"":""7f443d72-9876-512e-4b74-de8e88c59802"",""yes_price_dollars"":""0.2300""}"
KXETH15M-26APR280015-15,b1b625db-ee56-74a6-79ef-1eb822284f5e,1777348957,0.23,1.0,no,"{""count_fp"":""1.00"",""created_time"":""2026-04-28T04:02:37.460073Z"",""no_price_dollars"":""0.7700"",""taker_side"":""no"",""ticker"":""KXETH15M-26APR280015-15"",""trade_id"":""b1b625db-ee56-74a6-79ef-1eb822284f5e"",""yes_price_dollars"":""0.2300""}"
KXETH15M-26APR280015-15,a2e4032b-cdac-5f83-0765-cad698a01e49,1777348958,0.24,3.8,yes,"{""count_fp"":""3.80"",""created_time"":""2026-04-28T04:02:38.135309Z"",""no_price_dollars"":""0.7600"",""taker_side"":""yes"",""ticker"":""KXETH15M-26APR280015-15"",""trade_id"":""a2e4032b-cdac-5f83-0765-cad698a01e49"",""yes_price_dollars"":""0.2400""}"
KXETH15M-26APR280015-15,74c4c291-a2ff-510f-0abc-6f6d9101382e,1777348959,0.25,6.0,yes,"{""count_fp"":""6.00"",""created_time"":""2026-04-28T04:02:39.905407Z"",""no_price_dollars"":""0.7500"",""taker_side"":""yes"",""ticker"":""KXETH15M-26APR280015-15"",""trade_id"":""74c4c291-a2ff-510f-0abc-6f6d9101382e"",""yes_price_dollars"":""0.2500""}"
KXETH15M-26APR280015-15,ed08b2fb-a9c9-77b1-4143-d4e8d97246c9,1777348967,0.23,8.0,yes,"{""count_fp"":""8.00"",""created_time"":""2026-04-28T04:02:47.444865Z"",""no_price_dollars"":""0.7700"",""taker_side"":""yes"",""ticker"":""KXETH15M-26APR280015-15"",""trade_id"":""ed08b2fb-a9c9-77b1-4143-d4e8d97246c9"",""yes_price_dollars"":""0.2300""}"
KXETH15M-26APR280015-15,e07f2564-faac-6637-3518-43a607f395cc,1777348972,0.2,1.0,no,"{""count_fp"":""1.00"",""created_time"":""2026-04-28T04:02:52.822752Z"",""no_price_dollars"":""0.8000"",""taker_side"":""no"",""ticker"":""KXETH15M-26APR280015-15"",""trade_id"":""e07f2564-faac-6637-3518-43a607f395cc"",""yes_price_dollars"":""0.2000""}"
KXETH15M-26APR280015-15,a4a47704-3d7a-6dfe-3b04-bd927d713fd6,1777348972,0.2,5.0,no,"{""count_fp"":""5.00"",""created_time"":""2026-04-28T04:02:52.822752Z"",""no_price_dollars"":""0.8000"",""taker_side"":""no"",""ticker"":""KXETH15M-26APR280015-15"",""trade_id"":""a4a47704-3d7a-6dfe-3b04-bd927d713fd6"",""yes_price_dollars"":""0.2000""}"
KXETH15M-26APR280015-15,41d5a5e4-9c5b-60a8-00e0-0d1af937f5a9,1777348972,0.2,4.0,no,"{""count_fp"":""4.00"",""created_time"":""2026-04-28T04:02:52.822752Z"",""no_price_dollars"":""0.8000"",""taker_side"":""no"",""ticker"":""KXETH15M-26APR280015-15"",""trade_id"":""41d5a5e4-9c5b-60a8-00e0-0d1af937f5a9"",""yes_price_dollars"":""0.2000""}"
KXETH15M-26APR280015-15,ddca98fc-a403-515c-b5ed-ce02439d9519,1777348974,0.2,1.0,no,"{""count_fp"":""1.00"",""created_time"":""2026-04-28T04:02:54.648324Z"",""no_price_dollars"":""0.8000"",""taker_side"":""no"",""ticker"":""KXETH15M-26APR280015-15"",""trade_id"":""ddca98fc-a403-515c-b5ed-ce02439d9519"",""yes_price_dollars"":""0.2000""}"
KXETH15M-26APR280015-15,e716bcf7-212a-5014-ff9e-5d7dd24bd9a6,1777348974,0.22,2.15,yes,"{""count_fp"":""2.15"",""created_time"":""2026-04-28T04:02:54.009117Z"",""no_price_dollars"":""0.7800"",""taker_side"":""yes"",""ticker"":""KXETH15M-26APR280015-15"",""trade_id"":""e716bcf7-212a-5014-ff9e-5d7dd24bd9a6"",""yes_price_dollars"":""0.2200""}"
KXETH15M-26APR280015-15,33cf516b-1773-78e8-8f4e-d4a385476f91,1777348976,0.2,20.0,no,"{""count_fp"":""20.00"",""created_time"":""2026-04-28T04:02:56.525955Z"",""no_price_dollars"":""0.8000"",""taker_side"":""no"",""ticker"":""KXETH15M-26APR280015-15"",""trade_id"":""33cf516b-1773-78e8-8f4e-d4a385476f91"",""yes_price_dollars"":""0.2000""}"
KXETH15M-26APR280015-15,2ce8c973-68ef-787a-bfea-2788ce82f695,1777348976,0.2,4.65,no,"{""count_fp"":""4.65"",""created_time"":""2026-04-28T04:02:56.525955Z"",""no_price_dollars"":""0.8000"",""taker_side"":""no"",""ticker"":""KXETH15M-26APR280015-15"",""trade_id"":""2ce8c973-68ef-787a-bfea-2788ce82f695"",""yes_price_dollars"":""0.2000""}"
KXETH15M-26APR280015-15,1f075fb7-0ae2-6468-2be7-f08ad629d96e,1777348978,0.22,21.55,yes,"{""count_fp"":""21.55"",""created_time"":""2026-04-28T04:02:58.702387Z"",""no_price_dollars"":""0.7800"",""taker_side"":""yes"",""ticker"":""KXETH15M-26APR280015-15"",""trade_id"":""1f075fb7-0ae2-6468-2be7-f08ad629d96e"",""yes_price_dollars"":""0.2200""}"
KXETH15M-26APR280015-15,d6f083b9-a3ba-60d8-0fc9-ae8094736302,1777348978,0.22,1.0,yes,"{""count_fp"":""1.00"",""created_time"":""2026-04-28T04:02:58.626455Z"",""no_price_dollars"":""0.7800"",""taker_side"":""yes"",""ticker"":""KXETH15M-26APR280015-15"",""trade_id"":""d6f083b9-a3ba-60d8-0fc9-ae8094736302"",""yes_price_dollars"":""0.2200""}"
KXETH15M-26APR280015-15,641c0558-9d55-59b6-f89e-82418fb8c173,1777348979,0.27,5.0,yes,"{""count_fp"":""5.00"",""created_time"":""2026-04-28T04:02:59.834311Z"",""no_price_dollars"":""0.7300"",""taker_side"":""yes"",""ticker"":""KXETH15M-26APR280015-15"",""trade_id"":""641c0558-9d55-59b6-f89e-82418fb8c173"",""yes_price_dollars"":""0.2700""}"
KXETH15M-26APR280015-15,165f1017-eaf9-7286-aa3a-9a7be2946107,1777348979,0.27,5.0,yes,"{""count_fp"":""5.00"",""created_time"":""2026-04-28T04:02:59.825088Z"",""no_price_dollars"":""0.7300"",""taker_side"":""yes"",""ticker"":""KXETH15M-26APR280015-15"",""trade_id"":""165f1017-eaf9-7286-aa3a-9a7be2946107"",""yes_price_dollars"":""0.2700""}"
KXETH15M-26APR280015-15,3caae58b-cce2-777a-f804-2718aff08e3e,1777348979,0.24,22.0,no,"{""count_fp"":""22.00"",""created_time"":""2026-04-28T04:02:59.468521Z"",""no_price_dollars"":""0.7600"",""taker_side"":""no"",""ticker"":""KXETH15M-26APR280015-15"",""trade_id"":""3caae58b-cce2-777a-f804-2718aff08e3e"",""yes_price_dollars"":""0.2400""}"
KXETH15M-26APR280015-15,9a2b98b1-0ced-696a-69b8-c0e2b7b7aa2f,1777348979,0.25,113.0,yes,"{""count_fp"":""113.00"",""created_time"":""2026-04-28T04:02:59.243533Z"",""no_price_dollars"":""0.7500"",""taker_side"":""yes"",""ticker"":""KXETH15M-26APR280015-15"",""trade_id"":""9a2b98b1-0ced-696a-69b8-c0e2b7b7aa2f"",""yes_price_dollars"":""0.2500""}"
KXETH15M-26APR280015-15,977427e3-ebe9-6915-42ad-a24a43a29469,1777348979,0.25,1.0,yes,"{""count_fp"":""1.00"",""created_time"":""2026-04-28T04:02:59.243533Z"",""no_price_dollars"":""0.7500"",""taker_side"":""yes"",""ticker"":""KXETH15M-26APR280015-15"",""trade_id"":""977427e3-ebe9-6915-42ad-a24a43a29469"",""yes_price_dollars"":""0.2500""}"
KXETH15M-26APR280015-15,b99e41fb-294f-5377-defa-f89bc7a7971a,1777348979,0.24,98.0,yes,"{""count_fp"":""98.00"",""created_time"":""2026-04-28T04:02:59.212326Z"",""no_price_dollars"":""0.7600"",""taker_side"":""yes"",""ticker"":""KXETH15M-26APR280015-15"",""trade_id"":""b99e41fb-294f-5377-defa-f89bc7a7971a"",""yes_price_dollars"":""0.2400""}"
KXETH15M-26APR280015-15,74d64145-d3af-502f-c678-cec8db003af3,1777348979,0.24,10.0,yes,"{""count_fp"":""10.00"",""created_time"":""2026-04-28T04:02:59.212326Z"",""no_price_dollars"":""0.7600"",""taker_side"":""yes"",""ticker"":""KXETH15M-26APR280015-15"",""trade_id"":""74d64145-d3af-502f-c678-cec8db003af3"",""yes_price_dollars"":""0.2400""}"
KXETH15M-26APR280015-15,9272b991-cbc6-54a8-9b16-7e28dad804f2,1777348979,0.22,0.3,yes,"{""count_fp"":""0.30"",""created_time"":""2026-04-28T04:02:59.161415Z"",""no_price_dollars"":""0.7800"",""taker_side"":""yes"",""ticker"":""KXETH15M-26APR280015-15"",""trade_id"":""9272b991-cbc6-54a8-9b16-7e28dad804f2"",""yes_price_dollars"":""0.2200""}"
KXETH15M-26APR280015-15,44f0cbfb-a7d7-594b-b84a-fba1f78804de,1777348979,0.22,1.7,yes,"{""count_fp"":""1.70"",""created_time"":""2026-04-28T04:02:59.161415Z"",""no_price_dollars"":""0.7800"",""taker_side"":""yes"",""ticker"":""KXETH15M-26APR280015-15"",""trade_id"":""44f0cbfb-a7d7-594b-b84a-fba1f78804de"",""yes_price_dollars"":""0.2200""}"
KXETH15M-26APR280015-15,dc349d96-0fed-5892-9692-dc3e18fb31a7,1777348980,0.28,4.0,yes,"{""count_fp"":""4.00"",""created_time"":""2026-04-28T04:03:00.931945Z"",""no_price_dollars"":""0.7200"",""taker_side"":""yes"",""ticker"":""KXETH15M-26APR280015-15"",""trade_id"":""dc349d96-0fed-5892-9692-dc3e18fb31a7"",""yes_price_dollars"":""0.2800""}"
KXETH15M-26APR280015-15,6efe180f-39c3-5423-9adc-81d826e6c51b,1777348980,0.28,1.0,yes,"{""count_fp"":""1.00"",""created_time"":""2026-04-28T04:03:00.931945Z"",""no_price_dollars"":""0.7200"",""taker_side"":""yes"",""ticker"":""KXETH15M-26APR280015-15"",""trade_id"":""6efe180f-39c3-5423-9adc-81d826e6c51b"",""yes_price_dollars"":""0.2800""}"
KXETH15M-26APR280015-15,fc90acc8-6cb9-68f2-a7d1-8b3c750055ab,1777348980,0.28,4.0,yes,"{""count_fp"":""4.00"",""created_time"":""2026-04-28T04:03:00.482137Z"",""no_price_dollars"":""0.7200"",""taker_side"":""yes"",""ticker"":""KXETH15M-26APR280015-15"",""trade_id"":""fc90acc8-6cb9-68f2-a7d1-8b3c750055ab"",""yes_price_dollars"":""0.2800""}"
KXETH15M-26APR280015-15,58a19004-25f8-66b2-bf61-2ba7f64746be,1777348980,0.28,1.0,yes,"{""count_fp"":""1.00"",""created_time"":""2026-04-28T04:03:00.482137Z"",""no_price_dollars"":""0.7200"",""taker_side"":""yes"",""ticker"":""KXETH15M-26APR280015-15"",""trade_id"":""58a19004-25f8-66b2-bf61-2ba7f64746be"",""yes_price_dollars"":""0.2800""}"
KXETH15M-26APR280015-15,a7b5f96d-7acd-4946-c955-6370f43b3647,1777348982,0.28,2.0,yes,"{""count_fp"":""2.00"",""created_time"":""2026-04-28T04:03:02.221896Z"",""no_price_dollars"":""0.7200"",""taker_side"":""yes"",""ticker"":""KXETH15M-26APR280015-15"",""trade_id"":""a7b5f96d-7acd-4946-c955-6370f43b3647"",""yes_price_dollars"":""0.2800""}"
KXETH15M-26APR280015-15,b09e6737-f886-4bc2-5e7a-5b3ba89b1e9a,1777348983,0.24,1.0,no,"{""count_fp"":""1.00"",""created_time"":""2026-04-28T04:03:03.445579Z"",""no_price_dollars"":""0.7600"",""taker_side"":""no"",""ticker"":""KXETH15M-26APR280015-15"",""trade_id"":""b09e6737-f886-4bc2-5e7a-5b3ba89b1e9a"",""yes_price_dollars"":""0.2400""}"
KXETH15M-26APR280015-15,8cb30e9d-9902-4cb6-9e4a-739dcc1dea46,1777348984,0.28,1.0,yes,"{""count_fp"":""1.00"",""created_time"":""2026-04-28T04:03:04.341383Z"",""no_price_dollars"":""0.7200"",""taker_side"":""yes"",""ticker"":""KXETH15M-26APR280015-15"",""trade_id"":""8cb30e9d-9902-4cb6-9e4a-739dcc1dea46"",""yes_price_dollars"":""0.2800""}"
KXETH15M-26APR280015-15,10190a26-45b1-4d4a-9cad-893a3b483ce7,1777348984,0.28,2.33,yes,"{""count_fp"":""2.33"",""created_time"":""2026-04-28T04:03:04.341383Z"",""no_price_dollars"":""0.7200"",""taker_side"":""yes"",""ticker"":""KXETH15M-26APR280015-15"",""trade_id"":""10190a26-45b1-4d4a-9cad-893a3b483ce7"",""yes_price_dollars"":""0.2800""}"
KXETH15M-26APR280015-15,18808011-a9fb-4c82-0c63-f2d53e13462c,1777348984,0.27,1.0,yes,"{""count_fp"":""1.00"",""created_time"":""2026-04-28T04:03:04.307428Z"",""no_price_dollars"":""0.7300"",""taker_side"":""yes"",""ticker"":""KXETH15M-26APR280015-15"",""trade_id"":""18808011-a9fb-4c82-0c63-f2d53e13462c"",""yes_price_dollars"":""0.2700""}"
KXETH15M-26APR280015-15,002fba21-c822-59fe-71fa-5948866a2256,1777348987,0.21,22.0,no,"{""count_fp"":""22.00"",""created_time"":""2026-04-28T04:03:07.194746Z"",""no_price_dollars"":""0.7900"",""taker_side"":""no"",""ticker"":""KXETH15M-26APR280015-15"",""trade_id"":""002fba21-c822-59fe-71fa-5948866a2256"",""yes_price_dollars"":""0.2100""}"
KXETH15M-26APR280015-15,c81bf7d2-1a4b-61f5-6469-74b30abe10e6,1777348987,0.22,1.0,no,"{""count_fp"":""1.00"",""created_time"":""2026-04-28T04:03:07.100974Z"",""no_price_dollars"":""0.7800"",""taker_side"":""no"",""ticker"":""KXETH15M-26APR280015-15"",""trade_id"":""c81bf7d2-1a4b-61f5-6469-74b30abe10e6"",""yes_price_dollars"":""0.2200""}"
KXETH15M-26APR280015-15,1d70b5ad-779f-47b6-2ff7-c03a6309478b,1777348987,0.23,10.0,no,"{""count_fp"":""10.00"",""created_time"":""2026-04-28T04:03:07.008828Z"",""no_price_dollars"":""0.7700"",""taker_side"":""no"",""ticker"":""KXETH15M-26APR280015-15"",""trade_id"":""1d70b5ad-779f-47b6-2ff7-c03a6309478b"",""yes_price_dollars"":""0.2300""}"
KXETH15M-26APR280015-15,6b316ba2-4cc6-57fe-9054-179a71717232,1777348988,0.23,1.0,no,"{""count_fp"":""1.00"",""created_time"":""2026-04-28T04:03:08.648242Z"",""no_price_dollars"":""0.7700"",""taker_side"":""no"",""ticker"":""KXETH15M-26APR280015-15"",""trade_id"":""6b316ba2-4cc6-57fe-9054-179a71717232"",""yes_price_dollars"":""0.2300""}"
KXETH15M-26APR280015-15,dc767897-bc5c-758a-09c0-cd97b15acf00,1777348989,0.22,1.0,no,"{""count_fp"":""1.00"",""created_time"":""2026-04-28T04:03:09.644394Z"",""no_price_dollars"":""0.7800"",""taker_side"":""no"",""ticker"":""KXETH15M-26APR280015-15"",""trade_id"":""dc767897-bc5c-758a-09c0-cd97b15acf00"",""yes_price_dollars"":""0.2200""}"
KXETH15M-26APR280015-15,80024283-9e6e-73a6-0239-b9c5ababa1ca,1777348989,0.21,19.0,no,"{""count_fp"":""19.00"",""created_time"":""2026-04-28T04:03:09.644394Z"",""no_price_dollars"":""0.7900"",""taker_side"":""no"",""ticker"":""KXETH15M-26APR280015-15"",""trade_id"":""80024283-9e6e-73a6-0239-b9c5ababa1ca"",""yes_price_dollars"":""0.2100""}"
KXETH15M-26APR280015-15,ec369e40-19e9-57b0-4dd3-b76ce3bac609,1777348989,0.22,10.0,no,"{""count_fp"":""10.00"",""created_time"":""2026-04-28T04:03:09.080606Z"",""no_price_dollars"":""0.7800"",""taker_side"":""no"",""ticker"":""KXETH15M-26APR280015-15"",""trade_id"":""ec369e40-19e9-57b0-4dd3-b76ce3bac609"",""yes_price_dollars"":""0.2200""}"
KXETH15M-26APR280015-15,adce627e-c8a0-5a70-629b-49cfbbc54fa9,1777348989,0.23,1.0,no,"{""count_fp"":""1.00"",""created_time"":""2026-04-28T04:03:09.080606Z"",""no_price_dollars"":""0.7700"",""taker_side"":""no"",""ticker"":""KXETH15M-26APR280015-15"",""trade_id"":""adce627e-c8a0-5a70-629b-49cfbbc54fa9"",""yes_price_dollars"":""0.2300""}"
KXETH15M-26APR280015-15,98b27b6d-20fa-7d6a-557a-1858e383d2f4,1777348993,0.21,5.0,no,"{""count_fp"":""5.00"",""created_time"":""2026-04-28T04:03:13.677992Z"",""no_price_dollars"":""0.7900"",""taker_side"":""no"",""ticker"":""KXETH15M-26APR280015-15"",""trade_id"":""98b27b6d-20fa-7d6a-557a-1858e383d2f4"",""yes_price_dollars"":""0.2100""}"
KXETH15M-26APR280015-15,62e4e4bb-1935-64f6-28c1-60cc722ce1b3,1777348994,0.23,0.91,yes,"{""count_fp"":""0.91"",""created_time"":""2026-04-28T04:03:14.402554Z"",""no_price_dollars"":""0.7700"",""taker_side"":""yes"",""ticker"":""KXETH15M-26APR280015-15"",""trade_id"":""62e4e4bb-1935-64f6-28c1-60cc722ce1b3"",""yes_price_dollars"":""0.2300""}"
KXETH15M-26APR280015-15,39a77e1b-5321-45ce-584f-472cc10c3e93,1777348995,0.23,10.31,yes,"{""count_fp"":""10.31"",""created_time"":""2026-04-28T04:03:15.058738Z"",""no_price_dollars"":""0.7700"",""taker_side"":""yes"",""ticker"":""KXETH15M-26APR280015-15"",""trade_id"":""39a77e1b-5321-45ce-584f-472cc10c3e93"",""yes_price_dollars"":""0.2300""}"
KXETH15M-26APR280015-15,11fb9d4d-d7b2-51e6-d96c-014732f8eed2,1777348998,0.2,6.16,no,"{""count_fp"":""6.16"",""created_time"":""2026-04-28T04:03:18.569703Z"",""no_price_dollars"":""0.8000"",""taker_side"":""no"",""ticker"":""KXETH15M-26APR280015-15"",""trade_id"":""11fb9d4d-d7b2-51e6-d96c-014732f8eed2"",""yes_price_dollars"":""0.2000""}"
KXETH15M-26APR280015-15,1cb37d31-908d-5436-e1bc-65fd0091b3cb,1777348999,0.22,3.0,yes,"{""count_fp"":""3.00"",""created_time"":""2026-04-28T04:03:19.695309Z"",""no_price_dollars"":""0.7800"",""taker_side"":""yes"",""ticker"":""KXETH15M-26APR280015-15"",""trade_id"":""1cb37d31-908d-5436-e1bc-65fd0091b3cb"",""yes_price_dollars"":""0.2200""}"
KXETH15M-26APR280015-15,23dec738-c25a-4bf0-5884-e88e66d4c799,1777349003,0.25,10.0,yes,"{""count_fp"":""10.00"",""created_time"":""2026-04-28T04:03:23.973821Z"",""no_price_dollars"":""0.7500"",""taker_side"":""yes"",""ticker"":""KXETH15M-26APR280015-15"",""trade_id"":""23dec738-c25a-4bf0-5884-e88e66d4c799"",""yes_price_dollars"":""0.2500""}"
KXETH15M-26APR280015-15,530bac8c-8b66-70fb-d58d-964378941941,1777349003,0.22,33.0,yes,"{""count_fp"":""33.00"",""created_time"":""2026-04-28T04:03:23.585341Z"",""no_price_dollars"":""0.7800"",""taker_side"":""yes"",""ticker"":""KXETH15M-26APR280015-15"",""trade_id"":""530bac8c-8b66-70fb-d58d-964378941941"",""yes_price_dollars"":""0.2200""}"
KXETH15M-26APR280015-15,3405dd5f-bf40-5b14-9602-0207c3ecc9f0,1777349005,0.3,1.0,yes,"{""count_fp"":""1.00"",""created_time"":""2026-04-28T04:03:25.325447Z"",""no_price_dollars"":""0.7000"",""taker_side"":""yes"",""ticker"":""KXETH15M-26APR280015-15"",""trade_id"":""3405dd5f-bf40-5b14-9602-0207c3ecc9f0"",""yes_price_dollars"":""0.3000""}"
KXETH15M-26APR280015-15,d7caaaf7-4c37-789f-e46f-1bfb12482e88,1777349006,0.3,5.35,yes,"{""count_fp"":""5.35"",""created_time"":""2026-04-28T04:03:26.827543Z"",""no_price_dollars"":""0.7000"",""taker_side"":""yes"",""ticker"":""KXETH15M-26APR280015-15"",""trade_id"":""d7caaaf7-4c37-789f-e46f-1bfb12482e88"",""yes_price_dollars"":""0.3000""}"
KXETH15M-26APR280015-15,bc5edce2-7a34-7de7-d793-9cf6aa937595,1777349006,0.29,1.0,yes,"{""count_fp"":""1.00"",""created_time"":""2026-04-28T04:03:26.827543Z"",""no_price_dollars"":""0.7100"",""taker_side"":""yes"",""ticker"":""KXETH15M-26APR280015-15"",""trade_id"":""bc5edce2-7a34-7de7-d793-9cf6aa937595"",""yes_price_dollars"":""0.2900""}"
KXETH15M-26APR280015-15,10225907-7154-5318-9736-61f5b4cfdd39,1777349011,0.26,1.0,no,"{""count_fp"":""1.00"",""created_time"":""2026-04-28T04:03:31.092181Z"",""no_price_dollars"":""0.7400"",""taker_side"":""no"",""ticker"":""KXETH15M-26APR280015-15"",""trade_id"":""10225907-7154-5318-9736-61f5b4cfdd39"",""yes_price_dollars"":""0.2600""}"
KXETH15M-26APR280015-15,5c294d82-d545-7322-c28b-fb2acad83d6f,1777349013,0.28,33.56,yes,"{""count_fp"":""33.56"",""created_time"":""2026-04-28T04:03:33.610008Z"",""no_price_dollars"":""0.7200"",""taker_side"":""yes"",""ticker"":""KXETH15M-26APR280015-15"",""trade_id"":""5c294d82-d545-7322-c28b-fb2acad83d6f"",""yes_price_dollars"":""0.2800""}"
KXETH15M-26APR280015-15,15e890c1-3750-5e48-bbe2-e4c34f89648b,1777349013,0.27,2.0,yes,"{""count_fp"":""2.00"",""created_time"":""2026-04-28T04:03:33.219402Z"",""no_price_dollars"":""0.7300"",""taker_side"":""yes"",""ticker"":""KXETH15M-26APR280015-15"",""trade_id"":""15e890c1-3750-5e48-bbe2-e4c34f89648b"",""yes_price_dollars"":""0.2700""}"
KXETH15M-26APR280015-15,80ea69c7-74d9-7426-0b91-606c9e54fe0b,1777349020,0.24,6.0,yes,"{""count_fp"":""6.00"",""created_time"":""2026-04-28T04:03:40.050604Z"",""no_price_dollars"":""0.7600"",""taker_side"":""yes"",""ticker"":""KXETH15M-26APR280015-15"",""trade_id"":""80ea69c7-74d9-7426-0b91-606c9e54fe0b"",""yes_price_dollars"":""0.2400""}"
KXETH15M-26APR280015-15,aec312bb-4313-7172-f025-89bd9feb1b4c,1777349022,0.22,1.0,no,"{""count_fp"":""1.00"",""created_time"":""2026-04-28T04:03:42.673242Z"",""no_price_dollars"":""0.7800"",""taker_side"":""no"",""ticker"":""KXETH15M-26APR280015-15"",""trade_id"":""aec312bb-4313-7172-f025-89bd9feb1b4c"",""yes_price_dollars"":""0.2200""}"
KXETH15M-26APR280015-15,4265867b-ca39-76b2-d2be-c5a5a49d9d37,1777349023,0.24,11.86,yes,"{""count_fp"":""11.86"",""created_time"":""2026-04-28T04:03:43.014239Z"",""no_price_dollars"":""0.7600"",""taker_side"":""yes"",""ticker"":""KXETH15M-26APR280015-15"",""trade_id"":""4265867b-ca39-76b2-d2be-c5a5a49d9d37"",""yes_price_dollars"":""0.2400""}"
KXETH15M-26APR280015-15,79749f01-75c9-4e75-1308-f3d7c943f579,1777349026,0.22,4.12,yes,"{""count_fp"":""4.12"",""created_time"":""2026-04-28T04:03:46.977833Z"",""no_price_dollars"":""0.7800"",""taker_side"":""yes"",""ticker"":""KXETH15M-26APR280015-15"",""trade_id"":""79749f01-75c9-4e75-1308-f3d7c943f579"",""yes_price_dollars"":""0.2200""}"
KXETH15M-26APR280015-15,066d054d-c32d-604a-9473-2bf87246f8ff,1777349027,0.22,2.0,yes,"{""count_fp"":""2.00"",""created_time"":""2026-04-28T04:03:47.033898Z"",""no_price_dollars"":""0.7800"",""taker_side"":""yes"",""ticker"":""KXETH15M-26APR280015-15"",""trade_id"":""066d054d-c32d-604a-9473-2bf87246f8ff"",""yes_price_dollars"":""0.2200""}"
KXETH15M-26APR280015-15,83d18a69-e365-4ece-c91b-12b546e286e3,1777349028,0.23,4.12,yes,"{""count_fp"":""4.12"",""created_time"":""2026-04-28T04:03:48.352771Z"",""no_price_dollars"":""0.7700"",""taker_side"":""yes"",""ticker"":""KXETH15M-26APR280015-15"",""trade_id"":""83d18a69-e365-4ece-c91b-12b546e286e3"",""yes_price_dollars"":""0.2300""}"
KXETH15M-26APR280015-15,4f9c2f11-5819-7b7e-23fc-c37c29e9df8f,1777349028,0.23,3.0,yes,"{""count_fp"":""3.00"",""created_time"":""2026-04-28T04:03:48.120134Z"",""no_price_dollars"":""0.7700"",""taker_side"":""yes"",""ticker"":""KXETH15M-26APR280015-15"",""trade_id"":""4f9c2f11-5819-7b7e-23fc-c37c29e9df8f"",""yes_price_dollars"":""0.2300""}"
KXETH15M-26APR280015-15,42af4fbb-1943-5cb8-f4a6-beb1a98b4dba,1777349030,0.22,4.0,yes,"{""count_fp"":""4.00"",""created_time"":""2026-04-28T04:03:50.345265Z"",""no_price_dollars"":""0.7800"",""taker_side"":""yes"",""ticker"":""KXETH15M-26APR280015-15"",""trade_id"":""42af4fbb-1943-5cb8-f4a6-beb1a98b4dba"",""yes_price_dollars"":""0.2200""}"
KXETH15M-26APR280015-15,9f3e6f8d-fa19-5f96-be60-0e26d0bfe7b7,1777349035,0.23,20.62,yes,"{""count_fp"":""20.62"",""created_time"":""2026-04-28T04:03:55.278274Z"",""no_price_dollars"":""0.7700"",""taker_side"":""yes"",""ticker"":""KXETH15M-26APR280015-15"",""trade_id"":""9f3e6f8d-fa19-5f96-be60-0e26d0bfe7b7"",""yes_price_dollars"":""0.2300""}"
KXETH15M-26APR280015-15,769b4ec9-8ff9-4ac3-0c9d-681ef5699fad,1777349040,0.23,3.0,yes,"{""count_fp"":""3.00"",""created_time"":""2026-04-28T04:04:00.831099Z"",""no_price_dollars"":""0.7700"",""taker_side"":""yes"",""ticker"":""KXETH15M-26APR280015-15"",""trade_id"":""769b4ec9-8ff9-4ac3-0c9d-681ef5699fad"",""yes_price_dollars"":""0.2300""}"
KXETH15M-26APR280015-15,e5854850-171d-481f-dc85-fd0ae5bf8269,1777349042,0.23,3.0,yes,"{""count_fp"":""3.00"",""created_time"":""2026-04-28T04:04:02.677609Z"",""no_price_dollars"":""0.7700"",""taker_side"":""yes"",""ticker"":""KXETH15M-26APR280015-15"",""trade_id"":""e5854850-171d-481f-dc85-fd0ae5bf8269"",""yes_price_dollars"":""0.2300""}"
KXETH15M-26APR280015-15,9642e5b6-ce3e-731a-f54e-11af8808380a,1777349042,0.2,20.0,no,"{""count_fp"":""20.00"",""created_time"":""2026-04-28T04:04:02.122228Z"",""no_price_dollars"":""0.8000"",""taker_side"":""no"",""ticker"":""KXETH15M-26APR280015-15"",""trade_id"":""9642e5b6-ce3e-731a-f54e-11af8808380a"",""yes_price_dollars"":""0.2000""}"
KXETH15M-26APR280015-15,b6822366-04f1-5d98-e828-42d7f06c9f6a,1777349042,0.21,10.0,no,"{""count_fp"":""10.00"",""created_time"":""2026-04-28T04:04:02.109261Z"",""no_price_dollars"":""0.7900"",""taker_side"":""no"",""ticker"":""KXETH15M-26APR280015-15"",""trade_id"":""b6822366-04f1-5d98-e828-42d7f06c9f6a"",""yes_price_dollars"":""0.2100""}"
KXETH15M-26APR280015-15,92de67fe-1ab5-5fce-dece-ca07b6bbd13c,1777349042,0.21,10.0,no,"{""count_fp"":""10.00"",""created_time"":""2026-04-28T04:04:02.109261Z"",""no_price_dollars"":""0.7900"",""taker_side"":""no"",""ticker"":""KXETH15M-26APR280015-15"",""trade_id"":""92de67fe-1ab5-5fce-dece-ca07b6bbd13c"",""yes_price_dollars"":""0.2100""}"
KXETH15M-26APR280015-15,87d9c218-6465-593a-2013-75523324d5dc,1777349050,0.21,10.0,yes,"{""count_fp"":""10.00"",""created_time"":""2026-04-28T04:04:10.810059Z"",""no_price_dollars"":""0.7900"",""taker_side"":""yes"",""ticker"":""KXETH15M-26APR280015-15"",""trade_id"":""87d9c218-6465-593a-2013-75523324d5dc"",""yes_price_dollars"":""0.2100""}"
KXETH15M-26APR280015-15,8223a404-abe1-5b43-3365-562d756d6279,1777349050,0.21,100.0,yes,"{""count_fp"":""100.00"",""created_time"":""2026-04-28T04:04:10.810059Z"",""no_price_dollars"":""0.7900"",""taker_side"":""yes"",""ticker"":""KXETH15M-26APR280015-15"",""trade_id"":""8223a404-abe1-5b43-3365-562d756d6279"",""yes_price_dollars"":""0.2100""}"
KXETH15M-26APR280015-15,dac7afc1-7832-601b-4c1e-f5e5f47c743e,1777349054,0.25,8.0,no,"{""count_fp"":""8.00"",""created_time"":""2026-04-28T04:04:14.134778Z"",""no_price_dollars"":""0.7500"",""taker_side"":""no"",""ticker"":""KXETH15M-26APR280015-15"",""trade_id"":""dac7afc1-7832-601b-4c1e-f5e5f47c743e"",""yes_price_dollars"":""0.2500""}"
KXETH15M-26APR280015-15,05f719cf-a387-5c78-61c2-61e946f9b7ab,1777349055,0.25,1.0,no,"{""count_fp"":""1.00"",""created_time"":""2026-04-28T04:04:15.646756Z"",""no_price_dollars"":""0.7500"",""taker_side"":""no"",""ticker"":""KXETH15M-26APR280015-15"",""trade_id"":""05f719cf-a387-5c78-61c2-61e946f9b7ab"",""yes_price_dollars"":""0.2500""}"
KXETH15M-26APR280015-15,363ac959-cbae-4c29-5ed4-cab9439f814f,1777349061,0.27,15.68,yes,"{""count_fp"":""15.68"",""created_time"":""2026-04-28T04:04:21.682543Z"",""no_price_dollars"":""0.7300"",""taker_side"":""yes"",""ticker"":""KXETH15M-26APR280015-15"",""trade_id"":""363ac959-cbae-4c29-5ed4-cab9439f814f"",""yes_price_dollars"":""0.2700""}"
KXETH15M-26APR280015-15,30cc1645-c943-4350-6d91-1583c866134d,1777349061,0.26,2.0,yes,"{""count_fp"":""2.00"",""created_time"":""2026-04-28T04:04:21.682543Z"",""no_price_dollars"":""0.7400"",""taker_side"":""yes"",""ticker"":""KXETH15M-26APR280015-15"",""trade_id"":""30cc1645-c943-4350-6d91-1583c866134d"",""yes_price_dollars"":""0.2600""}"
KXETH15M-26APR280015-15,9a946d1d-1b3d-43d7-a8d4-2f6df9f0b20d,1777349072,0.23,10.0,no,"{""count_fp"":""10.00"",""created_time"":""2026-04-28T04:04:32.829759Z"",""no_price_dollars"":""0.7700"",""taker_side"":""no"",""ticker"":""KXETH15M-26APR280015-15"",""trade_id"":""9a946d1d-1b3d-43d7-a8d4-2f6df9f0b20d"",""yes_price_dollars"":""0.2300""}"
KXETH15M-26APR280015-15,057ef04a-cf57-62f8-adea-fe6372a71d5b,1777349076,0.24,3.95,yes,"{""count_fp"":""3.95"",""created_time"":""2026-04-28T04:04:36.489035Z"",""no_price_dollars"":""0.7600"",""taker_side"":""yes"",""ticker"":""KXETH15M-26APR280015-15"",""trade_id"":""057ef04a-cf57-62f8-adea-fe6372a71d5b"",""yes_price_dollars"":""0.2400""}"
KXETH15M-26APR280015-15,d853fcc7-cd76-5272-3af9-442ed4d8365a,1777349078,0.2,98.73,no,"{""count_fp"":""98.73"",""created_time"":""2026-04-28T04:04:38.059478Z"",""no_price_dollars"":""0.8000"",""taker_side"":""no"",""ticker"":""KXETH15M-26APR280015-15"",""trade_id"":""d853fcc7-cd76-5272-3af9-442ed4d8365a"",""yes_price_dollars"":""0.2000""}"
KXETH15M-26APR280015-15,9d67bcb8-c87c-623d-c498-14a4d4c32bd1,1777349081,0.21,1.0,yes,"{""count_fp"":""1.00"",""created_time"":""2026-04-28T04:04:41.110764Z"",""no_price_dollars"":""0.7900"",""taker_side"":""yes"",""ticker"":""KXETH15M-26APR280015-15"",""trade_id"":""9d67bcb8-c87c-623d-c498-14a4d4c32bd1"",""yes_price_dollars"":""0.2100""}"
KXETH15M-26APR280015-15,b6a2b7c4-938c-4c7d-68f1-86100117014d,1777349087,0.22,11.01,yes,"{""count_fp"":""11.01"",""created_time"":""2026-04-28T04:04:47.690675Z"",""no_price_dollars"":""0.7800"",""taker_side"":""yes"",""ticker"":""KXETH15M-26APR280015-15"",""trade_id"":""b6a2b7c4-938c-4c7d-68f1-86100117014d"",""yes_price_dollars"":""0.2200""}"
KXETH15M-26APR280015-15,2e73e2eb-6589-404b-574b-efc49673549c,1777349087,0.22,10.0,yes,"{""count_fp"":""10.00"",""created_time"":""2026-04-28T04:04:47.690675Z"",""no_price_dollars"":""0.7800"",""taker_side"":""yes"",""ticker"":""KXETH15M-26APR280015-15"",""trade_id"":""2e73e2eb-6589-404b-574b-efc49673549c"",""yes_price_dollars"":""0.2200""}"
KXETH15M-26APR280015-15,f8fde0e5-63f0-7bda-3e88-93809ca32b5b,1777349089,0.22,1.0,no,"{""count_fp"":""1.00"",""created_time"":""2026-04-28T04:04:49.648425Z"",""no_price_dollars"":""0.7800"",""taker_side"":""no"",""ticker"":""KXETH15M-26APR280015-15"",""trade_id"":""f8fde0e5-63f0-7bda-3e88-93809ca32b5b"",""yes_price_dollars"":""0.2200""}"
KXETH15M-26APR280015-15,5335ce80-e7fe-6ac8-4538-8571dd82030f,1777349096,0.22,10.0,no,"{""count_fp"":""10.00"",""created_time"":""2026-04-28T04:04:56.196274Z"",""no_price_dollars"":""0.7800"",""taker_side"":""no"",""ticker"":""KXETH15M-26APR280015-15"",""trade_id"":""5335ce80-e7fe-6ac8-4538-8571dd82030f"",""yes_price_dollars"":""0.2200""}"
KXETH15M-26APR280015-15,4f186cb5-5fb0-7e89-e53d-0d3f0c78f11d,1777349098,0.21,5.0,yes,"{""count_fp"":""5.00"",""created_time"":""2026-04-28T04:04:58.234761Z"",""no_price_dollars"":""0.7900"",""taker_side"":""yes"",""ticker"":""KXETH15M-26APR280015-15"",""trade_id"":""4f186cb5-5fb0-7e89-e53d-0d3f0c78f11d"",""yes_price_dollars"":""0.2100""}"
KXETH15M-26APR280015-15,3b47bde7-d163-7f72-77ed-02417ba16916,1777349102,0.21,10.0,yes,"{""count_fp"":""10.00"",""created_time"":""2026-04-28T04:05:02.194426Z"",""no_price_dollars"":""0.7900"",""taker_side"":""yes"",""ticker"":""KXETH15M-26APR280015-15"",""trade_id"":""3b47bde7-d163-7f72-77ed-02417ba16916"",""yes_price_dollars"":""0.2100""}"
KXETH15M-26APR280015-15,0e498a2f-143e-7ec7-7133-494dce4d07ac,1777349102,0.22,1.0,yes,"{""count_fp"":""1.00"",""created_time"":""2026-04-28T04:05:02.194426Z"",""no_price_dollars"":""0.7800"",""taker_side"":""yes"",""ticker"":""KXETH15M-26APR280015-15"",""trade_id"":""0e498a2f-143e-7ec7-7133-494dce4d07ac"",""yes_price_dollars"":""0.2200""}"
KXETH15M-26APR280015-15,29fc07ba-97e8-5265-1680-d9cdb852ceb1,1777349105,0.22,3.95,yes,"{""count_fp"":""3.95"",""created_time"":""2026-04-28T04:05:05.714547Z"",""no_price_dollars"":""0.7800"",""taker_side"":""yes"",""ticker"":""KXETH15M-26APR280015-15"",""trade_id"":""29fc07ba-97e8-5265-1680-d9cdb852ceb1"",""yes_price_dollars"":""0.2200""}"
KXETH15M-26APR280015-15,8a2f8cb7-f62c-721d-142e-8a479b0bd161,1777349106,0.22,20.62,yes,"{""count_fp"":""20.62"",""created_time"":""2026-04-28T04:05:06.423915Z"",""no_price_dollars"":""0.7800"",""taker_side"":""yes"",""ticker"":""KXETH15M-26APR280015-15"",""trade_id"":""8a2f8cb7-f62c-721d-142e-8a479b0bd161"",""yes_price_dollars"":""0.2200""}"
KXETH15M-26APR280015-15,49d418fc-6212-4ec0-2eb8-eb6d6c1a6c00,1777349107,0.21,6.23,no,"{""count_fp"":""6.23"",""created_time"":""2026-04-28T04:05:07.707959Z"",""no_price_dollars"":""0.7900"",""taker_side"":""no"",""ticker"":""KXETH15M-26APR280015-15"",""trade_id"":""49d418fc-6212-4ec0-2eb8-eb6d6c1a6c00"",""yes_price_dollars"":""0.2100""}"
KXETH15M-26APR280015-15,a5524ec2-f1b0-7dcd-0cc6-b747dfae82e9,1777349109,0.21,20.62,yes,"{""count_fp"":""20.62"",""created_time"":""2026-04-28T04:05:09.116442Z"",""no_price_dollars"":""0.7900"",""taker_side"":""yes"",""ticker"":""KXETH15M-26APR280015-15"",""trade_id"":""a5524ec2-f1b0-7dcd-0cc6-b747dfae82e9"",""yes_price_dollars"":""0.2100""}"
KXETH15M-26APR280015-15,28cedc5e-9d10-5145-a539-6acf6e789aed,1777349120,0.21,9.02,yes,"{""count_fp"":""9.02"",""created_time"":""2026-04-28T04:05:20.723605Z"",""no_price_dollars"":""0.7900"",""taker_side"":""yes"",""ticker"":""KXETH15M-26APR280015-15"",""trade_id"":""28cedc5e-9d10-5145-a539-6acf6e789aed"",""yes_price_dollars"":""0.2100""}"
KXETH15M-26APR280015-15,06589c2a-05ee-69aa-5d7b-5a2827a344de,1777349124,0.2,1.0,no,"{""count_fp"":""1.00"",""created_time"":""2026-04-28T04:05:24.651433Z"",""no_price_dollars"":""0.8000"",""taker_side"":""no"",""ticker"":""KXETH15M-26APR280015-15"",""trade_id"":""06589c2a-05ee-69aa-5d7b-5a2827a344de"",""yes_price_dollars"":""0.2000""}"
KXETH15M-26APR280015-15,00715840-48b6-4ebe-aa5f-d67ef7afb9ba,1777349124,0.2,20.62,no,"{""count_fp"":""20.62"",""created_time"":""2026-04-28T04:05:24.192085Z"",""no_price_dollars"":""0.8000"",""taker_side"":""no"",""ticker"":""KXETH15M-26APR280015-15"",""trade_id"":""00715840-48b6-4ebe-aa5f-d67ef7afb9ba"",""yes_price_dollars"":""0.2000""}"
KXETH15M-26APR280015-15,4ca31ff4-683a-6cb6-6bc2-ba83462402ee,1777349130,0.2,6.16,no,"{""count_fp"":""6.16"",""created_time"":""2026-04-28T04:05:30.610685Z"",""no_price_dollars"":""0.8000"",""taker_side"":""no"",""ticker"":""KXETH15M-26APR280015-15"",""trade_id"":""4ca31ff4-683a-6cb6-6bc2-ba83462402ee"",""yes_price_dollars"":""0.2000""}"
KXETH15M-26APR280015-15,09ad5397-ebe8-491e-ae6f-f17ed1401abd,1777349135,0.21,0.98,yes,"{""count_fp"":""0.98"",""created_time"":""2026-04-28T04:05:35.549075Z"",""no_price_dollars"":""0.7900"",""taker_side"":""yes"",""ticker"":""KXETH15M-26APR280015-15"",""trade_id"":""09ad5397-ebe8-491e-ae6f-f17ed1401abd"",""yes_price_dollars"":""0.2100""}"
KXETH15M-26APR280015-15,a788233f-fd4f-4768-f53b-e06174b15e5f,1777349138,0.21,1.0,yes,"{""count_fp"":""1.00"",""created_time"":""2026-04-28T04:05:38.775775Z"",""no_price_dollars"":""0.7900"",""taker_side"":""yes"",""ticker"":""KXETH15M-26APR280015-15"",""trade_id"":""a788233f-fd4f-4768-f53b-e06174b15e5f"",""yes_price_dollars"":""0.2100""}"
KXETH15M-26APR280015-15,fe618c4d-33fa-6226-c36f-278716fdd3e6,1777349139,0.2,6.35,no,"{""count_fp"":""6.35"",""created_time"":""2026-04-28T04:05:39.104147Z"",""no_price_dollars"":""0.8000"",""taker_side"":""no"",""ticker"":""KXETH15M-26APR280015-15"",""trade_id"":""fe618c4d-33fa-6226-c36f-278716fdd3e6"",""yes_price_dollars"":""0.2000""}"
KXETH15M-26APR280015-15,8d7dae5b-181e-4842-79f0-2022b95d705a,1777349147,0.2,24.65,no,"{""count_fp"":""24.65"",""created_time"":""2026-04-28T04:05:47.421261Z"",""no_price_dollars"":""0.8000"",""taker_side"":""no"",""ticker"":""KXETH15M-26APR280015-15"",""trade_id"":""8d7dae5b-181e-4842-79f0-2022b95d705a"",""yes_price_dollars"":""0.2000""}"
KXETH15M-26APR280015-15,fab9ba26-49f5-4e9d-b68e-0e8f4e4815ed,1777349147,0.21,6.0,yes,"{""count_fp"":""6.00"",""created_time"":""2026-04-28T04:05:47.021962Z"",""no_price_dollars"":""0.7900"",""taker_side"":""yes"",""ticker"":""KXETH15M-26APR280015-15"",""trade_id"":""fab9ba26-49f5-4e9d-b68e-0e8f4e4815ed"",""yes_price_dollars"":""0.2100""}"
KXETH15M-26APR280015-15,2c6b8664-c392-4bb8-b0b5-9808500724c9,1777349147,0.21,1.0,yes,"{""count_fp"":""1.00"",""created_time"":""2026-04-28T04:05:47.021962Z"",""no_price_dollars"":""0.7900"",""taker_side"":""yes"",""ticker"":""KXETH15M-26APR280015-15"",""trade_id"":""2c6b8664-c392-4bb8-b0b5-9808500724c9"",""yes_price_dollars"":""0.2100""}"
KXETH15M-26APR280015-15,bf6396e5-d21a-7536-8e54-fce4c9f21702,1777349155,0.2,56.0,no,"{""count_fp"":""56.00"",""created_time"":""2026-04-28T04:05:55.087798Z"",""no_price_dollars"":""0.8000"",""taker_side"":""no"",""ticker"":""KXETH15M-26APR280015-15"",""trade_id"":""bf6396e5-d21a-7536-8e54-fce4c9f21702"",""yes_price_dollars"":""0.2000""}"
KXETH15M-26APR280015-15,e27f77c0-8f5a-446a-4c6c-13f2c64a9066,1777349156,0.2,54.0,no,"{""count_fp"":""54.00"",""created_time"":""2026-04-28T04:05:56.140885Z"",""no_price_dollars"":""0.8000"",""taker_side"":""no"",""ticker"":""KXETH15M-26APR280015-15"",""trade_id"":""e27f77c0-8f5a-446a-4c6c-13f2c64a9066"",""yes_price_dollars"":""0.2000""}"
KXETH15M-26APR280015-15,328205a4-c5e0-403d-6a69-b68a51abcf08,1777349156,0.21,1.0,yes,"{""count_fp"":""1.00"",""created_time"":""2026-04-28T04:05:56.044392Z"",""no_price_dollars"":""0.7900"",""taker_side"":""yes"",""ticker"":""KXETH15M-26APR280015-15"",""trade_id"":""328205a4-c5e0-403d-6a69-b68a51abcf08"",""yes_price_dollars"":""0.2100""}"
KXETH15M-26APR280015-15,b94386e8-d1b2-62e2-08c3-9888d5e6e9a2,1777349158,0.2,1.0,no,"{""count_fp"":""1.00"",""created_time"":""2026-04-28T04:05:58.676613Z"",""no_price_dollars"":""0.8000"",""taker_side"":""no"",""ticker"":""KXETH15M-26APR280015-15"",""trade_id"":""b94386e8-d1b2-62e2-08c3-9888d5e6e9a2"",""yes_price_dollars"":""0.2000""}"
KXETH15M-26APR280015-15,5126d05f-418e-5eda-9ce2-cf2d8f7b4cd6,1777349159,0.2,58.0,no,"{""count_fp"":""58.00"",""created_time"":""2026-04-28T04:05:59.103106Z"",""no_price_dollars"":""0.8000"",""taker_side"":""no"",""ticker"":""KXETH15M-26APR280015-15"",""trade_id"":""5126d05f-418e-5eda-9ce2-cf2d8f7b4cd6"",""yes_price_dollars"":""0.2000""}"
KXETH15M-26APR280015-15,d2e4f22e-e0d2-56fa-3077-ad6170c26726,1777349160,0.2,65.0,no,"{""count_fp"":""65.00"",""created_time"":""2026-04-28T04:06:00.987139Z"",""no_price_dollars"":""0.8000"",""taker_side"":""no"",""ticker"":""KXETH15M-26APR280015-15"",""trade_id"":""d2e4f22e-e0d2-56fa-3077-ad6170c26726"",""yes_price_dollars"":""0.2000""}"
KXETH15M-26APR280015-15,24264485-0e5a-4266-ec91-240456c89dde,1777349160,0.2,89.0,no,"{""count_fp"":""89.00"",""created_time"":""2026-04-28T04:06:00.111541Z"",""no_price_dollars"":""0.8000"",""taker_side"":""no"",""ticker"":""KXETH15M-26APR280015-15"",""trade_id"":""24264485-0e5a-4266-ec91-240456c89dde"",""yes_price_dollars"":""0.2000""}"
KXETH15M-26APR280015-15,1b832e02-e47e-61f4-7b1c-545356b97b60,1777349161,0.23,10.0,no,"{""count_fp"":""10.00"",""created_time"":""2026-04-28T04:06:01.973433Z"",""no_price_dollars"":""0.7700"",""taker_side"":""no"",""ticker"":""KXETH15M-26APR280015-15"",""trade_id"":""1b832e02-e47e-61f4-7b1c-545356b97b60"",""yes_price_dollars"":""0.2300""}"
KXETH15M-26APR280015-15,113f843c-24ea-6da7-779d-a4ef7678ca2a,1777349161,0.23,83.81,no,"{""count_fp"":""83.81"",""created_time"":""2026-04-28T04:06:01.973433Z"",""no_price_dollars"":""0.7700"",""taker_side"":""no"",""ticker"":""KXETH15M-26APR280015-15"",""trade_id"":""113f843c-24ea-6da7-779d-a4ef7678ca2a"",""yes_price_dollars"":""0.2300""}"
KXETH15M-26APR280015-15,7b8101bb-a106-57e7-8cd6-bc6910c4086c,1777349161,0.25,60.0,yes,"{""count_fp"":""60.00"",""created_time"":""2026-04-28T04:06:01.782682Z"",""no_price_dollars"":""0.7500"",""taker_side"":""yes"",""ticker"":""KXETH15M-26APR280015-15"",""trade_id"":""7b8101bb-a106-57e7-8cd6-bc6910c4086c"",""yes_price_dollars"":""0.2500""}"
KXETH15M-26APR280015-15,14d0d560-ee2a-559a-bfe7-a3091327f427,1777349161,0.25,133.0,yes,"{""count_fp"":""133.00"",""created_time"":""2026-04-28T04:06:01.782682Z"",""no_price_dollars"":""0.7500"",""taker_side"":""yes"",""ticker"":""KXETH15M-26APR280015-15"",""trade_id"":""14d0d560-ee2a-559a-bfe7-a3091327f427"",""yes_price_dollars"":""0.2500""}"
KXETH15M-26APR280015-15,ac31c538-78c2-66fe-030f-2cf3bb9ff388,1777349161,0.23,60.0,yes,"{""count_fp"":""60.00"",""created_time"":""2026-04-28T04:06:01.530216Z"",""no_price_dollars"":""0.7700"",""taker_side"":""yes"",""ticker"":""KXETH15M-26APR280015-15"",""trade_id"":""ac31c538-78c2-66fe-030f-2cf3bb9ff388"",""yes_price_dollars"":""0.2300""}"
KXETH15M-26APR280015-15,8fbacb25-6b66-6c8f-32d5-21e89a07d3b0,1777349161,0.22,10.0,yes,"{""count_fp"":""10.00"",""created_time"":""2026-04-28T04:06:01.530216Z"",""no_price_dollars"":""0.7800"",""taker_side"":""yes"",""ticker"":""KXETH15M-26APR280015-15"",""trade_id"":""8fbacb25-6b66-6c8f-32d5-21e89a07d3b0"",""yes_price_dollars"":""0.2200""}"
KXETH15M-26APR280015-15,787a6429-c30f-6fa2-08c6-ea4b59973a64,1777349161,0.22,1.0,yes,"{""count_fp"":""1.00"",""created_time"":""2026-04-28T04:06:01.530216Z"",""no_price_dollars"":""0.7800"",""taker_side"":""yes"",""ticker"":""KXETH15M-26APR280015-15"",""trade_id"":""787a6429-c30f-6fa2-08c6-ea4b59973a64"",""yes_price_dollars"":""0.2200""}"
KXETH15M-26APR280015-15,4e724c1a-2609-6761-1dce-f31a73ecce9d,1777349161,0.23,99.0,yes,"{""count_fp"":""99.00"",""created_time"":""2026-04-28T04:06:01.530216Z"",""no_price_dollars"":""0.7700"",""taker_side"":""yes"",""ticker"":""KXETH15M-26APR280015-15"",""trade_id"":""4e724c1a-2609-6761-1dce-f31a73ecce9d"",""yes_price_dollars"":""0.2300""}"
KXETH15M-26APR280015-15,ed8e6e38-1903-64fc-4404-bda97da857d7,1777349161,0.21,9.0,yes,"{""count_fp"":""9.00"",""created_time"":""2026-04-28T04:06:01.509736Z"",""no_price_dollars"":""0.7900"",""taker_side"":""yes"",""ticker"":""KXETH15M-26APR280015-15"",""trade_id"":""ed8e6e38-1903-64fc-4404-bda97da857d7"",""yes_price_dollars"":""0.2100""}"
KXETH15M-26APR280015-15,6c690c3b-89df-6ee0-7bb1-7d99b4b5417f,1777349161,0.21,1.0,yes,"{""count_fp"":""1.00"",""created_time"":""2026-04-28T04:06:01.460805Z"",""no_price_dollars"":""0.7900"",""taker_side"":""yes"",""ticker"":""KXETH15M-26APR280015-15"",""trade_id"":""6c690c3b-89df-6ee0-7bb1-7d99b4b5417f"",""yes_price_dollars"":""0.2100""}"
KXETH15M-26APR280015-15,641f3045-3f40-6dad-f466-cc76b66c3e46,1777349171,0.23,18.28,yes,"{""count_fp"":""18.28"",""created_time"":""2026-04-28T04:06:11.519555Z"",""no_price_dollars"":""0.7700"",""taker_side"":""yes"",""ticker"":""KXETH15M-26APR280015-15"",""trade_id"":""641f3045-3f40-6dad-f466-cc76b66c3e46"",""yes_price_dollars"":""0.2300""}"
KXETH15M-26APR280015-15,544a9076-7cab-70ff-698f-0b6ecd50ae0e,1777349171,0.23,1.0,yes,"{""count_fp"":""1.00"",""created_time"":""2026-04-28T04:06:11.383867Z"",""no_price_dollars"":""0.7700"",""taker_side"":""yes"",""ticker"":""KXETH15M-26APR280015-15"",""trade_id"":""544a9076-7cab-70ff-698f-0b6ecd50ae0e"",""yes_price_dollars"":""0.2300""}"
KXETH15M-26APR280015-15,3ea39ba7-0c78-7b15-6300-0f4d062fb14a,1777349171,0.23,5.0,yes,"{""count_fp"":""5.00"",""created_time"":""2026-04-28T04:06:11.383867Z"",""no_price_dollars"":""0.7700"",""taker_side"":""yes"",""ticker"":""KXETH15M-26APR280015-15"",""trade_id"":""3ea39ba7-0c78-7b15-6300-0f4d062fb14a"",""yes_price_dollars"":""0.2300""}"
KXETH15M-26APR280015-15,8d0c4199-46de-505d-cbfd-dadf9e569fe1,1777349178,0.22,10.0,no,"{""count_fp"":""10.00"",""created_time"":""2026-04-28T04:06:18.487251Z"",""no_price_dollars"":""0.7800"",""taker_side"":""no"",""ticker"":""KXETH15M-26APR280015-15"",""trade_id"":""8d0c4199-46de-505d-cbfd-dadf9e569fe1"",""yes_price_dollars"":""0.2200""}"
KXETH15M-26APR280015-15,0f540d3e-d421-7b31-7ee5-bb0f35e1fba6,1777349184,0.22,10.0,yes,"{""count_fp"":""10.00"",""created_time"":""2026-04-28T04:06:24.024746Z"",""no_price_dollars"":""0.7800"",""taker_side"":""yes"",""ticker"":""KXETH15M-26APR280015-15"",""trade_id"":""0f540d3e-d421-7b31-7ee5-bb0f35e1fba6"",""yes_price_dollars"":""0.2200""}"
KXETH15M-26APR280015-15,064d9504-104c-7eaf-43f7-7282f25a1a89,1777349184,0.23,72.89,yes,"{""count_fp"":""72.89"",""created_time"":""2026-04-28T04:06:24.024746Z"",""no_price_dollars"":""0.7700"",""taker_side"":""yes"",""ticker"":""KXETH15M-26APR280015-15"",""trade_id"":""064d9504-104c-7eaf-43f7-7282f25a1a89"",""yes_price_dollars"":""0.2300""}"
KXETH15M-26APR280015-15,a0e70844-5e9e-721a-e295-d71586859936,1777349185,0.2,20.92,no,"{""count_fp"":""20.92"",""created_time"":""2026-04-28T04:06:25.787403Z"",""no_price_dollars"":""0.8000"",""taker_side"":""no"",""ticker"":""KXETH15M-26APR280015-15"",""trade_id"":""a0e70844-5e9e-721a-e295-d71586859936"",""yes_price_dollars"":""0.2000""}"
KXETH15M-26APR280015-15,5cf7de10-3796-7b47-e1d8-8bd2b45f5796,1777349185,0.21,10.0,no,"{""count_fp"":""10.00"",""created_time"":""2026-04-28T04:06:25.787403Z"",""no_price_dollars"":""0.7900"",""taker_side"":""no"",""ticker"":""KXETH15M-26APR280015-15"",""trade_id"":""5cf7de10-3796-7b47-e1d8-8bd2b45f5796"",""yes_price_dollars"":""0.2100""}"
KXETH15M-26APR280015-15,eab65bc3-55d2-6d8f-1fde-aca589eb8d31,1777349186,0.16,10.0,no,"{""count_fp"":""10.00"",""created_time"":""2026-04-28T04:06:26.890847Z"",""no_price_dollars"":""0.8400"",""taker_side"":""no"",""ticker"":""KXETH15M-26APR280015-15"",""trade_id"":""eab65bc3-55d2-6d8f-1fde-aca589eb8d31"",""yes_price_dollars"":""0.1600""}"
KXETH15M-26APR280015-15,aac02711-4cf7-6ef1-389f-77b5564bcbfb,1777349186,0.16,1.0,no,"{""count_fp"":""1.00"",""created_time"":""2026-04-28T04:06:26.890847Z"",""no_price_dollars"":""0.8400"",""taker_side"":""no"",""ticker"":""KXETH15M-26APR280015-15"",""trade_id"":""aac02711-4cf7-6ef1-389f-77b5564bcbfb"",""yes_price_dollars"":""0.1600""}"
KXETH15M-26APR280015-15,8c83b9b7-b441-6269-cfd0-f3a7429bbdb6,1777349186,0.17,3.0,no,"{""count_fp"":""3.00"",""created_time"":""2026-04-28T04:06:26.507609Z"",""no_price_dollars"":""0.8300"",""taker_side"":""no"",""ticker"":""KXETH15M-26APR280015-15"",""trade_id"":""8c83b9b7-b441-6269-cfd0-f3a7429bbdb6"",""yes_price_dollars"":""0.1700""}"
KXETH15M-26APR280015-15,63dff913-e5aa-6f03-dfe1-25f42bc1d914,1777349186,0.17,1.0,no,"{""count_fp"":""1.00"",""created_time"":""2026-04-28T04:06:26.507609Z"",""no_price_dollars"":""0.8300"",""taker_side"":""no"",""ticker"":""KXETH15M-26APR280015-15"",""trade_id"":""63dff913-e5aa-6f03-dfe1-25f42bc1d914"",""yes_price_dollars"":""0.1700""}"
KXETH15M-26APR280015-15,47da525d-4321-682f-f8cc-9c88e736cfb7,1777349186,0.17,7.0,no,"{""count_fp"":""7.00"",""created_time"":""2026-04-28T04:06:26.507609Z"",""no_price_dollars"":""0.8300"",""taker_side"":""no"",""ticker"":""KXETH15M-26APR280015-15"",""trade_id"":""47da525d-4321-682f-f8cc-9c88e736cfb7"",""yes_price_dollars"":""0.1700""}"
KXETH15M-26APR280015-15,13a947c9-8c91-613d-bfc2-d23e087ba991,1777349186,0.19,10.0,no,"{""count_fp"":""10.00"",""created_time"":""2026-04-28T04:06:26.326348Z"",""no_price_dollars"":""0.8100"",""taker_side"":""no"",""ticker"":""KXETH15M-26APR280015-15"",""trade_id"":""13a947c9-8c91-613d-bfc2-d23e087ba991"",""yes_price_dollars"":""0.1900""}"
KXETH15M-26APR280015-15,ae2a5add-bdc6-5712-84b6-4616153cb126,1777349186,0.2,0.91,no,"{""count_fp"":""0.91"",""created_time"":""2026-04-28T04:06:26.223931Z"",""no_price_dollars"":""0.8000"",""taker_side"":""no"",""ticker"":""KXETH15M-26APR280015-15"",""trade_id"":""ae2a5add-bdc6-5712-84b6-4616153cb126"",""yes_price_dollars"":""0.2000""}"
KXETH15M-26APR280015-15,41ce4af2-b4ee-5276-0647-337aac096e22,1777349186,0.2,19.0,no,"{""count_fp"":""19.00"",""created_time"":""2026-04-28T04:06:26.195108Z"",""no_price_dollars"":""0.8000"",""taker_side"":""no"",""ticker"":""KXETH15M-26APR280015-15"",""trade_id"":""41ce4af2-b4ee-5276-0647-337aac096e22"",""yes_price_dollars"":""0.2000""}"
KXETH15M-26APR280015-15,c46c9a29-d527-5319-b951-0b366797005e,1777349187,0.13,1.0,no,"{""count_fp"":""1.00"",""created_time"":""2026-04-28T04:06:27.836458Z"",""no_price_dollars"":""0.8700"",""taker_side"":""no"",""ticker"":""KXETH15M-26APR280015-15"",""trade_id"":""c46c9a29-d527-5319-b951-0b366797005e"",""yes_price_dollars"":""0.1300""}"
KXETH15M-26APR280015-15,ac642ed7-e87f-532f-8997-9c13405df23a,1777349187,0.13,1.0,no,"{""count_fp"":""1.00"",""created_time"":""2026-04-28T04:06:27.836458Z"",""no_price_dollars"":""0.8700"",""taker_side"":""no"",""ticker"":""KXETH15M-26APR280015-15"",""trade_id"":""ac642ed7-e87f-532f-8997-9c13405df23a"",""yes_price_dollars"":""0.1300""}"
KXETH15M-26APR280015-15,e46ffccc-d355-72e3-a2d2-1c6a6b86438e,1777349187,0.13,5.0,no,"{""count_fp"":""5.00"",""created_time"":""2026-04-28T04:06:27.275458Z"",""no_price_dollars"":""0.8700"",""taker_side"":""no"",""ticker"":""KXETH15M-26APR280015-15"",""trade_id"":""e46ffccc-d355-72e3-a2d2-1c6a6b86438e"",""yes_price_dollars"":""0.1300""}"
KXETH15M-26APR280015-15,484744a9-20dd-728b-fd08-36efd4e67ca6,1777349187,0.13,5.0,no,"{""count_fp"":""5.00"",""created_time"":""2026-04-28T04:06:27.263224Z"",""no_price_dollars"":""0.8700"",""taker_side"":""no"",""ticker"":""KXETH15M-26APR280015-15"",""trade_id"":""484744a9-20dd-728b-fd08-36efd4e67ca6"",""yes_price_dollars"":""0.1300""}"
KXETH15M-26APR280015-15,d17ed3ff-56c2-75ad-b7ff-80299ac091dc,1777349188,0.12,5.0,no,"{""count_fp"":""5.00"",""created_time"":""2026-04-28T04:06:28.398286Z"",""no_price_dollars"":""0.8800"",""taker_side"":""no"",""ticker"":""KXETH15M-26APR280015-15"",""trade_id"":""d17ed3ff-56c2-75ad-b7ff-80299ac091dc"",""yes_price_dollars"":""0.1200""}"
KXETH15M-26APR280015-15,ca2557ec-597d-51eb-0fb2-0af7f04dc605,1777349189,0.12,1.0,no,"{""count_fp"":""1.00"",""created_time"":""2026-04-28T04:06:29.209708Z"",""no_price_dollars"":""0.8800"",""taker_side"":""no"",""ticker"":""KXETH15M-26APR280015-15"",""trade_id"":""ca2557ec-597d-51eb-0fb2-0af7f04dc605"",""yes_price_dollars"":""0.1200""}"
KXETH15M-26APR280015-15,b150250c-b102-729c-683f-e105a8fcb730,1777349190,0.13,3.0,yes,"{""count_fp"":""3.00"",""created_time"":""2026-04-28T04:06:30.535336Z"",""no_price_dollars"":""0.8700"",""taker_side"":""yes"",""ticker"":""KXETH15M-26APR280015-15"",""trade_id"":""b150250c-b102-729c-683f-e105a8fcb730"",""yes_price_dollars"":""0.1300""}"
KXETH15M-26APR280015-15,524cefd1-7a84-7eaa-7f21-ff708468565c,1777349190,0.13,21.0,yes,"{""count_fp"":""21.00"",""created_time"":""2026-04-28T04:06:30.535336Z"",""no_price_dollars"":""0.8700"",""taker_side"":""yes"",""ticker"":""KXETH15M-26APR280015-15"",""trade_id"":""524cefd1-7a84-7eaa-7f21-ff708468565c"",""yes_price_dollars"":""0.1300""}"
KXETH15M-26APR280015-15,cbdbc9bc-04dc-4216-8d54-1fdd75616a68,1777349194,0.13,1.0,yes,"{""count_fp"":""1.00"",""created_time"":""2026-04-28T04:06:34.354722Z"",""no_price_dollars"":""0.8700"",""taker_side"":""yes"",""ticker"":""KXETH15M-26APR280015-15"",""trade_id"":""cbdbc9bc-04dc-4216-8d54-1fdd75616a68"",""yes_price_dollars"":""0.1300""}"
KXETH15M-26APR280015-15,09788c0c-33dc-5b9e-246f-d4916164373c,1777349196,0.13,14.5,yes,"{""count_fp"":""14.50"",""created_time"":""2026-04-28T04:06:36.041424Z"",""no_price_dollars"":""0.8700"",""taker_side"":""yes"",""ticker"":""KXETH15M-26APR280015-15"",""trade_id"":""09788c0c-33dc-5b9e-246f-d4916164373c"",""yes_price_dollars"":""0.1300""}"
KXETH15M-26APR280015-15,76515d93-cdc0-678a-e848-8ac384f33de8,1777349197,0.13,1.0,yes,"{""count_fp"":""1.00"",""created_time"":""2026-04-28T04:06:37.027356Z"",""no_price_dollars"":""0.8700"",""taker_side"":""yes"",""ticker"":""KXETH15M-26APR280015-15"",""trade_id"":""76515d93-cdc0-678a-e848-8ac384f33de8"",""yes_price_dollars"":""0.1300""}"
KXETH15M-26APR280015-15,197f379a-1f34-4dee-c8b4-f9ae76aba0c4,1777349200,0.13,11.0,yes,"{""count_fp"":""11.00"",""created_time"":""2026-04-28T04:06:40.907591Z"",""no_price_dollars"":""0.8700"",""taker_side"":""yes"",""ticker"":""KXETH15M-26APR280015-15"",""trade_id"":""197f379a-1f34-4dee-c8b4-f9ae76aba0c4"",""yes_price_dollars"":""0.1300""}"
KXETH15M-26APR280015-15,c2541d56-0ca0-5ea6-5963-4da7a6c78608,1777349203,0.13,11.0,yes,"{""count_fp"":""11.00"",""created_time"":""2026-04-28T04:06:43.105291Z"",""no_price_dollars"":""0.8700"",""taker_side"":""yes"",""ticker"":""KXETH15M-26APR280015-15"",""trade_id"":""c2541d56-0ca0-5ea6-5963-4da7a6c78608"",""yes_price_dollars"":""0.1300""}"
KXETH15M-26APR280015-15,b3cdbcc9-4310-6126-2a6c-9ae0816700f4,1777349206,0.13,140.0,yes,"{""count_fp"":""140.00"",""created_time"":""2026-04-28T04:06:46.125758Z"",""no_price_dollars"":""0.8700"",""taker_side"":""yes"",""ticker"":""KXETH15M-26APR280015-15"",""trade_id"":""b3cdbcc9-4310-6126-2a6c-9ae0816700f4"",""yes_price_dollars"":""0.1300""}"
KXETH15M-26APR280015-15,f592121c-745e-7578-cdd8-130bde135c9c,1777349212,0.19,1.0,yes,"{""count_fp"":""1.00"",""created_time"":""2026-04-28T04:06:52.094872Z"",""no_price_dollars"":""0.8100"",""taker_side"":""yes"",""ticker"":""KXETH15M-26APR280015-15"",""trade_id"":""f592121c-745e-7578-cdd8-130bde135c9c"",""yes_price_dollars"":""0.1900""}"
KXETH15M-26APR280015-15,6c646b40-5de8-72aa-eb86-98660ecbd2b4,1777349212,0.13,0.5,yes,"{""count_fp"":""0.50"",""created_time"":""2026-04-28T04:06:52.094872Z"",""no_price_dollars"":""0.8700"",""taker_side"":""yes"",""ticker"":""KXETH15M-26APR280015-15"",""trade_id"":""6c646b40-5de8-72aa-eb86-98660ecbd2b4"",""yes_price_dollars"":""0.1300""}"
KXETH15M-26APR280015-15,30f65c79-790f-7214-cd12-25bd18b67233,1777349212,0.19,3.63,yes,"{""count_fp"":""3.63"",""created_time"":""2026-04-28T04:06:52.094872Z"",""no_price_dollars"":""0.8100"",""taker_side"":""yes"",""ticker"":""KXETH15M-26APR280015-15"",""trade_id"":""30f65c79-790f-7214-cd12-25bd18b67233"",""yes_price_dollars"":""0.1900""}"
KXETH15M-26APR280015-15,f510c1a6-9afe-56b5-b5e5-fd45f98c7251,1777349218,0.19,1.0,yes,"{""count_fp"":""1.00"",""created_time"":""2026-04-28T04:06:58.858006Z"",""no_price_dollars"":""0.8100"",""taker_side"":""yes"",""ticker"":""KXETH15M-26APR280015-15"",""trade_id"":""f510c1a6-9afe-56b5-b5e5-fd45f98c7251"",""yes_price_dollars"":""0.1900""}"
KXETH15M-26APR280015-15,e80506d7-0498-54db-8d31-5dea38b02668,1777349218,0.19,3.74,yes,"{""count_fp"":""3.74"",""created_time"":""2026-04-28T04:06:58.858006Z"",""no_price_dollars"":""0.8100"",""taker_side"":""yes"",""ticker"":""KXETH15M-26APR280015-15"",""trade_id"":""e80506d7-0498-54db-8d31-5dea38b02668"",""yes_price_dollars"":""0.1900""}"
KXETH15M-26APR280015-15,00c04abc-902d-7f31-5e1f-86019c83306c,1777349219,0.17,3.0,no,"{""count_fp"":""3.00"",""created_time"":""2026-04-28T04:06:59.912378Z"",""no_price_dollars"":""0.8300"",""taker_side"":""no"",""ticker"":""KXETH15M-26APR280015-15"",""trade_id"":""00c04abc-902d-7f31-5e1f-86019c83306c"",""yes_price_dollars"":""0.1700""}"
KXETH15M-26APR280015-15,efa9d55f-f9df-433c-9bd9-17ec6a971fa3,1777349220,0.16,11.0,no,"{""count_fp"":""11.00"",""created_time"":""2026-04-28T04:07:00.856248Z"",""no_price_dollars"":""0.8400"",""taker_side"":""no"",""ticker"":""KXETH15M-26APR280015-15"",""trade_id"":""efa9d55f-f9df-433c-9bd9-17ec6a971fa3"",""yes_price_dollars"":""0.1600""}"
KXETH15M-26APR280015-15,d5c475d2-2d80-4fe7-2dbb-b8548efdc078,1777349220,0.19,23.9,yes,"{""count_fp"":""23.90"",""created_time"":""2026-04-28T04:07:00.675367Z"",""no_price_dollars"":""0.8100"",""taker_side"":""yes"",""ticker"":""KXETH15M-26APR280015-15"",""trade_id"":""d5c475d2-2d80-4fe7-2dbb-b8548efdc078"",""yes_price_dollars"":""0.1900""}"
KXETH15M-26APR280015-15,4ecaa32c-d828-42cb-1746-0c35d23323d4,1777349220,0.18,1.0,yes,"{""count_fp"":""1.00"",""created_time"":""2026-04-28T04:07:00.675367Z"",""no_price_dollars"":""0.8200"",""taker_side"":""yes"",""ticker"":""KXETH15M-26APR280015-15"",""trade_id"":""4ecaa32c-d828-42cb-1746-0c35d23323d4"",""yes_price_dollars"":""0.1800""}"
KXETH15M-26APR280015-15,eb6cc3f1-82bf-445f-379a-5c5457096f67,1777349220,0.17,3.3,no,"{""count_fp"":""3.30"",""created_time"":""2026-04-28T04:07:00.012919Z"",""no_price_dollars"":""0.8300"",""taker_side"":""no"",""ticker"":""KXETH15M-26APR280015-15"",""trade_id"":""eb6cc3f1-82bf-445f-379a-5c5457096f67"",""yes_price_dollars"":""0.1700""}"
KXETH15M-26APR280015-15,c51e44d4-3bb7-4ae8-3c8c-5ea73abaeac5,1777349222,0.15,50.0,no,"{""count_fp"":""50.00"",""created_time"":""2026-04-28T04:07:02.662311Z"",""no_price_dollars"":""0.8500"",""taker_side"":""no"",""ticker"":""KXETH15M-26APR280015-15"",""trade_id"":""c51e44d4-3bb7-4ae8-3c8c-5ea73abaeac5"",""yes_price_dollars"":""0.1500""}"
KXETH15M-26APR280015-15,83c033f2-30f4-629e-595d-b3e288d30f3a,1777349222,0.17,10.0,no,"{""count_fp"":""10.00"",""created_time"":""2026-04-28T04:07:02.359324Z"",""no_price_dollars"":""0.8300"",""taker_side"":""no"",""ticker"":""KXETH15M-26APR280015-15"",""trade_id"":""83c033f2-30f4-629e-595d-b3e288d30f3a"",""yes_price_dollars"":""0.1700""}"
KXETH15M-26APR280015-15,a6cdfdb7-9d47-4700-16d5-66261547c4c5,1777349227,0.17,5.52,yes,"{""count_fp"":""5.52"",""created_time"":""2026-04-28T04:07:07.170028Z"",""no_price_dollars"":""0.8300"",""taker_side"":""yes"",""ticker"":""KXETH15M-26APR280015-15"",""trade_id"":""a6cdfdb7-9d47-4700-16d5-66261547c4c5"",""yes_price_dollars"":""0.1700""}"
KXETH15M-26APR280015-15,6a95a182-83a9-6cfd-b1a4-154b28c0e908,1777349229,0.15,1.0,no,"{""count_fp"":""1.00"",""created_time"":""2026-04-28T04:07:09.579207Z"",""no_price_dollars"":""0.8500"",""taker_side"":""no"",""ticker"":""KXETH15M-26APR280015-15"",""trade_id"":""6a95a182-83a9-6cfd-b1a4-154b28c0e908"",""yes_price_dollars"":""0.1500""}"
KXETH15M-26APR280015-15,f62d6a13-8840-555b-046a-0ee6928da6b1,1777349230,0.18,8.0,yes,"{""count_fp"":""8.00"",""created_time"":""2026-04-28T04:07:10.901241Z"",""no_price_dollars"":""0.8200"",""taker_side"":""yes"",""ticker"":""KXETH15M-26APR280015-15"",""trade_id"":""f62d6a13-8840-555b-046a-0ee6928da6b1"",""yes_price_dollars"":""0.1800""}"
KXETH15M-26APR280015-15,a03ce8d8-80fc-4443-0e9d-1452785a6ba9,1777349233,0.18,8.0,yes,"{""count_fp"":""8.00"",""created_time"":""2026-04-28T04:07:13.145511Z"",""no_price_dollars"":""0.8200"",""taker_side"":""yes"",""ticker"":""KXETH15M-26APR280015-15"",""trade_id"":""a03ce8d8-80fc-4443-0e9d-1452785a6ba9"",""yes_price_dollars"":""0.1800""}"
KXETH15M-26APR280015-15,93a6bc23-e2c9-48e7-0e71-4baca649751d,1777349234,0.14,4.0,no,"{""count_fp"":""4.00"",""created_time"":""2026-04-28T04:07:14.598443Z"",""no_price_dollars"":""0.8600"",""taker_side"":""no"",""ticker"":""KXETH15M-26APR280015-15"",""trade_id"":""93a6bc23-e2c9-48e7-0e71-4baca649751d"",""yes_price_dollars"":""0.1400""}"
KXETH15M-26APR280015-15,7ae86d44-2e07-4138-0694-c4b0b1749274,1777349234,0.14,1.0,no,"{""count_fp"":""1.00"",""created_time"":""2026-04-28T04:07:14.598443Z"",""no_price_dollars"":""0.8600"",""taker_side"":""no"",""ticker"":""KXETH15M-26APR280015-15"",""trade_id"":""7ae86d44-2e07-4138-0694-c4b0b1749274"",""yes_price_dollars"":""0.1400""}"
KXETH15M-26APR280015-15,2cd5e653-99a3-4f2f-1390-50cba33c5b85,1777349234,0.14,10.0,no,"{""count_fp"":""10.00"",""created_time"":""2026-04-28T04:07:14.598443Z"",""no_price_dollars"":""0.8600"",""taker_side"":""no"",""ticker"":""KXETH15M-26APR280015-15"",""trade_id"":""2cd5e653-99a3-4f2f-1390-50cba33c5b85"",""yes_price_dollars"":""0.1400""}"
KXETH15M-26APR280015-15,c965b912-2179-4ac7-3c83-e4874b703633,1777349247,0.16,10.0,no,"{""count_fp"":""10.00"",""created_time"":""2026-04-28T04:07:27.075444Z"",""no_price_dollars"":""0.8400"",""taker_side"":""no"",""ticker"":""KXETH15M-26APR280015-15"",""trade_id"":""c965b912-2179-4ac7-3c83-e4874b703633"",""yes_price_dollars"":""0.1600""}"
KXETH15M-26APR280015-15,99304df3-c7f6-4493-16a8-f28a03046201,1777349247,0.15,51.0,no,"{""count_fp"":""51.00"",""created_time"":""2026-04-28T04:07:27.075444Z"",""no_price_dollars"":""0.8500"",""taker_side"":""no"",""ticker"":""KXETH15M-26APR280015-15"",""trade_id"":""99304df3-c7f6-4493-16a8-f28a03046201"",""yes_price_dollars"":""0.1500""}"
KXETH15M-26APR280015-15,855db7fb-dc61-4a4a-3a29-458d53bed5e8,1777349247,0.15,43.0,no,"{""count_fp"":""43.00"",""created_time"":""2026-04-28T04:07:27.075444Z"",""no_price_dollars"":""0.8500"",""taker_side"":""no"",""ticker"":""KXETH15M-26APR280015-15"",""trade_id"":""855db7fb-dc61-4a4a-3a29-458d53bed5e8"",""yes_price_dollars"":""0.1500""}"
KXETH15M-26APR280015-15,64a92682-9231-4b6f-339d-0c2835715c65,1777349247,0.16,10.0,no,"{""count_fp"":""10.00"",""created_time"":""2026-04-28T04:07:27.075444Z"",""no_price_dollars"":""0.8400"",""taker_side"":""no"",""ticker"":""KXETH15M-26APR280015-15"",""trade_id"":""64a92682-9231-4b6f-339d-0c2835715c65"",""yes_price_dollars"":""0.1600""}"
KXETH15M-26APR280015-15,fac114d9-7d2e-6d21-f79b-82ad6f91a609,1777349251,0.19,6.0,yes,"{""count_fp"":""6.00"",""created_time"":""2026-04-28T04:07:31.895769Z"",""no_price_dollars"":""0.8100"",""taker_side"":""yes"",""ticker"":""KXETH15M-26APR280015-15"",""trade_id"":""fac114d9-7d2e-6d21-f79b-82ad6f91a609"",""yes_price_dollars"":""0.1900""}"
KXETH15M-26APR280015-15,940c770c-832f-6c5a-fc88-c712dd4645ae,1777349251,0.18,1.0,yes,"{""count_fp"":""1.00"",""created_time"":""2026-04-28T04:07:31.895769Z"",""no_price_dollars"":""0.8200"",""taker_side"":""yes"",""ticker"":""KXETH15M-26APR280015-15"",""trade_id"":""940c770c-832f-6c5a-fc88-c712dd4645ae"",""yes_price_dollars"":""0.1800""}"
KXETH15M-26APR280015-15,f7a983cd-ffc5-6f1b-76c7-e99f938f8894,1777349251,0.19,6.0,yes,"{""count_fp"":""6.00"",""created_time"":""2026-04-28T04:07:31.556524Z"",""no_price_dollars"":""0.8100"",""taker_side"":""yes"",""ticker"":""KXETH15M-26APR280015-15"",""trade_id"":""f7a983cd-ffc5-6f1b-76c7-e99f938f8894"",""yes_price_dollars"":""0.1900""}"
KXETH15M-26APR280015-15,b46bcff1-159e-6a08-49c5-c470daecff33,1777349251,0.19,1.0,yes,"{""count_fp"":""1.00"",""created_time"":""2026-04-28T04:07:31.556524Z"",""no_price_dollars"":""0.8100"",""taker_side"":""yes"",""ticker"":""KXETH15M-26APR280015-15"",""trade_id"":""b46bcff1-159e-6a08-49c5-c470daecff33"",""yes_price_dollars"":""0.1900""}"
KXETH15M-26APR280015-15,b07d4af8-dbcd-5a52-a583-0389abf6332a,1777349253,0.19,1.0,yes,"{""count_fp"":""1.00"",""created_time"":""2026-04-28T04:07:33.174604Z"",""no_price_dollars"":""0.8100"",""taker_side"":""yes"",""ticker"":""KXETH15M-26APR280015-15"",""trade_id"":""b07d4af8-dbcd-5a52-a583-0389abf6332a"",""yes_price_dollars"":""0.1900""}"
KXETH15M-26APR280015-15,7071e28f-6f1e-62e0-c7ad-ea33eb87f284,1777349256,0.26,2.0,yes,"{""count_fp"":""2.00"",""created_time"":""2026-04-28T04:07:36.850855Z"",""no_price_dollars"":""0.7400"",""taker_side"":""yes"",""ticker"":""KXETH15M-26APR280015-15"",""trade_id"":""7071e28f-6f1e-62e0-c7ad-ea33eb87f284"",""yes_price_dollars"":""0.2600""}"
KXETH15M-26APR280015-15,aa2f5253-6ff3-7af0-0dea-fe2ae554d448,1777349258,0.28,10.0,no,"{""count_fp"":""10.00"",""created_time"":""2026-04-28T04:07:38.729761Z"",""no_price_dollars"":""0.7200"",""taker_side"":""no"",""ticker"":""KXETH15M-26APR280015-15"",""trade_id"":""aa2f5253-6ff3-7af0-0dea-fe2ae554d448"",""yes_price_dollars"":""0.2800""}"
KXETH15M-26APR280015-15,69d574bd-7941-72ea-3d31-7d1cca949274,1777349258,0.28,1.0,no,"{""count_fp"":""1.00"",""created_time"":""2026-04-28T04:07:38.729761Z"",""no_price_dollars"":""0.7200"",""taker_side"":""no"",""ticker"":""KXETH15M-26APR280015-15"",""trade_id"":""69d574bd-7941-72ea-3d31-7d1cca949274"",""yes_price_dollars"":""0.2800""}"
KXETH15M-26APR280015-15,b3495db3-6a02-5ed4-7930-b54fff00a1e1,1777349259,0.31,1.0,yes,"{""count_fp"":""1.00"",""created_time"":""2026-04-28T04:07:39.825575Z"",""no_price_dollars"":""0.6900"",""taker_side"":""yes"",""ticker"":""KXETH15M-26APR280015-15"",""trade_id"":""b3495db3-6a02-5ed4-7930-b54fff00a1e1"",""yes_price_dollars"":""0.3100""}"
KXETH15M-26APR280015-15,fcb012ac-6732-5131-a16f-5c954f2e6b45,1777349261,0.31,10.0,no,"{""count_fp"":""10.00"",""created_time"":""2026-04-28T04:07:41.639586Z"",""no_price_dollars"":""0.6900"",""taker_side"":""no"",""ticker"":""KXETH15M-26APR280015-15"",""trade_id"":""fcb012ac-6732-5131-a16f-5c954f2e6b45"",""yes_price_dollars"":""0.3100""}"
KXETH15M-26APR280015-15,8dd7cf34-0dc4-5343-a21f-917636e0d0ab,1777349261,0.31,1.0,no,"{""count_fp"":""1.00"",""created_time"":""2026-04-28T04:07:41.639586Z"",""no_price_dollars"":""0.6900"",""taker_side"":""no"",""ticker"":""KXETH15M-26APR280015-15"",""trade_id"":""8dd7cf34-0dc4-5343-a21f-917636e0d0ab"",""yes_price_dollars"":""0.3100""}"
KXETH15M-26APR280015-15,8467d942-45c4-7d43-8a59-0118a1c92e73,1777349261,0.29,1.0,no,"{""count_fp"":""1.00"",""created_time"":""2026-04-28T04:07:41.136149Z"",""no_price_dollars"":""0.7100"",""taker_side"":""no"",""ticker"":""KXETH15M-26APR280015-15"",""trade_id"":""8467d942-45c4-7d43-8a59-0118a1c92e73"",""yes_price_dollars"":""0.2900""}"
KXETH15M-26APR280015-15,8fd71ab5-7e5a-64a3-c61a-c70cb14a9325,1777349261,0.31,1.0,yes,"{""count_fp"":""1.00"",""created_time"":""2026-04-28T04:07:41.036365Z"",""no_price_dollars"":""0.6900"",""taker_side"":""yes"",""ticker"":""KXETH15M-26APR280015-15"",""trade_id"":""8fd71ab5-7e5a-64a3-c61a-c70cb14a9325"",""yes_price_dollars"":""0.3100""}"
KXETH15M-26APR280015-15,3f5f73b6-d105-6fa7-ddb5-6afb02f1a15c,1777349261,0.31,3.0,yes,"{""count_fp"":""3.00"",""created_time"":""2026-04-28T04:07:41.036365Z"",""no_price_dollars"":""0.6900"",""taker_side"":""yes"",""ticker"":""KXETH15M-26APR280015-15"",""trade_id"":""3f5f73b6-d105-6fa7-ddb5-6afb02f1a15c"",""yes_price_dollars"":""0.3100""}"
KXETH15M-26APR280015-15,a0df8fa9-24b5-54d7-c9f6-42d8f5bbdaa5,1777349263,0.32,2.0,yes,"{""count_fp"":""2.00"",""created_time"":""2026-04-28T04:07:43.164268Z"",""no_price_dollars"":""0.6800"",""taker_side"":""yes"",""ticker"":""KXETH15M-26APR280015-15"",""trade_id"":""a0df8fa9-24b5-54d7-c9f6-42d8f5bbdaa5"",""yes_price_dollars"":""0.3200""}"
KXETH15M-26APR280015-15,5e4a86c9-9f59-5413-f6f9-6c8230c66178,1777349263,0.32,1.0,yes,"{""count_fp"":""1.00"",""created_time"":""2026-04-28T04:07:43.164268Z"",""no_price_dollars"":""0.6800"",""taker_side"":""yes"",""ticker"":""KXETH15M-26APR280015-15"",""trade_id"":""5e4a86c9-9f59-5413-f6f9-6c8230c66178"",""yes_price_dollars"":""0.3200""}"
KXETH15M-26APR280015-15,0b6c54ad-ae4d-597a-c33d-1cea9329e227,1777349263,0.32,1.0,yes,"{""count_fp"":""1.00"",""created_time"":""2026-04-28T04:07:43.164268Z"",""no_price_dollars"":""0.6800"",""taker_side"":""yes"",""ticker"":""KXETH15M-26APR280015-15"",""trade_id"":""0b6c54ad-ae4d-597a-c33d-1cea9329e227"",""yes_price_dollars"":""0.3200""}"
KXETH15M-26APR280015-15,abbd8ac3-3125-51e6-5162-ecebe27f2874,1777349264,0.29,57.0,no,"{""count_fp"":""57.00"",""created_time"":""2026-04-28T04:07:44.956526Z"",""no_price_dollars"":""0.7100"",""taker_side"":""no"",""ticker"":""KXETH15M-26APR280015-15"",""trade_id"":""abbd8ac3-3125-51e6-5162-ecebe27f2874"",""yes_price_dollars"":""0.2900""}"
