ticker,trade_id,ts,yes_price,count,taker_side,raw_json
KXETH15M-26APR280215-15,525b852a-8f47-7c50-cde0-379c9f93bbd0,1777356003,0.47,22.0,yes,"{""count_fp"":""22.00"",""created_time"":""2026-04-28T06:00:03.658001Z"",""no_price_dollars"":""0.5300"",""taker_side"":""yes"",""ticker"":""KXETH15M-26APR280215-15"",""trade_id"":""525b852a-8f47-7c50-cde0-379c9f93bbd0"",""yes_price_dollars"":""0.4700""}"
KXETH15M-26APR280215-15,f83b746f-2683-76b4-6f53-98d97de35bb4,1777356004,0.49,5.0,yes,"{""count_fp"":""5.00"",""created_time"":""2026-04-28T06:00:04.114582Z"",""no_price_dollars"":""0.5100"",""taker_side"":""yes"",""ticker"":""KXETH15M-26APR280215-15"",""trade_id"":""f83b746f-2683-76b4-6f53-98d97de35bb4"",""yes_price_dollars"":""0.4900""}"
KXETH15M-26APR280215-15,7dac9725-9dbc-754a-b332-cee1074f3a88,1777356005,0.43,6.0,yes,"{""count_fp"":""6.00"",""created_time"":""2026-04-28T06:00:05.469345Z"",""no_price_dollars"":""0.5700"",""taker_side"":""yes"",""ticker"":""KXETH15M-26APR280215-15"",""trade_id"":""7dac9725-9dbc-754a-b332-cee1074f3a88"",""yes_price_dollars"":""0.4300""}"
KXETH15M-26APR280215-15,f7e2603a-f68f-4a04-a8bb-e548a3ea9f70,1777356016,0.45,4.0,yes,"{""count_fp"":""4.00"",""created_time"":""2026-04-28T06:00:16.358259Z"",""no_price_dollars"":""0.5500"",""taker_side"":""yes"",""ticker"":""KXETH15M-26APR280215-15"",""trade_id"":""f7e2603a-f68f-4a04-a8bb-e548a3ea9f70"",""yes_price_dollars"":""0.4500""}"
KXETH15M-26APR280215-15,c7ff30c8-27e9-48f8-9a77-077c5ea923b8,1777356016,0.43,1.0,yes,"{""count_fp"":""1.00"",""created_time"":""2026-04-28T06:00:16.358259Z"",""no_price_dollars"":""0.5700"",""taker_side"":""yes"",""ticker"":""KXETH15M-26APR280215-15"",""trade_id"":""c7ff30c8-27e9-48f8-9a77-077c5ea923b8"",""yes_price_dollars"":""0.4300""}"
KXETH15M-26APR280215-15,7541e5bc-2f04-4ed5-7da6-772e45e871b7,1777356027,0.43,1.0,no,"{""count_fp"":""1.00"",""created_time"":""2026-04-28T06:00:27.869894Z"",""no_price_dollars"":""0.5700"",""taker_side"":""no"",""ticker"":""KXETH15M-26APR280215-15"",""trade_id"":""7541e5bc-2f04-4ed5-7da6-772e45e871b7"",""yes_price_dollars"":""0.4300""}"
KXETH15M-26APR280215-15,9bc6c932-1d8c-6c59-2141-8d593601250b,1777356028,0.43,3.57,no,"{""count_fp"":""3.57"",""created_time"":""2026-04-28T06:00:28.820417Z"",""no_price_dollars"":""0.5700"",""taker_side"":""no"",""ticker"":""KXETH15M-26APR280215-15"",""trade_id"":""9bc6c932-1d8c-6c59-2141-8d593601250b"",""yes_price_dollars"":""0.4300""}"
KXETH15M-26APR280215-15,6cdb9250-4d54-7a91-adc2-dfb7d5c25133,1777356028,0.43,5.0,no,"{""count_fp"":""5.00"",""created_time"":""2026-04-28T06:00:28.536447Z"",""no_price_dollars"":""0.5700"",""taker_side"":""no"",""ticker"":""KXETH15M-26APR280215-15"",""trade_id"":""6cdb9250-4d54-7a91-adc2-dfb7d5c25133"",""yes_price_dollars"":""0.4300""}"
KXETH15M-26APR280215-15,54fa552b-9c39-46c3-54a6-9de95973ac59,1777356030,0.41,5.0,no,"{""count_fp"":""5.00"",""created_time"":""2026-04-28T06:00:30.693893Z"",""no_price_dollars"":""0.5900"",""taker_side"":""no"",""ticker"":""KXETH15M-26APR280215-15"",""trade_id"":""54fa552b-9c39-46c3-54a6-9de95973ac59"",""yes_price_dollars"":""0.4100""}"
KXETH15M-26APR280215-15,72d9db82-ab9a-4896-ed6e-aa658adefdac,1777356030,0.43,1.0,no,"{""count_fp"":""1.00"",""created_time"":""2026-04-28T06:00:30.126518Z"",""no_price_dollars"":""0.5700"",""taker_side"":""no"",""ticker"":""KXETH15M-26APR280215-15"",""trade_id"":""72d9db82-ab9a-4896-ed6e-aa658adefdac"",""yes_price_dollars"":""0.4300""}"
KXETH15M-26APR280215-15,9b46e642-e764-6295-d442-6ad960cb7c0f,1777356030,0.43,1.0,no,"{""count_fp"":""1.00"",""created_time"":""2026-04-28T06:00:30.118033Z"",""no_price_dollars"":""0.5700"",""taker_side"":""no"",""ticker"":""KXETH15M-26APR280215-15"",""trade_id"":""9b46e642-e764-6295-d442-6ad960cb7c0f"",""yes_price_dollars"":""0.4300""}"
KXETH15M-26APR280215-15,9fe9576e-883d-5e4d-79e6-e3136ee09308,1777356035,0.45,1.0,yes,"{""count_fp"":""1.00"",""created_time"":""2026-04-28T06:00:35.109718Z"",""no_price_dollars"":""0.5500"",""taker_side"":""yes"",""ticker"":""KXETH15M-26APR280215-15"",""trade_id"":""9fe9576e-883d-5e4d-79e6-e3136ee09308"",""yes_price_dollars"":""0.4500""}"
KXETH15M-26APR280215-15,5c4f0792-6599-5eb3-519b-a98356427d83,1777356035,0.45,1.0,yes,"{""count_fp"":""1.00"",""created_time"":""2026-04-28T06:00:35.109718Z"",""no_price_dollars"":""0.5500"",""taker_side"":""yes"",""ticker"":""KXETH15M-26APR280215-15"",""trade_id"":""5c4f0792-6599-5eb3-519b-a98356427d83"",""yes_price_dollars"":""0.4500""}"
KXETH15M-26APR280215-15,70839c11-d056-6c74-81fb-47ef261708b0,1777356060,0.42,1.0,no,"{""count_fp"":""1.00"",""created_time"":""2026-04-28T06:01:00.492692Z"",""no_price_dollars"":""0.5800"",""taker_side"":""no"",""ticker"":""KXETH15M-26APR280215-15"",""trade_id"":""70839c11-d056-6c74-81fb-47ef261708b0"",""yes_price_dollars"":""0.4200""}"
KXETH15M-26APR280215-15,ee77cd74-1dad-5a08-69cb-294ae98e29d3,1777356062,0.38,10.0,yes,"{""count_fp"":""10.00"",""created_time"":""2026-04-28T06:01:02.982572Z"",""no_price_dollars"":""0.6200"",""taker_side"":""yes"",""ticker"":""KXETH15M-26APR280215-15"",""trade_id"":""ee77cd74-1dad-5a08-69cb-294ae98e29d3"",""yes_price_dollars"":""0.3800""}"
KXETH15M-26APR280215-15,11014afc-375e-4494-67cb-65e0635c0ddc,1777356062,0.36,10.0,yes,"{""count_fp"":""10.00"",""created_time"":""2026-04-28T06:01:02.979424Z"",""no_price_dollars"":""0.6400"",""taker_side"":""yes"",""ticker"":""KXETH15M-26APR280215-15"",""trade_id"":""11014afc-375e-4494-67cb-65e0635c0ddc"",""yes_price_dollars"":""0.3600""}"
KXETH15M-26APR280215-15,37c0e1b9-78a8-5d26-922d-47487b2ad184,1777356062,0.34,39.0,yes,"{""count_fp"":""39.00"",""created_time"":""2026-04-28T06:01:02.696512Z"",""no_price_dollars"":""0.6600"",""taker_side"":""yes"",""ticker"":""KXETH15M-26APR280215-15"",""trade_id"":""37c0e1b9-78a8-5d26-922d-47487b2ad184"",""yes_price_dollars"":""0.3400""}"
KXETH15M-26APR280215-15,a7ef36ab-a65d-635f-9bf9-301e297f0b61,1777356062,0.36,10.0,no,"{""count_fp"":""10.00"",""created_time"":""2026-04-28T06:01:02.589392Z"",""no_price_dollars"":""0.6400"",""taker_side"":""no"",""ticker"":""KXETH15M-26APR280215-15"",""trade_id"":""a7ef36ab-a65d-635f-9bf9-301e297f0b61"",""yes_price_dollars"":""0.3600""}"
KXETH15M-26APR280215-15,3f4c0bbe-169d-6c56-a008-ac821ebeeb4d,1777356062,0.37,1.0,no,"{""count_fp"":""1.00"",""created_time"":""2026-04-28T06:01:02.589392Z"",""no_price_dollars"":""0.6300"",""taker_side"":""no"",""ticker"":""KXETH15M-26APR280215-15"",""trade_id"":""3f4c0bbe-169d-6c56-a008-ac821ebeeb4d"",""yes_price_dollars"":""0.3700""}"
KXETH15M-26APR280215-15,bdc5bd9f-1843-7cbc-41ff-d24d5e6b1746,1777356063,0.35,14.0,yes,"{""count_fp"":""14.00"",""created_time"":""2026-04-28T06:01:03.503105Z"",""no_price_dollars"":""0.6500"",""taker_side"":""yes"",""ticker"":""KXETH15M-26APR280215-15"",""trade_id"":""bdc5bd9f-1843-7cbc-41ff-d24d5e6b1746"",""yes_price_dollars"":""0.3500""}"
KXETH15M-26APR280215-15,79520591-43e8-48e8-59ed-ee1081252c0c,1777356063,0.35,1.0,no,"{""count_fp"":""1.00"",""created_time"":""2026-04-28T06:01:03.425526Z"",""no_price_dollars"":""0.6500"",""taker_side"":""no"",""ticker"":""KXETH15M-26APR280215-15"",""trade_id"":""79520591-43e8-48e8-59ed-ee1081252c0c"",""yes_price_dollars"":""0.3500""}"
KXETH15M-26APR280215-15,635b1f52-b215-4e44-65b2-55e631d52731,1777356063,0.36,10.0,no,"{""count_fp"":""10.00"",""created_time"":""2026-04-28T06:01:03.425526Z"",""no_price_dollars"":""0.6400"",""taker_side"":""no"",""ticker"":""KXETH15M-26APR280215-15"",""trade_id"":""635b1f52-b215-4e44-65b2-55e631d52731"",""yes_price_dollars"":""0.3600""}"
KXETH15M-26APR280215-15,a324a268-8047-4a8d-76b9-7210201d0552,1777356063,0.38,5.0,no,"{""count_fp"":""5.00"",""created_time"":""2026-04-28T06:01:03.395917Z"",""no_price_dollars"":""0.6200"",""taker_side"":""no"",""ticker"":""KXETH15M-26APR280215-15"",""trade_id"":""a324a268-8047-4a8d-76b9-7210201d0552"",""yes_price_dollars"":""0.3800""}"
KXETH15M-26APR280215-15,81bb5b2a-2597-79e8-cec0-237482909f54,1777356067,0.4,1.0,yes,"{""count_fp"":""1.00"",""created_time"":""2026-04-28T06:01:07.701036Z"",""no_price_dollars"":""0.6000"",""taker_side"":""yes"",""ticker"":""KXETH15M-26APR280215-15"",""trade_id"":""81bb5b2a-2597-79e8-cec0-237482909f54"",""yes_price_dollars"":""0.4000""}"
KXETH15M-26APR280215-15,5fa0dc2a-cbf4-7d88-df42-592e16eaab68,1777356067,0.37,90.0,yes,"{""count_fp"":""90.00"",""created_time"":""2026-04-28T06:01:07.701036Z"",""no_price_dollars"":""0.6300"",""taker_side"":""yes"",""ticker"":""KXETH15M-26APR280215-15"",""trade_id"":""5fa0dc2a-cbf4-7d88-df42-592e16eaab68"",""yes_price_dollars"":""0.3700""}"
KXETH15M-26APR280215-15,4c078cc8-aff0-7087-efe1-31bf586490f8,1777356067,0.4,32.0,yes,"{""count_fp"":""32.00"",""created_time"":""2026-04-28T06:01:07.701036Z"",""no_price_dollars"":""0.6000"",""taker_side"":""yes"",""ticker"":""KXETH15M-26APR280215-15"",""trade_id"":""4c078cc8-aff0-7087-efe1-31bf586490f8"",""yes_price_dollars"":""0.4000""}"
KXETH15M-26APR280215-15,2ef1a5dc-ad96-79b9-d0c4-f979feef1a96,1777356067,0.38,10.8,yes,"{""count_fp"":""10.80"",""created_time"":""2026-04-28T06:01:07.701036Z"",""no_price_dollars"":""0.6200"",""taker_side"":""yes"",""ticker"":""KXETH15M-26APR280215-15"",""trade_id"":""2ef1a5dc-ad96-79b9-d0c4-f979feef1a96"",""yes_price_dollars"":""0.3800""}"
KXETH15M-26APR280215-15,16758ea5-3f58-7181-f97f-85c586175045,1777356067,0.41,136.5,yes,"{""count_fp"":""136.50"",""created_time"":""2026-04-28T06:01:07.701036Z"",""no_price_dollars"":""0.5900"",""taker_side"":""yes"",""ticker"":""KXETH15M-26APR280215-15"",""trade_id"":""16758ea5-3f58-7181-f97f-85c586175045"",""yes_price_dollars"":""0.4100""}"
KXETH15M-26APR280215-15,0de26541-8e4d-76d8-ec14-4fbb7f03913c,1777356067,0.39,66.0,yes,"{""count_fp"":""66.00"",""created_time"":""2026-04-28T06:01:07.701036Z"",""no_price_dollars"":""0.6100"",""taker_side"":""yes"",""ticker"":""KXETH15M-26APR280215-15"",""trade_id"":""0de26541-8e4d-76d8-ec14-4fbb7f03913c"",""yes_price_dollars"":""0.3900""}"
KXETH15M-26APR280215-15,079d354e-7845-782b-c2d1-adf46f24baa8,1777356067,0.37,10.0,yes,"{""count_fp"":""10.00"",""created_time"":""2026-04-28T06:01:07.701036Z"",""no_price_dollars"":""0.6300"",""taker_side"":""yes"",""ticker"":""KXETH15M-26APR280215-15"",""trade_id"":""079d354e-7845-782b-c2d1-adf46f24baa8"",""yes_price_dollars"":""0.3700""}"
KXETH15M-26APR280215-15,2d17e068-dc74-5aec-ea7f-5be8d4861ec0,1777356067,0.37,10.0,yes,"{""count_fp"":""10.00"",""created_time"":""2026-04-28T06:01:07.518547Z"",""no_price_dollars"":""0.6300"",""taker_side"":""yes"",""ticker"":""KXETH15M-26APR280215-15"",""trade_id"":""2d17e068-dc74-5aec-ea7f-5be8d4861ec0"",""yes_price_dollars"":""0.3700""}"
KXETH15M-26APR280215-15,c7156678-d0d8-5631-5bd6-ab8d363610e7,1777356070,0.37,45.18,no,"{""count_fp"":""45.18"",""created_time"":""2026-04-28T06:01:10.868063Z"",""no_price_dollars"":""0.6300"",""taker_side"":""no"",""ticker"":""KXETH15M-26APR280215-15"",""trade_id"":""c7156678-d0d8-5631-5bd6-ab8d363610e7"",""yes_price_dollars"":""0.3700""}"
KXETH15M-26APR280215-15,b6c9f05f-c62b-5473-7505-07474717239e,1777356071,0.42,31.0,yes,"{""count_fp"":""31.00"",""created_time"":""2026-04-28T06:01:11.490345Z"",""no_price_dollars"":""0.5800"",""taker_side"":""yes"",""ticker"":""KXETH15M-26APR280215-15"",""trade_id"":""b6c9f05f-c62b-5473-7505-07474717239e"",""yes_price_dollars"":""0.4200""}"
KXETH15M-26APR280215-15,120497db-9375-5c95-5fc1-e0e5d712f178,1777356071,0.42,11.0,yes,"{""count_fp"":""11.00"",""created_time"":""2026-04-28T06:01:11.490345Z"",""no_price_dollars"":""0.5800"",""taker_side"":""yes"",""ticker"":""KXETH15M-26APR280215-15"",""trade_id"":""120497db-9375-5c95-5fc1-e0e5d712f178"",""yes_price_dollars"":""0.4200""}"
KXETH15M-26APR280215-15,c1dc34b3-f609-586a-85d4-1bbfee2e42f2,1777356071,0.4,10.0,yes,"{""count_fp"":""10.00"",""created_time"":""2026-04-28T06:01:11.284811Z"",""no_price_dollars"":""0.6000"",""taker_side"":""yes"",""ticker"":""KXETH15M-26APR280215-15"",""trade_id"":""c1dc34b3-f609-586a-85d4-1bbfee2e42f2"",""yes_price_dollars"":""0.4000""}"
KXETH15M-26APR280215-15,8661a879-5c81-4b1b-aedc-26cf75285851,1777356072,0.45,5.0,yes,"{""count_fp"":""5.00"",""created_time"":""2026-04-28T06:01:12.321027Z"",""no_price_dollars"":""0.5500"",""taker_side"":""yes"",""ticker"":""KXETH15M-26APR280215-15"",""trade_id"":""8661a879-5c81-4b1b-aedc-26cf75285851"",""yes_price_dollars"":""0.4500""}"
KXETH15M-26APR280215-15,be5de566-9c7a-44a5-37ee-0129e24febc9,1777356090,0.37,100.0,yes,"{""count_fp"":""100.00"",""created_time"":""2026-04-28T06:01:30.848353Z"",""no_price_dollars"":""0.6300"",""taker_side"":""yes"",""ticker"":""KXETH15M-26APR280215-15"",""trade_id"":""be5de566-9c7a-44a5-37ee-0129e24febc9"",""yes_price_dollars"":""0.3700""}"
KXETH15M-26APR280215-15,7e360c71-2a9d-4d72-2411-d5975c976952,1777356090,0.37,10.63,yes,"{""count_fp"":""10.63"",""created_time"":""2026-04-28T06:01:30.848353Z"",""no_price_dollars"":""0.6300"",""taker_side"":""yes"",""ticker"":""KXETH15M-26APR280215-15"",""trade_id"":""7e360c71-2a9d-4d72-2411-d5975c976952"",""yes_price_dollars"":""0.3700""}"
KXETH15M-26APR280215-15,2caeff7d-54bd-405f-0dab-7c8abc77fd7e,1777356090,0.37,10.0,yes,"{""count_fp"":""10.00"",""created_time"":""2026-04-28T06:01:30.848353Z"",""no_price_dollars"":""0.6300"",""taker_side"":""yes"",""ticker"":""KXETH15M-26APR280215-15"",""trade_id"":""2caeff7d-54bd-405f-0dab-7c8abc77fd7e"",""yes_price_dollars"":""0.3700""}"
KXETH15M-26APR280215-15,aef02a3a-2473-66d3-c107-dd4f86184c3b,1777356091,0.38,1.0,no,"{""count_fp"":""1.00"",""created_time"":""2026-04-28T06:01:31.489091Z"",""no_price_dollars"":""0.6200"",""taker_side"":""no"",""ticker"":""KXETH15M-26APR280215-15"",""trade_id"":""aef02a3a-2473-66d3-c107-dd4f86184c3b"",""yes_price_dollars"":""0.3800""}"
KXETH15M-26APR280215-15,1b6217f8-0392-67be-d1f5-ad375db24071,1777356091,0.38,1.0,no,"{""count_fp"":""1.00"",""created_time"":""2026-04-28T06:01:31.489091Z"",""no_price_dollars"":""0.6200"",""taker_side"":""no"",""ticker"":""KXETH15M-26APR280215-15"",""trade_id"":""1b6217f8-0392-67be-d1f5-ad375db24071"",""yes_price_dollars"":""0.3800""}"
KXETH15M-26APR280215-15,f9d5a1c9-67dc-7fe5-ba8d-54f53c9d8953,1777356094,0.36,152.4,no,"{""count_fp"":""152.40"",""created_time"":""2026-04-28T06:01:34.266854Z"",""no_price_dollars"":""0.6400"",""taker_side"":""no"",""ticker"":""KXETH15M-26APR280215-15"",""trade_id"":""f9d5a1c9-67dc-7fe5-ba8d-54f53c9d8953"",""yes_price_dollars"":""0.3600""}"
KXETH15M-26APR280215-15,b3bec2ba-f2f8-6841-c579-adf50d953fa3,1777356098,0.36,1.0,no,"{""count_fp"":""1.00"",""created_time"":""2026-04-28T06:01:38.149348Z"",""no_price_dollars"":""0.6400"",""taker_side"":""no"",""ticker"":""KXETH15M-26APR280215-15"",""trade_id"":""b3bec2ba-f2f8-6841-c579-adf50d953fa3"",""yes_price_dollars"":""0.3600""}"
KXETH15M-26APR280215-15,474edcf4-0022-5d43-151d-945159cb550c,1777356100,0.37,1.0,no,"{""count_fp"":""1.00"",""created_time"":""2026-04-28T06:01:40.896833Z"",""no_price_dollars"":""0.6300"",""taker_side"":""no"",""ticker"":""KXETH15M-26APR280215-15"",""trade_id"":""474edcf4-0022-5d43-151d-945159cb550c"",""yes_price_dollars"":""0.3700""}"
KXETH15M-26APR280215-15,f458834c-1d36-4277-4561-4a1a869b31e7,1777356101,0.39,25.76,yes,"{""count_fp"":""25.76"",""created_time"":""2026-04-28T06:01:41.882815Z"",""no_price_dollars"":""0.6100"",""taker_side"":""yes"",""ticker"":""KXETH15M-26APR280215-15"",""trade_id"":""f458834c-1d36-4277-4561-4a1a869b31e7"",""yes_price_dollars"":""0.3900""}"
KXETH15M-26APR280215-15,ea4f89d3-0d6a-5ce3-ff18-97aced85fcfb,1777356106,0.39,100.0,yes,"{""count_fp"":""100.00"",""created_time"":""2026-04-28T06:01:46.733103Z"",""no_price_dollars"":""0.6100"",""taker_side"":""yes"",""ticker"":""KXETH15M-26APR280215-15"",""trade_id"":""ea4f89d3-0d6a-5ce3-ff18-97aced85fcfb"",""yes_price_dollars"":""0.3900""}"
KXETH15M-26APR280215-15,a9037269-8814-5711-cfab-05948d51d7e1,1777356106,0.42,122.27,yes,"{""count_fp"":""122.27"",""created_time"":""2026-04-28T06:01:46.733103Z"",""no_price_dollars"":""0.5800"",""taker_side"":""yes"",""ticker"":""KXETH15M-26APR280215-15"",""trade_id"":""a9037269-8814-5711-cfab-05948d51d7e1"",""yes_price_dollars"":""0.4200""}"
KXETH15M-26APR280215-15,a6b7a9fe-2b66-50b1-de2f-92fd82997be5,1777356106,0.41,1.0,yes,"{""count_fp"":""1.00"",""created_time"":""2026-04-28T06:01:46.733103Z"",""no_price_dollars"":""0.5900"",""taker_side"":""yes"",""ticker"":""KXETH15M-26APR280215-15"",""trade_id"":""a6b7a9fe-2b66-50b1-de2f-92fd82997be5"",""yes_price_dollars"":""0.4100""}"
KXETH15M-26APR280215-15,a1364fe0-696f-50d2-c678-e904e73e4989,1777356106,0.39,10.0,yes,"{""count_fp"":""10.00"",""created_time"":""2026-04-28T06:01:46.733103Z"",""no_price_dollars"":""0.6100"",""taker_side"":""yes"",""ticker"":""KXETH15M-26APR280215-15"",""trade_id"":""a1364fe0-696f-50d2-c678-e904e73e4989"",""yes_price_dollars"":""0.3900""}"
KXETH15M-26APR280215-15,0ba0af94-0dc2-582f-ee34-53343f0bd05a,1777356106,0.41,10.0,yes,"{""count_fp"":""10.00"",""created_time"":""2026-04-28T06:01:46.733103Z"",""no_price_dollars"":""0.5900"",""taker_side"":""yes"",""ticker"":""KXETH15M-26APR280215-15"",""trade_id"":""0ba0af94-0dc2-582f-ee34-53343f0bd05a"",""yes_price_dollars"":""0.4100""}"
KXETH15M-26APR280215-15,ee8cd879-d044-79d2-36da-01eeaec58390,1777356111,0.48,10.0,yes,"{""count_fp"":""10.00"",""created_time"":""2026-04-28T06:01:51.725429Z"",""no_price_dollars"":""0.5200"",""taker_side"":""yes"",""ticker"":""KXETH15M-26APR280215-15"",""trade_id"":""ee8cd879-d044-79d2-36da-01eeaec58390"",""yes_price_dollars"":""0.4800""}"
KXETH15M-26APR280215-15,b6d5c242-39f3-7ea8-1d3f-3b92e6d114c0,1777356111,0.41,51.0,yes,"{""count_fp"":""51.00"",""created_time"":""2026-04-28T06:01:51.725429Z"",""no_price_dollars"":""0.5900"",""taker_side"":""yes"",""ticker"":""KXETH15M-26APR280215-15"",""trade_id"":""b6d5c242-39f3-7ea8-1d3f-3b92e6d114c0"",""yes_price_dollars"":""0.4100""}"
KXETH15M-26APR280215-15,ad465e24-8403-7950-06d6-799af8320e94,1777356111,0.44,10.0,yes,"{""count_fp"":""10.00"",""created_time"":""2026-04-28T06:01:51.725429Z"",""no_price_dollars"":""0.5600"",""taker_side"":""yes"",""ticker"":""KXETH15M-26APR280215-15"",""trade_id"":""ad465e24-8403-7950-06d6-799af8320e94"",""yes_price_dollars"":""0.4400""}"
KXETH15M-26APR280215-15,a8194616-6e20-71ca-1036-2a7f1342a81e,1777356111,0.48,94.73,yes,"{""count_fp"":""94.73"",""created_time"":""2026-04-28T06:01:51.725429Z"",""no_price_dollars"":""0.5200"",""taker_side"":""yes"",""ticker"":""KXETH15M-26APR280215-15"",""trade_id"":""a8194616-6e20-71ca-1036-2a7f1342a81e"",""yes_price_dollars"":""0.4800""}"
KXETH15M-26APR280215-15,a4b8fb7c-e55d-7dc1-1169-7137e5eff85e,1777356111,0.4,1.0,yes,"{""count_fp"":""1.00"",""created_time"":""2026-04-28T06:01:51.725429Z"",""no_price_dollars"":""0.6000"",""taker_side"":""yes"",""ticker"":""KXETH15M-26APR280215-15"",""trade_id"":""a4b8fb7c-e55d-7dc1-1169-7137e5eff85e"",""yes_price_dollars"":""0.4000""}"
KXETH15M-26APR280215-15,a35d0e09-524e-73f5-3ee9-8dda44ddd86d,1777356111,0.37,100.0,yes,"{""count_fp"":""100.00"",""created_time"":""2026-04-28T06:01:51.725429Z"",""no_price_dollars"":""0.6300"",""taker_side"":""yes"",""ticker"":""KXETH15M-26APR280215-15"",""trade_id"":""a35d0e09-524e-73f5-3ee9-8dda44ddd86d"",""yes_price_dollars"":""0.3700""}"
KXETH15M-26APR280215-15,84caa4a0-8ed0-7aa9-0594-48ac119041cb,1777356111,0.38,10.0,yes,"{""count_fp"":""10.00"",""created_time"":""2026-04-28T06:01:51.725429Z"",""no_price_dollars"":""0.6200"",""taker_side"":""yes"",""ticker"":""KXETH15M-26APR280215-15"",""trade_id"":""84caa4a0-8ed0-7aa9-0594-48ac119041cb"",""yes_price_dollars"":""0.3800""}"
KXETH15M-26APR280215-15,7bdd668d-2af1-77c4-3db4-3bcfbce87d45,1777356111,0.4,2.0,yes,"{""count_fp"":""2.00"",""created_time"":""2026-04-28T06:01:51.725429Z"",""no_price_dollars"":""0.6000"",""taker_side"":""yes"",""ticker"":""KXETH15M-26APR280215-15"",""trade_id"":""7bdd668d-2af1-77c4-3db4-3bcfbce87d45"",""yes_price_dollars"":""0.4000""}"
KXETH15M-26APR280215-15,746fd834-593a-76e7-2cd9-529683975dd5,1777356111,0.45,2.0,yes,"{""count_fp"":""2.00"",""created_time"":""2026-04-28T06:01:51.725429Z"",""no_price_dollars"":""0.5500"",""taker_side"":""yes"",""ticker"":""KXETH15M-26APR280215-15"",""trade_id"":""746fd834-593a-76e7-2cd9-529683975dd5"",""yes_price_dollars"":""0.4500""}"
KXETH15M-26APR280215-15,720d7269-f5da-7a54-070c-7679d307912f,1777356111,0.37,10.63,yes,"{""count_fp"":""10.63"",""created_time"":""2026-04-28T06:01:51.725429Z"",""no_price_dollars"":""0.6300"",""taker_side"":""yes"",""ticker"":""KXETH15M-26APR280215-15"",""trade_id"":""720d7269-f5da-7a54-070c-7679d307912f"",""yes_price_dollars"":""0.3700""}"
KXETH15M-26APR280215-15,7194f3a5-c029-7637-2a2f-c135b2caa0b2,1777356111,0.45,50.0,yes,"{""count_fp"":""50.00"",""created_time"":""2026-04-28T06:01:51.725429Z"",""no_price_dollars"":""0.5500"",""taker_side"":""yes"",""ticker"":""KXETH15M-26APR280215-15"",""trade_id"":""7194f3a5-c029-7637-2a2f-c135b2caa0b2"",""yes_price_dollars"":""0.4500""}"
KXETH15M-26APR280215-15,70d65891-32e1-79a7-3315-5cb3ddd24619,1777356111,0.45,6.0,yes,"{""count_fp"":""6.00"",""created_time"":""2026-04-28T06:01:51.725429Z"",""no_price_dollars"":""0.5500"",""taker_side"":""yes"",""ticker"":""KXETH15M-26APR280215-15"",""trade_id"":""70d65891-32e1-79a7-3315-5cb3ddd24619"",""yes_price_dollars"":""0.4500""}"
KXETH15M-26APR280215-15,4b801217-32c9-7099-241d-7e08797e6434,1777356111,0.46,1.0,yes,"{""count_fp"":""1.00"",""created_time"":""2026-04-28T06:01:51.725429Z"",""no_price_dollars"":""0.5400"",""taker_side"":""yes"",""ticker"":""KXETH15M-26APR280215-15"",""trade_id"":""4b801217-32c9-7099-241d-7e08797e6434"",""yes_price_dollars"":""0.4600""}"
KXETH15M-26APR280215-15,3f9ddb9b-d96c-77f9-2065-24c0b124a8c1,1777356111,0.4,550.23,yes,"{""count_fp"":""550.23"",""created_time"":""2026-04-28T06:01:51.725429Z"",""no_price_dollars"":""0.6000"",""taker_side"":""yes"",""ticker"":""KXETH15M-26APR280215-15"",""trade_id"":""3f9ddb9b-d96c-77f9-2065-24c0b124a8c1"",""yes_price_dollars"":""0.4000""}"
KXETH15M-26APR280215-15,08e27af4-cbd9-7c0f-383a-b611ccf948aa,1777356111,0.47,1.0,yes,"{""count_fp"":""1.00"",""created_time"":""2026-04-28T06:01:51.725429Z"",""no_price_dollars"":""0.5300"",""taker_side"":""yes"",""ticker"":""KXETH15M-26APR280215-15"",""trade_id"":""08e27af4-cbd9-7c0f-383a-b611ccf948aa"",""yes_price_dollars"":""0.4700""}"
KXETH15M-26APR280215-15,2f295a2c-ee24-7a67-0fb6-3e09bb620669,1777356115,0.38,2.0,no,"{""count_fp"":""2.00"",""created_time"":""2026-04-28T06:01:55.549551Z"",""no_price_dollars"":""0.6200"",""taker_side"":""no"",""ticker"":""KXETH15M-26APR280215-15"",""trade_id"":""2f295a2c-ee24-7a67-0fb6-3e09bb620669"",""yes_price_dollars"":""0.3800""}"
KXETH15M-26APR280215-15,ac60ed86-25ac-6263-65e7-ce9fd8c9dde9,1777356120,0.43,1.0,no,"{""count_fp"":""1.00"",""created_time"":""2026-04-28T06:02:00.720097Z"",""no_price_dollars"":""0.5700"",""taker_side"":""no"",""ticker"":""KXETH15M-26APR280215-15"",""trade_id"":""ac60ed86-25ac-6263-65e7-ce9fd8c9dde9"",""yes_price_dollars"":""0.4300""}"
KXETH15M-26APR280215-15,5bed4678-6f10-47fb-ada2-99b94b3129d5,1777356120,0.43,2.0,no,"{""count_fp"":""2.00"",""created_time"":""2026-04-28T06:02:00.096797Z"",""no_price_dollars"":""0.5700"",""taker_side"":""no"",""ticker"":""KXETH15M-26APR280215-15"",""trade_id"":""5bed4678-6f10-47fb-ada2-99b94b3129d5"",""yes_price_dollars"":""0.4300""}"
KXETH15M-26APR280215-15,2fb68bcc-d920-78ff-abcb-4e9bb1285010,1777356121,0.48,10.0,yes,"{""count_fp"":""10.00"",""created_time"":""2026-04-28T06:02:01.844968Z"",""no_price_dollars"":""0.5200"",""taker_side"":""yes"",""ticker"":""KXETH15M-26APR280215-15"",""trade_id"":""2fb68bcc-d920-78ff-abcb-4e9bb1285010"",""yes_price_dollars"":""0.4800""}"
KXETH15M-26APR280215-15,2d0d9ce7-5909-74e7-9d35-b1b25a7f23ce,1777356121,0.49,41.6,yes,"{""count_fp"":""41.60"",""created_time"":""2026-04-28T06:02:01.844968Z"",""no_price_dollars"":""0.5100"",""taker_side"":""yes"",""ticker"":""KXETH15M-26APR280215-15"",""trade_id"":""2d0d9ce7-5909-74e7-9d35-b1b25a7f23ce"",""yes_price_dollars"":""0.4900""}"
KXETH15M-26APR280215-15,0b42388a-9c8f-74f4-a664-664d767b5fd2,1777356121,0.47,1.0,yes,"{""count_fp"":""1.00"",""created_time"":""2026-04-28T06:02:01.844968Z"",""no_price_dollars"":""0.5300"",""taker_side"":""yes"",""ticker"":""KXETH15M-26APR280215-15"",""trade_id"":""0b42388a-9c8f-74f4-a664-664d767b5fd2"",""yes_price_dollars"":""0.4700""}"
KXETH15M-26APR280215-15,28aa083d-a228-77d7-c578-6ed117e99879,1777356121,0.46,1.0,no,"{""count_fp"":""1.00"",""created_time"":""2026-04-28T06:02:01.517991Z"",""no_price_dollars"":""0.5400"",""taker_side"":""no"",""ticker"":""KXETH15M-26APR280215-15"",""trade_id"":""28aa083d-a228-77d7-c578-6ed117e99879"",""yes_price_dollars"":""0.4600""}"
KXETH15M-26APR280215-15,bd745f4e-5854-6a7d-4839-6a7f19bd27bb,1777356121,0.45,100.0,yes,"{""count_fp"":""100.00"",""created_time"":""2026-04-28T06:02:01.068537Z"",""no_price_dollars"":""0.5500"",""taker_side"":""yes"",""ticker"":""KXETH15M-26APR280215-15"",""trade_id"":""bd745f4e-5854-6a7d-4839-6a7f19bd27bb"",""yes_price_dollars"":""0.4500""}"
KXETH15M-26APR280215-15,7357e12c-0f9c-6e4f-177f-c04e4373e321,1777356127,0.45,10.0,no,"{""count_fp"":""10.00"",""created_time"":""2026-04-28T06:02:07.113023Z"",""no_price_dollars"":""0.5500"",""taker_side"":""no"",""ticker"":""KXETH15M-26APR280215-15"",""trade_id"":""7357e12c-0f9c-6e4f-177f-c04e4373e321"",""yes_price_dollars"":""0.4500""}"
KXETH15M-26APR280215-15,46d81fc0-099b-602d-1ed2-10920e0f7164,1777356127,0.49,10.0,no,"{""count_fp"":""10.00"",""created_time"":""2026-04-28T06:02:07.113023Z"",""no_price_dollars"":""0.5100"",""taker_side"":""no"",""ticker"":""KXETH15M-26APR280215-15"",""trade_id"":""46d81fc0-099b-602d-1ed2-10920e0f7164"",""yes_price_dollars"":""0.4900""}"
KXETH15M-26APR280215-15,9bb77f99-788d-4509-1fa9-8ed9beb937f7,1777356129,0.47,2.0,yes,"{""count_fp"":""2.00"",""created_time"":""2026-04-28T06:02:09.368872Z"",""no_price_dollars"":""0.5300"",""taker_side"":""yes"",""ticker"":""KXETH15M-26APR280215-15"",""trade_id"":""9bb77f99-788d-4509-1fa9-8ed9beb937f7"",""yes_price_dollars"":""0.4700""}"
KXETH15M-26APR280215-15,32397a1b-3ff2-42a6-0495-f3a7ab148843,1777356129,0.47,1.0,yes,"{""count_fp"":""1.00"",""created_time"":""2026-04-28T06:02:09.368872Z"",""no_price_dollars"":""0.5300"",""taker_side"":""yes"",""ticker"":""KXETH15M-26APR280215-15"",""trade_id"":""32397a1b-3ff2-42a6-0495-f3a7ab148843"",""yes_price_dollars"":""0.4700""}"
KXETH15M-26APR280215-15,da83010d-b7d5-732f-2430-c296d8f3046a,1777356131,0.49,39.19,yes,"{""count_fp"":""39.19"",""created_time"":""2026-04-28T06:02:11.866178Z"",""no_price_dollars"":""0.5100"",""taker_side"":""yes"",""ticker"":""KXETH15M-26APR280215-15"",""trade_id"":""da83010d-b7d5-732f-2430-c296d8f3046a"",""yes_price_dollars"":""0.4900""}"
KXETH15M-26APR280215-15,4873835d-c1ad-4eb3-030f-592f746f0abe,1777356138,0.47,6.0,yes,"{""count_fp"":""6.00"",""created_time"":""2026-04-28T06:02:18.963721Z"",""no_price_dollars"":""0.5300"",""taker_side"":""yes"",""ticker"":""KXETH15M-26APR280215-15"",""trade_id"":""4873835d-c1ad-4eb3-030f-592f746f0abe"",""yes_price_dollars"":""0.4700""}"
KXETH15M-26APR280215-15,145e5481-e70d-584f-8785-de259b296522,1777356144,0.42,11.44,yes,"{""count_fp"":""11.44"",""created_time"":""2026-04-28T06:02:24.996537Z"",""no_price_dollars"":""0.5800"",""taker_side"":""yes"",""ticker"":""KXETH15M-26APR280215-15"",""trade_id"":""145e5481-e70d-584f-8785-de259b296522"",""yes_price_dollars"":""0.4200""}"
KXETH15M-26APR280215-15,e20cd4ab-797b-5f6d-4e47-444a2458cfaf,1777356155,0.4,1.62,no,"{""count_fp"":""1.62"",""created_time"":""2026-04-28T06:02:35.290871Z"",""no_price_dollars"":""0.6000"",""taker_side"":""no"",""ticker"":""KXETH15M-26APR280215-15"",""trade_id"":""e20cd4ab-797b-5f6d-4e47-444a2458cfaf"",""yes_price_dollars"":""0.4000""}"
KXETH15M-26APR280215-15,1721d9e6-8759-6747-7acc-79aedf4f755a,1777356161,0.39,2.39,yes,"{""count_fp"":""2.39"",""created_time"":""2026-04-28T06:02:41.452393Z"",""no_price_dollars"":""0.6100"",""taker_side"":""yes"",""ticker"":""KXETH15M-26APR280215-15"",""trade_id"":""1721d9e6-8759-6747-7acc-79aedf4f755a"",""yes_price_dollars"":""0.3900""}"
KXETH15M-26APR280215-15,ac8914ac-81c0-414d-6a48-2364ba8b5356,1777356167,0.37,10.0,yes,"{""count_fp"":""10.00"",""created_time"":""2026-04-28T06:02:47.883437Z"",""no_price_dollars"":""0.6300"",""taker_side"":""yes"",""ticker"":""KXETH15M-26APR280215-15"",""trade_id"":""ac8914ac-81c0-414d-6a48-2364ba8b5356"",""yes_price_dollars"":""0.3700""}"
KXETH15M-26APR280215-15,989ab9e2-65f0-5183-f692-69baf3648eab,1777356167,0.36,100.0,yes,"{""count_fp"":""100.00"",""created_time"":""2026-04-28T06:02:47.789925Z"",""no_price_dollars"":""0.6400"",""taker_side"":""yes"",""ticker"":""KXETH15M-26APR280215-15"",""trade_id"":""989ab9e2-65f0-5183-f692-69baf3648eab"",""yes_price_dollars"":""0.3600""}"
KXETH15M-26APR280215-15,fcb1ac4d-f46c-7be7-7ad3-7a7c38be9245,1777356169,0.4,1.0,no,"{""count_fp"":""1.00"",""created_time"":""2026-04-28T06:02:49.778188Z"",""no_price_dollars"":""0.6000"",""taker_side"":""no"",""ticker"":""KXETH15M-26APR280215-15"",""trade_id"":""fcb1ac4d-f46c-7be7-7ad3-7a7c38be9245"",""yes_price_dollars"":""0.4000""}"
KXETH15M-26APR280215-15,70cad9f2-15f8-76bd-4559-779868613373,1777356169,0.39,468.9,no,"{""count_fp"":""468.90"",""created_time"":""2026-04-28T06:02:49.778188Z"",""no_price_dollars"":""0.6100"",""taker_side"":""no"",""ticker"":""KXETH15M-26APR280215-15"",""trade_id"":""70cad9f2-15f8-76bd-4559-779868613373"",""yes_price_dollars"":""0.3900""}"
KXETH15M-26APR280215-15,3188a6c6-8678-7d59-6d1a-5c89b4181b0c,1777356169,0.4,9.75,no,"{""count_fp"":""9.75"",""created_time"":""2026-04-28T06:02:49.778188Z"",""no_price_dollars"":""0.6000"",""taker_side"":""no"",""ticker"":""KXETH15M-26APR280215-15"",""trade_id"":""3188a6c6-8678-7d59-6d1a-5c89b4181b0c"",""yes_price_dollars"":""0.4000""}"
KXETH15M-26APR280215-15,d753b370-8ae4-7804-082f-f67afd3bb955,1777356173,0.4,10.0,no,"{""count_fp"":""10.00"",""created_time"":""2026-04-28T06:02:53.720103Z"",""no_price_dollars"":""0.6000"",""taker_side"":""no"",""ticker"":""KXETH15M-26APR280215-15"",""trade_id"":""d753b370-8ae4-7804-082f-f67afd3bb955"",""yes_price_dollars"":""0.4000""}"
KXETH15M-26APR280215-15,882055a8-1a3c-6e29-7b35-9a77786904a3,1777356182,0.4,0.23,yes,"{""count_fp"":""0.23"",""created_time"":""2026-04-28T06:03:02.087652Z"",""no_price_dollars"":""0.6000"",""taker_side"":""yes"",""ticker"":""KXETH15M-26APR280215-15"",""trade_id"":""882055a8-1a3c-6e29-7b35-9a77786904a3"",""yes_price_dollars"":""0.4000""}"
KXETH15M-26APR280215-15,29cde974-e82a-4016-666f-d75d84e8ad04,1777356188,0.39,1.0,no,"{""count_fp"":""1.00"",""created_time"":""2026-04-28T06:03:08.970497Z"",""no_price_dollars"":""0.6100"",""taker_side"":""no"",""ticker"":""KXETH15M-26APR280215-15"",""trade_id"":""29cde974-e82a-4016-666f-d75d84e8ad04"",""yes_price_dollars"":""0.3900""}"
KXETH15M-26APR280215-15,c0f271cf-4087-5b38-c250-651a9959b082,1777356197,0.36,10.46,yes,"{""count_fp"":""10.46"",""created_time"":""2026-04-28T06:03:17.019546Z"",""no_price_dollars"":""0.6400"",""taker_side"":""yes"",""ticker"":""KXETH15M-26APR280215-15"",""trade_id"":""c0f271cf-4087-5b38-c250-651a9959b082"",""yes_price_dollars"":""0.3600""}"
KXETH15M-26APR280215-15,5378a6f2-56e3-5c64-e5fa-0a118bff5376,1777356197,0.37,10.0,yes,"{""count_fp"":""10.00"",""created_time"":""2026-04-28T06:03:17.019546Z"",""no_price_dollars"":""0.6300"",""taker_side"":""yes"",""ticker"":""KXETH15M-26APR280215-15"",""trade_id"":""5378a6f2-56e3-5c64-e5fa-0a118bff5376"",""yes_price_dollars"":""0.3700""}"
KXETH15M-26APR280215-15,4ea02250-5bb9-5fa4-e6c2-77857acad147,1777356197,0.36,100.0,yes,"{""count_fp"":""100.00"",""created_time"":""2026-04-28T06:03:17.019546Z"",""no_price_dollars"":""0.6400"",""taker_side"":""yes"",""ticker"":""KXETH15M-26APR280215-15"",""trade_id"":""4ea02250-5bb9-5fa4-e6c2-77857acad147"",""yes_price_dollars"":""0.3600""}"
KXETH15M-26APR280215-15,00dcb63b-e2c9-598c-d47b-8dd64bb280ad,1777356197,0.38,105.14,yes,"{""count_fp"":""105.14"",""created_time"":""2026-04-28T06:03:17.019546Z"",""no_price_dollars"":""0.6200"",""taker_side"":""yes"",""ticker"":""KXETH15M-26APR280215-15"",""trade_id"":""00dcb63b-e2c9-598c-d47b-8dd64bb280ad"",""yes_price_dollars"":""0.3800""}"
KXETH15M-26APR280215-15,ef6fff41-2d5a-59d9-022c-08648d6d6635,1777356198,0.35,2.0,no,"{""count_fp"":""2.00"",""created_time"":""2026-04-28T06:03:18.471576Z"",""no_price_dollars"":""0.6500"",""taker_side"":""no"",""ticker"":""KXETH15M-26APR280215-15"",""trade_id"":""ef6fff41-2d5a-59d9-022c-08648d6d6635"",""yes_price_dollars"":""0.3500""}"
KXETH15M-26APR280215-15,26fe6294-b609-736a-c8b2-2665c013ecb7,1777356200,0.33,1.0,yes,"{""count_fp"":""1.00"",""created_time"":""2026-04-28T06:03:20.829552Z"",""no_price_dollars"":""0.6700"",""taker_side"":""yes"",""ticker"":""KXETH15M-26APR280215-15"",""trade_id"":""26fe6294-b609-736a-c8b2-2665c013ecb7"",""yes_price_dollars"":""0.3300""}"
KXETH15M-26APR280215-15,ac3a7a1f-7216-449c-6e0e-f4413fdc1bb2,1777356200,0.31,1.0,no,"{""count_fp"":""1.00"",""created_time"":""2026-04-28T06:03:20.655344Z"",""no_price_dollars"":""0.6900"",""taker_side"":""no"",""ticker"":""KXETH15M-26APR280215-15"",""trade_id"":""ac3a7a1f-7216-449c-6e0e-f4413fdc1bb2"",""yes_price_dollars"":""0.3100""}"
KXETH15M-26APR280215-15,a2c79b3a-174a-4eda-67ae-ac290398037a,1777356200,0.29,40.32,no,"{""count_fp"":""40.32"",""created_time"":""2026-04-28T06:03:20.655344Z"",""no_price_dollars"":""0.7100"",""taker_side"":""no"",""ticker"":""KXETH15M-26APR280215-15"",""trade_id"":""a2c79b3a-174a-4eda-67ae-ac290398037a"",""yes_price_dollars"":""0.2900""}"
KXETH15M-26APR280215-15,87056fe6-a0ec-4955-596b-6695ae1d4c9e,1777356200,0.31,50.0,no,"{""count_fp"":""50.00"",""created_time"":""2026-04-28T06:03:20.655344Z"",""no_price_dollars"":""0.6900"",""taker_side"":""no"",""ticker"":""KXETH15M-26APR280215-15"",""trade_id"":""87056fe6-a0ec-4955-596b-6695ae1d4c9e"",""yes_price_dollars"":""0.3100""}"
KXETH15M-26APR280215-15,668d1fa2-4550-420d-7bea-5b72bdefd943,1777356200,0.3,10.0,no,"{""count_fp"":""10.00"",""created_time"":""2026-04-28T06:03:20.655344Z"",""no_price_dollars"":""0.7000"",""taker_side"":""no"",""ticker"":""KXETH15M-26APR280215-15"",""trade_id"":""668d1fa2-4550-420d-7bea-5b72bdefd943"",""yes_price_dollars"":""0.3000""}"
KXETH15M-26APR280215-15,55374c90-8314-485d-7835-86252a8320ff,1777356200,0.29,550.95,no,"{""count_fp"":""550.95"",""created_time"":""2026-04-28T06:03:20.655344Z"",""no_price_dollars"":""0.7100"",""taker_side"":""no"",""ticker"":""KXETH15M-26APR280215-15"",""trade_id"":""55374c90-8314-485d-7835-86252a8320ff"",""yes_price_dollars"":""0.2900""}"
KXETH15M-26APR280215-15,50ee9ce2-c609-4cf6-4ee7-3f2cbde4cdad,1777356200,0.3,1.0,no,"{""count_fp"":""1.00"",""created_time"":""2026-04-28T06:03:20.655344Z"",""no_price_dollars"":""0.7000"",""taker_side"":""no"",""ticker"":""KXETH15M-26APR280215-15"",""trade_id"":""50ee9ce2-c609-4cf6-4ee7-3f2cbde4cdad"",""yes_price_dollars"":""0.3000""}"
KXETH15M-26APR280215-15,0717b542-64ff-4e92-798b-6727ac40e2d6,1777356200,0.31,60.0,no,"{""count_fp"":""60.00"",""created_time"":""2026-04-28T06:03:20.655344Z"",""no_price_dollars"":""0.6900"",""taker_side"":""no"",""ticker"":""KXETH15M-26APR280215-15"",""trade_id"":""0717b542-64ff-4e92-798b-6727ac40e2d6"",""yes_price_dollars"":""0.3100""}"
KXETH15M-26APR280215-15,b16d8e99-690d-7019-f63a-fd9090e592db,1777356201,0.33,10.0,yes,"{""count_fp"":""10.00"",""created_time"":""2026-04-28T06:03:21.257269Z"",""no_price_dollars"":""0.6700"",""taker_side"":""yes"",""ticker"":""KXETH15M-26APR280215-15"",""trade_id"":""b16d8e99-690d-7019-f63a-fd9090e592db"",""yes_price_dollars"":""0.3300""}"
KXETH15M-26APR280215-15,32c168be-5b01-7b22-c409-ca8de23013ff,1777356201,0.33,99.0,yes,"{""count_fp"":""99.00"",""created_time"":""2026-04-28T06:03:21.257269Z"",""no_price_dollars"":""0.6700"",""taker_side"":""yes"",""ticker"":""KXETH15M-26APR280215-15"",""trade_id"":""32c168be-5b01-7b22-c409-ca8de23013ff"",""yes_price_dollars"":""0.3300""}"
KXETH15M-26APR280215-15,c927a039-8d9a-7cf2-5f6d-ade28aaa95d0,1777356204,0.33,7.0,no,"{""count_fp"":""7.00"",""created_time"":""2026-04-28T06:03:24.578456Z"",""no_price_dollars"":""0.6700"",""taker_side"":""no"",""ticker"":""KXETH15M-26APR280215-15"",""trade_id"":""c927a039-8d9a-7cf2-5f6d-ade28aaa95d0"",""yes_price_dollars"":""0.3300""}"
KXETH15M-26APR280215-15,a37918a9-16f4-7b0f-5fde-848ae854cd2e,1777356204,0.32,1.0,no,"{""count_fp"":""1.00"",""created_time"":""2026-04-28T06:03:24.578456Z"",""no_price_dollars"":""0.6800"",""taker_side"":""no"",""ticker"":""KXETH15M-26APR280215-15"",""trade_id"":""a37918a9-16f4-7b0f-5fde-848ae854cd2e"",""yes_price_dollars"":""0.3200""}"
KXETH15M-26APR280215-15,79a26034-0c4b-70f9-45e7-9ac2282b7ca8,1777356204,0.3,3.34,no,"{""count_fp"":""3.34"",""created_time"":""2026-04-28T06:03:24.578456Z"",""no_price_dollars"":""0.7000"",""taker_side"":""no"",""ticker"":""KXETH15M-26APR280215-15"",""trade_id"":""79a26034-0c4b-70f9-45e7-9ac2282b7ca8"",""yes_price_dollars"":""0.3000""}"
KXETH15M-26APR280215-15,46750b6d-a9c9-7da8-4278-f8fc75439b3e,1777356204,0.31,10.0,no,"{""count_fp"":""10.00"",""created_time"":""2026-04-28T06:03:24.578456Z"",""no_price_dollars"":""0.6900"",""taker_side"":""no"",""ticker"":""KXETH15M-26APR280215-15"",""trade_id"":""46750b6d-a9c9-7da8-4278-f8fc75439b3e"",""yes_price_dollars"":""0.3100""}"
KXETH15M-26APR280215-15,d5ef76b6-a02a-47f0-94d6-692bfa38024e,1777356205,0.35,10.0,yes,"{""count_fp"":""10.00"",""created_time"":""2026-04-28T06:03:25.918044Z"",""no_price_dollars"":""0.6500"",""taker_side"":""yes"",""ticker"":""KXETH15M-26APR280215-15"",""trade_id"":""d5ef76b6-a02a-47f0-94d6-692bfa38024e"",""yes_price_dollars"":""0.3500""}"
KXETH15M-26APR280215-15,b5c581f8-3beb-45cb-8fef-1ddd16a024f1,1777356205,0.37,5.0,yes,"{""count_fp"":""5.00"",""created_time"":""2026-04-28T06:03:25.918044Z"",""no_price_dollars"":""0.6300"",""taker_side"":""yes"",""ticker"":""KXETH15M-26APR280215-15"",""trade_id"":""b5c581f8-3beb-45cb-8fef-1ddd16a024f1"",""yes_price_dollars"":""0.3700""}"
KXETH15M-26APR280215-15,4cc01b7c-f7f8-49a6-a72a-446c032a7baf,1777356205,0.36,1.0,yes,"{""count_fp"":""1.00"",""created_time"":""2026-04-28T06:03:25.918044Z"",""no_price_dollars"":""0.6400"",""taker_side"":""yes"",""ticker"":""KXETH15M-26APR280215-15"",""trade_id"":""4cc01b7c-f7f8-49a6-a72a-446c032a7baf"",""yes_price_dollars"":""0.3600""}"
KXETH15M-26APR280215-15,25c09039-4951-4d63-948c-e70e7504f8d0,1777356205,0.37,10.0,yes,"{""count_fp"":""10.00"",""created_time"":""2026-04-28T06:03:25.918044Z"",""no_price_dollars"":""0.6300"",""taker_side"":""yes"",""ticker"":""KXETH15M-26APR280215-15"",""trade_id"":""25c09039-4951-4d63-948c-e70e7504f8d0"",""yes_price_dollars"":""0.3700""}"
KXETH15M-26APR280215-15,21e2d3aa-e519-4cc5-8a77-06809d0ad0e8,1777356205,0.35,10.3,yes,"{""count_fp"":""10.30"",""created_time"":""2026-04-28T06:03:25.918044Z"",""no_price_dollars"":""0.6500"",""taker_side"":""yes"",""ticker"":""KXETH15M-26APR280215-15"",""trade_id"":""21e2d3aa-e519-4cc5-8a77-06809d0ad0e8"",""yes_price_dollars"":""0.3500""}"
KXETH15M-26APR280215-15,1a952cdd-e421-46c0-8dee-6277edc4c139,1777356205,0.37,62.17,yes,"{""count_fp"":""62.17"",""created_time"":""2026-04-28T06:03:25.918044Z"",""no_price_dollars"":""0.6300"",""taker_side"":""yes"",""ticker"":""KXETH15M-26APR280215-15"",""trade_id"":""1a952cdd-e421-46c0-8dee-6277edc4c139"",""yes_price_dollars"":""0.3700""}"
KXETH15M-26APR280215-15,0a72d6e4-9e94-4e92-ad0b-78effd120f77,1777356205,0.35,100.0,yes,"{""count_fp"":""100.00"",""created_time"":""2026-04-28T06:03:25.918044Z"",""no_price_dollars"":""0.6500"",""taker_side"":""yes"",""ticker"":""KXETH15M-26APR280215-15"",""trade_id"":""0a72d6e4-9e94-4e92-ad0b-78effd120f77"",""yes_price_dollars"":""0.3500""}"
KXETH15M-26APR280215-15,81fbf73b-bbb3-7b04-c6be-eba916c4858e,1777356207,0.33,5.0,no,"{""count_fp"":""5.00"",""created_time"":""2026-04-28T06:03:27.986317Z"",""no_price_dollars"":""0.6700"",""taker_side"":""no"",""ticker"":""KXETH15M-26APR280215-15"",""trade_id"":""81fbf73b-bbb3-7b04-c6be-eba916c4858e"",""yes_price_dollars"":""0.3300""}"
KXETH15M-26APR280215-15,7eea73c3-52ba-7939-f2f1-a37da978fd3c,1777356207,0.32,10.0,no,"{""count_fp"":""10.00"",""created_time"":""2026-04-28T06:03:27.986317Z"",""no_price_dollars"":""0.6800"",""taker_side"":""no"",""ticker"":""KXETH15M-26APR280215-15"",""trade_id"":""7eea73c3-52ba-7939-f2f1-a37da978fd3c"",""yes_price_dollars"":""0.3200""}"
KXETH15M-26APR280215-15,46d8839a-3025-74a7-fbf4-f8870619261a,1777356207,0.32,1.0,no,"{""count_fp"":""1.00"",""created_time"":""2026-04-28T06:03:27.986317Z"",""no_price_dollars"":""0.6800"",""taker_side"":""no"",""ticker"":""KXETH15M-26APR280215-15"",""trade_id"":""46d8839a-3025-74a7-fbf4-f8870619261a"",""yes_price_dollars"":""0.3200""}"
KXETH15M-26APR280215-15,3ea49541-b84c-6d07-f9db-5ac568d71328,1777356210,0.27,1.0,no,"{""count_fp"":""1.00"",""created_time"":""2026-04-28T06:03:30.366949Z"",""no_price_dollars"":""0.7300"",""taker_side"":""no"",""ticker"":""KXETH15M-26APR280215-15"",""trade_id"":""3ea49541-b84c-6d07-f9db-5ac568d71328"",""yes_price_dollars"":""0.2700""}"
KXETH15M-26APR280215-15,8459ce19-bbec-4686-e201-81942f7e1242,1777356210,0.28,1.0,no,"{""count_fp"":""1.00"",""created_time"":""2026-04-28T06:03:30.314131Z"",""no_price_dollars"":""0.7200"",""taker_side"":""no"",""ticker"":""KXETH15M-26APR280215-15"",""trade_id"":""8459ce19-bbec-4686-e201-81942f7e1242"",""yes_price_dollars"":""0.2800""}"
KXETH15M-26APR280215-15,d7bfbd84-cf8d-6c38-047b-9f825736a165,1777356214,0.3,196.87,yes,"{""count_fp"":""196.87"",""created_time"":""2026-04-28T06:03:34.164274Z"",""no_price_dollars"":""0.7000"",""taker_side"":""yes"",""ticker"":""KXETH15M-26APR280215-15"",""trade_id"":""d7bfbd84-cf8d-6c38-047b-9f825736a165"",""yes_price_dollars"":""0.3000""}"
KXETH15M-26APR280215-15,b9adc6ca-2328-65ff-30cb-2bf31624eb54,1777356214,0.3,1.0,yes,"{""count_fp"":""1.00"",""created_time"":""2026-04-28T06:03:34.164274Z"",""no_price_dollars"":""0.7000"",""taker_side"":""yes"",""ticker"":""KXETH15M-26APR280215-15"",""trade_id"":""b9adc6ca-2328-65ff-30cb-2bf31624eb54"",""yes_price_dollars"":""0.3000""}"
KXETH15M-26APR280215-15,8f37e2dc-957e-6b34-1966-b54fb1e0a08b,1777356214,0.29,100.0,yes,"{""count_fp"":""100.00"",""created_time"":""2026-04-28T06:03:34.164274Z"",""no_price_dollars"":""0.7100"",""taker_side"":""yes"",""ticker"":""KXETH15M-26APR280215-15"",""trade_id"":""8f37e2dc-957e-6b34-1966-b54fb1e0a08b"",""yes_price_dollars"":""0.2900""}"
KXETH15M-26APR280215-15,402ddf15-16fa-6fb6-2606-9010d8b3b94a,1777356214,0.29,10.0,yes,"{""count_fp"":""10.00"",""created_time"":""2026-04-28T06:03:34.164274Z"",""no_price_dollars"":""0.7100"",""taker_side"":""yes"",""ticker"":""KXETH15M-26APR280215-15"",""trade_id"":""402ddf15-16fa-6fb6-2606-9010d8b3b94a"",""yes_price_dollars"":""0.2900""}"
KXETH15M-26APR280215-15,4c9402d1-1934-5ed8-f0be-15e60af6d90e,1777356216,0.28,1.0,no,"{""count_fp"":""1.00"",""created_time"":""2026-04-28T06:03:36.072059Z"",""no_price_dollars"":""0.7200"",""taker_side"":""no"",""ticker"":""KXETH15M-26APR280215-15"",""trade_id"":""4c9402d1-1934-5ed8-f0be-15e60af6d90e"",""yes_price_dollars"":""0.2800""}"
KXETH15M-26APR280215-15,5967cdf3-2393-5981-2d87-4b2763e612c8,1777356219,0.3,171.0,no,"{""count_fp"":""171.00"",""created_time"":""2026-04-28T06:03:39.191655Z"",""no_price_dollars"":""0.7000"",""taker_side"":""no"",""ticker"":""KXETH15M-26APR280215-15"",""trade_id"":""5967cdf3-2393-5981-2d87-4b2763e612c8"",""yes_price_dollars"":""0.3000""}"
KXETH15M-26APR280215-15,4eb199b3-271f-64ed-6d13-64614db64eb4,1777356221,0.3,4.0,no,"{""count_fp"":""4.00"",""created_time"":""2026-04-28T06:03:41.990186Z"",""no_price_dollars"":""0.7000"",""taker_side"":""no"",""ticker"":""KXETH15M-26APR280215-15"",""trade_id"":""4eb199b3-271f-64ed-6d13-64614db64eb4"",""yes_price_dollars"":""0.3000""}"
KXETH15M-26APR280215-15,016858a7-93fb-4525-331b-3c41621d8ec4,1777356221,0.3,3.49,no,"{""count_fp"":""3.49"",""created_time"":""2026-04-28T06:03:41.952491Z"",""no_price_dollars"":""0.7000"",""taker_side"":""no"",""ticker"":""KXETH15M-26APR280215-15"",""trade_id"":""016858a7-93fb-4525-331b-3c41621d8ec4"",""yes_price_dollars"":""0.3000""}"
KXETH15M-26APR280215-15,02f12d52-5303-6145-e4e6-a4bc5118c728,1777356222,0.3,1.0,no,"{""count_fp"":""1.00"",""created_time"":""2026-04-28T06:03:42.197408Z"",""no_price_dollars"":""0.7000"",""taker_side"":""no"",""ticker"":""KXETH15M-26APR280215-15"",""trade_id"":""02f12d52-5303-6145-e4e6-a4bc5118c728"",""yes_price_dollars"":""0.3000""}"
KXETH15M-26APR280215-15,fb732d98-8776-60be-7574-02dab9da8cf2,1777356225,0.32,1.0,yes,"{""count_fp"":""1.00"",""created_time"":""2026-04-28T06:03:45.618934Z"",""no_price_dollars"":""0.6800"",""taker_side"":""yes"",""ticker"":""KXETH15M-26APR280215-15"",""trade_id"":""fb732d98-8776-60be-7574-02dab9da8cf2"",""yes_price_dollars"":""0.3200""}"
KXETH15M-26APR280215-15,9a955336-33ce-662c-5dc3-151626c63f28,1777356225,0.33,1.0,yes,"{""count_fp"":""1.00"",""created_time"":""2026-04-28T06:03:45.618934Z"",""no_price_dollars"":""0.6700"",""taker_side"":""yes"",""ticker"":""KXETH15M-26APR280215-15"",""trade_id"":""9a955336-33ce-662c-5dc3-151626c63f28"",""yes_price_dollars"":""0.3300""}"
KXETH15M-26APR280215-15,6cf2e4de-4550-6b57-42cc-98a23aabd05e,1777356225,0.33,1.0,yes,"{""count_fp"":""1.00"",""created_time"":""2026-04-28T06:03:45.618934Z"",""no_price_dollars"":""0.6700"",""taker_side"":""yes"",""ticker"":""KXETH15M-26APR280215-15"",""trade_id"":""6cf2e4de-4550-6b57-42cc-98a23aabd05e"",""yes_price_dollars"":""0.3300""}"
KXETH15M-26APR280215-15,5667c820-a983-6a4c-7043-cf890e8b41da,1777356225,0.31,1.0,yes,"{""count_fp"":""1.00"",""created_time"":""2026-04-28T06:03:45.618934Z"",""no_price_dollars"":""0.6900"",""taker_side"":""yes"",""ticker"":""KXETH15M-26APR280215-15"",""trade_id"":""5667c820-a983-6a4c-7043-cf890e8b41da"",""yes_price_dollars"":""0.3100""}"
KXETH15M-26APR280215-15,53fb2dc0-7d15-6e4f-577e-bf9a66260267,1777356225,0.32,1.0,yes,"{""count_fp"":""1.00"",""created_time"":""2026-04-28T06:03:45.618934Z"",""no_price_dollars"":""0.6800"",""taker_side"":""yes"",""ticker"":""KXETH15M-26APR280215-15"",""trade_id"":""53fb2dc0-7d15-6e4f-577e-bf9a66260267"",""yes_price_dollars"":""0.3200""}"
KXETH15M-26APR280215-15,26054629-eaf4-6811-45cb-218e92430f26,1777356225,0.33,1.0,yes,"{""count_fp"":""1.00"",""created_time"":""2026-04-28T06:03:45.618934Z"",""no_price_dollars"":""0.6700"",""taker_side"":""yes"",""ticker"":""KXETH15M-26APR280215-15"",""trade_id"":""26054629-eaf4-6811-45cb-218e92430f26"",""yes_price_dollars"":""0.3300""}"
KXETH15M-26APR280215-15,0d6330b6-8ca2-6b43-793b-9dbece4254a6,1777356225,0.33,23.09,yes,"{""count_fp"":""23.09"",""created_time"":""2026-04-28T06:03:45.618934Z"",""no_price_dollars"":""0.6700"",""taker_side"":""yes"",""ticker"":""KXETH15M-26APR280215-15"",""trade_id"":""0d6330b6-8ca2-6b43-793b-9dbece4254a6"",""yes_price_dollars"":""0.3300""}"
KXETH15M-26APR280215-15,7e621e88-cfb0-44ac-d1c0-64358a7877aa,1777356227,0.3,10.0,no,"{""count_fp"":""10.00"",""created_time"":""2026-04-28T06:03:47.471744Z"",""no_price_dollars"":""0.7000"",""taker_side"":""no"",""ticker"":""KXETH15M-26APR280215-15"",""trade_id"":""7e621e88-cfb0-44ac-d1c0-64358a7877aa"",""yes_price_dollars"":""0.3000""}"
KXETH15M-26APR280215-15,27887a39-bef9-4120-c203-706778970e1a,1777356227,0.31,3.0,no,"{""count_fp"":""3.00"",""created_time"":""2026-04-28T06:03:47.471744Z"",""no_price_dollars"":""0.6900"",""taker_side"":""no"",""ticker"":""KXETH15M-26APR280215-15"",""trade_id"":""27887a39-bef9-4120-c203-706778970e1a"",""yes_price_dollars"":""0.3100""}"
KXETH15M-26APR280215-15,d110bd1a-906d-53d2-c6d4-63696c5d3e6f,1777356239,0.3,1.0,yes,"{""count_fp"":""1.00"",""created_time"":""2026-04-28T06:03:59.941879Z"",""no_price_dollars"":""0.7000"",""taker_side"":""yes"",""ticker"":""KXETH15M-26APR280215-15"",""trade_id"":""d110bd1a-906d-53d2-c6d4-63696c5d3e6f"",""yes_price_dollars"":""0.3000""}"
KXETH15M-26APR280215-15,ff2d6223-04d2-703c-23e7-64dd438947e6,1777356240,0.33,1.0,no,"{""count_fp"":""1.00"",""created_time"":""2026-04-28T06:04:00.162345Z"",""no_price_dollars"":""0.6700"",""taker_side"":""no"",""ticker"":""KXETH15M-26APR280215-15"",""trade_id"":""ff2d6223-04d2-703c-23e7-64dd438947e6"",""yes_price_dollars"":""0.3300""}"
KXETH15M-26APR280215-15,286387ef-0867-73ad-1e78-f74535e21b70,1777356240,0.33,1.0,no,"{""count_fp"":""1.00"",""created_time"":""2026-04-28T06:04:00.162345Z"",""no_price_dollars"":""0.6700"",""taker_side"":""no"",""ticker"":""KXETH15M-26APR280215-15"",""trade_id"":""286387ef-0867-73ad-1e78-f74535e21b70"",""yes_price_dollars"":""0.3300""}"
KXETH15M-26APR280215-15,d3ec7f94-893c-42e5-fc3a-6273c999c149,1777356241,0.33,27.98,no,"{""count_fp"":""27.98"",""created_time"":""2026-04-28T06:04:01.638653Z"",""no_price_dollars"":""0.6700"",""taker_side"":""no"",""ticker"":""KXETH15M-26APR280215-15"",""trade_id"":""d3ec7f94-893c-42e5-fc3a-6273c999c149"",""yes_price_dollars"":""0.3300""}"
KXETH15M-26APR280215-15,22be2d06-ff81-7b14-dbba-c7b3772f466c,1777356248,0.34,1.0,yes,"{""count_fp"":""1.00"",""created_time"":""2026-04-28T06:04:08.326954Z"",""no_price_dollars"":""0.6600"",""taker_side"":""yes"",""ticker"":""KXETH15M-26APR280215-15"",""trade_id"":""22be2d06-ff81-7b14-dbba-c7b3772f466c"",""yes_price_dollars"":""0.3400""}"
KXETH15M-26APR280215-15,5d8b5a1b-4246-42fb-3884-505f3a676127,1777356253,0.42,1.0,no,"{""count_fp"":""1.00"",""created_time"":""2026-04-28T06:04:13.001913Z"",""no_price_dollars"":""0.5800"",""taker_side"":""no"",""ticker"":""KXETH15M-26APR280215-15"",""trade_id"":""5d8b5a1b-4246-42fb-3884-505f3a676127"",""yes_price_dollars"":""0.4200""}"
KXETH15M-26APR280215-15,d378ce41-ffc6-670f-0260-a8adca716fee,1777356254,0.42,1.0,yes,"{""count_fp"":""1.00"",""created_time"":""2026-04-28T06:04:14.634614Z"",""no_price_dollars"":""0.5800"",""taker_side"":""yes"",""ticker"":""KXETH15M-26APR280215-15"",""trade_id"":""d378ce41-ffc6-670f-0260-a8adca716fee"",""yes_price_dollars"":""0.4200""}"
KXETH15M-26APR280215-15,35334231-5ad7-687b-09a7-d96e5e288514,1777356263,0.41,1.0,no,"{""count_fp"":""1.00"",""created_time"":""2026-04-28T06:04:23.291138Z"",""no_price_dollars"":""0.5900"",""taker_side"":""no"",""ticker"":""KXETH15M-26APR280215-15"",""trade_id"":""35334231-5ad7-687b-09a7-d96e5e288514"",""yes_price_dollars"":""0.4100""}"
KXETH15M-26APR280215-15,4995bf7f-4f0f-5c57-a39e-31c1ed513034,1777356263,0.41,9.0,no,"{""count_fp"":""9.00"",""created_time"":""2026-04-28T06:04:23.282908Z"",""no_price_dollars"":""0.5900"",""taker_side"":""no"",""ticker"":""KXETH15M-26APR280215-15"",""trade_id"":""4995bf7f-4f0f-5c57-a39e-31c1ed513034"",""yes_price_dollars"":""0.4100""}"
KXETH15M-26APR280215-15,9df40b6a-fc12-577f-52b7-fbf8da922866,1777356264,0.4,19.21,yes,"{""count_fp"":""19.21"",""created_time"":""2026-04-28T06:04:24.756166Z"",""no_price_dollars"":""0.6000"",""taker_side"":""yes"",""ticker"":""KXETH15M-26APR280215-15"",""trade_id"":""9df40b6a-fc12-577f-52b7-fbf8da922866"",""yes_price_dollars"":""0.4000""}"
KXETH15M-26APR280215-15,cbf0cca4-11f1-7aa8-df8c-6993044a8b09,1777356264,0.41,31.0,yes,"{""count_fp"":""31.00"",""created_time"":""2026-04-28T06:04:24.373117Z"",""no_price_dollars"":""0.5900"",""taker_side"":""yes"",""ticker"":""KXETH15M-26APR280215-15"",""trade_id"":""cbf0cca4-11f1-7aa8-df8c-6993044a8b09"",""yes_price_dollars"":""0.4100""}"
KXETH15M-26APR280215-15,1797a14c-4dfa-7237-f4cd-1470ccfeb902,1777356266,0.4,4.73,yes,"{""count_fp"":""4.73"",""created_time"":""2026-04-28T06:04:26.258749Z"",""no_price_dollars"":""0.6000"",""taker_side"":""yes"",""ticker"":""KXETH15M-26APR280215-15"",""trade_id"":""1797a14c-4dfa-7237-f4cd-1470ccfeb902"",""yes_price_dollars"":""0.4000""}"
KXETH15M-26APR280215-15,e4551f41-74cb-7783-6c4a-6cf145f8ef39,1777356270,0.37,1.0,yes,"{""count_fp"":""1.00"",""created_time"":""2026-04-28T06:04:30.511335Z"",""no_price_dollars"":""0.6300"",""taker_side"":""yes"",""ticker"":""KXETH15M-26APR280215-15"",""trade_id"":""e4551f41-74cb-7783-6c4a-6cf145f8ef39"",""yes_price_dollars"":""0.3700""}"
KXETH15M-26APR280215-15,9becdcfa-dbca-7330-6bec-0afd22882f9e,1777356270,0.38,5.81,yes,"{""count_fp"":""5.81"",""created_time"":""2026-04-28T06:04:30.511335Z"",""no_price_dollars"":""0.6200"",""taker_side"":""yes"",""ticker"":""KXETH15M-26APR280215-15"",""trade_id"":""9becdcfa-dbca-7330-6bec-0afd22882f9e"",""yes_price_dollars"":""0.3800""}"
KXETH15M-26APR280215-15,56aea4de-52da-777d-644d-3020dce18c67,1777356270,0.37,10.63,yes,"{""count_fp"":""10.63"",""created_time"":""2026-04-28T06:04:30.511335Z"",""no_price_dollars"":""0.6300"",""taker_side"":""yes"",""ticker"":""KXETH15M-26APR280215-15"",""trade_id"":""56aea4de-52da-777d-644d-3020dce18c67"",""yes_price_dollars"":""0.3700""}"
KXETH15M-26APR280215-15,0240bdf5-97d5-7439-5d81-d71695c99800,1777356270,0.38,2.0,yes,"{""count_fp"":""2.00"",""created_time"":""2026-04-28T06:04:30.511335Z"",""no_price_dollars"":""0.6200"",""taker_side"":""yes"",""ticker"":""KXETH15M-26APR280215-15"",""trade_id"":""0240bdf5-97d5-7439-5d81-d71695c99800"",""yes_price_dollars"":""0.3800""}"
KXETH15M-26APR280215-15,dfc9a820-e18a-7f60-fbf3-3bc5ff07f6e6,1777356277,0.42,10.0,yes,"{""count_fp"":""10.00"",""created_time"":""2026-04-28T06:04:37.478787Z"",""no_price_dollars"":""0.5800"",""taker_side"":""yes"",""ticker"":""KXETH15M-26APR280215-15"",""trade_id"":""dfc9a820-e18a-7f60-fbf3-3bc5ff07f6e6"",""yes_price_dollars"":""0.4200""}"
KXETH15M-26APR280215-15,da62a995-40a9-7f40-caf0-d437300bda91,1777356277,0.42,10.34,yes,"{""count_fp"":""10.34"",""created_time"":""2026-04-28T06:04:37.478787Z"",""no_price_dollars"":""0.5800"",""taker_side"":""yes"",""ticker"":""KXETH15M-26APR280215-15"",""trade_id"":""da62a995-40a9-7f40-caf0-d437300bda91"",""yes_price_dollars"":""0.4200""}"
KXETH15M-26APR280215-15,bb6f7fdf-4a0a-7c2b-deb1-7c4493a53356,1777356277,0.43,12.66,yes,"{""count_fp"":""12.66"",""created_time"":""2026-04-28T06:04:37.478787Z"",""no_price_dollars"":""0.5700"",""taker_side"":""yes"",""ticker"":""KXETH15M-26APR280215-15"",""trade_id"":""bb6f7fdf-4a0a-7c2b-deb1-7c4493a53356"",""yes_price_dollars"":""0.4300""}"
KXETH15M-26APR280215-15,5a773e7c-47d0-7568-ffdc-86ff1aacbed0,1777356277,0.42,1.0,yes,"{""count_fp"":""1.00"",""created_time"":""2026-04-28T06:04:37.478787Z"",""no_price_dollars"":""0.5800"",""taker_side"":""yes"",""ticker"":""KXETH15M-26APR280215-15"",""trade_id"":""5a773e7c-47d0-7568-ffdc-86ff1aacbed0"",""yes_price_dollars"":""0.4200""}"
KXETH15M-26APR280215-15,226b978e-457e-71c2-c107-e22fb6e91edb,1777356277,0.43,1.0,yes,"{""count_fp"":""1.00"",""created_time"":""2026-04-28T06:04:37.478787Z"",""no_price_dollars"":""0.5700"",""taker_side"":""yes"",""ticker"":""KXETH15M-26APR280215-15"",""trade_id"":""226b978e-457e-71c2-c107-e22fb6e91edb"",""yes_price_dollars"":""0.4300""}"
KXETH15M-26APR280215-15,bb098914-060b-4ae5-362d-84b7eea950e8,1777356280,0.46,47.31,no,"{""count_fp"":""47.31"",""created_time"":""2026-04-28T06:04:40.248171Z"",""no_price_dollars"":""0.5400"",""taker_side"":""no"",""ticker"":""KXETH15M-26APR280215-15"",""trade_id"":""bb098914-060b-4ae5-362d-84b7eea950e8"",""yes_price_dollars"":""0.4600""}"
KXETH15M-26APR280215-15,660076cd-865d-68c5-391e-dad2b3bed4af,1777356288,0.5,1.0,yes,"{""count_fp"":""1.00"",""created_time"":""2026-04-28T06:04:48.501678Z"",""no_price_dollars"":""0.5000"",""taker_side"":""yes"",""ticker"":""KXETH15M-26APR280215-15"",""trade_id"":""660076cd-865d-68c5-391e-dad2b3bed4af"",""yes_price_dollars"":""0.5000""}"
KXETH15M-26APR280215-15,49c0121d-96c7-5399-4675-0e3f5f2bf586,1777356294,0.53,10.0,yes,"{""count_fp"":""10.00"",""created_time"":""2026-04-28T06:04:54.791556Z"",""no_price_dollars"":""0.4700"",""taker_side"":""yes"",""ticker"":""KXETH15M-26APR280215-15"",""trade_id"":""49c0121d-96c7-5399-4675-0e3f5f2bf586"",""yes_price_dollars"":""0.5300""}"
KXETH15M-26APR280215-15,20ea44bd-4e5f-59db-5831-87a7777f9bc4,1777356294,0.5,2.0,yes,"{""count_fp"":""2.00"",""created_time"":""2026-04-28T06:04:54.791556Z"",""no_price_dollars"":""0.5000"",""taker_side"":""yes"",""ticker"":""KXETH15M-26APR280215-15"",""trade_id"":""20ea44bd-4e5f-59db-5831-87a7777f9bc4"",""yes_price_dollars"":""0.5000""}"
KXETH15M-26APR280215-15,087ea0ca-a63f-5d64-44ec-27a6d9fb5835,1777356294,0.5,2.0,yes,"{""count_fp"":""2.00"",""created_time"":""2026-04-28T06:04:54.791556Z"",""no_price_dollars"":""0.5000"",""taker_side"":""yes"",""ticker"":""KXETH15M-26APR280215-15"",""trade_id"":""087ea0ca-a63f-5d64-44ec-27a6d9fb5835"",""yes_price_dollars"":""0.5000""}"
KXETH15M-26APR280215-15,3522c591-40fb-5a6d-0f22-2371d0b1f8a9,1777356296,0.55,0.18,no,"{""count_fp"":""0.18"",""created_time"":""2026-04-28T06:04:56.707885Z"",""no_price_dollars"":""0.4500"",""taker_side"":""no"",""ticker"":""KXETH15M-26APR280215-15"",""trade_id"":""3522c591-40fb-5a6d-0f22-2371d0b1f8a9"",""yes_price_dollars"":""0.5500""}"
KXETH15M-26APR280215-15,e4ea7269-63f3-63e2-8bcb-4f572bfc6d1e,1777356296,0.55,10.0,no,"{""count_fp"":""10.00"",""created_time"":""2026-04-28T06:04:56.690737Z"",""no_price_dollars"":""0.4500"",""taker_side"":""no"",""ticker"":""KXETH15M-26APR280215-15"",""trade_id"":""e4ea7269-63f3-63e2-8bcb-4f572bfc6d1e"",""yes_price_dollars"":""0.5500""}"
KXETH15M-26APR280215-15,80834eef-1667-6de9-b629-062d99207bad,1777356296,0.55,10.0,no,"{""count_fp"":""10.00"",""created_time"":""2026-04-28T06:04:56.690737Z"",""no_price_dollars"":""0.4500"",""taker_side"":""no"",""ticker"":""KXETH15M-26APR280215-15"",""trade_id"":""80834eef-1667-6de9-b629-062d99207bad"",""yes_price_dollars"":""0.5500""}"
KXETH15M-26APR280215-15,1bb9a529-4c29-6040-faf0-5e8fa6d6e041,1777356300,0.56,1.0,yes,"{""count_fp"":""1.00"",""created_time"":""2026-04-28T06:05:00.496557Z"",""no_price_dollars"":""0.4400"",""taker_side"":""yes"",""ticker"":""KXETH15M-26APR280215-15"",""trade_id"":""1bb9a529-4c29-6040-faf0-5e8fa6d6e041"",""yes_price_dollars"":""0.5600""}"
KXETH15M-26APR280215-15,06a71db9-3e5d-6638-e507-15b8ea502a03,1777356300,0.56,1.0,yes,"{""count_fp"":""1.00"",""created_time"":""2026-04-28T06:05:00.409491Z"",""no_price_dollars"":""0.4400"",""taker_side"":""yes"",""ticker"":""KXETH15M-26APR280215-15"",""trade_id"":""06a71db9-3e5d-6638-e507-15b8ea502a03"",""yes_price_dollars"":""0.5600""}"
KXETH15M-26APR280215-15,97e55075-b435-5d02-0aeb-ecc4ebd392aa,1777356307,0.53,1.0,no,"{""count_fp"":""1.00"",""created_time"":""2026-04-28T06:05:07.691347Z"",""no_price_dollars"":""0.4700"",""taker_side"":""no"",""ticker"":""KXETH15M-26APR280215-15"",""trade_id"":""97e55075-b435-5d02-0aeb-ecc4ebd392aa"",""yes_price_dollars"":""0.5300""}"
KXETH15M-26APR280215-15,a9433589-084d-6181-8034-1ed111788221,1777356309,0.55,1.0,yes,"{""count_fp"":""1.00"",""created_time"":""2026-04-28T06:05:09.158064Z"",""no_price_dollars"":""0.4500"",""taker_side"":""yes"",""ticker"":""KXETH15M-26APR280215-15"",""trade_id"":""a9433589-084d-6181-8034-1ed111788221"",""yes_price_dollars"":""0.5500""}"
KXETH15M-26APR280215-15,02a280b5-799e-7ef4-e05a-267feab14f6e,1777356312,0.58,4.0,yes,"{""count_fp"":""4.00"",""created_time"":""2026-04-28T06:05:12.555088Z"",""no_price_dollars"":""0.4200"",""taker_side"":""yes"",""ticker"":""KXETH15M-26APR280215-15"",""trade_id"":""02a280b5-799e-7ef4-e05a-267feab14f6e"",""yes_price_dollars"":""0.5800""}"
KXETH15M-26APR280215-15,f7ce2a47-735f-72e1-a3bd-ceb4e6ed6868,1777356313,0.55,23.0,no,"{""count_fp"":""23.00"",""created_time"":""2026-04-28T06:05:13.577381Z"",""no_price_dollars"":""0.4500"",""taker_side"":""no"",""ticker"":""KXETH15M-26APR280215-15"",""trade_id"":""f7ce2a47-735f-72e1-a3bd-ceb4e6ed6868"",""yes_price_dollars"":""0.5500""}"
KXETH15M-26APR280215-15,e968cdae-c03f-78c1-9552-448b79686fb4,1777356313,0.56,10.0,no,"{""count_fp"":""10.00"",""created_time"":""2026-04-28T06:05:13.577381Z"",""no_price_dollars"":""0.4400"",""taker_side"":""no"",""ticker"":""KXETH15M-26APR280215-15"",""trade_id"":""e968cdae-c03f-78c1-9552-448b79686fb4"",""yes_price_dollars"":""0.5600""}"
KXETH15M-26APR280215-15,a3ab8ed7-44ae-70d9-a373-5a6e5677a5aa,1777356313,0.56,10.0,no,"{""count_fp"":""10.00"",""created_time"":""2026-04-28T06:05:13.577381Z"",""no_price_dollars"":""0.4400"",""taker_side"":""no"",""ticker"":""KXETH15M-26APR280215-15"",""trade_id"":""a3ab8ed7-44ae-70d9-a373-5a6e5677a5aa"",""yes_price_dollars"":""0.5600""}"
KXETH15M-26APR280215-15,030f60b3-8983-6c89-22b1-84db853d1e90,1777356314,0.55,2.13,no,"{""count_fp"":""2.13"",""created_time"":""2026-04-28T06:05:14.825557Z"",""no_price_dollars"":""0.4500"",""taker_side"":""no"",""ticker"":""KXETH15M-26APR280215-15"",""trade_id"":""030f60b3-8983-6c89-22b1-84db853d1e90"",""yes_price_dollars"":""0.5500""}"
KXETH15M-26APR280215-15,860a4721-e476-4a90-86ef-cfc2ddfd0cd6,1777356318,0.58,1.67,yes,"{""count_fp"":""1.67"",""created_time"":""2026-04-28T06:05:18.408059Z"",""no_price_dollars"":""0.4200"",""taker_side"":""yes"",""ticker"":""KXETH15M-26APR280215-15"",""trade_id"":""860a4721-e476-4a90-86ef-cfc2ddfd0cd6"",""yes_price_dollars"":""0.5800""}"
KXETH15M-26APR280215-15,be82fc54-4500-4349-8d5c-d5ff4431fb77,1777356322,0.59,0.16,yes,"{""count_fp"":""0.16"",""created_time"":""2026-04-28T06:05:22.454195Z"",""no_price_dollars"":""0.4100"",""taker_side"":""yes"",""ticker"":""KXETH15M-26APR280215-15"",""trade_id"":""be82fc54-4500-4349-8d5c-d5ff4431fb77"",""yes_price_dollars"":""0.5900""}"
KXETH15M-26APR280215-15,835070c4-2a66-4ba4-9f7b-167b83132746,1777356322,0.58,32.33,yes,"{""count_fp"":""32.33"",""created_time"":""2026-04-28T06:05:22.454195Z"",""no_price_dollars"":""0.4200"",""taker_side"":""yes"",""ticker"":""KXETH15M-26APR280215-15"",""trade_id"":""835070c4-2a66-4ba4-9f7b-167b83132746"",""yes_price_dollars"":""0.5800""}"
KXETH15M-26APR280215-15,3456613e-8cb4-4d78-a711-4120c0409396,1777356322,0.58,1.0,yes,"{""count_fp"":""1.00"",""created_time"":""2026-04-28T06:05:22.454195Z"",""no_price_dollars"":""0.4200"",""taker_side"":""yes"",""ticker"":""KXETH15M-26APR280215-15"",""trade_id"":""3456613e-8cb4-4d78-a711-4120c0409396"",""yes_price_dollars"":""0.5800""}"
KXETH15M-26APR280215-15,8fc195bd-3527-530d-3707-1cf6d1e7c160,1777356324,0.55,3.0,no,"{""count_fp"":""3.00"",""created_time"":""2026-04-28T06:05:24.751758Z"",""no_price_dollars"":""0.4500"",""taker_side"":""no"",""ticker"":""KXETH15M-26APR280215-15"",""trade_id"":""8fc195bd-3527-530d-3707-1cf6d1e7c160"",""yes_price_dollars"":""0.5500""}"
KXETH15M-26APR280215-15,91ae07b4-6994-75cd-e2ea-d806cda26e04,1777356325,0.59,3.0,yes,"{""count_fp"":""3.00"",""created_time"":""2026-04-28T06:05:25.626839Z"",""no_price_dollars"":""0.4100"",""taker_side"":""yes"",""ticker"":""KXETH15M-26APR280215-15"",""trade_id"":""91ae07b4-6994-75cd-e2ea-d806cda26e04"",""yes_price_dollars"":""0.5900""}"
KXETH15M-26APR280215-15,c1a21815-cabd-7040-e389-7bd16dbb29c6,1777356326,0.55,0.18,no,"{""count_fp"":""0.18"",""created_time"":""2026-04-28T06:05:26.842902Z"",""no_price_dollars"":""0.4500"",""taker_side"":""no"",""ticker"":""KXETH15M-26APR280215-15"",""trade_id"":""c1a21815-cabd-7040-e389-7bd16dbb29c6"",""yes_price_dollars"":""0.5500""}"
KXETH15M-26APR280215-15,8f2b3535-0ce1-5b8c-fcef-6577b52c2072,1777356326,0.55,3.82,no,"{""count_fp"":""3.82"",""created_time"":""2026-04-28T06:05:26.837367Z"",""no_price_dollars"":""0.4500"",""taker_side"":""no"",""ticker"":""KXETH15M-26APR280215-15"",""trade_id"":""8f2b3535-0ce1-5b8c-fcef-6577b52c2072"",""yes_price_dollars"":""0.5500""}"
KXETH15M-26APR280215-15,134f835d-9761-511e-dbed-9946a88b9d46,1777356326,0.55,10.18,no,"{""count_fp"":""10.18"",""created_time"":""2026-04-28T06:05:26.837367Z"",""no_price_dollars"":""0.4500"",""taker_side"":""no"",""ticker"":""KXETH15M-26APR280215-15"",""trade_id"":""134f835d-9761-511e-dbed-9946a88b9d46"",""yes_price_dollars"":""0.5500""}"
KXETH15M-26APR280215-15,52630df7-a6cc-62e5-55b9-26775b5e84cc,1777356326,0.56,3.0,no,"{""count_fp"":""3.00"",""created_time"":""2026-04-28T06:05:26.093141Z"",""no_price_dollars"":""0.4400"",""taker_side"":""no"",""ticker"":""KXETH15M-26APR280215-15"",""trade_id"":""52630df7-a6cc-62e5-55b9-26775b5e84cc"",""yes_price_dollars"":""0.5600""}"
KXETH15M-26APR280215-15,e66e344e-8b9d-4fb0-9f6e-75a6185bbe3d,1777356328,0.57,16.74,yes,"{""count_fp"":""16.74"",""created_time"":""2026-04-28T06:05:28.876356Z"",""no_price_dollars"":""0.4300"",""taker_side"":""yes"",""ticker"":""KXETH15M-26APR280215-15"",""trade_id"":""e66e344e-8b9d-4fb0-9f6e-75a6185bbe3d"",""yes_price_dollars"":""0.5700""}"
KXETH15M-26APR280215-15,9c3cc99a-7030-6e3c-1ed5-39169f770f1f,1777356328,0.58,1.0,yes,"{""count_fp"":""1.00"",""created_time"":""2026-04-28T06:05:28.146363Z"",""no_price_dollars"":""0.4200"",""taker_side"":""yes"",""ticker"":""KXETH15M-26APR280215-15"",""trade_id"":""9c3cc99a-7030-6e3c-1ed5-39169f770f1f"",""yes_price_dollars"":""0.5800""}"
KXETH15M-26APR280215-15,5a006e76-9369-6178-eba3-0e9a7b553325,1777356330,0.57,162.31,yes,"{""count_fp"":""162.31"",""created_time"":""2026-04-28T06:05:30.689521Z"",""no_price_dollars"":""0.4300"",""taker_side"":""yes"",""ticker"":""KXETH15M-26APR280215-15"",""trade_id"":""5a006e76-9369-6178-eba3-0e9a7b553325"",""yes_price_dollars"":""0.5700""}"
KXETH15M-26APR280215-15,c30ffba9-b71d-48b0-e806-bb18d5b3d605,1777356330,0.57,73.13,yes,"{""count_fp"":""73.13"",""created_time"":""2026-04-28T06:05:30.619242Z"",""no_price_dollars"":""0.4300"",""taker_side"":""yes"",""ticker"":""KXETH15M-26APR280215-15"",""trade_id"":""c30ffba9-b71d-48b0-e806-bb18d5b3d605"",""yes_price_dollars"":""0.5700""}"
KXETH15M-26APR280215-15,895d3634-3ff9-4b96-c1a2-af5225599ee1,1777356330,0.56,9.31,yes,"{""count_fp"":""9.31"",""created_time"":""2026-04-28T06:05:30.619242Z"",""no_price_dollars"":""0.4400"",""taker_side"":""yes"",""ticker"":""KXETH15M-26APR280215-15"",""trade_id"":""895d3634-3ff9-4b96-c1a2-af5225599ee1"",""yes_price_dollars"":""0.5600""}"
KXETH15M-26APR280215-15,5968dfc7-54af-4b3f-cdcb-02b9f9010689,1777356330,0.54,3.0,yes,"{""count_fp"":""3.00"",""created_time"":""2026-04-28T06:05:30.619242Z"",""no_price_dollars"":""0.4600"",""taker_side"":""yes"",""ticker"":""KXETH15M-26APR280215-15"",""trade_id"":""5968dfc7-54af-4b3f-cdcb-02b9f9010689"",""yes_price_dollars"":""0.5400""}"
KXETH15M-26APR280215-15,e14a3790-c767-5427-0fc9-f1f45e3a69e7,1777356331,0.53,10.0,no,"{""count_fp"":""10.00"",""created_time"":""2026-04-28T06:05:31.520509Z"",""no_price_dollars"":""0.4700"",""taker_side"":""no"",""ticker"":""KXETH15M-26APR280215-15"",""trade_id"":""e14a3790-c767-5427-0fc9-f1f45e3a69e7"",""yes_price_dollars"":""0.5300""}"
KXETH15M-26APR280215-15,619b6541-1e03-5a4d-1741-420fe8556a1c,1777356331,0.53,7.44,no,"{""count_fp"":""7.44"",""created_time"":""2026-04-28T06:05:31.520509Z"",""no_price_dollars"":""0.4700"",""taker_side"":""no"",""ticker"":""KXETH15M-26APR280215-15"",""trade_id"":""619b6541-1e03-5a4d-1741-420fe8556a1c"",""yes_price_dollars"":""0.5300""}"
KXETH15M-26APR280215-15,502e85e6-2a50-51d6-1802-bd487db93b18,1777356331,0.53,1.0,no,"{""count_fp"":""1.00"",""created_time"":""2026-04-28T06:05:31.520509Z"",""no_price_dollars"":""0.4700"",""taker_side"":""no"",""ticker"":""KXETH15M-26APR280215-15"",""trade_id"":""502e85e6-2a50-51d6-1802-bd487db93b18"",""yes_price_dollars"":""0.5300""}"
KXETH15M-26APR280215-15,12f6fffd-a539-5051-08c3-53a5a8adaa2c,1777356331,0.54,1.0,no,"{""count_fp"":""1.00"",""created_time"":""2026-04-28T06:05:31.520509Z"",""no_price_dollars"":""0.4600"",""taker_side"":""no"",""ticker"":""KXETH15M-26APR280215-15"",""trade_id"":""12f6fffd-a539-5051-08c3-53a5a8adaa2c"",""yes_price_dollars"":""0.5400""}"
KXETH15M-26APR280215-15,689e135b-cd87-49be-8bd9-9088262908cd,1777356339,0.59,1.0,no,"{""count_fp"":""1.00"",""created_time"":""2026-04-28T06:05:39.325004Z"",""no_price_dollars"":""0.4100"",""taker_side"":""no"",""ticker"":""KXETH15M-26APR280215-15"",""trade_id"":""689e135b-cd87-49be-8bd9-9088262908cd"",""yes_price_dollars"":""0.5900""}"
KXETH15M-26APR280215-15,46e242af-602c-4877-bf01-417c4cb8b337,1777356339,0.59,1.0,no,"{""count_fp"":""1.00"",""created_time"":""2026-04-28T06:05:39.325004Z"",""no_price_dollars"":""0.4100"",""taker_side"":""no"",""ticker"":""KXETH15M-26APR280215-15"",""trade_id"":""46e242af-602c-4877-bf01-417c4cb8b337"",""yes_price_dollars"":""0.5900""}"
KXETH15M-26APR280215-15,c378d0d1-69a4-6d17-aec9-0b95375331be,1777356343,0.65,551.0,yes,"{""count_fp"":""551.00"",""created_time"":""2026-04-28T06:05:43.341361Z"",""no_price_dollars"":""0.3500"",""taker_side"":""yes"",""ticker"":""KXETH15M-26APR280215-15"",""trade_id"":""c378d0d1-69a4-6d17-aec9-0b95375331be"",""yes_price_dollars"":""0.6500""}"
KXETH15M-26APR280215-15,82e48071-9fe0-58c5-9a05-77d6dfe5e528,1777356345,0.69,1.0,yes,"{""count_fp"":""1.00"",""created_time"":""2026-04-28T06:05:45.981138Z"",""no_price_dollars"":""0.3100"",""taker_side"":""yes"",""ticker"":""KXETH15M-26APR280215-15"",""trade_id"":""82e48071-9fe0-58c5-9a05-77d6dfe5e528"",""yes_price_dollars"":""0.6900""}"
KXETH15M-26APR280215-15,f55224d5-2600-67b4-075f-a0791d56eb33,1777356346,0.67,5.0,no,"{""count_fp"":""5.00"",""created_time"":""2026-04-28T06:05:46.664016Z"",""no_price_dollars"":""0.3300"",""taker_side"":""no"",""ticker"":""KXETH15M-26APR280215-15"",""trade_id"":""f55224d5-2600-67b4-075f-a0791d56eb33"",""yes_price_dollars"":""0.6700""}"
KXETH15M-26APR280215-15,c1a6d7ce-18b8-61dd-1490-8d5f0fafa2d0,1777356346,0.71,10.0,yes,"{""count_fp"":""10.00"",""created_time"":""2026-04-28T06:05:46.302291Z"",""no_price_dollars"":""0.2900"",""taker_side"":""yes"",""ticker"":""KXETH15M-26APR280215-15"",""trade_id"":""c1a6d7ce-18b8-61dd-1490-8d5f0fafa2d0"",""yes_price_dollars"":""0.7100""}"
KXETH15M-26APR280215-15,b2370075-4b8a-685a-0bec-1f69b4525572,1777356346,0.7,1.0,yes,"{""count_fp"":""1.00"",""created_time"":""2026-04-28T06:05:46.302291Z"",""no_price_dollars"":""0.3000"",""taker_side"":""yes"",""ticker"":""KXETH15M-26APR280215-15"",""trade_id"":""b2370075-4b8a-685a-0bec-1f69b4525572"",""yes_price_dollars"":""0.7000""}"
KXETH15M-26APR280215-15,a2911c7a-1bd4-6535-3957-3517a77e0fc3,1777356346,0.71,59.17,yes,"{""count_fp"":""59.17"",""created_time"":""2026-04-28T06:05:46.302291Z"",""no_price_dollars"":""0.2900"",""taker_side"":""yes"",""ticker"":""KXETH15M-26APR280215-15"",""trade_id"":""a2911c7a-1bd4-6535-3957-3517a77e0fc3"",""yes_price_dollars"":""0.7100""}"
KXETH15M-26APR280215-15,5af91160-d1cc-664f-02dd-ba30c7943254,1777356346,0.71,13.83,yes,"{""count_fp"":""13.83"",""created_time"":""2026-04-28T06:05:46.302291Z"",""no_price_dollars"":""0.2900"",""taker_side"":""yes"",""ticker"":""KXETH15M-26APR280215-15"",""trade_id"":""5af91160-d1cc-664f-02dd-ba30c7943254"",""yes_price_dollars"":""0.7100""}"
KXETH15M-26APR280215-15,1242e8ea-7f4d-5f4e-0526-bbf9be026b35,1777356348,0.69,16.74,no,"{""count_fp"":""16.74"",""created_time"":""2026-04-28T06:05:48.037716Z"",""no_price_dollars"":""0.3100"",""taker_side"":""no"",""ticker"":""KXETH15M-26APR280215-15"",""trade_id"":""1242e8ea-7f4d-5f4e-0526-bbf9be026b35"",""yes_price_dollars"":""0.6900""}"
KXETH15M-26APR280215-15,f659ebd0-47c9-579c-8cd9-57b5f716f3d9,1777356349,0.7,1.0,yes,"{""count_fp"":""1.00"",""created_time"":""2026-04-28T06:05:49.883525Z"",""no_price_dollars"":""0.3000"",""taker_side"":""yes"",""ticker"":""KXETH15M-26APR280215-15"",""trade_id"":""f659ebd0-47c9-579c-8cd9-57b5f716f3d9"",""yes_price_dollars"":""0.7000""}"
KXETH15M-26APR280215-15,df518607-fcc7-5e37-8705-4cdc378c6b33,1777356349,0.69,1.0,yes,"{""count_fp"":""1.00"",""created_time"":""2026-04-28T06:05:49.883525Z"",""no_price_dollars"":""0.3100"",""taker_side"":""yes"",""ticker"":""KXETH15M-26APR280215-15"",""trade_id"":""df518607-fcc7-5e37-8705-4cdc378c6b33"",""yes_price_dollars"":""0.6900""}"
KXETH15M-26APR280215-15,05b349c5-abe9-6816-d29a-d0df6e39ae21,1777356349,0.69,32.5,no,"{""count_fp"":""32.50"",""created_time"":""2026-04-28T06:05:49.245427Z"",""no_price_dollars"":""0.3100"",""taker_side"":""no"",""ticker"":""KXETH15M-26APR280215-15"",""trade_id"":""05b349c5-abe9-6816-d29a-d0df6e39ae21"",""yes_price_dollars"":""0.6900""}"
KXETH15M-26APR280215-15,d185c63c-d239-7a8e-7812-413deddbfaf1,1777356349,0.69,250.76,no,"{""count_fp"":""250.76"",""created_time"":""2026-04-28T06:05:49.234187Z"",""no_price_dollars"":""0.3100"",""taker_side"":""no"",""ticker"":""KXETH15M-26APR280215-15"",""trade_id"":""d185c63c-d239-7a8e-7812-413deddbfaf1"",""yes_price_dollars"":""0.6900""}"
KXETH15M-26APR280215-15,7ebdfe73-614d-4222-b85f-6a09e2519a5f,1777356354,0.69,1.0,yes,"{""count_fp"":""1.00"",""created_time"":""2026-04-28T06:05:54.598243Z"",""no_price_dollars"":""0.3100"",""taker_side"":""yes"",""ticker"":""KXETH15M-26APR280215-15"",""trade_id"":""7ebdfe73-614d-4222-b85f-6a09e2519a5f"",""yes_price_dollars"":""0.6900""}"
KXETH15M-26APR280215-15,57829c19-9326-481d-a4c7-c05897f0dd51,1777356354,0.69,10.0,yes,"{""count_fp"":""10.00"",""created_time"":""2026-04-28T06:05:54.598243Z"",""no_price_dollars"":""0.3100"",""taker_side"":""yes"",""ticker"":""KXETH15M-26APR280215-15"",""trade_id"":""57829c19-9326-481d-a4c7-c05897f0dd51"",""yes_price_dollars"":""0.6900""}"
KXETH15M-26APR280215-15,2e50c2df-5069-46d6-82ba-0d4899d9308b,1777356354,0.69,1.73,yes,"{""count_fp"":""1.73"",""created_time"":""2026-04-28T06:05:54.598243Z"",""no_price_dollars"":""0.3100"",""taker_side"":""yes"",""ticker"":""KXETH15M-26APR280215-15"",""trade_id"":""2e50c2df-5069-46d6-82ba-0d4899d9308b"",""yes_price_dollars"":""0.6900""}"
KXETH15M-26APR280215-15,a41a3db5-2af3-7266-71b8-89457aa7e113,1777356355,0.69,1.0,yes,"{""count_fp"":""1.00"",""created_time"":""2026-04-28T06:05:55.567703Z"",""no_price_dollars"":""0.3100"",""taker_side"":""yes"",""ticker"":""KXETH15M-26APR280215-15"",""trade_id"":""a41a3db5-2af3-7266-71b8-89457aa7e113"",""yes_price_dollars"":""0.6900""}"
KXETH15M-26APR280215-15,141d5bb6-9c37-643e-2983-3bb9986cf8be,1777356355,0.67,1.0,no,"{""count_fp"":""1.00"",""created_time"":""2026-04-28T06:05:55.474561Z"",""no_price_dollars"":""0.3300"",""taker_side"":""no"",""ticker"":""KXETH15M-26APR280215-15"",""trade_id"":""141d5bb6-9c37-643e-2983-3bb9986cf8be"",""yes_price_dollars"":""0.6700""}"
KXETH15M-26APR280215-15,0f9c8cdd-b2b8-6539-234a-cd118863196b,1777356355,0.65,1.0,no,"{""count_fp"":""1.00"",""created_time"":""2026-04-28T06:05:55.474561Z"",""no_price_dollars"":""0.3500"",""taker_side"":""no"",""ticker"":""KXETH15M-26APR280215-15"",""trade_id"":""0f9c8cdd-b2b8-6539-234a-cd118863196b"",""yes_price_dollars"":""0.6500""}"
KXETH15M-26APR280215-15,4f640aad-9181-7f6e-9deb-cd87ca3fb2f7,1777356355,0.69,1.0,yes,"{""count_fp"":""1.00"",""created_time"":""2026-04-28T06:05:55.057371Z"",""no_price_dollars"":""0.3100"",""taker_side"":""yes"",""ticker"":""KXETH15M-26APR280215-15"",""trade_id"":""4f640aad-9181-7f6e-9deb-cd87ca3fb2f7"",""yes_price_dollars"":""0.6900""}"
KXETH15M-26APR280215-15,cec76c34-1757-487a-148c-4d535ca471f7,1777356356,0.69,1.0,yes,"{""count_fp"":""1.00"",""created_time"":""2026-04-28T06:05:56.494336Z"",""no_price_dollars"":""0.3100"",""taker_side"":""yes"",""ticker"":""KXETH15M-26APR280215-15"",""trade_id"":""cec76c34-1757-487a-148c-4d535ca471f7"",""yes_price_dollars"":""0.6900""}"
KXETH15M-26APR280215-15,300ad1cb-4ae8-4acc-10aa-d071cdab18f9,1777356356,0.69,2.0,yes,"{""count_fp"":""2.00"",""created_time"":""2026-04-28T06:05:56.494336Z"",""no_price_dollars"":""0.3100"",""taker_side"":""yes"",""ticker"":""KXETH15M-26APR280215-15"",""trade_id"":""300ad1cb-4ae8-4acc-10aa-d071cdab18f9"",""yes_price_dollars"":""0.6900""}"
KXETH15M-26APR280215-15,271db896-88b2-41b6-1ab7-b89411f1eea0,1777356356,0.69,10.0,yes,"{""count_fp"":""10.00"",""created_time"":""2026-04-28T06:05:56.494336Z"",""no_price_dollars"":""0.3100"",""taker_side"":""yes"",""ticker"":""KXETH15M-26APR280215-15"",""trade_id"":""271db896-88b2-41b6-1ab7-b89411f1eea0"",""yes_price_dollars"":""0.6900""}"
KXETH15M-26APR280215-15,3336be5d-26a0-41fc-0772-1d89227a92e1,1777356359,0.69,28.36,yes,"{""count_fp"":""28.36"",""created_time"":""2026-04-28T06:05:59.860305Z"",""no_price_dollars"":""0.3100"",""taker_side"":""yes"",""ticker"":""KXETH15M-26APR280215-15"",""trade_id"":""3336be5d-26a0-41fc-0772-1d89227a92e1"",""yes_price_dollars"":""0.6900""}"
KXETH15M-26APR280215-15,e8cc7f8c-b2f0-7998-f7ed-4f1c7eda99cd,1777356360,0.69,41.0,yes,"{""count_fp"":""41.00"",""created_time"":""2026-04-28T06:06:00.998211Z"",""no_price_dollars"":""0.3100"",""taker_side"":""yes"",""ticker"":""KXETH15M-26APR280215-15"",""trade_id"":""e8cc7f8c-b2f0-7998-f7ed-4f1c7eda99cd"",""yes_price_dollars"":""0.6900""}"
KXETH15M-26APR280215-15,2210922b-58c0-74c8-5f04-58e7e7a4de29,1777356360,0.69,14.09,yes,"{""count_fp"":""14.09"",""created_time"":""2026-04-28T06:06:00.531061Z"",""no_price_dollars"":""0.3100"",""taker_side"":""yes"",""ticker"":""KXETH15M-26APR280215-15"",""trade_id"":""2210922b-58c0-74c8-5f04-58e7e7a4de29"",""yes_price_dollars"":""0.6900""}"
KXETH15M-26APR280215-15,f729a426-fa98-7610-fef8-9bbafd6cb6a9,1777356362,0.68,1.0,yes,"{""count_fp"":""1.00"",""created_time"":""2026-04-28T06:06:02.648779Z"",""no_price_dollars"":""0.3200"",""taker_side"":""yes"",""ticker"":""KXETH15M-26APR280215-15"",""trade_id"":""f729a426-fa98-7610-fef8-9bbafd6cb6a9"",""yes_price_dollars"":""0.6800""}"
KXETH15M-26APR280215-15,bc254775-9cc6-7dee-5f44-bc29764af60d,1777356362,0.65,1.0,no,"{""count_fp"":""1.00"",""created_time"":""2026-04-28T06:06:02.489698Z"",""no_price_dollars"":""0.3500"",""taker_side"":""no"",""ticker"":""KXETH15M-26APR280215-15"",""trade_id"":""bc254775-9cc6-7dee-5f44-bc29764af60d"",""yes_price_dollars"":""0.6500""}"
KXETH15M-26APR280215-15,f93ad9ed-1f04-5a77-eb41-72b1a7f78b72,1777356364,0.64,10.0,no,"{""count_fp"":""10.00"",""created_time"":""2026-04-28T06:06:04.675354Z"",""no_price_dollars"":""0.3600"",""taker_side"":""no"",""ticker"":""KXETH15M-26APR280215-15"",""trade_id"":""f93ad9ed-1f04-5a77-eb41-72b1a7f78b72"",""yes_price_dollars"":""0.6400""}"
KXETH15M-26APR280215-15,32801088-0683-5911-f58a-ba3bccd9e05c,1777356364,0.64,2.94,no,"{""count_fp"":""2.94"",""created_time"":""2026-04-28T06:06:04.675354Z"",""no_price_dollars"":""0.3600"",""taker_side"":""no"",""ticker"":""KXETH15M-26APR280215-15"",""trade_id"":""32801088-0683-5911-f58a-ba3bccd9e05c"",""yes_price_dollars"":""0.6400""}"
KXETH15M-26APR280215-15,af59ac65-36af-5435-d6ad-e2e2a8ac8fa8,1777356365,0.63,10.0,no,"{""count_fp"":""10.00"",""created_time"":""2026-04-28T06:06:05.806202Z"",""no_price_dollars"":""0.3700"",""taker_side"":""no"",""ticker"":""KXETH15M-26APR280215-15"",""trade_id"":""af59ac65-36af-5435-d6ad-e2e2a8ac8fa8"",""yes_price_dollars"":""0.6300""}"
KXETH15M-26APR280215-15,0cad2844-39fc-7434-50ae-79f32affac1d,1777356370,0.6,1.59,yes,"{""count_fp"":""1.59"",""created_time"":""2026-04-28T06:06:10.806579Z"",""no_price_dollars"":""0.4000"",""taker_side"":""yes"",""ticker"":""KXETH15M-26APR280215-15"",""trade_id"":""0cad2844-39fc-7434-50ae-79f32affac1d"",""yes_price_dollars"":""0.6000""}"
KXETH15M-26APR280215-15,b0853cec-4994-5253-52a6-e4d7dc862d4a,1777356370,0.59,10.0,no,"{""count_fp"":""10.00"",""created_time"":""2026-04-28T06:06:10.671871Z"",""no_price_dollars"":""0.4100"",""taker_side"":""no"",""ticker"":""KXETH15M-26APR280215-15"",""trade_id"":""b0853cec-4994-5253-52a6-e4d7dc862d4a"",""yes_price_dollars"":""0.5900""}"
KXETH15M-26APR280215-15,425b2980-241e-5604-5ea9-2e9b80856ceb,1777356370,0.59,1.0,no,"{""count_fp"":""1.00"",""created_time"":""2026-04-28T06:06:10.671871Z"",""no_price_dollars"":""0.4100"",""taker_side"":""no"",""ticker"":""KXETH15M-26APR280215-15"",""trade_id"":""425b2980-241e-5604-5ea9-2e9b80856ceb"",""yes_price_dollars"":""0.5900""}"
KXETH15M-26APR280215-15,48ee7cf2-2b98-7926-0f1e-9999c5df133d,1777356372,0.56,231.0,no,"{""count_fp"":""231.00"",""created_time"":""2026-04-28T06:06:12.730889Z"",""no_price_dollars"":""0.4400"",""taker_side"":""no"",""ticker"":""KXETH15M-26APR280215-15"",""trade_id"":""48ee7cf2-2b98-7926-0f1e-9999c5df133d"",""yes_price_dollars"":""0.5600""}"
KXETH15M-26APR280215-15,b77ee855-a955-414c-6475-a52982e9ee0c,1777356373,0.57,10.0,yes,"{""count_fp"":""10.00"",""created_time"":""2026-04-28T06:06:13.623957Z"",""no_price_dollars"":""0.4300"",""taker_side"":""yes"",""ticker"":""KXETH15M-26APR280215-15"",""trade_id"":""b77ee855-a955-414c-6475-a52982e9ee0c"",""yes_price_dollars"":""0.5700""}"
KXETH15M-26APR280215-15,b22a689d-531f-52d2-8c2d-1478052b4ce0,1777356376,0.55,10.0,no,"{""count_fp"":""10.00"",""created_time"":""2026-04-28T06:06:16.761452Z"",""no_price_dollars"":""0.4500"",""taker_side"":""no"",""ticker"":""KXETH15M-26APR280215-15"",""trade_id"":""b22a689d-531f-52d2-8c2d-1478052b4ce0"",""yes_price_dollars"":""0.5500""}"
KXETH15M-26APR280215-15,82c15b08-05e3-52a0-b8dd-cefdcdd8deeb,1777356376,0.55,5.0,no,"{""count_fp"":""5.00"",""created_time"":""2026-04-28T06:06:16.761452Z"",""no_price_dollars"":""0.4500"",""taker_side"":""no"",""ticker"":""KXETH15M-26APR280215-15"",""trade_id"":""82c15b08-05e3-52a0-b8dd-cefdcdd8deeb"",""yes_price_dollars"":""0.5500""}"
KXETH15M-26APR280215-15,76e0daec-a3b7-6ffa-b590-56667d67e62a,1777356376,0.56,10.0,no,"{""count_fp"":""10.00"",""created_time"":""2026-04-28T06:06:16.160955Z"",""no_price_dollars"":""0.4400"",""taker_side"":""no"",""ticker"":""KXETH15M-26APR280215-15"",""trade_id"":""76e0daec-a3b7-6ffa-b590-56667d67e62a"",""yes_price_dollars"":""0.5600""}"
KXETH15M-26APR280215-15,64c657ac-6764-6718-8991-0131f03f1f65,1777356376,0.59,1.0,no,"{""count_fp"":""1.00"",""created_time"":""2026-04-28T06:06:16.160955Z"",""no_price_dollars"":""0.4100"",""taker_side"":""no"",""ticker"":""KXETH15M-26APR280215-15"",""trade_id"":""64c657ac-6764-6718-8991-0131f03f1f65"",""yes_price_dollars"":""0.5900""}"
KXETH15M-26APR280215-15,c45ce82f-f8f8-6710-8df5-f74b916c4b3d,1777356376,0.6,16.21,yes,"{""count_fp"":""16.21"",""created_time"":""2026-04-28T06:06:16.021134Z"",""no_price_dollars"":""0.4000"",""taker_side"":""yes"",""ticker"":""KXETH15M-26APR280215-15"",""trade_id"":""c45ce82f-f8f8-6710-8df5-f74b916c4b3d"",""yes_price_dollars"":""0.6000""}"
KXETH15M-26APR280215-15,da502138-92f4-6f4c-8cd4-1dc5d8d62c31,1777356379,0.54,1.0,yes,"{""count_fp"":""1.00"",""created_time"":""2026-04-28T06:06:19.399747Z"",""no_price_dollars"":""0.4600"",""taker_side"":""yes"",""ticker"":""KXETH15M-26APR280215-15"",""trade_id"":""da502138-92f4-6f4c-8cd4-1dc5d8d62c31"",""yes_price_dollars"":""0.5400""}"
KXETH15M-26APR280215-15,bb8a6fbe-ae4c-44ad-849e-3c4132808247,1777356381,0.51,7.21,no,"{""count_fp"":""7.21"",""created_time"":""2026-04-28T06:06:21.149934Z"",""no_price_dollars"":""0.4900"",""taker_side"":""no"",""ticker"":""KXETH15M-26APR280215-15"",""trade_id"":""bb8a6fbe-ae4c-44ad-849e-3c4132808247"",""yes_price_dollars"":""0.5100""}"
KXETH15M-26APR280215-15,aab154c5-6646-4773-8c88-3b1db1179f08,1777356381,0.51,5.0,no,"{""count_fp"":""5.00"",""created_time"":""2026-04-28T06:06:21.149934Z"",""no_price_dollars"":""0.4900"",""taker_side"":""no"",""ticker"":""KXETH15M-26APR280215-15"",""trade_id"":""aab154c5-6646-4773-8c88-3b1db1179f08"",""yes_price_dollars"":""0.5100""}"
KXETH15M-26APR280215-15,94db172f-5f87-46e2-ab5f-d795ed5bce5b,1777356381,0.52,6.0,no,"{""count_fp"":""6.00"",""created_time"":""2026-04-28T06:06:21.149934Z"",""no_price_dollars"":""0.4800"",""taker_side"":""no"",""ticker"":""KXETH15M-26APR280215-15"",""trade_id"":""94db172f-5f87-46e2-ab5f-d795ed5bce5b"",""yes_price_dollars"":""0.5200""}"
KXETH15M-26APR280215-15,21bb271b-06d8-4e67-909e-b8891ea5f184,1777356381,0.51,1.0,no,"{""count_fp"":""1.00"",""created_time"":""2026-04-28T06:06:21.149934Z"",""no_price_dollars"":""0.4900"",""taker_side"":""no"",""ticker"":""KXETH15M-26APR280215-15"",""trade_id"":""21bb271b-06d8-4e67-909e-b8891ea5f184"",""yes_price_dollars"":""0.5100""}"
KXETH15M-26APR280215-15,a0641c1d-7e80-5c38-a365-befedc801e00,1777356383,0.53,10.0,yes,"{""count_fp"":""10.00"",""created_time"":""2026-04-28T06:06:23.471176Z"",""no_price_dollars"":""0.4700"",""taker_side"":""yes"",""ticker"":""KXETH15M-26APR280215-15"",""trade_id"":""a0641c1d-7e80-5c38-a365-befedc801e00"",""yes_price_dollars"":""0.5300""}"
KXETH15M-26APR280215-15,740e5c5f-5a25-54f5-b7ae-022467da49d0,1777356383,0.53,8.26,yes,"{""count_fp"":""8.26"",""created_time"":""2026-04-28T06:06:23.471176Z"",""no_price_dollars"":""0.4700"",""taker_side"":""yes"",""ticker"":""KXETH15M-26APR280215-15"",""trade_id"":""740e5c5f-5a25-54f5-b7ae-022467da49d0"",""yes_price_dollars"":""0.5300""}"
KXETH15M-26APR280215-15,8d8f291f-7818-77b1-4271-49e39c330e51,1777356386,0.6,3.0,no,"{""count_fp"":""3.00"",""created_time"":""2026-04-28T06:06:26.542218Z"",""no_price_dollars"":""0.4000"",""taker_side"":""no"",""ticker"":""KXETH15M-26APR280215-15"",""trade_id"":""8d8f291f-7818-77b1-4271-49e39c330e51"",""yes_price_dollars"":""0.6000""}"
KXETH15M-26APR280215-15,89557112-7f2d-6112-44b0-4b66b1c5243c,1777356389,0.6,3.0,no,"{""count_fp"":""3.00"",""created_time"":""2026-04-28T06:06:29.007462Z"",""no_price_dollars"":""0.4000"",""taker_side"":""no"",""ticker"":""KXETH15M-26APR280215-15"",""trade_id"":""89557112-7f2d-6112-44b0-4b66b1c5243c"",""yes_price_dollars"":""0.6000""}"
KXETH15M-26APR280215-15,76d058eb-2511-532a-deaf-a34a6a3a0c6b,1777356390,0.62,3.0,yes,"{""count_fp"":""3.00"",""created_time"":""2026-04-28T06:06:30.768773Z"",""no_price_dollars"":""0.3800"",""taker_side"":""yes"",""ticker"":""KXETH15M-26APR280215-15"",""trade_id"":""76d058eb-2511-532a-deaf-a34a6a3a0c6b"",""yes_price_dollars"":""0.6200""}"
KXETH15M-26APR280215-15,db020c90-1fb6-4cfa-4523-1ad426d0b104,1777356392,0.61,1.0,yes,"{""count_fp"":""1.00"",""created_time"":""2026-04-28T06:06:32.080873Z"",""no_price_dollars"":""0.3900"",""taker_side"":""yes"",""ticker"":""KXETH15M-26APR280215-15"",""trade_id"":""db020c90-1fb6-4cfa-4523-1ad426d0b104"",""yes_price_dollars"":""0.6100""}"
KXETH15M-26APR280215-15,c1a0513f-9489-4632-689f-860c0c4fc02f,1777356392,0.62,10.0,yes,"{""count_fp"":""10.00"",""created_time"":""2026-04-28T06:06:32.080873Z"",""no_price_dollars"":""0.3800"",""taker_side"":""yes"",""ticker"":""KXETH15M-26APR280215-15"",""trade_id"":""c1a0513f-9489-4632-689f-860c0c4fc02f"",""yes_price_dollars"":""0.6200""}"
KXETH15M-26APR280215-15,2f33a124-7c2a-4ca2-54cf-a0ca382b3d2c,1777356392,0.63,4.61,yes,"{""count_fp"":""4.61"",""created_time"":""2026-04-28T06:06:32.080873Z"",""no_price_dollars"":""0.3700"",""taker_side"":""yes"",""ticker"":""KXETH15M-26APR280215-15"",""trade_id"":""2f33a124-7c2a-4ca2-54cf-a0ca382b3d2c"",""yes_price_dollars"":""0.6300""}"
KXETH15M-26APR280215-15,d49a7a49-20ee-5d77-ae42-64953fbb38c6,1777356394,0.6,1.0,yes,"{""count_fp"":""1.00"",""created_time"":""2026-04-28T06:06:34.191596Z"",""no_price_dollars"":""0.4000"",""taker_side"":""yes"",""ticker"":""KXETH15M-26APR280215-15"",""trade_id"":""d49a7a49-20ee-5d77-ae42-64953fbb38c6"",""yes_price_dollars"":""0.6000""}"
KXETH15M-26APR280215-15,67962ddc-4a50-58b4-da28-047661cff0dd,1777356397,0.63,6.0,yes,"{""count_fp"":""6.00"",""created_time"":""2026-04-28T06:06:37.499614Z"",""no_price_dollars"":""0.3700"",""taker_side"":""yes"",""ticker"":""KXETH15M-26APR280215-15"",""trade_id"":""67962ddc-4a50-58b4-da28-047661cff0dd"",""yes_price_dollars"":""0.6300""}"
KXETH15M-26APR280215-15,bc77b7a8-d209-7ba5-14e4-a3fadb7c8eeb,1777356400,0.59,1.0,no,"{""count_fp"":""1.00"",""created_time"":""2026-04-28T06:06:40.847826Z"",""no_price_dollars"":""0.4100"",""taker_side"":""no"",""ticker"":""KXETH15M-26APR280215-15"",""trade_id"":""bc77b7a8-d209-7ba5-14e4-a3fadb7c8eeb"",""yes_price_dollars"":""0.5900""}"
KXETH15M-26APR280215-15,cdfb8ab6-604c-43a1-d30a-a737712dce17,1777356403,0.57,33.73,no,"{""count_fp"":""33.73"",""created_time"":""2026-04-28T06:06:43.492556Z"",""no_price_dollars"":""0.4300"",""taker_side"":""no"",""ticker"":""KXETH15M-26APR280215-15"",""trade_id"":""cdfb8ab6-604c-43a1-d30a-a737712dce17"",""yes_price_dollars"":""0.5700""}"
KXETH15M-26APR280215-15,babdc48a-f8f7-4bd7-c907-cd905ce20fb5,1777356403,0.57,10.0,no,"{""count_fp"":""10.00"",""created_time"":""2026-04-28T06:06:43.492556Z"",""no_price_dollars"":""0.4300"",""taker_side"":""no"",""ticker"":""KXETH15M-26APR280215-15"",""trade_id"":""babdc48a-f8f7-4bd7-c907-cd905ce20fb5"",""yes_price_dollars"":""0.5700""}"
KXETH15M-26APR280215-15,e9f242bd-f486-4570-fc35-b0a3996eaf1a,1777356407,0.56,1.0,no,"{""count_fp"":""1.00"",""created_time"":""2026-04-28T06:06:47.743309Z"",""no_price_dollars"":""0.4400"",""taker_side"":""no"",""ticker"":""KXETH15M-26APR280215-15"",""trade_id"":""e9f242bd-f486-4570-fc35-b0a3996eaf1a"",""yes_price_dollars"":""0.5600""}"
KXETH15M-26APR280215-15,616905ea-e4ec-7c85-d880-fd879db24fd9,1777356414,0.56,10.0,no,"{""count_fp"":""10.00"",""created_time"":""2026-04-28T06:06:54.166912Z"",""no_price_dollars"":""0.4400"",""taker_side"":""no"",""ticker"":""KXETH15M-26APR280215-15"",""trade_id"":""616905ea-e4ec-7c85-d880-fd879db24fd9"",""yes_price_dollars"":""0.5600""}"
KXETH15M-26APR280215-15,32a8435c-61cc-4266-8ce4-f7d3d711173b,1777356419,0.55,4.29,no,"{""count_fp"":""4.29"",""created_time"":""2026-04-28T06:06:59.078011Z"",""no_price_dollars"":""0.4500"",""taker_side"":""no"",""ticker"":""KXETH15M-26APR280215-15"",""trade_id"":""32a8435c-61cc-4266-8ce4-f7d3d711173b"",""yes_price_dollars"":""0.5500""}"
KXETH15M-26APR280215-15,44e657d7-fcca-41f2-20a6-558825220b96,1777356423,0.52,10.0,yes,"{""count_fp"":""10.00"",""created_time"":""2026-04-28T06:07:03.839514Z"",""no_price_dollars"":""0.4800"",""taker_side"":""yes"",""ticker"":""KXETH15M-26APR280215-15"",""trade_id"":""44e657d7-fcca-41f2-20a6-558825220b96"",""yes_price_dollars"":""0.5200""}"
KXETH15M-26APR280215-15,3e139ef5-6e99-5947-bc22-0a44e1962e2f,1777356427,0.56,1.0,no,"{""count_fp"":""1.00"",""created_time"":""2026-04-28T06:07:07.447925Z"",""no_price_dollars"":""0.4400"",""taker_side"":""no"",""ticker"":""KXETH15M-26APR280215-15"",""trade_id"":""3e139ef5-6e99-5947-bc22-0a44e1962e2f"",""yes_price_dollars"":""0.5600""}"
KXETH15M-26APR280215-15,f48b9122-aa10-4108-b744-3ed4e8738d25,1777356428,0.61,6.08,yes,"{""count_fp"":""6.08"",""created_time"":""2026-04-28T06:07:08.026641Z"",""no_price_dollars"":""0.3900"",""taker_side"":""yes"",""ticker"":""KXETH15M-26APR280215-15"",""trade_id"":""f48b9122-aa10-4108-b744-3ed4e8738d25"",""yes_price_dollars"":""0.6100""}"
KXETH15M-26APR280215-15,e96d9f23-0f6a-49da-9894-8dfc6065cbbe,1777356428,0.6,10.0,yes,"{""count_fp"":""10.00"",""created_time"":""2026-04-28T06:07:08.026641Z"",""no_price_dollars"":""0.4000"",""taker_side"":""yes"",""ticker"":""KXETH15M-26APR280215-15"",""trade_id"":""e96d9f23-0f6a-49da-9894-8dfc6065cbbe"",""yes_price_dollars"":""0.6000""}"
KXETH15M-26APR280215-15,536a830c-b211-44a3-781e-679314b53f84,1777356429,0.57,2.18,no,"{""count_fp"":""2.18"",""created_time"":""2026-04-28T06:07:09.213369Z"",""no_price_dollars"":""0.4300"",""taker_side"":""no"",""ticker"":""KXETH15M-26APR280215-15"",""trade_id"":""536a830c-b211-44a3-781e-679314b53f84"",""yes_price_dollars"":""0.5700""}"
KXETH15M-26APR280215-15,f80b8fae-6412-67ce-9beb-92633fd7f36a,1777356430,0.58,1.0,no,"{""count_fp"":""1.00"",""created_time"":""2026-04-28T06:07:10.652965Z"",""no_price_dollars"":""0.4200"",""taker_side"":""no"",""ticker"":""KXETH15M-26APR280215-15"",""trade_id"":""f80b8fae-6412-67ce-9beb-92633fd7f36a"",""yes_price_dollars"":""0.5800""}"
KXETH15M-26APR280215-15,6941a8ee-1ccc-6a29-9ca4-4adcc3c97577,1777356430,0.58,1.0,no,"{""count_fp"":""1.00"",""created_time"":""2026-04-28T06:07:10.652965Z"",""no_price_dollars"":""0.4200"",""taker_side"":""no"",""ticker"":""KXETH15M-26APR280215-15"",""trade_id"":""6941a8ee-1ccc-6a29-9ca4-4adcc3c97577"",""yes_price_dollars"":""0.5800""}"
KXETH15M-26APR280215-15,c1e7c60c-8595-7268-569a-bf913b15b568,1777356436,0.61,0.62,yes,"{""count_fp"":""0.62"",""created_time"":""2026-04-28T06:07:16.656735Z"",""no_price_dollars"":""0.3900"",""taker_side"":""yes"",""ticker"":""KXETH15M-26APR280215-15"",""trade_id"":""c1e7c60c-8595-7268-569a-bf913b15b568"",""yes_price_dollars"":""0.6100""}"
KXETH15M-26APR280215-15,7ec3cb75-371b-7f41-5bef-c229b71a6c73,1777356436,0.59,1.0,yes,"{""count_fp"":""1.00"",""created_time"":""2026-04-28T06:07:16.656735Z"",""no_price_dollars"":""0.4100"",""taker_side"":""yes"",""ticker"":""KXETH15M-26APR280215-15"",""trade_id"":""7ec3cb75-371b-7f41-5bef-c229b71a6c73"",""yes_price_dollars"":""0.5900""}"
KXETH15M-26APR280215-15,433eafc5-dcc2-4642-b598-ff8f82ffe6bb,1777356436,0.6,10.0,yes,"{""count_fp"":""10.00"",""created_time"":""2026-04-28T06:07:16.067106Z"",""no_price_dollars"":""0.4000"",""taker_side"":""yes"",""ticker"":""KXETH15M-26APR280215-15"",""trade_id"":""433eafc5-dcc2-4642-b598-ff8f82ffe6bb"",""yes_price_dollars"":""0.6000""}"
KXETH15M-26APR280215-15,24e53716-e7b2-42dd-b78a-c01ab5cd3f60,1777356436,0.59,1.0,yes,"{""count_fp"":""1.00"",""created_time"":""2026-04-28T06:07:16.067106Z"",""no_price_dollars"":""0.4100"",""taker_side"":""yes"",""ticker"":""KXETH15M-26APR280215-15"",""trade_id"":""24e53716-e7b2-42dd-b78a-c01ab5cd3f60"",""yes_price_dollars"":""0.5900""}"
KXETH15M-26APR280215-15,1e955312-5dfd-4d1c-bb15-cd334596c4a0,1777356436,0.61,20.94,yes,"{""count_fp"":""20.94"",""created_time"":""2026-04-28T06:07:16.067106Z"",""no_price_dollars"":""0.3900"",""taker_side"":""yes"",""ticker"":""KXETH15M-26APR280215-15"",""trade_id"":""1e955312-5dfd-4d1c-bb15-cd334596c4a0"",""yes_price_dollars"":""0.6100""}"
KXETH15M-26APR280215-15,f4b6e7c0-954c-4176-9830-bb350397502b,1777356437,0.55,10.0,no,"{""count_fp"":""10.00"",""created_time"":""2026-04-28T06:07:17.329527Z"",""no_price_dollars"":""0.4500"",""taker_side"":""no"",""ticker"":""KXETH15M-26APR280215-15"",""trade_id"":""f4b6e7c0-954c-4176-9830-bb350397502b"",""yes_price_dollars"":""0.5500""}"
KXETH15M-26APR280215-15,d6299ac2-41f0-6891-0414-a2e05c559322,1777356437,0.58,10.0,no,"{""count_fp"":""10.00"",""created_time"":""2026-04-28T06:07:17.176464Z"",""no_price_dollars"":""0.4200"",""taker_side"":""no"",""ticker"":""KXETH15M-26APR280215-15"",""trade_id"":""d6299ac2-41f0-6891-0414-a2e05c559322"",""yes_price_dollars"":""0.5800""}"
KXETH15M-26APR280215-15,c27714d6-f0e5-52b8-b502-a499462de5e4,1777356438,0.55,6.85,yes,"{""count_fp"":""6.85"",""created_time"":""2026-04-28T06:07:18.234439Z"",""no_price_dollars"":""0.4500"",""taker_side"":""yes"",""ticker"":""KXETH15M-26APR280215-15"",""trade_id"":""c27714d6-f0e5-52b8-b502-a499462de5e4"",""yes_price_dollars"":""0.5500""}"
KXETH15M-26APR280215-15,977bd2c8-c56f-5820-9039-16d6102a1c46,1777356438,0.55,1.0,yes,"{""count_fp"":""1.00"",""created_time"":""2026-04-28T06:07:18.234439Z"",""no_price_dollars"":""0.4500"",""taker_side"":""yes"",""ticker"":""KXETH15M-26APR280215-15"",""trade_id"":""977bd2c8-c56f-5820-9039-16d6102a1c46"",""yes_price_dollars"":""0.5500""}"
KXETH15M-26APR280215-15,d0ab3ab5-aa1e-560f-e8d7-978b965343f9,1777356441,0.55,0.73,yes,"{""count_fp"":""0.73"",""created_time"":""2026-04-28T06:07:21.198283Z"",""no_price_dollars"":""0.4500"",""taker_side"":""yes"",""ticker"":""KXETH15M-26APR280215-15"",""trade_id"":""d0ab3ab5-aa1e-560f-e8d7-978b965343f9"",""yes_price_dollars"":""0.5500""}"
KXETH15M-26APR280215-15,c237fb82-d7fb-5ad5-fa5f-be97d9e12e8b,1777356441,0.55,1.0,yes,"{""count_fp"":""1.00"",""created_time"":""2026-04-28T06:07:21.198283Z"",""no_price_dollars"":""0.4500"",""taker_side"":""yes"",""ticker"":""KXETH15M-26APR280215-15"",""trade_id"":""c237fb82-d7fb-5ad5-fa5f-be97d9e12e8b"",""yes_price_dollars"":""0.5500""}"
KXETH15M-26APR280215-15,5afdc4a1-fead-6768-8338-1adf07d20c68,1777356448,0.55,3.0,no,"{""count_fp"":""3.00"",""created_time"":""2026-04-28T06:07:28.896839Z"",""no_price_dollars"":""0.4500"",""taker_side"":""no"",""ticker"":""KXETH15M-26APR280215-15"",""trade_id"":""5afdc4a1-fead-6768-8338-1adf07d20c68"",""yes_price_dollars"":""0.5500""}"
KXETH15M-26APR280215-15,d1be5db0-a3dc-78e5-d8fb-3e3438054e43,1777356450,0.56,1.0,no,"{""count_fp"":""1.00"",""created_time"":""2026-04-28T06:07:30.465751Z"",""no_price_dollars"":""0.4400"",""taker_side"":""no"",""ticker"":""KXETH15M-26APR280215-15"",""trade_id"":""d1be5db0-a3dc-78e5-d8fb-3e3438054e43"",""yes_price_dollars"":""0.5600""}"
KXETH15M-26APR280215-15,86475d49-0916-7f11-d40d-7476a3cf4368,1777356450,0.57,1.0,no,"{""count_fp"":""1.00"",""created_time"":""2026-04-28T06:07:30.465751Z"",""no_price_dollars"":""0.4300"",""taker_side"":""no"",""ticker"":""KXETH15M-26APR280215-15"",""trade_id"":""86475d49-0916-7f11-d40d-7476a3cf4368"",""yes_price_dollars"":""0.5700""}"
KXETH15M-26APR280215-15,7cf7dbdb-fc27-6e78-5d33-9d08b4a53485,1777356451,0.57,1.0,yes,"{""count_fp"":""1.00"",""created_time"":""2026-04-28T06:07:31.863764Z"",""no_price_dollars"":""0.4300"",""taker_side"":""yes"",""ticker"":""KXETH15M-26APR280215-15"",""trade_id"":""7cf7dbdb-fc27-6e78-5d33-9d08b4a53485"",""yes_price_dollars"":""0.5700""}"
KXETH15M-26APR280215-15,36004e28-c0e5-62bb-8c00-e1b1707ab6c2,1777356452,0.56,10.0,no,"{""count_fp"":""10.00"",""created_time"":""2026-04-28T06:07:32.115033Z"",""no_price_dollars"":""0.4400"",""taker_side"":""no"",""ticker"":""KXETH15M-26APR280215-15"",""trade_id"":""36004e28-c0e5-62bb-8c00-e1b1707ab6c2"",""yes_price_dollars"":""0.5600""}"
KXETH15M-26APR280215-15,4dd034b6-f49f-66c5-e5ee-06a8f2e4ec60,1777356453,0.6,10.0,yes,"{""count_fp"":""10.00"",""created_time"":""2026-04-28T06:07:33.238277Z"",""no_price_dollars"":""0.4000"",""taker_side"":""yes"",""ticker"":""KXETH15M-26APR280215-15"",""trade_id"":""4dd034b6-f49f-66c5-e5ee-06a8f2e4ec60"",""yes_price_dollars"":""0.6000""}"
KXETH15M-26APR280215-15,fad0e2d3-478a-4395-b121-4521be0a1c11,1777356453,0.57,10.0,yes,"{""count_fp"":""10.00"",""created_time"":""2026-04-28T06:07:33.115654Z"",""no_price_dollars"":""0.4300"",""taker_side"":""yes"",""ticker"":""KXETH15M-26APR280215-15"",""trade_id"":""fad0e2d3-478a-4395-b121-4521be0a1c11"",""yes_price_dollars"":""0.5700""}"
KXETH15M-26APR280215-15,400fcc5d-1a25-5238-f820-4ce1886e2dfa,1777356453,0.56,0.31,yes,"{""count_fp"":""0.31"",""created_time"":""2026-04-28T06:07:33.100361Z"",""no_price_dollars"":""0.4400"",""taker_side"":""yes"",""ticker"":""KXETH15M-26APR280215-15"",""trade_id"":""400fcc5d-1a25-5238-f820-4ce1886e2dfa"",""yes_price_dollars"":""0.5600""}"
KXETH15M-26APR280215-15,7836aa9e-5f3f-57af-d6fe-88ef86430d60,1777356455,0.65,20.51,no,"{""count_fp"":""20.51"",""created_time"":""2026-04-28T06:07:35.180793Z"",""no_price_dollars"":""0.3500"",""taker_side"":""no"",""ticker"":""KXETH15M-26APR280215-15"",""trade_id"":""7836aa9e-5f3f-57af-d6fe-88ef86430d60"",""yes_price_dollars"":""0.6500""}"
KXETH15M-26APR280215-15,c388dcf9-b895-7bd9-33f2-59435ac5e42b,1777356459,0.64,2.58,no,"{""count_fp"":""2.58"",""created_time"":""2026-04-28T06:07:39.276755Z"",""no_price_dollars"":""0.3600"",""taker_side"":""no"",""ticker"":""KXETH15M-26APR280215-15"",""trade_id"":""c388dcf9-b895-7bd9-33f2-59435ac5e42b"",""yes_price_dollars"":""0.6400""}"
KXETH15M-26APR280215-15,7c47eae7-4288-4b85-c185-cf5b110b44b2,1777356461,0.65,10.0,no,"{""count_fp"":""10.00"",""created_time"":""2026-04-28T06:07:41.467943Z"",""no_price_dollars"":""0.3500"",""taker_side"":""no"",""ticker"":""KXETH15M-26APR280215-15"",""trade_id"":""7c47eae7-4288-4b85-c185-cf5b110b44b2"",""yes_price_dollars"":""0.6500""}"
KXETH15M-26APR280215-15,b98cbb0d-3e72-4cd0-b7bf-4684389b1fd7,1777356462,0.61,1.0,yes,"{""count_fp"":""1.00"",""created_time"":""2026-04-28T06:07:42.647538Z"",""no_price_dollars"":""0.3900"",""taker_side"":""yes"",""ticker"":""KXETH15M-26APR280215-15"",""trade_id"":""b98cbb0d-3e72-4cd0-b7bf-4684389b1fd7"",""yes_price_dollars"":""0.6100""}"
KXETH15M-26APR280215-15,246c1528-9ba3-59f1-d67d-6dd57a368924,1777356464,0.64,4.29,yes,"{""count_fp"":""4.29"",""created_time"":""2026-04-28T06:07:44.295572Z"",""no_price_dollars"":""0.3600"",""taker_side"":""yes"",""ticker"":""KXETH15M-26APR280215-15"",""trade_id"":""246c1528-9ba3-59f1-d67d-6dd57a368924"",""yes_price_dollars"":""0.6400""}"
KXETH15M-26APR280215-15,ae5d88b3-5e5c-6a2c-bd52-9e13031007d1,1777356468,0.68,199.23,yes,"{""count_fp"":""199.23"",""created_time"":""2026-04-28T06:07:48.849576Z"",""no_price_dollars"":""0.3200"",""taker_side"":""yes"",""ticker"":""KXETH15M-26APR280215-15"",""trade_id"":""ae5d88b3-5e5c-6a2c-bd52-9e13031007d1"",""yes_price_dollars"":""0.6800""}"
