ticker,trade_id,ts,yes_price,count,taker_side,raw_json
KXETH15M-26APR281145-45,7ef5f1d0-1c3b-5ff5-e70f-7d4ef5f3e6d7,1777390212,0.55,35.0,yes,"{""count_fp"":""35.00"",""created_time"":""2026-04-28T15:30:12.342687Z"",""no_price_dollars"":""0.4500"",""taker_side"":""yes"",""ticker"":""KXETH15M-26APR281145-45"",""trade_id"":""7ef5f1d0-1c3b-5ff5-e70f-7d4ef5f3e6d7"",""yes_price_dollars"":""0.5500""}"
KXETH15M-26APR281145-45,58038296-e2ca-7d82-6317-f3208720442b,1777390212,0.5,1.0,no,"{""count_fp"":""1.00"",""created_time"":""2026-04-28T15:30:12.194771Z"",""no_price_dollars"":""0.5000"",""taker_side"":""no"",""ticker"":""KXETH15M-26APR281145-45"",""trade_id"":""58038296-e2ca-7d82-6317-f3208720442b"",""yes_price_dollars"":""0.5000""}"
KXETH15M-26APR281145-45,bb48893f-c25f-69f5-4c40-6085f04fe11b,1777390213,0.53,1.7,yes,"{""count_fp"":""1.70"",""created_time"":""2026-04-28T15:30:13.685808Z"",""no_price_dollars"":""0.4700"",""taker_side"":""yes"",""ticker"":""KXETH15M-26APR281145-45"",""trade_id"":""bb48893f-c25f-69f5-4c40-6085f04fe11b"",""yes_price_dollars"":""0.5300""}"
KXETH15M-26APR281145-45,ddacf95b-ea6e-7ba8-b87e-0079227c9545,1777390216,0.5,1.0,yes,"{""count_fp"":""1.00"",""created_time"":""2026-04-28T15:30:16.862166Z"",""no_price_dollars"":""0.5000"",""taker_side"":""yes"",""ticker"":""KXETH15M-26APR281145-45"",""trade_id"":""ddacf95b-ea6e-7ba8-b87e-0079227c9545"",""yes_price_dollars"":""0.5000""}"
KXETH15M-26APR281145-45,ff65dc60-d3f7-5049-338c-b5455c5d7577,1777390218,0.54,69.81,yes,"{""count_fp"":""69.81"",""created_time"":""2026-04-28T15:30:18.225833Z"",""no_price_dollars"":""0.4600"",""taker_side"":""yes"",""ticker"":""KXETH15M-26APR281145-45"",""trade_id"":""ff65dc60-d3f7-5049-338c-b5455c5d7577"",""yes_price_dollars"":""0.5400""}"
KXETH15M-26APR281145-45,d66fb9d8-7972-548d-304a-bcc5c0ceecd0,1777390218,0.52,10.0,yes,"{""count_fp"":""10.00"",""created_time"":""2026-04-28T15:30:18.225833Z"",""no_price_dollars"":""0.4800"",""taker_side"":""yes"",""ticker"":""KXETH15M-26APR281145-45"",""trade_id"":""d66fb9d8-7972-548d-304a-bcc5c0ceecd0"",""yes_price_dollars"":""0.5200""}"
KXETH15M-26APR281145-45,bbe01e13-a1f0-5d35-1fdd-02d1a88d8253,1777390218,0.5,1.0,yes,"{""count_fp"":""1.00"",""created_time"":""2026-04-28T15:30:18.225833Z"",""no_price_dollars"":""0.5000"",""taker_side"":""yes"",""ticker"":""KXETH15M-26APR281145-45"",""trade_id"":""bbe01e13-a1f0-5d35-1fdd-02d1a88d8253"",""yes_price_dollars"":""0.5000""}"
KXETH15M-26APR281145-45,b7a081ba-b0a2-5354-151c-d515d3b42335,1777390218,0.5,2.0,yes,"{""count_fp"":""2.00"",""created_time"":""2026-04-28T15:30:18.225833Z"",""no_price_dollars"":""0.5000"",""taker_side"":""yes"",""ticker"":""KXETH15M-26APR281145-45"",""trade_id"":""b7a081ba-b0a2-5354-151c-d515d3b42335"",""yes_price_dollars"":""0.5000""}"
KXETH15M-26APR281145-45,3be725c3-7b01-546f-1ab5-cb687fc0a182,1777390218,0.52,100.0,yes,"{""count_fp"":""100.00"",""created_time"":""2026-04-28T15:30:18.225833Z"",""no_price_dollars"":""0.4800"",""taker_side"":""yes"",""ticker"":""KXETH15M-26APR281145-45"",""trade_id"":""3be725c3-7b01-546f-1ab5-cb687fc0a182"",""yes_price_dollars"":""0.5200""}"
KXETH15M-26APR281145-45,e99ed89c-59f9-4d7e-2f5b-0e7ba1b62e62,1777390225,0.47,3.3,yes,"{""count_fp"":""3.30"",""created_time"":""2026-04-28T15:30:25.808553Z"",""no_price_dollars"":""0.5300"",""taker_side"":""yes"",""ticker"":""KXETH15M-26APR281145-45"",""trade_id"":""e99ed89c-59f9-4d7e-2f5b-0e7ba1b62e62"",""yes_price_dollars"":""0.4700""}"
KXETH15M-26APR281145-45,bfa40817-8bf3-4799-2522-c138c5b5052f,1777390225,0.44,5.0,yes,"{""count_fp"":""5.00"",""created_time"":""2026-04-28T15:30:25.808553Z"",""no_price_dollars"":""0.5600"",""taker_side"":""yes"",""ticker"":""KXETH15M-26APR281145-45"",""trade_id"":""bfa40817-8bf3-4799-2522-c138c5b5052f"",""yes_price_dollars"":""0.4400""}"
KXETH15M-26APR281145-45,4b0efc63-4917-5b09-d8d1-81b317e4ba03,1777390226,0.48,10.05,yes,"{""count_fp"":""10.05"",""created_time"":""2026-04-28T15:30:26.346346Z"",""no_price_dollars"":""0.5200"",""taker_side"":""yes"",""ticker"":""KXETH15M-26APR281145-45"",""trade_id"":""4b0efc63-4917-5b09-d8d1-81b317e4ba03"",""yes_price_dollars"":""0.4800""}"
KXETH15M-26APR281145-45,8da74f7a-337d-462e-9e11-0696d7eca242,1777390228,0.47,16.0,yes,"{""count_fp"":""16.00"",""created_time"":""2026-04-28T15:30:28.218911Z"",""no_price_dollars"":""0.5300"",""taker_side"":""yes"",""ticker"":""KXETH15M-26APR281145-45"",""trade_id"":""8da74f7a-337d-462e-9e11-0696d7eca242"",""yes_price_dollars"":""0.4700""}"
KXETH15M-26APR281145-45,870c85a3-9002-75e3-1c9b-189db3743567,1777390229,0.43,10.0,no,"{""count_fp"":""10.00"",""created_time"":""2026-04-28T15:30:29.117759Z"",""no_price_dollars"":""0.5700"",""taker_side"":""no"",""ticker"":""KXETH15M-26APR281145-45"",""trade_id"":""870c85a3-9002-75e3-1c9b-189db3743567"",""yes_price_dollars"":""0.4300""}"
KXETH15M-26APR281145-45,687726dc-cb6c-7f67-1d23-2fdca072c9f4,1777390229,0.42,32.02,no,"{""count_fp"":""32.02"",""created_time"":""2026-04-28T15:30:29.117759Z"",""no_price_dollars"":""0.5800"",""taker_side"":""no"",""ticker"":""KXETH15M-26APR281145-45"",""trade_id"":""687726dc-cb6c-7f67-1d23-2fdca072c9f4"",""yes_price_dollars"":""0.4200""}"
KXETH15M-26APR281145-45,40ada174-e426-7658-e516-e6721ec4db0f,1777390230,0.42,5.0,no,"{""count_fp"":""5.00"",""created_time"":""2026-04-28T15:30:30.822129Z"",""no_price_dollars"":""0.5800"",""taker_side"":""no"",""ticker"":""KXETH15M-26APR281145-45"",""trade_id"":""40ada174-e426-7658-e516-e6721ec4db0f"",""yes_price_dollars"":""0.4200""}"
KXETH15M-26APR281145-45,fdb50a8b-32e0-66bb-b805-1cccb22c2968,1777390236,0.4,107.81,no,"{""count_fp"":""107.81"",""created_time"":""2026-04-28T15:30:36.934881Z"",""no_price_dollars"":""0.6000"",""taker_side"":""no"",""ticker"":""KXETH15M-26APR281145-45"",""trade_id"":""fdb50a8b-32e0-66bb-b805-1cccb22c2968"",""yes_price_dollars"":""0.4000""}"
KXETH15M-26APR281145-45,ed3d3d92-650d-6011-83fb-2e63876af19b,1777390236,0.41,70.0,no,"{""count_fp"":""70.00"",""created_time"":""2026-04-28T15:30:36.934881Z"",""no_price_dollars"":""0.5900"",""taker_side"":""no"",""ticker"":""KXETH15M-26APR281145-45"",""trade_id"":""ed3d3d92-650d-6011-83fb-2e63876af19b"",""yes_price_dollars"":""0.4100""}"
KXETH15M-26APR281145-45,5ff3652d-13de-67c1-ba56-d30ae74bff9c,1777390236,0.4,5.0,no,"{""count_fp"":""5.00"",""created_time"":""2026-04-28T15:30:36.934881Z"",""no_price_dollars"":""0.6000"",""taker_side"":""no"",""ticker"":""KXETH15M-26APR281145-45"",""trade_id"":""5ff3652d-13de-67c1-ba56-d30ae74bff9c"",""yes_price_dollars"":""0.4000""}"
KXETH15M-26APR281145-45,6e81a55f-cc4c-538f-2ff2-6fcb5f0451f4,1777390242,0.37,15.39,no,"{""count_fp"":""15.39"",""created_time"":""2026-04-28T15:30:42.912709Z"",""no_price_dollars"":""0.6300"",""taker_side"":""no"",""ticker"":""KXETH15M-26APR281145-45"",""trade_id"":""6e81a55f-cc4c-538f-2ff2-6fcb5f0451f4"",""yes_price_dollars"":""0.3700""}"
KXETH15M-26APR281145-45,05cfe13f-aefe-4be4-8b30-69790bf9e86b,1777390242,0.38,8.3,no,"{""count_fp"":""8.30"",""created_time"":""2026-04-28T15:30:42.462908Z"",""no_price_dollars"":""0.6200"",""taker_side"":""no"",""ticker"":""KXETH15M-26APR281145-45"",""trade_id"":""05cfe13f-aefe-4be4-8b30-69790bf9e86b"",""yes_price_dollars"":""0.3800""}"
KXETH15M-26APR281145-45,d5cf02cc-d62d-4b28-687b-72647820677f,1777390247,0.33,100.0,no,"{""count_fp"":""100.00"",""created_time"":""2026-04-28T15:30:47.555941Z"",""no_price_dollars"":""0.6700"",""taker_side"":""no"",""ticker"":""KXETH15M-26APR281145-45"",""trade_id"":""d5cf02cc-d62d-4b28-687b-72647820677f"",""yes_price_dollars"":""0.3300""}"
KXETH15M-26APR281145-45,6d321fc5-5e74-4917-53e4-3be9a6454dbc,1777390247,0.35,14.0,no,"{""count_fp"":""14.00"",""created_time"":""2026-04-28T15:30:47.555941Z"",""no_price_dollars"":""0.6500"",""taker_side"":""no"",""ticker"":""KXETH15M-26APR281145-45"",""trade_id"":""6d321fc5-5e74-4917-53e4-3be9a6454dbc"",""yes_price_dollars"":""0.3500""}"
KXETH15M-26APR281145-45,56605df7-9b0e-49c4-7065-c631c85e9c8f,1777390247,0.33,10.0,no,"{""count_fp"":""10.00"",""created_time"":""2026-04-28T15:30:47.555941Z"",""no_price_dollars"":""0.6700"",""taker_side"":""no"",""ticker"":""KXETH15M-26APR281145-45"",""trade_id"":""56605df7-9b0e-49c4-7065-c631c85e9c8f"",""yes_price_dollars"":""0.3300""}"
KXETH15M-26APR281145-45,2d001b91-559c-4ab3-4eaf-8964bfb32684,1777390247,0.32,165.78,no,"{""count_fp"":""165.78"",""created_time"":""2026-04-28T15:30:47.555941Z"",""no_price_dollars"":""0.6800"",""taker_side"":""no"",""ticker"":""KXETH15M-26APR281145-45"",""trade_id"":""2d001b91-559c-4ab3-4eaf-8964bfb32684"",""yes_price_dollars"":""0.3200""}"
KXETH15M-26APR281145-45,e78ae88f-ca79-7106-d4d3-759b28219882,1777390248,0.35,21.0,yes,"{""count_fp"":""21.00"",""created_time"":""2026-04-28T15:30:48.293931Z"",""no_price_dollars"":""0.6500"",""taker_side"":""yes"",""ticker"":""KXETH15M-26APR281145-45"",""trade_id"":""e78ae88f-ca79-7106-d4d3-759b28219882"",""yes_price_dollars"":""0.3500""}"
KXETH15M-26APR281145-45,513915a2-d74a-55ed-6d99-ef6744e42b1b,1777390250,0.36,6.0,yes,"{""count_fp"":""6.00"",""created_time"":""2026-04-28T15:30:50.981369Z"",""no_price_dollars"":""0.6400"",""taker_side"":""yes"",""ticker"":""KXETH15M-26APR281145-45"",""trade_id"":""513915a2-d74a-55ed-6d99-ef6744e42b1b"",""yes_price_dollars"":""0.3600""}"
KXETH15M-26APR281145-45,cf195626-8ed3-753f-72ae-5aa94d6fa8a4,1777390254,0.34,5.0,no,"{""count_fp"":""5.00"",""created_time"":""2026-04-28T15:30:54.834267Z"",""no_price_dollars"":""0.6600"",""taker_side"":""no"",""ticker"":""KXETH15M-26APR281145-45"",""trade_id"":""cf195626-8ed3-753f-72ae-5aa94d6fa8a4"",""yes_price_dollars"":""0.3400""}"
KXETH15M-26APR281145-45,c8d726ea-b3a1-74e1-7cb8-8cdc45a44d01,1777390254,0.34,10.0,no,"{""count_fp"":""10.00"",""created_time"":""2026-04-28T15:30:54.834267Z"",""no_price_dollars"":""0.6600"",""taker_side"":""no"",""ticker"":""KXETH15M-26APR281145-45"",""trade_id"":""c8d726ea-b3a1-74e1-7cb8-8cdc45a44d01"",""yes_price_dollars"":""0.3400""}"
KXETH15M-26APR281145-45,65ba42f3-c0ff-7b03-5af6-bfbe2655395a,1777390254,0.36,1.0,no,"{""count_fp"":""1.00"",""created_time"":""2026-04-28T15:30:54.834267Z"",""no_price_dollars"":""0.6400"",""taker_side"":""no"",""ticker"":""KXETH15M-26APR281145-45"",""trade_id"":""65ba42f3-c0ff-7b03-5af6-bfbe2655395a"",""yes_price_dollars"":""0.3600""}"
KXETH15M-26APR281145-45,01158674-2ef0-7c3f-74ed-085cae38e92c,1777390254,0.33,22.17,no,"{""count_fp"":""22.17"",""created_time"":""2026-04-28T15:30:54.834267Z"",""no_price_dollars"":""0.6700"",""taker_side"":""no"",""ticker"":""KXETH15M-26APR281145-45"",""trade_id"":""01158674-2ef0-7c3f-74ed-085cae38e92c"",""yes_price_dollars"":""0.3300""}"
KXETH15M-26APR281145-45,a51b1deb-8f01-6e2e-4e87-041da4778f2a,1777390256,0.37,20.17,yes,"{""count_fp"":""20.17"",""created_time"":""2026-04-28T15:30:56.044588Z"",""no_price_dollars"":""0.6300"",""taker_side"":""yes"",""ticker"":""KXETH15M-26APR281145-45"",""trade_id"":""a51b1deb-8f01-6e2e-4e87-041da4778f2a"",""yes_price_dollars"":""0.3700""}"
KXETH15M-26APR281145-45,1907bdde-074c-53b7-aefd-dfc6a0d507e4,1777390257,0.33,143.19,no,"{""count_fp"":""143.19"",""created_time"":""2026-04-28T15:30:57.108926Z"",""no_price_dollars"":""0.6700"",""taker_side"":""no"",""ticker"":""KXETH15M-26APR281145-45"",""trade_id"":""1907bdde-074c-53b7-aefd-dfc6a0d507e4"",""yes_price_dollars"":""0.3300""}"
KXETH15M-26APR281145-45,c686268f-b0d5-7827-a4c3-f4651c6e7897,1777390257,0.36,7.61,yes,"{""count_fp"":""7.61"",""created_time"":""2026-04-28T15:30:57.101962Z"",""no_price_dollars"":""0.6400"",""taker_side"":""yes"",""ticker"":""KXETH15M-26APR281145-45"",""trade_id"":""c686268f-b0d5-7827-a4c3-f4651c6e7897"",""yes_price_dollars"":""0.3600""}"
KXETH15M-26APR281145-45,9d9821d8-9253-7092-b0c6-8f57ca4a357a,1777390257,0.34,5.0,yes,"{""count_fp"":""5.00"",""created_time"":""2026-04-28T15:30:57.101962Z"",""no_price_dollars"":""0.6600"",""taker_side"":""yes"",""ticker"":""KXETH15M-26APR281145-45"",""trade_id"":""9d9821d8-9253-7092-b0c6-8f57ca4a357a"",""yes_price_dollars"":""0.3400""}"
KXETH15M-26APR281145-45,d847d3e9-e683-4661-623b-61afdf4058fe,1777390261,0.35,3.0,no,"{""count_fp"":""3.00"",""created_time"":""2026-04-28T15:31:01.137825Z"",""no_price_dollars"":""0.6500"",""taker_side"":""no"",""ticker"":""KXETH15M-26APR281145-45"",""trade_id"":""d847d3e9-e683-4661-623b-61afdf4058fe"",""yes_price_dollars"":""0.3500""}"
KXETH15M-26APR281145-45,6faeaac2-2112-6498-403d-60501c06687b,1777390267,0.34,1.0,no,"{""count_fp"":""1.00"",""created_time"":""2026-04-28T15:31:07.291891Z"",""no_price_dollars"":""0.6600"",""taker_side"":""no"",""ticker"":""KXETH15M-26APR281145-45"",""trade_id"":""6faeaac2-2112-6498-403d-60501c06687b"",""yes_price_dollars"":""0.3400""}"
KXETH15M-26APR281145-45,bc8067ae-765c-7914-6273-9b3e3fe489a8,1777390268,0.35,1.36,yes,"{""count_fp"":""1.36"",""created_time"":""2026-04-28T15:31:08.709734Z"",""no_price_dollars"":""0.6500"",""taker_side"":""yes"",""ticker"":""KXETH15M-26APR281145-45"",""trade_id"":""bc8067ae-765c-7914-6273-9b3e3fe489a8"",""yes_price_dollars"":""0.3500""}"
KXETH15M-26APR281145-45,cb5aba66-1f6c-4a54-e8f9-827370a27b9c,1777390270,0.34,3.0,yes,"{""count_fp"":""3.00"",""created_time"":""2026-04-28T15:31:10.302921Z"",""no_price_dollars"":""0.6600"",""taker_side"":""yes"",""ticker"":""KXETH15M-26APR281145-45"",""trade_id"":""cb5aba66-1f6c-4a54-e8f9-827370a27b9c"",""yes_price_dollars"":""0.3400""}"
KXETH15M-26APR281145-45,5bc2e27f-a3dd-65c7-abf1-60f84ce91de9,1777390273,0.33,10.0,no,"{""count_fp"":""10.00"",""created_time"":""2026-04-28T15:31:13.189469Z"",""no_price_dollars"":""0.6700"",""taker_side"":""no"",""ticker"":""KXETH15M-26APR281145-45"",""trade_id"":""5bc2e27f-a3dd-65c7-abf1-60f84ce91de9"",""yes_price_dollars"":""0.3300""}"
KXETH15M-26APR281145-45,ccc1d90e-5df9-771f-c789-5e92d2baf66b,1777390280,0.31,10.0,yes,"{""count_fp"":""10.00"",""created_time"":""2026-04-28T15:31:20.672592Z"",""no_price_dollars"":""0.6900"",""taker_side"":""yes"",""ticker"":""KXETH15M-26APR281145-45"",""trade_id"":""ccc1d90e-5df9-771f-c789-5e92d2baf66b"",""yes_price_dollars"":""0.3100""}"
KXETH15M-26APR281145-45,ad4ad0b4-bc5e-7929-c710-18216c9da593,1777390280,0.33,5.0,yes,"{""count_fp"":""5.00"",""created_time"":""2026-04-28T15:31:20.672592Z"",""no_price_dollars"":""0.6700"",""taker_side"":""yes"",""ticker"":""KXETH15M-26APR281145-45"",""trade_id"":""ad4ad0b4-bc5e-7929-c710-18216c9da593"",""yes_price_dollars"":""0.3300""}"
KXETH15M-26APR281145-45,96610899-9974-7e53-d692-b05eb1237bde,1777390280,0.32,2.0,yes,"{""count_fp"":""2.00"",""created_time"":""2026-04-28T15:31:20.672592Z"",""no_price_dollars"":""0.6800"",""taker_side"":""yes"",""ticker"":""KXETH15M-26APR281145-45"",""trade_id"":""96610899-9974-7e53-d692-b05eb1237bde"",""yes_price_dollars"":""0.3200""}"
KXETH15M-26APR281145-45,8b10ed4d-dc97-7025-ec04-4df39ffe8f4f,1777390280,0.33,2.83,yes,"{""count_fp"":""2.83"",""created_time"":""2026-04-28T15:31:20.672592Z"",""no_price_dollars"":""0.6700"",""taker_side"":""yes"",""ticker"":""KXETH15M-26APR281145-45"",""trade_id"":""8b10ed4d-dc97-7025-ec04-4df39ffe8f4f"",""yes_price_dollars"":""0.3300""}"
KXETH15M-26APR281145-45,79e62c46-90c0-7558-d147-0498dc2ec2a4,1777390280,0.32,10.0,yes,"{""count_fp"":""10.00"",""created_time"":""2026-04-28T15:31:20.672592Z"",""no_price_dollars"":""0.6800"",""taker_side"":""yes"",""ticker"":""KXETH15M-26APR281145-45"",""trade_id"":""79e62c46-90c0-7558-d147-0498dc2ec2a4"",""yes_price_dollars"":""0.3200""}"
KXETH15M-26APR281145-45,92f7147f-bf07-4d01-eede-0752dfebd531,1777390285,0.31,10.0,yes,"{""count_fp"":""10.00"",""created_time"":""2026-04-28T15:31:25.793604Z"",""no_price_dollars"":""0.6900"",""taker_side"":""yes"",""ticker"":""KXETH15M-26APR281145-45"",""trade_id"":""92f7147f-bf07-4d01-eede-0752dfebd531"",""yes_price_dollars"":""0.3100""}"
KXETH15M-26APR281145-45,9f54d30c-1e29-73d1-32e4-e25b44c75cf6,1777390285,0.34,10.0,yes,"{""count_fp"":""10.00"",""created_time"":""2026-04-28T15:31:25.737492Z"",""no_price_dollars"":""0.6600"",""taker_side"":""yes"",""ticker"":""KXETH15M-26APR281145-45"",""trade_id"":""9f54d30c-1e29-73d1-32e4-e25b44c75cf6"",""yes_price_dollars"":""0.3400""}"
KXETH15M-26APR281145-45,5af93811-012e-7435-0fba-f08aa88543d4,1777390285,0.35,1.0,yes,"{""count_fp"":""1.00"",""created_time"":""2026-04-28T15:31:25.737492Z"",""no_price_dollars"":""0.6500"",""taker_side"":""yes"",""ticker"":""KXETH15M-26APR281145-45"",""trade_id"":""5af93811-012e-7435-0fba-f08aa88543d4"",""yes_price_dollars"":""0.3500""}"
KXETH15M-26APR281145-45,11f1874e-be7e-7005-2c65-d1ce14489db8,1777390285,0.35,15.0,yes,"{""count_fp"":""15.00"",""created_time"":""2026-04-28T15:31:25.737492Z"",""no_price_dollars"":""0.6500"",""taker_side"":""yes"",""ticker"":""KXETH15M-26APR281145-45"",""trade_id"":""11f1874e-be7e-7005-2c65-d1ce14489db8"",""yes_price_dollars"":""0.3500""}"
KXETH15M-26APR281145-45,10c0c3ec-1235-76e6-0a48-dc501dce0f54,1777390285,0.34,1.0,yes,"{""count_fp"":""1.00"",""created_time"":""2026-04-28T15:31:25.737492Z"",""no_price_dollars"":""0.6600"",""taker_side"":""yes"",""ticker"":""KXETH15M-26APR281145-45"",""trade_id"":""10c0c3ec-1235-76e6-0a48-dc501dce0f54"",""yes_price_dollars"":""0.3400""}"
KXETH15M-26APR281145-45,8bae30ae-0251-41d9-5a28-736103353e60,1777390289,0.33,10.0,yes,"{""count_fp"":""10.00"",""created_time"":""2026-04-28T15:31:29.187776Z"",""no_price_dollars"":""0.6700"",""taker_side"":""yes"",""ticker"":""KXETH15M-26APR281145-45"",""trade_id"":""8bae30ae-0251-41d9-5a28-736103353e60"",""yes_price_dollars"":""0.3300""}"
KXETH15M-26APR281145-45,7e37c5d9-dd07-4b95-45c5-507ed108ca71,1777390289,0.31,10.0,yes,"{""count_fp"":""10.00"",""created_time"":""2026-04-28T15:31:29.187776Z"",""no_price_dollars"":""0.6900"",""taker_side"":""yes"",""ticker"":""KXETH15M-26APR281145-45"",""trade_id"":""7e37c5d9-dd07-4b95-45c5-507ed108ca71"",""yes_price_dollars"":""0.3100""}"
KXETH15M-26APR281145-45,67e7c67f-0a29-41ee-70f3-369910fea146,1777390289,0.34,23.03,yes,"{""count_fp"":""23.03"",""created_time"":""2026-04-28T15:31:29.187776Z"",""no_price_dollars"":""0.6600"",""taker_side"":""yes"",""ticker"":""KXETH15M-26APR281145-45"",""trade_id"":""67e7c67f-0a29-41ee-70f3-369910fea146"",""yes_price_dollars"":""0.3400""}"
KXETH15M-26APR281145-45,2e0c8b43-af8c-50dc-76f2-1ef482b32db9,1777390291,0.29,2.0,no,"{""count_fp"":""2.00"",""created_time"":""2026-04-28T15:31:31.724701Z"",""no_price_dollars"":""0.7100"",""taker_side"":""no"",""ticker"":""KXETH15M-26APR281145-45"",""trade_id"":""2e0c8b43-af8c-50dc-76f2-1ef482b32db9"",""yes_price_dollars"":""0.2900""}"
KXETH15M-26APR281145-45,224d869d-9574-6c8c-6d9e-8d17be4b96ef,1777390295,0.3,4.14,no,"{""count_fp"":""4.14"",""created_time"":""2026-04-28T15:31:35.695508Z"",""no_price_dollars"":""0.7000"",""taker_side"":""no"",""ticker"":""KXETH15M-26APR281145-45"",""trade_id"":""224d869d-9574-6c8c-6d9e-8d17be4b96ef"",""yes_price_dollars"":""0.3000""}"
KXETH15M-26APR281145-45,66dee16e-7090-70c4-3661-b56e112788dd,1777390302,0.29,1.38,no,"{""count_fp"":""1.38"",""created_time"":""2026-04-28T15:31:42.571247Z"",""no_price_dollars"":""0.7100"",""taker_side"":""no"",""ticker"":""KXETH15M-26APR281145-45"",""trade_id"":""66dee16e-7090-70c4-3661-b56e112788dd"",""yes_price_dollars"":""0.2900""}"
KXETH15M-26APR281145-45,10563749-6b9d-6ce4-e1fd-1695e3b6c902,1777390309,0.29,3.38,no,"{""count_fp"":""3.38"",""created_time"":""2026-04-28T15:31:49.882835Z"",""no_price_dollars"":""0.7100"",""taker_side"":""no"",""ticker"":""KXETH15M-26APR281145-45"",""trade_id"":""10563749-6b9d-6ce4-e1fd-1695e3b6c902"",""yes_price_dollars"":""0.2900""}"
KXETH15M-26APR281145-45,08eb9cf1-bbf4-600c-c2d3-fa912f6edb49,1777390309,0.29,0.62,no,"{""count_fp"":""0.62"",""created_time"":""2026-04-28T15:31:49.882835Z"",""no_price_dollars"":""0.7100"",""taker_side"":""no"",""ticker"":""KXETH15M-26APR281145-45"",""trade_id"":""08eb9cf1-bbf4-600c-c2d3-fa912f6edb49"",""yes_price_dollars"":""0.2900""}"
KXETH15M-26APR281145-45,8d5e3b65-5ec4-67de-ea8e-75b682cff12c,1777390310,0.31,20.0,yes,"{""count_fp"":""20.00"",""created_time"":""2026-04-28T15:31:50.888109Z"",""no_price_dollars"":""0.6900"",""taker_side"":""yes"",""ticker"":""KXETH15M-26APR281145-45"",""trade_id"":""8d5e3b65-5ec4-67de-ea8e-75b682cff12c"",""yes_price_dollars"":""0.3100""}"
KXETH15M-26APR281145-45,63622588-0623-6d34-e638-ea5b35f38745,1777390310,0.33,12.74,yes,"{""count_fp"":""12.74"",""created_time"":""2026-04-28T15:31:50.888109Z"",""no_price_dollars"":""0.6700"",""taker_side"":""yes"",""ticker"":""KXETH15M-26APR281145-45"",""trade_id"":""63622588-0623-6d34-e638-ea5b35f38745"",""yes_price_dollars"":""0.3300""}"
KXETH15M-26APR281145-45,5e8863db-450e-6d4f-f3f2-ebbef99841b0,1777390310,0.33,10.0,yes,"{""count_fp"":""10.00"",""created_time"":""2026-04-28T15:31:50.888109Z"",""no_price_dollars"":""0.6700"",""taker_side"":""yes"",""ticker"":""KXETH15M-26APR281145-45"",""trade_id"":""5e8863db-450e-6d4f-f3f2-ebbef99841b0"",""yes_price_dollars"":""0.3300""}"
KXETH15M-26APR281145-45,f4091891-5180-420b-6656-89d7d2c79da8,1777390312,0.27,2.7,no,"{""count_fp"":""2.70"",""created_time"":""2026-04-28T15:31:52.337986Z"",""no_price_dollars"":""0.7300"",""taker_side"":""no"",""ticker"":""KXETH15M-26APR281145-45"",""trade_id"":""f4091891-5180-420b-6656-89d7d2c79da8"",""yes_price_dollars"":""0.2700""}"
KXETH15M-26APR281145-45,ec79eb4c-e25c-7967-59a6-c9ad6d90cf40,1777390318,0.27,106.96,no,"{""count_fp"":""106.96"",""created_time"":""2026-04-28T15:31:58.762176Z"",""no_price_dollars"":""0.7300"",""taker_side"":""no"",""ticker"":""KXETH15M-26APR281145-45"",""trade_id"":""ec79eb4c-e25c-7967-59a6-c9ad6d90cf40"",""yes_price_dollars"":""0.2700""}"
KXETH15M-26APR281145-45,c3d854fc-a470-7650-73d5-8ae28ed6c767,1777390318,0.28,10.0,no,"{""count_fp"":""10.00"",""created_time"":""2026-04-28T15:31:58.762176Z"",""no_price_dollars"":""0.7200"",""taker_side"":""no"",""ticker"":""KXETH15M-26APR281145-45"",""trade_id"":""c3d854fc-a470-7650-73d5-8ae28ed6c767"",""yes_price_dollars"":""0.2800""}"
KXETH15M-26APR281145-45,407bedc1-d703-754b-722c-d7f07b2b7b34,1777390318,0.28,10.0,no,"{""count_fp"":""10.00"",""created_time"":""2026-04-28T15:31:58.762176Z"",""no_price_dollars"":""0.7200"",""taker_side"":""no"",""ticker"":""KXETH15M-26APR281145-45"",""trade_id"":""407bedc1-d703-754b-722c-d7f07b2b7b34"",""yes_price_dollars"":""0.2800""}"
KXETH15M-26APR281145-45,14cb2f19-ed87-75bc-7d50-4effbe62a5ec,1777390318,0.28,7.73,no,"{""count_fp"":""7.73"",""created_time"":""2026-04-28T15:31:58.762176Z"",""no_price_dollars"":""0.7200"",""taker_side"":""no"",""ticker"":""KXETH15M-26APR281145-45"",""trade_id"":""14cb2f19-ed87-75bc-7d50-4effbe62a5ec"",""yes_price_dollars"":""0.2800""}"
KXETH15M-26APR281145-45,083abc10-274d-6256-8359-ae936501108e,1777390323,0.32,2.98,yes,"{""count_fp"":""2.98"",""created_time"":""2026-04-28T15:32:03.232939Z"",""no_price_dollars"":""0.6800"",""taker_side"":""yes"",""ticker"":""KXETH15M-26APR281145-45"",""trade_id"":""083abc10-274d-6256-8359-ae936501108e"",""yes_price_dollars"":""0.3200""}"
KXETH15M-26APR281145-45,c91ce8b4-4af7-7ca1-8895-ddba0087099e,1777390323,0.32,2.0,yes,"{""count_fp"":""2.00"",""created_time"":""2026-04-28T15:32:03.100346Z"",""no_price_dollars"":""0.6800"",""taker_side"":""yes"",""ticker"":""KXETH15M-26APR281145-45"",""trade_id"":""c91ce8b4-4af7-7ca1-8895-ddba0087099e"",""yes_price_dollars"":""0.3200""}"
KXETH15M-26APR281145-45,5ee52d56-6fd1-7012-8b5f-6dd393a90bd2,1777390323,0.32,1.0,yes,"{""count_fp"":""1.00"",""created_time"":""2026-04-28T15:32:03.100346Z"",""no_price_dollars"":""0.6800"",""taker_side"":""yes"",""ticker"":""KXETH15M-26APR281145-45"",""trade_id"":""5ee52d56-6fd1-7012-8b5f-6dd393a90bd2"",""yes_price_dollars"":""0.3200""}"
KXETH15M-26APR281145-45,176ad585-d7a6-4d4e-8c39-f3094ffad164,1777390324,0.29,10.0,no,"{""count_fp"":""10.00"",""created_time"":""2026-04-28T15:32:04.959399Z"",""no_price_dollars"":""0.7100"",""taker_side"":""no"",""ticker"":""KXETH15M-26APR281145-45"",""trade_id"":""176ad585-d7a6-4d4e-8c39-f3094ffad164"",""yes_price_dollars"":""0.2900""}"
KXETH15M-26APR281145-45,1ff63f5c-b819-5ae2-8526-bf1f49672518,1777390326,0.28,4.08,no,"{""count_fp"":""4.08"",""created_time"":""2026-04-28T15:32:06.080931Z"",""no_price_dollars"":""0.7200"",""taker_side"":""no"",""ticker"":""KXETH15M-26APR281145-45"",""trade_id"":""1ff63f5c-b819-5ae2-8526-bf1f49672518"",""yes_price_dollars"":""0.2800""}"
KXETH15M-26APR281145-45,37c20d0f-2285-6cea-6662-5bdb05dc6a00,1777390332,0.3,7.0,no,"{""count_fp"":""7.00"",""created_time"":""2026-04-28T15:32:12.636628Z"",""no_price_dollars"":""0.7000"",""taker_side"":""no"",""ticker"":""KXETH15M-26APR281145-45"",""trade_id"":""37c20d0f-2285-6cea-6662-5bdb05dc6a00"",""yes_price_dollars"":""0.3000""}"
KXETH15M-26APR281145-45,f57522c2-c549-4323-f0e5-aae8a7250025,1777390332,0.29,130.0,yes,"{""count_fp"":""130.00"",""created_time"":""2026-04-28T15:32:12.054151Z"",""no_price_dollars"":""0.7100"",""taker_side"":""yes"",""ticker"":""KXETH15M-26APR281145-45"",""trade_id"":""f57522c2-c549-4323-f0e5-aae8a7250025"",""yes_price_dollars"":""0.2900""}"
KXETH15M-26APR281145-45,a5635bd0-6b11-5b9d-e076-29bd97bfff4c,1777390334,0.31,1.0,no,"{""count_fp"":""1.00"",""created_time"":""2026-04-28T15:32:14.658742Z"",""no_price_dollars"":""0.6900"",""taker_side"":""no"",""ticker"":""KXETH15M-26APR281145-45"",""trade_id"":""a5635bd0-6b11-5b9d-e076-29bd97bfff4c"",""yes_price_dollars"":""0.3100""}"
KXETH15M-26APR281145-45,f540269b-e977-7f6a-54cf-0d06fcea0f89,1777390335,0.28,0.46,no,"{""count_fp"":""0.46"",""created_time"":""2026-04-28T15:32:15.637069Z"",""no_price_dollars"":""0.7200"",""taker_side"":""no"",""ticker"":""KXETH15M-26APR281145-45"",""trade_id"":""f540269b-e977-7f6a-54cf-0d06fcea0f89"",""yes_price_dollars"":""0.2800""}"
KXETH15M-26APR281145-45,6b27d9bf-fd5d-4c92-2685-dd75473df114,1777390342,0.3,10.0,no,"{""count_fp"":""10.00"",""created_time"":""2026-04-28T15:32:22.017499Z"",""no_price_dollars"":""0.7000"",""taker_side"":""no"",""ticker"":""KXETH15M-26APR281145-45"",""trade_id"":""6b27d9bf-fd5d-4c92-2685-dd75473df114"",""yes_price_dollars"":""0.3000""}"
KXETH15M-26APR281145-45,60cac4d4-36a8-41fe-06df-1f0a8f43c674,1777390342,0.3,10.0,no,"{""count_fp"":""10.00"",""created_time"":""2026-04-28T15:32:22.017499Z"",""no_price_dollars"":""0.7000"",""taker_side"":""no"",""ticker"":""KXETH15M-26APR281145-45"",""trade_id"":""60cac4d4-36a8-41fe-06df-1f0a8f43c674"",""yes_price_dollars"":""0.3000""}"
KXETH15M-26APR281145-45,9115fd69-a1b8-5833-482f-1790039254d7,1777390343,0.34,2.24,yes,"{""count_fp"":""2.24"",""created_time"":""2026-04-28T15:32:23.208466Z"",""no_price_dollars"":""0.6600"",""taker_side"":""yes"",""ticker"":""KXETH15M-26APR281145-45"",""trade_id"":""9115fd69-a1b8-5833-482f-1790039254d7"",""yes_price_dollars"":""0.3400""}"
KXETH15M-26APR281145-45,48b57c23-fb14-505d-4e16-6c952f3ea290,1777390343,0.34,9.0,yes,"{""count_fp"":""9.00"",""created_time"":""2026-04-28T15:32:23.208466Z"",""no_price_dollars"":""0.6600"",""taker_side"":""yes"",""ticker"":""KXETH15M-26APR281145-45"",""trade_id"":""48b57c23-fb14-505d-4e16-6c952f3ea290"",""yes_price_dollars"":""0.3400""}"
KXETH15M-26APR281145-45,93bc9ff2-3d35-6c32-d871-14b13f120834,1777390353,0.32,20.0,no,"{""count_fp"":""20.00"",""created_time"":""2026-04-28T15:32:33.724298Z"",""no_price_dollars"":""0.6800"",""taker_side"":""no"",""ticker"":""KXETH15M-26APR281145-45"",""trade_id"":""93bc9ff2-3d35-6c32-d871-14b13f120834"",""yes_price_dollars"":""0.3200""}"
KXETH15M-26APR281145-45,0aa7eda2-4efd-47b0-8b6d-a2b710f84526,1777390372,0.34,39.0,yes,"{""count_fp"":""39.00"",""created_time"":""2026-04-28T15:32:52.209782Z"",""no_price_dollars"":""0.6600"",""taker_side"":""yes"",""ticker"":""KXETH15M-26APR281145-45"",""trade_id"":""0aa7eda2-4efd-47b0-8b6d-a2b710f84526"",""yes_price_dollars"":""0.3400""}"
KXETH15M-26APR281145-45,93428958-c3e1-57e0-b55b-6c53dd7cf2b6,1777390376,0.34,1.0,yes,"{""count_fp"":""1.00"",""created_time"":""2026-04-28T15:32:56.303034Z"",""no_price_dollars"":""0.6600"",""taker_side"":""yes"",""ticker"":""KXETH15M-26APR281145-45"",""trade_id"":""93428958-c3e1-57e0-b55b-6c53dd7cf2b6"",""yes_price_dollars"":""0.3400""}"
KXETH15M-26APR281145-45,9315cea9-5765-51e9-9f4e-6162f7a901bf,1777390376,0.38,22.0,yes,"{""count_fp"":""22.00"",""created_time"":""2026-04-28T15:32:56.303034Z"",""no_price_dollars"":""0.6200"",""taker_side"":""yes"",""ticker"":""KXETH15M-26APR281145-45"",""trade_id"":""9315cea9-5765-51e9-9f4e-6162f7a901bf"",""yes_price_dollars"":""0.3800""}"
KXETH15M-26APR281145-45,912c2a45-88c4-5987-80fd-86cd7c1694d0,1777390380,0.37,2.0,no,"{""count_fp"":""2.00"",""created_time"":""2026-04-28T15:33:00.674088Z"",""no_price_dollars"":""0.6300"",""taker_side"":""no"",""ticker"":""KXETH15M-26APR281145-45"",""trade_id"":""912c2a45-88c4-5987-80fd-86cd7c1694d0"",""yes_price_dollars"":""0.3700""}"
KXETH15M-26APR281145-45,26a54a61-d684-4e8f-87ab-bbe120044bfc,1777390383,0.37,116.04,no,"{""count_fp"":""116.04"",""created_time"":""2026-04-28T15:33:03.810186Z"",""no_price_dollars"":""0.6300"",""taker_side"":""no"",""ticker"":""KXETH15M-26APR281145-45"",""trade_id"":""26a54a61-d684-4e8f-87ab-bbe120044bfc"",""yes_price_dollars"":""0.3700""}"
KXETH15M-26APR281145-45,48b607f7-0ebc-542b-f41e-8e4183b8107c,1777390384,0.37,1.0,no,"{""count_fp"":""1.00"",""created_time"":""2026-04-28T15:33:04.431733Z"",""no_price_dollars"":""0.6300"",""taker_side"":""no"",""ticker"":""KXETH15M-26APR281145-45"",""trade_id"":""48b607f7-0ebc-542b-f41e-8e4183b8107c"",""yes_price_dollars"":""0.3700""}"
KXETH15M-26APR281145-45,6377d19d-34a4-5677-a7e9-34c2453c9a33,1777390391,0.37,10.0,no,"{""count_fp"":""10.00"",""created_time"":""2026-04-28T15:33:11.135605Z"",""no_price_dollars"":""0.6300"",""taker_side"":""no"",""ticker"":""KXETH15M-26APR281145-45"",""trade_id"":""6377d19d-34a4-5677-a7e9-34c2453c9a33"",""yes_price_dollars"":""0.3700""}"
KXETH15M-26APR281145-45,523caa91-124e-679c-5746-b8f4077b27d5,1777390394,0.37,11.32,yes,"{""count_fp"":""11.32"",""created_time"":""2026-04-28T15:33:14.068559Z"",""no_price_dollars"":""0.6300"",""taker_side"":""yes"",""ticker"":""KXETH15M-26APR281145-45"",""trade_id"":""523caa91-124e-679c-5746-b8f4077b27d5"",""yes_price_dollars"":""0.3700""}"
KXETH15M-26APR281145-45,d54e6204-5ec9-54fe-8ffe-2946e42374d3,1777390397,0.34,1.0,no,"{""count_fp"":""1.00"",""created_time"":""2026-04-28T15:33:17.974805Z"",""no_price_dollars"":""0.6600"",""taker_side"":""no"",""ticker"":""KXETH15M-26APR281145-45"",""trade_id"":""d54e6204-5ec9-54fe-8ffe-2946e42374d3"",""yes_price_dollars"":""0.3400""}"
KXETH15M-26APR281145-45,0c5241ca-826d-7a30-8b58-79b6d8f69f54,1777390410,0.38,40.0,yes,"{""count_fp"":""40.00"",""created_time"":""2026-04-28T15:33:30.800685Z"",""no_price_dollars"":""0.6200"",""taker_side"":""yes"",""ticker"":""KXETH15M-26APR281145-45"",""trade_id"":""0c5241ca-826d-7a30-8b58-79b6d8f69f54"",""yes_price_dollars"":""0.3800""}"
KXETH15M-26APR281145-45,4eae1aeb-4ee6-7903-e1cd-2c4505881dcc,1777390416,0.37,7.67,no,"{""count_fp"":""7.67"",""created_time"":""2026-04-28T15:33:36.673522Z"",""no_price_dollars"":""0.6300"",""taker_side"":""no"",""ticker"":""KXETH15M-26APR281145-45"",""trade_id"":""4eae1aeb-4ee6-7903-e1cd-2c4505881dcc"",""yes_price_dollars"":""0.3700""}"
KXETH15M-26APR281145-45,975f27d8-9a00-504b-7a7a-d30dc68c59cc,1777390418,0.35,0.73,no,"{""count_fp"":""0.73"",""created_time"":""2026-04-28T15:33:38.925099Z"",""no_price_dollars"":""0.6500"",""taker_side"":""no"",""ticker"":""KXETH15M-26APR281145-45"",""trade_id"":""975f27d8-9a00-504b-7a7a-d30dc68c59cc"",""yes_price_dollars"":""0.3500""}"
KXETH15M-26APR281145-45,ce74ff09-4a2e-6ecf-0c86-5b80541d44ef,1777390419,0.37,10.0,no,"{""count_fp"":""10.00"",""created_time"":""2026-04-28T15:33:39.685599Z"",""no_price_dollars"":""0.6300"",""taker_side"":""no"",""ticker"":""KXETH15M-26APR281145-45"",""trade_id"":""ce74ff09-4a2e-6ecf-0c86-5b80541d44ef"",""yes_price_dollars"":""0.3700""}"
KXETH15M-26APR281145-45,6809a39c-b610-6a0f-08f4-8555d5d3a888,1777390419,0.35,5.01,no,"{""count_fp"":""5.01"",""created_time"":""2026-04-28T15:33:39.685599Z"",""no_price_dollars"":""0.6500"",""taker_side"":""no"",""ticker"":""KXETH15M-26APR281145-45"",""trade_id"":""6809a39c-b610-6a0f-08f4-8555d5d3a888"",""yes_price_dollars"":""0.3500""}"
KXETH15M-26APR281145-45,903af19c-c790-4347-b2e1-6e6a7cebbcd0,1777390424,0.35,22.37,no,"{""count_fp"":""22.37"",""created_time"":""2026-04-28T15:33:44.190953Z"",""no_price_dollars"":""0.6500"",""taker_side"":""no"",""ticker"":""KXETH15M-26APR281145-45"",""trade_id"":""903af19c-c790-4347-b2e1-6e6a7cebbcd0"",""yes_price_dollars"":""0.3500""}"
KXETH15M-26APR281145-45,63720ea9-ccbf-505a-2d52-57142026332b,1777390429,0.36,0.74,no,"{""count_fp"":""0.74"",""created_time"":""2026-04-28T15:33:49.254675Z"",""no_price_dollars"":""0.6400"",""taker_side"":""no"",""ticker"":""KXETH15M-26APR281145-45"",""trade_id"":""63720ea9-ccbf-505a-2d52-57142026332b"",""yes_price_dollars"":""0.3600""}"
KXETH15M-26APR281145-45,015321cf-2143-5d2c-8333-0a71f43c1835,1777390434,0.33,1.0,yes,"{""count_fp"":""1.00"",""created_time"":""2026-04-28T15:33:54.242263Z"",""no_price_dollars"":""0.6700"",""taker_side"":""yes"",""ticker"":""KXETH15M-26APR281145-45"",""trade_id"":""015321cf-2143-5d2c-8333-0a71f43c1835"",""yes_price_dollars"":""0.3300""}"
KXETH15M-26APR281145-45,d38b32c8-0132-4f06-740c-f6c83b4a8f90,1777390439,0.28,10.0,no,"{""count_fp"":""10.00"",""created_time"":""2026-04-28T15:33:59.516107Z"",""no_price_dollars"":""0.7200"",""taker_side"":""no"",""ticker"":""KXETH15M-26APR281145-45"",""trade_id"":""d38b32c8-0132-4f06-740c-f6c83b4a8f90"",""yes_price_dollars"":""0.2800""}"
KXETH15M-26APR281145-45,878cfbde-07e4-410b-6a55-b43c4efdaea8,1777390439,0.27,0.17,no,"{""count_fp"":""0.17"",""created_time"":""2026-04-28T15:33:59.516107Z"",""no_price_dollars"":""0.7300"",""taker_side"":""no"",""ticker"":""KXETH15M-26APR281145-45"",""trade_id"":""878cfbde-07e4-410b-6a55-b43c4efdaea8"",""yes_price_dollars"":""0.2700""}"
KXETH15M-26APR281145-45,57698295-7541-467c-5b4c-41a8b7c9d7ca,1777390439,0.31,5.0,no,"{""count_fp"":""5.00"",""created_time"":""2026-04-28T15:33:59.516107Z"",""no_price_dollars"":""0.6900"",""taker_side"":""no"",""ticker"":""KXETH15M-26APR281145-45"",""trade_id"":""57698295-7541-467c-5b4c-41a8b7c9d7ca"",""yes_price_dollars"":""0.3100""}"
KXETH15M-26APR281145-45,4e6eabd9-674d-481f-482e-e11b0ef939c3,1777390439,0.3,5.0,no,"{""count_fp"":""5.00"",""created_time"":""2026-04-28T15:33:59.516107Z"",""no_price_dollars"":""0.7000"",""taker_side"":""no"",""ticker"":""KXETH15M-26APR281145-45"",""trade_id"":""4e6eabd9-674d-481f-482e-e11b0ef939c3"",""yes_price_dollars"":""0.3000""}"
KXETH15M-26APR281145-45,ac827586-e9a0-56a1-af84-4b9c9dfc3d4a,1777390445,0.29,6.73,yes,"{""count_fp"":""6.73"",""created_time"":""2026-04-28T15:34:05.894476Z"",""no_price_dollars"":""0.7100"",""taker_side"":""yes"",""ticker"":""KXETH15M-26APR281145-45"",""trade_id"":""ac827586-e9a0-56a1-af84-4b9c9dfc3d4a"",""yes_price_dollars"":""0.2900""}"
KXETH15M-26APR281145-45,10961033-5bcb-50fb-ab48-73077a6181e9,1777390445,0.28,10.0,yes,"{""count_fp"":""10.00"",""created_time"":""2026-04-28T15:34:05.894476Z"",""no_price_dollars"":""0.7200"",""taker_side"":""yes"",""ticker"":""KXETH15M-26APR281145-45"",""trade_id"":""10961033-5bcb-50fb-ab48-73077a6181e9"",""yes_price_dollars"":""0.2800""}"
KXETH15M-26APR281145-45,2f202e71-2769-5e82-b8f4-7e514727ec74,1777390454,0.25,28.92,no,"{""count_fp"":""28.92"",""created_time"":""2026-04-28T15:34:14.111576Z"",""no_price_dollars"":""0.7500"",""taker_side"":""no"",""ticker"":""KXETH15M-26APR281145-45"",""trade_id"":""2f202e71-2769-5e82-b8f4-7e514727ec74"",""yes_price_dollars"":""0.2500""}"
KXETH15M-26APR281145-45,183e5a48-0eed-5866-ac6b-d4fc2ac2755b,1777390454,0.24,9.9,no,"{""count_fp"":""9.90"",""created_time"":""2026-04-28T15:34:14.111576Z"",""no_price_dollars"":""0.7600"",""taker_side"":""no"",""ticker"":""KXETH15M-26APR281145-45"",""trade_id"":""183e5a48-0eed-5866-ac6b-d4fc2ac2755b"",""yes_price_dollars"":""0.2400""}"
KXETH15M-26APR281145-45,3d801876-7e2b-4e43-4049-996710ed73c0,1777390462,0.23,1.27,no,"{""count_fp"":""1.27"",""created_time"":""2026-04-28T15:34:22.034215Z"",""no_price_dollars"":""0.7700"",""taker_side"":""no"",""ticker"":""KXETH15M-26APR281145-45"",""trade_id"":""3d801876-7e2b-4e43-4049-996710ed73c0"",""yes_price_dollars"":""0.2300""}"
KXETH15M-26APR281145-45,b130b710-e407-72fa-77fd-b27dcda22d81,1777390463,0.23,1.0,no,"{""count_fp"":""1.00"",""created_time"":""2026-04-28T15:34:23.251413Z"",""no_price_dollars"":""0.7700"",""taker_side"":""no"",""ticker"":""KXETH15M-26APR281145-45"",""trade_id"":""b130b710-e407-72fa-77fd-b27dcda22d81"",""yes_price_dollars"":""0.2300""}"
KXETH15M-26APR281145-45,9c6f6b2c-659e-4197-63a3-2234534be017,1777390466,0.27,8.02,no,"{""count_fp"":""8.02"",""created_time"":""2026-04-28T15:34:26.401778Z"",""no_price_dollars"":""0.7300"",""taker_side"":""no"",""ticker"":""KXETH15M-26APR281145-45"",""trade_id"":""9c6f6b2c-659e-4197-63a3-2234534be017"",""yes_price_dollars"":""0.2700""}"
KXETH15M-26APR281145-45,4335096b-6e8b-45ce-5d74-9cdc98e3aaa9,1777390466,0.26,3.59,no,"{""count_fp"":""3.59"",""created_time"":""2026-04-28T15:34:26.401778Z"",""no_price_dollars"":""0.7400"",""taker_side"":""no"",""ticker"":""KXETH15M-26APR281145-45"",""trade_id"":""4335096b-6e8b-45ce-5d74-9cdc98e3aaa9"",""yes_price_dollars"":""0.2600""}"
KXETH15M-26APR281145-45,1abbbbeb-e2b0-4ad8-4114-4df4d95e78ee,1777390466,0.28,1.0,no,"{""count_fp"":""1.00"",""created_time"":""2026-04-28T15:34:26.401778Z"",""no_price_dollars"":""0.7200"",""taker_side"":""no"",""ticker"":""KXETH15M-26APR281145-45"",""trade_id"":""1abbbbeb-e2b0-4ad8-4114-4df4d95e78ee"",""yes_price_dollars"":""0.2800""}"
KXETH15M-26APR281145-45,3964edf4-62c0-6e0d-afa0-0b72e53155e4,1777390472,0.29,5.0,no,"{""count_fp"":""5.00"",""created_time"":""2026-04-28T15:34:32.922801Z"",""no_price_dollars"":""0.7100"",""taker_side"":""no"",""ticker"":""KXETH15M-26APR281145-45"",""trade_id"":""3964edf4-62c0-6e0d-afa0-0b72e53155e4"",""yes_price_dollars"":""0.2900""}"
KXETH15M-26APR281145-45,cf21ba85-0dec-487f-6500-2f78cbb3d213,1777390472,0.34,10.0,yes,"{""count_fp"":""10.00"",""created_time"":""2026-04-28T15:34:32.288305Z"",""no_price_dollars"":""0.6600"",""taker_side"":""yes"",""ticker"":""KXETH15M-26APR281145-45"",""trade_id"":""cf21ba85-0dec-487f-6500-2f78cbb3d213"",""yes_price_dollars"":""0.3400""}"
KXETH15M-26APR281145-45,5d638a96-3ba2-4888-4877-f5dec1120064,1777390472,0.34,1.2,yes,"{""count_fp"":""1.20"",""created_time"":""2026-04-28T15:34:32.288305Z"",""no_price_dollars"":""0.6600"",""taker_side"":""yes"",""ticker"":""KXETH15M-26APR281145-45"",""trade_id"":""5d638a96-3ba2-4888-4877-f5dec1120064"",""yes_price_dollars"":""0.3400""}"
KXETH15M-26APR281145-45,dd2c63c8-f171-6eb0-18cc-8c646ce52597,1777390483,0.37,1.0,yes,"{""count_fp"":""1.00"",""created_time"":""2026-04-28T15:34:43.836098Z"",""no_price_dollars"":""0.6300"",""taker_side"":""yes"",""ticker"":""KXETH15M-26APR281145-45"",""trade_id"":""dd2c63c8-f171-6eb0-18cc-8c646ce52597"",""yes_price_dollars"":""0.3700""}"
KXETH15M-26APR281145-45,3f32c42d-8a8f-48ea-66b0-9c67d99d0c4d,1777390493,0.35,1.0,no,"{""count_fp"":""1.00"",""created_time"":""2026-04-28T15:34:53.815009Z"",""no_price_dollars"":""0.6500"",""taker_side"":""no"",""ticker"":""KXETH15M-26APR281145-45"",""trade_id"":""3f32c42d-8a8f-48ea-66b0-9c67d99d0c4d"",""yes_price_dollars"":""0.3500""}"
KXETH15M-26APR281145-45,7816628f-d574-64da-c98f-650cb1ec0d9d,1777390493,0.35,7.71,no,"{""count_fp"":""7.71"",""created_time"":""2026-04-28T15:34:53.493848Z"",""no_price_dollars"":""0.6500"",""taker_side"":""no"",""ticker"":""KXETH15M-26APR281145-45"",""trade_id"":""7816628f-d574-64da-c98f-650cb1ec0d9d"",""yes_price_dollars"":""0.3500""}"
KXETH15M-26APR281145-45,2cc2ef18-4215-6bf2-e14b-4c359624563f,1777390493,0.34,2.29,no,"{""count_fp"":""2.29"",""created_time"":""2026-04-28T15:34:53.493848Z"",""no_price_dollars"":""0.6600"",""taker_side"":""no"",""ticker"":""KXETH15M-26APR281145-45"",""trade_id"":""2cc2ef18-4215-6bf2-e14b-4c359624563f"",""yes_price_dollars"":""0.3400""}"
KXETH15M-26APR281145-45,f61a4625-0b8b-58ea-ce1d-52c719717075,1777390494,0.35,6.71,no,"{""count_fp"":""6.71"",""created_time"":""2026-04-28T15:34:54.256626Z"",""no_price_dollars"":""0.6500"",""taker_side"":""no"",""ticker"":""KXETH15M-26APR281145-45"",""trade_id"":""f61a4625-0b8b-58ea-ce1d-52c719717075"",""yes_price_dollars"":""0.3500""}"
KXETH15M-26APR281145-45,13a600a3-7402-5a62-d669-ca7fafb586bf,1777390494,0.35,31.29,no,"{""count_fp"":""31.29"",""created_time"":""2026-04-28T15:34:54.256626Z"",""no_price_dollars"":""0.6500"",""taker_side"":""no"",""ticker"":""KXETH15M-26APR281145-45"",""trade_id"":""13a600a3-7402-5a62-d669-ca7fafb586bf"",""yes_price_dollars"":""0.3500""}"
KXETH15M-26APR281145-45,b5e2f4dc-3663-5c47-0551-8dd36665d240,1777390501,0.3,14.05,yes,"{""count_fp"":""14.05"",""created_time"":""2026-04-28T15:35:01.951783Z"",""no_price_dollars"":""0.7000"",""taker_side"":""yes"",""ticker"":""KXETH15M-26APR281145-45"",""trade_id"":""b5e2f4dc-3663-5c47-0551-8dd36665d240"",""yes_price_dollars"":""0.3000""}"
KXETH15M-26APR281145-45,e34bf2b9-9511-701a-0375-a628f0b07227,1777390501,0.3,10.0,no,"{""count_fp"":""10.00"",""created_time"":""2026-04-28T15:35:01.194087Z"",""no_price_dollars"":""0.7000"",""taker_side"":""no"",""ticker"":""KXETH15M-26APR281145-45"",""trade_id"":""e34bf2b9-9511-701a-0375-a628f0b07227"",""yes_price_dollars"":""0.3000""}"
KXETH15M-26APR281145-45,6aa5ca9a-c409-752f-8fe1-bca3381956fd,1777390504,0.28,12.23,yes,"{""count_fp"":""12.23"",""created_time"":""2026-04-28T15:35:04.213327Z"",""no_price_dollars"":""0.7200"",""taker_side"":""yes"",""ticker"":""KXETH15M-26APR281145-45"",""trade_id"":""6aa5ca9a-c409-752f-8fe1-bca3381956fd"",""yes_price_dollars"":""0.2800""}"
KXETH15M-26APR281145-45,737ff36d-6b01-503f-14d5-a390d73d480d,1777390508,0.28,5.0,yes,"{""count_fp"":""5.00"",""created_time"":""2026-04-28T15:35:08.712934Z"",""no_price_dollars"":""0.7200"",""taker_side"":""yes"",""ticker"":""KXETH15M-26APR281145-45"",""trade_id"":""737ff36d-6b01-503f-14d5-a390d73d480d"",""yes_price_dollars"":""0.2800""}"
KXETH15M-26APR281145-45,76a921ff-3411-4ddf-6c6a-2fb0b9554351,1777390512,0.28,0.77,yes,"{""count_fp"":""0.77"",""created_time"":""2026-04-28T15:35:12.655731Z"",""no_price_dollars"":""0.7200"",""taker_side"":""yes"",""ticker"":""KXETH15M-26APR281145-45"",""trade_id"":""76a921ff-3411-4ddf-6c6a-2fb0b9554351"",""yes_price_dollars"":""0.2800""}"
KXETH15M-26APR281145-45,d0490ee6-c5e5-7043-6f16-a8fecd64edc9,1777390512,0.28,71.0,yes,"{""count_fp"":""71.00"",""created_time"":""2026-04-28T15:35:12.647145Z"",""no_price_dollars"":""0.7200"",""taker_side"":""yes"",""ticker"":""KXETH15M-26APR281145-45"",""trade_id"":""d0490ee6-c5e5-7043-6f16-a8fecd64edc9"",""yes_price_dollars"":""0.2800""}"
KXETH15M-26APR281145-45,0591b8e4-8e03-6cbb-044c-007c5e43a0f0,1777390513,0.3,0.95,yes,"{""count_fp"":""0.95"",""created_time"":""2026-04-28T15:35:13.763456Z"",""no_price_dollars"":""0.7000"",""taker_side"":""yes"",""ticker"":""KXETH15M-26APR281145-45"",""trade_id"":""0591b8e4-8e03-6cbb-044c-007c5e43a0f0"",""yes_price_dollars"":""0.3000""}"
KXETH15M-26APR281145-45,fdcd1b54-551b-4ecb-2ba7-8e534edc73f4,1777390513,0.3,9.0,yes,"{""count_fp"":""9.00"",""created_time"":""2026-04-28T15:35:13.748382Z"",""no_price_dollars"":""0.7000"",""taker_side"":""yes"",""ticker"":""KXETH15M-26APR281145-45"",""trade_id"":""fdcd1b54-551b-4ecb-2ba7-8e534edc73f4"",""yes_price_dollars"":""0.3000""}"
KXETH15M-26APR281145-45,1c950604-f6b5-4b67-2d03-37c7ffa098d5,1777390513,0.29,1.0,yes,"{""count_fp"":""1.00"",""created_time"":""2026-04-28T15:35:13.748382Z"",""no_price_dollars"":""0.7100"",""taker_side"":""yes"",""ticker"":""KXETH15M-26APR281145-45"",""trade_id"":""1c950604-f6b5-4b67-2d03-37c7ffa098d5"",""yes_price_dollars"":""0.2900""}"
KXETH15M-26APR281145-45,b48ab856-864a-5c57-fcd9-5db2cba177f1,1777390520,0.28,4.0,no,"{""count_fp"":""4.00"",""created_time"":""2026-04-28T15:35:20.518999Z"",""no_price_dollars"":""0.7200"",""taker_side"":""no"",""ticker"":""KXETH15M-26APR281145-45"",""trade_id"":""b48ab856-864a-5c57-fcd9-5db2cba177f1"",""yes_price_dollars"":""0.2800""}"
KXETH15M-26APR281145-45,3d6a134c-2f9e-644b-0f1c-8d05368afd99,1777390520,0.28,27.01,no,"{""count_fp"":""27.01"",""created_time"":""2026-04-28T15:35:20.017512Z"",""no_price_dollars"":""0.7200"",""taker_side"":""no"",""ticker"":""KXETH15M-26APR281145-45"",""trade_id"":""3d6a134c-2f9e-644b-0f1c-8d05368afd99"",""yes_price_dollars"":""0.2800""}"
KXETH15M-26APR281145-45,5d2a2909-7145-4b39-d41e-c7728edb9f76,1777390525,0.26,10.0,yes,"{""count_fp"":""10.00"",""created_time"":""2026-04-28T15:35:25.980916Z"",""no_price_dollars"":""0.7400"",""taker_side"":""yes"",""ticker"":""KXETH15M-26APR281145-45"",""trade_id"":""5d2a2909-7145-4b39-d41e-c7728edb9f76"",""yes_price_dollars"":""0.2600""}"
KXETH15M-26APR281145-45,eb53816f-35c0-6935-34f2-282e7848e7b6,1777390526,0.29,7.0,yes,"{""count_fp"":""7.00"",""created_time"":""2026-04-28T15:35:26.724588Z"",""no_price_dollars"":""0.7100"",""taker_side"":""yes"",""ticker"":""KXETH15M-26APR281145-45"",""trade_id"":""eb53816f-35c0-6935-34f2-282e7848e7b6"",""yes_price_dollars"":""0.2900""}"
KXETH15M-26APR281145-45,9ff68042-9f29-5c28-9a85-2a6fdaa92f67,1777390526,0.29,10.0,yes,"{""count_fp"":""10.00"",""created_time"":""2026-04-28T15:35:26.296817Z"",""no_price_dollars"":""0.7100"",""taker_side"":""yes"",""ticker"":""KXETH15M-26APR281145-45"",""trade_id"":""9ff68042-9f29-5c28-9a85-2a6fdaa92f67"",""yes_price_dollars"":""0.2900""}"
KXETH15M-26APR281145-45,dcb8de61-e124-6359-d26c-0ff5aba2afd2,1777390530,0.23,0.2,yes,"{""count_fp"":""0.20"",""created_time"":""2026-04-28T15:35:30.075771Z"",""no_price_dollars"":""0.7700"",""taker_side"":""yes"",""ticker"":""KXETH15M-26APR281145-45"",""trade_id"":""dcb8de61-e124-6359-d26c-0ff5aba2afd2"",""yes_price_dollars"":""0.2300""}"
KXETH15M-26APR281145-45,8661293f-eec1-6dec-da3b-69c235e620f6,1777390530,0.23,10.0,yes,"{""count_fp"":""10.00"",""created_time"":""2026-04-28T15:35:30.075771Z"",""no_price_dollars"":""0.7700"",""taker_side"":""yes"",""ticker"":""KXETH15M-26APR281145-45"",""trade_id"":""8661293f-eec1-6dec-da3b-69c235e620f6"",""yes_price_dollars"":""0.2300""}"
KXETH15M-26APR281145-45,e28b5198-7929-6b2f-2a93-a7752b3e0422,1777390535,0.19,10.0,no,"{""count_fp"":""10.00"",""created_time"":""2026-04-28T15:35:35.527869Z"",""no_price_dollars"":""0.8100"",""taker_side"":""no"",""ticker"":""KXETH15M-26APR281145-45"",""trade_id"":""e28b5198-7929-6b2f-2a93-a7752b3e0422"",""yes_price_dollars"":""0.1900""}"
KXETH15M-26APR281145-45,333f2775-5abb-6b26-3602-1f63a76bf7b5,1777390535,0.18,2.04,no,"{""count_fp"":""2.04"",""created_time"":""2026-04-28T15:35:35.527869Z"",""no_price_dollars"":""0.8200"",""taker_side"":""no"",""ticker"":""KXETH15M-26APR281145-45"",""trade_id"":""333f2775-5abb-6b26-3602-1f63a76bf7b5"",""yes_price_dollars"":""0.1800""}"
KXETH15M-26APR281145-45,1c5c803e-3ee7-43f2-7896-7955447c2105,1777390537,0.18,1.0,no,"{""count_fp"":""1.00"",""created_time"":""2026-04-28T15:35:37.144818Z"",""no_price_dollars"":""0.8200"",""taker_side"":""no"",""ticker"":""KXETH15M-26APR281145-45"",""trade_id"":""1c5c803e-3ee7-43f2-7896-7955447c2105"",""yes_price_dollars"":""0.1800""}"
KXETH15M-26APR281145-45,cf3f80fc-4413-5c9e-d771-98efafbd1085,1777390541,0.18,1.0,no,"{""count_fp"":""1.00"",""created_time"":""2026-04-28T15:35:41.023598Z"",""no_price_dollars"":""0.8200"",""taker_side"":""no"",""ticker"":""KXETH15M-26APR281145-45"",""trade_id"":""cf3f80fc-4413-5c9e-d771-98efafbd1085"",""yes_price_dollars"":""0.1800""}"
KXETH15M-26APR281145-45,65e2e289-c7b4-6365-13bc-945e97f44cfa,1777390542,0.2,1.0,yes,"{""count_fp"":""1.00"",""created_time"":""2026-04-28T15:35:42.300134Z"",""no_price_dollars"":""0.8000"",""taker_side"":""yes"",""ticker"":""KXETH15M-26APR281145-45"",""trade_id"":""65e2e289-c7b4-6365-13bc-945e97f44cfa"",""yes_price_dollars"":""0.2000""}"
KXETH15M-26APR281145-45,b9fdd604-8f6e-6f40-0061-32a6c0dace1c,1777390543,0.21,126.26,yes,"{""count_fp"":""126.26"",""created_time"":""2026-04-28T15:35:43.736992Z"",""no_price_dollars"":""0.7900"",""taker_side"":""yes"",""ticker"":""KXETH15M-26APR281145-45"",""trade_id"":""b9fdd604-8f6e-6f40-0061-32a6c0dace1c"",""yes_price_dollars"":""0.2100""}"
KXETH15M-26APR281145-45,9a4390c1-ed8c-6db9-0e13-190cfb25fb42,1777390543,0.2,100.0,yes,"{""count_fp"":""100.00"",""created_time"":""2026-04-28T15:35:43.736992Z"",""no_price_dollars"":""0.8000"",""taker_side"":""yes"",""ticker"":""KXETH15M-26APR281145-45"",""trade_id"":""9a4390c1-ed8c-6db9-0e13-190cfb25fb42"",""yes_price_dollars"":""0.2000""}"
KXETH15M-26APR281145-45,0e5e3caa-2df2-66df-2121-a8b5d39ae337,1777390543,0.21,10.0,yes,"{""count_fp"":""10.00"",""created_time"":""2026-04-28T15:35:43.736992Z"",""no_price_dollars"":""0.7900"",""taker_side"":""yes"",""ticker"":""KXETH15M-26APR281145-45"",""trade_id"":""0e5e3caa-2df2-66df-2121-a8b5d39ae337"",""yes_price_dollars"":""0.2100""}"
KXETH15M-26APR281145-45,0b06bc65-c514-6b1f-804b-e50e4302b770,1777390544,0.21,3.74,no,"{""count_fp"":""3.74"",""created_time"":""2026-04-28T15:35:44.691649Z"",""no_price_dollars"":""0.7900"",""taker_side"":""no"",""ticker"":""KXETH15M-26APR281145-45"",""trade_id"":""0b06bc65-c514-6b1f-804b-e50e4302b770"",""yes_price_dollars"":""0.2100""}"
KXETH15M-26APR281145-45,bf57d48e-71c0-460b-0ccf-4508ce4ad444,1777390544,0.21,10.0,no,"{""count_fp"":""10.00"",""created_time"":""2026-04-28T15:35:44.030684Z"",""no_price_dollars"":""0.7900"",""taker_side"":""no"",""ticker"":""KXETH15M-26APR281145-45"",""trade_id"":""bf57d48e-71c0-460b-0ccf-4508ce4ad444"",""yes_price_dollars"":""0.2100""}"
KXETH15M-26APR281145-45,aa62fef8-e701-45aa-2f51-6099137814cc,1777390545,0.17,7.0,no,"{""count_fp"":""7.00"",""created_time"":""2026-04-28T15:35:45.966629Z"",""no_price_dollars"":""0.8300"",""taker_side"":""no"",""ticker"":""KXETH15M-26APR281145-45"",""trade_id"":""aa62fef8-e701-45aa-2f51-6099137814cc"",""yes_price_dollars"":""0.1700""}"
KXETH15M-26APR281145-45,60058c0d-aaaa-4e9b-3ac0-4e2f1153fe9d,1777390545,0.17,2.0,no,"{""count_fp"":""2.00"",""created_time"":""2026-04-28T15:35:45.966629Z"",""no_price_dollars"":""0.8300"",""taker_side"":""no"",""ticker"":""KXETH15M-26APR281145-45"",""trade_id"":""60058c0d-aaaa-4e9b-3ac0-4e2f1153fe9d"",""yes_price_dollars"":""0.1700""}"
KXETH15M-26APR281145-45,391d6dd9-e069-43fe-26e5-02b4d749334c,1777390545,0.17,1.0,no,"{""count_fp"":""1.00"",""created_time"":""2026-04-28T15:35:45.966629Z"",""no_price_dollars"":""0.8300"",""taker_side"":""no"",""ticker"":""KXETH15M-26APR281145-45"",""trade_id"":""391d6dd9-e069-43fe-26e5-02b4d749334c"",""yes_price_dollars"":""0.1700""}"
KXETH15M-26APR281145-45,d9bb31e4-aa7e-68f7-7ac4-9d278c4a817d,1777390549,0.17,9.52,no,"{""count_fp"":""9.52"",""created_time"":""2026-04-28T15:35:49.774801Z"",""no_price_dollars"":""0.8300"",""taker_side"":""no"",""ticker"":""KXETH15M-26APR281145-45"",""trade_id"":""d9bb31e4-aa7e-68f7-7ac4-9d278c4a817d"",""yes_price_dollars"":""0.1700""}"
KXETH15M-26APR281145-45,b312bd62-183f-4c0a-0925-7a7d0f772627,1777390551,0.18,4.81,no,"{""count_fp"":""4.81"",""created_time"":""2026-04-28T15:35:51.579177Z"",""no_price_dollars"":""0.8200"",""taker_side"":""no"",""ticker"":""KXETH15M-26APR281145-45"",""trade_id"":""b312bd62-183f-4c0a-0925-7a7d0f772627"",""yes_price_dollars"":""0.1800""}"
KXETH15M-26APR281145-45,0db7adef-5873-6ab5-3506-a66bd9326808,1777390554,0.19,59.53,no,"{""count_fp"":""59.53"",""created_time"":""2026-04-28T15:35:54.737373Z"",""no_price_dollars"":""0.8100"",""taker_side"":""no"",""ticker"":""KXETH15M-26APR281145-45"",""trade_id"":""0db7adef-5873-6ab5-3506-a66bd9326808"",""yes_price_dollars"":""0.1900""}"
KXETH15M-26APR281145-45,d004bce7-57a3-533e-65f5-1463cc088229,1777390555,0.24,6.02,no,"{""count_fp"":""6.02"",""created_time"":""2026-04-28T15:35:55.506891Z"",""no_price_dollars"":""0.7600"",""taker_side"":""no"",""ticker"":""KXETH15M-26APR281145-45"",""trade_id"":""d004bce7-57a3-533e-65f5-1463cc088229"",""yes_price_dollars"":""0.2400""}"
KXETH15M-26APR281145-45,0d547a39-2e89-560f-5b1b-1942ed12320f,1777390558,0.24,3.0,no,"{""count_fp"":""3.00"",""created_time"":""2026-04-28T15:35:58.390636Z"",""no_price_dollars"":""0.7600"",""taker_side"":""no"",""ticker"":""KXETH15M-26APR281145-45"",""trade_id"":""0d547a39-2e89-560f-5b1b-1942ed12320f"",""yes_price_dollars"":""0.2400""}"
KXETH15M-26APR281145-45,e2900266-5b47-6c8f-f3cc-dd50d56a9e12,1777390562,0.23,1.0,no,"{""count_fp"":""1.00"",""created_time"":""2026-04-28T15:36:02.985477Z"",""no_price_dollars"":""0.7700"",""taker_side"":""no"",""ticker"":""KXETH15M-26APR281145-45"",""trade_id"":""e2900266-5b47-6c8f-f3cc-dd50d56a9e12"",""yes_price_dollars"":""0.2300""}"
KXETH15M-26APR281145-45,e79aa02c-0ce1-4c89-8811-5d4d2efffd3c,1777390575,0.19,5.0,no,"{""count_fp"":""5.00"",""created_time"":""2026-04-28T15:36:15.378944Z"",""no_price_dollars"":""0.8100"",""taker_side"":""no"",""ticker"":""KXETH15M-26APR281145-45"",""trade_id"":""e79aa02c-0ce1-4c89-8811-5d4d2efffd3c"",""yes_price_dollars"":""0.1900""}"
KXETH15M-26APR281145-45,dc976f59-da6d-66b2-c8db-1c2606848577,1777390577,0.19,6.09,no,"{""count_fp"":""6.09"",""created_time"":""2026-04-28T15:36:17.101574Z"",""no_price_dollars"":""0.8100"",""taker_side"":""no"",""ticker"":""KXETH15M-26APR281145-45"",""trade_id"":""dc976f59-da6d-66b2-c8db-1c2606848577"",""yes_price_dollars"":""0.1900""}"
KXETH15M-26APR281145-45,83ce09c6-b42e-58e3-b196-099410ff1325,1777390584,0.21,1.87,no,"{""count_fp"":""1.87"",""created_time"":""2026-04-28T15:36:24.155608Z"",""no_price_dollars"":""0.7900"",""taker_side"":""no"",""ticker"":""KXETH15M-26APR281145-45"",""trade_id"":""83ce09c6-b42e-58e3-b196-099410ff1325"",""yes_price_dollars"":""0.2100""}"
KXETH15M-26APR281145-45,a7fc6f0f-a0ef-6e4c-6ab6-b74b63c171a7,1777390596,0.24,2.58,no,"{""count_fp"":""2.58"",""created_time"":""2026-04-28T15:36:36.462178Z"",""no_price_dollars"":""0.7600"",""taker_side"":""no"",""ticker"":""KXETH15M-26APR281145-45"",""trade_id"":""a7fc6f0f-a0ef-6e4c-6ab6-b74b63c171a7"",""yes_price_dollars"":""0.2400""}"
KXETH15M-26APR281145-45,c40c1830-af51-4e3f-1630-584cb2daa51c,1777390597,0.24,3.52,yes,"{""count_fp"":""3.52"",""created_time"":""2026-04-28T15:36:37.756578Z"",""no_price_dollars"":""0.7600"",""taker_side"":""yes"",""ticker"":""KXETH15M-26APR281145-45"",""trade_id"":""c40c1830-af51-4e3f-1630-584cb2daa51c"",""yes_price_dollars"":""0.2400""}"
KXETH15M-26APR281145-45,b339c1d6-9662-7377-8d24-51f30211a3f5,1777390599,0.22,24.98,no,"{""count_fp"":""24.98"",""created_time"":""2026-04-28T15:36:39.637074Z"",""no_price_dollars"":""0.7800"",""taker_side"":""no"",""ticker"":""KXETH15M-26APR281145-45"",""trade_id"":""b339c1d6-9662-7377-8d24-51f30211a3f5"",""yes_price_dollars"":""0.2200""}"
KXETH15M-26APR281145-45,706783f6-7f91-5703-3269-4fa4b11c8860,1777390603,0.24,1.48,yes,"{""count_fp"":""1.48"",""created_time"":""2026-04-28T15:36:43.187889Z"",""no_price_dollars"":""0.7600"",""taker_side"":""yes"",""ticker"":""KXETH15M-26APR281145-45"",""trade_id"":""706783f6-7f91-5703-3269-4fa4b11c8860"",""yes_price_dollars"":""0.2400""}"
KXETH15M-26APR281145-45,5ec2ac5a-03c6-504a-38b1-e685811eee29,1777390603,0.24,5.52,yes,"{""count_fp"":""5.52"",""created_time"":""2026-04-28T15:36:43.187889Z"",""no_price_dollars"":""0.7600"",""taker_side"":""yes"",""ticker"":""KXETH15M-26APR281145-45"",""trade_id"":""5ec2ac5a-03c6-504a-38b1-e685811eee29"",""yes_price_dollars"":""0.2400""}"
KXETH15M-26APR281145-45,d702d0c3-7f98-48d7-9905-9d2b2ad91b05,1777390610,0.25,1.0,yes,"{""count_fp"":""1.00"",""created_time"":""2026-04-28T15:36:50.608355Z"",""no_price_dollars"":""0.7500"",""taker_side"":""yes"",""ticker"":""KXETH15M-26APR281145-45"",""trade_id"":""d702d0c3-7f98-48d7-9905-9d2b2ad91b05"",""yes_price_dollars"":""0.2500""}"
KXETH15M-26APR281145-45,6bd0e3ab-c429-433e-b24c-5da6a8057577,1777390610,0.27,14.28,yes,"{""count_fp"":""14.28"",""created_time"":""2026-04-28T15:36:50.608355Z"",""no_price_dollars"":""0.7300"",""taker_side"":""yes"",""ticker"":""KXETH15M-26APR281145-45"",""trade_id"":""6bd0e3ab-c429-433e-b24c-5da6a8057577"",""yes_price_dollars"":""0.2700""}"
KXETH15M-26APR281145-45,56251ec2-048a-4897-873c-8b73a4bfde5c,1777390610,0.27,10.0,yes,"{""count_fp"":""10.00"",""created_time"":""2026-04-28T15:36:50.608355Z"",""no_price_dollars"":""0.7300"",""taker_side"":""yes"",""ticker"":""KXETH15M-26APR281145-45"",""trade_id"":""56251ec2-048a-4897-873c-8b73a4bfde5c"",""yes_price_dollars"":""0.2700""}"
KXETH15M-26APR281145-45,125e2b4f-d7fd-47ba-adaa-03ab5d791191,1777390610,0.27,10.0,yes,"{""count_fp"":""10.00"",""created_time"":""2026-04-28T15:36:50.608355Z"",""no_price_dollars"":""0.7300"",""taker_side"":""yes"",""ticker"":""KXETH15M-26APR281145-45"",""trade_id"":""125e2b4f-d7fd-47ba-adaa-03ab5d791191"",""yes_price_dollars"":""0.2700""}"
KXETH15M-26APR281145-45,e2897326-dde5-4b5e-203a-a05dcad7f26b,1777390621,0.31,100.0,yes,"{""count_fp"":""100.00"",""created_time"":""2026-04-28T15:37:01.267834Z"",""no_price_dollars"":""0.6900"",""taker_side"":""yes"",""ticker"":""KXETH15M-26APR281145-45"",""trade_id"":""e2897326-dde5-4b5e-203a-a05dcad7f26b"",""yes_price_dollars"":""0.3100""}"
KXETH15M-26APR281145-45,dc6f3211-8e05-4d7a-1085-485dc38c693f,1777390621,0.3,9.85,yes,"{""count_fp"":""9.85"",""created_time"":""2026-04-28T15:37:01.267834Z"",""no_price_dollars"":""0.7000"",""taker_side"":""yes"",""ticker"":""KXETH15M-26APR281145-45"",""trade_id"":""dc6f3211-8e05-4d7a-1085-485dc38c693f"",""yes_price_dollars"":""0.3000""}"
KXETH15M-26APR281145-45,bf048b1b-6281-429b-2b70-6f16da954dcf,1777390621,0.31,10.0,yes,"{""count_fp"":""10.00"",""created_time"":""2026-04-28T15:37:01.267834Z"",""no_price_dollars"":""0.6900"",""taker_side"":""yes"",""ticker"":""KXETH15M-26APR281145-45"",""trade_id"":""bf048b1b-6281-429b-2b70-6f16da954dcf"",""yes_price_dollars"":""0.3100""}"
KXETH15M-26APR281145-45,719fc883-f32f-4025-1dc9-15d8280c4b4b,1777390621,0.29,2.0,yes,"{""count_fp"":""2.00"",""created_time"":""2026-04-28T15:37:01.267834Z"",""no_price_dollars"":""0.7100"",""taker_side"":""yes"",""ticker"":""KXETH15M-26APR281145-45"",""trade_id"":""719fc883-f32f-4025-1dc9-15d8280c4b4b"",""yes_price_dollars"":""0.2900""}"
KXETH15M-26APR281145-45,04eac02f-2825-47c1-1bf1-a9a62219e3c0,1777390621,0.31,112.08,yes,"{""count_fp"":""112.08"",""created_time"":""2026-04-28T15:37:01.267834Z"",""no_price_dollars"":""0.6900"",""taker_side"":""yes"",""ticker"":""KXETH15M-26APR281145-45"",""trade_id"":""04eac02f-2825-47c1-1bf1-a9a62219e3c0"",""yes_price_dollars"":""0.3100""}"
KXETH15M-26APR281145-45,671cb572-96c7-5a9a-2ade-c3dd2450a7f3,1777390624,0.3,1.0,no,"{""count_fp"":""1.00"",""created_time"":""2026-04-28T15:37:04.546224Z"",""no_price_dollars"":""0.7000"",""taker_side"":""no"",""ticker"":""KXETH15M-26APR281145-45"",""trade_id"":""671cb572-96c7-5a9a-2ade-c3dd2450a7f3"",""yes_price_dollars"":""0.3000""}"
KXETH15M-26APR281145-45,d3851eff-fff7-7856-b989-c86d91ee4f37,1777390642,0.29,10.0,no,"{""count_fp"":""10.00"",""created_time"":""2026-04-28T15:37:22.552207Z"",""no_price_dollars"":""0.7100"",""taker_side"":""no"",""ticker"":""KXETH15M-26APR281145-45"",""trade_id"":""d3851eff-fff7-7856-b989-c86d91ee4f37"",""yes_price_dollars"":""0.2900""}"
KXETH15M-26APR281145-45,d0a91c13-84e5-73d5-beb7-97d8528e25a6,1777390642,0.27,17.89,no,"{""count_fp"":""17.89"",""created_time"":""2026-04-28T15:37:22.552207Z"",""no_price_dollars"":""0.7300"",""taker_side"":""no"",""ticker"":""KXETH15M-26APR281145-45"",""trade_id"":""d0a91c13-84e5-73d5-beb7-97d8528e25a6"",""yes_price_dollars"":""0.2700""}"
KXETH15M-26APR281145-45,8284c2c6-519f-7690-8717-08dee9d7d1c6,1777390642,0.29,10.0,no,"{""count_fp"":""10.00"",""created_time"":""2026-04-28T15:37:22.552207Z"",""no_price_dollars"":""0.7100"",""taker_side"":""no"",""ticker"":""KXETH15M-26APR281145-45"",""trade_id"":""8284c2c6-519f-7690-8717-08dee9d7d1c6"",""yes_price_dollars"":""0.2900""}"
KXETH15M-26APR281145-45,36b582c9-3a5f-53ea-7eb7-c3c90a60c3bd,1777390644,0.26,25.21,no,"{""count_fp"":""25.21"",""created_time"":""2026-04-28T15:37:24.518093Z"",""no_price_dollars"":""0.7400"",""taker_side"":""no"",""ticker"":""KXETH15M-26APR281145-45"",""trade_id"":""36b582c9-3a5f-53ea-7eb7-c3c90a60c3bd"",""yes_price_dollars"":""0.2600""}"
KXETH15M-26APR281145-45,cd52e11d-f581-4e04-e84c-866ab8fb1ebd,1777390647,0.31,1.0,no,"{""count_fp"":""1.00"",""created_time"":""2026-04-28T15:37:27.348235Z"",""no_price_dollars"":""0.6900"",""taker_side"":""no"",""ticker"":""KXETH15M-26APR281145-45"",""trade_id"":""cd52e11d-f581-4e04-e84c-866ab8fb1ebd"",""yes_price_dollars"":""0.3100""}"
KXETH15M-26APR281145-45,a9549a87-8f74-4205-a306-511ffe643f4e,1777390651,0.26,1.0,no,"{""count_fp"":""1.00"",""created_time"":""2026-04-28T15:37:31.298219Z"",""no_price_dollars"":""0.7400"",""taker_side"":""no"",""ticker"":""KXETH15M-26APR281145-45"",""trade_id"":""a9549a87-8f74-4205-a306-511ffe643f4e"",""yes_price_dollars"":""0.2600""}"
KXETH15M-26APR281145-45,11f91710-b2e4-7c91-0e35-450391ecac1a,1777390654,0.26,3.98,no,"{""count_fp"":""3.98"",""created_time"":""2026-04-28T15:37:34.679463Z"",""no_price_dollars"":""0.7400"",""taker_side"":""no"",""ticker"":""KXETH15M-26APR281145-45"",""trade_id"":""11f91710-b2e4-7c91-0e35-450391ecac1a"",""yes_price_dollars"":""0.2600""}"
KXETH15M-26APR281145-45,ca8fa93d-fa81-6bc8-b0c4-9c7533fb26f5,1777390656,0.27,5.0,no,"{""count_fp"":""5.00"",""created_time"":""2026-04-28T15:37:36.689012Z"",""no_price_dollars"":""0.7300"",""taker_side"":""no"",""ticker"":""KXETH15M-26APR281145-45"",""trade_id"":""ca8fa93d-fa81-6bc8-b0c4-9c7533fb26f5"",""yes_price_dollars"":""0.2700""}"
KXETH15M-26APR281145-45,4236ddf8-3d6c-60a0-9af5-e8452b0d9962,1777390656,0.27,10.0,no,"{""count_fp"":""10.00"",""created_time"":""2026-04-28T15:37:36.689012Z"",""no_price_dollars"":""0.7300"",""taker_side"":""no"",""ticker"":""KXETH15M-26APR281145-45"",""trade_id"":""4236ddf8-3d6c-60a0-9af5-e8452b0d9962"",""yes_price_dollars"":""0.2700""}"
KXETH15M-26APR281145-45,8c01c73d-3766-4dbb-28d6-98fd282982ea,1777390659,0.48,2.0,yes,"{""count_fp"":""2.00"",""created_time"":""2026-04-28T15:37:39.697027Z"",""no_price_dollars"":""0.5200"",""taker_side"":""yes"",""ticker"":""KXETH15M-26APR281145-45"",""trade_id"":""8c01c73d-3766-4dbb-28d6-98fd282982ea"",""yes_price_dollars"":""0.4800""}"
KXETH15M-26APR281145-45,27a52972-d330-4e89-39ec-19830f589186,1777390659,0.45,10.0,yes,"{""count_fp"":""10.00"",""created_time"":""2026-04-28T15:37:39.697027Z"",""no_price_dollars"":""0.5500"",""taker_side"":""yes"",""ticker"":""KXETH15M-26APR281145-45"",""trade_id"":""27a52972-d330-4e89-39ec-19830f589186"",""yes_price_dollars"":""0.4500""}"
KXETH15M-26APR281145-45,5f578ef2-c462-4bff-0dda-0329764c9ea9,1777390659,0.44,9.0,yes,"{""count_fp"":""9.00"",""created_time"":""2026-04-28T15:37:39.557972Z"",""no_price_dollars"":""0.5600"",""taker_side"":""yes"",""ticker"":""KXETH15M-26APR281145-45"",""trade_id"":""5f578ef2-c462-4bff-0dda-0329764c9ea9"",""yes_price_dollars"":""0.4400""}"
KXETH15M-26APR281145-45,14bb1ade-1bc8-4d0b-15d9-8f61f1b76566,1777390659,0.44,10.0,yes,"{""count_fp"":""10.00"",""created_time"":""2026-04-28T15:37:39.557972Z"",""no_price_dollars"":""0.5600"",""taker_side"":""yes"",""ticker"":""KXETH15M-26APR281145-45"",""trade_id"":""14bb1ade-1bc8-4d0b-15d9-8f61f1b76566"",""yes_price_dollars"":""0.4400""}"
KXETH15M-26APR281145-45,ba5e3992-9dfc-5cd3-cd8c-7ecf84da8bc0,1777390659,0.41,1.0,yes,"{""count_fp"":""1.00"",""created_time"":""2026-04-28T15:37:39.358393Z"",""no_price_dollars"":""0.5900"",""taker_side"":""yes"",""ticker"":""KXETH15M-26APR281145-45"",""trade_id"":""ba5e3992-9dfc-5cd3-cd8c-7ecf84da8bc0"",""yes_price_dollars"":""0.4100""}"
KXETH15M-26APR281145-45,7f19cbe2-6671-4d23-f395-ba7249228e5d,1777390659,0.39,10.0,yes,"{""count_fp"":""10.00"",""created_time"":""2026-04-28T15:37:39.167973Z"",""no_price_dollars"":""0.6100"",""taker_side"":""yes"",""ticker"":""KXETH15M-26APR281145-45"",""trade_id"":""7f19cbe2-6671-4d23-f395-ba7249228e5d"",""yes_price_dollars"":""0.3900""}"
KXETH15M-26APR281145-45,0245a61a-28fe-51f0-4f2b-65295a281b22,1777390659,0.38,10.0,yes,"{""count_fp"":""10.00"",""created_time"":""2026-04-28T15:37:39.155453Z"",""no_price_dollars"":""0.6200"",""taker_side"":""yes"",""ticker"":""KXETH15M-26APR281145-45"",""trade_id"":""0245a61a-28fe-51f0-4f2b-65295a281b22"",""yes_price_dollars"":""0.3800""}"
KXETH15M-26APR281145-45,d445040d-33d6-663f-3b7a-5f29945e07b2,1777390660,0.48,1.0,yes,"{""count_fp"":""1.00"",""created_time"":""2026-04-28T15:37:40.696607Z"",""no_price_dollars"":""0.5200"",""taker_side"":""yes"",""ticker"":""KXETH15M-26APR281145-45"",""trade_id"":""d445040d-33d6-663f-3b7a-5f29945e07b2"",""yes_price_dollars"":""0.4800""}"
KXETH15M-26APR281145-45,38eea4c9-3af9-7943-83bc-5d4ceaf9c75b,1777390662,0.45,3.52,no,"{""count_fp"":""3.52"",""created_time"":""2026-04-28T15:37:42.442473Z"",""no_price_dollars"":""0.5500"",""taker_side"":""no"",""ticker"":""KXETH15M-26APR281145-45"",""trade_id"":""38eea4c9-3af9-7943-83bc-5d4ceaf9c75b"",""yes_price_dollars"":""0.4500""}"
KXETH15M-26APR281145-45,c7f1b489-0e5a-448b-6d2f-0b37c5eec53a,1777390663,0.48,10.05,yes,"{""count_fp"":""10.05"",""created_time"":""2026-04-28T15:37:43.202534Z"",""no_price_dollars"":""0.5200"",""taker_side"":""yes"",""ticker"":""KXETH15M-26APR281145-45"",""trade_id"":""c7f1b489-0e5a-448b-6d2f-0b37c5eec53a"",""yes_price_dollars"":""0.4800""}"
KXETH15M-26APR281145-45,6c1192a4-b235-726b-c60a-aa1eced0597d,1777390667,0.49,28.36,no,"{""count_fp"":""28.36"",""created_time"":""2026-04-28T15:37:47.735435Z"",""no_price_dollars"":""0.5100"",""taker_side"":""no"",""ticker"":""KXETH15M-26APR281145-45"",""trade_id"":""6c1192a4-b235-726b-c60a-aa1eced0597d"",""yes_price_dollars"":""0.4900""}"
KXETH15M-26APR281145-45,f72f4340-5dda-4a6b-d6af-ded15c30d19a,1777390667,0.48,236.0,yes,"{""count_fp"":""236.00"",""created_time"":""2026-04-28T15:37:47.142358Z"",""no_price_dollars"":""0.5200"",""taker_side"":""yes"",""ticker"":""KXETH15M-26APR281145-45"",""trade_id"":""f72f4340-5dda-4a6b-d6af-ded15c30d19a"",""yes_price_dollars"":""0.4800""}"
KXETH15M-26APR281145-45,d53b4c8b-238a-5a17-e169-df99e5325742,1777390667,0.48,250.0,yes,"{""count_fp"":""250.00"",""created_time"":""2026-04-28T15:37:47.074313Z"",""no_price_dollars"":""0.5200"",""taker_side"":""yes"",""ticker"":""KXETH15M-26APR281145-45"",""trade_id"":""d53b4c8b-238a-5a17-e169-df99e5325742"",""yes_price_dollars"":""0.4800""}"
KXETH15M-26APR281145-45,4cf0a956-203a-613a-e773-7eb111d01b92,1777390669,0.51,48.89,no,"{""count_fp"":""48.89"",""created_time"":""2026-04-28T15:37:49.276494Z"",""no_price_dollars"":""0.4900"",""taker_side"":""no"",""ticker"":""KXETH15M-26APR281145-45"",""trade_id"":""4cf0a956-203a-613a-e773-7eb111d01b92"",""yes_price_dollars"":""0.5100""}"
KXETH15M-26APR281145-45,226d4a46-c311-645a-c111-507fdf115a91,1777390669,0.52,10.0,no,"{""count_fp"":""10.00"",""created_time"":""2026-04-28T15:37:49.276494Z"",""no_price_dollars"":""0.4800"",""taker_side"":""no"",""ticker"":""KXETH15M-26APR281145-45"",""trade_id"":""226d4a46-c311-645a-c111-507fdf115a91"",""yes_price_dollars"":""0.5200""}"
KXETH15M-26APR281145-45,fe517201-e3e7-6105-f0aa-0cdf040612c7,1777390670,0.53,1.0,yes,"{""count_fp"":""1.00"",""created_time"":""2026-04-28T15:37:50.068809Z"",""no_price_dollars"":""0.4700"",""taker_side"":""yes"",""ticker"":""KXETH15M-26APR281145-45"",""trade_id"":""fe517201-e3e7-6105-f0aa-0cdf040612c7"",""yes_price_dollars"":""0.5300""}"
KXETH15M-26APR281145-45,8b1adf97-298f-612e-500c-3199ce7a1bf0,1777390673,0.54,125.0,yes,"{""count_fp"":""125.00"",""created_time"":""2026-04-28T15:37:53.934116Z"",""no_price_dollars"":""0.4600"",""taker_side"":""yes"",""ticker"":""KXETH15M-26APR281145-45"",""trade_id"":""8b1adf97-298f-612e-500c-3199ce7a1bf0"",""yes_price_dollars"":""0.5400""}"
KXETH15M-26APR281145-45,a367aa10-2b25-64d9-b338-073aa1a780b7,1777390674,0.55,3.0,yes,"{""count_fp"":""3.00"",""created_time"":""2026-04-28T15:37:54.648305Z"",""no_price_dollars"":""0.4500"",""taker_side"":""yes"",""ticker"":""KXETH15M-26APR281145-45"",""trade_id"":""a367aa10-2b25-64d9-b338-073aa1a780b7"",""yes_price_dollars"":""0.5500""}"
KXETH15M-26APR281145-45,7d9aa567-6ff3-69ae-f471-765137ff24dc,1777390677,0.53,40.0,yes,"{""count_fp"":""40.00"",""created_time"":""2026-04-28T15:37:57.629591Z"",""no_price_dollars"":""0.4700"",""taker_side"":""yes"",""ticker"":""KXETH15M-26APR281145-45"",""trade_id"":""7d9aa567-6ff3-69ae-f471-765137ff24dc"",""yes_price_dollars"":""0.5300""}"
KXETH15M-26APR281145-45,27be6d7c-2347-5d06-7487-e858ba0f5266,1777390677,0.52,10.0,no,"{""count_fp"":""10.00"",""created_time"":""2026-04-28T15:37:57.305521Z"",""no_price_dollars"":""0.4800"",""taker_side"":""no"",""ticker"":""KXETH15M-26APR281145-45"",""trade_id"":""27be6d7c-2347-5d06-7487-e858ba0f5266"",""yes_price_dollars"":""0.5200""}"
KXETH15M-26APR281145-45,7af548f9-8d24-5786-d52a-460555793103,1777390678,0.51,1.0,no,"{""count_fp"":""1.00"",""created_time"":""2026-04-28T15:37:58.669013Z"",""no_price_dollars"":""0.4900"",""taker_side"":""no"",""ticker"":""KXETH15M-26APR281145-45"",""trade_id"":""7af548f9-8d24-5786-d52a-460555793103"",""yes_price_dollars"":""0.5100""}"
KXETH15M-26APR281145-45,9a64f21a-fd3b-5de2-38db-bade748674f4,1777390678,0.53,3.0,yes,"{""count_fp"":""3.00"",""created_time"":""2026-04-28T15:37:58.087744Z"",""no_price_dollars"":""0.4700"",""taker_side"":""yes"",""ticker"":""KXETH15M-26APR281145-45"",""trade_id"":""9a64f21a-fd3b-5de2-38db-bade748674f4"",""yes_price_dollars"":""0.5300""}"
KXETH15M-26APR281145-45,62b819b8-5c9e-56e7-057d-0b423d402bd5,1777390681,0.59,1.0,yes,"{""count_fp"":""1.00"",""created_time"":""2026-04-28T15:38:01.700632Z"",""no_price_dollars"":""0.4100"",""taker_side"":""yes"",""ticker"":""KXETH15M-26APR281145-45"",""trade_id"":""62b819b8-5c9e-56e7-057d-0b423d402bd5"",""yes_price_dollars"":""0.5900""}"
KXETH15M-26APR281145-45,bdfe3c23-3bea-7062-8615-e8f8c54d5240,1777390687,0.57,5.0,yes,"{""count_fp"":""5.00"",""created_time"":""2026-04-28T15:38:07.584198Z"",""no_price_dollars"":""0.4300"",""taker_side"":""yes"",""ticker"":""KXETH15M-26APR281145-45"",""trade_id"":""bdfe3c23-3bea-7062-8615-e8f8c54d5240"",""yes_price_dollars"":""0.5700""}"
KXETH15M-26APR281145-45,b458c76f-f4c3-5132-df8f-2bfb4ccfd090,1777390688,0.67,7.0,yes,"{""count_fp"":""7.00"",""created_time"":""2026-04-28T15:38:08.879589Z"",""no_price_dollars"":""0.3300"",""taker_side"":""yes"",""ticker"":""KXETH15M-26APR281145-45"",""trade_id"":""b458c76f-f4c3-5132-df8f-2bfb4ccfd090"",""yes_price_dollars"":""0.6700""}"
KXETH15M-26APR281145-45,02622905-ed6e-5647-d55d-432c1d3cdc01,1777390688,0.59,749.0,yes,"{""count_fp"":""749.00"",""created_time"":""2026-04-28T15:38:08.001005Z"",""no_price_dollars"":""0.4100"",""taker_side"":""yes"",""ticker"":""KXETH15M-26APR281145-45"",""trade_id"":""02622905-ed6e-5647-d55d-432c1d3cdc01"",""yes_price_dollars"":""0.5900""}"
KXETH15M-26APR281145-45,de789271-442b-4986-f748-351f39719244,1777390692,0.64,2.0,yes,"{""count_fp"":""2.00"",""created_time"":""2026-04-28T15:38:12.836584Z"",""no_price_dollars"":""0.3600"",""taker_side"":""yes"",""ticker"":""KXETH15M-26APR281145-45"",""trade_id"":""de789271-442b-4986-f748-351f39719244"",""yes_price_dollars"":""0.6400""}"
KXETH15M-26APR281145-45,5a2e4ea4-8b70-6d02-17a4-e6711b8d3b7c,1777390694,0.57,10.0,no,"{""count_fp"":""10.00"",""created_time"":""2026-04-28T15:38:14.876618Z"",""no_price_dollars"":""0.4300"",""taker_side"":""no"",""ticker"":""KXETH15M-26APR281145-45"",""trade_id"":""5a2e4ea4-8b70-6d02-17a4-e6711b8d3b7c"",""yes_price_dollars"":""0.5700""}"
KXETH15M-26APR281145-45,2ddc2ed4-a38c-6599-0acf-3d1ce3bae317,1777390694,0.57,20.0,no,"{""count_fp"":""20.00"",""created_time"":""2026-04-28T15:38:14.876618Z"",""no_price_dollars"":""0.4300"",""taker_side"":""no"",""ticker"":""KXETH15M-26APR281145-45"",""trade_id"":""2ddc2ed4-a38c-6599-0acf-3d1ce3bae317"",""yes_price_dollars"":""0.5700""}"
KXETH15M-26APR281145-45,8ff4ae27-90a8-4dcb-04a7-bc914f6d1137,1777390694,0.59,10.0,no,"{""count_fp"":""10.00"",""created_time"":""2026-04-28T15:38:14.762232Z"",""no_price_dollars"":""0.4100"",""taker_side"":""no"",""ticker"":""KXETH15M-26APR281145-45"",""trade_id"":""8ff4ae27-90a8-4dcb-04a7-bc914f6d1137"",""yes_price_dollars"":""0.5900""}"
KXETH15M-26APR281145-45,ae9d5650-86d6-520a-38ec-305468068c5a,1777390694,0.59,100.0,no,"{""count_fp"":""100.00"",""created_time"":""2026-04-28T15:38:14.745265Z"",""no_price_dollars"":""0.4100"",""taker_side"":""no"",""ticker"":""KXETH15M-26APR281145-45"",""trade_id"":""ae9d5650-86d6-520a-38ec-305468068c5a"",""yes_price_dollars"":""0.5900""}"
KXETH15M-26APR281145-45,2c7ea536-5c3e-6b1b-3645-ac360fe18014,1777390696,0.54,8.0,yes,"{""count_fp"":""8.00"",""created_time"":""2026-04-28T15:38:16.071673Z"",""no_price_dollars"":""0.4600"",""taker_side"":""yes"",""ticker"":""KXETH15M-26APR281145-45"",""trade_id"":""2c7ea536-5c3e-6b1b-3645-ac360fe18014"",""yes_price_dollars"":""0.5400""}"
KXETH15M-26APR281145-45,d292eb09-4527-6747-a2d6-3ea2e8ad71a2,1777390697,0.52,10.0,no,"{""count_fp"":""10.00"",""created_time"":""2026-04-28T15:38:17.883026Z"",""no_price_dollars"":""0.4800"",""taker_side"":""no"",""ticker"":""KXETH15M-26APR281145-45"",""trade_id"":""d292eb09-4527-6747-a2d6-3ea2e8ad71a2"",""yes_price_dollars"":""0.5200""}"
KXETH15M-26APR281145-45,92c74845-f7c9-6a36-b28a-9110568ed8a3,1777390697,0.51,10.0,no,"{""count_fp"":""10.00"",""created_time"":""2026-04-28T15:38:17.883026Z"",""no_price_dollars"":""0.4900"",""taker_side"":""no"",""ticker"":""KXETH15M-26APR281145-45"",""trade_id"":""92c74845-f7c9-6a36-b28a-9110568ed8a3"",""yes_price_dollars"":""0.5100""}"
KXETH15M-26APR281145-45,4b629da2-11b8-6da6-a018-bc675d12dee3,1777390697,0.51,39.0,no,"{""count_fp"":""39.00"",""created_time"":""2026-04-28T15:38:17.883026Z"",""no_price_dollars"":""0.4900"",""taker_side"":""no"",""ticker"":""KXETH15M-26APR281145-45"",""trade_id"":""4b629da2-11b8-6da6-a018-bc675d12dee3"",""yes_price_dollars"":""0.5100""}"
KXETH15M-26APR281145-45,ac72fc0d-ff4c-7ead-4c21-4ad7c94516e9,1777390697,0.53,10.0,no,"{""count_fp"":""10.00"",""created_time"":""2026-04-28T15:38:17.094811Z"",""no_price_dollars"":""0.4700"",""taker_side"":""no"",""ticker"":""KXETH15M-26APR281145-45"",""trade_id"":""ac72fc0d-ff4c-7ead-4c21-4ad7c94516e9"",""yes_price_dollars"":""0.5300""}"
KXETH15M-26APR281145-45,376e84bb-1b4e-7893-a821-b80e68edee60,1777390701,0.5,20.0,yes,"{""count_fp"":""20.00"",""created_time"":""2026-04-28T15:38:21.181915Z"",""no_price_dollars"":""0.5000"",""taker_side"":""yes"",""ticker"":""KXETH15M-26APR281145-45"",""trade_id"":""376e84bb-1b4e-7893-a821-b80e68edee60"",""yes_price_dollars"":""0.5000""}"
KXETH15M-26APR281145-45,5d8733fc-c97e-528b-a35d-df6403faca8c,1777390703,0.5,277.88,yes,"{""count_fp"":""277.88"",""created_time"":""2026-04-28T15:38:23.909307Z"",""no_price_dollars"":""0.5000"",""taker_side"":""yes"",""ticker"":""KXETH15M-26APR281145-45"",""trade_id"":""5d8733fc-c97e-528b-a35d-df6403faca8c"",""yes_price_dollars"":""0.5000""}"
KXETH15M-26APR281145-45,a05bd545-7e44-407f-fb3f-9103fe14bc33,1777390703,0.48,10.0,no,"{""count_fp"":""10.00"",""created_time"":""2026-04-28T15:38:23.791595Z"",""no_price_dollars"":""0.5200"",""taker_side"":""no"",""ticker"":""KXETH15M-26APR281145-45"",""trade_id"":""a05bd545-7e44-407f-fb3f-9103fe14bc33"",""yes_price_dollars"":""0.4800""}"
KXETH15M-26APR281145-45,906fb87e-593d-4c28-e7c2-23401e6227a2,1777390703,0.47,68.31,no,"{""count_fp"":""68.31"",""created_time"":""2026-04-28T15:38:23.791595Z"",""no_price_dollars"":""0.5300"",""taker_side"":""no"",""ticker"":""KXETH15M-26APR281145-45"",""trade_id"":""906fb87e-593d-4c28-e7c2-23401e6227a2"",""yes_price_dollars"":""0.4700""}"
KXETH15M-26APR281145-45,bf13e7ae-1318-7263-54f6-476e8e02555c,1777390705,0.45,11.24,no,"{""count_fp"":""11.24"",""created_time"":""2026-04-28T15:38:25.390518Z"",""no_price_dollars"":""0.5500"",""taker_side"":""no"",""ticker"":""KXETH15M-26APR281145-45"",""trade_id"":""bf13e7ae-1318-7263-54f6-476e8e02555c"",""yes_price_dollars"":""0.4500""}"
KXETH15M-26APR281145-45,8c622eb4-4f3a-55bc-d90e-6e219bc9397c,1777390709,0.48,0.96,yes,"{""count_fp"":""0.96"",""created_time"":""2026-04-28T15:38:29.163398Z"",""no_price_dollars"":""0.5200"",""taker_side"":""yes"",""ticker"":""KXETH15M-26APR281145-45"",""trade_id"":""8c622eb4-4f3a-55bc-d90e-6e219bc9397c"",""yes_price_dollars"":""0.4800""}"
KXETH15M-26APR281145-45,ecd1597c-fa72-4855-b804-8901596a80cc,1777390715,0.37,10.0,no,"{""count_fp"":""10.00"",""created_time"":""2026-04-28T15:38:35.621308Z"",""no_price_dollars"":""0.6300"",""taker_side"":""no"",""ticker"":""KXETH15M-26APR281145-45"",""trade_id"":""ecd1597c-fa72-4855-b804-8901596a80cc"",""yes_price_dollars"":""0.3700""}"
KXETH15M-26APR281145-45,cbcd3905-097b-45e5-af79-fc8fdac3640c,1777390715,0.37,3.0,no,"{""count_fp"":""3.00"",""created_time"":""2026-04-28T15:38:35.621308Z"",""no_price_dollars"":""0.6300"",""taker_side"":""no"",""ticker"":""KXETH15M-26APR281145-45"",""trade_id"":""cbcd3905-097b-45e5-af79-fc8fdac3640c"",""yes_price_dollars"":""0.3700""}"
KXETH15M-26APR281145-45,abb5c095-ea50-45f9-bdae-2e046c926575,1777390715,0.36,60.53,no,"{""count_fp"":""60.53"",""created_time"":""2026-04-28T15:38:35.621308Z"",""no_price_dollars"":""0.6400"",""taker_side"":""no"",""ticker"":""KXETH15M-26APR281145-45"",""trade_id"":""abb5c095-ea50-45f9-bdae-2e046c926575"",""yes_price_dollars"":""0.3600""}"
KXETH15M-26APR281145-45,68883492-788f-47e4-9c04-101c44d31df5,1777390715,0.38,2.0,no,"{""count_fp"":""2.00"",""created_time"":""2026-04-28T15:38:35.621308Z"",""no_price_dollars"":""0.6200"",""taker_side"":""no"",""ticker"":""KXETH15M-26APR281145-45"",""trade_id"":""68883492-788f-47e4-9c04-101c44d31df5"",""yes_price_dollars"":""0.3800""}"
KXETH15M-26APR281145-45,00d21854-8413-6528-1a97-4e5f75814de6,1777390723,0.42,1.0,no,"{""count_fp"":""1.00"",""created_time"":""2026-04-28T15:38:43.255867Z"",""no_price_dollars"":""0.5800"",""taker_side"":""no"",""ticker"":""KXETH15M-26APR281145-45"",""trade_id"":""00d21854-8413-6528-1a97-4e5f75814de6"",""yes_price_dollars"":""0.4200""}"
KXETH15M-26APR281145-45,4f2f6e29-18c3-51dc-2516-9fb4f9f097b6,1777390724,0.42,49.0,no,"{""count_fp"":""49.00"",""created_time"":""2026-04-28T15:38:44.288563Z"",""no_price_dollars"":""0.5800"",""taker_side"":""no"",""ticker"":""KXETH15M-26APR281145-45"",""trade_id"":""4f2f6e29-18c3-51dc-2516-9fb4f9f097b6"",""yes_price_dollars"":""0.4200""}"
KXETH15M-26APR281145-45,a97f18ab-eb5f-5d89-6c66-71816e969ff0,1777390726,0.41,5.0,no,"{""count_fp"":""5.00"",""created_time"":""2026-04-28T15:38:46.842794Z"",""no_price_dollars"":""0.5900"",""taker_side"":""no"",""ticker"":""KXETH15M-26APR281145-45"",""trade_id"":""a97f18ab-eb5f-5d89-6c66-71816e969ff0"",""yes_price_dollars"":""0.4100""}"
KXETH15M-26APR281145-45,6f12b308-195a-52e6-4ae4-a395e7bd7c2e,1777390726,0.39,6.25,no,"{""count_fp"":""6.25"",""created_time"":""2026-04-28T15:38:46.842794Z"",""no_price_dollars"":""0.6100"",""taker_side"":""no"",""ticker"":""KXETH15M-26APR281145-45"",""trade_id"":""6f12b308-195a-52e6-4ae4-a395e7bd7c2e"",""yes_price_dollars"":""0.3900""}"
KXETH15M-26APR281145-45,acdf8a60-4d7f-505e-6fa9-d89803b7cc51,1777390728,0.37,23.2,no,"{""count_fp"":""23.20"",""created_time"":""2026-04-28T15:38:48.252627Z"",""no_price_dollars"":""0.6300"",""taker_side"":""no"",""ticker"":""KXETH15M-26APR281145-45"",""trade_id"":""acdf8a60-4d7f-505e-6fa9-d89803b7cc51"",""yes_price_dollars"":""0.3700""}"
KXETH15M-26APR281145-45,f40b1b31-2048-7249-3452-7abf003d72b5,1777390730,0.35,2.97,no,"{""count_fp"":""2.97"",""created_time"":""2026-04-28T15:38:50.165019Z"",""no_price_dollars"":""0.6500"",""taker_side"":""no"",""ticker"":""KXETH15M-26APR281145-45"",""trade_id"":""f40b1b31-2048-7249-3452-7abf003d72b5"",""yes_price_dollars"":""0.3500""}"
KXETH15M-26APR281145-45,ddaa6937-95a8-5b95-d783-d15fdc782475,1777390733,0.35,100.0,no,"{""count_fp"":""100.00"",""created_time"":""2026-04-28T15:38:53.146861Z"",""no_price_dollars"":""0.6500"",""taker_side"":""no"",""ticker"":""KXETH15M-26APR281145-45"",""trade_id"":""ddaa6937-95a8-5b95-d783-d15fdc782475"",""yes_price_dollars"":""0.3500""}"
KXETH15M-26APR281145-45,304a2431-2bc8-5c6a-ef38-13719be46823,1777390733,0.35,10.0,no,"{""count_fp"":""10.00"",""created_time"":""2026-04-28T15:38:53.146861Z"",""no_price_dollars"":""0.6500"",""taker_side"":""no"",""ticker"":""KXETH15M-26APR281145-45"",""trade_id"":""304a2431-2bc8-5c6a-ef38-13719be46823"",""yes_price_dollars"":""0.3500""}"
KXETH15M-26APR281145-45,fe45f1f9-5cb2-7073-2208-9967aa31be34,1777390734,0.35,4.59,yes,"{""count_fp"":""4.59"",""created_time"":""2026-04-28T15:38:54.549442Z"",""no_price_dollars"":""0.6500"",""taker_side"":""yes"",""ticker"":""KXETH15M-26APR281145-45"",""trade_id"":""fe45f1f9-5cb2-7073-2208-9967aa31be34"",""yes_price_dollars"":""0.3500""}"
KXETH15M-26APR281145-45,7db70b2e-f0b2-7c15-1ad7-d442ad863990,1777390734,0.35,10.0,yes,"{""count_fp"":""10.00"",""created_time"":""2026-04-28T15:38:54.549442Z"",""no_price_dollars"":""0.6500"",""taker_side"":""yes"",""ticker"":""KXETH15M-26APR281145-45"",""trade_id"":""7db70b2e-f0b2-7c15-1ad7-d442ad863990"",""yes_price_dollars"":""0.3500""}"
KXETH15M-26APR281145-45,10758fd5-fa65-78a5-3b0c-f7542c36725f,1777390734,0.34,10.0,yes,"{""count_fp"":""10.00"",""created_time"":""2026-04-28T15:38:54.549442Z"",""no_price_dollars"":""0.6600"",""taker_side"":""yes"",""ticker"":""KXETH15M-26APR281145-45"",""trade_id"":""10758fd5-fa65-78a5-3b0c-f7542c36725f"",""yes_price_dollars"":""0.3400""}"
KXETH15M-26APR281145-45,b35f367d-1c09-7f9b-c9f0-09dc68e734b7,1777390734,0.31,59.16,no,"{""count_fp"":""59.16"",""created_time"":""2026-04-28T15:38:54.114301Z"",""no_price_dollars"":""0.6900"",""taker_side"":""no"",""ticker"":""KXETH15M-26APR281145-45"",""trade_id"":""b35f367d-1c09-7f9b-c9f0-09dc68e734b7"",""yes_price_dollars"":""0.3100""}"
KXETH15M-26APR281145-45,1e13b194-5c2d-7e77-f147-5bfef5d9b953,1777390734,0.33,15.0,no,"{""count_fp"":""15.00"",""created_time"":""2026-04-28T15:38:54.114301Z"",""no_price_dollars"":""0.6700"",""taker_side"":""no"",""ticker"":""KXETH15M-26APR281145-45"",""trade_id"":""1e13b194-5c2d-7e77-f147-5bfef5d9b953"",""yes_price_dollars"":""0.3300""}"
KXETH15M-26APR281145-45,d8e8308d-4942-4319-03e8-77bf9e0abb38,1777390738,0.3,1.39,no,"{""count_fp"":""1.39"",""created_time"":""2026-04-28T15:38:58.399947Z"",""no_price_dollars"":""0.7000"",""taker_side"":""no"",""ticker"":""KXETH15M-26APR281145-45"",""trade_id"":""d8e8308d-4942-4319-03e8-77bf9e0abb38"",""yes_price_dollars"":""0.3000""}"
KXETH15M-26APR281145-45,f75fe19b-5790-4e31-cf5b-e6decf7ed14a,1777390751,0.39,2.0,yes,"{""count_fp"":""2.00"",""created_time"":""2026-04-28T15:39:11.009593Z"",""no_price_dollars"":""0.6100"",""taker_side"":""yes"",""ticker"":""KXETH15M-26APR281145-45"",""trade_id"":""f75fe19b-5790-4e31-cf5b-e6decf7ed14a"",""yes_price_dollars"":""0.3900""}"
KXETH15M-26APR281145-45,e9e306c9-7fee-456d-c8aa-24223e5aad91,1777390751,0.39,8.0,yes,"{""count_fp"":""8.00"",""created_time"":""2026-04-28T15:39:11.009593Z"",""no_price_dollars"":""0.6100"",""taker_side"":""yes"",""ticker"":""KXETH15M-26APR281145-45"",""trade_id"":""e9e306c9-7fee-456d-c8aa-24223e5aad91"",""yes_price_dollars"":""0.3900""}"
KXETH15M-26APR281145-45,5b5317d4-83e3-40b3-f686-55d50773377f,1777390751,0.39,4.25,yes,"{""count_fp"":""4.25"",""created_time"":""2026-04-28T15:39:11.009593Z"",""no_price_dollars"":""0.6100"",""taker_side"":""yes"",""ticker"":""KXETH15M-26APR281145-45"",""trade_id"":""5b5317d4-83e3-40b3-f686-55d50773377f"",""yes_price_dollars"":""0.3900""}"
KXETH15M-26APR281145-45,27b5945e-8efc-45f8-c282-5d199cbdcd30,1777390751,0.39,10.0,yes,"{""count_fp"":""10.00"",""created_time"":""2026-04-28T15:39:11.009593Z"",""no_price_dollars"":""0.6100"",""taker_side"":""yes"",""ticker"":""KXETH15M-26APR281145-45"",""trade_id"":""27b5945e-8efc-45f8-c282-5d199cbdcd30"",""yes_price_dollars"":""0.3900""}"
KXETH15M-26APR281145-45,a2e08bc0-f543-6703-7995-c893da6fcc5e,1777390752,0.38,5.0,no,"{""count_fp"":""5.00"",""created_time"":""2026-04-28T15:39:12.848149Z"",""no_price_dollars"":""0.6200"",""taker_side"":""no"",""ticker"":""KXETH15M-26APR281145-45"",""trade_id"":""a2e08bc0-f543-6703-7995-c893da6fcc5e"",""yes_price_dollars"":""0.3800""}"
KXETH15M-26APR281145-45,3533334a-2147-6a3b-d9b2-a03326efb416,1777390753,0.38,4.71,no,"{""count_fp"":""4.71"",""created_time"":""2026-04-28T15:39:13.704303Z"",""no_price_dollars"":""0.6200"",""taker_side"":""no"",""ticker"":""KXETH15M-26APR281145-45"",""trade_id"":""3533334a-2147-6a3b-d9b2-a03326efb416"",""yes_price_dollars"":""0.3800""}"
KXETH15M-26APR281145-45,3116ae49-f245-669b-fd99-db8abe47954e,1777390753,0.38,3.02,no,"{""count_fp"":""3.02"",""created_time"":""2026-04-28T15:39:13.704303Z"",""no_price_dollars"":""0.6200"",""taker_side"":""no"",""ticker"":""KXETH15M-26APR281145-45"",""trade_id"":""3116ae49-f245-669b-fd99-db8abe47954e"",""yes_price_dollars"":""0.3800""}"
KXETH15M-26APR281145-45,de3281e9-fb0f-65bf-7bde-4904eee4ba27,1777390756,0.38,3.09,no,"{""count_fp"":""3.09"",""created_time"":""2026-04-28T15:39:16.441784Z"",""no_price_dollars"":""0.6200"",""taker_side"":""no"",""ticker"":""KXETH15M-26APR281145-45"",""trade_id"":""de3281e9-fb0f-65bf-7bde-4904eee4ba27"",""yes_price_dollars"":""0.3800""}"
KXETH15M-26APR281145-45,3a876bf6-9d70-6e35-40af-10977d7f8db0,1777390768,0.55,10.0,yes,"{""count_fp"":""10.00"",""created_time"":""2026-04-28T15:39:28.254601Z"",""no_price_dollars"":""0.4500"",""taker_side"":""yes"",""ticker"":""KXETH15M-26APR281145-45"",""trade_id"":""3a876bf6-9d70-6e35-40af-10977d7f8db0"",""yes_price_dollars"":""0.5500""}"
KXETH15M-26APR281145-45,2939f9bf-9621-6e82-78d9-d47f2f67e0b8,1777390768,0.55,10.0,yes,"{""count_fp"":""10.00"",""created_time"":""2026-04-28T15:39:28.254601Z"",""no_price_dollars"":""0.4500"",""taker_side"":""yes"",""ticker"":""KXETH15M-26APR281145-45"",""trade_id"":""2939f9bf-9621-6e82-78d9-d47f2f67e0b8"",""yes_price_dollars"":""0.5500""}"
KXETH15M-26APR281145-45,da95853c-76ca-7caa-04ee-0b2d5351c3ba,1777390770,0.53,2.23,no,"{""count_fp"":""2.23"",""created_time"":""2026-04-28T15:39:30.876986Z"",""no_price_dollars"":""0.4700"",""taker_side"":""no"",""ticker"":""KXETH15M-26APR281145-45"",""trade_id"":""da95853c-76ca-7caa-04ee-0b2d5351c3ba"",""yes_price_dollars"":""0.5300""}"
KXETH15M-26APR281145-45,0dabca84-bd53-74b8-1592-aaa0eb884f2f,1777390770,0.53,10.0,no,"{""count_fp"":""10.00"",""created_time"":""2026-04-28T15:39:30.876986Z"",""no_price_dollars"":""0.4700"",""taker_side"":""no"",""ticker"":""KXETH15M-26APR281145-45"",""trade_id"":""0dabca84-bd53-74b8-1592-aaa0eb884f2f"",""yes_price_dollars"":""0.5300""}"
KXETH15M-26APR281145-45,28905b9a-4596-5d80-9008-da3bc7b851ab,1777390773,0.55,5.0,yes,"{""count_fp"":""5.00"",""created_time"":""2026-04-28T15:39:33.243351Z"",""no_price_dollars"":""0.4500"",""taker_side"":""yes"",""ticker"":""KXETH15M-26APR281145-45"",""trade_id"":""28905b9a-4596-5d80-9008-da3bc7b851ab"",""yes_price_dollars"":""0.5500""}"
KXETH15M-26APR281145-45,0e15ef91-5086-7e62-95fc-e7c1f941793e,1777390774,0.55,30.0,no,"{""count_fp"":""30.00"",""created_time"":""2026-04-28T15:39:34.638012Z"",""no_price_dollars"":""0.4500"",""taker_side"":""no"",""ticker"":""KXETH15M-26APR281145-45"",""trade_id"":""0e15ef91-5086-7e62-95fc-e7c1f941793e"",""yes_price_dollars"":""0.5500""}"
KXETH15M-26APR281145-45,d39c1e39-4afd-63a8-b54f-005fffe420bd,1777390776,0.56,10.0,no,"{""count_fp"":""10.00"",""created_time"":""2026-04-28T15:39:36.573668Z"",""no_price_dollars"":""0.4400"",""taker_side"":""no"",""ticker"":""KXETH15M-26APR281145-45"",""trade_id"":""d39c1e39-4afd-63a8-b54f-005fffe420bd"",""yes_price_dollars"":""0.5600""}"
KXETH15M-26APR281145-45,c634b8a4-2282-65c2-8ca6-178649762326,1777390776,0.56,0.39,no,"{""count_fp"":""0.39"",""created_time"":""2026-04-28T15:39:36.573668Z"",""no_price_dollars"":""0.4400"",""taker_side"":""no"",""ticker"":""KXETH15M-26APR281145-45"",""trade_id"":""c634b8a4-2282-65c2-8ca6-178649762326"",""yes_price_dollars"":""0.5600""}"
KXETH15M-26APR281145-45,e8c865fb-7420-5f94-f962-9cf5a8bb3f47,1777390779,0.6,0.81,yes,"{""count_fp"":""0.81"",""created_time"":""2026-04-28T15:39:39.203981Z"",""no_price_dollars"":""0.4000"",""taker_side"":""yes"",""ticker"":""KXETH15M-26APR281145-45"",""trade_id"":""e8c865fb-7420-5f94-f962-9cf5a8bb3f47"",""yes_price_dollars"":""0.6000""}"
KXETH15M-26APR281145-45,e2425cef-c8f5-42c4-d6fd-7bdefe7a84ef,1777390780,0.6,10.0,yes,"{""count_fp"":""10.00"",""created_time"":""2026-04-28T15:39:40.049735Z"",""no_price_dollars"":""0.4000"",""taker_side"":""yes"",""ticker"":""KXETH15M-26APR281145-45"",""trade_id"":""e2425cef-c8f5-42c4-d6fd-7bdefe7a84ef"",""yes_price_dollars"":""0.6000""}"
KXETH15M-26APR281145-45,79dbecb0-2304-45bc-f8df-d25a5d1e29cb,1777390780,0.6,10.0,yes,"{""count_fp"":""10.00"",""created_time"":""2026-04-28T15:39:40.049735Z"",""no_price_dollars"":""0.4000"",""taker_side"":""yes"",""ticker"":""KXETH15M-26APR281145-45"",""trade_id"":""79dbecb0-2304-45bc-f8df-d25a5d1e29cb"",""yes_price_dollars"":""0.6000""}"
KXETH15M-26APR281145-45,dcb3113b-457b-57cf-26bb-75b9844872bf,1777390781,0.56,10.0,no,"{""count_fp"":""10.00"",""created_time"":""2026-04-28T15:39:41.968362Z"",""no_price_dollars"":""0.4400"",""taker_side"":""no"",""ticker"":""KXETH15M-26APR281145-45"",""trade_id"":""dcb3113b-457b-57cf-26bb-75b9844872bf"",""yes_price_dollars"":""0.5600""}"
KXETH15M-26APR281145-45,badb99cc-fce3-567b-32f0-c719dd507fc6,1777390781,0.55,0.71,no,"{""count_fp"":""0.71"",""created_time"":""2026-04-28T15:39:41.968362Z"",""no_price_dollars"":""0.4500"",""taker_side"":""no"",""ticker"":""KXETH15M-26APR281145-45"",""trade_id"":""badb99cc-fce3-567b-32f0-c719dd507fc6"",""yes_price_dollars"":""0.5500""}"
KXETH15M-26APR281145-45,96b946c0-1eec-6cbb-6ef0-c649a90bccdc,1777390786,0.65,10.0,no,"{""count_fp"":""10.00"",""created_time"":""2026-04-28T15:39:46.848489Z"",""no_price_dollars"":""0.3500"",""taker_side"":""no"",""ticker"":""KXETH15M-26APR281145-45"",""trade_id"":""96b946c0-1eec-6cbb-6ef0-c649a90bccdc"",""yes_price_dollars"":""0.6500""}"
KXETH15M-26APR281145-45,74d6907c-38ee-6fe2-44b5-33fc70438506,1777390786,0.64,14.25,no,"{""count_fp"":""14.25"",""created_time"":""2026-04-28T15:39:46.848489Z"",""no_price_dollars"":""0.3600"",""taker_side"":""no"",""ticker"":""KXETH15M-26APR281145-45"",""trade_id"":""74d6907c-38ee-6fe2-44b5-33fc70438506"",""yes_price_dollars"":""0.6400""}"
KXETH15M-26APR281145-45,45915041-93de-73ee-a142-03b1371ffe8a,1777390786,0.65,16.28,no,"{""count_fp"":""16.28"",""created_time"":""2026-04-28T15:39:46.329255Z"",""no_price_dollars"":""0.3500"",""taker_side"":""no"",""ticker"":""KXETH15M-26APR281145-45"",""trade_id"":""45915041-93de-73ee-a142-03b1371ffe8a"",""yes_price_dollars"":""0.6500""}"
KXETH15M-26APR281145-45,119078c2-8581-7611-a046-993dfe040984,1777390786,0.65,10.0,no,"{""count_fp"":""10.00"",""created_time"":""2026-04-28T15:39:46.329255Z"",""no_price_dollars"":""0.3500"",""taker_side"":""no"",""ticker"":""KXETH15M-26APR281145-45"",""trade_id"":""119078c2-8581-7611-a046-993dfe040984"",""yes_price_dollars"":""0.6500""}"
KXETH15M-26APR281145-45,217f4983-b94b-4dc1-3a32-6d4c76c55651,1777390789,0.68,5.0,yes,"{""count_fp"":""5.00"",""created_time"":""2026-04-28T15:39:49.459552Z"",""no_price_dollars"":""0.3200"",""taker_side"":""yes"",""ticker"":""KXETH15M-26APR281145-45"",""trade_id"":""217f4983-b94b-4dc1-3a32-6d4c76c55651"",""yes_price_dollars"":""0.6800""}"
KXETH15M-26APR281145-45,856070cb-57ce-4abd-7986-c330f8bf8367,1777390790,0.69,1.0,yes,"{""count_fp"":""1.00"",""created_time"":""2026-04-28T15:39:50.308042Z"",""no_price_dollars"":""0.3100"",""taker_side"":""yes"",""ticker"":""KXETH15M-26APR281145-45"",""trade_id"":""856070cb-57ce-4abd-7986-c330f8bf8367"",""yes_price_dollars"":""0.6900""}"
KXETH15M-26APR281145-45,a7c41226-7cb3-61b1-2e28-e4c1a5e8359d,1777390790,0.68,10.0,yes,"{""count_fp"":""10.00"",""created_time"":""2026-04-28T15:39:50.256805Z"",""no_price_dollars"":""0.3200"",""taker_side"":""yes"",""ticker"":""KXETH15M-26APR281145-45"",""trade_id"":""a7c41226-7cb3-61b1-2e28-e4c1a5e8359d"",""yes_price_dollars"":""0.6800""}"
KXETH15M-26APR281145-45,4659c0a1-d41d-6bee-2bf4-b37531660140,1777390790,0.68,10.31,yes,"{""count_fp"":""10.31"",""created_time"":""2026-04-28T15:39:50.256805Z"",""no_price_dollars"":""0.3200"",""taker_side"":""yes"",""ticker"":""KXETH15M-26APR281145-45"",""trade_id"":""4659c0a1-d41d-6bee-2bf4-b37531660140"",""yes_price_dollars"":""0.6800""}"
KXETH15M-26APR281145-45,8529da99-ba8e-5337-eb86-0de4f21c983c,1777390791,0.67,127.0,yes,"{""count_fp"":""127.00"",""created_time"":""2026-04-28T15:39:51.824959Z"",""no_price_dollars"":""0.3300"",""taker_side"":""yes"",""ticker"":""KXETH15M-26APR281145-45"",""trade_id"":""8529da99-ba8e-5337-eb86-0de4f21c983c"",""yes_price_dollars"":""0.6700""}"
KXETH15M-26APR281145-45,12d087db-23f1-7535-071b-779510513859,1777390791,0.68,4.69,no,"{""count_fp"":""4.69"",""created_time"":""2026-04-28T15:39:51.558635Z"",""no_price_dollars"":""0.3200"",""taker_side"":""no"",""ticker"":""KXETH15M-26APR281145-45"",""trade_id"":""12d087db-23f1-7535-071b-779510513859"",""yes_price_dollars"":""0.6800""}"
KXETH15M-26APR281145-45,62690db8-c4b5-4710-8fd7-e6f9991be357,1777390793,0.64,2.0,no,"{""count_fp"":""2.00"",""created_time"":""2026-04-28T15:39:53.754094Z"",""no_price_dollars"":""0.3600"",""taker_side"":""no"",""ticker"":""KXETH15M-26APR281145-45"",""trade_id"":""62690db8-c4b5-4710-8fd7-e6f9991be357"",""yes_price_dollars"":""0.6400""}"
KXETH15M-26APR281145-45,bd9bbafb-c7e9-6ab4-29c8-3a4be0b561b3,1777390796,0.62,1.36,no,"{""count_fp"":""1.36"",""created_time"":""2026-04-28T15:39:56.120159Z"",""no_price_dollars"":""0.3800"",""taker_side"":""no"",""ticker"":""KXETH15M-26APR281145-45"",""trade_id"":""bd9bbafb-c7e9-6ab4-29c8-3a4be0b561b3"",""yes_price_dollars"":""0.6200""}"
KXETH15M-26APR281145-45,346945b7-eb12-6dae-f2f2-4315c12978e1,1777390801,0.57,0.74,no,"{""count_fp"":""0.74"",""created_time"":""2026-04-28T15:40:01.664305Z"",""no_price_dollars"":""0.4300"",""taker_side"":""no"",""ticker"":""KXETH15M-26APR281145-45"",""trade_id"":""346945b7-eb12-6dae-f2f2-4315c12978e1"",""yes_price_dollars"":""0.5700""}"
KXETH15M-26APR281145-45,e395b7f1-f0b5-62ca-d02f-00ca59d95194,1777390801,0.6,2.0,no,"{""count_fp"":""2.00"",""created_time"":""2026-04-28T15:40:01.628907Z"",""no_price_dollars"":""0.4000"",""taker_side"":""no"",""ticker"":""KXETH15M-26APR281145-45"",""trade_id"":""e395b7f1-f0b5-62ca-d02f-00ca59d95194"",""yes_price_dollars"":""0.6000""}"
KXETH15M-26APR281145-45,cd3c59d2-7d9d-66b1-eb29-2c2c0a9b1f29,1777390801,0.6,14.0,no,"{""count_fp"":""14.00"",""created_time"":""2026-04-28T15:40:01.628907Z"",""no_price_dollars"":""0.4000"",""taker_side"":""no"",""ticker"":""KXETH15M-26APR281145-45"",""trade_id"":""cd3c59d2-7d9d-66b1-eb29-2c2c0a9b1f29"",""yes_price_dollars"":""0.6000""}"
KXETH15M-26APR281145-45,a56cb95b-15e5-6140-da78-4dcd4f4e4c03,1777390801,0.6,10.0,no,"{""count_fp"":""10.00"",""created_time"":""2026-04-28T15:40:01.628907Z"",""no_price_dollars"":""0.4000"",""taker_side"":""no"",""ticker"":""KXETH15M-26APR281145-45"",""trade_id"":""a56cb95b-15e5-6140-da78-4dcd4f4e4c03"",""yes_price_dollars"":""0.6000""}"
KXETH15M-26APR281145-45,0aa79d85-cc1e-68dc-c1bf-119b5fa5d032,1777390801,0.6,4.0,no,"{""count_fp"":""4.00"",""created_time"":""2026-04-28T15:40:01.628907Z"",""no_price_dollars"":""0.4000"",""taker_side"":""no"",""ticker"":""KXETH15M-26APR281145-45"",""trade_id"":""0aa79d85-cc1e-68dc-c1bf-119b5fa5d032"",""yes_price_dollars"":""0.6000""}"
KXETH15M-26APR281145-45,8211269c-35ae-447f-bd9b-b0b9a7e2c350,1777390806,0.65,1.5,yes,"{""count_fp"":""1.50"",""created_time"":""2026-04-28T15:40:06.991305Z"",""no_price_dollars"":""0.3500"",""taker_side"":""yes"",""ticker"":""KXETH15M-26APR281145-45"",""trade_id"":""8211269c-35ae-447f-bd9b-b0b9a7e2c350"",""yes_price_dollars"":""0.6500""}"
KXETH15M-26APR281145-45,d339f20f-21aa-674e-2371-12f9611eb906,1777390806,0.62,13.99,no,"{""count_fp"":""13.99"",""created_time"":""2026-04-28T15:40:06.499418Z"",""no_price_dollars"":""0.3800"",""taker_side"":""no"",""ticker"":""KXETH15M-26APR281145-45"",""trade_id"":""d339f20f-21aa-674e-2371-12f9611eb906"",""yes_price_dollars"":""0.6200""}"
KXETH15M-26APR281145-45,13d95d93-4af2-6199-0384-161bc2af5eb6,1777390806,0.63,10.0,no,"{""count_fp"":""10.00"",""created_time"":""2026-04-28T15:40:06.499418Z"",""no_price_dollars"":""0.3700"",""taker_side"":""no"",""ticker"":""KXETH15M-26APR281145-45"",""trade_id"":""13d95d93-4af2-6199-0384-161bc2af5eb6"",""yes_price_dollars"":""0.6300""}"
KXETH15M-26APR281145-45,da6a4693-9bc2-6f29-fc2e-b7f659a09078,1777390811,0.6,10.0,no,"{""count_fp"":""10.00"",""created_time"":""2026-04-28T15:40:11.254599Z"",""no_price_dollars"":""0.4000"",""taker_side"":""no"",""ticker"":""KXETH15M-26APR281145-45"",""trade_id"":""da6a4693-9bc2-6f29-fc2e-b7f659a09078"",""yes_price_dollars"":""0.6000""}"
KXETH15M-26APR281145-45,29a1087b-9155-6e28-d2e6-d63584bc0805,1777390811,0.6,99.53,no,"{""count_fp"":""99.53"",""created_time"":""2026-04-28T15:40:11.254599Z"",""no_price_dollars"":""0.4000"",""taker_side"":""no"",""ticker"":""KXETH15M-26APR281145-45"",""trade_id"":""29a1087b-9155-6e28-d2e6-d63584bc0805"",""yes_price_dollars"":""0.6000""}"
KXETH15M-26APR281145-45,7c276ceb-1f6b-487a-f00e-f360f72e5d1c,1777390813,0.61,100.0,no,"{""count_fp"":""100.00"",""created_time"":""2026-04-28T15:40:13.828233Z"",""no_price_dollars"":""0.3900"",""taker_side"":""no"",""ticker"":""KXETH15M-26APR281145-45"",""trade_id"":""7c276ceb-1f6b-487a-f00e-f360f72e5d1c"",""yes_price_dollars"":""0.6100""}"
KXETH15M-26APR281145-45,1112489d-1443-4179-f99c-68697d2a59e1,1777390813,0.61,10.0,no,"{""count_fp"":""10.00"",""created_time"":""2026-04-28T15:40:13.828233Z"",""no_price_dollars"":""0.3900"",""taker_side"":""no"",""ticker"":""KXETH15M-26APR281145-45"",""trade_id"":""1112489d-1443-4179-f99c-68697d2a59e1"",""yes_price_dollars"":""0.6100""}"
KXETH15M-26APR281145-45,e74b172d-794e-750f-9e59-86de2dc1c2c0,1777390817,0.68,7.0,yes,"{""count_fp"":""7.00"",""created_time"":""2026-04-28T15:40:17.280262Z"",""no_price_dollars"":""0.3200"",""taker_side"":""yes"",""ticker"":""KXETH15M-26APR281145-45"",""trade_id"":""e74b172d-794e-750f-9e59-86de2dc1c2c0"",""yes_price_dollars"":""0.6800""}"
KXETH15M-26APR281145-45,e1fe1cdf-5b84-4754-448f-9eb58558d3ef,1777390818,0.67,7.0,yes,"{""count_fp"":""7.00"",""created_time"":""2026-04-28T15:40:18.726532Z"",""no_price_dollars"":""0.3300"",""taker_side"":""yes"",""ticker"":""KXETH15M-26APR281145-45"",""trade_id"":""e1fe1cdf-5b84-4754-448f-9eb58558d3ef"",""yes_price_dollars"":""0.6700""}"
KXETH15M-26APR281145-45,9699d8a0-9bac-7567-f7aa-8c3f13e05ba8,1777390818,0.63,1.0,no,"{""count_fp"":""1.00"",""created_time"":""2026-04-28T15:40:18.133762Z"",""no_price_dollars"":""0.3700"",""taker_side"":""no"",""ticker"":""KXETH15M-26APR281145-45"",""trade_id"":""9699d8a0-9bac-7567-f7aa-8c3f13e05ba8"",""yes_price_dollars"":""0.6300""}"
KXETH15M-26APR281145-45,983e31dc-0812-5500-f002-f7c492bb3a0a,1777390818,0.64,10.0,no,"{""count_fp"":""10.00"",""created_time"":""2026-04-28T15:40:18.131877Z"",""no_price_dollars"":""0.3600"",""taker_side"":""no"",""ticker"":""KXETH15M-26APR281145-45"",""trade_id"":""983e31dc-0812-5500-f002-f7c492bb3a0a"",""yes_price_dollars"":""0.6400""}"
KXETH15M-26APR281145-45,86f644c5-cb14-5744-f416-66d6eee723de,1777390818,0.64,100.0,no,"{""count_fp"":""100.00"",""created_time"":""2026-04-28T15:40:18.131877Z"",""no_price_dollars"":""0.3600"",""taker_side"":""no"",""ticker"":""KXETH15M-26APR281145-45"",""trade_id"":""86f644c5-cb14-5744-f416-66d6eee723de"",""yes_price_dollars"":""0.6400""}"
KXETH15M-26APR281145-45,26d5f515-ff50-542c-c8cc-1a3feef9679c,1777390818,0.64,10.0,no,"{""count_fp"":""10.00"",""created_time"":""2026-04-28T15:40:18.131877Z"",""no_price_dollars"":""0.3600"",""taker_side"":""no"",""ticker"":""KXETH15M-26APR281145-45"",""trade_id"":""26d5f515-ff50-542c-c8cc-1a3feef9679c"",""yes_price_dollars"":""0.6400""}"
