ticker,trade_id,ts,yes_price,count,taker_side,raw_json
KXETH15M-26APR271445-45,3cc1cf38-bd7d-528b-17b9-e1e4dc19a225,1777314614,0.45,5.0,no,"{""count_fp"":""5.00"",""created_time"":""2026-04-27T18:30:14.628747Z"",""no_price_dollars"":""0.5500"",""taker_side"":""no"",""ticker"":""KXETH15M-26APR271445-45"",""trade_id"":""3cc1cf38-bd7d-528b-17b9-e1e4dc19a225"",""yes_price_dollars"":""0.4500""}"
KXETH15M-26APR271445-45,94b0e9b0-c13d-747b-8688-7b63f144238d,1777314617,0.45,2.0,no,"{""count_fp"":""2.00"",""created_time"":""2026-04-27T18:30:17.224179Z"",""no_price_dollars"":""0.5500"",""taker_side"":""no"",""ticker"":""KXETH15M-26APR271445-45"",""trade_id"":""94b0e9b0-c13d-747b-8688-7b63f144238d"",""yes_price_dollars"":""0.4500""}"
KXETH15M-26APR271445-45,77169712-b5ce-71a3-b6eb-767598180662,1777314617,0.46,1.0,no,"{""count_fp"":""1.00"",""created_time"":""2026-04-27T18:30:17.224179Z"",""no_price_dollars"":""0.5400"",""taker_side"":""no"",""ticker"":""KXETH15M-26APR271445-45"",""trade_id"":""77169712-b5ce-71a3-b6eb-767598180662"",""yes_price_dollars"":""0.4600""}"
KXETH15M-26APR271445-45,213dcbb9-b08a-7707-6b1f-c2e3bc5e4d64,1777314620,0.5,0.57,yes,"{""count_fp"":""0.57"",""created_time"":""2026-04-27T18:30:20.272476Z"",""no_price_dollars"":""0.5000"",""taker_side"":""yes"",""ticker"":""KXETH15M-26APR271445-45"",""trade_id"":""213dcbb9-b08a-7707-6b1f-c2e3bc5e4d64"",""yes_price_dollars"":""0.5000""}"
KXETH15M-26APR271445-45,86a712ac-b021-5a94-84b1-4bbedce992f3,1777314624,0.46,1.0,no,"{""count_fp"":""1.00"",""created_time"":""2026-04-27T18:30:24.739675Z"",""no_price_dollars"":""0.5400"",""taker_side"":""no"",""ticker"":""KXETH15M-26APR271445-45"",""trade_id"":""86a712ac-b021-5a94-84b1-4bbedce992f3"",""yes_price_dollars"":""0.4600""}"
KXETH15M-26APR271445-45,a492163b-56a4-6684-ff65-272289b8cfed,1777314626,0.45,5.14,no,"{""count_fp"":""5.14"",""created_time"":""2026-04-27T18:30:26.144521Z"",""no_price_dollars"":""0.5500"",""taker_side"":""no"",""ticker"":""KXETH15M-26APR271445-45"",""trade_id"":""a492163b-56a4-6684-ff65-272289b8cfed"",""yes_price_dollars"":""0.4500""}"
KXETH15M-26APR271445-45,934fd523-cb1f-694a-e45b-2d24cf8eb1ef,1777314626,0.46,1.0,no,"{""count_fp"":""1.00"",""created_time"":""2026-04-27T18:30:26.144521Z"",""no_price_dollars"":""0.5400"",""taker_side"":""no"",""ticker"":""KXETH15M-26APR271445-45"",""trade_id"":""934fd523-cb1f-694a-e45b-2d24cf8eb1ef"",""yes_price_dollars"":""0.4600""}"
KXETH15M-26APR271445-45,4105c572-26bf-708a-7321-164644ec7f21,1777314634,0.45,0.22,no,"{""count_fp"":""0.22"",""created_time"":""2026-04-27T18:30:34.434895Z"",""no_price_dollars"":""0.5500"",""taker_side"":""no"",""ticker"":""KXETH15M-26APR271445-45"",""trade_id"":""4105c572-26bf-708a-7321-164644ec7f21"",""yes_price_dollars"":""0.4500""}"
KXETH15M-26APR271445-45,702a7d05-86c7-55c6-2bf1-548adbbbd5f5,1777314634,0.45,10.0,no,"{""count_fp"":""10.00"",""created_time"":""2026-04-27T18:30:34.405555Z"",""no_price_dollars"":""0.5500"",""taker_side"":""no"",""ticker"":""KXETH15M-26APR271445-45"",""trade_id"":""702a7d05-86c7-55c6-2bf1-548adbbbd5f5"",""yes_price_dollars"":""0.4500""}"
KXETH15M-26APR271445-45,00952628-74ac-55f3-3783-b4eec5b3cb6a,1777314634,0.45,2.0,no,"{""count_fp"":""2.00"",""created_time"":""2026-04-27T18:30:34.405555Z"",""no_price_dollars"":""0.5500"",""taker_side"":""no"",""ticker"":""KXETH15M-26APR271445-45"",""trade_id"":""00952628-74ac-55f3-3783-b4eec5b3cb6a"",""yes_price_dollars"":""0.4500""}"
KXETH15M-26APR271445-45,77085f02-447a-513a-a084-0faa7068afbb,1777314638,0.45,1.0,no,"{""count_fp"":""1.00"",""created_time"":""2026-04-27T18:30:38.964389Z"",""no_price_dollars"":""0.5500"",""taker_side"":""no"",""ticker"":""KXETH15M-26APR271445-45"",""trade_id"":""77085f02-447a-513a-a084-0faa7068afbb"",""yes_price_dollars"":""0.4500""}"
KXETH15M-26APR271445-45,d9ac9a8e-4e2a-7361-4496-832843b56eb1,1777314641,0.44,1.0,no,"{""count_fp"":""1.00"",""created_time"":""2026-04-27T18:30:41.335376Z"",""no_price_dollars"":""0.5600"",""taker_side"":""no"",""ticker"":""KXETH15M-26APR271445-45"",""trade_id"":""d9ac9a8e-4e2a-7361-4496-832843b56eb1"",""yes_price_dollars"":""0.4400""}"
KXETH15M-26APR271445-45,c94edaa5-ceca-60dd-8f26-fa283d8185b5,1777314642,0.44,34.64,no,"{""count_fp"":""34.64"",""created_time"":""2026-04-27T18:30:42.603784Z"",""no_price_dollars"":""0.5600"",""taker_side"":""no"",""ticker"":""KXETH15M-26APR271445-45"",""trade_id"":""c94edaa5-ceca-60dd-8f26-fa283d8185b5"",""yes_price_dollars"":""0.4400""}"
KXETH15M-26APR271445-45,abed6951-5802-4779-e6af-e6fc231999fd,1777314645,0.44,1.19,no,"{""count_fp"":""1.19"",""created_time"":""2026-04-27T18:30:45.198837Z"",""no_price_dollars"":""0.5600"",""taker_side"":""no"",""ticker"":""KXETH15M-26APR271445-45"",""trade_id"":""abed6951-5802-4779-e6af-e6fc231999fd"",""yes_price_dollars"":""0.4400""}"
KXETH15M-26APR271445-45,5abfe23d-247a-6d86-884e-4b2fb50bb459,1777314646,0.46,0.41,yes,"{""count_fp"":""0.41"",""created_time"":""2026-04-27T18:30:46.730295Z"",""no_price_dollars"":""0.5400"",""taker_side"":""yes"",""ticker"":""KXETH15M-26APR271445-45"",""trade_id"":""5abfe23d-247a-6d86-884e-4b2fb50bb459"",""yes_price_dollars"":""0.4600""}"
KXETH15M-26APR271445-45,1d1a5614-9c65-5e3b-6c32-f1f1bc46c055,1777314651,0.45,85.2,no,"{""count_fp"":""85.20"",""created_time"":""2026-04-27T18:30:51.996708Z"",""no_price_dollars"":""0.5500"",""taker_side"":""no"",""ticker"":""KXETH15M-26APR271445-45"",""trade_id"":""1d1a5614-9c65-5e3b-6c32-f1f1bc46c055"",""yes_price_dollars"":""0.4500""}"
KXETH15M-26APR271445-45,832f0332-7649-589b-3a62-db0d14959cbd,1777314652,0.45,169.25,no,"{""count_fp"":""169.25"",""created_time"":""2026-04-27T18:30:52.655368Z"",""no_price_dollars"":""0.5500"",""taker_side"":""no"",""ticker"":""KXETH15M-26APR271445-45"",""trade_id"":""832f0332-7649-589b-3a62-db0d14959cbd"",""yes_price_dollars"":""0.4500""}"
KXETH15M-26APR271445-45,d5ad250e-2bd7-7eb7-3789-727b4014c39a,1777314653,0.46,1.59,yes,"{""count_fp"":""1.59"",""created_time"":""2026-04-27T18:30:53.320105Z"",""no_price_dollars"":""0.5400"",""taker_side"":""yes"",""ticker"":""KXETH15M-26APR271445-45"",""trade_id"":""d5ad250e-2bd7-7eb7-3789-727b4014c39a"",""yes_price_dollars"":""0.4600""}"
KXETH15M-26APR271445-45,74d86ad7-3840-7acb-0deb-d9da7f18c9b3,1777314655,0.48,0.52,no,"{""count_fp"":""0.52"",""created_time"":""2026-04-27T18:30:55.544363Z"",""no_price_dollars"":""0.5200"",""taker_side"":""no"",""ticker"":""KXETH15M-26APR271445-45"",""trade_id"":""74d86ad7-3840-7acb-0deb-d9da7f18c9b3"",""yes_price_dollars"":""0.4800""}"
KXETH15M-26APR271445-45,7b6d65ea-0724-58bf-c7a2-a2f3c763a065,1777314657,0.48,9.3,no,"{""count_fp"":""9.30"",""created_time"":""2026-04-27T18:30:57.602203Z"",""no_price_dollars"":""0.5200"",""taker_side"":""no"",""ticker"":""KXETH15M-26APR271445-45"",""trade_id"":""7b6d65ea-0724-58bf-c7a2-a2f3c763a065"",""yes_price_dollars"":""0.4800""}"
KXETH15M-26APR271445-45,7a22f005-13c2-491c-37c9-53fd193fea2f,1777314676,0.5,1.0,yes,"{""count_fp"":""1.00"",""created_time"":""2026-04-27T18:31:16.965305Z"",""no_price_dollars"":""0.5000"",""taker_side"":""yes"",""ticker"":""KXETH15M-26APR271445-45"",""trade_id"":""7a22f005-13c2-491c-37c9-53fd193fea2f"",""yes_price_dollars"":""0.5000""}"
KXETH15M-26APR271445-45,a7d0dade-e4ca-7d1b-3b07-d8914dcceb89,1777314682,0.6,14.31,yes,"{""count_fp"":""14.31"",""created_time"":""2026-04-27T18:31:22.232466Z"",""no_price_dollars"":""0.4000"",""taker_side"":""yes"",""ticker"":""KXETH15M-26APR271445-45"",""trade_id"":""a7d0dade-e4ca-7d1b-3b07-d8914dcceb89"",""yes_price_dollars"":""0.6000""}"
KXETH15M-26APR271445-45,4943ca0b-4134-7535-344b-50c6df56fa0e,1777314682,0.57,1.0,yes,"{""count_fp"":""1.00"",""created_time"":""2026-04-27T18:31:22.232466Z"",""no_price_dollars"":""0.4300"",""taker_side"":""yes"",""ticker"":""KXETH15M-26APR271445-45"",""trade_id"":""4943ca0b-4134-7535-344b-50c6df56fa0e"",""yes_price_dollars"":""0.5700""}"
KXETH15M-26APR271445-45,9ee11bc2-2c79-54a7-a28b-96107f45f6c9,1777314694,0.57,2.0,no,"{""count_fp"":""2.00"",""created_time"":""2026-04-27T18:31:34.529665Z"",""no_price_dollars"":""0.4300"",""taker_side"":""no"",""ticker"":""KXETH15M-26APR271445-45"",""trade_id"":""9ee11bc2-2c79-54a7-a28b-96107f45f6c9"",""yes_price_dollars"":""0.5700""}"
KXETH15M-26APR271445-45,f5442e4a-b2e0-66c8-1dfe-4e47048ecb2d,1777314694,0.58,1.44,no,"{""count_fp"":""1.44"",""created_time"":""2026-04-27T18:31:34.170445Z"",""no_price_dollars"":""0.4200"",""taker_side"":""no"",""ticker"":""KXETH15M-26APR271445-45"",""trade_id"":""f5442e4a-b2e0-66c8-1dfe-4e47048ecb2d"",""yes_price_dollars"":""0.5800""}"
KXETH15M-26APR271445-45,118dc001-5db2-6e12-20a4-07d5625ca84f,1777314694,0.58,10.0,no,"{""count_fp"":""10.00"",""created_time"":""2026-04-27T18:31:34.170445Z"",""no_price_dollars"":""0.4200"",""taker_side"":""no"",""ticker"":""KXETH15M-26APR271445-45"",""trade_id"":""118dc001-5db2-6e12-20a4-07d5625ca84f"",""yes_price_dollars"":""0.5800""}"
KXETH15M-26APR271445-45,6c37e146-b3a7-7aca-1bda-ecc53c58f1a4,1777314704,0.59,1.0,yes,"{""count_fp"":""1.00"",""created_time"":""2026-04-27T18:31:44.812809Z"",""no_price_dollars"":""0.4100"",""taker_side"":""yes"",""ticker"":""KXETH15M-26APR271445-45"",""trade_id"":""6c37e146-b3a7-7aca-1bda-ecc53c58f1a4"",""yes_price_dollars"":""0.5900""}"
KXETH15M-26APR271445-45,771d0a3a-c02e-57ff-94fa-1546c77b6c72,1777314706,0.61,39.0,yes,"{""count_fp"":""39.00"",""created_time"":""2026-04-27T18:31:46.278172Z"",""no_price_dollars"":""0.3900"",""taker_side"":""yes"",""ticker"":""KXETH15M-26APR271445-45"",""trade_id"":""771d0a3a-c02e-57ff-94fa-1546c77b6c72"",""yes_price_dollars"":""0.6100""}"
KXETH15M-26APR271445-45,68931cac-0aac-5172-8378-a7da909338d1,1777314706,0.59,1.0,yes,"{""count_fp"":""1.00"",""created_time"":""2026-04-27T18:31:46.278172Z"",""no_price_dollars"":""0.4100"",""taker_side"":""yes"",""ticker"":""KXETH15M-26APR271445-45"",""trade_id"":""68931cac-0aac-5172-8378-a7da909338d1"",""yes_price_dollars"":""0.5900""}"
KXETH15M-26APR271445-45,93766f80-beb1-4109-9e2a-f61f187ebbac,1777314707,0.58,0.41,no,"{""count_fp"":""0.41"",""created_time"":""2026-04-27T18:31:47.017816Z"",""no_price_dollars"":""0.4200"",""taker_side"":""no"",""ticker"":""KXETH15M-26APR271445-45"",""trade_id"":""93766f80-beb1-4109-9e2a-f61f187ebbac"",""yes_price_dollars"":""0.5800""}"
KXETH15M-26APR271445-45,2f07a0a9-9435-68e2-9378-be0792c0f891,1777314714,0.62,1.0,yes,"{""count_fp"":""1.00"",""created_time"":""2026-04-27T18:31:54.997773Z"",""no_price_dollars"":""0.3800"",""taker_side"":""yes"",""ticker"":""KXETH15M-26APR271445-45"",""trade_id"":""2f07a0a9-9435-68e2-9378-be0792c0f891"",""yes_price_dollars"":""0.6200""}"
KXETH15M-26APR271445-45,8735e26b-48bc-4d6f-2a06-ec222cbef12c,1777314715,0.63,0.15,yes,"{""count_fp"":""0.15"",""created_time"":""2026-04-27T18:31:55.952425Z"",""no_price_dollars"":""0.3700"",""taker_side"":""yes"",""ticker"":""KXETH15M-26APR271445-45"",""trade_id"":""8735e26b-48bc-4d6f-2a06-ec222cbef12c"",""yes_price_dollars"":""0.6300""}"
KXETH15M-26APR271445-45,a320946d-0444-7b8b-81d4-952e11e2abcc,1777314719,0.63,1.0,yes,"{""count_fp"":""1.00"",""created_time"":""2026-04-27T18:31:59.643925Z"",""no_price_dollars"":""0.3700"",""taker_side"":""yes"",""ticker"":""KXETH15M-26APR271445-45"",""trade_id"":""a320946d-0444-7b8b-81d4-952e11e2abcc"",""yes_price_dollars"":""0.6300""}"
KXETH15M-26APR271445-45,f5e23a15-81a6-664b-4c21-689f45308bb1,1777314726,0.62,1.0,no,"{""count_fp"":""1.00"",""created_time"":""2026-04-27T18:32:06.029723Z"",""no_price_dollars"":""0.3800"",""taker_side"":""no"",""ticker"":""KXETH15M-26APR271445-45"",""trade_id"":""f5e23a15-81a6-664b-4c21-689f45308bb1"",""yes_price_dollars"":""0.6200""}"
KXETH15M-26APR271445-45,f5cc7b35-2d0a-669c-5783-0238231e58c2,1777314726,0.62,10.0,no,"{""count_fp"":""10.00"",""created_time"":""2026-04-27T18:32:06.029723Z"",""no_price_dollars"":""0.3800"",""taker_side"":""no"",""ticker"":""KXETH15M-26APR271445-45"",""trade_id"":""f5cc7b35-2d0a-669c-5783-0238231e58c2"",""yes_price_dollars"":""0.6200""}"
KXETH15M-26APR271445-45,d8a87419-41ad-649f-4faa-d4723389f711,1777314726,0.59,56.29,no,"{""count_fp"":""56.29"",""created_time"":""2026-04-27T18:32:06.029723Z"",""no_price_dollars"":""0.4100"",""taker_side"":""no"",""ticker"":""KXETH15M-26APR271445-45"",""trade_id"":""d8a87419-41ad-649f-4faa-d4723389f711"",""yes_price_dollars"":""0.5900""}"
KXETH15M-26APR271445-45,d7acaeb6-5265-6ddf-4aa8-e7e04c4ef707,1777314726,0.59,20.0,no,"{""count_fp"":""20.00"",""created_time"":""2026-04-27T18:32:06.029723Z"",""no_price_dollars"":""0.4100"",""taker_side"":""no"",""ticker"":""KXETH15M-26APR271445-45"",""trade_id"":""d7acaeb6-5265-6ddf-4aa8-e7e04c4ef707"",""yes_price_dollars"":""0.5900""}"
KXETH15M-26APR271445-45,c5d24c81-74f6-6a33-5384-068925a8864f,1777314726,0.59,40.0,no,"{""count_fp"":""40.00"",""created_time"":""2026-04-27T18:32:06.029723Z"",""no_price_dollars"":""0.4100"",""taker_side"":""no"",""ticker"":""KXETH15M-26APR271445-45"",""trade_id"":""c5d24c81-74f6-6a33-5384-068925a8864f"",""yes_price_dollars"":""0.5900""}"
KXETH15M-26APR271445-45,81ddce52-0fbf-69b6-73d4-910e9792f30f,1777314726,0.59,1.0,no,"{""count_fp"":""1.00"",""created_time"":""2026-04-27T18:32:06.029723Z"",""no_price_dollars"":""0.4100"",""taker_side"":""no"",""ticker"":""KXETH15M-26APR271445-45"",""trade_id"":""81ddce52-0fbf-69b6-73d4-910e9792f30f"",""yes_price_dollars"":""0.5900""}"
KXETH15M-26APR271445-45,6df70575-af8c-6400-6f30-b0b9985595ad,1777314726,0.62,100.0,no,"{""count_fp"":""100.00"",""created_time"":""2026-04-27T18:32:06.029723Z"",""no_price_dollars"":""0.3800"",""taker_side"":""no"",""ticker"":""KXETH15M-26APR271445-45"",""trade_id"":""6df70575-af8c-6400-6f30-b0b9985595ad"",""yes_price_dollars"":""0.6200""}"
KXETH15M-26APR271445-45,c00b0ab6-97e1-48cb-6c1d-d3e00585e352,1777314736,0.67,1.0,yes,"{""count_fp"":""1.00"",""created_time"":""2026-04-27T18:32:16.346269Z"",""no_price_dollars"":""0.3300"",""taker_side"":""yes"",""ticker"":""KXETH15M-26APR271445-45"",""trade_id"":""c00b0ab6-97e1-48cb-6c1d-d3e00585e352"",""yes_price_dollars"":""0.6700""}"
KXETH15M-26APR271445-45,de52780b-9549-5b8f-84a8-2436149c2a8a,1777314737,0.67,4.0,yes,"{""count_fp"":""4.00"",""created_time"":""2026-04-27T18:32:17.588415Z"",""no_price_dollars"":""0.3300"",""taker_side"":""yes"",""ticker"":""KXETH15M-26APR271445-45"",""trade_id"":""de52780b-9549-5b8f-84a8-2436149c2a8a"",""yes_price_dollars"":""0.6700""}"
KXETH15M-26APR271445-45,a144cbd8-8c34-6856-93b2-f5856d9b001a,1777314738,0.69,3.0,no,"{""count_fp"":""3.00"",""created_time"":""2026-04-27T18:32:18.740827Z"",""no_price_dollars"":""0.3100"",""taker_side"":""no"",""ticker"":""KXETH15M-26APR271445-45"",""trade_id"":""a144cbd8-8c34-6856-93b2-f5856d9b001a"",""yes_price_dollars"":""0.6900""}"
KXETH15M-26APR271445-45,f73fb81f-4967-6bd0-6d46-3a8954335e48,1777314742,0.62,14.59,no,"{""count_fp"":""14.59"",""created_time"":""2026-04-27T18:32:22.375128Z"",""no_price_dollars"":""0.3800"",""taker_side"":""no"",""ticker"":""KXETH15M-26APR271445-45"",""trade_id"":""f73fb81f-4967-6bd0-6d46-3a8954335e48"",""yes_price_dollars"":""0.6200""}"
KXETH15M-26APR271445-45,6b707bf6-bbeb-6789-74eb-3ad292d2ed88,1777314742,0.62,10.0,no,"{""count_fp"":""10.00"",""created_time"":""2026-04-27T18:32:22.375128Z"",""no_price_dollars"":""0.3800"",""taker_side"":""no"",""ticker"":""KXETH15M-26APR271445-45"",""trade_id"":""6b707bf6-bbeb-6789-74eb-3ad292d2ed88"",""yes_price_dollars"":""0.6200""}"
KXETH15M-26APR271445-45,5d641b1b-4e99-4576-b25e-059f52f9f746,1777314745,0.66,23.0,yes,"{""count_fp"":""23.00"",""created_time"":""2026-04-27T18:32:25.280313Z"",""no_price_dollars"":""0.3400"",""taker_side"":""yes"",""ticker"":""KXETH15M-26APR271445-45"",""trade_id"":""5d641b1b-4e99-4576-b25e-059f52f9f746"",""yes_price_dollars"":""0.6600""}"
KXETH15M-26APR271445-45,bef9c4b7-6761-4c7a-f21a-6fc97a8412de,1777314746,0.66,9.3,yes,"{""count_fp"":""9.30"",""created_time"":""2026-04-27T18:32:26.424075Z"",""no_price_dollars"":""0.3400"",""taker_side"":""yes"",""ticker"":""KXETH15M-26APR271445-45"",""trade_id"":""bef9c4b7-6761-4c7a-f21a-6fc97a8412de"",""yes_price_dollars"":""0.6600""}"
KXETH15M-26APR271445-45,893f01a7-b61f-7630-efc1-c1c21d5580f4,1777314749,0.67,3.28,no,"{""count_fp"":""3.28"",""created_time"":""2026-04-27T18:32:29.569433Z"",""no_price_dollars"":""0.3300"",""taker_side"":""no"",""ticker"":""KXETH15M-26APR271445-45"",""trade_id"":""893f01a7-b61f-7630-efc1-c1c21d5580f4"",""yes_price_dollars"":""0.6700""}"
KXETH15M-26APR271445-45,4367adb0-3946-73ec-d76a-632f7313d822,1777314749,0.67,2.4,no,"{""count_fp"":""2.40"",""created_time"":""2026-04-27T18:32:29.569433Z"",""no_price_dollars"":""0.3300"",""taker_side"":""no"",""ticker"":""KXETH15M-26APR271445-45"",""trade_id"":""4367adb0-3946-73ec-d76a-632f7313d822"",""yes_price_dollars"":""0.6700""}"
KXETH15M-26APR271445-45,1292c5c3-a701-61fd-1abd-e6ef5cebd86e,1777314751,0.66,10.0,no,"{""count_fp"":""10.00"",""created_time"":""2026-04-27T18:32:31.243518Z"",""no_price_dollars"":""0.3400"",""taker_side"":""no"",""ticker"":""KXETH15M-26APR271445-45"",""trade_id"":""1292c5c3-a701-61fd-1abd-e6ef5cebd86e"",""yes_price_dollars"":""0.6600""}"
KXETH15M-26APR271445-45,94db6514-6982-70bd-c439-1f4adc0fafda,1777314755,0.62,0.57,no,"{""count_fp"":""0.57"",""created_time"":""2026-04-27T18:32:35.291915Z"",""no_price_dollars"":""0.3800"",""taker_side"":""no"",""ticker"":""KXETH15M-26APR271445-45"",""trade_id"":""94db6514-6982-70bd-c439-1f4adc0fafda"",""yes_price_dollars"":""0.6200""}"
KXETH15M-26APR271445-45,feed938c-0c35-6ade-5a9e-330c2efcf49a,1777314756,0.65,5.09,yes,"{""count_fp"":""5.09"",""created_time"":""2026-04-27T18:32:36.803706Z"",""no_price_dollars"":""0.3500"",""taker_side"":""yes"",""ticker"":""KXETH15M-26APR271445-45"",""trade_id"":""feed938c-0c35-6ade-5a9e-330c2efcf49a"",""yes_price_dollars"":""0.6500""}"
KXETH15M-26APR271445-45,a3275ce0-a0f9-476e-8762-6bdb3305560e,1777314757,0.65,40.54,yes,"{""count_fp"":""40.54"",""created_time"":""2026-04-27T18:32:37.447584Z"",""no_price_dollars"":""0.3500"",""taker_side"":""yes"",""ticker"":""KXETH15M-26APR271445-45"",""trade_id"":""a3275ce0-a0f9-476e-8762-6bdb3305560e"",""yes_price_dollars"":""0.6500""}"
KXETH15M-26APR271445-45,04e8bc7c-f9a0-537a-331c-aa837bfa93a7,1777314766,0.62,1.0,yes,"{""count_fp"":""1.00"",""created_time"":""2026-04-27T18:32:46.128641Z"",""no_price_dollars"":""0.3800"",""taker_side"":""yes"",""ticker"":""KXETH15M-26APR271445-45"",""trade_id"":""04e8bc7c-f9a0-537a-331c-aa837bfa93a7"",""yes_price_dollars"":""0.6200""}"
KXETH15M-26APR271445-45,cdc8bbc0-0636-4dd0-fe7e-9d4792d34f13,1777314767,0.63,1.0,yes,"{""count_fp"":""1.00"",""created_time"":""2026-04-27T18:32:47.502414Z"",""no_price_dollars"":""0.3700"",""taker_side"":""yes"",""ticker"":""KXETH15M-26APR271445-45"",""trade_id"":""cdc8bbc0-0636-4dd0-fe7e-9d4792d34f13"",""yes_price_dollars"":""0.6300""}"
KXETH15M-26APR271445-45,5d381302-4ae1-47d8-ff7f-ba304f0af183,1777314767,0.63,23.75,yes,"{""count_fp"":""23.75"",""created_time"":""2026-04-27T18:32:47.502414Z"",""no_price_dollars"":""0.3700"",""taker_side"":""yes"",""ticker"":""KXETH15M-26APR271445-45"",""trade_id"":""5d381302-4ae1-47d8-ff7f-ba304f0af183"",""yes_price_dollars"":""0.6300""}"
KXETH15M-26APR271445-45,6d6effb1-8c35-5e4e-10ba-640d660ad9c2,1777314770,0.62,1.0,yes,"{""count_fp"":""1.00"",""created_time"":""2026-04-27T18:32:50.812345Z"",""no_price_dollars"":""0.3800"",""taker_side"":""yes"",""ticker"":""KXETH15M-26APR271445-45"",""trade_id"":""6d6effb1-8c35-5e4e-10ba-640d660ad9c2"",""yes_price_dollars"":""0.6200""}"
KXETH15M-26APR271445-45,f239a265-e9ac-6ed8-af28-e26250d304cf,1777314772,0.61,1.0,no,"{""count_fp"":""1.00"",""created_time"":""2026-04-27T18:32:52.252391Z"",""no_price_dollars"":""0.3900"",""taker_side"":""no"",""ticker"":""KXETH15M-26APR271445-45"",""trade_id"":""f239a265-e9ac-6ed8-af28-e26250d304cf"",""yes_price_dollars"":""0.6100""}"
KXETH15M-26APR271445-45,ee533ffc-70db-606e-8ca5-2efcd9a9f357,1777314772,0.59,1.0,no,"{""count_fp"":""1.00"",""created_time"":""2026-04-27T18:32:52.252391Z"",""no_price_dollars"":""0.4100"",""taker_side"":""no"",""ticker"":""KXETH15M-26APR271445-45"",""trade_id"":""ee533ffc-70db-606e-8ca5-2efcd9a9f357"",""yes_price_dollars"":""0.5900""}"
KXETH15M-26APR271445-45,d624011a-6ef0-6dbc-9551-930bdc8e026f,1777314772,0.59,10.0,no,"{""count_fp"":""10.00"",""created_time"":""2026-04-27T18:32:52.252391Z"",""no_price_dollars"":""0.4100"",""taker_side"":""no"",""ticker"":""KXETH15M-26APR271445-45"",""trade_id"":""d624011a-6ef0-6dbc-9551-930bdc8e026f"",""yes_price_dollars"":""0.5900""}"
KXETH15M-26APR271445-45,b407b551-d3b7-664c-bbea-45f27409d408,1777314772,0.61,100.0,no,"{""count_fp"":""100.00"",""created_time"":""2026-04-27T18:32:52.252391Z"",""no_price_dollars"":""0.3900"",""taker_side"":""no"",""ticker"":""KXETH15M-26APR271445-45"",""trade_id"":""b407b551-d3b7-664c-bbea-45f27409d408"",""yes_price_dollars"":""0.6100""}"
KXETH15M-26APR271445-45,8ba6a152-55d9-657c-ad35-36f984b62bd0,1777314772,0.59,66.41,no,"{""count_fp"":""66.41"",""created_time"":""2026-04-27T18:32:52.252391Z"",""no_price_dollars"":""0.4100"",""taker_side"":""no"",""ticker"":""KXETH15M-26APR271445-45"",""trade_id"":""8ba6a152-55d9-657c-ad35-36f984b62bd0"",""yes_price_dollars"":""0.5900""}"
KXETH15M-26APR271445-45,54339629-7c21-6fa9-98ac-221b23838e48,1777314772,0.58,59.19,no,"{""count_fp"":""59.19"",""created_time"":""2026-04-27T18:32:52.252391Z"",""no_price_dollars"":""0.4200"",""taker_side"":""no"",""ticker"":""KXETH15M-26APR271445-45"",""trade_id"":""54339629-7c21-6fa9-98ac-221b23838e48"",""yes_price_dollars"":""0.5800""}"
KXETH15M-26APR271445-45,1fe74007-69b1-5ee0-17de-59da3eba265d,1777314775,0.59,21.42,no,"{""count_fp"":""21.42"",""created_time"":""2026-04-27T18:32:55.195141Z"",""no_price_dollars"":""0.4100"",""taker_side"":""no"",""ticker"":""KXETH15M-26APR271445-45"",""trade_id"":""1fe74007-69b1-5ee0-17de-59da3eba265d"",""yes_price_dollars"":""0.5900""}"
KXETH15M-26APR271445-45,100127d6-2518-5adf-0f2d-16e178718952,1777314775,0.59,2.0,no,"{""count_fp"":""2.00"",""created_time"":""2026-04-27T18:32:55.195141Z"",""no_price_dollars"":""0.4100"",""taker_side"":""no"",""ticker"":""KXETH15M-26APR271445-45"",""trade_id"":""100127d6-2518-5adf-0f2d-16e178718952"",""yes_price_dollars"":""0.5900""}"
KXETH15M-26APR271445-45,d26f2686-76b0-6277-1553-9d521c506c90,1777314780,0.64,10.0,yes,"{""count_fp"":""10.00"",""created_time"":""2026-04-27T18:33:00.954326Z"",""no_price_dollars"":""0.3600"",""taker_side"":""yes"",""ticker"":""KXETH15M-26APR271445-45"",""trade_id"":""d26f2686-76b0-6277-1553-9d521c506c90"",""yes_price_dollars"":""0.6400""}"
KXETH15M-26APR271445-45,a398eec8-2a99-6974-8347-68b789a3d4c7,1777314780,0.63,2.0,yes,"{""count_fp"":""2.00"",""created_time"":""2026-04-27T18:33:00.318013Z"",""no_price_dollars"":""0.3700"",""taker_side"":""yes"",""ticker"":""KXETH15M-26APR271445-45"",""trade_id"":""a398eec8-2a99-6974-8347-68b789a3d4c7"",""yes_price_dollars"":""0.6300""}"
KXETH15M-26APR271445-45,b3bfaea1-ceab-5439-4d17-5bae2b5f37b7,1777314785,0.65,5.0,no,"{""count_fp"":""5.00"",""created_time"":""2026-04-27T18:33:05.437735Z"",""no_price_dollars"":""0.3500"",""taker_side"":""no"",""ticker"":""KXETH15M-26APR271445-45"",""trade_id"":""b3bfaea1-ceab-5439-4d17-5bae2b5f37b7"",""yes_price_dollars"":""0.6500""}"
KXETH15M-26APR271445-45,aa457cff-59bf-6413-0d32-4142ba330995,1777314785,0.67,1.0,yes,"{""count_fp"":""1.00"",""created_time"":""2026-04-27T18:33:05.009579Z"",""no_price_dollars"":""0.3300"",""taker_side"":""yes"",""ticker"":""KXETH15M-26APR271445-45"",""trade_id"":""aa457cff-59bf-6413-0d32-4142ba330995"",""yes_price_dollars"":""0.6700""}"
KXETH15M-26APR271445-45,8b561333-ee28-68ac-1e5a-163c6fdb2aea,1777314785,0.67,1.0,yes,"{""count_fp"":""1.00"",""created_time"":""2026-04-27T18:33:05.009579Z"",""no_price_dollars"":""0.3300"",""taker_side"":""yes"",""ticker"":""KXETH15M-26APR271445-45"",""trade_id"":""8b561333-ee28-68ac-1e5a-163c6fdb2aea"",""yes_price_dollars"":""0.6700""}"
KXETH15M-26APR271445-45,e790ddc0-1891-5ef8-0bd8-ad5474ccc7c3,1777314790,0.67,5.25,yes,"{""count_fp"":""5.25"",""created_time"":""2026-04-27T18:33:10.302883Z"",""no_price_dollars"":""0.3300"",""taker_side"":""yes"",""ticker"":""KXETH15M-26APR271445-45"",""trade_id"":""e790ddc0-1891-5ef8-0bd8-ad5474ccc7c3"",""yes_price_dollars"":""0.6700""}"
KXETH15M-26APR271445-45,c93cfd1e-abe7-5f06-1180-bb20d1d123f7,1777314790,0.66,2.0,yes,"{""count_fp"":""2.00"",""created_time"":""2026-04-27T18:33:10.302883Z"",""no_price_dollars"":""0.3400"",""taker_side"":""yes"",""ticker"":""KXETH15M-26APR271445-45"",""trade_id"":""c93cfd1e-abe7-5f06-1180-bb20d1d123f7"",""yes_price_dollars"":""0.6600""}"
KXETH15M-26APR271445-45,64fa6235-fbb8-4f70-0763-9badbfec861b,1777314791,0.68,1.0,yes,"{""count_fp"":""1.00"",""created_time"":""2026-04-27T18:33:11.991756Z"",""no_price_dollars"":""0.3200"",""taker_side"":""yes"",""ticker"":""KXETH15M-26APR271445-45"",""trade_id"":""64fa6235-fbb8-4f70-0763-9badbfec861b"",""yes_price_dollars"":""0.6800""}"
KXETH15M-26APR271445-45,a5e533f4-a7fd-6a47-3877-3dc5562da70f,1777314792,0.68,1.0,yes,"{""count_fp"":""1.00"",""created_time"":""2026-04-27T18:33:12.151843Z"",""no_price_dollars"":""0.3200"",""taker_side"":""yes"",""ticker"":""KXETH15M-26APR271445-45"",""trade_id"":""a5e533f4-a7fd-6a47-3877-3dc5562da70f"",""yes_price_dollars"":""0.6800""}"
KXETH15M-26APR271445-45,01a716f9-1c5d-655c-07cb-71006a6cec43,1777314792,0.68,9.35,yes,"{""count_fp"":""9.35"",""created_time"":""2026-04-27T18:33:12.151843Z"",""no_price_dollars"":""0.3200"",""taker_side"":""yes"",""ticker"":""KXETH15M-26APR271445-45"",""trade_id"":""01a716f9-1c5d-655c-07cb-71006a6cec43"",""yes_price_dollars"":""0.6800""}"
KXETH15M-26APR271445-45,599f3c68-0d98-7b27-232f-3818467c344e,1777314793,0.65,10.0,no,"{""count_fp"":""10.00"",""created_time"":""2026-04-27T18:33:13.651146Z"",""no_price_dollars"":""0.3500"",""taker_side"":""no"",""ticker"":""KXETH15M-26APR271445-45"",""trade_id"":""599f3c68-0d98-7b27-232f-3818467c344e"",""yes_price_dollars"":""0.6500""}"
KXETH15M-26APR271445-45,5046b4f2-bb4d-7fbc-243e-9e56796b1165,1777314793,0.65,88.0,no,"{""count_fp"":""88.00"",""created_time"":""2026-04-27T18:33:13.651146Z"",""no_price_dollars"":""0.3500"",""taker_side"":""no"",""ticker"":""KXETH15M-26APR271445-45"",""trade_id"":""5046b4f2-bb4d-7fbc-243e-9e56796b1165"",""yes_price_dollars"":""0.6500""}"
KXETH15M-26APR271445-45,f43b5b6f-d780-6652-7285-767058f165a4,1777314803,0.66,1.0,no,"{""count_fp"":""1.00"",""created_time"":""2026-04-27T18:33:23.976884Z"",""no_price_dollars"":""0.3400"",""taker_side"":""no"",""ticker"":""KXETH15M-26APR271445-45"",""trade_id"":""f43b5b6f-d780-6652-7285-767058f165a4"",""yes_price_dollars"":""0.6600""}"
KXETH15M-26APR271445-45,d727e436-4783-6c1d-5ea6-8c0dc4356b71,1777314803,0.66,1.0,no,"{""count_fp"":""1.00"",""created_time"":""2026-04-27T18:33:23.976884Z"",""no_price_dollars"":""0.3400"",""taker_side"":""no"",""ticker"":""KXETH15M-26APR271445-45"",""trade_id"":""d727e436-4783-6c1d-5ea6-8c0dc4356b71"",""yes_price_dollars"":""0.6600""}"
KXETH15M-26APR271445-45,7c5f7abc-0bd7-6e79-99be-bcc3561e2ac1,1777314806,0.66,7.19,no,"{""count_fp"":""7.19"",""created_time"":""2026-04-27T18:33:26.431581Z"",""no_price_dollars"":""0.3400"",""taker_side"":""no"",""ticker"":""KXETH15M-26APR271445-45"",""trade_id"":""7c5f7abc-0bd7-6e79-99be-bcc3561e2ac1"",""yes_price_dollars"":""0.6600""}"
KXETH15M-26APR271445-45,79dbcd88-90d3-6d0a-af4f-23c1805bded4,1777314806,0.66,1.0,no,"{""count_fp"":""1.00"",""created_time"":""2026-04-27T18:33:26.431581Z"",""no_price_dollars"":""0.3400"",""taker_side"":""no"",""ticker"":""KXETH15M-26APR271445-45"",""trade_id"":""79dbcd88-90d3-6d0a-af4f-23c1805bded4"",""yes_price_dollars"":""0.6600""}"
KXETH15M-26APR271445-45,65ad3b4b-e9c3-4f86-5c52-4d6b4805c108,1777314807,0.65,1.0,no,"{""count_fp"":""1.00"",""created_time"":""2026-04-27T18:33:27.273137Z"",""no_price_dollars"":""0.3500"",""taker_side"":""no"",""ticker"":""KXETH15M-26APR271445-45"",""trade_id"":""65ad3b4b-e9c3-4f86-5c52-4d6b4805c108"",""yes_price_dollars"":""0.6500""}"
KXETH15M-26APR271445-45,50d8ff7e-ff9b-5c41-bd17-5198d0d95e3b,1777314808,0.65,10.0,no,"{""count_fp"":""10.00"",""created_time"":""2026-04-27T18:33:28.944696Z"",""no_price_dollars"":""0.3500"",""taker_side"":""no"",""ticker"":""KXETH15M-26APR271445-45"",""trade_id"":""50d8ff7e-ff9b-5c41-bd17-5198d0d95e3b"",""yes_price_dollars"":""0.6500""}"
KXETH15M-26APR271445-45,2c0de1ef-e4b7-5445-892f-91a817539aa9,1777314808,0.65,3.66,no,"{""count_fp"":""3.66"",""created_time"":""2026-04-27T18:33:28.944696Z"",""no_price_dollars"":""0.3500"",""taker_side"":""no"",""ticker"":""KXETH15M-26APR271445-45"",""trade_id"":""2c0de1ef-e4b7-5445-892f-91a817539aa9"",""yes_price_dollars"":""0.6500""}"
KXETH15M-26APR271445-45,4cf16eca-f59d-4f78-a0a3-f2171d8f6a9f,1777314810,0.69,29.65,yes,"{""count_fp"":""29.65"",""created_time"":""2026-04-27T18:33:30.184867Z"",""no_price_dollars"":""0.3100"",""taker_side"":""yes"",""ticker"":""KXETH15M-26APR271445-45"",""trade_id"":""4cf16eca-f59d-4f78-a0a3-f2171d8f6a9f"",""yes_price_dollars"":""0.6900""}"
KXETH15M-26APR271445-45,d83166d3-2ec6-431e-19a2-0f1ea7074f50,1777314810,0.67,10.0,yes,"{""count_fp"":""10.00"",""created_time"":""2026-04-27T18:33:30.035739Z"",""no_price_dollars"":""0.3300"",""taker_side"":""yes"",""ticker"":""KXETH15M-26APR271445-45"",""trade_id"":""d83166d3-2ec6-431e-19a2-0f1ea7074f50"",""yes_price_dollars"":""0.6700""}"
KXETH15M-26APR271445-45,46bc9818-545f-71b9-8f0f-170824df6496,1777314812,0.72,5.0,yes,"{""count_fp"":""5.00"",""created_time"":""2026-04-27T18:33:32.743747Z"",""no_price_dollars"":""0.2800"",""taker_side"":""yes"",""ticker"":""KXETH15M-26APR271445-45"",""trade_id"":""46bc9818-545f-71b9-8f0f-170824df6496"",""yes_price_dollars"":""0.7200""}"
KXETH15M-26APR271445-45,93e6081d-c740-7c1d-b439-51d90e56c96c,1777314812,0.7,1.0,yes,"{""count_fp"":""1.00"",""created_time"":""2026-04-27T18:33:32.175698Z"",""no_price_dollars"":""0.3000"",""taker_side"":""yes"",""ticker"":""KXETH15M-26APR271445-45"",""trade_id"":""93e6081d-c740-7c1d-b439-51d90e56c96c"",""yes_price_dollars"":""0.7000""}"
KXETH15M-26APR271445-45,87b45a04-5f60-7ebd-af71-17060b32a10b,1777314812,0.7,1.0,yes,"{""count_fp"":""1.00"",""created_time"":""2026-04-27T18:33:32.175698Z"",""no_price_dollars"":""0.3000"",""taker_side"":""yes"",""ticker"":""KXETH15M-26APR271445-45"",""trade_id"":""87b45a04-5f60-7ebd-af71-17060b32a10b"",""yes_price_dollars"":""0.7000""}"
KXETH15M-26APR271445-45,043cd945-a2b3-49a5-6a5b-530730084e5a,1777314816,0.72,13.62,yes,"{""count_fp"":""13.62"",""created_time"":""2026-04-27T18:33:36.017895Z"",""no_price_dollars"":""0.2800"",""taker_side"":""yes"",""ticker"":""KXETH15M-26APR271445-45"",""trade_id"":""043cd945-a2b3-49a5-6a5b-530730084e5a"",""yes_price_dollars"":""0.7200""}"
KXETH15M-26APR271445-45,f4427e33-0073-7565-9212-29ea81fcc661,1777314825,0.74,100.0,no,"{""count_fp"":""100.00"",""created_time"":""2026-04-27T18:33:45.820488Z"",""no_price_dollars"":""0.2600"",""taker_side"":""no"",""ticker"":""KXETH15M-26APR271445-45"",""trade_id"":""f4427e33-0073-7565-9212-29ea81fcc661"",""yes_price_dollars"":""0.7400""}"
KXETH15M-26APR271445-45,d6e53acb-fb0d-734a-9a36-28721659bb5d,1777314825,0.74,1.0,no,"{""count_fp"":""1.00"",""created_time"":""2026-04-27T18:33:45.820488Z"",""no_price_dollars"":""0.2600"",""taker_side"":""no"",""ticker"":""KXETH15M-26APR271445-45"",""trade_id"":""d6e53acb-fb0d-734a-9a36-28721659bb5d"",""yes_price_dollars"":""0.7400""}"
KXETH15M-26APR271445-45,a96f2b7c-2a17-51d5-75bf-394a74294202,1777314825,0.72,1.38,yes,"{""count_fp"":""1.38"",""created_time"":""2026-04-27T18:33:45.426114Z"",""no_price_dollars"":""0.2800"",""taker_side"":""yes"",""ticker"":""KXETH15M-26APR271445-45"",""trade_id"":""a96f2b7c-2a17-51d5-75bf-394a74294202"",""yes_price_dollars"":""0.7200""}"
KXETH15M-26APR271445-45,23f4fcfa-c756-5cf1-48bc-dceceb3025d9,1777314828,0.73,1.0,yes,"{""count_fp"":""1.00"",""created_time"":""2026-04-27T18:33:48.218695Z"",""no_price_dollars"":""0.2700"",""taker_side"":""yes"",""ticker"":""KXETH15M-26APR271445-45"",""trade_id"":""23f4fcfa-c756-5cf1-48bc-dceceb3025d9"",""yes_price_dollars"":""0.7300""}"
KXETH15M-26APR271445-45,5dbca93d-58a7-55fa-b385-adee566035e2,1777314830,0.73,1.0,no,"{""count_fp"":""1.00"",""created_time"":""2026-04-27T18:33:50.535487Z"",""no_price_dollars"":""0.2700"",""taker_side"":""no"",""ticker"":""KXETH15M-26APR271445-45"",""trade_id"":""5dbca93d-58a7-55fa-b385-adee566035e2"",""yes_price_dollars"":""0.7300""}"
KXETH15M-26APR271445-45,308d698d-f0c1-5d9c-997a-2bdb58de72f6,1777314830,0.73,9.0,no,"{""count_fp"":""9.00"",""created_time"":""2026-04-27T18:33:50.535487Z"",""no_price_dollars"":""0.2700"",""taker_side"":""no"",""ticker"":""KXETH15M-26APR271445-45"",""trade_id"":""308d698d-f0c1-5d9c-997a-2bdb58de72f6"",""yes_price_dollars"":""0.7300""}"
KXETH15M-26APR271445-45,425041c6-3153-7671-2fc7-ab4120f1f568,1777314832,0.73,2.65,yes,"{""count_fp"":""2.65"",""created_time"":""2026-04-27T18:33:52.489986Z"",""no_price_dollars"":""0.2700"",""taker_side"":""yes"",""ticker"":""KXETH15M-26APR271445-45"",""trade_id"":""425041c6-3153-7671-2fc7-ab4120f1f568"",""yes_price_dollars"":""0.7300""}"
KXETH15M-26APR271445-45,7aa03a76-3975-5be5-9b38-8ce5c45cbad4,1777314835,0.73,0.27,yes,"{""count_fp"":""0.27"",""created_time"":""2026-04-27T18:33:55.811621Z"",""no_price_dollars"":""0.2700"",""taker_side"":""yes"",""ticker"":""KXETH15M-26APR271445-45"",""trade_id"":""7aa03a76-3975-5be5-9b38-8ce5c45cbad4"",""yes_price_dollars"":""0.7300""}"
KXETH15M-26APR271445-45,37e7b0a2-3eda-5438-a25b-6e00eec428b5,1777314835,0.73,0.73,yes,"{""count_fp"":""0.73"",""created_time"":""2026-04-27T18:33:55.811621Z"",""no_price_dollars"":""0.2700"",""taker_side"":""yes"",""ticker"":""KXETH15M-26APR271445-45"",""trade_id"":""37e7b0a2-3eda-5438-a25b-6e00eec428b5"",""yes_price_dollars"":""0.7300""}"
KXETH15M-26APR271445-45,d47703f0-600e-48d6-4c6a-96e4dbccd1b0,1777314840,0.76,1.0,yes,"{""count_fp"":""1.00"",""created_time"":""2026-04-27T18:34:00.263247Z"",""no_price_dollars"":""0.2400"",""taker_side"":""yes"",""ticker"":""KXETH15M-26APR271445-45"",""trade_id"":""d47703f0-600e-48d6-4c6a-96e4dbccd1b0"",""yes_price_dollars"":""0.7600""}"
KXETH15M-26APR271445-45,bcc250e9-f133-43d7-68d1-1bf63c8e9f8b,1777314840,0.76,10.0,yes,"{""count_fp"":""10.00"",""created_time"":""2026-04-27T18:34:00.263247Z"",""no_price_dollars"":""0.2400"",""taker_side"":""yes"",""ticker"":""KXETH15M-26APR271445-45"",""trade_id"":""bcc250e9-f133-43d7-68d1-1bf63c8e9f8b"",""yes_price_dollars"":""0.7600""}"
KXETH15M-26APR271445-45,69d4f669-bcd0-49b5-76e8-3391c975c891,1777314840,0.76,1.0,yes,"{""count_fp"":""1.00"",""created_time"":""2026-04-27T18:34:00.263247Z"",""no_price_dollars"":""0.2400"",""taker_side"":""yes"",""ticker"":""KXETH15M-26APR271445-45"",""trade_id"":""69d4f669-bcd0-49b5-76e8-3391c975c891"",""yes_price_dollars"":""0.7600""}"
KXETH15M-26APR271445-45,3b0a7fc9-d80f-4771-5c78-1eb5d0373f31,1777314840,0.75,1.0,yes,"{""count_fp"":""1.00"",""created_time"":""2026-04-27T18:34:00.263247Z"",""no_price_dollars"":""0.2500"",""taker_side"":""yes"",""ticker"":""KXETH15M-26APR271445-45"",""trade_id"":""3b0a7fc9-d80f-4771-5c78-1eb5d0373f31"",""yes_price_dollars"":""0.7500""}"
KXETH15M-26APR271445-45,c6867785-0665-464d-7cad-28e89f775043,1777314851,0.74,2.0,no,"{""count_fp"":""2.00"",""created_time"":""2026-04-27T18:34:11.581464Z"",""no_price_dollars"":""0.2600"",""taker_side"":""no"",""ticker"":""KXETH15M-26APR271445-45"",""trade_id"":""c6867785-0665-464d-7cad-28e89f775043"",""yes_price_dollars"":""0.7400""}"
KXETH15M-26APR271445-45,a42d68ab-9739-4644-5ee8-3db79bd03316,1777314851,0.74,100.0,no,"{""count_fp"":""100.00"",""created_time"":""2026-04-27T18:34:11.581464Z"",""no_price_dollars"":""0.2600"",""taker_side"":""no"",""ticker"":""KXETH15M-26APR271445-45"",""trade_id"":""a42d68ab-9739-4644-5ee8-3db79bd03316"",""yes_price_dollars"":""0.7400""}"
KXETH15M-26APR271445-45,663190cc-3fd6-457b-5a52-1614a69774b6,1777314851,0.74,5.0,no,"{""count_fp"":""5.00"",""created_time"":""2026-04-27T18:34:11.581464Z"",""no_price_dollars"":""0.2600"",""taker_side"":""no"",""ticker"":""KXETH15M-26APR271445-45"",""trade_id"":""663190cc-3fd6-457b-5a52-1614a69774b6"",""yes_price_dollars"":""0.7400""}"
KXETH15M-26APR271445-45,27fd6383-de51-4275-5e10-5c5144f8ee29,1777314851,0.74,3.0,no,"{""count_fp"":""3.00"",""created_time"":""2026-04-27T18:34:11.581464Z"",""no_price_dollars"":""0.2600"",""taker_side"":""no"",""ticker"":""KXETH15M-26APR271445-45"",""trade_id"":""27fd6383-de51-4275-5e10-5c5144f8ee29"",""yes_price_dollars"":""0.7400""}"
KXETH15M-26APR271445-45,d805ad3d-a384-712e-3ff4-8db3b9f16ce5,1777314851,0.76,1.0,yes,"{""count_fp"":""1.00"",""created_time"":""2026-04-27T18:34:11.533562Z"",""no_price_dollars"":""0.2400"",""taker_side"":""yes"",""ticker"":""KXETH15M-26APR271445-45"",""trade_id"":""d805ad3d-a384-712e-3ff4-8db3b9f16ce5"",""yes_price_dollars"":""0.7600""}"
KXETH15M-26APR271445-45,3eaff93e-d1e9-70fb-2a94-376cca839244,1777314851,0.76,7.94,yes,"{""count_fp"":""7.94"",""created_time"":""2026-04-27T18:34:11.533562Z"",""no_price_dollars"":""0.2400"",""taker_side"":""yes"",""ticker"":""KXETH15M-26APR271445-45"",""trade_id"":""3eaff93e-d1e9-70fb-2a94-376cca839244"",""yes_price_dollars"":""0.7600""}"
KXETH15M-26APR271445-45,971b37e1-7fe3-7fcc-57fb-9c9256217dd2,1777314852,0.74,1.0,yes,"{""count_fp"":""1.00"",""created_time"":""2026-04-27T18:34:12.262497Z"",""no_price_dollars"":""0.2600"",""taker_side"":""yes"",""ticker"":""KXETH15M-26APR271445-45"",""trade_id"":""971b37e1-7fe3-7fcc-57fb-9c9256217dd2"",""yes_price_dollars"":""0.7400""}"
KXETH15M-26APR271445-45,3bc70b4c-2070-75e9-7c2b-efbd0d18642b,1777314852,0.75,155.93,yes,"{""count_fp"":""155.93"",""created_time"":""2026-04-27T18:34:12.262497Z"",""no_price_dollars"":""0.2500"",""taker_side"":""yes"",""ticker"":""KXETH15M-26APR271445-45"",""trade_id"":""3bc70b4c-2070-75e9-7c2b-efbd0d18642b"",""yes_price_dollars"":""0.7500""}"
KXETH15M-26APR271445-45,6496e46a-b9b5-7173-5ba3-6a4d84881934,1777314854,0.74,6.55,yes,"{""count_fp"":""6.55"",""created_time"":""2026-04-27T18:34:14.365247Z"",""no_price_dollars"":""0.2600"",""taker_side"":""yes"",""ticker"":""KXETH15M-26APR271445-45"",""trade_id"":""6496e46a-b9b5-7173-5ba3-6a4d84881934"",""yes_price_dollars"":""0.7400""}"
KXETH15M-26APR271445-45,672444c8-621c-516a-e074-fd157f346365,1777314855,0.7,20.0,no,"{""count_fp"":""20.00"",""created_time"":""2026-04-27T18:34:15.880191Z"",""no_price_dollars"":""0.3000"",""taker_side"":""no"",""ticker"":""KXETH15M-26APR271445-45"",""trade_id"":""672444c8-621c-516a-e074-fd157f346365"",""yes_price_dollars"":""0.7000""}"
KXETH15M-26APR271445-45,dee7b99b-2ce8-5539-04be-3905c3ea35d4,1777314855,0.71,1.0,no,"{""count_fp"":""1.00"",""created_time"":""2026-04-27T18:34:15.872901Z"",""no_price_dollars"":""0.2900"",""taker_side"":""no"",""ticker"":""KXETH15M-26APR271445-45"",""trade_id"":""dee7b99b-2ce8-5539-04be-3905c3ea35d4"",""yes_price_dollars"":""0.7100""}"
KXETH15M-26APR271445-45,6e718cc5-28c1-50bb-159f-69b518557eab,1777314855,0.72,243.0,no,"{""count_fp"":""243.00"",""created_time"":""2026-04-27T18:34:15.872901Z"",""no_price_dollars"":""0.2800"",""taker_side"":""no"",""ticker"":""KXETH15M-26APR271445-45"",""trade_id"":""6e718cc5-28c1-50bb-159f-69b518557eab"",""yes_price_dollars"":""0.7200""}"
KXETH15M-26APR271445-45,b36fdaed-3e73-4da3-b4df-f227d23f7325,1777314863,0.65,7.77,yes,"{""count_fp"":""7.77"",""created_time"":""2026-04-27T18:34:23.210861Z"",""no_price_dollars"":""0.3500"",""taker_side"":""yes"",""ticker"":""KXETH15M-26APR271445-45"",""trade_id"":""b36fdaed-3e73-4da3-b4df-f227d23f7325"",""yes_price_dollars"":""0.6500""}"
KXETH15M-26APR271445-45,96c3b565-c5f8-432a-88da-b2b720af039d,1777314863,0.65,1.0,yes,"{""count_fp"":""1.00"",""created_time"":""2026-04-27T18:34:23.210861Z"",""no_price_dollars"":""0.3500"",""taker_side"":""yes"",""ticker"":""KXETH15M-26APR271445-45"",""trade_id"":""96c3b565-c5f8-432a-88da-b2b720af039d"",""yes_price_dollars"":""0.6500""}"
KXETH15M-26APR271445-45,29e76e2e-664c-4ec3-b4a5-958064c1dd8c,1777314863,0.65,3.23,yes,"{""count_fp"":""3.23"",""created_time"":""2026-04-27T18:34:23.210861Z"",""no_price_dollars"":""0.3500"",""taker_side"":""yes"",""ticker"":""KXETH15M-26APR271445-45"",""trade_id"":""29e76e2e-664c-4ec3-b4a5-958064c1dd8c"",""yes_price_dollars"":""0.6500""}"
KXETH15M-26APR271445-45,645dbff1-5c74-56c4-46fb-35d3c2ebeae3,1777314868,0.65,1.0,yes,"{""count_fp"":""1.00"",""created_time"":""2026-04-27T18:34:28.810064Z"",""no_price_dollars"":""0.3500"",""taker_side"":""yes"",""ticker"":""KXETH15M-26APR271445-45"",""trade_id"":""645dbff1-5c74-56c4-46fb-35d3c2ebeae3"",""yes_price_dollars"":""0.6500""}"
KXETH15M-26APR271445-45,877f4555-8a65-577c-8007-9e35d9414922,1777314869,0.65,10.0,yes,"{""count_fp"":""10.00"",""created_time"":""2026-04-27T18:34:29.739092Z"",""no_price_dollars"":""0.3500"",""taker_side"":""yes"",""ticker"":""KXETH15M-26APR271445-45"",""trade_id"":""877f4555-8a65-577c-8007-9e35d9414922"",""yes_price_dollars"":""0.6500""}"
KXETH15M-26APR271445-45,38f044ba-5518-5fcd-a328-d2103ad96927,1777314869,0.65,27.34,yes,"{""count_fp"":""27.34"",""created_time"":""2026-04-27T18:34:29.739092Z"",""no_price_dollars"":""0.3500"",""taker_side"":""yes"",""ticker"":""KXETH15M-26APR271445-45"",""trade_id"":""38f044ba-5518-5fcd-a328-d2103ad96927"",""yes_price_dollars"":""0.6500""}"
KXETH15M-26APR271445-45,731c90ba-de48-6a49-da40-52b7c0acae83,1777314871,0.65,13.51,yes,"{""count_fp"":""13.51"",""created_time"":""2026-04-27T18:34:31.200034Z"",""no_price_dollars"":""0.3500"",""taker_side"":""yes"",""ticker"":""KXETH15M-26APR271445-45"",""trade_id"":""731c90ba-de48-6a49-da40-52b7c0acae83"",""yes_price_dollars"":""0.6500""}"
KXETH15M-26APR271445-45,979fe1a5-2c70-5395-f433-f9ad58c35c45,1777314873,0.62,10.0,no,"{""count_fp"":""10.00"",""created_time"":""2026-04-27T18:34:33.371507Z"",""no_price_dollars"":""0.3800"",""taker_side"":""no"",""ticker"":""KXETH15M-26APR271445-45"",""trade_id"":""979fe1a5-2c70-5395-f433-f9ad58c35c45"",""yes_price_dollars"":""0.6200""}"
KXETH15M-26APR271445-45,5a18c82a-7504-4e11-287e-298507a7b13e,1777314875,0.59,5.0,no,"{""count_fp"":""5.00"",""created_time"":""2026-04-27T18:34:35.448491Z"",""no_price_dollars"":""0.4100"",""taker_side"":""no"",""ticker"":""KXETH15M-26APR271445-45"",""trade_id"":""5a18c82a-7504-4e11-287e-298507a7b13e"",""yes_price_dollars"":""0.5900""}"
KXETH15M-26APR271445-45,fefde470-c316-6cbf-92f9-7eb18f3cc02f,1777314877,0.62,2.0,no,"{""count_fp"":""2.00"",""created_time"":""2026-04-27T18:34:37.457769Z"",""no_price_dollars"":""0.3800"",""taker_side"":""no"",""ticker"":""KXETH15M-26APR271445-45"",""trade_id"":""fefde470-c316-6cbf-92f9-7eb18f3cc02f"",""yes_price_dollars"":""0.6200""}"
KXETH15M-26APR271445-45,226808e7-7fd8-59a0-553d-041520f60250,1777314880,0.62,0.23,no,"{""count_fp"":""0.23"",""created_time"":""2026-04-27T18:34:40.663386Z"",""no_price_dollars"":""0.3800"",""taker_side"":""no"",""ticker"":""KXETH15M-26APR271445-45"",""trade_id"":""226808e7-7fd8-59a0-553d-041520f60250"",""yes_price_dollars"":""0.6200""}"
KXETH15M-26APR271445-45,f4259c03-013a-608f-d90d-5ff77bc1ca46,1777314890,0.6,10.0,no,"{""count_fp"":""10.00"",""created_time"":""2026-04-27T18:34:50.269851Z"",""no_price_dollars"":""0.4000"",""taker_side"":""no"",""ticker"":""KXETH15M-26APR271445-45"",""trade_id"":""f4259c03-013a-608f-d90d-5ff77bc1ca46"",""yes_price_dollars"":""0.6000""}"
KXETH15M-26APR271445-45,0f5cd23c-7e44-62a9-f04a-17fa9f5a71ae,1777314890,0.6,1.99,no,"{""count_fp"":""1.99"",""created_time"":""2026-04-27T18:34:50.269851Z"",""no_price_dollars"":""0.4000"",""taker_side"":""no"",""ticker"":""KXETH15M-26APR271445-45"",""trade_id"":""0f5cd23c-7e44-62a9-f04a-17fa9f5a71ae"",""yes_price_dollars"":""0.6000""}"
KXETH15M-26APR271445-45,477f2632-7eac-4de7-18b9-2c5290911c2f,1777314891,0.63,10.0,yes,"{""count_fp"":""10.00"",""created_time"":""2026-04-27T18:34:51.948643Z"",""no_price_dollars"":""0.3700"",""taker_side"":""yes"",""ticker"":""KXETH15M-26APR271445-45"",""trade_id"":""477f2632-7eac-4de7-18b9-2c5290911c2f"",""yes_price_dollars"":""0.6300""}"
KXETH15M-26APR271445-45,2ecd4f2c-e2c9-4adc-c302-4c00d053bae4,1777314891,0.61,1.0,yes,"{""count_fp"":""1.00"",""created_time"":""2026-04-27T18:34:51.943462Z"",""no_price_dollars"":""0.3900"",""taker_side"":""yes"",""ticker"":""KXETH15M-26APR271445-45"",""trade_id"":""2ecd4f2c-e2c9-4adc-c302-4c00d053bae4"",""yes_price_dollars"":""0.6100""}"
KXETH15M-26APR271445-45,49823edc-86cc-6ef1-c92e-320b52085502,1777314894,0.63,2.0,no,"{""count_fp"":""2.00"",""created_time"":""2026-04-27T18:34:54.102336Z"",""no_price_dollars"":""0.3700"",""taker_side"":""no"",""ticker"":""KXETH15M-26APR271445-45"",""trade_id"":""49823edc-86cc-6ef1-c92e-320b52085502"",""yes_price_dollars"":""0.6300""}"
KXETH15M-26APR271445-45,9875722c-0c52-4439-606b-e1e016976910,1777314900,0.7,10.33,yes,"{""count_fp"":""10.33"",""created_time"":""2026-04-27T18:35:00.968998Z"",""no_price_dollars"":""0.3000"",""taker_side"":""yes"",""ticker"":""KXETH15M-26APR271445-45"",""trade_id"":""9875722c-0c52-4439-606b-e1e016976910"",""yes_price_dollars"":""0.7000""}"
KXETH15M-26APR271445-45,163dc4ea-8ae7-42f4-4d8f-b101f2edacf1,1777314900,0.7,9.67,yes,"{""count_fp"":""9.67"",""created_time"":""2026-04-27T18:35:00.968998Z"",""no_price_dollars"":""0.3000"",""taker_side"":""yes"",""ticker"":""KXETH15M-26APR271445-45"",""trade_id"":""163dc4ea-8ae7-42f4-4d8f-b101f2edacf1"",""yes_price_dollars"":""0.7000""}"
KXETH15M-26APR271445-45,ed023d9b-4fef-7b1e-fcf3-1a6c1e8f8ba7,1777314901,0.69,2.0,no,"{""count_fp"":""2.00"",""created_time"":""2026-04-27T18:35:01.238678Z"",""no_price_dollars"":""0.3100"",""taker_side"":""no"",""ticker"":""KXETH15M-26APR271445-45"",""trade_id"":""ed023d9b-4fef-7b1e-fcf3-1a6c1e8f8ba7"",""yes_price_dollars"":""0.6900""}"
KXETH15M-26APR271445-45,4de6c657-7840-796d-c782-c5dfce82b9fe,1777314901,0.69,13.38,no,"{""count_fp"":""13.38"",""created_time"":""2026-04-27T18:35:01.238678Z"",""no_price_dollars"":""0.3100"",""taker_side"":""no"",""ticker"":""KXETH15M-26APR271445-45"",""trade_id"":""4de6c657-7840-796d-c782-c5dfce82b9fe"",""yes_price_dollars"":""0.6900""}"
KXETH15M-26APR271445-45,b6e0055c-eec5-5b53-70b8-dfcb5ce65d6e,1777314905,0.69,1.0,no,"{""count_fp"":""1.00"",""created_time"":""2026-04-27T18:35:05.514165Z"",""no_price_dollars"":""0.3100"",""taker_side"":""no"",""ticker"":""KXETH15M-26APR271445-45"",""trade_id"":""b6e0055c-eec5-5b53-70b8-dfcb5ce65d6e"",""yes_price_dollars"":""0.6900""}"
KXETH15M-26APR271445-45,6389784b-66f5-67cb-abf4-b6fe8bb14006,1777314908,0.69,73.0,no,"{""count_fp"":""73.00"",""created_time"":""2026-04-27T18:35:08.459102Z"",""no_price_dollars"":""0.3100"",""taker_side"":""no"",""ticker"":""KXETH15M-26APR271445-45"",""trade_id"":""6389784b-66f5-67cb-abf4-b6fe8bb14006"",""yes_price_dollars"":""0.6900""}"
KXETH15M-26APR271445-45,d41fbe11-7e6c-6bb4-68c0-fe586a9b8ef4,1777314915,0.68,1.0,no,"{""count_fp"":""1.00"",""created_time"":""2026-04-27T18:35:15.323999Z"",""no_price_dollars"":""0.3200"",""taker_side"":""no"",""ticker"":""KXETH15M-26APR271445-45"",""trade_id"":""d41fbe11-7e6c-6bb4-68c0-fe586a9b8ef4"",""yes_price_dollars"":""0.6800""}"
KXETH15M-26APR271445-45,883490f6-1828-5a12-c0ec-4f4f75976edd,1777314917,0.66,1.0,yes,"{""count_fp"":""1.00"",""created_time"":""2026-04-27T18:35:17.089286Z"",""no_price_dollars"":""0.3400"",""taker_side"":""yes"",""ticker"":""KXETH15M-26APR271445-45"",""trade_id"":""883490f6-1828-5a12-c0ec-4f4f75976edd"",""yes_price_dollars"":""0.6600""}"
KXETH15M-26APR271445-45,6f74843a-5b32-7a2b-b362-6029f228a498,1777314928,0.66,2.65,no,"{""count_fp"":""2.65"",""created_time"":""2026-04-27T18:35:28.219656Z"",""no_price_dollars"":""0.3400"",""taker_side"":""no"",""ticker"":""KXETH15M-26APR271445-45"",""trade_id"":""6f74843a-5b32-7a2b-b362-6029f228a498"",""yes_price_dollars"":""0.6600""}"
KXETH15M-26APR271445-45,10bfeb68-c5b6-4b52-4a36-f89dc348c0b7,1777314933,0.67,5.19,yes,"{""count_fp"":""5.19"",""created_time"":""2026-04-27T18:35:33.259261Z"",""no_price_dollars"":""0.3300"",""taker_side"":""yes"",""ticker"":""KXETH15M-26APR271445-45"",""trade_id"":""10bfeb68-c5b6-4b52-4a36-f89dc348c0b7"",""yes_price_dollars"":""0.6700""}"
KXETH15M-26APR271445-45,0b884e86-41a2-4463-7374-6cc3a1597b7a,1777314933,0.67,9.39,yes,"{""count_fp"":""9.39"",""created_time"":""2026-04-27T18:35:33.259261Z"",""no_price_dollars"":""0.3300"",""taker_side"":""yes"",""ticker"":""KXETH15M-26APR271445-45"",""trade_id"":""0b884e86-41a2-4463-7374-6cc3a1597b7a"",""yes_price_dollars"":""0.6700""}"
KXETH15M-26APR271445-45,3dec1b2f-ae83-504a-deb7-954e2e4e7fdf,1777314936,0.68,15.05,yes,"{""count_fp"":""15.05"",""created_time"":""2026-04-27T18:35:36.079487Z"",""no_price_dollars"":""0.3200"",""taker_side"":""yes"",""ticker"":""KXETH15M-26APR271445-45"",""trade_id"":""3dec1b2f-ae83-504a-deb7-954e2e4e7fdf"",""yes_price_dollars"":""0.6800""}"
KXETH15M-26APR271445-45,1a9e68d8-e773-6776-9462-9be265f0357f,1777314939,0.68,2.87,yes,"{""count_fp"":""2.87"",""created_time"":""2026-04-27T18:35:39.550124Z"",""no_price_dollars"":""0.3200"",""taker_side"":""yes"",""ticker"":""KXETH15M-26APR271445-45"",""trade_id"":""1a9e68d8-e773-6776-9462-9be265f0357f"",""yes_price_dollars"":""0.6800""}"
KXETH15M-26APR271445-45,956fc8ab-a607-5276-62af-15cc261c18f7,1777314943,0.68,0.73,yes,"{""count_fp"":""0.73"",""created_time"":""2026-04-27T18:35:43.348065Z"",""no_price_dollars"":""0.3200"",""taker_side"":""yes"",""ticker"":""KXETH15M-26APR271445-45"",""trade_id"":""956fc8ab-a607-5276-62af-15cc261c18f7"",""yes_price_dollars"":""0.6800""}"
KXETH15M-26APR271445-45,65608b28-723b-441a-1c05-d46570cf60df,1777314943,0.68,43.35,yes,"{""count_fp"":""43.35"",""created_time"":""2026-04-27T18:35:43.254173Z"",""no_price_dollars"":""0.3200"",""taker_side"":""yes"",""ticker"":""KXETH15M-26APR271445-45"",""trade_id"":""65608b28-723b-441a-1c05-d46570cf60df"",""yes_price_dollars"":""0.6800""}"
KXETH15M-26APR271445-45,7ded5d5c-edf3-50c5-d2fd-7a70703d899a,1777314946,0.7,5.0,yes,"{""count_fp"":""5.00"",""created_time"":""2026-04-27T18:35:46.961047Z"",""no_price_dollars"":""0.3000"",""taker_side"":""yes"",""ticker"":""KXETH15M-26APR271445-45"",""trade_id"":""7ded5d5c-edf3-50c5-d2fd-7a70703d899a"",""yes_price_dollars"":""0.7000""}"
KXETH15M-26APR271445-45,384a451c-32c3-7cd2-0b6d-ad855bbad4a0,1777314949,0.68,1.0,no,"{""count_fp"":""1.00"",""created_time"":""2026-04-27T18:35:49.890326Z"",""no_price_dollars"":""0.3200"",""taker_side"":""no"",""ticker"":""KXETH15M-26APR271445-45"",""trade_id"":""384a451c-32c3-7cd2-0b6d-ad855bbad4a0"",""yes_price_dollars"":""0.6800""}"
KXETH15M-26APR271445-45,35991dce-8f64-73dd-3b8e-2f320a0e4e0a,1777314949,0.68,1.89,no,"{""count_fp"":""1.89"",""created_time"":""2026-04-27T18:35:49.890326Z"",""no_price_dollars"":""0.3200"",""taker_side"":""no"",""ticker"":""KXETH15M-26APR271445-45"",""trade_id"":""35991dce-8f64-73dd-3b8e-2f320a0e4e0a"",""yes_price_dollars"":""0.6800""}"
KXETH15M-26APR271445-45,d806cff8-4348-6655-2a41-f6324dbca56a,1777314952,0.73,2.0,no,"{""count_fp"":""2.00"",""created_time"":""2026-04-27T18:35:52.243955Z"",""no_price_dollars"":""0.2700"",""taker_side"":""no"",""ticker"":""KXETH15M-26APR271445-45"",""trade_id"":""d806cff8-4348-6655-2a41-f6324dbca56a"",""yes_price_dollars"":""0.7300""}"
KXETH15M-26APR271445-45,b4982631-d4e8-5e9d-6e6f-d4cbe20fe14e,1777314952,0.73,1.0,no,"{""count_fp"":""1.00"",""created_time"":""2026-04-27T18:35:52.221359Z"",""no_price_dollars"":""0.2700"",""taker_side"":""no"",""ticker"":""KXETH15M-26APR271445-45"",""trade_id"":""b4982631-d4e8-5e9d-6e6f-d4cbe20fe14e"",""yes_price_dollars"":""0.7300""}"
KXETH15M-26APR271445-45,3cf93e8c-f446-522b-5f1d-011308cae25d,1777314952,0.73,1.0,no,"{""count_fp"":""1.00"",""created_time"":""2026-04-27T18:35:52.221359Z"",""no_price_dollars"":""0.2700"",""taker_side"":""no"",""ticker"":""KXETH15M-26APR271445-45"",""trade_id"":""3cf93e8c-f446-522b-5f1d-011308cae25d"",""yes_price_dollars"":""0.7300""}"
KXETH15M-26APR271445-45,82696cf4-c818-5545-793f-209d24fd85a2,1777314959,0.74,6.3,no,"{""count_fp"":""6.30"",""created_time"":""2026-04-27T18:35:59.881753Z"",""no_price_dollars"":""0.2600"",""taker_side"":""no"",""ticker"":""KXETH15M-26APR271445-45"",""trade_id"":""82696cf4-c818-5545-793f-209d24fd85a2"",""yes_price_dollars"":""0.7400""}"
KXETH15M-26APR271445-45,2d99f5cd-d212-526d-792e-3d2913c02bc6,1777314959,0.74,1.0,no,"{""count_fp"":""1.00"",""created_time"":""2026-04-27T18:35:59.881753Z"",""no_price_dollars"":""0.2600"",""taker_side"":""no"",""ticker"":""KXETH15M-26APR271445-45"",""trade_id"":""2d99f5cd-d212-526d-792e-3d2913c02bc6"",""yes_price_dollars"":""0.7400""}"
KXETH15M-26APR271445-45,c7108b35-d23d-634e-457f-972aaffe8354,1777314960,0.76,10.05,yes,"{""count_fp"":""10.05"",""created_time"":""2026-04-27T18:36:00.978289Z"",""no_price_dollars"":""0.2400"",""taker_side"":""yes"",""ticker"":""KXETH15M-26APR271445-45"",""trade_id"":""c7108b35-d23d-634e-457f-972aaffe8354"",""yes_price_dollars"":""0.7600""}"
KXETH15M-26APR271445-45,5693296a-881d-6329-4364-60a31c06a4f9,1777314960,0.76,26.95,yes,"{""count_fp"":""26.95"",""created_time"":""2026-04-27T18:36:00.978289Z"",""no_price_dollars"":""0.2400"",""taker_side"":""yes"",""ticker"":""KXETH15M-26APR271445-45"",""trade_id"":""5693296a-881d-6329-4364-60a31c06a4f9"",""yes_price_dollars"":""0.7600""}"
KXETH15M-26APR271445-45,3f010474-66fe-7a31-58f8-e02f7c99af36,1777314960,0.75,1.0,yes,"{""count_fp"":""1.00"",""created_time"":""2026-04-27T18:36:00.886702Z"",""no_price_dollars"":""0.2500"",""taker_side"":""yes"",""ticker"":""KXETH15M-26APR271445-45"",""trade_id"":""3f010474-66fe-7a31-58f8-e02f7c99af36"",""yes_price_dollars"":""0.7500""}"
KXETH15M-26APR271445-45,64e80671-803c-50ce-9363-f8afde3c1ed5,1777314963,0.75,2.0,no,"{""count_fp"":""2.00"",""created_time"":""2026-04-27T18:36:03.206613Z"",""no_price_dollars"":""0.2500"",""taker_side"":""no"",""ticker"":""KXETH15M-26APR271445-45"",""trade_id"":""64e80671-803c-50ce-9363-f8afde3c1ed5"",""yes_price_dollars"":""0.7500""}"
KXETH15M-26APR271445-45,36efa382-7b95-5af3-0299-a6ae82b812db,1777314967,0.75,10.0,yes,"{""count_fp"":""10.00"",""created_time"":""2026-04-27T18:36:07.296136Z"",""no_price_dollars"":""0.2500"",""taker_side"":""yes"",""ticker"":""KXETH15M-26APR271445-45"",""trade_id"":""36efa382-7b95-5af3-0299-a6ae82b812db"",""yes_price_dollars"":""0.7500""}"
KXETH15M-26APR271445-45,51600576-c90c-4bcd-e329-a3463da89d2b,1777314969,0.77,6.0,yes,"{""count_fp"":""6.00"",""created_time"":""2026-04-27T18:36:09.010446Z"",""no_price_dollars"":""0.2300"",""taker_side"":""yes"",""ticker"":""KXETH15M-26APR271445-45"",""trade_id"":""51600576-c90c-4bcd-e329-a3463da89d2b"",""yes_price_dollars"":""0.7700""}"
KXETH15M-26APR271445-45,8003915c-21fd-4c38-4aa9-6b1c1a8a2e8d,1777314974,0.75,3.0,no,"{""count_fp"":""3.00"",""created_time"":""2026-04-27T18:36:14.829324Z"",""no_price_dollars"":""0.2500"",""taker_side"":""no"",""ticker"":""KXETH15M-26APR271445-45"",""trade_id"":""8003915c-21fd-4c38-4aa9-6b1c1a8a2e8d"",""yes_price_dollars"":""0.7500""}"
KXETH15M-26APR271445-45,48b81bb3-9b40-4d29-10c6-46551c37098b,1777314975,0.77,5.0,yes,"{""count_fp"":""5.00"",""created_time"":""2026-04-27T18:36:15.373052Z"",""no_price_dollars"":""0.2300"",""taker_side"":""yes"",""ticker"":""KXETH15M-26APR271445-45"",""trade_id"":""48b81bb3-9b40-4d29-10c6-46551c37098b"",""yes_price_dollars"":""0.7700""}"
KXETH15M-26APR271445-45,8101b7e4-7c14-7159-025e-715b1e8d50da,1777314979,0.76,2.95,no,"{""count_fp"":""2.95"",""created_time"":""2026-04-27T18:36:19.324447Z"",""no_price_dollars"":""0.2400"",""taker_side"":""no"",""ticker"":""KXETH15M-26APR271445-45"",""trade_id"":""8101b7e4-7c14-7159-025e-715b1e8d50da"",""yes_price_dollars"":""0.7600""}"
KXETH15M-26APR271445-45,7c5b3028-13f1-75e0-1ce5-663bd40a5905,1777314979,0.76,1.0,no,"{""count_fp"":""1.00"",""created_time"":""2026-04-27T18:36:19.324447Z"",""no_price_dollars"":""0.2400"",""taker_side"":""no"",""ticker"":""KXETH15M-26APR271445-45"",""trade_id"":""7c5b3028-13f1-75e0-1ce5-663bd40a5905"",""yes_price_dollars"":""0.7600""}"
KXETH15M-26APR271445-45,28c41b6a-e6e0-5c39-7cc5-5bc6725ea78a,1777314982,0.76,1.0,no,"{""count_fp"":""1.00"",""created_time"":""2026-04-27T18:36:22.997129Z"",""no_price_dollars"":""0.2400"",""taker_side"":""no"",""ticker"":""KXETH15M-26APR271445-45"",""trade_id"":""28c41b6a-e6e0-5c39-7cc5-5bc6725ea78a"",""yes_price_dollars"":""0.7600""}"
KXETH15M-26APR271445-45,85f1010a-a342-6d8f-9c56-720a941986db,1777314982,0.78,1.0,yes,"{""count_fp"":""1.00"",""created_time"":""2026-04-27T18:36:22.805222Z"",""no_price_dollars"":""0.2200"",""taker_side"":""yes"",""ticker"":""KXETH15M-26APR271445-45"",""trade_id"":""85f1010a-a342-6d8f-9c56-720a941986db"",""yes_price_dollars"":""0.7800""}"
KXETH15M-26APR271445-45,3fd00bf1-c7d3-6503-bdda-4abcf0a3f4f9,1777314982,0.79,0.23,yes,"{""count_fp"":""0.23"",""created_time"":""2026-04-27T18:36:22.805222Z"",""no_price_dollars"":""0.2100"",""taker_side"":""yes"",""ticker"":""KXETH15M-26APR271445-45"",""trade_id"":""3fd00bf1-c7d3-6503-bdda-4abcf0a3f4f9"",""yes_price_dollars"":""0.7900""}"
KXETH15M-26APR271445-45,6fe85aca-ac98-49e0-b17e-ce26e82201d7,1777314987,0.78,10.0,no,"{""count_fp"":""10.00"",""created_time"":""2026-04-27T18:36:27.834439Z"",""no_price_dollars"":""0.2200"",""taker_side"":""no"",""ticker"":""KXETH15M-26APR271445-45"",""trade_id"":""6fe85aca-ac98-49e0-b17e-ce26e82201d7"",""yes_price_dollars"":""0.7800""}"
KXETH15M-26APR271445-45,3fac6757-aff5-44d0-af5a-1aefe5da42de,1777314987,0.78,5.0,no,"{""count_fp"":""5.00"",""created_time"":""2026-04-27T18:36:27.834439Z"",""no_price_dollars"":""0.2200"",""taker_side"":""no"",""ticker"":""KXETH15M-26APR271445-45"",""trade_id"":""3fac6757-aff5-44d0-af5a-1aefe5da42de"",""yes_price_dollars"":""0.7800""}"
KXETH15M-26APR271445-45,f176dd3f-d0f7-58ff-f325-96f5024fc66d,1777314994,0.79,0.77,yes,"{""count_fp"":""0.77"",""created_time"":""2026-04-27T18:36:34.687119Z"",""no_price_dollars"":""0.2100"",""taker_side"":""yes"",""ticker"":""KXETH15M-26APR271445-45"",""trade_id"":""f176dd3f-d0f7-58ff-f325-96f5024fc66d"",""yes_price_dollars"":""0.7900""}"
KXETH15M-26APR271445-45,ec86b458-21c0-50bd-d15f-867209b308fb,1777314994,0.8,386.25,yes,"{""count_fp"":""386.25"",""created_time"":""2026-04-27T18:36:34.687119Z"",""no_price_dollars"":""0.2000"",""taker_side"":""yes"",""ticker"":""KXETH15M-26APR271445-45"",""trade_id"":""ec86b458-21c0-50bd-d15f-867209b308fb"",""yes_price_dollars"":""0.8000""}"
KXETH15M-26APR271445-45,3e60abca-e523-543c-c362-170d8c850462,1777314994,0.8,1.0,yes,"{""count_fp"":""1.00"",""created_time"":""2026-04-27T18:36:34.687119Z"",""no_price_dollars"":""0.2000"",""taker_side"":""yes"",""ticker"":""KXETH15M-26APR271445-45"",""trade_id"":""3e60abca-e523-543c-c362-170d8c850462"",""yes_price_dollars"":""0.8000""}"
KXETH15M-26APR271445-45,0df3b31d-b27e-5691-cfc9-7e69d0cd2285,1777314994,0.79,9.52,yes,"{""count_fp"":""9.52"",""created_time"":""2026-04-27T18:36:34.687119Z"",""no_price_dollars"":""0.2100"",""taker_side"":""yes"",""ticker"":""KXETH15M-26APR271445-45"",""trade_id"":""0df3b31d-b27e-5691-cfc9-7e69d0cd2285"",""yes_price_dollars"":""0.7900""}"
KXETH15M-26APR271445-45,30680d0d-3533-59ee-3783-559ff52873ad,1777314995,0.78,10.0,no,"{""count_fp"":""10.00"",""created_time"":""2026-04-27T18:36:35.247993Z"",""no_price_dollars"":""0.2200"",""taker_side"":""no"",""ticker"":""KXETH15M-26APR271445-45"",""trade_id"":""30680d0d-3533-59ee-3783-559ff52873ad"",""yes_price_dollars"":""0.7800""}"
KXETH15M-26APR271445-45,c59bb5f0-323b-5fd3-20a2-c33cf0586a43,1777314998,0.77,1.0,yes,"{""count_fp"":""1.00"",""created_time"":""2026-04-27T18:36:38.261951Z"",""no_price_dollars"":""0.2300"",""taker_side"":""yes"",""ticker"":""KXETH15M-26APR271445-45"",""trade_id"":""c59bb5f0-323b-5fd3-20a2-c33cf0586a43"",""yes_price_dollars"":""0.7700""}"
KXETH15M-26APR271445-45,6ec9a8ae-4f7c-500f-2a1e-d6afc2f0e0c9,1777314998,0.78,4.0,yes,"{""count_fp"":""4.00"",""created_time"":""2026-04-27T18:36:38.261951Z"",""no_price_dollars"":""0.2200"",""taker_side"":""yes"",""ticker"":""KXETH15M-26APR271445-45"",""trade_id"":""6ec9a8ae-4f7c-500f-2a1e-d6afc2f0e0c9"",""yes_price_dollars"":""0.7800""}"
KXETH15M-26APR271445-45,811f57a3-1f67-5240-f71d-e1d13abbc3a4,1777314998,0.77,7.93,yes,"{""count_fp"":""7.93"",""created_time"":""2026-04-27T18:36:38.101366Z"",""no_price_dollars"":""0.2300"",""taker_side"":""yes"",""ticker"":""KXETH15M-26APR271445-45"",""trade_id"":""811f57a3-1f67-5240-f71d-e1d13abbc3a4"",""yes_price_dollars"":""0.7700""}"
KXETH15M-26APR271445-45,5c758706-804a-5f83-f315-71fb72fa6608,1777314998,0.77,1.0,yes,"{""count_fp"":""1.00"",""created_time"":""2026-04-27T18:36:38.101366Z"",""no_price_dollars"":""0.2300"",""taker_side"":""yes"",""ticker"":""KXETH15M-26APR271445-45"",""trade_id"":""5c758706-804a-5f83-f315-71fb72fa6608"",""yes_price_dollars"":""0.7700""}"
KXETH15M-26APR271445-45,d61d204b-74ff-6712-25ad-88c21d3dd208,1777315001,0.78,5.91,yes,"{""count_fp"":""5.91"",""created_time"":""2026-04-27T18:36:41.595828Z"",""no_price_dollars"":""0.2200"",""taker_side"":""yes"",""ticker"":""KXETH15M-26APR271445-45"",""trade_id"":""d61d204b-74ff-6712-25ad-88c21d3dd208"",""yes_price_dollars"":""0.7800""}"
KXETH15M-26APR271445-45,088ce075-6b0e-6acb-1fc7-07707403dcb2,1777315001,0.78,9.09,yes,"{""count_fp"":""9.09"",""created_time"":""2026-04-27T18:36:41.595828Z"",""no_price_dollars"":""0.2200"",""taker_side"":""yes"",""ticker"":""KXETH15M-26APR271445-45"",""trade_id"":""088ce075-6b0e-6acb-1fc7-07707403dcb2"",""yes_price_dollars"":""0.7800""}"
KXETH15M-26APR271445-45,b2338dbe-7a93-56bb-826a-0786475634c4,1777315002,0.78,5.0,yes,"{""count_fp"":""5.00"",""created_time"":""2026-04-27T18:36:42.205644Z"",""no_price_dollars"":""0.2200"",""taker_side"":""yes"",""ticker"":""KXETH15M-26APR271445-45"",""trade_id"":""b2338dbe-7a93-56bb-826a-0786475634c4"",""yes_price_dollars"":""0.7800""}"
KXETH15M-26APR271445-45,d1d631b5-c76f-70db-45f8-23efbf7c5b8c,1777315002,0.78,1.26,yes,"{""count_fp"":""1.26"",""created_time"":""2026-04-27T18:36:42.202342Z"",""no_price_dollars"":""0.2200"",""taker_side"":""yes"",""ticker"":""KXETH15M-26APR271445-45"",""trade_id"":""d1d631b5-c76f-70db-45f8-23efbf7c5b8c"",""yes_price_dollars"":""0.7800""}"
KXETH15M-26APR271445-45,aa2cdcde-2037-618d-ff78-ce4e7be15739,1777315010,0.78,4.0,yes,"{""count_fp"":""4.00"",""created_time"":""2026-04-27T18:36:50.039433Z"",""no_price_dollars"":""0.2200"",""taker_side"":""yes"",""ticker"":""KXETH15M-26APR271445-45"",""trade_id"":""aa2cdcde-2037-618d-ff78-ce4e7be15739"",""yes_price_dollars"":""0.7800""}"
KXETH15M-26APR271445-45,8a5cafc5-c9e6-55e9-ae9f-d1668f69c0ff,1777315012,0.79,1.0,no,"{""count_fp"":""1.00"",""created_time"":""2026-04-27T18:36:52.918687Z"",""no_price_dollars"":""0.2100"",""taker_side"":""no"",""ticker"":""KXETH15M-26APR271445-45"",""trade_id"":""8a5cafc5-c9e6-55e9-ae9f-d1668f69c0ff"",""yes_price_dollars"":""0.7900""}"
KXETH15M-26APR271445-45,45038b8f-fd83-523b-a969-d4d8295a5d99,1777315012,0.79,0.58,no,"{""count_fp"":""0.58"",""created_time"":""2026-04-27T18:36:52.918687Z"",""no_price_dollars"":""0.2100"",""taker_side"":""no"",""ticker"":""KXETH15M-26APR271445-45"",""trade_id"":""45038b8f-fd83-523b-a969-d4d8295a5d99"",""yes_price_dollars"":""0.7900""}"
KXETH15M-26APR271445-45,f11fe1f7-4042-7f48-3e8e-3d3a0b8236de,1777315013,0.82,27.89,yes,"{""count_fp"":""27.89"",""created_time"":""2026-04-27T18:36:53.983596Z"",""no_price_dollars"":""0.1800"",""taker_side"":""yes"",""ticker"":""KXETH15M-26APR271445-45"",""trade_id"":""f11fe1f7-4042-7f48-3e8e-3d3a0b8236de"",""yes_price_dollars"":""0.8200""}"
KXETH15M-26APR271445-45,8c596bfb-5ff7-7b76-0681-abef59ff3ac3,1777315013,0.82,1.0,yes,"{""count_fp"":""1.00"",""created_time"":""2026-04-27T18:36:53.983596Z"",""no_price_dollars"":""0.1800"",""taker_side"":""yes"",""ticker"":""KXETH15M-26APR271445-45"",""trade_id"":""8c596bfb-5ff7-7b76-0681-abef59ff3ac3"",""yes_price_dollars"":""0.8200""}"
KXETH15M-26APR271445-45,7cb92271-ac92-705d-1dfd-772ab5e595f8,1777315013,0.82,10.0,yes,"{""count_fp"":""10.00"",""created_time"":""2026-04-27T18:36:53.983596Z"",""no_price_dollars"":""0.1800"",""taker_side"":""yes"",""ticker"":""KXETH15M-26APR271445-45"",""trade_id"":""7cb92271-ac92-705d-1dfd-772ab5e595f8"",""yes_price_dollars"":""0.8200""}"
KXETH15M-26APR271445-45,5426a1fd-bf1a-74b3-273b-0e01055a7338,1777315013,0.82,11.11,yes,"{""count_fp"":""11.11"",""created_time"":""2026-04-27T18:36:53.983596Z"",""no_price_dollars"":""0.1800"",""taker_side"":""yes"",""ticker"":""KXETH15M-26APR271445-45"",""trade_id"":""5426a1fd-bf1a-74b3-273b-0e01055a7338"",""yes_price_dollars"":""0.8200""}"
KXETH15M-26APR271445-45,1c62f161-8c45-7bbb-aeaf-ab13d7d8fad6,1777315013,0.81,1.0,yes,"{""count_fp"":""1.00"",""created_time"":""2026-04-27T18:36:53.100598Z"",""no_price_dollars"":""0.1900"",""taker_side"":""yes"",""ticker"":""KXETH15M-26APR271445-45"",""trade_id"":""1c62f161-8c45-7bbb-aeaf-ab13d7d8fad6"",""yes_price_dollars"":""0.8100""}"
KXETH15M-26APR271445-45,39c15374-6caf-4416-73a9-dbd594ac056d,1777315014,0.82,6.0,yes,"{""count_fp"":""6.00"",""created_time"":""2026-04-27T18:36:54.616657Z"",""no_price_dollars"":""0.1800"",""taker_side"":""yes"",""ticker"":""KXETH15M-26APR271445-45"",""trade_id"":""39c15374-6caf-4416-73a9-dbd594ac056d"",""yes_price_dollars"":""0.8200""}"
KXETH15M-26APR271445-45,f212e772-6afd-7249-cd39-f8753e41e82d,1777315015,0.83,1.0,yes,"{""count_fp"":""1.00"",""created_time"":""2026-04-27T18:36:55.845713Z"",""no_price_dollars"":""0.1700"",""taker_side"":""yes"",""ticker"":""KXETH15M-26APR271445-45"",""trade_id"":""f212e772-6afd-7249-cd39-f8753e41e82d"",""yes_price_dollars"":""0.8300""}"
KXETH15M-26APR271445-45,fcdf05ca-8f40-4023-cbd4-129cd2c1e039,1777315015,0.83,2.33,yes,"{""count_fp"":""2.33"",""created_time"":""2026-04-27T18:36:55.817165Z"",""no_price_dollars"":""0.1700"",""taker_side"":""yes"",""ticker"":""KXETH15M-26APR271445-45"",""trade_id"":""fcdf05ca-8f40-4023-cbd4-129cd2c1e039"",""yes_price_dollars"":""0.8300""}"
KXETH15M-26APR271445-45,f445dbcd-855d-4840-f1ca-e6c272b345f4,1777315015,0.83,1.0,yes,"{""count_fp"":""1.00"",""created_time"":""2026-04-27T18:36:55.817165Z"",""no_price_dollars"":""0.1700"",""taker_side"":""yes"",""ticker"":""KXETH15M-26APR271445-45"",""trade_id"":""f445dbcd-855d-4840-f1ca-e6c272b345f4"",""yes_price_dollars"":""0.8300""}"
KXETH15M-26APR271445-45,de376129-bac0-44d6-c107-e13295fcfdec,1777315015,0.83,16.67,yes,"{""count_fp"":""16.67"",""created_time"":""2026-04-27T18:36:55.817165Z"",""no_price_dollars"":""0.1700"",""taker_side"":""yes"",""ticker"":""KXETH15M-26APR271445-45"",""trade_id"":""de376129-bac0-44d6-c107-e13295fcfdec"",""yes_price_dollars"":""0.8300""}"
KXETH15M-26APR271445-45,b5d1bfd1-f0ec-4884-ce37-e9a84ddfed4c,1777315015,0.83,23.0,yes,"{""count_fp"":""23.00"",""created_time"":""2026-04-27T18:36:55.817165Z"",""no_price_dollars"":""0.1700"",""taker_side"":""yes"",""ticker"":""KXETH15M-26APR271445-45"",""trade_id"":""b5d1bfd1-f0ec-4884-ce37-e9a84ddfed4c"",""yes_price_dollars"":""0.8300""}"
KXETH15M-26APR271445-45,7457158c-170f-4a1b-fe0b-7ce6d3e22eec,1777315015,0.83,1.0,yes,"{""count_fp"":""1.00"",""created_time"":""2026-04-27T18:36:55.817165Z"",""no_price_dollars"":""0.1700"",""taker_side"":""yes"",""ticker"":""KXETH15M-26APR271445-45"",""trade_id"":""7457158c-170f-4a1b-fe0b-7ce6d3e22eec"",""yes_price_dollars"":""0.8300""}"
KXETH15M-26APR271445-45,1db3e350-640c-4312-ee9b-c66978b20f8e,1777315015,0.83,6.0,yes,"{""count_fp"":""6.00"",""created_time"":""2026-04-27T18:36:55.817165Z"",""no_price_dollars"":""0.1700"",""taker_side"":""yes"",""ticker"":""KXETH15M-26APR271445-45"",""trade_id"":""1db3e350-640c-4312-ee9b-c66978b20f8e"",""yes_price_dollars"":""0.8300""}"
KXETH15M-26APR271445-45,7c73c08a-0a21-4029-2072-516fae08c1df,1777315015,0.82,5.0,no,"{""count_fp"":""5.00"",""created_time"":""2026-04-27T18:36:55.255566Z"",""no_price_dollars"":""0.1800"",""taker_side"":""no"",""ticker"":""KXETH15M-26APR271445-45"",""trade_id"":""7c73c08a-0a21-4029-2072-516fae08c1df"",""yes_price_dollars"":""0.8200""}"
KXETH15M-26APR271445-45,ff92beef-2d16-4a63-4a80-4a1fe6171c48,1777315020,0.85,1.0,yes,"{""count_fp"":""1.00"",""created_time"":""2026-04-27T18:37:00.843285Z"",""no_price_dollars"":""0.1500"",""taker_side"":""yes"",""ticker"":""KXETH15M-26APR271445-45"",""trade_id"":""ff92beef-2d16-4a63-4a80-4a1fe6171c48"",""yes_price_dollars"":""0.8500""}"
KXETH15M-26APR271445-45,9cb6681a-a8a5-4b02-6880-a821b1d46bf0,1777315020,0.85,25.79,yes,"{""count_fp"":""25.79"",""created_time"":""2026-04-27T18:37:00.843285Z"",""no_price_dollars"":""0.1500"",""taker_side"":""yes"",""ticker"":""KXETH15M-26APR271445-45"",""trade_id"":""9cb6681a-a8a5-4b02-6880-a821b1d46bf0"",""yes_price_dollars"":""0.8500""}"
KXETH15M-26APR271445-45,87d9e2b9-bba8-4d19-681e-9c0eba39912f,1777315020,0.85,19.21,yes,"{""count_fp"":""19.21"",""created_time"":""2026-04-27T18:37:00.843285Z"",""no_price_dollars"":""0.1500"",""taker_side"":""yes"",""ticker"":""KXETH15M-26APR271445-45"",""trade_id"":""87d9e2b9-bba8-4d19-681e-9c0eba39912f"",""yes_price_dollars"":""0.8500""}"
KXETH15M-26APR271445-45,6a085b7c-df1c-51ed-800d-61dd25a684d2,1777315020,0.82,1.25,no,"{""count_fp"":""1.25"",""created_time"":""2026-04-27T18:37:00.560572Z"",""no_price_dollars"":""0.1800"",""taker_side"":""no"",""ticker"":""KXETH15M-26APR271445-45"",""trade_id"":""6a085b7c-df1c-51ed-800d-61dd25a684d2"",""yes_price_dollars"":""0.8200""}"
KXETH15M-26APR271445-45,371107ba-d7f0-5434-905f-450ca0e8b76d,1777315020,0.82,1.0,no,"{""count_fp"":""1.00"",""created_time"":""2026-04-27T18:37:00.560572Z"",""no_price_dollars"":""0.1800"",""taker_side"":""no"",""ticker"":""KXETH15M-26APR271445-45"",""trade_id"":""371107ba-d7f0-5434-905f-450ca0e8b76d"",""yes_price_dollars"":""0.8200""}"
KXETH15M-26APR271445-45,f8b2e018-2267-5448-c479-0a26821dcaa2,1777315020,0.84,8.79,yes,"{""count_fp"":""8.79"",""created_time"":""2026-04-27T18:37:00.413306Z"",""no_price_dollars"":""0.1600"",""taker_side"":""yes"",""ticker"":""KXETH15M-26APR271445-45"",""trade_id"":""f8b2e018-2267-5448-c479-0a26821dcaa2"",""yes_price_dollars"":""0.8400""}"
KXETH15M-26APR271445-45,e4505218-fb49-5d30-f740-c45a3545e2a0,1777315020,0.84,1.0,yes,"{""count_fp"":""1.00"",""created_time"":""2026-04-27T18:37:00.413306Z"",""no_price_dollars"":""0.1600"",""taker_side"":""yes"",""ticker"":""KXETH15M-26APR271445-45"",""trade_id"":""e4505218-fb49-5d30-f740-c45a3545e2a0"",""yes_price_dollars"":""0.8400""}"
KXETH15M-26APR271445-45,40014809-a4bd-5e26-fe5a-34f8f2f55780,1777315020,0.85,0.21,yes,"{""count_fp"":""0.21"",""created_time"":""2026-04-27T18:37:00.413306Z"",""no_price_dollars"":""0.1500"",""taker_side"":""yes"",""ticker"":""KXETH15M-26APR271445-45"",""trade_id"":""40014809-a4bd-5e26-fe5a-34f8f2f55780"",""yes_price_dollars"":""0.8500""}"
KXETH15M-26APR271445-45,3729d0f5-90ca-57dd-ff38-7d87d064e71c,1777315020,0.84,1.0,yes,"{""count_fp"":""1.00"",""created_time"":""2026-04-27T18:37:00.413306Z"",""no_price_dollars"":""0.1600"",""taker_side"":""yes"",""ticker"":""KXETH15M-26APR271445-45"",""trade_id"":""3729d0f5-90ca-57dd-ff38-7d87d064e71c"",""yes_price_dollars"":""0.8400""}"
KXETH15M-26APR271445-45,c29955d7-5069-5421-34cc-84652f315ce9,1777315024,0.84,1.0,no,"{""count_fp"":""1.00"",""created_time"":""2026-04-27T18:37:04.829624Z"",""no_price_dollars"":""0.1600"",""taker_side"":""no"",""ticker"":""KXETH15M-26APR271445-45"",""trade_id"":""c29955d7-5069-5421-34cc-84652f315ce9"",""yes_price_dollars"":""0.8400""}"
KXETH15M-26APR271445-45,2de0c9cd-d789-5a22-0394-7c2dd9cd705d,1777315024,0.84,1.95,no,"{""count_fp"":""1.95"",""created_time"":""2026-04-27T18:37:04.829624Z"",""no_price_dollars"":""0.1600"",""taker_side"":""no"",""ticker"":""KXETH15M-26APR271445-45"",""trade_id"":""2de0c9cd-d789-5a22-0394-7c2dd9cd705d"",""yes_price_dollars"":""0.8400""}"
KXETH15M-26APR271445-45,cfac96fc-e9cc-475d-d579-bce0c86a2d13,1777315029,0.82,1.0,no,"{""count_fp"":""1.00"",""created_time"":""2026-04-27T18:37:09.760319Z"",""no_price_dollars"":""0.1800"",""taker_side"":""no"",""ticker"":""KXETH15M-26APR271445-45"",""trade_id"":""cfac96fc-e9cc-475d-d579-bce0c86a2d13"",""yes_price_dollars"":""0.8200""}"
KXETH15M-26APR271445-45,3f967d60-67ea-49e0-ecc7-691b9756ffe3,1777315029,0.82,5.0,no,"{""count_fp"":""5.00"",""created_time"":""2026-04-27T18:37:09.760319Z"",""no_price_dollars"":""0.1800"",""taker_side"":""no"",""ticker"":""KXETH15M-26APR271445-45"",""trade_id"":""3f967d60-67ea-49e0-ecc7-691b9756ffe3"",""yes_price_dollars"":""0.8200""}"
KXETH15M-26APR271445-45,35d87e7d-3637-48b9-c151-5e5509da8c41,1777315029,0.82,10.0,no,"{""count_fp"":""10.00"",""created_time"":""2026-04-27T18:37:09.760319Z"",""no_price_dollars"":""0.1800"",""taker_side"":""no"",""ticker"":""KXETH15M-26APR271445-45"",""trade_id"":""35d87e7d-3637-48b9-c151-5e5509da8c41"",""yes_price_dollars"":""0.8200""}"
KXETH15M-26APR271445-45,1e183068-15f0-43bd-c0f5-c4166102c142,1777315029,0.82,10.26,no,"{""count_fp"":""10.26"",""created_time"":""2026-04-27T18:37:09.760319Z"",""no_price_dollars"":""0.1800"",""taker_side"":""no"",""ticker"":""KXETH15M-26APR271445-45"",""trade_id"":""1e183068-15f0-43bd-c0f5-c4166102c142"",""yes_price_dollars"":""0.8200""}"
KXETH15M-26APR271445-45,f41e6451-fbf4-4d99-b864-c395b5ac286b,1777315031,0.86,168.18,yes,"{""count_fp"":""168.18"",""created_time"":""2026-04-27T18:37:11.255097Z"",""no_price_dollars"":""0.1400"",""taker_side"":""yes"",""ticker"":""KXETH15M-26APR271445-45"",""trade_id"":""f41e6451-fbf4-4d99-b864-c395b5ac286b"",""yes_price_dollars"":""0.8600""}"
KXETH15M-26APR271445-45,bb90421e-d456-48d8-bd03-5f8abc042a6f,1777315031,0.85,9.37,yes,"{""count_fp"":""9.37"",""created_time"":""2026-04-27T18:37:11.255097Z"",""no_price_dollars"":""0.1500"",""taker_side"":""yes"",""ticker"":""KXETH15M-26APR271445-45"",""trade_id"":""bb90421e-d456-48d8-bd03-5f8abc042a6f"",""yes_price_dollars"":""0.8500""}"
KXETH15M-26APR271445-45,9fc0fca1-10c8-4a31-915c-b56e55693585,1777315031,0.85,100.0,yes,"{""count_fp"":""100.00"",""created_time"":""2026-04-27T18:37:11.255097Z"",""no_price_dollars"":""0.1500"",""taker_side"":""yes"",""ticker"":""KXETH15M-26APR271445-45"",""trade_id"":""9fc0fca1-10c8-4a31-915c-b56e55693585"",""yes_price_dollars"":""0.8500""}"
KXETH15M-26APR271445-45,6b0cf9bc-d5c6-4269-87ef-3e8691760987,1777315031,0.84,1.0,yes,"{""count_fp"":""1.00"",""created_time"":""2026-04-27T18:37:11.255097Z"",""no_price_dollars"":""0.1600"",""taker_side"":""yes"",""ticker"":""KXETH15M-26APR271445-45"",""trade_id"":""6b0cf9bc-d5c6-4269-87ef-3e8691760987"",""yes_price_dollars"":""0.8400""}"
KXETH15M-26APR271445-45,354d07ea-16e4-4229-9dcb-b0675955e4ef,1777315031,0.85,50.79,yes,"{""count_fp"":""50.79"",""created_time"":""2026-04-27T18:37:11.255097Z"",""no_price_dollars"":""0.1500"",""taker_side"":""yes"",""ticker"":""KXETH15M-26APR271445-45"",""trade_id"":""354d07ea-16e4-4229-9dcb-b0675955e4ef"",""yes_price_dollars"":""0.8500""}"
KXETH15M-26APR271445-45,11efebea-e3f0-4ba5-8aec-3af8746d42fb,1777315031,0.84,6.95,yes,"{""count_fp"":""6.95"",""created_time"":""2026-04-27T18:37:11.255097Z"",""no_price_dollars"":""0.1600"",""taker_side"":""yes"",""ticker"":""KXETH15M-26APR271445-45"",""trade_id"":""11efebea-e3f0-4ba5-8aec-3af8746d42fb"",""yes_price_dollars"":""0.8400""}"
KXETH15M-26APR271445-45,00a6b2bb-2b29-4c1c-9ab1-8074c998ecea,1777315031,0.85,10.0,yes,"{""count_fp"":""10.00"",""created_time"":""2026-04-27T18:37:11.255097Z"",""no_price_dollars"":""0.1500"",""taker_side"":""yes"",""ticker"":""KXETH15M-26APR271445-45"",""trade_id"":""00a6b2bb-2b29-4c1c-9ab1-8074c998ecea"",""yes_price_dollars"":""0.8500""}"
KXETH15M-26APR271445-45,ae04530b-48f4-5bd1-d2e5-17a7d60f740a,1777315032,0.81,34.0,no,"{""count_fp"":""34.00"",""created_time"":""2026-04-27T18:37:12.660718Z"",""no_price_dollars"":""0.1900"",""taker_side"":""no"",""ticker"":""KXETH15M-26APR271445-45"",""trade_id"":""ae04530b-48f4-5bd1-d2e5-17a7d60f740a"",""yes_price_dollars"":""0.8100""}"
KXETH15M-26APR271445-45,8f884cac-c765-584c-edcc-4cb14a8d5b7a,1777315032,0.81,1.0,no,"{""count_fp"":""1.00"",""created_time"":""2026-04-27T18:37:12.660718Z"",""no_price_dollars"":""0.1900"",""taker_side"":""no"",""ticker"":""KXETH15M-26APR271445-45"",""trade_id"":""8f884cac-c765-584c-edcc-4cb14a8d5b7a"",""yes_price_dollars"":""0.8100""}"
KXETH15M-26APR271445-45,02c4c121-8d96-59be-eac0-155e2d76a55e,1777315032,0.82,5.0,no,"{""count_fp"":""5.00"",""created_time"":""2026-04-27T18:37:12.660718Z"",""no_price_dollars"":""0.1800"",""taker_side"":""no"",""ticker"":""KXETH15M-26APR271445-45"",""trade_id"":""02c4c121-8d96-59be-eac0-155e2d76a55e"",""yes_price_dollars"":""0.8200""}"
KXETH15M-26APR271445-45,501bef97-e5d4-448f-6c6e-5c0801f27a41,1777315033,0.85,50.0,yes,"{""count_fp"":""50.00"",""created_time"":""2026-04-27T18:37:13.815054Z"",""no_price_dollars"":""0.1500"",""taker_side"":""yes"",""ticker"":""KXETH15M-26APR271445-45"",""trade_id"":""501bef97-e5d4-448f-6c6e-5c0801f27a41"",""yes_price_dollars"":""0.8500""}"
KXETH15M-26APR271445-45,b754a740-58f3-43e6-8141-e384b5a3c627,1777315034,0.85,5.0,yes,"{""count_fp"":""5.00"",""created_time"":""2026-04-27T18:37:14.392253Z"",""no_price_dollars"":""0.1500"",""taker_side"":""yes"",""ticker"":""KXETH15M-26APR271445-45"",""trade_id"":""b754a740-58f3-43e6-8141-e384b5a3c627"",""yes_price_dollars"":""0.8500""}"
KXETH15M-26APR271445-45,432088f5-dcd1-4e92-8491-074287acafdf,1777315034,0.85,9.37,yes,"{""count_fp"":""9.37"",""created_time"":""2026-04-27T18:37:14.392253Z"",""no_price_dollars"":""0.1500"",""taker_side"":""yes"",""ticker"":""KXETH15M-26APR271445-45"",""trade_id"":""432088f5-dcd1-4e92-8491-074287acafdf"",""yes_price_dollars"":""0.8500""}"
KXETH15M-26APR271445-45,0692d48a-b2bf-4367-bf00-59a42c0ce80d,1777315034,0.85,1.0,yes,"{""count_fp"":""1.00"",""created_time"":""2026-04-27T18:37:14.392253Z"",""no_price_dollars"":""0.1500"",""taker_side"":""yes"",""ticker"":""KXETH15M-26APR271445-45"",""trade_id"":""0692d48a-b2bf-4367-bf00-59a42c0ce80d"",""yes_price_dollars"":""0.8500""}"
KXETH15M-26APR271445-45,7c615be3-7f14-6b39-6aae-9f7124b7872a,1777315036,0.82,63.92,no,"{""count_fp"":""63.92"",""created_time"":""2026-04-27T18:37:16.458557Z"",""no_price_dollars"":""0.1800"",""taker_side"":""no"",""ticker"":""KXETH15M-26APR271445-45"",""trade_id"":""7c615be3-7f14-6b39-6aae-9f7124b7872a"",""yes_price_dollars"":""0.8200""}"
KXETH15M-26APR271445-45,6d698c3e-901e-6826-760c-dc3f880f062b,1777315038,0.82,1.0,no,"{""count_fp"":""1.00"",""created_time"":""2026-04-27T18:37:18.973327Z"",""no_price_dollars"":""0.1800"",""taker_side"":""no"",""ticker"":""KXETH15M-26APR271445-45"",""trade_id"":""6d698c3e-901e-6826-760c-dc3f880f062b"",""yes_price_dollars"":""0.8200""}"
KXETH15M-26APR271445-45,273e8a51-7ab9-6105-6342-62bb5ee8482f,1777315038,0.82,0.01,no,"{""count_fp"":""0.01"",""created_time"":""2026-04-27T18:37:18.973327Z"",""no_price_dollars"":""0.1800"",""taker_side"":""no"",""ticker"":""KXETH15M-26APR271445-45"",""trade_id"":""273e8a51-7ab9-6105-6342-62bb5ee8482f"",""yes_price_dollars"":""0.8200""}"
KXETH15M-26APR271445-45,0556322d-0353-6e87-e027-df836fe6441c,1777315045,0.82,1.0,yes,"{""count_fp"":""1.00"",""created_time"":""2026-04-27T18:37:25.567757Z"",""no_price_dollars"":""0.1800"",""taker_side"":""yes"",""ticker"":""KXETH15M-26APR271445-45"",""trade_id"":""0556322d-0353-6e87-e027-df836fe6441c"",""yes_price_dollars"":""0.8200""}"
KXETH15M-26APR271445-45,f1627b0a-a37b-40c3-2a0e-29b0031269f1,1777315045,0.8,3.0,no,"{""count_fp"":""3.00"",""created_time"":""2026-04-27T18:37:25.459146Z"",""no_price_dollars"":""0.2000"",""taker_side"":""no"",""ticker"":""KXETH15M-26APR271445-45"",""trade_id"":""f1627b0a-a37b-40c3-2a0e-29b0031269f1"",""yes_price_dollars"":""0.8000""}"
KXETH15M-26APR271445-45,fc20e61c-837c-5d22-f8fe-49e38205c473,1777315045,0.83,8.27,yes,"{""count_fp"":""8.27"",""created_time"":""2026-04-27T18:37:25.317282Z"",""no_price_dollars"":""0.1700"",""taker_side"":""yes"",""ticker"":""KXETH15M-26APR271445-45"",""trade_id"":""fc20e61c-837c-5d22-f8fe-49e38205c473"",""yes_price_dollars"":""0.8300""}"
KXETH15M-26APR271445-45,b4ca50c0-f8d0-57cc-f88d-5118b9e42c04,1777315045,0.83,1.0,yes,"{""count_fp"":""1.00"",""created_time"":""2026-04-27T18:37:25.317282Z"",""no_price_dollars"":""0.1700"",""taker_side"":""yes"",""ticker"":""KXETH15M-26APR271445-45"",""trade_id"":""b4ca50c0-f8d0-57cc-f88d-5118b9e42c04"",""yes_price_dollars"":""0.8300""}"
KXETH15M-26APR271445-45,5a2a3d73-ba26-5ca1-e02a-6c4794fe19b3,1777315045,0.83,10.0,yes,"{""count_fp"":""10.00"",""created_time"":""2026-04-27T18:37:25.317282Z"",""no_price_dollars"":""0.1700"",""taker_side"":""yes"",""ticker"":""KXETH15M-26APR271445-45"",""trade_id"":""5a2a3d73-ba26-5ca1-e02a-6c4794fe19b3"",""yes_price_dollars"":""0.8300""}"
KXETH15M-26APR271445-45,387b7d37-3e83-54ae-e124-e3e848915b08,1777315045,0.84,76.73,yes,"{""count_fp"":""76.73"",""created_time"":""2026-04-27T18:37:25.317282Z"",""no_price_dollars"":""0.1600"",""taker_side"":""yes"",""ticker"":""KXETH15M-26APR271445-45"",""trade_id"":""387b7d37-3e83-54ae-e124-e3e848915b08"",""yes_price_dollars"":""0.8400""}"
KXETH15M-26APR271445-45,2e2f2fa0-00d8-532b-e2fe-02f83cb49c59,1777315045,0.83,20.0,yes,"{""count_fp"":""20.00"",""created_time"":""2026-04-27T18:37:25.317282Z"",""no_price_dollars"":""0.1700"",""taker_side"":""yes"",""ticker"":""KXETH15M-26APR271445-45"",""trade_id"":""2e2f2fa0-00d8-532b-e2fe-02f83cb49c59"",""yes_price_dollars"":""0.8300""}"
KXETH15M-26APR271445-45,9fda54fa-9aab-46a8-a483-7ff8f7f6c986,1777315047,0.81,1.0,yes,"{""count_fp"":""1.00"",""created_time"":""2026-04-27T18:37:27.003016Z"",""no_price_dollars"":""0.1900"",""taker_side"":""yes"",""ticker"":""KXETH15M-26APR271445-45"",""trade_id"":""9fda54fa-9aab-46a8-a483-7ff8f7f6c986"",""yes_price_dollars"":""0.8100""}"
KXETH15M-26APR271445-45,82b54c40-27fb-7107-66ab-8637998d4bcc,1777315048,0.8,8.46,no,"{""count_fp"":""8.46"",""created_time"":""2026-04-27T18:37:28.909878Z"",""no_price_dollars"":""0.2000"",""taker_side"":""no"",""ticker"":""KXETH15M-26APR271445-45"",""trade_id"":""82b54c40-27fb-7107-66ab-8637998d4bcc"",""yes_price_dollars"":""0.8000""}"
KXETH15M-26APR271445-45,562ada01-abd5-7514-7723-9ad7d0b43a73,1777315048,0.82,1.0,no,"{""count_fp"":""1.00"",""created_time"":""2026-04-27T18:37:28.909878Z"",""no_price_dollars"":""0.1800"",""taker_side"":""no"",""ticker"":""KXETH15M-26APR271445-45"",""trade_id"":""562ada01-abd5-7514-7723-9ad7d0b43a73"",""yes_price_dollars"":""0.8200""}"
KXETH15M-26APR271445-45,364b0b35-e895-638a-882a-32ab1d24612f,1777315055,0.83,1.0,yes,"{""count_fp"":""1.00"",""created_time"":""2026-04-27T18:37:35.630552Z"",""no_price_dollars"":""0.1700"",""taker_side"":""yes"",""ticker"":""KXETH15M-26APR271445-45"",""trade_id"":""364b0b35-e895-638a-882a-32ab1d24612f"",""yes_price_dollars"":""0.8300""}"
KXETH15M-26APR271445-45,9622ca90-8163-69ef-8098-d874f4229b5c,1777315055,0.8,1.54,no,"{""count_fp"":""1.54"",""created_time"":""2026-04-27T18:37:35.015464Z"",""no_price_dollars"":""0.2000"",""taker_side"":""no"",""ticker"":""KXETH15M-26APR271445-45"",""trade_id"":""9622ca90-8163-69ef-8098-d874f4229b5c"",""yes_price_dollars"":""0.8000""}"
KXETH15M-26APR271445-45,80965627-9574-6632-9607-8239ecd40eaa,1777315055,0.79,1.8,no,"{""count_fp"":""1.80"",""created_time"":""2026-04-27T18:37:35.015464Z"",""no_price_dollars"":""0.2100"",""taker_side"":""no"",""ticker"":""KXETH15M-26APR271445-45"",""trade_id"":""80965627-9574-6632-9607-8239ecd40eaa"",""yes_price_dollars"":""0.7900""}"
KXETH15M-26APR271445-45,4634c947-b657-64e2-baa7-fea48fed8621,1777315055,0.81,1.0,no,"{""count_fp"":""1.00"",""created_time"":""2026-04-27T18:37:35.015464Z"",""no_price_dollars"":""0.1900"",""taker_side"":""no"",""ticker"":""KXETH15M-26APR271445-45"",""trade_id"":""4634c947-b657-64e2-baa7-fea48fed8621"",""yes_price_dollars"":""0.8100""}"
KXETH15M-26APR271445-45,2845d833-d90e-6f77-bd55-b220f7aa14e8,1777315055,0.8,5.0,no,"{""count_fp"":""5.00"",""created_time"":""2026-04-27T18:37:35.015464Z"",""no_price_dollars"":""0.2000"",""taker_side"":""no"",""ticker"":""KXETH15M-26APR271445-45"",""trade_id"":""2845d833-d90e-6f77-bd55-b220f7aa14e8"",""yes_price_dollars"":""0.8000""}"
KXETH15M-26APR271445-45,7081bcfc-110b-7f45-803c-d1cde8aa06f5,1777315056,0.82,1.0,yes,"{""count_fp"":""1.00"",""created_time"":""2026-04-27T18:37:36.765039Z"",""no_price_dollars"":""0.1800"",""taker_side"":""yes"",""ticker"":""KXETH15M-26APR271445-45"",""trade_id"":""7081bcfc-110b-7f45-803c-d1cde8aa06f5"",""yes_price_dollars"":""0.8200""}"
KXETH15M-26APR271445-45,ed0f38a4-403e-4ad2-da0e-7f7c7ffb762a,1777315056,0.79,0.56,no,"{""count_fp"":""0.56"",""created_time"":""2026-04-27T18:37:36.107025Z"",""no_price_dollars"":""0.2100"",""taker_side"":""no"",""ticker"":""KXETH15M-26APR271445-45"",""trade_id"":""ed0f38a4-403e-4ad2-da0e-7f7c7ffb762a"",""yes_price_dollars"":""0.7900""}"
KXETH15M-26APR271445-45,7127920e-554c-4132-ec16-c9c12cbcff20,1777315056,0.8,1.0,no,"{""count_fp"":""1.00"",""created_time"":""2026-04-27T18:37:36.107025Z"",""no_price_dollars"":""0.2000"",""taker_side"":""no"",""ticker"":""KXETH15M-26APR271445-45"",""trade_id"":""7127920e-554c-4132-ec16-c9c12cbcff20"",""yes_price_dollars"":""0.8000""}"
KXETH15M-26APR271445-45,01cf8552-62e6-4c8e-dba8-394e36473609,1777315056,0.8,12.44,no,"{""count_fp"":""12.44"",""created_time"":""2026-04-27T18:37:36.107025Z"",""no_price_dollars"":""0.2000"",""taker_side"":""no"",""ticker"":""KXETH15M-26APR271445-45"",""trade_id"":""01cf8552-62e6-4c8e-dba8-394e36473609"",""yes_price_dollars"":""0.8000""}"
KXETH15M-26APR271445-45,b26986f7-79c0-697e-a7d5-98e74692dc17,1777315064,0.81,1.0,yes,"{""count_fp"":""1.00"",""created_time"":""2026-04-27T18:37:44.233543Z"",""no_price_dollars"":""0.1900"",""taker_side"":""yes"",""ticker"":""KXETH15M-26APR271445-45"",""trade_id"":""b26986f7-79c0-697e-a7d5-98e74692dc17"",""yes_price_dollars"":""0.8100""}"
KXETH15M-26APR271445-45,94f2dbbd-e044-796c-67ae-934201a43e7e,1777315064,0.78,1.0,no,"{""count_fp"":""1.00"",""created_time"":""2026-04-27T18:37:44.098581Z"",""no_price_dollars"":""0.2200"",""taker_side"":""no"",""ticker"":""KXETH15M-26APR271445-45"",""trade_id"":""94f2dbbd-e044-796c-67ae-934201a43e7e"",""yes_price_dollars"":""0.7800""}"
KXETH15M-26APR271445-45,6394be91-292e-7242-747b-a96d30460eea,1777315064,0.78,23.91,no,"{""count_fp"":""23.91"",""created_time"":""2026-04-27T18:37:44.098581Z"",""no_price_dollars"":""0.2200"",""taker_side"":""no"",""ticker"":""KXETH15M-26APR271445-45"",""trade_id"":""6394be91-292e-7242-747b-a96d30460eea"",""yes_price_dollars"":""0.7800""}"
KXETH15M-26APR271445-45,412df5d6-d11c-7b75-4f8e-98d04b2abddc,1777315064,0.79,10.0,no,"{""count_fp"":""10.00"",""created_time"":""2026-04-27T18:37:44.098581Z"",""no_price_dollars"":""0.2100"",""taker_side"":""no"",""ticker"":""KXETH15M-26APR271445-45"",""trade_id"":""412df5d6-d11c-7b75-4f8e-98d04b2abddc"",""yes_price_dollars"":""0.7900""}"
KXETH15M-26APR271445-45,280dd5b4-3e5d-42d1-2a4d-9ebd8c1a2b93,1777315069,0.87,31.0,yes,"{""count_fp"":""31.00"",""created_time"":""2026-04-27T18:37:49.034923Z"",""no_price_dollars"":""0.1300"",""taker_side"":""yes"",""ticker"":""KXETH15M-26APR271445-45"",""trade_id"":""280dd5b4-3e5d-42d1-2a4d-9ebd8c1a2b93"",""yes_price_dollars"":""0.8700""}"
KXETH15M-26APR271445-45,5bb4dd44-810a-5a86-0a7c-92c364cc8b1e,1777315073,0.84,16.7,no,"{""count_fp"":""16.70"",""created_time"":""2026-04-27T18:37:53.787374Z"",""no_price_dollars"":""0.1600"",""taker_side"":""no"",""ticker"":""KXETH15M-26APR271445-45"",""trade_id"":""5bb4dd44-810a-5a86-0a7c-92c364cc8b1e"",""yes_price_dollars"":""0.8400""}"
KXETH15M-26APR271445-45,2374ba7e-bd4b-59f0-2d3b-3540bc3cb0fe,1777315073,0.85,1.0,no,"{""count_fp"":""1.00"",""created_time"":""2026-04-27T18:37:53.787374Z"",""no_price_dollars"":""0.1500"",""taker_side"":""no"",""ticker"":""KXETH15M-26APR271445-45"",""trade_id"":""2374ba7e-bd4b-59f0-2d3b-3540bc3cb0fe"",""yes_price_dollars"":""0.8500""}"
KXETH15M-26APR271445-45,c532e451-5e52-55ce-f720-2e18dfd866aa,1777315076,0.86,39.42,no,"{""count_fp"":""39.42"",""created_time"":""2026-04-27T18:37:56.786614Z"",""no_price_dollars"":""0.1400"",""taker_side"":""no"",""ticker"":""KXETH15M-26APR271445-45"",""trade_id"":""c532e451-5e52-55ce-f720-2e18dfd866aa"",""yes_price_dollars"":""0.8600""}"
KXETH15M-26APR271445-45,133c6dfc-7734-5281-d475-0e9e1de9df8f,1777315076,0.86,1.0,no,"{""count_fp"":""1.00"",""created_time"":""2026-04-27T18:37:56.786614Z"",""no_price_dollars"":""0.1400"",""taker_side"":""no"",""ticker"":""KXETH15M-26APR271445-45"",""trade_id"":""133c6dfc-7734-5281-d475-0e9e1de9df8f"",""yes_price_dollars"":""0.8600""}"
KXETH15M-26APR271445-45,da2b1eda-e1cd-48bd-a39f-c645e5675c06,1777315077,0.87,8.0,yes,"{""count_fp"":""8.00"",""created_time"":""2026-04-27T18:37:57.888199Z"",""no_price_dollars"":""0.1300"",""taker_side"":""yes"",""ticker"":""KXETH15M-26APR271445-45"",""trade_id"":""da2b1eda-e1cd-48bd-a39f-c645e5675c06"",""yes_price_dollars"":""0.8700""}"
KXETH15M-26APR271445-45,50a213e7-9c9c-693b-2f6f-a67c4dc0d4ae,1777315078,0.87,1.0,no,"{""count_fp"":""1.00"",""created_time"":""2026-04-27T18:37:58.686551Z"",""no_price_dollars"":""0.1300"",""taker_side"":""no"",""ticker"":""KXETH15M-26APR271445-45"",""trade_id"":""50a213e7-9c9c-693b-2f6f-a67c4dc0d4ae"",""yes_price_dollars"":""0.8700""}"
KXETH15M-26APR271445-45,1d2ed257-2798-6a70-2407-3edbc7cb954d,1777315078,0.88,1.0,no,"{""count_fp"":""1.00"",""created_time"":""2026-04-27T18:37:58.686551Z"",""no_price_dollars"":""0.1200"",""taker_side"":""no"",""ticker"":""KXETH15M-26APR271445-45"",""trade_id"":""1d2ed257-2798-6a70-2407-3edbc7cb954d"",""yes_price_dollars"":""0.8800""}"
KXETH15M-26APR271445-45,acc461bd-11a5-5181-4779-b4ce6fc7919e,1777315080,0.9,2.0,yes,"{""count_fp"":""2.00"",""created_time"":""2026-04-27T18:38:00.936165Z"",""no_price_dollars"":""0.1000"",""taker_side"":""yes"",""ticker"":""KXETH15M-26APR271445-45"",""trade_id"":""acc461bd-11a5-5181-4779-b4ce6fc7919e"",""yes_price_dollars"":""0.9000""}"
KXETH15M-26APR271445-45,8b59b3e3-c156-5aeb-7c55-76cbbe3314ba,1777315080,0.9,2.0,yes,"{""count_fp"":""2.00"",""created_time"":""2026-04-27T18:38:00.936165Z"",""no_price_dollars"":""0.1000"",""taker_side"":""yes"",""ticker"":""KXETH15M-26APR271445-45"",""trade_id"":""8b59b3e3-c156-5aeb-7c55-76cbbe3314ba"",""yes_price_dollars"":""0.9000""}"
KXETH15M-26APR271445-45,79827a91-02d9-5d47-7c42-92b1fbd0d5d7,1777315080,0.9,1.0,yes,"{""count_fp"":""1.00"",""created_time"":""2026-04-27T18:38:00.936165Z"",""no_price_dollars"":""0.1000"",""taker_side"":""yes"",""ticker"":""KXETH15M-26APR271445-45"",""trade_id"":""79827a91-02d9-5d47-7c42-92b1fbd0d5d7"",""yes_price_dollars"":""0.9000""}"
KXETH15M-26APR271445-45,d1bd7e29-17e9-7869-d8cd-6184f7f240b2,1777315080,0.88,5.0,no,"{""count_fp"":""5.00"",""created_time"":""2026-04-27T18:38:00.205513Z"",""no_price_dollars"":""0.1200"",""taker_side"":""no"",""ticker"":""KXETH15M-26APR271445-45"",""trade_id"":""d1bd7e29-17e9-7869-d8cd-6184f7f240b2"",""yes_price_dollars"":""0.8800""}"
KXETH15M-26APR271445-45,93783914-ebb6-71a6-d9a5-15954d4c3976,1777315080,0.88,0.73,no,"{""count_fp"":""0.73"",""created_time"":""2026-04-27T18:38:00.205513Z"",""no_price_dollars"":""0.1200"",""taker_side"":""no"",""ticker"":""KXETH15M-26APR271445-45"",""trade_id"":""93783914-ebb6-71a6-d9a5-15954d4c3976"",""yes_price_dollars"":""0.8800""}"
KXETH15M-26APR271445-45,5bb3bf3a-96a2-7de8-da20-35f215c3a0d8,1777315080,0.88,1.0,no,"{""count_fp"":""1.00"",""created_time"":""2026-04-27T18:38:00.205513Z"",""no_price_dollars"":""0.1200"",""taker_side"":""no"",""ticker"":""KXETH15M-26APR271445-45"",""trade_id"":""5bb3bf3a-96a2-7de8-da20-35f215c3a0d8"",""yes_price_dollars"":""0.8800""}"
KXETH15M-26APR271445-45,d7d73878-7159-5b5c-482e-ed9653d904bd,1777315080,0.9,10.0,yes,"{""count_fp"":""10.00"",""created_time"":""2026-04-27T18:38:00.031098Z"",""no_price_dollars"":""0.1000"",""taker_side"":""yes"",""ticker"":""KXETH15M-26APR271445-45"",""trade_id"":""d7d73878-7159-5b5c-482e-ed9653d904bd"",""yes_price_dollars"":""0.9000""}"
KXETH15M-26APR271445-45,b6dbe726-e97f-593b-7678-629b7f2a0343,1777315080,0.9,1.0,yes,"{""count_fp"":""1.00"",""created_time"":""2026-04-27T18:38:00.031098Z"",""no_price_dollars"":""0.1000"",""taker_side"":""yes"",""ticker"":""KXETH15M-26APR271445-45"",""trade_id"":""b6dbe726-e97f-593b-7678-629b7f2a0343"",""yes_price_dollars"":""0.9000""}"
KXETH15M-26APR271445-45,7e386e1d-e5de-5765-53a2-df42c1ff77a1,1777315080,0.89,1.0,yes,"{""count_fp"":""1.00"",""created_time"":""2026-04-27T18:38:00.031098Z"",""no_price_dollars"":""0.1100"",""taker_side"":""yes"",""ticker"":""KXETH15M-26APR271445-45"",""trade_id"":""7e386e1d-e5de-5765-53a2-df42c1ff77a1"",""yes_price_dollars"":""0.8900""}"
KXETH15M-26APR271445-45,92d698ee-0403-4f58-fce1-91e9b34de1d0,1777315082,0.88,5.0,no,"{""count_fp"":""5.00"",""created_time"":""2026-04-27T18:38:02.867163Z"",""no_price_dollars"":""0.1200"",""taker_side"":""no"",""ticker"":""KXETH15M-26APR271445-45"",""trade_id"":""92d698ee-0403-4f58-fce1-91e9b34de1d0"",""yes_price_dollars"":""0.8800""}"
KXETH15M-26APR271445-45,9209ed28-851f-4e0f-c89a-79d15473609e,1777315082,0.89,1.0,no,"{""count_fp"":""1.00"",""created_time"":""2026-04-27T18:38:02.867163Z"",""no_price_dollars"":""0.1100"",""taker_side"":""no"",""ticker"":""KXETH15M-26APR271445-45"",""trade_id"":""9209ed28-851f-4e0f-c89a-79d15473609e"",""yes_price_dollars"":""0.8900""}"
KXETH15M-26APR271445-45,4ee2047d-e77e-4a46-fdf9-1186a00c10b2,1777315082,0.88,1.74,no,"{""count_fp"":""1.74"",""created_time"":""2026-04-27T18:38:02.867163Z"",""no_price_dollars"":""0.1200"",""taker_side"":""no"",""ticker"":""KXETH15M-26APR271445-45"",""trade_id"":""4ee2047d-e77e-4a46-fdf9-1186a00c10b2"",""yes_price_dollars"":""0.8800""}"
KXETH15M-26APR271445-45,fcc6226b-ff07-746e-48b0-eb5016ba7d1c,1777315083,0.905,5.0,yes,"{""count_fp"":""5.00"",""created_time"":""2026-04-27T18:38:03.360123Z"",""no_price_dollars"":""0.0950"",""taker_side"":""yes"",""ticker"":""KXETH15M-26APR271445-45"",""trade_id"":""fcc6226b-ff07-746e-48b0-eb5016ba7d1c"",""yes_price_dollars"":""0.9050""}"
KXETH15M-26APR271445-45,e9272bda-795a-5302-6a3e-f1079a0ed26a,1777315088,0.88,33.68,no,"{""count_fp"":""33.68"",""created_time"":""2026-04-27T18:38:08.551375Z"",""no_price_dollars"":""0.1200"",""taker_side"":""no"",""ticker"":""KXETH15M-26APR271445-45"",""trade_id"":""e9272bda-795a-5302-6a3e-f1079a0ed26a"",""yes_price_dollars"":""0.8800""}"
KXETH15M-26APR271445-45,ba68a567-387a-45ce-e89a-ea5b972f7d96,1777315091,0.89,11.0,no,"{""count_fp"":""11.00"",""created_time"":""2026-04-27T18:38:11.166449Z"",""no_price_dollars"":""0.1100"",""taker_side"":""no"",""ticker"":""KXETH15M-26APR271445-45"",""trade_id"":""ba68a567-387a-45ce-e89a-ea5b972f7d96"",""yes_price_dollars"":""0.8900""}"
KXETH15M-26APR271445-45,60e76f40-6265-47c5-ec06-f952e0010559,1777315091,0.89,1.0,no,"{""count_fp"":""1.00"",""created_time"":""2026-04-27T18:38:11.166449Z"",""no_price_dollars"":""0.1100"",""taker_side"":""no"",""ticker"":""KXETH15M-26APR271445-45"",""trade_id"":""60e76f40-6265-47c5-ec06-f952e0010559"",""yes_price_dollars"":""0.8900""}"
KXETH15M-26APR271445-45,83230564-5ce4-6d2a-fcf6-1d64559efb68,1777315092,0.89,1.0,no,"{""count_fp"":""1.00"",""created_time"":""2026-04-27T18:38:12.224873Z"",""no_price_dollars"":""0.1100"",""taker_side"":""no"",""ticker"":""KXETH15M-26APR271445-45"",""trade_id"":""83230564-5ce4-6d2a-fcf6-1d64559efb68"",""yes_price_dollars"":""0.8900""}"
KXETH15M-26APR271445-45,6910a1ad-8bd2-6fca-d1a1-e3e2f453263b,1777315092,0.88,1.38,no,"{""count_fp"":""1.38"",""created_time"":""2026-04-27T18:38:12.224873Z"",""no_price_dollars"":""0.1200"",""taker_side"":""no"",""ticker"":""KXETH15M-26APR271445-45"",""trade_id"":""6910a1ad-8bd2-6fca-d1a1-e3e2f453263b"",""yes_price_dollars"":""0.8800""}"
KXETH15M-26APR271445-45,333bd205-a0aa-6c02-d0e5-947b424d40ce,1777315092,0.89,12.62,no,"{""count_fp"":""12.62"",""created_time"":""2026-04-27T18:38:12.224873Z"",""no_price_dollars"":""0.1100"",""taker_side"":""no"",""ticker"":""KXETH15M-26APR271445-45"",""trade_id"":""333bd205-a0aa-6c02-d0e5-947b424d40ce"",""yes_price_dollars"":""0.8900""}"
KXETH15M-26APR271445-45,ef602e82-118a-6908-6949-d6541ba8f49a,1777315093,0.91,1.0,yes,"{""count_fp"":""1.00"",""created_time"":""2026-04-27T18:38:13.578497Z"",""no_price_dollars"":""0.0900"",""taker_side"":""yes"",""ticker"":""KXETH15M-26APR271445-45"",""trade_id"":""ef602e82-118a-6908-6949-d6541ba8f49a"",""yes_price_dollars"":""0.9100""}"
KXETH15M-26APR271445-45,cba122e7-5841-4e4f-a425-b346d8014af4,1777315094,0.923,36.83,yes,"{""count_fp"":""36.83"",""created_time"":""2026-04-27T18:38:14.102347Z"",""no_price_dollars"":""0.0770"",""taker_side"":""yes"",""ticker"":""KXETH15M-26APR271445-45"",""trade_id"":""cba122e7-5841-4e4f-a425-b346d8014af4"",""yes_price_dollars"":""0.9230""}"
KXETH15M-26APR271445-45,724577ae-e090-4c66-be0f-3792c8fb9bc5,1777315094,0.92,1.0,yes,"{""count_fp"":""1.00"",""created_time"":""2026-04-27T18:38:14.102347Z"",""no_price_dollars"":""0.0800"",""taker_side"":""yes"",""ticker"":""KXETH15M-26APR271445-45"",""trade_id"":""724577ae-e090-4c66-be0f-3792c8fb9bc5"",""yes_price_dollars"":""0.9200""}"
KXETH15M-26APR271445-45,5dd4e2a7-96d8-4646-91d9-6de106e8fc0e,1777315094,0.922,4.76,yes,"{""count_fp"":""4.76"",""created_time"":""2026-04-27T18:38:14.102347Z"",""no_price_dollars"":""0.0780"",""taker_side"":""yes"",""ticker"":""KXETH15M-26APR271445-45"",""trade_id"":""5dd4e2a7-96d8-4646-91d9-6de106e8fc0e"",""yes_price_dollars"":""0.9220""}"
KXETH15M-26APR271445-45,e3dd1d3a-6f5f-6210-7a1c-34240ad9f530,1777315095,0.929,1.0,yes,"{""count_fp"":""1.00"",""created_time"":""2026-04-27T18:38:15.297162Z"",""no_price_dollars"":""0.0710"",""taker_side"":""yes"",""ticker"":""KXETH15M-26APR271445-45"",""trade_id"":""e3dd1d3a-6f5f-6210-7a1c-34240ad9f530"",""yes_price_dollars"":""0.9290""}"
KXETH15M-26APR271445-45,deb24b2f-9449-65df-58ae-ecdfe4f17bbc,1777315095,0.93,19.0,yes,"{""count_fp"":""19.00"",""created_time"":""2026-04-27T18:38:15.297162Z"",""no_price_dollars"":""0.0700"",""taker_side"":""yes"",""ticker"":""KXETH15M-26APR271445-45"",""trade_id"":""deb24b2f-9449-65df-58ae-ecdfe4f17bbc"",""yes_price_dollars"":""0.9300""}"
KXETH15M-26APR271445-45,824bc95e-7fb2-671b-6daa-bceb22091e4f,1777315095,0.93,5.0,yes,"{""count_fp"":""5.00"",""created_time"":""2026-04-27T18:38:15.297162Z"",""no_price_dollars"":""0.0700"",""taker_side"":""yes"",""ticker"":""KXETH15M-26APR271445-45"",""trade_id"":""824bc95e-7fb2-671b-6daa-bceb22091e4f"",""yes_price_dollars"":""0.9300""}"
KXETH15M-26APR271445-45,4e11ca31-4c61-62cb-651e-72f9eda36a04,1777315095,0.93,1.0,yes,"{""count_fp"":""1.00"",""created_time"":""2026-04-27T18:38:15.297162Z"",""no_price_dollars"":""0.0700"",""taker_side"":""yes"",""ticker"":""KXETH15M-26APR271445-45"",""trade_id"":""4e11ca31-4c61-62cb-651e-72f9eda36a04"",""yes_price_dollars"":""0.9300""}"
KXETH15M-26APR271445-45,c6d13faa-cf2d-5532-1974-937c2122657b,1777315096,0.903,12.43,no,"{""count_fp"":""12.43"",""created_time"":""2026-04-27T18:38:16.281622Z"",""no_price_dollars"":""0.0970"",""taker_side"":""no"",""ticker"":""KXETH15M-26APR271445-45"",""trade_id"":""c6d13faa-cf2d-5532-1974-937c2122657b"",""yes_price_dollars"":""0.9030""}"
KXETH15M-26APR271445-45,9200fd92-d7eb-5d88-39a5-864d4a9c9230,1777315096,0.902,54.54,no,"{""count_fp"":""54.54"",""created_time"":""2026-04-27T18:38:16.281622Z"",""no_price_dollars"":""0.0980"",""taker_side"":""no"",""ticker"":""KXETH15M-26APR271445-45"",""trade_id"":""9200fd92-d7eb-5d88-39a5-864d4a9c9230"",""yes_price_dollars"":""0.9020""}"
KXETH15M-26APR271445-45,125e51a8-66d0-5c45-0f61-3f9a19b89c70,1777315096,0.903,10.0,no,"{""count_fp"":""10.00"",""created_time"":""2026-04-27T18:38:16.281622Z"",""no_price_dollars"":""0.0970"",""taker_side"":""no"",""ticker"":""KXETH15M-26APR271445-45"",""trade_id"":""125e51a8-66d0-5c45-0f61-3f9a19b89c70"",""yes_price_dollars"":""0.9030""}"
KXETH15M-26APR271445-45,fede6910-84af-40fc-ede2-c8f8a22af3ac,1777315102,0.94,1.0,yes,"{""count_fp"":""1.00"",""created_time"":""2026-04-27T18:38:22.992297Z"",""no_price_dollars"":""0.0600"",""taker_side"":""yes"",""ticker"":""KXETH15M-26APR271445-45"",""trade_id"":""fede6910-84af-40fc-ede2-c8f8a22af3ac"",""yes_price_dollars"":""0.9400""}"
