ticker,trade_id,ts,yes_price,count,taker_side,raw_json
KXETH15M-26APR272230-30,9de2da0f-1339-61be-6c13-2243a949a738,1777342511,0.5,2.0,no,"{""count_fp"":""2.00"",""created_time"":""2026-04-28T02:15:11.698433Z"",""no_price_dollars"":""0.5000"",""taker_side"":""no"",""ticker"":""KXETH15M-26APR272230-30"",""trade_id"":""9de2da0f-1339-61be-6c13-2243a949a738"",""yes_price_dollars"":""0.5000""}"
KXETH15M-26APR272230-30,4e6fa05f-e419-7f63-b5f5-9b776ae433a3,1777342514,0.43,11.0,no,"{""count_fp"":""11.00"",""created_time"":""2026-04-28T02:15:14.400134Z"",""no_price_dollars"":""0.5700"",""taker_side"":""no"",""ticker"":""KXETH15M-26APR272230-30"",""trade_id"":""4e6fa05f-e419-7f63-b5f5-9b776ae433a3"",""yes_price_dollars"":""0.4300""}"
KXETH15M-26APR272230-30,3b1f9cd2-175e-5bfc-91dc-aad2bd112372,1777342515,0.5,9.0,yes,"{""count_fp"":""9.00"",""created_time"":""2026-04-28T02:15:15.203262Z"",""no_price_dollars"":""0.5000"",""taker_side"":""yes"",""ticker"":""KXETH15M-26APR272230-30"",""trade_id"":""3b1f9cd2-175e-5bfc-91dc-aad2bd112372"",""yes_price_dollars"":""0.5000""}"
KXETH15M-26APR272230-30,89d4a662-b8a7-696a-ebb4-97d1a0a98bff,1777342517,0.44,2.0,no,"{""count_fp"":""2.00"",""created_time"":""2026-04-28T02:15:17.817836Z"",""no_price_dollars"":""0.5600"",""taker_side"":""no"",""ticker"":""KXETH15M-26APR272230-30"",""trade_id"":""89d4a662-b8a7-696a-ebb4-97d1a0a98bff"",""yes_price_dollars"":""0.4400""}"
KXETH15M-26APR272230-30,bb2ff517-b83e-7d98-657c-d1584a26693a,1777342518,0.46,78.0,yes,"{""count_fp"":""78.00"",""created_time"":""2026-04-28T02:15:18.844755Z"",""no_price_dollars"":""0.5400"",""taker_side"":""yes"",""ticker"":""KXETH15M-26APR272230-30"",""trade_id"":""bb2ff517-b83e-7d98-657c-d1584a26693a"",""yes_price_dollars"":""0.4600""}"
KXETH15M-26APR272230-30,8a7a80ab-1922-71a5-d170-e97d5f96bcb9,1777342518,0.41,33.0,yes,"{""count_fp"":""33.00"",""created_time"":""2026-04-28T02:15:18.826442Z"",""no_price_dollars"":""0.5900"",""taker_side"":""yes"",""ticker"":""KXETH15M-26APR272230-30"",""trade_id"":""8a7a80ab-1922-71a5-d170-e97d5f96bcb9"",""yes_price_dollars"":""0.4100""}"
KXETH15M-26APR272230-30,d3e295c4-1a78-77b2-d8d8-15e07220813b,1777342521,0.42,5.0,no,"{""count_fp"":""5.00"",""created_time"":""2026-04-28T02:15:21.423721Z"",""no_price_dollars"":""0.5800"",""taker_side"":""no"",""ticker"":""KXETH15M-26APR272230-30"",""trade_id"":""d3e295c4-1a78-77b2-d8d8-15e07220813b"",""yes_price_dollars"":""0.4200""}"
KXETH15M-26APR272230-30,bb19100e-7392-745c-fef9-08c9c610ef88,1777342522,0.44,5.0,yes,"{""count_fp"":""5.00"",""created_time"":""2026-04-28T02:15:22.802255Z"",""no_price_dollars"":""0.5600"",""taker_side"":""yes"",""ticker"":""KXETH15M-26APR272230-30"",""trade_id"":""bb19100e-7392-745c-fef9-08c9c610ef88"",""yes_price_dollars"":""0.4400""}"
KXETH15M-26APR272230-30,7f963d8b-943b-7613-c76e-b4dcee693215,1777342522,0.46,23.0,yes,"{""count_fp"":""23.00"",""created_time"":""2026-04-28T02:15:22.802255Z"",""no_price_dollars"":""0.5400"",""taker_side"":""yes"",""ticker"":""KXETH15M-26APR272230-30"",""trade_id"":""7f963d8b-943b-7613-c76e-b4dcee693215"",""yes_price_dollars"":""0.4600""}"
KXETH15M-26APR272230-30,2cf8201c-a1bb-7c41-fa5f-9837442818db,1777342522,0.45,2.0,yes,"{""count_fp"":""2.00"",""created_time"":""2026-04-28T02:15:22.802255Z"",""no_price_dollars"":""0.5500"",""taker_side"":""yes"",""ticker"":""KXETH15M-26APR272230-30"",""trade_id"":""2cf8201c-a1bb-7c41-fa5f-9837442818db"",""yes_price_dollars"":""0.4500""}"
KXETH15M-26APR272230-30,d70d4ed7-cdad-693f-59e0-95b3cfdf8977,1777342528,0.42,1.67,no,"{""count_fp"":""1.67"",""created_time"":""2026-04-28T02:15:28.283765Z"",""no_price_dollars"":""0.5800"",""taker_side"":""no"",""ticker"":""KXETH15M-26APR272230-30"",""trade_id"":""d70d4ed7-cdad-693f-59e0-95b3cfdf8977"",""yes_price_dollars"":""0.4200""}"
KXETH15M-26APR272230-30,3197b555-cc03-77a7-5f67-43288f680235,1777342529,0.46,0.25,yes,"{""count_fp"":""0.25"",""created_time"":""2026-04-28T02:15:29.843375Z"",""no_price_dollars"":""0.5400"",""taker_side"":""yes"",""ticker"":""KXETH15M-26APR272230-30"",""trade_id"":""3197b555-cc03-77a7-5f67-43288f680235"",""yes_price_dollars"":""0.4600""}"
KXETH15M-26APR272230-30,3ff9f841-c0a3-7a9f-6ce8-ed4ed09c39b9,1777342531,0.46,10.0,yes,"{""count_fp"":""10.00"",""created_time"":""2026-04-28T02:15:31.772615Z"",""no_price_dollars"":""0.5400"",""taker_side"":""yes"",""ticker"":""KXETH15M-26APR272230-30"",""trade_id"":""3ff9f841-c0a3-7a9f-6ce8-ed4ed09c39b9"",""yes_price_dollars"":""0.4600""}"
KXETH15M-26APR272230-30,0746402a-be33-7a5f-1f0f-7dbb7b6d4769,1777342531,0.46,4.18,yes,"{""count_fp"":""4.18"",""created_time"":""2026-04-28T02:15:31.567338Z"",""no_price_dollars"":""0.5400"",""taker_side"":""yes"",""ticker"":""KXETH15M-26APR272230-30"",""trade_id"":""0746402a-be33-7a5f-1f0f-7dbb7b6d4769"",""yes_price_dollars"":""0.4600""}"
KXETH15M-26APR272230-30,f368b6d2-fe73-75b7-e991-aae3fb8a9319,1777342532,0.46,2.0,yes,"{""count_fp"":""2.00"",""created_time"":""2026-04-28T02:15:32.292631Z"",""no_price_dollars"":""0.5400"",""taker_side"":""yes"",""ticker"":""KXETH15M-26APR272230-30"",""trade_id"":""f368b6d2-fe73-75b7-e991-aae3fb8a9319"",""yes_price_dollars"":""0.4600""}"
KXETH15M-26APR272230-30,ebb39ab0-ef69-7b6b-585d-da81a58546b3,1777342533,0.4,4.0,no,"{""count_fp"":""4.00"",""created_time"":""2026-04-28T02:15:33.418578Z"",""no_price_dollars"":""0.6000"",""taker_side"":""no"",""ticker"":""KXETH15M-26APR272230-30"",""trade_id"":""ebb39ab0-ef69-7b6b-585d-da81a58546b3"",""yes_price_dollars"":""0.4000""}"
KXETH15M-26APR272230-30,22d2587a-90ff-5817-c8bc-2d9a6120bf45,1777342536,0.45,2.0,yes,"{""count_fp"":""2.00"",""created_time"":""2026-04-28T02:15:36.327458Z"",""no_price_dollars"":""0.5500"",""taker_side"":""yes"",""ticker"":""KXETH15M-26APR272230-30"",""trade_id"":""22d2587a-90ff-5817-c8bc-2d9a6120bf45"",""yes_price_dollars"":""0.4500""}"
KXETH15M-26APR272230-30,0114eba4-8315-50ea-debe-927cfd4dec79,1777342536,0.46,2.0,yes,"{""count_fp"":""2.00"",""created_time"":""2026-04-28T02:15:36.025775Z"",""no_price_dollars"":""0.5400"",""taker_side"":""yes"",""ticker"":""KXETH15M-26APR272230-30"",""trade_id"":""0114eba4-8315-50ea-debe-927cfd4dec79"",""yes_price_dollars"":""0.4600""}"
KXETH15M-26APR272230-30,440ac6b4-60cc-5bde-b6d4-4b72b1524d2f,1777342540,0.41,1.13,no,"{""count_fp"":""1.13"",""created_time"":""2026-04-28T02:15:40.634103Z"",""no_price_dollars"":""0.5900"",""taker_side"":""no"",""ticker"":""KXETH15M-26APR272230-30"",""trade_id"":""440ac6b4-60cc-5bde-b6d4-4b72b1524d2f"",""yes_price_dollars"":""0.4100""}"
KXETH15M-26APR272230-30,d95838f1-d428-6ff1-6e3f-018d8dbd1451,1777342543,0.4,1.0,no,"{""count_fp"":""1.00"",""created_time"":""2026-04-28T02:15:43.994024Z"",""no_price_dollars"":""0.6000"",""taker_side"":""no"",""ticker"":""KXETH15M-26APR272230-30"",""trade_id"":""d95838f1-d428-6ff1-6e3f-018d8dbd1451"",""yes_price_dollars"":""0.4000""}"
KXETH15M-26APR272230-30,365acd79-37cc-5887-66ce-cdb41277e840,1777342545,0.41,1.0,yes,"{""count_fp"":""1.00"",""created_time"":""2026-04-28T02:15:45.859857Z"",""no_price_dollars"":""0.5900"",""taker_side"":""yes"",""ticker"":""KXETH15M-26APR272230-30"",""trade_id"":""365acd79-37cc-5887-66ce-cdb41277e840"",""yes_price_dollars"":""0.4100""}"
KXETH15M-26APR272230-30,ff929ae7-5ab5-6313-e666-20ce9c2d4773,1777342547,0.4,81.06,no,"{""count_fp"":""81.06"",""created_time"":""2026-04-28T02:15:47.018089Z"",""no_price_dollars"":""0.6000"",""taker_side"":""no"",""ticker"":""KXETH15M-26APR272230-30"",""trade_id"":""ff929ae7-5ab5-6313-e666-20ce9c2d4773"",""yes_price_dollars"":""0.4000""}"
KXETH15M-26APR272230-30,dcc3358d-bad3-62cf-7570-1a4e2ef43d81,1777342548,0.43,67.08,yes,"{""count_fp"":""67.08"",""created_time"":""2026-04-28T02:15:48.437057Z"",""no_price_dollars"":""0.5700"",""taker_side"":""yes"",""ticker"":""KXETH15M-26APR272230-30"",""trade_id"":""dcc3358d-bad3-62cf-7570-1a4e2ef43d81"",""yes_price_dollars"":""0.4300""}"
KXETH15M-26APR272230-30,31c4eb87-70a1-732a-a2d8-4ca2d4c47bae,1777342559,0.38,1.0,yes,"{""count_fp"":""1.00"",""created_time"":""2026-04-28T02:15:59.340632Z"",""no_price_dollars"":""0.6200"",""taker_side"":""yes"",""ticker"":""KXETH15M-26APR272230-30"",""trade_id"":""31c4eb87-70a1-732a-a2d8-4ca2d4c47bae"",""yes_price_dollars"":""0.3800""}"
KXETH15M-26APR272230-30,c296efa1-9efc-442a-ad9f-a1eecb43e3cb,1777342560,0.37,1.0,no,"{""count_fp"":""1.00"",""created_time"":""2026-04-28T02:16:00.587843Z"",""no_price_dollars"":""0.6300"",""taker_side"":""no"",""ticker"":""KXETH15M-26APR272230-30"",""trade_id"":""c296efa1-9efc-442a-ad9f-a1eecb43e3cb"",""yes_price_dollars"":""0.3700""}"
KXETH15M-26APR272230-30,a9c8e9f0-37b6-501b-2d0d-fd667595d0c5,1777342563,0.36,6.0,no,"{""count_fp"":""6.00"",""created_time"":""2026-04-28T02:16:03.670811Z"",""no_price_dollars"":""0.6400"",""taker_side"":""no"",""ticker"":""KXETH15M-26APR272230-30"",""trade_id"":""a9c8e9f0-37b6-501b-2d0d-fd667595d0c5"",""yes_price_dollars"":""0.3600""}"
KXETH15M-26APR272230-30,a8db24b0-24ec-7b26-916d-0258bd72ddf7,1777342563,0.37,10.0,no,"{""count_fp"":""10.00"",""created_time"":""2026-04-28T02:16:03.325691Z"",""no_price_dollars"":""0.6300"",""taker_side"":""no"",""ticker"":""KXETH15M-26APR272230-30"",""trade_id"":""a8db24b0-24ec-7b26-916d-0258bd72ddf7"",""yes_price_dollars"":""0.3700""}"
KXETH15M-26APR272230-30,bf3b59ae-2c05-70f7-574e-cd050f024d6f,1777342566,0.36,12.52,no,"{""count_fp"":""12.52"",""created_time"":""2026-04-28T02:16:06.958165Z"",""no_price_dollars"":""0.6400"",""taker_side"":""no"",""ticker"":""KXETH15M-26APR272230-30"",""trade_id"":""bf3b59ae-2c05-70f7-574e-cd050f024d6f"",""yes_price_dollars"":""0.3600""}"
KXETH15M-26APR272230-30,3138377e-9e89-7082-6ccd-dff82868b22e,1777342566,0.36,10.0,no,"{""count_fp"":""10.00"",""created_time"":""2026-04-28T02:16:06.958165Z"",""no_price_dollars"":""0.6400"",""taker_side"":""no"",""ticker"":""KXETH15M-26APR272230-30"",""trade_id"":""3138377e-9e89-7082-6ccd-dff82868b22e"",""yes_price_dollars"":""0.3600""}"
KXETH15M-26APR272230-30,42f5b4de-2fff-6a16-b6f6-288e81d8e2db,1777342566,0.36,10.0,no,"{""count_fp"":""10.00"",""created_time"":""2026-04-28T02:16:06.018532Z"",""no_price_dollars"":""0.6400"",""taker_side"":""no"",""ticker"":""KXETH15M-26APR272230-30"",""trade_id"":""42f5b4de-2fff-6a16-b6f6-288e81d8e2db"",""yes_price_dollars"":""0.3600""}"
KXETH15M-26APR272230-30,295fc4ae-2d56-5a02-d002-b5df55e5879d,1777342567,0.37,10.0,yes,"{""count_fp"":""10.00"",""created_time"":""2026-04-28T02:16:07.501914Z"",""no_price_dollars"":""0.6300"",""taker_side"":""yes"",""ticker"":""KXETH15M-26APR272230-30"",""trade_id"":""295fc4ae-2d56-5a02-d002-b5df55e5879d"",""yes_price_dollars"":""0.3700""}"
KXETH15M-26APR272230-30,e34cbf9f-e349-4cf3-91af-2b3e8d005f7b,1777342572,0.39,7.73,no,"{""count_fp"":""7.73"",""created_time"":""2026-04-28T02:16:12.553281Z"",""no_price_dollars"":""0.6100"",""taker_side"":""no"",""ticker"":""KXETH15M-26APR272230-30"",""trade_id"":""e34cbf9f-e349-4cf3-91af-2b3e8d005f7b"",""yes_price_dollars"":""0.3900""}"
KXETH15M-26APR272230-30,aa7bdd64-3105-5b0b-c1d1-c6aa6d134ce8,1777342572,0.4,10.0,yes,"{""count_fp"":""10.00"",""created_time"":""2026-04-28T02:16:12.408941Z"",""no_price_dollars"":""0.6000"",""taker_side"":""yes"",""ticker"":""KXETH15M-26APR272230-30"",""trade_id"":""aa7bdd64-3105-5b0b-c1d1-c6aa6d134ce8"",""yes_price_dollars"":""0.4000""}"
KXETH15M-26APR272230-30,e83e83ea-6886-6a32-666c-b5ffc414bcfd,1777342572,0.37,7.0,yes,"{""count_fp"":""7.00"",""created_time"":""2026-04-28T02:16:12.246622Z"",""no_price_dollars"":""0.6300"",""taker_side"":""yes"",""ticker"":""KXETH15M-26APR272230-30"",""trade_id"":""e83e83ea-6886-6a32-666c-b5ffc414bcfd"",""yes_price_dollars"":""0.3700""}"
KXETH15M-26APR272230-30,e24c7f2f-2b34-6ebb-5c98-10c1aaeeef70,1777342572,0.4,4.15,yes,"{""count_fp"":""4.15"",""created_time"":""2026-04-28T02:16:12.246622Z"",""no_price_dollars"":""0.6000"",""taker_side"":""yes"",""ticker"":""KXETH15M-26APR272230-30"",""trade_id"":""e24c7f2f-2b34-6ebb-5c98-10c1aaeeef70"",""yes_price_dollars"":""0.4000""}"
KXETH15M-26APR272230-30,97152f70-9aa1-65aa-5515-d01053cadcd2,1777342572,0.38,4.0,yes,"{""count_fp"":""4.00"",""created_time"":""2026-04-28T02:16:12.246622Z"",""no_price_dollars"":""0.6200"",""taker_side"":""yes"",""ticker"":""KXETH15M-26APR272230-30"",""trade_id"":""97152f70-9aa1-65aa-5515-d01053cadcd2"",""yes_price_dollars"":""0.3800""}"
KXETH15M-26APR272230-30,0f5db856-86b3-6387-5447-5d77f02105d9,1777342572,0.38,10.0,yes,"{""count_fp"":""10.00"",""created_time"":""2026-04-28T02:16:12.246622Z"",""no_price_dollars"":""0.6200"",""taker_side"":""yes"",""ticker"":""KXETH15M-26APR272230-30"",""trade_id"":""0f5db856-86b3-6387-5447-5d77f02105d9"",""yes_price_dollars"":""0.3800""}"
KXETH15M-26APR272230-30,3562b7cc-7c8b-4c9b-1cdc-b2e648db6bdd,1777342575,0.38,0.31,no,"{""count_fp"":""0.31"",""created_time"":""2026-04-28T02:16:15.280083Z"",""no_price_dollars"":""0.6200"",""taker_side"":""no"",""ticker"":""KXETH15M-26APR272230-30"",""trade_id"":""3562b7cc-7c8b-4c9b-1cdc-b2e648db6bdd"",""yes_price_dollars"":""0.3800""}"
KXETH15M-26APR272230-30,b32f47ef-b823-404b-ef97-821aa33e05d6,1777342577,0.37,2.32,yes,"{""count_fp"":""2.32"",""created_time"":""2026-04-28T02:16:17.178284Z"",""no_price_dollars"":""0.6300"",""taker_side"":""yes"",""ticker"":""KXETH15M-26APR272230-30"",""trade_id"":""b32f47ef-b823-404b-ef97-821aa33e05d6"",""yes_price_dollars"":""0.3700""}"
KXETH15M-26APR272230-30,e4eab45d-9c74-62bb-4993-0a1c4ba56e2b,1777342580,0.36,5.0,no,"{""count_fp"":""5.00"",""created_time"":""2026-04-28T02:16:20.595979Z"",""no_price_dollars"":""0.6400"",""taker_side"":""no"",""ticker"":""KXETH15M-26APR272230-30"",""trade_id"":""e4eab45d-9c74-62bb-4993-0a1c4ba56e2b"",""yes_price_dollars"":""0.3600""}"
KXETH15M-26APR272230-30,497a5bfe-8e28-5843-5bfa-9e9ed416c253,1777342581,0.36,1.0,no,"{""count_fp"":""1.00"",""created_time"":""2026-04-28T02:16:21.716769Z"",""no_price_dollars"":""0.6400"",""taker_side"":""no"",""ticker"":""KXETH15M-26APR272230-30"",""trade_id"":""497a5bfe-8e28-5843-5bfa-9e9ed416c253"",""yes_price_dollars"":""0.3600""}"
KXETH15M-26APR272230-30,879d9c20-a43e-4504-8ca1-f7932fb88da6,1777342586,0.39,53.21,yes,"{""count_fp"":""53.21"",""created_time"":""2026-04-28T02:16:26.644877Z"",""no_price_dollars"":""0.6100"",""taker_side"":""yes"",""ticker"":""KXETH15M-26APR272230-30"",""trade_id"":""879d9c20-a43e-4504-8ca1-f7932fb88da6"",""yes_price_dollars"":""0.3900""}"
KXETH15M-26APR272230-30,6c432e65-752e-4307-ba19-76ca0cecc72a,1777342586,0.38,10.0,yes,"{""count_fp"":""10.00"",""created_time"":""2026-04-28T02:16:26.644877Z"",""no_price_dollars"":""0.6200"",""taker_side"":""yes"",""ticker"":""KXETH15M-26APR272230-30"",""trade_id"":""6c432e65-752e-4307-ba19-76ca0cecc72a"",""yes_price_dollars"":""0.3800""}"
KXETH15M-26APR272230-30,540a22bb-d304-450f-b8d3-cad5b04322eb,1777342586,0.38,10.8,yes,"{""count_fp"":""10.80"",""created_time"":""2026-04-28T02:16:26.644877Z"",""no_price_dollars"":""0.6200"",""taker_side"":""yes"",""ticker"":""KXETH15M-26APR272230-30"",""trade_id"":""540a22bb-d304-450f-b8d3-cad5b04322eb"",""yes_price_dollars"":""0.3800""}"
KXETH15M-26APR272230-30,fc1c07d4-e40d-4cbd-68ce-467a0fc45d3a,1777342588,0.36,1.5,no,"{""count_fp"":""1.50"",""created_time"":""2026-04-28T02:16:28.565531Z"",""no_price_dollars"":""0.6400"",""taker_side"":""no"",""ticker"":""KXETH15M-26APR272230-30"",""trade_id"":""fc1c07d4-e40d-4cbd-68ce-467a0fc45d3a"",""yes_price_dollars"":""0.3600""}"
KXETH15M-26APR272230-30,e7f9a997-b627-4a79-1b55-afb85a2fe024,1777342594,0.36,1.0,no,"{""count_fp"":""1.00"",""created_time"":""2026-04-28T02:16:34.498256Z"",""no_price_dollars"":""0.6400"",""taker_side"":""no"",""ticker"":""KXETH15M-26APR272230-30"",""trade_id"":""e7f9a997-b627-4a79-1b55-afb85a2fe024"",""yes_price_dollars"":""0.3600""}"
KXETH15M-26APR272230-30,b9e2c3a3-d04b-4595-9dce-43634308ff38,1777342597,0.36,1.0,no,"{""count_fp"":""1.00"",""created_time"":""2026-04-28T02:16:37.037333Z"",""no_price_dollars"":""0.6400"",""taker_side"":""no"",""ticker"":""KXETH15M-26APR272230-30"",""trade_id"":""b9e2c3a3-d04b-4595-9dce-43634308ff38"",""yes_price_dollars"":""0.3600""}"
KXETH15M-26APR272230-30,4d86cd96-ac44-4d95-ff52-24dcdc93e43b,1777342598,0.35,49.66,yes,"{""count_fp"":""49.66"",""created_time"":""2026-04-28T02:16:38.549105Z"",""no_price_dollars"":""0.6500"",""taker_side"":""yes"",""ticker"":""KXETH15M-26APR272230-30"",""trade_id"":""4d86cd96-ac44-4d95-ff52-24dcdc93e43b"",""yes_price_dollars"":""0.3500""}"
KXETH15M-26APR272230-30,bb3f4b1c-f7dc-7f75-ef68-d37bebb6341f,1777342598,0.36,27.0,yes,"{""count_fp"":""27.00"",""created_time"":""2026-04-28T02:16:38.328558Z"",""no_price_dollars"":""0.6400"",""taker_side"":""yes"",""ticker"":""KXETH15M-26APR272230-30"",""trade_id"":""bb3f4b1c-f7dc-7f75-ef68-d37bebb6341f"",""yes_price_dollars"":""0.3600""}"
KXETH15M-26APR272230-30,adb1ee5a-20dc-50ca-8d50-2e47aaa48540,1777342600,0.32,1.0,no,"{""count_fp"":""1.00"",""created_time"":""2026-04-28T02:16:40.988297Z"",""no_price_dollars"":""0.6800"",""taker_side"":""no"",""ticker"":""KXETH15M-26APR272230-30"",""trade_id"":""adb1ee5a-20dc-50ca-8d50-2e47aaa48540"",""yes_price_dollars"":""0.3200""}"
KXETH15M-26APR272230-30,5ccf5298-07fc-5a3d-0b98-e92054d6e77b,1777342600,0.34,16.0,yes,"{""count_fp"":""16.00"",""created_time"":""2026-04-28T02:16:40.353918Z"",""no_price_dollars"":""0.6600"",""taker_side"":""yes"",""ticker"":""KXETH15M-26APR272230-30"",""trade_id"":""5ccf5298-07fc-5a3d-0b98-e92054d6e77b"",""yes_price_dollars"":""0.3400""}"
KXETH15M-26APR272230-30,f196cef8-58c1-5a65-3ae2-bcce8a6bd962,1777342601,0.31,1.0,no,"{""count_fp"":""1.00"",""created_time"":""2026-04-28T02:16:41.680357Z"",""no_price_dollars"":""0.6900"",""taker_side"":""no"",""ticker"":""KXETH15M-26APR272230-30"",""trade_id"":""f196cef8-58c1-5a65-3ae2-bcce8a6bd962"",""yes_price_dollars"":""0.3100""}"
KXETH15M-26APR272230-30,9ad008e1-7420-4a45-cffa-fbab31f41def,1777342601,0.33,3.0,yes,"{""count_fp"":""3.00"",""created_time"":""2026-04-28T02:16:41.663582Z"",""no_price_dollars"":""0.6700"",""taker_side"":""yes"",""ticker"":""KXETH15M-26APR272230-30"",""trade_id"":""9ad008e1-7420-4a45-cffa-fbab31f41def"",""yes_price_dollars"":""0.3300""}"
KXETH15M-26APR272230-30,496dae39-d87e-4cf7-cdb5-5be270b1893f,1777342601,0.32,1.0,yes,"{""count_fp"":""1.00"",""created_time"":""2026-04-28T02:16:41.663582Z"",""no_price_dollars"":""0.6800"",""taker_side"":""yes"",""ticker"":""KXETH15M-26APR272230-30"",""trade_id"":""496dae39-d87e-4cf7-cdb5-5be270b1893f"",""yes_price_dollars"":""0.3200""}"
KXETH15M-26APR272230-30,9dc2c7a0-34cc-5309-1fd4-6ba75923df83,1777342602,0.33,7.0,yes,"{""count_fp"":""7.00"",""created_time"":""2026-04-28T02:16:42.315835Z"",""no_price_dollars"":""0.6700"",""taker_side"":""yes"",""ticker"":""KXETH15M-26APR272230-30"",""trade_id"":""9dc2c7a0-34cc-5309-1fd4-6ba75923df83"",""yes_price_dollars"":""0.3300""}"
KXETH15M-26APR272230-30,0c83a24b-721d-7765-098c-85f1c838d512,1777342602,0.31,4.0,no,"{""count_fp"":""4.00"",""created_time"":""2026-04-28T02:16:42.241898Z"",""no_price_dollars"":""0.6900"",""taker_side"":""no"",""ticker"":""KXETH15M-26APR272230-30"",""trade_id"":""0c83a24b-721d-7765-098c-85f1c838d512"",""yes_price_dollars"":""0.3100""}"
KXETH15M-26APR272230-30,f80fc5bc-4f59-4497-2397-3461e87f4b3b,1777342605,0.3,1.77,no,"{""count_fp"":""1.77"",""created_time"":""2026-04-28T02:16:45.423746Z"",""no_price_dollars"":""0.7000"",""taker_side"":""no"",""ticker"":""KXETH15M-26APR272230-30"",""trade_id"":""f80fc5bc-4f59-4497-2397-3461e87f4b3b"",""yes_price_dollars"":""0.3000""}"
KXETH15M-26APR272230-30,03029bbd-a5ab-4efb-1e4f-ba22c377d8dc,1777342605,0.3,1.0,no,"{""count_fp"":""1.00"",""created_time"":""2026-04-28T02:16:45.423746Z"",""no_price_dollars"":""0.7000"",""taker_side"":""no"",""ticker"":""KXETH15M-26APR272230-30"",""trade_id"":""03029bbd-a5ab-4efb-1e4f-ba22c377d8dc"",""yes_price_dollars"":""0.3000""}"
KXETH15M-26APR272230-30,231c1cb1-09e1-4be2-1ad3-155ac8089c84,1777342605,0.31,28.94,yes,"{""count_fp"":""28.94"",""created_time"":""2026-04-28T02:16:45.068074Z"",""no_price_dollars"":""0.6900"",""taker_side"":""yes"",""ticker"":""KXETH15M-26APR272230-30"",""trade_id"":""231c1cb1-09e1-4be2-1ad3-155ac8089c84"",""yes_price_dollars"":""0.3100""}"
KXETH15M-26APR272230-30,3612fc8b-0866-7db4-bc76-50cedafd9f00,1777342606,0.33,6.0,yes,"{""count_fp"":""6.00"",""created_time"":""2026-04-28T02:16:46.313054Z"",""no_price_dollars"":""0.6700"",""taker_side"":""yes"",""ticker"":""KXETH15M-26APR272230-30"",""trade_id"":""3612fc8b-0866-7db4-bc76-50cedafd9f00"",""yes_price_dollars"":""0.3300""}"
KXETH15M-26APR272230-30,d4b52091-9a2d-5573-7723-d1cb36db513f,1777342607,0.3,1.0,no,"{""count_fp"":""1.00"",""created_time"":""2026-04-28T02:16:47.199674Z"",""no_price_dollars"":""0.7000"",""taker_side"":""no"",""ticker"":""KXETH15M-26APR272230-30"",""trade_id"":""d4b52091-9a2d-5573-7723-d1cb36db513f"",""yes_price_dollars"":""0.3000""}"
KXETH15M-26APR272230-30,234db3d2-456d-78cf-4520-4568e0f7e88b,1777342611,0.31,1.0,no,"{""count_fp"":""1.00"",""created_time"":""2026-04-28T02:16:51.600246Z"",""no_price_dollars"":""0.6900"",""taker_side"":""no"",""ticker"":""KXETH15M-26APR272230-30"",""trade_id"":""234db3d2-456d-78cf-4520-4568e0f7e88b"",""yes_price_dollars"":""0.3100""}"
KXETH15M-26APR272230-30,bba2978f-f38a-7d06-6dbb-3f9b50c3f23f,1777342615,0.33,0.31,yes,"{""count_fp"":""0.31"",""created_time"":""2026-04-28T02:16:55.825063Z"",""no_price_dollars"":""0.6700"",""taker_side"":""yes"",""ticker"":""KXETH15M-26APR272230-30"",""trade_id"":""bba2978f-f38a-7d06-6dbb-3f9b50c3f23f"",""yes_price_dollars"":""0.3300""}"
KXETH15M-26APR272230-30,6b4b9e40-b167-7490-91b1-d4aab11fcce5,1777342621,0.34,2.0,yes,"{""count_fp"":""2.00"",""created_time"":""2026-04-28T02:17:01.641114Z"",""no_price_dollars"":""0.6600"",""taker_side"":""yes"",""ticker"":""KXETH15M-26APR272230-30"",""trade_id"":""6b4b9e40-b167-7490-91b1-d4aab11fcce5"",""yes_price_dollars"":""0.3400""}"
KXETH15M-26APR272230-30,56c42fa9-69ed-5de3-3313-f6643ec8cd7b,1777342621,0.33,12.0,no,"{""count_fp"":""12.00"",""created_time"":""2026-04-28T02:17:01.351865Z"",""no_price_dollars"":""0.6700"",""taker_side"":""no"",""ticker"":""KXETH15M-26APR272230-30"",""trade_id"":""56c42fa9-69ed-5de3-3313-f6643ec8cd7b"",""yes_price_dollars"":""0.3300""}"
KXETH15M-26APR272230-30,1ac07a88-4f4e-7f48-8401-541b02faf537,1777342622,0.35,101.0,yes,"{""count_fp"":""101.00"",""created_time"":""2026-04-28T02:17:02.611515Z"",""no_price_dollars"":""0.6500"",""taker_side"":""yes"",""ticker"":""KXETH15M-26APR272230-30"",""trade_id"":""1ac07a88-4f4e-7f48-8401-541b02faf537"",""yes_price_dollars"":""0.3500""}"
KXETH15M-26APR272230-30,1fd846ab-baee-72c4-30ca-e332f445906b,1777342624,0.35,1.0,yes,"{""count_fp"":""1.00"",""created_time"":""2026-04-28T02:17:04.754594Z"",""no_price_dollars"":""0.6500"",""taker_side"":""yes"",""ticker"":""KXETH15M-26APR272230-30"",""trade_id"":""1fd846ab-baee-72c4-30ca-e332f445906b"",""yes_price_dollars"":""0.3500""}"
KXETH15M-26APR272230-30,48a4a90b-e216-7688-e31a-9d24afed4f5b,1777342625,0.35,1002.0,yes,"{""count_fp"":""1002.00"",""created_time"":""2026-04-28T02:17:05.065683Z"",""no_price_dollars"":""0.6500"",""taker_side"":""yes"",""ticker"":""KXETH15M-26APR272230-30"",""trade_id"":""48a4a90b-e216-7688-e31a-9d24afed4f5b"",""yes_price_dollars"":""0.3500""}"
KXETH15M-26APR272230-30,7a88bba6-03ad-513f-9393-fd316939fb2b,1777342626,0.34,10.0,no,"{""count_fp"":""10.00"",""created_time"":""2026-04-28T02:17:06.215514Z"",""no_price_dollars"":""0.6600"",""taker_side"":""no"",""ticker"":""KXETH15M-26APR272230-30"",""trade_id"":""7a88bba6-03ad-513f-9393-fd316939fb2b"",""yes_price_dollars"":""0.3400""}"
KXETH15M-26APR272230-30,0b3bb31d-9cf5-4f2f-8430-a86d3849f4cf,1777342630,0.34,2.0,no,"{""count_fp"":""2.00"",""created_time"":""2026-04-28T02:17:10.998568Z"",""no_price_dollars"":""0.6600"",""taker_side"":""no"",""ticker"":""KXETH15M-26APR272230-30"",""trade_id"":""0b3bb31d-9cf5-4f2f-8430-a86d3849f4cf"",""yes_price_dollars"":""0.3400""}"
KXETH15M-26APR272230-30,09b82b71-7fc7-483f-d062-2cc6f74ac3f2,1777342631,0.35,1.36,yes,"{""count_fp"":""1.36"",""created_time"":""2026-04-28T02:17:11.411514Z"",""no_price_dollars"":""0.6500"",""taker_side"":""yes"",""ticker"":""KXETH15M-26APR272230-30"",""trade_id"":""09b82b71-7fc7-483f-d062-2cc6f74ac3f2"",""yes_price_dollars"":""0.3500""}"
KXETH15M-26APR272230-30,110f9c17-d7fd-54c1-e3a0-93d39bf06816,1777342634,0.35,1.47,no,"{""count_fp"":""1.47"",""created_time"":""2026-04-28T02:17:14.955351Z"",""no_price_dollars"":""0.6500"",""taker_side"":""no"",""ticker"":""KXETH15M-26APR272230-30"",""trade_id"":""110f9c17-d7fd-54c1-e3a0-93d39bf06816"",""yes_price_dollars"":""0.3500""}"
KXETH15M-26APR272230-30,7b531c7b-999c-4747-4691-040ed339f38f,1777342634,0.37,1.0,yes,"{""count_fp"":""1.00"",""created_time"":""2026-04-28T02:17:14.145459Z"",""no_price_dollars"":""0.6300"",""taker_side"":""yes"",""ticker"":""KXETH15M-26APR272230-30"",""trade_id"":""7b531c7b-999c-4747-4691-040ed339f38f"",""yes_price_dollars"":""0.3700""}"
KXETH15M-26APR272230-30,0b635c8f-f037-4f7b-55a1-6ab1a8ce8e4e,1777342634,0.35,0.64,yes,"{""count_fp"":""0.64"",""created_time"":""2026-04-28T02:17:14.145459Z"",""no_price_dollars"":""0.6500"",""taker_side"":""yes"",""ticker"":""KXETH15M-26APR272230-30"",""trade_id"":""0b635c8f-f037-4f7b-55a1-6ab1a8ce8e4e"",""yes_price_dollars"":""0.3500""}"
KXETH15M-26APR272230-30,c511c035-29c1-6ea7-c8ee-40d7ab7646ef,1777342640,0.34,20.0,no,"{""count_fp"":""20.00"",""created_time"":""2026-04-28T02:17:20.296336Z"",""no_price_dollars"":""0.6600"",""taker_side"":""no"",""ticker"":""KXETH15M-26APR272230-30"",""trade_id"":""c511c035-29c1-6ea7-c8ee-40d7ab7646ef"",""yes_price_dollars"":""0.3400""}"
KXETH15M-26APR272230-30,2ac73d9c-28da-7a60-9b8f-3bf456a7b6d6,1777342641,0.4,1.19,yes,"{""count_fp"":""1.19"",""created_time"":""2026-04-28T02:17:21.567453Z"",""no_price_dollars"":""0.6000"",""taker_side"":""yes"",""ticker"":""KXETH15M-26APR272230-30"",""trade_id"":""2ac73d9c-28da-7a60-9b8f-3bf456a7b6d6"",""yes_price_dollars"":""0.4000""}"
KXETH15M-26APR272230-30,0b05d516-e469-52ce-0603-97f95b7d8832,1777342643,0.34,1.0,no,"{""count_fp"":""1.00"",""created_time"":""2026-04-28T02:17:23.199663Z"",""no_price_dollars"":""0.6600"",""taker_side"":""no"",""ticker"":""KXETH15M-26APR272230-30"",""trade_id"":""0b05d516-e469-52ce-0603-97f95b7d8832"",""yes_price_dollars"":""0.3400""}"
KXETH15M-26APR272230-30,e4876796-27fd-42a5-2405-0ab0cb3dfaf6,1777342646,0.42,5.0,yes,"{""count_fp"":""5.00"",""created_time"":""2026-04-28T02:17:26.377539Z"",""no_price_dollars"":""0.5800"",""taker_side"":""yes"",""ticker"":""KXETH15M-26APR272230-30"",""trade_id"":""e4876796-27fd-42a5-2405-0ab0cb3dfaf6"",""yes_price_dollars"":""0.4200""}"
KXETH15M-26APR272230-30,74c13ea5-b12d-5516-f92b-a5ffebe19dc8,1777342647,0.43,16.53,yes,"{""count_fp"":""16.53"",""created_time"":""2026-04-28T02:17:27.669318Z"",""no_price_dollars"":""0.5700"",""taker_side"":""yes"",""ticker"":""KXETH15M-26APR272230-30"",""trade_id"":""74c13ea5-b12d-5516-f92b-a5ffebe19dc8"",""yes_price_dollars"":""0.4300""}"
KXETH15M-26APR272230-30,6c62b024-da06-5776-cad4-cdb25a60d272,1777342647,0.42,7.47,yes,"{""count_fp"":""7.47"",""created_time"":""2026-04-28T02:17:27.669318Z"",""no_price_dollars"":""0.5800"",""taker_side"":""yes"",""ticker"":""KXETH15M-26APR272230-30"",""trade_id"":""6c62b024-da06-5776-cad4-cdb25a60d272"",""yes_price_dollars"":""0.4200""}"
KXETH15M-26APR272230-30,0b79c2a8-4b43-51d8-ded3-638459010784,1777342647,0.42,10.0,yes,"{""count_fp"":""10.00"",""created_time"":""2026-04-28T02:17:27.669318Z"",""no_price_dollars"":""0.5800"",""taker_side"":""yes"",""ticker"":""KXETH15M-26APR272230-30"",""trade_id"":""0b79c2a8-4b43-51d8-ded3-638459010784"",""yes_price_dollars"":""0.4200""}"
KXETH15M-26APR272230-30,9b7f1add-4bfa-6b9a-2cab-d3ed4ffbdb1a,1777342647,0.42,52.53,yes,"{""count_fp"":""52.53"",""created_time"":""2026-04-28T02:17:27.177885Z"",""no_price_dollars"":""0.5800"",""taker_side"":""yes"",""ticker"":""KXETH15M-26APR272230-30"",""trade_id"":""9b7f1add-4bfa-6b9a-2cab-d3ed4ffbdb1a"",""yes_price_dollars"":""0.4200""}"
KXETH15M-26APR272230-30,304795be-66f5-684d-1037-610c975956c6,1777342647,0.42,28.53,yes,"{""count_fp"":""28.53"",""created_time"":""2026-04-28T02:17:27.177885Z"",""no_price_dollars"":""0.5800"",""taker_side"":""yes"",""ticker"":""KXETH15M-26APR272230-30"",""trade_id"":""304795be-66f5-684d-1037-610c975956c6"",""yes_price_dollars"":""0.4200""}"
KXETH15M-26APR272230-30,1f387128-92c1-47da-172b-c1f19a9a9c48,1777342648,0.42,1.83,yes,"{""count_fp"":""1.83"",""created_time"":""2026-04-28T02:17:28.838507Z"",""no_price_dollars"":""0.5800"",""taker_side"":""yes"",""ticker"":""KXETH15M-26APR272230-30"",""trade_id"":""1f387128-92c1-47da-172b-c1f19a9a9c48"",""yes_price_dollars"":""0.4200""}"
KXETH15M-26APR272230-30,8099be09-0801-62b6-0cc3-7f7262532f44,1777342650,0.41,1.14,yes,"{""count_fp"":""1.14"",""created_time"":""2026-04-28T02:17:30.495744Z"",""no_price_dollars"":""0.5900"",""taker_side"":""yes"",""ticker"":""KXETH15M-26APR272230-30"",""trade_id"":""8099be09-0801-62b6-0cc3-7f7262532f44"",""yes_price_dollars"":""0.4100""}"
KXETH15M-26APR272230-30,22d5814c-fdc8-4704-2225-8a4498034875,1777342653,0.42,2.29,yes,"{""count_fp"":""2.29"",""created_time"":""2026-04-28T02:17:33.717846Z"",""no_price_dollars"":""0.5800"",""taker_side"":""yes"",""ticker"":""KXETH15M-26APR272230-30"",""trade_id"":""22d5814c-fdc8-4704-2225-8a4498034875"",""yes_price_dollars"":""0.4200""}"
KXETH15M-26APR272230-30,f0c3b465-a3cd-7c67-8085-3c24e90f9c4b,1777342656,0.37,28.0,no,"{""count_fp"":""28.00"",""created_time"":""2026-04-28T02:17:36.821645Z"",""no_price_dollars"":""0.6300"",""taker_side"":""no"",""ticker"":""KXETH15M-26APR272230-30"",""trade_id"":""f0c3b465-a3cd-7c67-8085-3c24e90f9c4b"",""yes_price_dollars"":""0.3700""}"
KXETH15M-26APR272230-30,0dd84ef9-2b9d-735e-b4b3-0057991b8354,1777342656,0.38,10.0,no,"{""count_fp"":""10.00"",""created_time"":""2026-04-28T02:17:36.821645Z"",""no_price_dollars"":""0.6200"",""taker_side"":""no"",""ticker"":""KXETH15M-26APR272230-30"",""trade_id"":""0dd84ef9-2b9d-735e-b4b3-0057991b8354"",""yes_price_dollars"":""0.3800""}"
KXETH15M-26APR272230-30,c707a0e6-be24-7430-5441-3f1012dd29f9,1777342661,0.42,57.71,yes,"{""count_fp"":""57.71"",""created_time"":""2026-04-28T02:17:41.539951Z"",""no_price_dollars"":""0.5800"",""taker_side"":""yes"",""ticker"":""KXETH15M-26APR272230-30"",""trade_id"":""c707a0e6-be24-7430-5441-3f1012dd29f9"",""yes_price_dollars"":""0.4200""}"
KXETH15M-26APR272230-30,374417ed-adcc-68e1-5449-128b4c965cbd,1777342661,0.35,2.0,no,"{""count_fp"":""2.00"",""created_time"":""2026-04-28T02:17:41.177858Z"",""no_price_dollars"":""0.6500"",""taker_side"":""no"",""ticker"":""KXETH15M-26APR272230-30"",""trade_id"":""374417ed-adcc-68e1-5449-128b4c965cbd"",""yes_price_dollars"":""0.3500""}"
KXETH15M-26APR272230-30,5d70ec49-9d75-5676-b984-41dbf3742230,1777342662,0.47,1.0,yes,"{""count_fp"":""1.00"",""created_time"":""2026-04-28T02:17:42.812642Z"",""no_price_dollars"":""0.5300"",""taker_side"":""yes"",""ticker"":""KXETH15M-26APR272230-30"",""trade_id"":""5d70ec49-9d75-5676-b984-41dbf3742230"",""yes_price_dollars"":""0.4700""}"
KXETH15M-26APR272230-30,934d0084-22e9-53b3-ce8a-6920a2541b17,1777342664,0.49,5.28,no,"{""count_fp"":""5.28"",""created_time"":""2026-04-28T02:17:44.927284Z"",""no_price_dollars"":""0.5100"",""taker_side"":""no"",""ticker"":""KXETH15M-26APR272230-30"",""trade_id"":""934d0084-22e9-53b3-ce8a-6920a2541b17"",""yes_price_dollars"":""0.4900""}"
KXETH15M-26APR272230-30,4424148a-8ba1-7d2b-965a-30af5bee0df7,1777342665,0.49,1.0,no,"{""count_fp"":""1.00"",""created_time"":""2026-04-28T02:17:45.701536Z"",""no_price_dollars"":""0.5100"",""taker_side"":""no"",""ticker"":""KXETH15M-26APR272230-30"",""trade_id"":""4424148a-8ba1-7d2b-965a-30af5bee0df7"",""yes_price_dollars"":""0.4900""}"
KXETH15M-26APR272230-30,1e8d97d9-bca9-7843-a847-d499e1c901a7,1777342665,0.49,2.0,no,"{""count_fp"":""2.00"",""created_time"":""2026-04-28T02:17:45.584054Z"",""no_price_dollars"":""0.5100"",""taker_side"":""no"",""ticker"":""KXETH15M-26APR272230-30"",""trade_id"":""1e8d97d9-bca9-7843-a847-d499e1c901a7"",""yes_price_dollars"":""0.4900""}"
KXETH15M-26APR272230-30,cd3e545b-4e43-6307-9b08-51c6166e48b0,1777342666,0.5,1.0,yes,"{""count_fp"":""1.00"",""created_time"":""2026-04-28T02:17:46.740483Z"",""no_price_dollars"":""0.5000"",""taker_side"":""yes"",""ticker"":""KXETH15M-26APR272230-30"",""trade_id"":""cd3e545b-4e43-6307-9b08-51c6166e48b0"",""yes_price_dollars"":""0.5000""}"
KXETH15M-26APR272230-30,703226f9-3fbf-440f-677c-c45086693174,1777342666,0.5,2.0,yes,"{""count_fp"":""2.00"",""created_time"":""2026-04-28T02:17:46.408352Z"",""no_price_dollars"":""0.5000"",""taker_side"":""yes"",""ticker"":""KXETH15M-26APR272230-30"",""trade_id"":""703226f9-3fbf-440f-677c-c45086693174"",""yes_price_dollars"":""0.5000""}"
KXETH15M-26APR272230-30,ca671923-eb83-664b-2918-4415f9679790,1777342666,0.5,2.0,yes,"{""count_fp"":""2.00"",""created_time"":""2026-04-28T02:17:46.282042Z"",""no_price_dollars"":""0.5000"",""taker_side"":""yes"",""ticker"":""KXETH15M-26APR272230-30"",""trade_id"":""ca671923-eb83-664b-2918-4415f9679790"",""yes_price_dollars"":""0.5000""}"
KXETH15M-26APR272230-30,48e7f3a1-8445-6037-3d89-6d75e4eb5a47,1777342670,0.49,1.54,no,"{""count_fp"":""1.54"",""created_time"":""2026-04-28T02:17:50.369354Z"",""no_price_dollars"":""0.5100"",""taker_side"":""no"",""ticker"":""KXETH15M-26APR272230-30"",""trade_id"":""48e7f3a1-8445-6037-3d89-6d75e4eb5a47"",""yes_price_dollars"":""0.4900""}"
KXETH15M-26APR272230-30,af6b53a5-1d5f-5cdf-42ad-89d69b3df739,1777342671,0.45,4.79,no,"{""count_fp"":""4.79"",""created_time"":""2026-04-28T02:17:51.570344Z"",""no_price_dollars"":""0.5500"",""taker_side"":""no"",""ticker"":""KXETH15M-26APR272230-30"",""trade_id"":""af6b53a5-1d5f-5cdf-42ad-89d69b3df739"",""yes_price_dollars"":""0.4500""}"
KXETH15M-26APR272230-30,5377aa21-3dd1-57f1-6bca-bc9ead69236a,1777342671,0.45,10.0,no,"{""count_fp"":""10.00"",""created_time"":""2026-04-28T02:17:51.570344Z"",""no_price_dollars"":""0.5500"",""taker_side"":""no"",""ticker"":""KXETH15M-26APR272230-30"",""trade_id"":""5377aa21-3dd1-57f1-6bca-bc9ead69236a"",""yes_price_dollars"":""0.4500""}"
KXETH15M-26APR272230-30,bc36bfcf-4451-6b60-8616-c2f3ad0604c6,1777342671,0.49,2.0,no,"{""count_fp"":""2.00"",""created_time"":""2026-04-28T02:17:51.116541Z"",""no_price_dollars"":""0.5100"",""taker_side"":""no"",""ticker"":""KXETH15M-26APR272230-30"",""trade_id"":""bc36bfcf-4451-6b60-8616-c2f3ad0604c6"",""yes_price_dollars"":""0.4900""}"
KXETH15M-26APR272230-30,75584272-fa71-798c-3a3a-a61c07853312,1777342671,0.49,2.0,no,"{""count_fp"":""2.00"",""created_time"":""2026-04-28T02:17:51.114211Z"",""no_price_dollars"":""0.5100"",""taker_side"":""no"",""ticker"":""KXETH15M-26APR272230-30"",""trade_id"":""75584272-fa71-798c-3a3a-a61c07853312"",""yes_price_dollars"":""0.4900""}"
KXETH15M-26APR272230-30,d466ff06-ba00-7aad-f816-33a6186fc4e5,1777342676,0.48,2.0,no,"{""count_fp"":""2.00"",""created_time"":""2026-04-28T02:17:56.893447Z"",""no_price_dollars"":""0.5200"",""taker_side"":""no"",""ticker"":""KXETH15M-26APR272230-30"",""trade_id"":""d466ff06-ba00-7aad-f816-33a6186fc4e5"",""yes_price_dollars"":""0.4800""}"
KXETH15M-26APR272230-30,08f9da2e-94af-709b-c621-77698e1d4fb8,1777342678,0.5,38.64,yes,"{""count_fp"":""38.64"",""created_time"":""2026-04-28T02:17:58.939808Z"",""no_price_dollars"":""0.5000"",""taker_side"":""yes"",""ticker"":""KXETH15M-26APR272230-30"",""trade_id"":""08f9da2e-94af-709b-c621-77698e1d4fb8"",""yes_price_dollars"":""0.5000""}"
KXETH15M-26APR272230-30,4ce9e290-bb17-6dca-493b-aaab2e453569,1777342684,0.49,2.29,no,"{""count_fp"":""2.29"",""created_time"":""2026-04-28T02:18:04.726988Z"",""no_price_dollars"":""0.5100"",""taker_side"":""no"",""ticker"":""KXETH15M-26APR272230-30"",""trade_id"":""4ce9e290-bb17-6dca-493b-aaab2e453569"",""yes_price_dollars"":""0.4900""}"
KXETH15M-26APR272230-30,6dd75e4e-cad7-519b-7f45-e313c9d9359c,1777342687,0.5,6.0,yes,"{""count_fp"":""6.00"",""created_time"":""2026-04-28T02:18:07.845508Z"",""no_price_dollars"":""0.5000"",""taker_side"":""yes"",""ticker"":""KXETH15M-26APR272230-30"",""trade_id"":""6dd75e4e-cad7-519b-7f45-e313c9d9359c"",""yes_price_dollars"":""0.5000""}"
KXETH15M-26APR272230-30,08a63e0e-990f-4fa1-8909-8ff172926939,1777342690,0.49,3.72,no,"{""count_fp"":""3.72"",""created_time"":""2026-04-28T02:18:10.196581Z"",""no_price_dollars"":""0.5100"",""taker_side"":""no"",""ticker"":""KXETH15M-26APR272230-30"",""trade_id"":""08a63e0e-990f-4fa1-8909-8ff172926939"",""yes_price_dollars"":""0.4900""}"
KXETH15M-26APR272230-30,d4f5b08a-03af-4f37-74f6-6b058830a510,1777342694,0.5,5.0,yes,"{""count_fp"":""5.00"",""created_time"":""2026-04-28T02:18:14.630156Z"",""no_price_dollars"":""0.5000"",""taker_side"":""yes"",""ticker"":""KXETH15M-26APR272230-30"",""trade_id"":""d4f5b08a-03af-4f37-74f6-6b058830a510"",""yes_price_dollars"":""0.5000""}"
KXETH15M-26APR272230-30,b6b3a494-853b-70eb-324a-8b2bd4334a8c,1777342694,0.5,18.0,yes,"{""count_fp"":""18.00"",""created_time"":""2026-04-28T02:18:14.270879Z"",""no_price_dollars"":""0.5000"",""taker_side"":""yes"",""ticker"":""KXETH15M-26APR272230-30"",""trade_id"":""b6b3a494-853b-70eb-324a-8b2bd4334a8c"",""yes_price_dollars"":""0.5000""}"
KXETH15M-26APR272230-30,ed6603c4-4df7-6453-3f00-24a7a12e403c,1777342695,0.5,55.0,yes,"{""count_fp"":""55.00"",""created_time"":""2026-04-28T02:18:15.119717Z"",""no_price_dollars"":""0.5000"",""taker_side"":""yes"",""ticker"":""KXETH15M-26APR272230-30"",""trade_id"":""ed6603c4-4df7-6453-3f00-24a7a12e403c"",""yes_price_dollars"":""0.5000""}"
KXETH15M-26APR272230-30,52a7276e-f707-6ee3-34a5-16763a7f4250,1777342698,0.5,3.86,yes,"{""count_fp"":""3.86"",""created_time"":""2026-04-28T02:18:18.029974Z"",""no_price_dollars"":""0.5000"",""taker_side"":""yes"",""ticker"":""KXETH15M-26APR272230-30"",""trade_id"":""52a7276e-f707-6ee3-34a5-16763a7f4250"",""yes_price_dollars"":""0.5000""}"
KXETH15M-26APR272230-30,283e1fe4-79ff-5a83-ed2a-506cce4ed610,1777342710,0.5,10.0,yes,"{""count_fp"":""10.00"",""created_time"":""2026-04-28T02:18:30.719575Z"",""no_price_dollars"":""0.5000"",""taker_side"":""yes"",""ticker"":""KXETH15M-26APR272230-30"",""trade_id"":""283e1fe4-79ff-5a83-ed2a-506cce4ed610"",""yes_price_dollars"":""0.5000""}"
KXETH15M-26APR272230-30,90d03658-ac8b-6277-640a-71adc2389ab8,1777342710,0.5,54.85,yes,"{""count_fp"":""54.85"",""created_time"":""2026-04-28T02:18:30.481689Z"",""no_price_dollars"":""0.5000"",""taker_side"":""yes"",""ticker"":""KXETH15M-26APR272230-30"",""trade_id"":""90d03658-ac8b-6277-640a-71adc2389ab8"",""yes_price_dollars"":""0.5000""}"
KXETH15M-26APR272230-30,3f239626-050f-598b-e482-81bd70ddcd0c,1777342711,0.5,25.0,yes,"{""count_fp"":""25.00"",""created_time"":""2026-04-28T02:18:31.545754Z"",""no_price_dollars"":""0.5000"",""taker_side"":""yes"",""ticker"":""KXETH15M-26APR272230-30"",""trade_id"":""3f239626-050f-598b-e482-81bd70ddcd0c"",""yes_price_dollars"":""0.5000""}"
KXETH15M-26APR272230-30,82d75c7c-76df-5f4b-d4ff-9644db7a135c,1777342712,0.5,63.0,yes,"{""count_fp"":""63.00"",""created_time"":""2026-04-28T02:18:32.839537Z"",""no_price_dollars"":""0.5000"",""taker_side"":""yes"",""ticker"":""KXETH15M-26APR272230-30"",""trade_id"":""82d75c7c-76df-5f4b-d4ff-9644db7a135c"",""yes_price_dollars"":""0.5000""}"
KXETH15M-26APR272230-30,98dcd0a9-4691-78b2-f591-b0245f3849cf,1777342713,0.56,25.0,yes,"{""count_fp"":""25.00"",""created_time"":""2026-04-28T02:18:33.297345Z"",""no_price_dollars"":""0.4400"",""taker_side"":""yes"",""ticker"":""KXETH15M-26APR272230-30"",""trade_id"":""98dcd0a9-4691-78b2-f591-b0245f3849cf"",""yes_price_dollars"":""0.5600""}"
KXETH15M-26APR272230-30,41a42524-a86d-6de7-d76a-435420c22bcf,1777342718,0.53,41.03,no,"{""count_fp"":""41.03"",""created_time"":""2026-04-28T02:18:38.616701Z"",""no_price_dollars"":""0.4700"",""taker_side"":""no"",""ticker"":""KXETH15M-26APR272230-30"",""trade_id"":""41a42524-a86d-6de7-d76a-435420c22bcf"",""yes_price_dollars"":""0.5300""}"
KXETH15M-26APR272230-30,06df51cd-8cfa-69d4-aef0-ce1951235e86,1777342719,0.55,4.0,yes,"{""count_fp"":""4.00"",""created_time"":""2026-04-28T02:18:39.292398Z"",""no_price_dollars"":""0.4500"",""taker_side"":""yes"",""ticker"":""KXETH15M-26APR272230-30"",""trade_id"":""06df51cd-8cfa-69d4-aef0-ce1951235e86"",""yes_price_dollars"":""0.5500""}"
KXETH15M-26APR272230-30,0fb83192-5ab9-6b0b-1d26-f4bc9092b98c,1777342721,0.51,3.0,no,"{""count_fp"":""3.00"",""created_time"":""2026-04-28T02:18:41.335127Z"",""no_price_dollars"":""0.4900"",""taker_side"":""no"",""ticker"":""KXETH15M-26APR272230-30"",""trade_id"":""0fb83192-5ab9-6b0b-1d26-f4bc9092b98c"",""yes_price_dollars"":""0.5100""}"
KXETH15M-26APR272230-30,2afc6b69-0046-41e3-8495-ddbee55fe687,1777342725,0.52,1.67,no,"{""count_fp"":""1.67"",""created_time"":""2026-04-28T02:18:45.417291Z"",""no_price_dollars"":""0.4800"",""taker_side"":""no"",""ticker"":""KXETH15M-26APR272230-30"",""trade_id"":""2afc6b69-0046-41e3-8495-ddbee55fe687"",""yes_price_dollars"":""0.5200""}"
KXETH15M-26APR272230-30,9c5a5e56-b3e4-48a3-423e-fb153b1971eb,1777342728,0.5,1.86,no,"{""count_fp"":""1.86"",""created_time"":""2026-04-28T02:18:48.886965Z"",""no_price_dollars"":""0.5000"",""taker_side"":""no"",""ticker"":""KXETH15M-26APR272230-30"",""trade_id"":""9c5a5e56-b3e4-48a3-423e-fb153b1971eb"",""yes_price_dollars"":""0.5000""}"
KXETH15M-26APR272230-30,73bc89d2-b0d7-54b3-e2bc-0e8019e3ef51,1777342730,0.54,2.01,no,"{""count_fp"":""2.01"",""created_time"":""2026-04-28T02:18:50.754659Z"",""no_price_dollars"":""0.4600"",""taker_side"":""no"",""ticker"":""KXETH15M-26APR272230-30"",""trade_id"":""73bc89d2-b0d7-54b3-e2bc-0e8019e3ef51"",""yes_price_dollars"":""0.5400""}"
KXETH15M-26APR272230-30,5c57c38e-3719-589d-a19f-521f526fa6e3,1777342730,0.54,5.0,no,"{""count_fp"":""5.00"",""created_time"":""2026-04-28T02:18:50.643669Z"",""no_price_dollars"":""0.4600"",""taker_side"":""no"",""ticker"":""KXETH15M-26APR272230-30"",""trade_id"":""5c57c38e-3719-589d-a19f-521f526fa6e3"",""yes_price_dollars"":""0.5400""}"
KXETH15M-26APR272230-30,25f72c80-d207-55bb-9db2-1f27210ce111,1777342730,0.54,4.85,no,"{""count_fp"":""4.85"",""created_time"":""2026-04-28T02:18:50.643669Z"",""no_price_dollars"":""0.4600"",""taker_side"":""no"",""ticker"":""KXETH15M-26APR272230-30"",""trade_id"":""25f72c80-d207-55bb-9db2-1f27210ce111"",""yes_price_dollars"":""0.5400""}"
KXETH15M-26APR272230-30,70a4ed48-1069-412a-1c70-12cca6d9e6f1,1777342735,0.6,330.0,yes,"{""count_fp"":""330.00"",""created_time"":""2026-04-28T02:18:55.678685Z"",""no_price_dollars"":""0.4000"",""taker_side"":""yes"",""ticker"":""KXETH15M-26APR272230-30"",""trade_id"":""70a4ed48-1069-412a-1c70-12cca6d9e6f1"",""yes_price_dollars"":""0.6000""}"
KXETH15M-26APR272230-30,8e617d8f-074d-54f2-b092-7803a50194f9,1777342735,0.6,20.0,yes,"{""count_fp"":""20.00"",""created_time"":""2026-04-28T02:18:55.041313Z"",""no_price_dollars"":""0.4000"",""taker_side"":""yes"",""ticker"":""KXETH15M-26APR272230-30"",""trade_id"":""8e617d8f-074d-54f2-b092-7803a50194f9"",""yes_price_dollars"":""0.6000""}"
KXETH15M-26APR272230-30,16c1d5cb-c44d-48be-dd6f-14596e8d827c,1777342737,0.64,4.0,yes,"{""count_fp"":""4.00"",""created_time"":""2026-04-28T02:18:57.938959Z"",""no_price_dollars"":""0.3600"",""taker_side"":""yes"",""ticker"":""KXETH15M-26APR272230-30"",""trade_id"":""16c1d5cb-c44d-48be-dd6f-14596e8d827c"",""yes_price_dollars"":""0.6400""}"
KXETH15M-26APR272230-30,5860a60f-a5bd-56a2-a9d2-2219f4ac770c,1777342737,0.64,2.0,yes,"{""count_fp"":""2.00"",""created_time"":""2026-04-28T02:18:57.580184Z"",""no_price_dollars"":""0.3600"",""taker_side"":""yes"",""ticker"":""KXETH15M-26APR272230-30"",""trade_id"":""5860a60f-a5bd-56a2-a9d2-2219f4ac770c"",""yes_price_dollars"":""0.6400""}"
KXETH15M-26APR272230-30,adc5a3ab-1145-7b92-c8b0-36a0f27dea84,1777342737,0.64,2.0,yes,"{""count_fp"":""2.00"",""created_time"":""2026-04-28T02:18:57.051486Z"",""no_price_dollars"":""0.3600"",""taker_side"":""yes"",""ticker"":""KXETH15M-26APR272230-30"",""trade_id"":""adc5a3ab-1145-7b92-c8b0-36a0f27dea84"",""yes_price_dollars"":""0.6400""}"
KXETH15M-26APR272230-30,31dbd8de-a9e8-4cd4-1be8-88f626026fcd,1777342739,0.62,1.0,no,"{""count_fp"":""1.00"",""created_time"":""2026-04-28T02:18:59.400845Z"",""no_price_dollars"":""0.3800"",""taker_side"":""no"",""ticker"":""KXETH15M-26APR272230-30"",""trade_id"":""31dbd8de-a9e8-4cd4-1be8-88f626026fcd"",""yes_price_dollars"":""0.6200""}"
KXETH15M-26APR272230-30,a8ec6c96-d9fb-6ad3-41ab-eae62a4ebe1d,1777342739,0.63,62.71,no,"{""count_fp"":""62.71"",""created_time"":""2026-04-28T02:18:59.100281Z"",""no_price_dollars"":""0.3700"",""taker_side"":""no"",""ticker"":""KXETH15M-26APR272230-30"",""trade_id"":""a8ec6c96-d9fb-6ad3-41ab-eae62a4ebe1d"",""yes_price_dollars"":""0.6300""}"
KXETH15M-26APR272230-30,531e9453-047e-6f79-4a22-a2c9696766ef,1777342739,0.63,2.0,no,"{""count_fp"":""2.00"",""created_time"":""2026-04-28T02:18:59.100281Z"",""no_price_dollars"":""0.3700"",""taker_side"":""no"",""ticker"":""KXETH15M-26APR272230-30"",""trade_id"":""531e9453-047e-6f79-4a22-a2c9696766ef"",""yes_price_dollars"":""0.6300""}"
KXETH15M-26APR272230-30,81993f2f-1260-5b7a-d51a-93cddc79120b,1777342740,0.65,1.0,yes,"{""count_fp"":""1.00"",""created_time"":""2026-04-28T02:19:00.674435Z"",""no_price_dollars"":""0.3500"",""taker_side"":""yes"",""ticker"":""KXETH15M-26APR272230-30"",""trade_id"":""81993f2f-1260-5b7a-d51a-93cddc79120b"",""yes_price_dollars"":""0.6500""}"
KXETH15M-26APR272230-30,a695f62d-03b5-5613-f034-7b665e3ff2df,1777342740,0.6,4.0,no,"{""count_fp"":""4.00"",""created_time"":""2026-04-28T02:19:00.574022Z"",""no_price_dollars"":""0.4000"",""taker_side"":""no"",""ticker"":""KXETH15M-26APR272230-30"",""trade_id"":""a695f62d-03b5-5613-f034-7b665e3ff2df"",""yes_price_dollars"":""0.6000""}"
KXETH15M-26APR272230-30,f0ef6381-b80d-4ca6-f9a6-0aba9948a698,1777342741,0.67,2.0,yes,"{""count_fp"":""2.00"",""created_time"":""2026-04-28T02:19:01.900427Z"",""no_price_dollars"":""0.3300"",""taker_side"":""yes"",""ticker"":""KXETH15M-26APR272230-30"",""trade_id"":""f0ef6381-b80d-4ca6-f9a6-0aba9948a698"",""yes_price_dollars"":""0.6700""}"
KXETH15M-26APR272230-30,3b2d5441-2fc4-4e24-ab44-bfb5f5ad978e,1777342742,0.64,4.0,no,"{""count_fp"":""4.00"",""created_time"":""2026-04-28T02:19:02.761164Z"",""no_price_dollars"":""0.3600"",""taker_side"":""no"",""ticker"":""KXETH15M-26APR272230-30"",""trade_id"":""3b2d5441-2fc4-4e24-ab44-bfb5f5ad978e"",""yes_price_dollars"":""0.6400""}"
KXETH15M-26APR272230-30,ca3f1270-38b3-49f7-f937-0dd18ab2b4ed,1777342743,0.65,28.64,no,"{""count_fp"":""28.64"",""created_time"":""2026-04-28T02:19:03.088556Z"",""no_price_dollars"":""0.3500"",""taker_side"":""no"",""ticker"":""KXETH15M-26APR272230-30"",""trade_id"":""ca3f1270-38b3-49f7-f937-0dd18ab2b4ed"",""yes_price_dollars"":""0.6500""}"
KXETH15M-26APR272230-30,af9ce665-3bbe-4f56-d267-82b95459fc8c,1777342743,0.65,10.0,no,"{""count_fp"":""10.00"",""created_time"":""2026-04-28T02:19:03.088556Z"",""no_price_dollars"":""0.3500"",""taker_side"":""no"",""ticker"":""KXETH15M-26APR272230-30"",""trade_id"":""af9ce665-3bbe-4f56-d267-82b95459fc8c"",""yes_price_dollars"":""0.6500""}"
KXETH15M-26APR272230-30,f735062d-5db9-52e7-7d21-ced9d6d052ba,1777342744,0.7,1.0,yes,"{""count_fp"":""1.00"",""created_time"":""2026-04-28T02:19:04.764799Z"",""no_price_dollars"":""0.3000"",""taker_side"":""yes"",""ticker"":""KXETH15M-26APR272230-30"",""trade_id"":""f735062d-5db9-52e7-7d21-ced9d6d052ba"",""yes_price_dollars"":""0.7000""}"
KXETH15M-26APR272230-30,7c739cc6-054f-5218-fd11-4b1aea38a366,1777342745,0.68,10.0,no,"{""count_fp"":""10.00"",""created_time"":""2026-04-28T02:19:05.827227Z"",""no_price_dollars"":""0.3200"",""taker_side"":""no"",""ticker"":""KXETH15M-26APR272230-30"",""trade_id"":""7c739cc6-054f-5218-fd11-4b1aea38a366"",""yes_price_dollars"":""0.6800""}"
KXETH15M-26APR272230-30,447d8a83-467b-5887-fc6c-d537136ed8c5,1777342745,0.68,32.16,no,"{""count_fp"":""32.16"",""created_time"":""2026-04-28T02:19:05.827227Z"",""no_price_dollars"":""0.3200"",""taker_side"":""no"",""ticker"":""KXETH15M-26APR272230-30"",""trade_id"":""447d8a83-467b-5887-fc6c-d537136ed8c5"",""yes_price_dollars"":""0.6800""}"
KXETH15M-26APR272230-30,48d0933a-44ed-5d2f-d6b8-794081bae2f6,1777342746,0.72,3.0,yes,"{""count_fp"":""3.00"",""created_time"":""2026-04-28T02:19:06.664156Z"",""no_price_dollars"":""0.2800"",""taker_side"":""yes"",""ticker"":""KXETH15M-26APR272230-30"",""trade_id"":""48d0933a-44ed-5d2f-d6b8-794081bae2f6"",""yes_price_dollars"":""0.7200""}"
KXETH15M-26APR272230-30,ba41a0b3-61e3-5aba-f53f-66911532e822,1777342751,0.72,0.68,yes,"{""count_fp"":""0.68"",""created_time"":""2026-04-28T02:19:11.582142Z"",""no_price_dollars"":""0.2800"",""taker_side"":""yes"",""ticker"":""KXETH15M-26APR272230-30"",""trade_id"":""ba41a0b3-61e3-5aba-f53f-66911532e822"",""yes_price_dollars"":""0.7200""}"
KXETH15M-26APR272230-30,c181178c-8442-67dd-3a7d-1be1d7f54a61,1777342751,0.71,5.0,no,"{""count_fp"":""5.00"",""created_time"":""2026-04-28T02:19:11.350253Z"",""no_price_dollars"":""0.2900"",""taker_side"":""no"",""ticker"":""KXETH15M-26APR272230-30"",""trade_id"":""c181178c-8442-67dd-3a7d-1be1d7f54a61"",""yes_price_dollars"":""0.7100""}"
KXETH15M-26APR272230-30,9bfa61b9-b61c-69e4-d915-53eec30afc0a,1777342753,0.72,6.81,yes,"{""count_fp"":""6.81"",""created_time"":""2026-04-28T02:19:13.649172Z"",""no_price_dollars"":""0.2800"",""taker_side"":""yes"",""ticker"":""KXETH15M-26APR272230-30"",""trade_id"":""9bfa61b9-b61c-69e4-d915-53eec30afc0a"",""yes_price_dollars"":""0.7200""}"
KXETH15M-26APR272230-30,b73b96f3-28c1-6760-b6f4-e543a2d6e8ca,1777342754,0.72,3.0,yes,"{""count_fp"":""3.00"",""created_time"":""2026-04-28T02:19:14.906886Z"",""no_price_dollars"":""0.2800"",""taker_side"":""yes"",""ticker"":""KXETH15M-26APR272230-30"",""trade_id"":""b73b96f3-28c1-6760-b6f4-e543a2d6e8ca"",""yes_price_dollars"":""0.7200""}"
KXETH15M-26APR272230-30,b93db20c-a2b0-6b52-a918-9300975f02c5,1777342758,0.73,2.68,yes,"{""count_fp"":""2.68"",""created_time"":""2026-04-28T02:19:18.468889Z"",""no_price_dollars"":""0.2700"",""taker_side"":""yes"",""ticker"":""KXETH15M-26APR272230-30"",""trade_id"":""b93db20c-a2b0-6b52-a918-9300975f02c5"",""yes_price_dollars"":""0.7300""}"
KXETH15M-26APR272230-30,d47accfb-53c2-6e8c-7fa7-8d1bdfa4feb6,1777342759,0.71,5.88,no,"{""count_fp"":""5.88"",""created_time"":""2026-04-28T02:19:19.095828Z"",""no_price_dollars"":""0.2900"",""taker_side"":""no"",""ticker"":""KXETH15M-26APR272230-30"",""trade_id"":""d47accfb-53c2-6e8c-7fa7-8d1bdfa4feb6"",""yes_price_dollars"":""0.7100""}"
KXETH15M-26APR272230-30,50052984-d658-65df-48b3-7e16ab18cd7f,1777342759,0.71,10.0,no,"{""count_fp"":""10.00"",""created_time"":""2026-04-28T02:19:19.095828Z"",""no_price_dollars"":""0.2900"",""taker_side"":""no"",""ticker"":""KXETH15M-26APR272230-30"",""trade_id"":""50052984-d658-65df-48b3-7e16ab18cd7f"",""yes_price_dollars"":""0.7100""}"
KXETH15M-26APR272230-30,f102b6de-d75e-46a1-b1b0-5e59904836be,1777342760,0.72,12.0,yes,"{""count_fp"":""12.00"",""created_time"":""2026-04-28T02:19:20.472681Z"",""no_price_dollars"":""0.2800"",""taker_side"":""yes"",""ticker"":""KXETH15M-26APR272230-30"",""trade_id"":""f102b6de-d75e-46a1-b1b0-5e59904836be"",""yes_price_dollars"":""0.7200""}"
KXETH15M-26APR272230-30,b0625e2c-6b6a-6a7c-6bb1-fad46e7e0502,1777342764,0.71,10.7,no,"{""count_fp"":""10.70"",""created_time"":""2026-04-28T02:19:24.304528Z"",""no_price_dollars"":""0.2900"",""taker_side"":""no"",""ticker"":""KXETH15M-26APR272230-30"",""trade_id"":""b0625e2c-6b6a-6a7c-6bb1-fad46e7e0502"",""yes_price_dollars"":""0.7100""}"
KXETH15M-26APR272230-30,5f8e05d5-4766-69d1-565e-275438180849,1777342764,0.71,55.0,no,"{""count_fp"":""55.00"",""created_time"":""2026-04-28T02:19:24.304528Z"",""no_price_dollars"":""0.2900"",""taker_side"":""no"",""ticker"":""KXETH15M-26APR272230-30"",""trade_id"":""5f8e05d5-4766-69d1-565e-275438180849"",""yes_price_dollars"":""0.7100""}"
KXETH15M-26APR272230-30,eb17a92c-a4b2-7489-d8d6-eaef915dcc02,1777342766,0.72,2.0,yes,"{""count_fp"":""2.00"",""created_time"":""2026-04-28T02:19:26.167015Z"",""no_price_dollars"":""0.2800"",""taker_side"":""yes"",""ticker"":""KXETH15M-26APR272230-30"",""trade_id"":""eb17a92c-a4b2-7489-d8d6-eaef915dcc02"",""yes_price_dollars"":""0.7200""}"
KXETH15M-26APR272230-30,6c8040a1-0175-7027-f704-1e3fb3855641,1777342774,0.73,9.25,yes,"{""count_fp"":""9.25"",""created_time"":""2026-04-28T02:19:34.530236Z"",""no_price_dollars"":""0.2700"",""taker_side"":""yes"",""ticker"":""KXETH15M-26APR272230-30"",""trade_id"":""6c8040a1-0175-7027-f704-1e3fb3855641"",""yes_price_dollars"":""0.7300""}"
KXETH15M-26APR272230-30,1372ebb6-ea3d-71ad-f3b9-d6008ff41c7e,1777342774,0.73,3.75,yes,"{""count_fp"":""3.75"",""created_time"":""2026-04-28T02:19:34.530236Z"",""no_price_dollars"":""0.2700"",""taker_side"":""yes"",""ticker"":""KXETH15M-26APR272230-30"",""trade_id"":""1372ebb6-ea3d-71ad-f3b9-d6008ff41c7e"",""yes_price_dollars"":""0.7300""}"
KXETH15M-26APR272230-30,0b84f7d3-9a58-48f0-dbf0-52c4bd13ad66,1777342775,0.73,12.0,yes,"{""count_fp"":""12.00"",""created_time"":""2026-04-28T02:19:35.527255Z"",""no_price_dollars"":""0.2700"",""taker_side"":""yes"",""ticker"":""KXETH15M-26APR272230-30"",""trade_id"":""0b84f7d3-9a58-48f0-dbf0-52c4bd13ad66"",""yes_price_dollars"":""0.7300""}"
KXETH15M-26APR272230-30,7aece191-17bc-52ac-6c84-68200bafad92,1777342776,0.73,0.25,yes,"{""count_fp"":""0.25"",""created_time"":""2026-04-28T02:19:36.336077Z"",""no_price_dollars"":""0.2700"",""taker_side"":""yes"",""ticker"":""KXETH15M-26APR272230-30"",""trade_id"":""7aece191-17bc-52ac-6c84-68200bafad92"",""yes_price_dollars"":""0.7300""}"
KXETH15M-26APR272230-30,78ed110e-06eb-5bb1-5384-5e7c28d739af,1777342776,0.74,12.75,yes,"{""count_fp"":""12.75"",""created_time"":""2026-04-28T02:19:36.336077Z"",""no_price_dollars"":""0.2600"",""taker_side"":""yes"",""ticker"":""KXETH15M-26APR272230-30"",""trade_id"":""78ed110e-06eb-5bb1-5384-5e7c28d739af"",""yes_price_dollars"":""0.7400""}"
KXETH15M-26APR272230-30,ba848dae-a541-462f-d13b-a563f4655a28,1777342779,0.73,25.0,no,"{""count_fp"":""25.00"",""created_time"":""2026-04-28T02:19:39.431684Z"",""no_price_dollars"":""0.2700"",""taker_side"":""no"",""ticker"":""KXETH15M-26APR272230-30"",""trade_id"":""ba848dae-a541-462f-d13b-a563f4655a28"",""yes_price_dollars"":""0.7300""}"
KXETH15M-26APR272230-30,5d48f1db-289a-4f4c-e986-58f45c3defc2,1777342779,0.73,2.2,no,"{""count_fp"":""2.20"",""created_time"":""2026-04-28T02:19:39.431684Z"",""no_price_dollars"":""0.2700"",""taker_side"":""no"",""ticker"":""KXETH15M-26APR272230-30"",""trade_id"":""5d48f1db-289a-4f4c-e986-58f45c3defc2"",""yes_price_dollars"":""0.7300""}"
KXETH15M-26APR272230-30,e2561fe2-5fa9-56bb-0f6d-9ba41a5aa2c4,1777342779,0.73,34.0,no,"{""count_fp"":""34.00"",""created_time"":""2026-04-28T02:19:39.369144Z"",""no_price_dollars"":""0.2700"",""taker_side"":""no"",""ticker"":""KXETH15M-26APR272230-30"",""trade_id"":""e2561fe2-5fa9-56bb-0f6d-9ba41a5aa2c4"",""yes_price_dollars"":""0.7300""}"
KXETH15M-26APR272230-30,e8abefa8-5d89-4ac3-77d7-c64b07266d34,1777342781,0.73,5.0,no,"{""count_fp"":""5.00"",""created_time"":""2026-04-28T02:19:41.374608Z"",""no_price_dollars"":""0.2700"",""taker_side"":""no"",""ticker"":""KXETH15M-26APR272230-30"",""trade_id"":""e8abefa8-5d89-4ac3-77d7-c64b07266d34"",""yes_price_dollars"":""0.7300""}"
KXETH15M-26APR272230-30,ab115e45-8d08-6e7e-39a2-b8b59662a630,1777342782,0.76,10.0,yes,"{""count_fp"":""10.00"",""created_time"":""2026-04-28T02:19:42.334138Z"",""no_price_dollars"":""0.2400"",""taker_side"":""yes"",""ticker"":""KXETH15M-26APR272230-30"",""trade_id"":""ab115e45-8d08-6e7e-39a2-b8b59662a630"",""yes_price_dollars"":""0.7600""}"
KXETH15M-26APR272230-30,7a41eac3-70a5-4eb3-25cc-871364808510,1777342783,0.74,35.23,no,"{""count_fp"":""35.23"",""created_time"":""2026-04-28T02:19:43.798427Z"",""no_price_dollars"":""0.2600"",""taker_side"":""no"",""ticker"":""KXETH15M-26APR272230-30"",""trade_id"":""7a41eac3-70a5-4eb3-25cc-871364808510"",""yes_price_dollars"":""0.7400""}"
KXETH15M-26APR272230-30,be433864-e95c-533d-0dc9-e2560fa4e4a6,1777342783,0.77,5.0,yes,"{""count_fp"":""5.00"",""created_time"":""2026-04-28T02:19:43.513188Z"",""no_price_dollars"":""0.2300"",""taker_side"":""yes"",""ticker"":""KXETH15M-26APR272230-30"",""trade_id"":""be433864-e95c-533d-0dc9-e2560fa4e4a6"",""yes_price_dollars"":""0.7700""}"
KXETH15M-26APR272230-30,3f2cc70e-cacb-626e-7959-6f23eacd415b,1777342788,0.76,10.0,no,"{""count_fp"":""10.00"",""created_time"":""2026-04-28T02:19:48.793371Z"",""no_price_dollars"":""0.2400"",""taker_side"":""no"",""ticker"":""KXETH15M-26APR272230-30"",""trade_id"":""3f2cc70e-cacb-626e-7959-6f23eacd415b"",""yes_price_dollars"":""0.7600""}"
KXETH15M-26APR272230-30,3f15c466-742a-6a34-7a6e-db35499eee7e,1777342788,0.76,100.0,no,"{""count_fp"":""100.00"",""created_time"":""2026-04-28T02:19:48.793371Z"",""no_price_dollars"":""0.2400"",""taker_side"":""no"",""ticker"":""KXETH15M-26APR272230-30"",""trade_id"":""3f15c466-742a-6a34-7a6e-db35499eee7e"",""yes_price_dollars"":""0.7600""}"
KXETH15M-26APR272230-30,696b511c-da78-791d-970f-31ab6a274445,1777342791,0.73,100.0,no,"{""count_fp"":""100.00"",""created_time"":""2026-04-28T02:19:51.985205Z"",""no_price_dollars"":""0.2700"",""taker_side"":""no"",""ticker"":""KXETH15M-26APR272230-30"",""trade_id"":""696b511c-da78-791d-970f-31ab6a274445"",""yes_price_dollars"":""0.7300""}"
KXETH15M-26APR272230-30,2389756d-c96b-7f19-badd-9c03ad6403af,1777342791,0.73,10.0,no,"{""count_fp"":""10.00"",""created_time"":""2026-04-28T02:19:51.985205Z"",""no_price_dollars"":""0.2700"",""taker_side"":""no"",""ticker"":""KXETH15M-26APR272230-30"",""trade_id"":""2389756d-c96b-7f19-badd-9c03ad6403af"",""yes_price_dollars"":""0.7300""}"
KXETH15M-26APR272230-30,982b8404-1b91-6342-a468-f7a3bf2165db,1777342791,0.75,1.0,no,"{""count_fp"":""1.00"",""created_time"":""2026-04-28T02:19:51.053696Z"",""no_price_dollars"":""0.2500"",""taker_side"":""no"",""ticker"":""KXETH15M-26APR272230-30"",""trade_id"":""982b8404-1b91-6342-a468-f7a3bf2165db"",""yes_price_dollars"":""0.7500""}"
KXETH15M-26APR272230-30,3b52a3be-afc6-6ac1-a33f-ed6b8d3f9658,1777342791,0.75,100.0,no,"{""count_fp"":""100.00"",""created_time"":""2026-04-28T02:19:51.053696Z"",""no_price_dollars"":""0.2500"",""taker_side"":""no"",""ticker"":""KXETH15M-26APR272230-30"",""trade_id"":""3b52a3be-afc6-6ac1-a33f-ed6b8d3f9658"",""yes_price_dollars"":""0.7500""}"
KXETH15M-26APR272230-30,7edff23d-b0e9-7f43-356c-e67748c112b4,1777342796,0.63,2.0,no,"{""count_fp"":""2.00"",""created_time"":""2026-04-28T02:19:56.545117Z"",""no_price_dollars"":""0.3700"",""taker_side"":""no"",""ticker"":""KXETH15M-26APR272230-30"",""trade_id"":""7edff23d-b0e9-7f43-356c-e67748c112b4"",""yes_price_dollars"":""0.6300""}"
KXETH15M-26APR272230-30,7786014f-4916-6a85-09c3-e8e87be5f265,1777342798,0.64,4.0,no,"{""count_fp"":""4.00"",""created_time"":""2026-04-28T02:19:58.607405Z"",""no_price_dollars"":""0.3600"",""taker_side"":""no"",""ticker"":""KXETH15M-26APR272230-30"",""trade_id"":""7786014f-4916-6a85-09c3-e8e87be5f265"",""yes_price_dollars"":""0.6400""}"
KXETH15M-26APR272230-30,b2bd8b2b-711b-6d41-2c1f-75ded6b24e5f,1777342800,0.67,55.7,yes,"{""count_fp"":""55.70"",""created_time"":""2026-04-28T02:20:00.956922Z"",""no_price_dollars"":""0.3300"",""taker_side"":""yes"",""ticker"":""KXETH15M-26APR272230-30"",""trade_id"":""b2bd8b2b-711b-6d41-2c1f-75ded6b24e5f"",""yes_price_dollars"":""0.6700""}"
KXETH15M-26APR272230-30,5b3dad06-49cd-69fc-0022-b07b30e3f170,1777342800,0.67,10.0,yes,"{""count_fp"":""10.00"",""created_time"":""2026-04-28T02:20:00.956922Z"",""no_price_dollars"":""0.3300"",""taker_side"":""yes"",""ticker"":""KXETH15M-26APR272230-30"",""trade_id"":""5b3dad06-49cd-69fc-0022-b07b30e3f170"",""yes_price_dollars"":""0.6700""}"
KXETH15M-26APR272230-30,9aadf11e-e7cf-480d-005c-e2a122ae7c17,1777342801,0.67,36.0,yes,"{""count_fp"":""36.00"",""created_time"":""2026-04-28T02:20:01.191439Z"",""no_price_dollars"":""0.3300"",""taker_side"":""yes"",""ticker"":""KXETH15M-26APR272230-30"",""trade_id"":""9aadf11e-e7cf-480d-005c-e2a122ae7c17"",""yes_price_dollars"":""0.6700""}"
KXETH15M-26APR272230-30,e4d357ad-642f-7ae9-bad1-a64c13ea52f3,1777342801,0.67,3.0,yes,"{""count_fp"":""3.00"",""created_time"":""2026-04-28T02:20:01.033314Z"",""no_price_dollars"":""0.3300"",""taker_side"":""yes"",""ticker"":""KXETH15M-26APR272230-30"",""trade_id"":""e4d357ad-642f-7ae9-bad1-a64c13ea52f3"",""yes_price_dollars"":""0.6700""}"
KXETH15M-26APR272230-30,94c0fdc1-5eed-71b5-22ed-0ac2f95d8335,1777342803,0.65,1.0,yes,"{""count_fp"":""1.00"",""created_time"":""2026-04-28T02:20:03.819555Z"",""no_price_dollars"":""0.3500"",""taker_side"":""yes"",""ticker"":""KXETH15M-26APR272230-30"",""trade_id"":""94c0fdc1-5eed-71b5-22ed-0ac2f95d8335"",""yes_price_dollars"":""0.6500""}"
KXETH15M-26APR272230-30,4fa743b5-ad21-623c-17d8-34750e8aa07b,1777342809,0.64,1.0,no,"{""count_fp"":""1.00"",""created_time"":""2026-04-28T02:20:09.069525Z"",""no_price_dollars"":""0.3600"",""taker_side"":""no"",""ticker"":""KXETH15M-26APR272230-30"",""trade_id"":""4fa743b5-ad21-623c-17d8-34750e8aa07b"",""yes_price_dollars"":""0.6400""}"
KXETH15M-26APR272230-30,e81f9b1d-dfed-4c07-195f-a46ba5ffb001,1777342810,0.59,1.68,no,"{""count_fp"":""1.68"",""created_time"":""2026-04-28T02:20:10.322279Z"",""no_price_dollars"":""0.4100"",""taker_side"":""no"",""ticker"":""KXETH15M-26APR272230-30"",""trade_id"":""e81f9b1d-dfed-4c07-195f-a46ba5ffb001"",""yes_price_dollars"":""0.5900""}"
KXETH15M-26APR272230-30,a8010a89-8f61-44ac-3ab9-45905847ed4a,1777342810,0.59,1.0,no,"{""count_fp"":""1.00"",""created_time"":""2026-04-28T02:20:10.322279Z"",""no_price_dollars"":""0.4100"",""taker_side"":""no"",""ticker"":""KXETH15M-26APR272230-30"",""trade_id"":""a8010a89-8f61-44ac-3ab9-45905847ed4a"",""yes_price_dollars"":""0.5900""}"
KXETH15M-26APR272230-30,27b910ad-d919-6fab-5162-f3b1ac91fdf1,1777342811,0.59,3.0,no,"{""count_fp"":""3.00"",""created_time"":""2026-04-28T02:20:11.417909Z"",""no_price_dollars"":""0.4100"",""taker_side"":""no"",""ticker"":""KXETH15M-26APR272230-30"",""trade_id"":""27b910ad-d919-6fab-5162-f3b1ac91fdf1"",""yes_price_dollars"":""0.5900""}"
KXETH15M-26APR272230-30,1aed6b16-f04b-52d9-a8bc-69a1347e44ef,1777342812,0.63,1.27,yes,"{""count_fp"":""1.27"",""created_time"":""2026-04-28T02:20:12.302123Z"",""no_price_dollars"":""0.3700"",""taker_side"":""yes"",""ticker"":""KXETH15M-26APR272230-30"",""trade_id"":""1aed6b16-f04b-52d9-a8bc-69a1347e44ef"",""yes_price_dollars"":""0.6300""}"
KXETH15M-26APR272230-30,4f7fe970-46b7-650c-552e-51f2a979bcf9,1777342814,0.62,1.0,yes,"{""count_fp"":""1.00"",""created_time"":""2026-04-28T02:20:14.975858Z"",""no_price_dollars"":""0.3800"",""taker_side"":""yes"",""ticker"":""KXETH15M-26APR272230-30"",""trade_id"":""4f7fe970-46b7-650c-552e-51f2a979bcf9"",""yes_price_dollars"":""0.6200""}"
KXETH15M-26APR272230-30,9f8c9e61-e99d-6817-9a9b-7bded4df8195,1777342818,0.6,4.74,no,"{""count_fp"":""4.74"",""created_time"":""2026-04-28T02:20:18.379922Z"",""no_price_dollars"":""0.4000"",""taker_side"":""no"",""ticker"":""KXETH15M-26APR272230-30"",""trade_id"":""9f8c9e61-e99d-6817-9a9b-7bded4df8195"",""yes_price_dollars"":""0.6000""}"
KXETH15M-26APR272230-30,f9a0e90d-a9cd-6f0b-36f2-a465e93a9d85,1777342818,0.6,21.42,no,"{""count_fp"":""21.42"",""created_time"":""2026-04-28T02:20:18.359885Z"",""no_price_dollars"":""0.4000"",""taker_side"":""no"",""ticker"":""KXETH15M-26APR272230-30"",""trade_id"":""f9a0e90d-a9cd-6f0b-36f2-a465e93a9d85"",""yes_price_dollars"":""0.6000""}"
KXETH15M-26APR272230-30,2c1fc004-bc6a-64e5-3f80-b83d0ec7d9e9,1777342818,0.61,1.0,no,"{""count_fp"":""1.00"",""created_time"":""2026-04-28T02:20:18.359885Z"",""no_price_dollars"":""0.3900"",""taker_side"":""no"",""ticker"":""KXETH15M-26APR272230-30"",""trade_id"":""2c1fc004-bc6a-64e5-3f80-b83d0ec7d9e9"",""yes_price_dollars"":""0.6100""}"
KXETH15M-26APR272230-30,1c038231-0843-6c4c-29e1-c971700d9799,1777342818,0.6,1.0,no,"{""count_fp"":""1.00"",""created_time"":""2026-04-28T02:20:18.359885Z"",""no_price_dollars"":""0.4000"",""taker_side"":""no"",""ticker"":""KXETH15M-26APR272230-30"",""trade_id"":""1c038231-0843-6c4c-29e1-c971700d9799"",""yes_price_dollars"":""0.6000""}"
KXETH15M-26APR272230-30,a8c240b1-de05-7114-2544-c33baa82e2a7,1777342822,0.63,7.35,yes,"{""count_fp"":""7.35"",""created_time"":""2026-04-28T02:20:22.797633Z"",""no_price_dollars"":""0.3700"",""taker_side"":""yes"",""ticker"":""KXETH15M-26APR272230-30"",""trade_id"":""a8c240b1-de05-7114-2544-c33baa82e2a7"",""yes_price_dollars"":""0.6300""}"
KXETH15M-26APR272230-30,9f65af57-937f-7145-309c-7d2fd4e0b38f,1777342822,0.63,5.76,yes,"{""count_fp"":""5.76"",""created_time"":""2026-04-28T02:20:22.797633Z"",""no_price_dollars"":""0.3700"",""taker_side"":""yes"",""ticker"":""KXETH15M-26APR272230-30"",""trade_id"":""9f65af57-937f-7145-309c-7d2fd4e0b38f"",""yes_price_dollars"":""0.6300""}"
KXETH15M-26APR272230-30,8ee224ce-6388-7a8b-3e2c-8352e0d03fee,1777342822,0.63,10.0,yes,"{""count_fp"":""10.00"",""created_time"":""2026-04-28T02:20:22.797633Z"",""no_price_dollars"":""0.3700"",""taker_side"":""yes"",""ticker"":""KXETH15M-26APR272230-30"",""trade_id"":""8ee224ce-6388-7a8b-3e2c-8352e0d03fee"",""yes_price_dollars"":""0.6300""}"
KXETH15M-26APR272230-30,cb88ac63-cc8c-5818-a40e-db9a55f04b32,1777342825,0.59,1.0,no,"{""count_fp"":""1.00"",""created_time"":""2026-04-28T02:20:25.748592Z"",""no_price_dollars"":""0.4100"",""taker_side"":""no"",""ticker"":""KXETH15M-26APR272230-30"",""trade_id"":""cb88ac63-cc8c-5818-a40e-db9a55f04b32"",""yes_price_dollars"":""0.5900""}"
KXETH15M-26APR272230-30,6bd012d9-07fd-5edb-1bae-209ef3608bb1,1777342826,0.56,9.0,no,"{""count_fp"":""9.00"",""created_time"":""2026-04-28T02:20:26.956473Z"",""no_price_dollars"":""0.4400"",""taker_side"":""no"",""ticker"":""KXETH15M-26APR272230-30"",""trade_id"":""6bd012d9-07fd-5edb-1bae-209ef3608bb1"",""yes_price_dollars"":""0.5600""}"
KXETH15M-26APR272230-30,05967128-8a83-58a5-0f0b-ee9086c1229f,1777342826,0.57,1.0,no,"{""count_fp"":""1.00"",""created_time"":""2026-04-28T02:20:26.956473Z"",""no_price_dollars"":""0.4300"",""taker_side"":""no"",""ticker"":""KXETH15M-26APR272230-30"",""trade_id"":""05967128-8a83-58a5-0f0b-ee9086c1229f"",""yes_price_dollars"":""0.5700""}"
KXETH15M-26APR272230-30,7e4fa0ca-2daf-7ae5-791e-bebc2e8f21b3,1777342826,0.57,9.0,no,"{""count_fp"":""9.00"",""created_time"":""2026-04-28T02:20:26.938505Z"",""no_price_dollars"":""0.4300"",""taker_side"":""no"",""ticker"":""KXETH15M-26APR272230-30"",""trade_id"":""7e4fa0ca-2daf-7ae5-791e-bebc2e8f21b3"",""yes_price_dollars"":""0.5700""}"
KXETH15M-26APR272230-30,116cb858-6eee-7341-6533-09ca81d425f5,1777342826,0.58,1.0,no,"{""count_fp"":""1.00"",""created_time"":""2026-04-28T02:20:26.938505Z"",""no_price_dollars"":""0.4200"",""taker_side"":""no"",""ticker"":""KXETH15M-26APR272230-30"",""trade_id"":""116cb858-6eee-7341-6533-09ca81d425f5"",""yes_price_dollars"":""0.5800""}"
KXETH15M-26APR272230-30,f5f9ce9c-239d-71ca-97f4-eeb941418042,1777342828,0.52,10.0,yes,"{""count_fp"":""10.00"",""created_time"":""2026-04-28T02:20:28.210662Z"",""no_price_dollars"":""0.4800"",""taker_side"":""yes"",""ticker"":""KXETH15M-26APR272230-30"",""trade_id"":""f5f9ce9c-239d-71ca-97f4-eeb941418042"",""yes_price_dollars"":""0.5200""}"
KXETH15M-26APR272230-30,1cd252fb-76e8-51e5-ee30-4fa8c624949d,1777342831,0.51,5.0,yes,"{""count_fp"":""5.00"",""created_time"":""2026-04-28T02:20:31.990117Z"",""no_price_dollars"":""0.4900"",""taker_side"":""yes"",""ticker"":""KXETH15M-26APR272230-30"",""trade_id"":""1cd252fb-76e8-51e5-ee30-4fa8c624949d"",""yes_price_dollars"":""0.5100""}"
KXETH15M-26APR272230-30,5524ad4b-dfc0-7790-b92b-49a3507c3ed7,1777342831,0.51,10.0,no,"{""count_fp"":""10.00"",""created_time"":""2026-04-28T02:20:31.037436Z"",""no_price_dollars"":""0.4900"",""taker_side"":""no"",""ticker"":""KXETH15M-26APR272230-30"",""trade_id"":""5524ad4b-dfc0-7790-b92b-49a3507c3ed7"",""yes_price_dollars"":""0.5100""}"
KXETH15M-26APR272230-30,00f5b538-9496-7160-8ff4-8928a1be07ec,1777342831,0.52,1.0,no,"{""count_fp"":""1.00"",""created_time"":""2026-04-28T02:20:31.037436Z"",""no_price_dollars"":""0.4800"",""taker_side"":""no"",""ticker"":""KXETH15M-26APR272230-30"",""trade_id"":""00f5b538-9496-7160-8ff4-8928a1be07ec"",""yes_price_dollars"":""0.5200""}"
KXETH15M-26APR272230-30,c17036c2-8597-7e45-79ac-faa6680fb8cb,1777342832,0.51,5.0,yes,"{""count_fp"":""5.00"",""created_time"":""2026-04-28T02:20:32.215858Z"",""no_price_dollars"":""0.4900"",""taker_side"":""yes"",""ticker"":""KXETH15M-26APR272230-30"",""trade_id"":""c17036c2-8597-7e45-79ac-faa6680fb8cb"",""yes_price_dollars"":""0.5100""}"
KXETH15M-26APR272230-30,8adecc15-ddbf-4241-15aa-daa0c0fda5b3,1777342832,0.51,59.0,yes,"{""count_fp"":""59.00"",""created_time"":""2026-04-28T02:20:32.128372Z"",""no_price_dollars"":""0.4900"",""taker_side"":""yes"",""ticker"":""KXETH15M-26APR272230-30"",""trade_id"":""8adecc15-ddbf-4241-15aa-daa0c0fda5b3"",""yes_price_dollars"":""0.5100""}"
KXETH15M-26APR272230-30,ee271b95-f21b-4805-8c26-5711d276779b,1777342835,0.51,8.0,yes,"{""count_fp"":""8.00"",""created_time"":""2026-04-28T02:20:35.911196Z"",""no_price_dollars"":""0.4900"",""taker_side"":""yes"",""ticker"":""KXETH15M-26APR272230-30"",""trade_id"":""ee271b95-f21b-4805-8c26-5711d276779b"",""yes_price_dollars"":""0.5100""}"
KXETH15M-26APR272230-30,2daef6b8-8da3-4126-851d-798b11532730,1777342835,0.5,10.0,yes,"{""count_fp"":""10.00"",""created_time"":""2026-04-28T02:20:35.911196Z"",""no_price_dollars"":""0.5000"",""taker_side"":""yes"",""ticker"":""KXETH15M-26APR272230-30"",""trade_id"":""2daef6b8-8da3-4126-851d-798b11532730"",""yes_price_dollars"":""0.5000""}"
KXETH15M-26APR272230-30,e60a4deb-884e-7d3b-ab75-d2c456e7a4dd,1777342838,0.5,3.01,no,"{""count_fp"":""3.01"",""created_time"":""2026-04-28T02:20:38.528953Z"",""no_price_dollars"":""0.5000"",""taker_side"":""no"",""ticker"":""KXETH15M-26APR272230-30"",""trade_id"":""e60a4deb-884e-7d3b-ab75-d2c456e7a4dd"",""yes_price_dollars"":""0.5000""}"
KXETH15M-26APR272230-30,f7dc7642-f2b7-644d-4524-8824c5cd53cf,1777342839,0.52,1.0,yes,"{""count_fp"":""1.00"",""created_time"":""2026-04-28T02:20:39.973819Z"",""no_price_dollars"":""0.4800"",""taker_side"":""yes"",""ticker"":""KXETH15M-26APR272230-30"",""trade_id"":""f7dc7642-f2b7-644d-4524-8824c5cd53cf"",""yes_price_dollars"":""0.5200""}"
KXETH15M-26APR272230-30,97ae2b0e-5c3b-69c1-5a2f-938e4fcfbdcf,1777342839,0.52,98.71,yes,"{""count_fp"":""98.71"",""created_time"":""2026-04-28T02:20:39.147078Z"",""no_price_dollars"":""0.4800"",""taker_side"":""yes"",""ticker"":""KXETH15M-26APR272230-30"",""trade_id"":""97ae2b0e-5c3b-69c1-5a2f-938e4fcfbdcf"",""yes_price_dollars"":""0.5200""}"
KXETH15M-26APR272230-30,c0a8caff-268d-63fa-75b2-6328ad64fc84,1777342844,0.51,3.01,yes,"{""count_fp"":""3.01"",""created_time"":""2026-04-28T02:20:44.170217Z"",""no_price_dollars"":""0.4900"",""taker_side"":""yes"",""ticker"":""KXETH15M-26APR272230-30"",""trade_id"":""c0a8caff-268d-63fa-75b2-6328ad64fc84"",""yes_price_dollars"":""0.5100""}"
KXETH15M-26APR272230-30,135d14d0-d3c7-6645-7bf9-ddea8f4cc607,1777342844,0.52,3.99,yes,"{""count_fp"":""3.99"",""created_time"":""2026-04-28T02:20:44.170217Z"",""no_price_dollars"":""0.4800"",""taker_side"":""yes"",""ticker"":""KXETH15M-26APR272230-30"",""trade_id"":""135d14d0-d3c7-6645-7bf9-ddea8f4cc607"",""yes_price_dollars"":""0.5200""}"
KXETH15M-26APR272230-30,729e82b5-d007-4151-da0c-acf3879c2aa0,1777342846,0.49,8.0,no,"{""count_fp"":""8.00"",""created_time"":""2026-04-28T02:20:46.254149Z"",""no_price_dollars"":""0.5100"",""taker_side"":""no"",""ticker"":""KXETH15M-26APR272230-30"",""trade_id"":""729e82b5-d007-4151-da0c-acf3879c2aa0"",""yes_price_dollars"":""0.4900""}"
KXETH15M-26APR272230-30,99e91ec9-7eb1-6507-c2e4-4f413aa9445d,1777342849,0.51,88.91,no,"{""count_fp"":""88.91"",""created_time"":""2026-04-28T02:20:49.170134Z"",""no_price_dollars"":""0.4900"",""taker_side"":""no"",""ticker"":""KXETH15M-26APR272230-30"",""trade_id"":""99e91ec9-7eb1-6507-c2e4-4f413aa9445d"",""yes_price_dollars"":""0.5100""}"
KXETH15M-26APR272230-30,0d5cbffe-78f8-6431-e104-8d09e6fac8e9,1777342849,0.51,9.61,no,"{""count_fp"":""9.61"",""created_time"":""2026-04-28T02:20:49.170134Z"",""no_price_dollars"":""0.4900"",""taker_side"":""no"",""ticker"":""KXETH15M-26APR272230-30"",""trade_id"":""0d5cbffe-78f8-6431-e104-8d09e6fac8e9"",""yes_price_dollars"":""0.5100""}"
KXETH15M-26APR272230-30,149ba700-e004-7909-0391-8320c4bcccb9,1777342849,0.51,0.39,no,"{""count_fp"":""0.39"",""created_time"":""2026-04-28T02:20:49.147071Z"",""no_price_dollars"":""0.4900"",""taker_side"":""no"",""ticker"":""KXETH15M-26APR272230-30"",""trade_id"":""149ba700-e004-7909-0391-8320c4bcccb9"",""yes_price_dollars"":""0.5100""}"
KXETH15M-26APR272230-30,c31d0e60-773c-6454-60b6-a9adbc9f2792,1777342850,0.56,10.0,yes,"{""count_fp"":""10.00"",""created_time"":""2026-04-28T02:20:50.796703Z"",""no_price_dollars"":""0.4400"",""taker_side"":""yes"",""ticker"":""KXETH15M-26APR272230-30"",""trade_id"":""c31d0e60-773c-6454-60b6-a9adbc9f2792"",""yes_price_dollars"":""0.5600""}"
KXETH15M-26APR272230-30,b7ad37b6-c970-6294-6fb8-05bafab9ee0a,1777342850,0.54,10.0,yes,"{""count_fp"":""10.00"",""created_time"":""2026-04-28T02:20:50.796703Z"",""no_price_dollars"":""0.4600"",""taker_side"":""yes"",""ticker"":""KXETH15M-26APR272230-30"",""trade_id"":""b7ad37b6-c970-6294-6fb8-05bafab9ee0a"",""yes_price_dollars"":""0.5400""}"
KXETH15M-26APR272230-30,61e6339c-6f75-6f64-6a9a-d05c4c648c19,1777342850,0.54,5.0,yes,"{""count_fp"":""5.00"",""created_time"":""2026-04-28T02:20:50.796703Z"",""no_price_dollars"":""0.4600"",""taker_side"":""yes"",""ticker"":""KXETH15M-26APR272230-30"",""trade_id"":""61e6339c-6f75-6f64-6a9a-d05c4c648c19"",""yes_price_dollars"":""0.5400""}"
KXETH15M-26APR272230-30,43a26e8f-af47-6bdd-6edc-1c64189d682e,1777342850,0.56,5.0,yes,"{""count_fp"":""5.00"",""created_time"":""2026-04-28T02:20:50.796703Z"",""no_price_dollars"":""0.4400"",""taker_side"":""yes"",""ticker"":""KXETH15M-26APR272230-30"",""trade_id"":""43a26e8f-af47-6bdd-6edc-1c64189d682e"",""yes_price_dollars"":""0.5600""}"
KXETH15M-26APR272230-30,120a4b6d-8f09-64a9-77d4-ac3282b64548,1777342850,0.57,5.23,yes,"{""count_fp"":""5.23"",""created_time"":""2026-04-28T02:20:50.796703Z"",""no_price_dollars"":""0.4300"",""taker_side"":""yes"",""ticker"":""KXETH15M-26APR272230-30"",""trade_id"":""120a4b6d-8f09-64a9-77d4-ac3282b64548"",""yes_price_dollars"":""0.5700""}"
KXETH15M-26APR272230-30,acc45510-3318-6382-1699-3fb5bc59d847,1777342853,0.53,0.51,no,"{""count_fp"":""0.51"",""created_time"":""2026-04-28T02:20:53.564027Z"",""no_price_dollars"":""0.4700"",""taker_side"":""no"",""ticker"":""KXETH15M-26APR272230-30"",""trade_id"":""acc45510-3318-6382-1699-3fb5bc59d847"",""yes_price_dollars"":""0.5300""}"
KXETH15M-26APR272230-30,d317acdc-bb04-40d7-c33f-0bb1734bf99a,1777342854,0.54,1.79,yes,"{""count_fp"":""1.79"",""created_time"":""2026-04-28T02:20:54.694323Z"",""no_price_dollars"":""0.4600"",""taker_side"":""yes"",""ticker"":""KXETH15M-26APR272230-30"",""trade_id"":""d317acdc-bb04-40d7-c33f-0bb1734bf99a"",""yes_price_dollars"":""0.5400""}"
KXETH15M-26APR272230-30,dc5bf74b-f018-4b9a-f263-ca216c6f8133,1777342854,0.53,41.03,no,"{""count_fp"":""41.03"",""created_time"":""2026-04-28T02:20:54.502502Z"",""no_price_dollars"":""0.4700"",""taker_side"":""no"",""ticker"":""KXETH15M-26APR272230-30"",""trade_id"":""dc5bf74b-f018-4b9a-f263-ca216c6f8133"",""yes_price_dollars"":""0.5300""}"
KXETH15M-26APR272230-30,0400a403-af40-71d3-487e-fc0013771b0a,1777342854,0.54,1.0,yes,"{""count_fp"":""1.00"",""created_time"":""2026-04-28T02:20:54.202238Z"",""no_price_dollars"":""0.4600"",""taker_side"":""yes"",""ticker"":""KXETH15M-26APR272230-30"",""trade_id"":""0400a403-af40-71d3-487e-fc0013771b0a"",""yes_price_dollars"":""0.5400""}"
KXETH15M-26APR272230-30,c1341764-8a94-56bf-26ca-6552f421ffb6,1777342855,0.54,2.21,yes,"{""count_fp"":""2.21"",""created_time"":""2026-04-28T02:20:55.620333Z"",""no_price_dollars"":""0.4600"",""taker_side"":""yes"",""ticker"":""KXETH15M-26APR272230-30"",""trade_id"":""c1341764-8a94-56bf-26ca-6552f421ffb6"",""yes_price_dollars"":""0.5400""}"
KXETH15M-26APR272230-30,ae33e8c6-7b80-5a8b-063a-6958c4e8cb0e,1777342855,0.56,0.1,yes,"{""count_fp"":""0.10"",""created_time"":""2026-04-28T02:20:55.620333Z"",""no_price_dollars"":""0.4400"",""taker_side"":""yes"",""ticker"":""KXETH15M-26APR272230-30"",""trade_id"":""ae33e8c6-7b80-5a8b-063a-6958c4e8cb0e"",""yes_price_dollars"":""0.5600""}"
KXETH15M-26APR272230-30,d4e0030c-91ab-716a-0872-abdbd1b12ca4,1777342862,0.56,10.0,yes,"{""count_fp"":""10.00"",""created_time"":""2026-04-28T02:21:02.351545Z"",""no_price_dollars"":""0.4400"",""taker_side"":""yes"",""ticker"":""KXETH15M-26APR272230-30"",""trade_id"":""d4e0030c-91ab-716a-0872-abdbd1b12ca4"",""yes_price_dollars"":""0.5600""}"
KXETH15M-26APR272230-30,a823c2c7-d0d6-72ca-1ee5-a91c69e473f5,1777342862,0.56,5.0,yes,"{""count_fp"":""5.00"",""created_time"":""2026-04-28T02:21:02.351545Z"",""no_price_dollars"":""0.4400"",""taker_side"":""yes"",""ticker"":""KXETH15M-26APR272230-30"",""trade_id"":""a823c2c7-d0d6-72ca-1ee5-a91c69e473f5"",""yes_price_dollars"":""0.5600""}"
KXETH15M-26APR272230-30,72fd6c9f-6b51-7fb6-0c19-b64f75624b91,1777342862,0.58,5.0,yes,"{""count_fp"":""5.00"",""created_time"":""2026-04-28T02:21:02.351545Z"",""no_price_dollars"":""0.4200"",""taker_side"":""yes"",""ticker"":""KXETH15M-26APR272230-30"",""trade_id"":""72fd6c9f-6b51-7fb6-0c19-b64f75624b91"",""yes_price_dollars"":""0.5800""}"
KXETH15M-26APR272230-30,4ddcd433-aa5d-700d-0ba6-1aaa55c24d68,1777342862,0.58,12.12,yes,"{""count_fp"":""12.12"",""created_time"":""2026-04-28T02:21:02.351545Z"",""no_price_dollars"":""0.4200"",""taker_side"":""yes"",""ticker"":""KXETH15M-26APR272230-30"",""trade_id"":""4ddcd433-aa5d-700d-0ba6-1aaa55c24d68"",""yes_price_dollars"":""0.5800""}"
KXETH15M-26APR272230-30,00dcaf03-adec-751a-3f08-043751542c12,1777342862,0.56,10.0,yes,"{""count_fp"":""10.00"",""created_time"":""2026-04-28T02:21:02.351545Z"",""no_price_dollars"":""0.4400"",""taker_side"":""yes"",""ticker"":""KXETH15M-26APR272230-30"",""trade_id"":""00dcaf03-adec-751a-3f08-043751542c12"",""yes_price_dollars"":""0.5600""}"
KXETH15M-26APR272230-30,bc31a7dd-5215-5d39-e121-13fbbeb952db,1777342863,0.63,0.92,yes,"{""count_fp"":""0.92"",""created_time"":""2026-04-28T02:21:03.486804Z"",""no_price_dollars"":""0.3700"",""taker_side"":""yes"",""ticker"":""KXETH15M-26APR272230-30"",""trade_id"":""bc31a7dd-5215-5d39-e121-13fbbeb952db"",""yes_price_dollars"":""0.6300""}"
KXETH15M-26APR272230-30,ce327811-f97e-42a6-be1b-cc1648af199e,1777342864,0.65,1.0,yes,"{""count_fp"":""1.00"",""created_time"":""2026-04-28T02:21:04.561378Z"",""no_price_dollars"":""0.3500"",""taker_side"":""yes"",""ticker"":""KXETH15M-26APR272230-30"",""trade_id"":""ce327811-f97e-42a6-be1b-cc1648af199e"",""yes_price_dollars"":""0.6500""}"
KXETH15M-26APR272230-30,74c92be0-aaf2-4a77-bb68-77d93e1eba18,1777342864,0.64,2.0,yes,"{""count_fp"":""2.00"",""created_time"":""2026-04-28T02:21:04.561378Z"",""no_price_dollars"":""0.3600"",""taker_side"":""yes"",""ticker"":""KXETH15M-26APR272230-30"",""trade_id"":""74c92be0-aaf2-4a77-bb68-77d93e1eba18"",""yes_price_dollars"":""0.6400""}"
KXETH15M-26APR272230-30,6a6a90a3-5fbb-4043-a34d-a865e5aa7715,1777342864,0.64,2.0,yes,"{""count_fp"":""2.00"",""created_time"":""2026-04-28T02:21:04.561378Z"",""no_price_dollars"":""0.3600"",""taker_side"":""yes"",""ticker"":""KXETH15M-26APR272230-30"",""trade_id"":""6a6a90a3-5fbb-4043-a34d-a865e5aa7715"",""yes_price_dollars"":""0.6400""}"
KXETH15M-26APR272230-30,7ded5211-30e0-47c6-ad28-1b27bedbac4b,1777342864,0.61,0.41,no,"{""count_fp"":""0.41"",""created_time"":""2026-04-28T02:21:04.230957Z"",""no_price_dollars"":""0.3900"",""taker_side"":""no"",""ticker"":""KXETH15M-26APR272230-30"",""trade_id"":""7ded5211-30e0-47c6-ad28-1b27bedbac4b"",""yes_price_dollars"":""0.6100""}"
KXETH15M-26APR272230-30,4b21707e-17c0-7d02-4000-046f42e6487f,1777342865,0.61,48.0,no,"{""count_fp"":""48.00"",""created_time"":""2026-04-28T02:21:05.825881Z"",""no_price_dollars"":""0.3900"",""taker_side"":""no"",""ticker"":""KXETH15M-26APR272230-30"",""trade_id"":""4b21707e-17c0-7d02-4000-046f42e6487f"",""yes_price_dollars"":""0.6100""}"
KXETH15M-26APR272230-30,13a9bec4-0528-67b9-499e-0b69b8115041,1777342865,0.64,0.15,yes,"{""count_fp"":""0.15"",""created_time"":""2026-04-28T02:21:05.553035Z"",""no_price_dollars"":""0.3600"",""taker_side"":""yes"",""ticker"":""KXETH15M-26APR272230-30"",""trade_id"":""13a9bec4-0528-67b9-499e-0b69b8115041"",""yes_price_dollars"":""0.6400""}"
KXETH15M-26APR272230-30,b700aece-6666-43d6-8705-054495cebd9a,1777342866,0.65,1.0,yes,"{""count_fp"":""1.00"",""created_time"":""2026-04-28T02:21:06.622906Z"",""no_price_dollars"":""0.3500"",""taker_side"":""yes"",""ticker"":""KXETH15M-26APR272230-30"",""trade_id"":""b700aece-6666-43d6-8705-054495cebd9a"",""yes_price_dollars"":""0.6500""}"
KXETH15M-26APR272230-30,73688ad4-1067-4502-8bcd-a40ac7a7eff2,1777342866,0.66,9.0,yes,"{""count_fp"":""9.00"",""created_time"":""2026-04-28T02:21:06.622906Z"",""no_price_dollars"":""0.3400"",""taker_side"":""yes"",""ticker"":""KXETH15M-26APR272230-30"",""trade_id"":""73688ad4-1067-4502-8bcd-a40ac7a7eff2"",""yes_price_dollars"":""0.6600""}"
KXETH15M-26APR272230-30,feb730f2-f5c6-75bf-72fd-37e5a4d99d5f,1777342869,0.66,1.0,yes,"{""count_fp"":""1.00"",""created_time"":""2026-04-28T02:21:09.484958Z"",""no_price_dollars"":""0.3400"",""taker_side"":""yes"",""ticker"":""KXETH15M-26APR272230-30"",""trade_id"":""feb730f2-f5c6-75bf-72fd-37e5a4d99d5f"",""yes_price_dollars"":""0.6600""}"
KXETH15M-26APR272230-30,0ef66e62-987c-4f22-cf9f-4584c196cb7b,1777342871,0.63,4.0,no,"{""count_fp"":""4.00"",""created_time"":""2026-04-28T02:21:11.648017Z"",""no_price_dollars"":""0.3700"",""taker_side"":""no"",""ticker"":""KXETH15M-26APR272230-30"",""trade_id"":""0ef66e62-987c-4f22-cf9f-4584c196cb7b"",""yes_price_dollars"":""0.6300""}"
KXETH15M-26APR272230-30,adb8b1a2-05fb-7390-2ef0-35e5cc7404ec,1777342873,0.64,2.94,no,"{""count_fp"":""2.94"",""created_time"":""2026-04-28T02:21:13.704262Z"",""no_price_dollars"":""0.3600"",""taker_side"":""no"",""ticker"":""KXETH15M-26APR272230-30"",""trade_id"":""adb8b1a2-05fb-7390-2ef0-35e5cc7404ec"",""yes_price_dollars"":""0.6400""}"
KXETH15M-26APR272230-30,a270ec7e-58ba-7c70-038f-0e161ec3d34a,1777342873,0.64,10.0,no,"{""count_fp"":""10.00"",""created_time"":""2026-04-28T02:21:13.704262Z"",""no_price_dollars"":""0.3600"",""taker_side"":""no"",""ticker"":""KXETH15M-26APR272230-30"",""trade_id"":""a270ec7e-58ba-7c70-038f-0e161ec3d34a"",""yes_price_dollars"":""0.6400""}"
KXETH15M-26APR272230-30,954e66ce-bba0-5bbe-f8f6-c27b8ec3d19f,1777342877,0.62,5.79,no,"{""count_fp"":""5.79"",""created_time"":""2026-04-28T02:21:17.814845Z"",""no_price_dollars"":""0.3800"",""taker_side"":""no"",""ticker"":""KXETH15M-26APR272230-30"",""trade_id"":""954e66ce-bba0-5bbe-f8f6-c27b8ec3d19f"",""yes_price_dollars"":""0.6200""}"
KXETH15M-26APR272230-30,d3dae798-5970-59f2-29a5-234aeef75b1d,1777342877,0.63,7.76,no,"{""count_fp"":""7.76"",""created_time"":""2026-04-28T02:21:17.521725Z"",""no_price_dollars"":""0.3700"",""taker_side"":""no"",""ticker"":""KXETH15M-26APR272230-30"",""trade_id"":""d3dae798-5970-59f2-29a5-234aeef75b1d"",""yes_price_dollars"":""0.6300""}"
KXETH15M-26APR272230-30,0046358c-5574-5566-8220-91371d2d0c7f,1777342878,0.62,3.0,no,"{""count_fp"":""3.00"",""created_time"":""2026-04-28T02:21:18.761187Z"",""no_price_dollars"":""0.3800"",""taker_side"":""no"",""ticker"":""KXETH15M-26APR272230-30"",""trade_id"":""0046358c-5574-5566-8220-91371d2d0c7f"",""yes_price_dollars"":""0.6200""}"
KXETH15M-26APR272230-30,a66ac3f6-4c11-7ee1-ab66-03b6f4e42d99,1777342882,0.66,1.47,yes,"{""count_fp"":""1.47"",""created_time"":""2026-04-28T02:21:22.908423Z"",""no_price_dollars"":""0.3400"",""taker_side"":""yes"",""ticker"":""KXETH15M-26APR272230-30"",""trade_id"":""a66ac3f6-4c11-7ee1-ab66-03b6f4e42d99"",""yes_price_dollars"":""0.6600""}"
KXETH15M-26APR272230-30,93595436-62b8-49ff-72f4-a7d06b7a8f3b,1777342883,0.66,0.64,yes,"{""count_fp"":""0.64"",""created_time"":""2026-04-28T02:21:23.606173Z"",""no_price_dollars"":""0.3400"",""taker_side"":""yes"",""ticker"":""KXETH15M-26APR272230-30"",""trade_id"":""93595436-62b8-49ff-72f4-a7d06b7a8f3b"",""yes_price_dollars"":""0.6600""}"
KXETH15M-26APR272230-30,fd0d0f68-894d-749d-df4f-e61c2810bae1,1777342883,0.66,7.64,yes,"{""count_fp"":""7.64"",""created_time"":""2026-04-28T02:21:23.604553Z"",""no_price_dollars"":""0.3400"",""taker_side"":""yes"",""ticker"":""KXETH15M-26APR272230-30"",""trade_id"":""fd0d0f68-894d-749d-df4f-e61c2810bae1"",""yes_price_dollars"":""0.6600""}"
KXETH15M-26APR272230-30,d3f0c199-3750-7413-e9b6-62bff0d07cd3,1777342883,0.66,9.36,yes,"{""count_fp"":""9.36"",""created_time"":""2026-04-28T02:21:23.604553Z"",""no_price_dollars"":""0.3400"",""taker_side"":""yes"",""ticker"":""KXETH15M-26APR272230-30"",""trade_id"":""d3f0c199-3750-7413-e9b6-62bff0d07cd3"",""yes_price_dollars"":""0.6600""}"
KXETH15M-26APR272230-30,f8057794-6254-4935-fca2-621bd2e269d0,1777342884,0.69,53.0,yes,"{""count_fp"":""53.00"",""created_time"":""2026-04-28T02:21:24.802535Z"",""no_price_dollars"":""0.3100"",""taker_side"":""yes"",""ticker"":""KXETH15M-26APR272230-30"",""trade_id"":""f8057794-6254-4935-fca2-621bd2e269d0"",""yes_price_dollars"":""0.6900""}"
KXETH15M-26APR272230-30,35bbd407-170d-5e40-8298-5434a0ec393a,1777342884,0.66,0.26,no,"{""count_fp"":""0.26"",""created_time"":""2026-04-28T02:21:24.141597Z"",""no_price_dollars"":""0.3400"",""taker_side"":""no"",""ticker"":""KXETH15M-26APR272230-30"",""trade_id"":""35bbd407-170d-5e40-8298-5434a0ec393a"",""yes_price_dollars"":""0.6600""}"
KXETH15M-26APR272230-30,bd9195a9-aef9-531d-4b1d-5054641b6793,1777342885,0.73,10.0,yes,"{""count_fp"":""10.00"",""created_time"":""2026-04-28T02:21:25.416062Z"",""no_price_dollars"":""0.2700"",""taker_side"":""yes"",""ticker"":""KXETH15M-26APR272230-30"",""trade_id"":""bd9195a9-aef9-531d-4b1d-5054641b6793"",""yes_price_dollars"":""0.7300""}"
KXETH15M-26APR272230-30,46861de4-d580-6b1b-8fc0-56a7de73ca12,1777342886,0.7,5.04,no,"{""count_fp"":""5.04"",""created_time"":""2026-04-28T02:21:26.194117Z"",""no_price_dollars"":""0.3000"",""taker_side"":""no"",""ticker"":""KXETH15M-26APR272230-30"",""trade_id"":""46861de4-d580-6b1b-8fc0-56a7de73ca12"",""yes_price_dollars"":""0.7000""}"
KXETH15M-26APR272230-30,e004ef50-3d8c-4ff6-7c5f-20ab1ef4d5cb,1777342888,0.71,5.0,no,"{""count_fp"":""5.00"",""created_time"":""2026-04-28T02:21:28.925315Z"",""no_price_dollars"":""0.2900"",""taker_side"":""no"",""ticker"":""KXETH15M-26APR272230-30"",""trade_id"":""e004ef50-3d8c-4ff6-7c5f-20ab1ef4d5cb"",""yes_price_dollars"":""0.7100""}"
KXETH15M-26APR272230-30,109bf9b5-a414-485a-1652-e58243f43dd3,1777342888,0.71,5.0,no,"{""count_fp"":""5.00"",""created_time"":""2026-04-28T02:21:28.503703Z"",""no_price_dollars"":""0.2900"",""taker_side"":""no"",""ticker"":""KXETH15M-26APR272230-30"",""trade_id"":""109bf9b5-a414-485a-1652-e58243f43dd3"",""yes_price_dollars"":""0.7100""}"
KXETH15M-26APR272230-30,86a5c130-50b0-76f0-63f6-3c9dfcdcd796,1777342888,0.71,5.0,no,"{""count_fp"":""5.00"",""created_time"":""2026-04-28T02:21:28.426967Z"",""no_price_dollars"":""0.2900"",""taker_side"":""no"",""ticker"":""KXETH15M-26APR272230-30"",""trade_id"":""86a5c130-50b0-76f0-63f6-3c9dfcdcd796"",""yes_price_dollars"":""0.7100""}"
KXETH15M-26APR272230-30,16ca5e84-766c-4130-1531-c19a183cfc46,1777342888,0.71,5.0,no,"{""count_fp"":""5.00"",""created_time"":""2026-04-28T02:21:28.404875Z"",""no_price_dollars"":""0.2900"",""taker_side"":""no"",""ticker"":""KXETH15M-26APR272230-30"",""trade_id"":""16ca5e84-766c-4130-1531-c19a183cfc46"",""yes_price_dollars"":""0.7100""}"
KXETH15M-26APR272230-30,42b2339d-94c0-7d6e-69f7-39f29910b793,1777342889,0.71,5.0,no,"{""count_fp"":""5.00"",""created_time"":""2026-04-28T02:21:29.078293Z"",""no_price_dollars"":""0.2900"",""taker_side"":""no"",""ticker"":""KXETH15M-26APR272230-30"",""trade_id"":""42b2339d-94c0-7d6e-69f7-39f29910b793"",""yes_price_dollars"":""0.7100""}"
KXETH15M-26APR272230-30,9a5616cc-989b-59d3-20b7-6ac219332a2f,1777342891,0.72,2.0,no,"{""count_fp"":""2.00"",""created_time"":""2026-04-28T02:21:31.573021Z"",""no_price_dollars"":""0.2800"",""taker_side"":""no"",""ticker"":""KXETH15M-26APR272230-30"",""trade_id"":""9a5616cc-989b-59d3-20b7-6ac219332a2f"",""yes_price_dollars"":""0.7200""}"
KXETH15M-26APR272230-30,ad884fa4-a6f4-56db-bc82-3886f6768899,1777342891,0.75,4.74,yes,"{""count_fp"":""4.74"",""created_time"":""2026-04-28T02:21:31.406716Z"",""no_price_dollars"":""0.2500"",""taker_side"":""yes"",""ticker"":""KXETH15M-26APR272230-30"",""trade_id"":""ad884fa4-a6f4-56db-bc82-3886f6768899"",""yes_price_dollars"":""0.7500""}"
KXETH15M-26APR272230-30,649daa96-9f9c-69ce-9f25-a49888d4c737,1777342892,0.71,5.0,no,"{""count_fp"":""5.00"",""created_time"":""2026-04-28T02:21:32.768538Z"",""no_price_dollars"":""0.2900"",""taker_side"":""no"",""ticker"":""KXETH15M-26APR272230-30"",""trade_id"":""649daa96-9f9c-69ce-9f25-a49888d4c737"",""yes_price_dollars"":""0.7100""}"
KXETH15M-26APR272230-30,37e15085-8070-43f6-64cc-3bff88aa6edf,1777342892,0.71,5.0,no,"{""count_fp"":""5.00"",""created_time"":""2026-04-28T02:21:32.520352Z"",""no_price_dollars"":""0.2900"",""taker_side"":""no"",""ticker"":""KXETH15M-26APR272230-30"",""trade_id"":""37e15085-8070-43f6-64cc-3bff88aa6edf"",""yes_price_dollars"":""0.7100""}"
KXETH15M-26APR272230-30,f2efd74f-0de4-595a-0d0d-fd83a9c44a0f,1777342892,0.71,6.57,no,"{""count_fp"":""6.57"",""created_time"":""2026-04-28T02:21:32.232433Z"",""no_price_dollars"":""0.2900"",""taker_side"":""no"",""ticker"":""KXETH15M-26APR272230-30"",""trade_id"":""f2efd74f-0de4-595a-0d0d-fd83a9c44a0f"",""yes_price_dollars"":""0.7100""}"
KXETH15M-26APR272230-30,7ff4f40e-ff9c-45f9-edaf-46e6a69d3665,1777342893,0.75,10.0,yes,"{""count_fp"":""10.00"",""created_time"":""2026-04-28T02:21:33.440062Z"",""no_price_dollars"":""0.2500"",""taker_side"":""yes"",""ticker"":""KXETH15M-26APR272230-30"",""trade_id"":""7ff4f40e-ff9c-45f9-edaf-46e6a69d3665"",""yes_price_dollars"":""0.7500""}"
KXETH15M-26APR272230-30,3397ed08-066f-4871-e8af-b7ef3fe473db,1777342893,0.75,30.0,yes,"{""count_fp"":""30.00"",""created_time"":""2026-04-28T02:21:33.440062Z"",""no_price_dollars"":""0.2500"",""taker_side"":""yes"",""ticker"":""KXETH15M-26APR272230-30"",""trade_id"":""3397ed08-066f-4871-e8af-b7ef3fe473db"",""yes_price_dollars"":""0.7500""}"
KXETH15M-26APR272230-30,12097855-ea2b-49a5-0ab6-00665e7f2733,1777342894,0.75,1.31,yes,"{""count_fp"":""1.31"",""created_time"":""2026-04-28T02:21:34.587505Z"",""no_price_dollars"":""0.2500"",""taker_side"":""yes"",""ticker"":""KXETH15M-26APR272230-30"",""trade_id"":""12097855-ea2b-49a5-0ab6-00665e7f2733"",""yes_price_dollars"":""0.7500""}"
KXETH15M-26APR272230-30,eff17e01-fc77-79e5-73f9-2a6e6da86b73,1777342895,0.75,0.8,yes,"{""count_fp"":""0.80"",""created_time"":""2026-04-28T02:21:35.160045Z"",""no_price_dollars"":""0.2500"",""taker_side"":""yes"",""ticker"":""KXETH15M-26APR272230-30"",""trade_id"":""eff17e01-fc77-79e5-73f9-2a6e6da86b73"",""yes_price_dollars"":""0.7500""}"
KXETH15M-26APR272230-30,bdbc708b-3dc1-6b6f-302f-b5ef5e248438,1777342896,0.72,2.31,no,"{""count_fp"":""2.31"",""created_time"":""2026-04-28T02:21:36.467029Z"",""no_price_dollars"":""0.2800"",""taker_side"":""no"",""ticker"":""KXETH15M-26APR272230-30"",""trade_id"":""bdbc708b-3dc1-6b6f-302f-b5ef5e248438"",""yes_price_dollars"":""0.7200""}"
KXETH15M-26APR272230-30,eae3711d-2b8b-554d-ad2e-21a014e9add3,1777342899,0.75,6.0,yes,"{""count_fp"":""6.00"",""created_time"":""2026-04-28T02:21:39.332396Z"",""no_price_dollars"":""0.2500"",""taker_side"":""yes"",""ticker"":""KXETH15M-26APR272230-30"",""trade_id"":""eae3711d-2b8b-554d-ad2e-21a014e9add3"",""yes_price_dollars"":""0.7500""}"
KXETH15M-26APR272230-30,55c75d3f-8047-446d-7d03-4ec24c5f77c3,1777342899,0.75,1.31,yes,"{""count_fp"":""1.31"",""created_time"":""2026-04-28T02:21:39.062734Z"",""no_price_dollars"":""0.2500"",""taker_side"":""yes"",""ticker"":""KXETH15M-26APR272230-30"",""trade_id"":""55c75d3f-8047-446d-7d03-4ec24c5f77c3"",""yes_price_dollars"":""0.7500""}"
KXETH15M-26APR272230-30,032883bb-1ec7-673d-d7f7-e37344575493,1777342900,0.75,26.2,yes,"{""count_fp"":""26.20"",""created_time"":""2026-04-28T02:21:40.170697Z"",""no_price_dollars"":""0.2500"",""taker_side"":""yes"",""ticker"":""KXETH15M-26APR272230-30"",""trade_id"":""032883bb-1ec7-673d-d7f7-e37344575493"",""yes_price_dollars"":""0.7500""}"
KXETH15M-26APR272230-30,097a6b82-f95b-5221-bab2-73b6a32c29fb,1777342901,0.68,1.31,yes,"{""count_fp"":""1.31"",""created_time"":""2026-04-28T02:21:41.932048Z"",""no_price_dollars"":""0.3200"",""taker_side"":""yes"",""ticker"":""KXETH15M-26APR272230-30"",""trade_id"":""097a6b82-f95b-5221-bab2-73b6a32c29fb"",""yes_price_dollars"":""0.6800""}"
KXETH15M-26APR272230-30,810375bd-47d1-518f-f635-d23755f766b8,1777342901,0.67,0.77,no,"{""count_fp"":""0.77"",""created_time"":""2026-04-28T02:21:41.765804Z"",""no_price_dollars"":""0.3300"",""taker_side"":""no"",""ticker"":""KXETH15M-26APR272230-30"",""trade_id"":""810375bd-47d1-518f-f635-d23755f766b8"",""yes_price_dollars"":""0.6700""}"
KXETH15M-26APR272230-30,804fceb6-7641-58b3-31f5-abb26a17ab48,1777342901,0.67,17.0,no,"{""count_fp"":""17.00"",""created_time"":""2026-04-28T02:21:41.765646Z"",""no_price_dollars"":""0.3300"",""taker_side"":""no"",""ticker"":""KXETH15M-26APR272230-30"",""trade_id"":""804fceb6-7641-58b3-31f5-abb26a17ab48"",""yes_price_dollars"":""0.6700""}"
KXETH15M-26APR272230-30,b5a34eb2-e39f-5017-9337-33fca554d7d0,1777342901,0.71,10.0,no,"{""count_fp"":""10.00"",""created_time"":""2026-04-28T02:21:41.635353Z"",""no_price_dollars"":""0.2900"",""taker_side"":""no"",""ticker"":""KXETH15M-26APR272230-30"",""trade_id"":""b5a34eb2-e39f-5017-9337-33fca554d7d0"",""yes_price_dollars"":""0.7100""}"
KXETH15M-26APR272230-30,e863fcc1-e5c9-62e4-53dc-177ba75a99f7,1777342901,0.72,48.0,no,"{""count_fp"":""48.00"",""created_time"":""2026-04-28T02:21:41.608238Z"",""no_price_dollars"":""0.2800"",""taker_side"":""no"",""ticker"":""KXETH15M-26APR272230-30"",""trade_id"":""e863fcc1-e5c9-62e4-53dc-177ba75a99f7"",""yes_price_dollars"":""0.7200""}"
KXETH15M-26APR272230-30,6376065e-323f-66c0-498e-21a90e5505d4,1777342901,0.72,100.0,no,"{""count_fp"":""100.00"",""created_time"":""2026-04-28T02:21:41.608238Z"",""no_price_dollars"":""0.2800"",""taker_side"":""no"",""ticker"":""KXETH15M-26APR272230-30"",""trade_id"":""6376065e-323f-66c0-498e-21a90e5505d4"",""yes_price_dollars"":""0.7200""}"
KXETH15M-26APR272230-30,3f1f13c6-2267-675c-78be-ddaf2cc0ea02,1777342901,0.72,10.0,no,"{""count_fp"":""10.00"",""created_time"":""2026-04-28T02:21:41.608238Z"",""no_price_dollars"":""0.2800"",""taker_side"":""no"",""ticker"":""KXETH15M-26APR272230-30"",""trade_id"":""3f1f13c6-2267-675c-78be-ddaf2cc0ea02"",""yes_price_dollars"":""0.7200""}"
KXETH15M-26APR272230-30,d3857d5e-2ebc-708b-1ce0-73ad4dd7b3a8,1777342903,0.66,1.34,no,"{""count_fp"":""1.34"",""created_time"":""2026-04-28T02:21:43.724958Z"",""no_price_dollars"":""0.3400"",""taker_side"":""no"",""ticker"":""KXETH15M-26APR272230-30"",""trade_id"":""d3857d5e-2ebc-708b-1ce0-73ad4dd7b3a8"",""yes_price_dollars"":""0.6600""}"
KXETH15M-26APR272230-30,32114270-2116-561f-235f-df503af04d1f,1777342909,0.68,9.0,yes,"{""count_fp"":""9.00"",""created_time"":""2026-04-28T02:21:49.183928Z"",""no_price_dollars"":""0.3200"",""taker_side"":""yes"",""ticker"":""KXETH15M-26APR272230-30"",""trade_id"":""32114270-2116-561f-235f-df503af04d1f"",""yes_price_dollars"":""0.6800""}"
KXETH15M-26APR272230-30,f1e95870-e243-5203-03d4-a7a8c0d6d484,1777342914,0.69,4.0,yes,"{""count_fp"":""4.00"",""created_time"":""2026-04-28T02:21:54.542325Z"",""no_price_dollars"":""0.3100"",""taker_side"":""yes"",""ticker"":""KXETH15M-26APR272230-30"",""trade_id"":""f1e95870-e243-5203-03d4-a7a8c0d6d484"",""yes_price_dollars"":""0.6900""}"
KXETH15M-26APR272230-30,0e52d380-4071-64dc-a1a1-1bb5f018e046,1777342917,0.66,8.43,no,"{""count_fp"":""8.43"",""created_time"":""2026-04-28T02:21:57.185133Z"",""no_price_dollars"":""0.3400"",""taker_side"":""no"",""ticker"":""KXETH15M-26APR272230-30"",""trade_id"":""0e52d380-4071-64dc-a1a1-1bb5f018e046"",""yes_price_dollars"":""0.6600""}"
KXETH15M-26APR272230-30,7bf2727e-4faf-6a4d-5f01-55cee189c41f,1777342919,0.69,11.34,yes,"{""count_fp"":""11.34"",""created_time"":""2026-04-28T02:21:59.938597Z"",""no_price_dollars"":""0.3100"",""taker_side"":""yes"",""ticker"":""KXETH15M-26APR272230-30"",""trade_id"":""7bf2727e-4faf-6a4d-5f01-55cee189c41f"",""yes_price_dollars"":""0.6900""}"
KXETH15M-26APR272230-30,7cb07d52-eb67-7bb7-30c5-7ce01e988e12,1777342919,0.66,10.0,no,"{""count_fp"":""10.00"",""created_time"":""2026-04-28T02:21:59.909771Z"",""no_price_dollars"":""0.3400"",""taker_side"":""no"",""ticker"":""KXETH15M-26APR272230-30"",""trade_id"":""7cb07d52-eb67-7bb7-30c5-7ce01e988e12"",""yes_price_dollars"":""0.6600""}"
KXETH15M-26APR272230-30,40b4bd74-f03b-7da2-08a1-2dff9bf295f8,1777342919,0.66,5.0,no,"{""count_fp"":""5.00"",""created_time"":""2026-04-28T02:21:59.909771Z"",""no_price_dollars"":""0.3400"",""taker_side"":""no"",""ticker"":""KXETH15M-26APR272230-30"",""trade_id"":""40b4bd74-f03b-7da2-08a1-2dff9bf295f8"",""yes_price_dollars"":""0.6600""}"
KXETH15M-26APR272230-30,3e7ca201-710b-7662-6d78-72d111ccf9a0,1777342920,0.68,6.57,yes,"{""count_fp"":""6.57"",""created_time"":""2026-04-28T02:22:00.655625Z"",""no_price_dollars"":""0.3200"",""taker_side"":""yes"",""ticker"":""KXETH15M-26APR272230-30"",""trade_id"":""3e7ca201-710b-7662-6d78-72d111ccf9a0"",""yes_price_dollars"":""0.6800""}"
KXETH15M-26APR272230-30,03481858-b2e7-772a-ba12-1ed980331700,1777342924,0.65,42.12,no,"{""count_fp"":""42.12"",""created_time"":""2026-04-28T02:22:04.277818Z"",""no_price_dollars"":""0.3500"",""taker_side"":""no"",""ticker"":""KXETH15M-26APR272230-30"",""trade_id"":""03481858-b2e7-772a-ba12-1ed980331700"",""yes_price_dollars"":""0.6500""}"
KXETH15M-26APR272230-30,e89952a7-7e9b-53d6-27fe-03a3fb96cb20,1777342928,0.64,4.0,no,"{""count_fp"":""4.00"",""created_time"":""2026-04-28T02:22:08.953228Z"",""no_price_dollars"":""0.3600"",""taker_side"":""no"",""ticker"":""KXETH15M-26APR272230-30"",""trade_id"":""e89952a7-7e9b-53d6-27fe-03a3fb96cb20"",""yes_price_dollars"":""0.6400""}"
KXETH15M-26APR272230-30,eb47dc1b-6728-7d9f-8b25-fa6654253a3c,1777342928,0.64,4.0,no,"{""count_fp"":""4.00"",""created_time"":""2026-04-28T02:22:08.874577Z"",""no_price_dollars"":""0.3600"",""taker_side"":""no"",""ticker"":""KXETH15M-26APR272230-30"",""trade_id"":""eb47dc1b-6728-7d9f-8b25-fa6654253a3c"",""yes_price_dollars"":""0.6400""}"
KXETH15M-26APR272230-30,0bafa03a-df7b-758a-ccf9-1840662e7e68,1777342929,0.64,65.76,no,"{""count_fp"":""65.76"",""created_time"":""2026-04-28T02:22:09.850416Z"",""no_price_dollars"":""0.3600"",""taker_side"":""no"",""ticker"":""KXETH15M-26APR272230-30"",""trade_id"":""0bafa03a-df7b-758a-ccf9-1840662e7e68"",""yes_price_dollars"":""0.6400""}"
KXETH15M-26APR272230-30,e7fd0d63-c8d2-5dc3-fa97-38ef45bef41f,1777342930,0.69,10.0,yes,"{""count_fp"":""10.00"",""created_time"":""2026-04-28T02:22:10.019822Z"",""no_price_dollars"":""0.3100"",""taker_side"":""yes"",""ticker"":""KXETH15M-26APR272230-30"",""trade_id"":""e7fd0d63-c8d2-5dc3-fa97-38ef45bef41f"",""yes_price_dollars"":""0.6900""}"
KXETH15M-26APR272230-30,e6ed93a0-c702-58fc-e8b8-86ae9e13c370,1777342930,0.69,43.37,yes,"{""count_fp"":""43.37"",""created_time"":""2026-04-28T02:22:10.019822Z"",""no_price_dollars"":""0.3100"",""taker_side"":""yes"",""ticker"":""KXETH15M-26APR272230-30"",""trade_id"":""e6ed93a0-c702-58fc-e8b8-86ae9e13c370"",""yes_price_dollars"":""0.6900""}"
KXETH15M-26APR272230-30,66a80af5-f29b-5d51-fded-8da1890f4181,1777342930,0.69,3.0,yes,"{""count_fp"":""3.00"",""created_time"":""2026-04-28T02:22:10.019822Z"",""no_price_dollars"":""0.3100"",""taker_side"":""yes"",""ticker"":""KXETH15M-26APR272230-30"",""trade_id"":""66a80af5-f29b-5d51-fded-8da1890f4181"",""yes_price_dollars"":""0.6900""}"
