ticker,trade_id,ts,yes_price,count,taker_side,raw_json
KXETH15M-26APR280515-15,0ff60a32-db58-5705-11db-2f54813751a8,1777366813,0.54,2.0,no,"{""count_fp"":""2.00"",""created_time"":""2026-04-28T09:00:13.153872Z"",""no_price_dollars"":""0.4600"",""taker_side"":""no"",""ticker"":""KXETH15M-26APR280515-15"",""trade_id"":""0ff60a32-db58-5705-11db-2f54813751a8"",""yes_price_dollars"":""0.5400""}"
KXETH15M-26APR280515-15,ff843151-f0d1-62c7-e54a-216b280f946f,1777366818,0.54,13.0,yes,"{""count_fp"":""13.00"",""created_time"":""2026-04-28T09:00:18.587656Z"",""no_price_dollars"":""0.4600"",""taker_side"":""yes"",""ticker"":""KXETH15M-26APR280515-15"",""trade_id"":""ff843151-f0d1-62c7-e54a-216b280f946f"",""yes_price_dollars"":""0.5400""}"
KXETH15M-26APR280515-15,23426769-e1c3-4c90-07ca-c2119c70684c,1777366818,0.54,60.0,no,"{""count_fp"":""60.00"",""created_time"":""2026-04-28T09:00:18.393093Z"",""no_price_dollars"":""0.4600"",""taker_side"":""no"",""ticker"":""KXETH15M-26APR280515-15"",""trade_id"":""23426769-e1c3-4c90-07ca-c2119c70684c"",""yes_price_dollars"":""0.5400""}"
KXETH15M-26APR280515-15,0ac3bd61-a674-4f32-6192-310a5db2418f,1777366819,0.43,80.0,no,"{""count_fp"":""80.00"",""created_time"":""2026-04-28T09:00:19.789005Z"",""no_price_dollars"":""0.5700"",""taker_side"":""no"",""ticker"":""KXETH15M-26APR280515-15"",""trade_id"":""0ac3bd61-a674-4f32-6192-310a5db2418f"",""yes_price_dollars"":""0.4300""}"
KXETH15M-26APR280515-15,baa7c636-e992-494d-b5c6-6b3b94c21708,1777366819,0.45,50.0,no,"{""count_fp"":""50.00"",""created_time"":""2026-04-28T09:00:19.766227Z"",""no_price_dollars"":""0.5500"",""taker_side"":""no"",""ticker"":""KXETH15M-26APR280515-15"",""trade_id"":""baa7c636-e992-494d-b5c6-6b3b94c21708"",""yes_price_dollars"":""0.4500""}"
KXETH15M-26APR280515-15,514d0617-1666-4a5b-a53a-50046ec0c5b4,1777366819,0.45,100.0,no,"{""count_fp"":""100.00"",""created_time"":""2026-04-28T09:00:19.766227Z"",""no_price_dollars"":""0.5500"",""taker_side"":""no"",""ticker"":""KXETH15M-26APR280515-15"",""trade_id"":""514d0617-1666-4a5b-a53a-50046ec0c5b4"",""yes_price_dollars"":""0.4500""}"
KXETH15M-26APR280515-15,95088169-fc58-5718-6e1c-e683ad9c860e,1777366819,0.5,10.0,no,"{""count_fp"":""10.00"",""created_time"":""2026-04-28T09:00:19.321513Z"",""no_price_dollars"":""0.5000"",""taker_side"":""no"",""ticker"":""KXETH15M-26APR280515-15"",""trade_id"":""95088169-fc58-5718-6e1c-e683ad9c860e"",""yes_price_dollars"":""0.5000""}"
KXETH15M-26APR280515-15,398078de-9d9e-57ad-46ea-46e48ad5e898,1777366819,0.5,50.0,no,"{""count_fp"":""50.00"",""created_time"":""2026-04-28T09:00:19.321513Z"",""no_price_dollars"":""0.5000"",""taker_side"":""no"",""ticker"":""KXETH15M-26APR280515-15"",""trade_id"":""398078de-9d9e-57ad-46ea-46e48ad5e898"",""yes_price_dollars"":""0.5000""}"
KXETH15M-26APR280515-15,0b43512f-9ef9-6a76-b618-d05550f5995d,1777366820,0.48,10.0,yes,"{""count_fp"":""10.00"",""created_time"":""2026-04-28T09:00:20.614313Z"",""no_price_dollars"":""0.5200"",""taker_side"":""yes"",""ticker"":""KXETH15M-26APR280515-15"",""trade_id"":""0b43512f-9ef9-6a76-b618-d05550f5995d"",""yes_price_dollars"":""0.4800""}"
KXETH15M-26APR280515-15,74100dcb-80d0-5ccb-552e-965fdf2c48e2,1777366821,0.48,5.0,yes,"{""count_fp"":""5.00"",""created_time"":""2026-04-28T09:00:21.833952Z"",""no_price_dollars"":""0.5200"",""taker_side"":""yes"",""ticker"":""KXETH15M-26APR280515-15"",""trade_id"":""74100dcb-80d0-5ccb-552e-965fdf2c48e2"",""yes_price_dollars"":""0.4800""}"
KXETH15M-26APR280515-15,0af40a6c-3cac-460d-b19e-67fd8a041c3d,1777366821,0.48,6.0,no,"{""count_fp"":""6.00"",""created_time"":""2026-04-28T09:00:21.167185Z"",""no_price_dollars"":""0.5200"",""taker_side"":""no"",""ticker"":""KXETH15M-26APR280515-15"",""trade_id"":""0af40a6c-3cac-460d-b19e-67fd8a041c3d"",""yes_price_dollars"":""0.4800""}"
KXETH15M-26APR280515-15,a6102df5-c0ba-609f-195e-2b4b668025cf,1777366821,0.49,100.0,no,"{""count_fp"":""100.00"",""created_time"":""2026-04-28T09:00:21.153788Z"",""no_price_dollars"":""0.5100"",""taker_side"":""no"",""ticker"":""KXETH15M-26APR280515-15"",""trade_id"":""a6102df5-c0ba-609f-195e-2b4b668025cf"",""yes_price_dollars"":""0.4900""}"
KXETH15M-26APR280515-15,85382416-2446-67d6-1393-899441abc086,1777366821,0.49,10.0,no,"{""count_fp"":""10.00"",""created_time"":""2026-04-28T09:00:21.153788Z"",""no_price_dollars"":""0.5100"",""taker_side"":""no"",""ticker"":""KXETH15M-26APR280515-15"",""trade_id"":""85382416-2446-67d6-1393-899441abc086"",""yes_price_dollars"":""0.4900""}"
KXETH15M-26APR280515-15,42278e0f-5798-5063-a9b4-36b995fa56d2,1777366823,0.48,1.37,yes,"{""count_fp"":""1.37"",""created_time"":""2026-04-28T09:00:23.004803Z"",""no_price_dollars"":""0.5200"",""taker_side"":""yes"",""ticker"":""KXETH15M-26APR280515-15"",""trade_id"":""42278e0f-5798-5063-a9b4-36b995fa56d2"",""yes_price_dollars"":""0.4800""}"
KXETH15M-26APR280515-15,9a0576f3-caa8-535f-8ada-9a396f10ba60,1777366854,0.52,0.4,no,"{""count_fp"":""0.40"",""created_time"":""2026-04-28T09:00:54.078095Z"",""no_price_dollars"":""0.4800"",""taker_side"":""no"",""ticker"":""KXETH15M-26APR280515-15"",""trade_id"":""9a0576f3-caa8-535f-8ada-9a396f10ba60"",""yes_price_dollars"":""0.5200""}"
KXETH15M-26APR280515-15,d35de00a-4088-75b3-fda7-161fa61a5a72,1777366859,0.54,1.0,yes,"{""count_fp"":""1.00"",""created_time"":""2026-04-28T09:00:59.509021Z"",""no_price_dollars"":""0.4600"",""taker_side"":""yes"",""ticker"":""KXETH15M-26APR280515-15"",""trade_id"":""d35de00a-4088-75b3-fda7-161fa61a5a72"",""yes_price_dollars"":""0.5400""}"
KXETH15M-26APR280515-15,c5fbe8b8-1ed0-7f8f-858e-f61f06891508,1777366863,0.52,1.6,no,"{""count_fp"":""1.60"",""created_time"":""2026-04-28T09:01:03.966069Z"",""no_price_dollars"":""0.4800"",""taker_side"":""no"",""ticker"":""KXETH15M-26APR280515-15"",""trade_id"":""c5fbe8b8-1ed0-7f8f-858e-f61f06891508"",""yes_price_dollars"":""0.5200""}"
KXETH15M-26APR280515-15,6562ac82-5260-7327-8ff2-d16db5fa5d33,1777366863,0.5,9.4,no,"{""count_fp"":""9.40"",""created_time"":""2026-04-28T09:01:03.966069Z"",""no_price_dollars"":""0.5000"",""taker_side"":""no"",""ticker"":""KXETH15M-26APR280515-15"",""trade_id"":""6562ac82-5260-7327-8ff2-d16db5fa5d33"",""yes_price_dollars"":""0.5000""}"
KXETH15M-26APR280515-15,d49a5166-607c-5c23-319c-32a81595d2d7,1777366865,0.49,0.6,no,"{""count_fp"":""0.60"",""created_time"":""2026-04-28T09:01:05.964381Z"",""no_price_dollars"":""0.5100"",""taker_side"":""no"",""ticker"":""KXETH15M-26APR280515-15"",""trade_id"":""d49a5166-607c-5c23-319c-32a81595d2d7"",""yes_price_dollars"":""0.4900""}"
KXETH15M-26APR280515-15,f65dd27e-ed73-6840-cc91-78a976fa8235,1777366869,0.46,10.0,no,"{""count_fp"":""10.00"",""created_time"":""2026-04-28T09:01:09.868232Z"",""no_price_dollars"":""0.5400"",""taker_side"":""no"",""ticker"":""KXETH15M-26APR280515-15"",""trade_id"":""f65dd27e-ed73-6840-cc91-78a976fa8235"",""yes_price_dollars"":""0.4600""}"
KXETH15M-26APR280515-15,da19220b-1a5f-6b3c-fc69-14660e4f028e,1777366869,0.46,10.0,no,"{""count_fp"":""10.00"",""created_time"":""2026-04-28T09:01:09.868232Z"",""no_price_dollars"":""0.5400"",""taker_side"":""no"",""ticker"":""KXETH15M-26APR280515-15"",""trade_id"":""da19220b-1a5f-6b3c-fc69-14660e4f028e"",""yes_price_dollars"":""0.4600""}"
KXETH15M-26APR280515-15,679b4feb-7fb2-68df-f7ee-9880063d5c9e,1777366869,0.46,10.0,no,"{""count_fp"":""10.00"",""created_time"":""2026-04-28T09:01:09.868232Z"",""no_price_dollars"":""0.5400"",""taker_side"":""no"",""ticker"":""KXETH15M-26APR280515-15"",""trade_id"":""679b4feb-7fb2-68df-f7ee-9880063d5c9e"",""yes_price_dollars"":""0.4600""}"
KXETH15M-26APR280515-15,bb83bd0b-c954-534f-c3b7-f30dd3028cc7,1777366870,0.45,1.0,yes,"{""count_fp"":""1.00"",""created_time"":""2026-04-28T09:01:10.715426Z"",""no_price_dollars"":""0.5500"",""taker_side"":""yes"",""ticker"":""KXETH15M-26APR280515-15"",""trade_id"":""bb83bd0b-c954-534f-c3b7-f30dd3028cc7"",""yes_price_dollars"":""0.4500""}"
KXETH15M-26APR280515-15,7d8ac553-e590-5173-4e6c-9bf2d68598b6,1777366875,0.46,2.0,yes,"{""count_fp"":""2.00"",""created_time"":""2026-04-28T09:01:15.676725Z"",""no_price_dollars"":""0.5400"",""taker_side"":""yes"",""ticker"":""KXETH15M-26APR280515-15"",""trade_id"":""7d8ac553-e590-5173-4e6c-9bf2d68598b6"",""yes_price_dollars"":""0.4600""}"
KXETH15M-26APR280515-15,86d971b5-0ec0-5e0b-6139-92166296b78c,1777366883,0.42,8.0,no,"{""count_fp"":""8.00"",""created_time"":""2026-04-28T09:01:23.008972Z"",""no_price_dollars"":""0.5800"",""taker_side"":""no"",""ticker"":""KXETH15M-26APR280515-15"",""trade_id"":""86d971b5-0ec0-5e0b-6139-92166296b78c"",""yes_price_dollars"":""0.4200""}"
KXETH15M-26APR280515-15,6ca41bca-656b-7499-5ce6-04aec86ae639,1777366899,0.4,1.0,no,"{""count_fp"":""1.00"",""created_time"":""2026-04-28T09:01:39.591532Z"",""no_price_dollars"":""0.6000"",""taker_side"":""no"",""ticker"":""KXETH15M-26APR280515-15"",""trade_id"":""6ca41bca-656b-7499-5ce6-04aec86ae639"",""yes_price_dollars"":""0.4000""}"
KXETH15M-26APR280515-15,a03ec4a1-31f4-60b5-fbeb-87ac46cd60d5,1777366908,0.45,10.0,no,"{""count_fp"":""10.00"",""created_time"":""2026-04-28T09:01:48.874948Z"",""no_price_dollars"":""0.5500"",""taker_side"":""no"",""ticker"":""KXETH15M-26APR280515-15"",""trade_id"":""a03ec4a1-31f4-60b5-fbeb-87ac46cd60d5"",""yes_price_dollars"":""0.4500""}"
KXETH15M-26APR280515-15,818fafaf-381f-68b9-db2d-8ddfd8bc7b70,1777366908,0.45,10.0,no,"{""count_fp"":""10.00"",""created_time"":""2026-04-28T09:01:48.874948Z"",""no_price_dollars"":""0.5500"",""taker_side"":""no"",""ticker"":""KXETH15M-26APR280515-15"",""trade_id"":""818fafaf-381f-68b9-db2d-8ddfd8bc7b70"",""yes_price_dollars"":""0.4500""}"
KXETH15M-26APR280515-15,59beb9fc-2f19-5b89-1f13-ba5d61c4599c,1777366918,0.4,6.28,no,"{""count_fp"":""6.28"",""created_time"":""2026-04-28T09:01:58.282739Z"",""no_price_dollars"":""0.6000"",""taker_side"":""no"",""ticker"":""KXETH15M-26APR280515-15"",""trade_id"":""59beb9fc-2f19-5b89-1f13-ba5d61c4599c"",""yes_price_dollars"":""0.4000""}"
KXETH15M-26APR280515-15,1d9a55e9-aba0-5c99-188c-54cc04778a9a,1777366918,0.41,10.0,no,"{""count_fp"":""10.00"",""created_time"":""2026-04-28T09:01:58.282739Z"",""no_price_dollars"":""0.5900"",""taker_side"":""no"",""ticker"":""KXETH15M-26APR280515-15"",""trade_id"":""1d9a55e9-aba0-5c99-188c-54cc04778a9a"",""yes_price_dollars"":""0.4100""}"
KXETH15M-26APR280515-15,598478f6-55a7-635c-facd-d1f0270004a8,1777366919,0.37,61.88,no,"{""count_fp"":""61.88"",""created_time"":""2026-04-28T09:01:59.549707Z"",""no_price_dollars"":""0.6300"",""taker_side"":""no"",""ticker"":""KXETH15M-26APR280515-15"",""trade_id"":""598478f6-55a7-635c-facd-d1f0270004a8"",""yes_price_dollars"":""0.3700""}"
KXETH15M-26APR280515-15,7040ce44-e05f-4c54-7671-dda780c2159c,1777366924,0.34,20.0,no,"{""count_fp"":""20.00"",""created_time"":""2026-04-28T09:02:04.084896Z"",""no_price_dollars"":""0.6600"",""taker_side"":""no"",""ticker"":""KXETH15M-26APR280515-15"",""trade_id"":""7040ce44-e05f-4c54-7671-dda780c2159c"",""yes_price_dollars"":""0.3400""}"
KXETH15M-26APR280515-15,280b9566-93a3-5c98-e692-d5facc5e96c8,1777366925,0.34,5.0,no,"{""count_fp"":""5.00"",""created_time"":""2026-04-28T09:02:05.846537Z"",""no_price_dollars"":""0.6600"",""taker_side"":""no"",""ticker"":""KXETH15M-26APR280515-15"",""trade_id"":""280b9566-93a3-5c98-e692-d5facc5e96c8"",""yes_price_dollars"":""0.3400""}"
KXETH15M-26APR280515-15,54a59b27-36ea-5e82-a411-937c73a8a2b9,1777366927,0.33,1.0,no,"{""count_fp"":""1.00"",""created_time"":""2026-04-28T09:02:07.887014Z"",""no_price_dollars"":""0.6700"",""taker_side"":""no"",""ticker"":""KXETH15M-26APR280515-15"",""trade_id"":""54a59b27-36ea-5e82-a411-937c73a8a2b9"",""yes_price_dollars"":""0.3300""}"
KXETH15M-26APR280515-15,b55aff55-ea38-6730-4cc0-6fc929e180a0,1777366927,0.35,10.0,no,"{""count_fp"":""10.00"",""created_time"":""2026-04-28T09:02:07.766634Z"",""no_price_dollars"":""0.6500"",""taker_side"":""no"",""ticker"":""KXETH15M-26APR280515-15"",""trade_id"":""b55aff55-ea38-6730-4cc0-6fc929e180a0"",""yes_price_dollars"":""0.3500""}"
KXETH15M-26APR280515-15,11fa9eac-20d4-66de-643c-aaa250b39462,1777366927,0.35,8.91,no,"{""count_fp"":""8.91"",""created_time"":""2026-04-28T09:02:07.766634Z"",""no_price_dollars"":""0.6500"",""taker_side"":""no"",""ticker"":""KXETH15M-26APR280515-15"",""trade_id"":""11fa9eac-20d4-66de-643c-aaa250b39462"",""yes_price_dollars"":""0.3500""}"
KXETH15M-26APR280515-15,72aaa949-b62b-7de0-f18c-07c63b6105b0,1777366931,0.3,1.0,no,"{""count_fp"":""1.00"",""created_time"":""2026-04-28T09:02:11.953413Z"",""no_price_dollars"":""0.7000"",""taker_side"":""no"",""ticker"":""KXETH15M-26APR280515-15"",""trade_id"":""72aaa949-b62b-7de0-f18c-07c63b6105b0"",""yes_price_dollars"":""0.3000""}"
KXETH15M-26APR280515-15,ae524e67-be73-5174-ff06-afc169c389c4,1777366931,0.3,5.0,no,"{""count_fp"":""5.00"",""created_time"":""2026-04-28T09:02:11.681129Z"",""no_price_dollars"":""0.7000"",""taker_side"":""no"",""ticker"":""KXETH15M-26APR280515-15"",""trade_id"":""ae524e67-be73-5174-ff06-afc169c389c4"",""yes_price_dollars"":""0.3000""}"
KXETH15M-26APR280515-15,78d1efc6-facc-6834-83ef-86b0c703411a,1777366931,0.36,6.0,yes,"{""count_fp"":""6.00"",""created_time"":""2026-04-28T09:02:11.320674Z"",""no_price_dollars"":""0.6400"",""taker_side"":""yes"",""ticker"":""KXETH15M-26APR280515-15"",""trade_id"":""78d1efc6-facc-6834-83ef-86b0c703411a"",""yes_price_dollars"":""0.3600""}"
KXETH15M-26APR280515-15,0b825690-1ea9-6f55-3717-d84ad0b241bf,1777366933,0.31,10.0,no,"{""count_fp"":""10.00"",""created_time"":""2026-04-28T09:02:13.355065Z"",""no_price_dollars"":""0.6900"",""taker_side"":""no"",""ticker"":""KXETH15M-26APR280515-15"",""trade_id"":""0b825690-1ea9-6f55-3717-d84ad0b241bf"",""yes_price_dollars"":""0.3100""}"
KXETH15M-26APR280515-15,d7ca4b91-337d-7f04-8b02-37ae4b19607f,1777366935,0.27,1.0,no,"{""count_fp"":""1.00"",""created_time"":""2026-04-28T09:02:15.406924Z"",""no_price_dollars"":""0.7300"",""taker_side"":""no"",""ticker"":""KXETH15M-26APR280515-15"",""trade_id"":""d7ca4b91-337d-7f04-8b02-37ae4b19607f"",""yes_price_dollars"":""0.2700""}"
KXETH15M-26APR280515-15,d271804a-4cf9-5131-1391-a79fab106680,1777366939,0.27,6.3,no,"{""count_fp"":""6.30"",""created_time"":""2026-04-28T09:02:19.574368Z"",""no_price_dollars"":""0.7300"",""taker_side"":""no"",""ticker"":""KXETH15M-26APR280515-15"",""trade_id"":""d271804a-4cf9-5131-1391-a79fab106680"",""yes_price_dollars"":""0.2700""}"
KXETH15M-26APR280515-15,bd28a7b5-4830-6b13-5093-ee76480bfe17,1777366940,0.34,1.0,yes,"{""count_fp"":""1.00"",""created_time"":""2026-04-28T09:02:20.716987Z"",""no_price_dollars"":""0.6600"",""taker_side"":""yes"",""ticker"":""KXETH15M-26APR280515-15"",""trade_id"":""bd28a7b5-4830-6b13-5093-ee76480bfe17"",""yes_price_dollars"":""0.3400""}"
KXETH15M-26APR280515-15,5e991f12-ad7f-5924-2a23-0dd5c766bee0,1777366955,0.27,1.0,no,"{""count_fp"":""1.00"",""created_time"":""2026-04-28T09:02:35.639431Z"",""no_price_dollars"":""0.7300"",""taker_side"":""no"",""ticker"":""KXETH15M-26APR280515-15"",""trade_id"":""5e991f12-ad7f-5924-2a23-0dd5c766bee0"",""yes_price_dollars"":""0.2700""}"
KXETH15M-26APR280515-15,1bda1844-eb92-40e6-56f5-967e82dde8b3,1777366955,0.29,6.0,no,"{""count_fp"":""6.00"",""created_time"":""2026-04-28T09:02:35.464225Z"",""no_price_dollars"":""0.7100"",""taker_side"":""no"",""ticker"":""KXETH15M-26APR280515-15"",""trade_id"":""1bda1844-eb92-40e6-56f5-967e82dde8b3"",""yes_price_dollars"":""0.2900""}"
KXETH15M-26APR280515-15,3aebad7b-e776-5cba-c266-3cd398b02bb2,1777366956,0.32,8.68,yes,"{""count_fp"":""8.68"",""created_time"":""2026-04-28T09:02:36.622635Z"",""no_price_dollars"":""0.6800"",""taker_side"":""yes"",""ticker"":""KXETH15M-26APR280515-15"",""trade_id"":""3aebad7b-e776-5cba-c266-3cd398b02bb2"",""yes_price_dollars"":""0.3200""}"
KXETH15M-26APR280515-15,0eefd289-515a-4412-9df9-4b0939721a0e,1777366959,0.31,0.28,yes,"{""count_fp"":""0.28"",""created_time"":""2026-04-28T09:02:39.262102Z"",""no_price_dollars"":""0.6900"",""taker_side"":""yes"",""ticker"":""KXETH15M-26APR280515-15"",""trade_id"":""0eefd289-515a-4412-9df9-4b0939721a0e"",""yes_price_dollars"":""0.3100""}"
KXETH15M-26APR280515-15,29ee9482-a9a0-7a83-4317-4f95384af286,1777366964,0.29,3.12,yes,"{""count_fp"":""3.12"",""created_time"":""2026-04-28T09:02:44.998024Z"",""no_price_dollars"":""0.7100"",""taker_side"":""yes"",""ticker"":""KXETH15M-26APR280515-15"",""trade_id"":""29ee9482-a9a0-7a83-4317-4f95384af286"",""yes_price_dollars"":""0.2900""}"
KXETH15M-26APR280515-15,2f861972-f437-65df-de87-808062433a22,1777366970,0.28,16.42,yes,"{""count_fp"":""16.42"",""created_time"":""2026-04-28T09:02:50.729656Z"",""no_price_dollars"":""0.7200"",""taker_side"":""yes"",""ticker"":""KXETH15M-26APR280515-15"",""trade_id"":""2f861972-f437-65df-de87-808062433a22"",""yes_price_dollars"":""0.2800""}"
KXETH15M-26APR280515-15,21c53b95-0db8-65e5-87a8-8bc8c28c8ea5,1777366982,0.26,1.0,no,"{""count_fp"":""1.00"",""created_time"":""2026-04-28T09:03:02.077799Z"",""no_price_dollars"":""0.7400"",""taker_side"":""no"",""ticker"":""KXETH15M-26APR280515-15"",""trade_id"":""21c53b95-0db8-65e5-87a8-8bc8c28c8ea5"",""yes_price_dollars"":""0.2600""}"
KXETH15M-26APR280515-15,f3da368b-cb94-7035-d52c-32c015b7047d,1777366987,0.26,1.0,no,"{""count_fp"":""1.00"",""created_time"":""2026-04-28T09:03:07.125071Z"",""no_price_dollars"":""0.7400"",""taker_side"":""no"",""ticker"":""KXETH15M-26APR280515-15"",""trade_id"":""f3da368b-cb94-7035-d52c-32c015b7047d"",""yes_price_dollars"":""0.2600""}"
KXETH15M-26APR280515-15,7d0c6e8d-7ca8-40e1-a179-7963d256dd85,1777366990,0.26,3.0,no,"{""count_fp"":""3.00"",""created_time"":""2026-04-28T09:03:10.099853Z"",""no_price_dollars"":""0.7400"",""taker_side"":""no"",""ticker"":""KXETH15M-26APR280515-15"",""trade_id"":""7d0c6e8d-7ca8-40e1-a179-7963d256dd85"",""yes_price_dollars"":""0.2600""}"
KXETH15M-26APR280515-15,64b1a1a9-86c0-4983-9a5d-b24b3c4c8f7c,1777366990,0.26,6.0,no,"{""count_fp"":""6.00"",""created_time"":""2026-04-28T09:03:10.099853Z"",""no_price_dollars"":""0.7400"",""taker_side"":""no"",""ticker"":""KXETH15M-26APR280515-15"",""trade_id"":""64b1a1a9-86c0-4983-9a5d-b24b3c4c8f7c"",""yes_price_dollars"":""0.2600""}"
KXETH15M-26APR280515-15,6e6c3915-6a53-5958-9e52-1fed5f3281d4,1777366991,0.24,31.59,no,"{""count_fp"":""31.59"",""created_time"":""2026-04-28T09:03:11.063727Z"",""no_price_dollars"":""0.7600"",""taker_side"":""no"",""ticker"":""KXETH15M-26APR280515-15"",""trade_id"":""6e6c3915-6a53-5958-9e52-1fed5f3281d4"",""yes_price_dollars"":""0.2400""}"
KXETH15M-26APR280515-15,c2561224-0c9c-5fa3-2efc-4d00a2309fef,1777367008,0.27,10.0,yes,"{""count_fp"":""10.00"",""created_time"":""2026-04-28T09:03:28.440599Z"",""no_price_dollars"":""0.7300"",""taker_side"":""yes"",""ticker"":""KXETH15M-26APR280515-15"",""trade_id"":""c2561224-0c9c-5fa3-2efc-4d00a2309fef"",""yes_price_dollars"":""0.2700""}"
KXETH15M-26APR280515-15,8cd3e73a-3a37-5a3c-079b-86c5e12580cc,1777367008,0.27,0.57,yes,"{""count_fp"":""0.57"",""created_time"":""2026-04-28T09:03:28.440599Z"",""no_price_dollars"":""0.7300"",""taker_side"":""yes"",""ticker"":""KXETH15M-26APR280515-15"",""trade_id"":""8cd3e73a-3a37-5a3c-079b-86c5e12580cc"",""yes_price_dollars"":""0.2700""}"
KXETH15M-26APR280515-15,cbf2801b-32e8-5336-0b1c-9e2f43e9421b,1777367018,0.27,3.13,yes,"{""count_fp"":""3.13"",""created_time"":""2026-04-28T09:03:38.256183Z"",""no_price_dollars"":""0.7300"",""taker_side"":""yes"",""ticker"":""KXETH15M-26APR280515-15"",""trade_id"":""cbf2801b-32e8-5336-0b1c-9e2f43e9421b"",""yes_price_dollars"":""0.2700""}"
KXETH15M-26APR280515-15,c31f425f-ff57-78f1-a4a0-af955ca7a745,1777367019,0.25,0.8,no,"{""count_fp"":""0.80"",""created_time"":""2026-04-28T09:03:39.035091Z"",""no_price_dollars"":""0.7500"",""taker_side"":""no"",""ticker"":""KXETH15M-26APR280515-15"",""trade_id"":""c31f425f-ff57-78f1-a4a0-af955ca7a745"",""yes_price_dollars"":""0.2500""}"
KXETH15M-26APR280515-15,4dd19ebf-fa2f-49fc-9784-b56db5f586a4,1777367022,0.23,7.54,no,"{""count_fp"":""7.54"",""created_time"":""2026-04-28T09:03:42.208831Z"",""no_price_dollars"":""0.7700"",""taker_side"":""no"",""ticker"":""KXETH15M-26APR280515-15"",""trade_id"":""4dd19ebf-fa2f-49fc-9784-b56db5f586a4"",""yes_price_dollars"":""0.2300""}"
KXETH15M-26APR280515-15,f0ab73ea-d595-589e-9f4d-451eb79a6960,1777367027,0.24,1.0,yes,"{""count_fp"":""1.00"",""created_time"":""2026-04-28T09:03:47.361719Z"",""no_price_dollars"":""0.7600"",""taker_side"":""yes"",""ticker"":""KXETH15M-26APR280515-15"",""trade_id"":""f0ab73ea-d595-589e-9f4d-451eb79a6960"",""yes_price_dollars"":""0.2400""}"
KXETH15M-26APR280515-15,821caf67-f9ca-73b4-1717-6b038db0c022,1777367041,0.31,10.0,no,"{""count_fp"":""10.00"",""created_time"":""2026-04-28T09:04:01.364326Z"",""no_price_dollars"":""0.6900"",""taker_side"":""no"",""ticker"":""KXETH15M-26APR280515-15"",""trade_id"":""821caf67-f9ca-73b4-1717-6b038db0c022"",""yes_price_dollars"":""0.3100""}"
KXETH15M-26APR280515-15,7aa95cf2-85e6-7b36-20b5-b60b994e1ef2,1777367041,0.31,10.0,no,"{""count_fp"":""10.00"",""created_time"":""2026-04-28T09:04:01.364326Z"",""no_price_dollars"":""0.6900"",""taker_side"":""no"",""ticker"":""KXETH15M-26APR280515-15"",""trade_id"":""7aa95cf2-85e6-7b36-20b5-b60b994e1ef2"",""yes_price_dollars"":""0.3100""}"
KXETH15M-26APR280515-15,aa424c81-378a-5f34-d823-8157c2618f76,1777367047,0.31,10.06,no,"{""count_fp"":""10.06"",""created_time"":""2026-04-28T09:04:07.005516Z"",""no_price_dollars"":""0.6900"",""taker_side"":""no"",""ticker"":""KXETH15M-26APR280515-15"",""trade_id"":""aa424c81-378a-5f34-d823-8157c2618f76"",""yes_price_dollars"":""0.3100""}"
KXETH15M-26APR280515-15,1fd2130e-da1a-54c9-ddee-c44ab2137413,1777367047,0.31,10.0,no,"{""count_fp"":""10.00"",""created_time"":""2026-04-28T09:04:07.005516Z"",""no_price_dollars"":""0.6900"",""taker_side"":""no"",""ticker"":""KXETH15M-26APR280515-15"",""trade_id"":""1fd2130e-da1a-54c9-ddee-c44ab2137413"",""yes_price_dollars"":""0.3100""}"
KXETH15M-26APR280515-15,12d6a6d5-03d7-7e74-2402-c82c44a64310,1777367049,0.28,32.58,no,"{""count_fp"":""32.58"",""created_time"":""2026-04-28T09:04:09.218883Z"",""no_price_dollars"":""0.7200"",""taker_side"":""no"",""ticker"":""KXETH15M-26APR280515-15"",""trade_id"":""12d6a6d5-03d7-7e74-2402-c82c44a64310"",""yes_price_dollars"":""0.2800""}"
KXETH15M-26APR280515-15,23e6d612-2e17-6e75-7608-fc4f5006c44c,1777367069,0.27,3.0,no,"{""count_fp"":""3.00"",""created_time"":""2026-04-28T09:04:29.120722Z"",""no_price_dollars"":""0.7300"",""taker_side"":""no"",""ticker"":""KXETH15M-26APR280515-15"",""trade_id"":""23e6d612-2e17-6e75-7608-fc4f5006c44c"",""yes_price_dollars"":""0.2700""}"
KXETH15M-26APR280515-15,9d3b3f7b-c319-43fd-1105-94e1786a4400,1777367071,0.29,9.85,yes,"{""count_fp"":""9.85"",""created_time"":""2026-04-28T09:04:31.217715Z"",""no_price_dollars"":""0.7100"",""taker_side"":""yes"",""ticker"":""KXETH15M-26APR280515-15"",""trade_id"":""9d3b3f7b-c319-43fd-1105-94e1786a4400"",""yes_price_dollars"":""0.2900""}"
KXETH15M-26APR280515-15,789b0737-8af1-5538-665b-0a87fde435e7,1777367080,0.24,6.47,no,"{""count_fp"":""6.47"",""created_time"":""2026-04-28T09:04:40.059852Z"",""no_price_dollars"":""0.7600"",""taker_side"":""no"",""ticker"":""KXETH15M-26APR280515-15"",""trade_id"":""789b0737-8af1-5538-665b-0a87fde435e7"",""yes_price_dollars"":""0.2400""}"
KXETH15M-26APR280515-15,5e285e96-64ff-423d-906d-0efa56a9bd4d,1777367082,0.32,10.0,yes,"{""count_fp"":""10.00"",""created_time"":""2026-04-28T09:04:42.552694Z"",""no_price_dollars"":""0.6800"",""taker_side"":""yes"",""ticker"":""KXETH15M-26APR280515-15"",""trade_id"":""5e285e96-64ff-423d-906d-0efa56a9bd4d"",""yes_price_dollars"":""0.3200""}"
KXETH15M-26APR280515-15,6869f1b9-f87a-7fae-3933-4242c1fd0a6e,1777367099,0.3,10.0,no,"{""count_fp"":""10.00"",""created_time"":""2026-04-28T09:04:59.599562Z"",""no_price_dollars"":""0.7000"",""taker_side"":""no"",""ticker"":""KXETH15M-26APR280515-15"",""trade_id"":""6869f1b9-f87a-7fae-3933-4242c1fd0a6e"",""yes_price_dollars"":""0.3000""}"
KXETH15M-26APR280515-15,99163728-c2b1-6869-bc7b-013f00e8b914,1777367100,0.3,29.24,yes,"{""count_fp"":""29.24"",""created_time"":""2026-04-28T09:05:00.561634Z"",""no_price_dollars"":""0.7000"",""taker_side"":""yes"",""ticker"":""KXETH15M-26APR280515-15"",""trade_id"":""99163728-c2b1-6869-bc7b-013f00e8b914"",""yes_price_dollars"":""0.3000""}"
KXETH15M-26APR280515-15,f0a56b0f-5475-50f4-a810-5c641c739a0b,1777367100,0.27,1.0,no,"{""count_fp"":""1.00"",""created_time"":""2026-04-28T09:05:00.132561Z"",""no_price_dollars"":""0.7300"",""taker_side"":""no"",""ticker"":""KXETH15M-26APR280515-15"",""trade_id"":""f0a56b0f-5475-50f4-a810-5c641c739a0b"",""yes_price_dollars"":""0.2700""}"
KXETH15M-26APR280515-15,3125fcb3-0241-6c6d-a007-602cf40d2edc,1777367106,0.31,100.0,yes,"{""count_fp"":""100.00"",""created_time"":""2026-04-28T09:05:06.348584Z"",""no_price_dollars"":""0.6900"",""taker_side"":""yes"",""ticker"":""KXETH15M-26APR280515-15"",""trade_id"":""3125fcb3-0241-6c6d-a007-602cf40d2edc"",""yes_price_dollars"":""0.3100""}"
KXETH15M-26APR280515-15,ee341a4b-2b05-58e3-dcfa-4af9427bbf4d,1777367109,0.34,20.0,yes,"{""count_fp"":""20.00"",""created_time"":""2026-04-28T09:05:09.166738Z"",""no_price_dollars"":""0.6600"",""taker_side"":""yes"",""ticker"":""KXETH15M-26APR280515-15"",""trade_id"":""ee341a4b-2b05-58e3-dcfa-4af9427bbf4d"",""yes_price_dollars"":""0.3400""}"
KXETH15M-26APR280515-15,501bafb5-f2da-53f0-d9f2-a090db6fb25c,1777367109,0.33,1.0,yes,"{""count_fp"":""1.00"",""created_time"":""2026-04-28T09:05:09.166738Z"",""no_price_dollars"":""0.6700"",""taker_side"":""yes"",""ticker"":""KXETH15M-26APR280515-15"",""trade_id"":""501bafb5-f2da-53f0-d9f2-a090db6fb25c"",""yes_price_dollars"":""0.3300""}"
KXETH15M-26APR280515-15,350628bf-e86d-574c-f94e-cdfe29450822,1777367109,0.33,2.0,yes,"{""count_fp"":""2.00"",""created_time"":""2026-04-28T09:05:09.166738Z"",""no_price_dollars"":""0.6700"",""taker_side"":""yes"",""ticker"":""KXETH15M-26APR280515-15"",""trade_id"":""350628bf-e86d-574c-f94e-cdfe29450822"",""yes_price_dollars"":""0.3300""}"
KXETH15M-26APR280515-15,626cf260-5680-4f7e-cb52-e1935f136e87,1777367112,0.33,10.0,no,"{""count_fp"":""10.00"",""created_time"":""2026-04-28T09:05:12.942163Z"",""no_price_dollars"":""0.6700"",""taker_side"":""no"",""ticker"":""KXETH15M-26APR280515-15"",""trade_id"":""626cf260-5680-4f7e-cb52-e1935f136e87"",""yes_price_dollars"":""0.3300""}"
KXETH15M-26APR280515-15,7b7ec28a-eb50-56ac-e83a-2ff0f8f67570,1777367115,0.3,1.0,no,"{""count_fp"":""1.00"",""created_time"":""2026-04-28T09:05:15.369658Z"",""no_price_dollars"":""0.7000"",""taker_side"":""no"",""ticker"":""KXETH15M-26APR280515-15"",""trade_id"":""7b7ec28a-eb50-56ac-e83a-2ff0f8f67570"",""yes_price_dollars"":""0.3000""}"
KXETH15M-26APR280515-15,6578b786-1909-5f68-f7a3-2eb52fb2d3ba,1777367115,0.3,1.0,no,"{""count_fp"":""1.00"",""created_time"":""2026-04-28T09:05:15.369658Z"",""no_price_dollars"":""0.7000"",""taker_side"":""no"",""ticker"":""KXETH15M-26APR280515-15"",""trade_id"":""6578b786-1909-5f68-f7a3-2eb52fb2d3ba"",""yes_price_dollars"":""0.3000""}"
KXETH15M-26APR280515-15,64c02e04-7e6e-5b75-e982-ecf9a652a844,1777367115,0.29,9.0,no,"{""count_fp"":""9.00"",""created_time"":""2026-04-28T09:05:15.369658Z"",""no_price_dollars"":""0.7100"",""taker_side"":""no"",""ticker"":""KXETH15M-26APR280515-15"",""trade_id"":""64c02e04-7e6e-5b75-e982-ecf9a652a844"",""yes_price_dollars"":""0.2900""}"
KXETH15M-26APR280515-15,a3ce211c-2ef6-4369-dc0f-b18edb7ddbfc,1777367123,0.29,16.42,yes,"{""count_fp"":""16.42"",""created_time"":""2026-04-28T09:05:23.171354Z"",""no_price_dollars"":""0.7100"",""taker_side"":""yes"",""ticker"":""KXETH15M-26APR280515-15"",""trade_id"":""a3ce211c-2ef6-4369-dc0f-b18edb7ddbfc"",""yes_price_dollars"":""0.2900""}"
KXETH15M-26APR280515-15,f34cc037-c361-6c11-705e-b659a7342c61,1777367129,0.3,10.0,yes,"{""count_fp"":""10.00"",""created_time"":""2026-04-28T09:05:29.104627Z"",""no_price_dollars"":""0.7000"",""taker_side"":""yes"",""ticker"":""KXETH15M-26APR280515-15"",""trade_id"":""f34cc037-c361-6c11-705e-b659a7342c61"",""yes_price_dollars"":""0.3000""}"
KXETH15M-26APR280515-15,14754682-bf4a-4c39-2992-e5405ca82f11,1777367145,0.25,15.0,no,"{""count_fp"":""15.00"",""created_time"":""2026-04-28T09:05:45.542789Z"",""no_price_dollars"":""0.7500"",""taker_side"":""no"",""ticker"":""KXETH15M-26APR280515-15"",""trade_id"":""14754682-bf4a-4c39-2992-e5405ca82f11"",""yes_price_dollars"":""0.2500""}"
KXETH15M-26APR280515-15,434dbed5-06b1-63db-0d71-cc79e26d2f96,1777367145,0.29,10.0,no,"{""count_fp"":""10.00"",""created_time"":""2026-04-28T09:05:45.471815Z"",""no_price_dollars"":""0.7100"",""taker_side"":""no"",""ticker"":""KXETH15M-26APR280515-15"",""trade_id"":""434dbed5-06b1-63db-0d71-cc79e26d2f96"",""yes_price_dollars"":""0.2900""}"
KXETH15M-26APR280515-15,9e91a501-796a-663d-7b12-6cf9a6a6d804,1777367149,0.27,0.4,yes,"{""count_fp"":""0.40"",""created_time"":""2026-04-28T09:05:49.814488Z"",""no_price_dollars"":""0.7300"",""taker_side"":""yes"",""ticker"":""KXETH15M-26APR280515-15"",""trade_id"":""9e91a501-796a-663d-7b12-6cf9a6a6d804"",""yes_price_dollars"":""0.2700""}"
KXETH15M-26APR280515-15,658aa20a-7061-4f48-423b-7a033f89c79f,1777367154,0.23,5.0,no,"{""count_fp"":""5.00"",""created_time"":""2026-04-28T09:05:54.485119Z"",""no_price_dollars"":""0.7700"",""taker_side"":""no"",""ticker"":""KXETH15M-26APR280515-15"",""trade_id"":""658aa20a-7061-4f48-423b-7a033f89c79f"",""yes_price_dollars"":""0.2300""}"
KXETH15M-26APR280515-15,decfaaae-dff3-7e43-e935-bcd2bdaabd1a,1777367157,0.24,5.0,no,"{""count_fp"":""5.00"",""created_time"":""2026-04-28T09:05:57.065771Z"",""no_price_dollars"":""0.7600"",""taker_side"":""no"",""ticker"":""KXETH15M-26APR280515-15"",""trade_id"":""decfaaae-dff3-7e43-e935-bcd2bdaabd1a"",""yes_price_dollars"":""0.2400""}"
KXETH15M-26APR280515-15,f6ea9693-b9c9-4b0f-3415-5323c786a3de,1777367160,0.27,2.0,yes,"{""count_fp"":""2.00"",""created_time"":""2026-04-28T09:06:00.994816Z"",""no_price_dollars"":""0.7300"",""taker_side"":""yes"",""ticker"":""KXETH15M-26APR280515-15"",""trade_id"":""f6ea9693-b9c9-4b0f-3415-5323c786a3de"",""yes_price_dollars"":""0.2700""}"
KXETH15M-26APR280515-15,9338a814-7405-4047-09ef-d22577a97d04,1777367160,0.28,1.0,yes,"{""count_fp"":""1.00"",""created_time"":""2026-04-28T09:06:00.994816Z"",""no_price_dollars"":""0.7200"",""taker_side"":""yes"",""ticker"":""KXETH15M-26APR280515-15"",""trade_id"":""9338a814-7405-4047-09ef-d22577a97d04"",""yes_price_dollars"":""0.2800""}"
KXETH15M-26APR280515-15,6e797daf-08ea-479d-d76e-f266374f80e9,1777367172,0.26,0.4,no,"{""count_fp"":""0.40"",""created_time"":""2026-04-28T09:06:12.131869Z"",""no_price_dollars"":""0.7400"",""taker_side"":""no"",""ticker"":""KXETH15M-26APR280515-15"",""trade_id"":""6e797daf-08ea-479d-d76e-f266374f80e9"",""yes_price_dollars"":""0.2600""}"
KXETH15M-26APR280515-15,b75db2a1-3b2f-7db6-6e8b-005b1c183ddb,1777367176,0.25,8.8,no,"{""count_fp"":""8.80"",""created_time"":""2026-04-28T09:06:16.213174Z"",""no_price_dollars"":""0.7500"",""taker_side"":""no"",""ticker"":""KXETH15M-26APR280515-15"",""trade_id"":""b75db2a1-3b2f-7db6-6e8b-005b1c183ddb"",""yes_price_dollars"":""0.2500""}"
KXETH15M-26APR280515-15,9257e663-4e88-7c1e-58cd-046c70ade4cd,1777367176,0.26,10.0,no,"{""count_fp"":""10.00"",""created_time"":""2026-04-28T09:06:16.213174Z"",""no_price_dollars"":""0.7400"",""taker_side"":""no"",""ticker"":""KXETH15M-26APR280515-15"",""trade_id"":""9257e663-4e88-7c1e-58cd-046c70ade4cd"",""yes_price_dollars"":""0.2600""}"
KXETH15M-26APR280515-15,2e7d02ee-043c-7029-7d39-aef80ae08f66,1777367176,0.24,36.22,no,"{""count_fp"":""36.22"",""created_time"":""2026-04-28T09:06:16.213174Z"",""no_price_dollars"":""0.7600"",""taker_side"":""no"",""ticker"":""KXETH15M-26APR280515-15"",""trade_id"":""2e7d02ee-043c-7029-7d39-aef80ae08f66"",""yes_price_dollars"":""0.2400""}"
KXETH15M-26APR280515-15,113efd5b-2a4d-7750-5127-13f1325bdd5f,1777367176,0.25,10.0,no,"{""count_fp"":""10.00"",""created_time"":""2026-04-28T09:06:16.213174Z"",""no_price_dollars"":""0.7500"",""taker_side"":""no"",""ticker"":""KXETH15M-26APR280515-15"",""trade_id"":""113efd5b-2a4d-7750-5127-13f1325bdd5f"",""yes_price_dollars"":""0.2500""}"
KXETH15M-26APR280515-15,56c296bc-3356-5805-40e1-e13e1d5179dc,1777367177,0.27,17.0,yes,"{""count_fp"":""17.00"",""created_time"":""2026-04-28T09:06:17.746735Z"",""no_price_dollars"":""0.7300"",""taker_side"":""yes"",""ticker"":""KXETH15M-26APR280515-15"",""trade_id"":""56c296bc-3356-5805-40e1-e13e1d5179dc"",""yes_price_dollars"":""0.2700""}"
KXETH15M-26APR280515-15,cd3a1885-de37-65ed-12d7-8f37319ac124,1777367186,0.28,6.57,yes,"{""count_fp"":""6.57"",""created_time"":""2026-04-28T09:06:26.973187Z"",""no_price_dollars"":""0.7200"",""taker_side"":""yes"",""ticker"":""KXETH15M-26APR280515-15"",""trade_id"":""cd3a1885-de37-65ed-12d7-8f37319ac124"",""yes_price_dollars"":""0.2800""}"
KXETH15M-26APR280515-15,1ca1bb54-03d1-5c43-cfd2-9077a22ea803,1777367191,0.25,8.8,no,"{""count_fp"":""8.80"",""created_time"":""2026-04-28T09:06:31.295326Z"",""no_price_dollars"":""0.7500"",""taker_side"":""no"",""ticker"":""KXETH15M-26APR280515-15"",""trade_id"":""1ca1bb54-03d1-5c43-cfd2-9077a22ea803"",""yes_price_dollars"":""0.2500""}"
KXETH15M-26APR280515-15,0cbbd8ad-8c46-5057-cdd1-daf0d3396d1f,1777367191,0.25,10.0,no,"{""count_fp"":""10.00"",""created_time"":""2026-04-28T09:06:31.295326Z"",""no_price_dollars"":""0.7500"",""taker_side"":""no"",""ticker"":""KXETH15M-26APR280515-15"",""trade_id"":""0cbbd8ad-8c46-5057-cdd1-daf0d3396d1f"",""yes_price_dollars"":""0.2500""}"
KXETH15M-26APR280515-15,815c083f-5157-7d4a-adff-90a34d429952,1777367196,0.21,0.18,no,"{""count_fp"":""0.18"",""created_time"":""2026-04-28T09:06:36.261872Z"",""no_price_dollars"":""0.7900"",""taker_side"":""no"",""ticker"":""KXETH15M-26APR280515-15"",""trade_id"":""815c083f-5157-7d4a-adff-90a34d429952"",""yes_price_dollars"":""0.2100""}"
KXETH15M-26APR280515-15,d01aa375-bfb8-69c1-1a4f-99c9857c3510,1777367200,0.21,6.42,no,"{""count_fp"":""6.42"",""created_time"":""2026-04-28T09:06:40.017583Z"",""no_price_dollars"":""0.7900"",""taker_side"":""no"",""ticker"":""KXETH15M-26APR280515-15"",""trade_id"":""d01aa375-bfb8-69c1-1a4f-99c9857c3510"",""yes_price_dollars"":""0.2100""}"
KXETH15M-26APR280515-15,64840337-7989-6cb5-29a0-f4e68125d39b,1777367200,0.21,10.0,no,"{""count_fp"":""10.00"",""created_time"":""2026-04-28T09:06:40.017583Z"",""no_price_dollars"":""0.7900"",""taker_side"":""no"",""ticker"":""KXETH15M-26APR280515-15"",""trade_id"":""64840337-7989-6cb5-29a0-f4e68125d39b"",""yes_price_dollars"":""0.2100""}"
KXETH15M-26APR280515-15,e191905f-cc6d-7943-8e3e-9b8f14e1e72d,1777367204,0.25,10.0,yes,"{""count_fp"":""10.00"",""created_time"":""2026-04-28T09:06:44.933466Z"",""no_price_dollars"":""0.7500"",""taker_side"":""yes"",""ticker"":""KXETH15M-26APR280515-15"",""trade_id"":""e191905f-cc6d-7943-8e3e-9b8f14e1e72d"",""yes_price_dollars"":""0.2500""}"
KXETH15M-26APR280515-15,97eb05b3-d5c2-6aa8-aeb8-5e0f120569c7,1777367219,0.24,7.6,yes,"{""count_fp"":""7.60"",""created_time"":""2026-04-28T09:06:59.351601Z"",""no_price_dollars"":""0.7600"",""taker_side"":""yes"",""ticker"":""KXETH15M-26APR280515-15"",""trade_id"":""97eb05b3-d5c2-6aa8-aeb8-5e0f120569c7"",""yes_price_dollars"":""0.2400""}"
KXETH15M-26APR280515-15,8e664582-3e2a-6519-b6ec-a38602a1e195,1777367220,0.2,2.0,no,"{""count_fp"":""2.00"",""created_time"":""2026-04-28T09:07:00.488026Z"",""no_price_dollars"":""0.8000"",""taker_side"":""no"",""ticker"":""KXETH15M-26APR280515-15"",""trade_id"":""8e664582-3e2a-6519-b6ec-a38602a1e195"",""yes_price_dollars"":""0.2000""}"
KXETH15M-26APR280515-15,2b1d0ab0-a522-6382-bd42-14000bbb65d7,1777367220,0.22,10.0,no,"{""count_fp"":""10.00"",""created_time"":""2026-04-28T09:07:00.488026Z"",""no_price_dollars"":""0.7800"",""taker_side"":""no"",""ticker"":""KXETH15M-26APR280515-15"",""trade_id"":""2b1d0ab0-a522-6382-bd42-14000bbb65d7"",""yes_price_dollars"":""0.2200""}"
KXETH15M-26APR280515-15,b4cb14c8-810b-784c-5740-8a3a0b917465,1777367220,0.24,8.0,yes,"{""count_fp"":""8.00"",""created_time"":""2026-04-28T09:07:00.388823Z"",""no_price_dollars"":""0.7600"",""taker_side"":""yes"",""ticker"":""KXETH15M-26APR280515-15"",""trade_id"":""b4cb14c8-810b-784c-5740-8a3a0b917465"",""yes_price_dollars"":""0.2400""}"
KXETH15M-26APR280515-15,e46340e3-6b03-4d75-520b-ca5e09de995e,1777367224,0.21,1.0,no,"{""count_fp"":""1.00"",""created_time"":""2026-04-28T09:07:04.593534Z"",""no_price_dollars"":""0.7900"",""taker_side"":""no"",""ticker"":""KXETH15M-26APR280515-15"",""trade_id"":""e46340e3-6b03-4d75-520b-ca5e09de995e"",""yes_price_dollars"":""0.2100""}"
KXETH15M-26APR280515-15,c14c3633-881f-5cb7-f643-99c84d3eefc1,1777367224,0.24,10.0,yes,"{""count_fp"":""10.00"",""created_time"":""2026-04-28T09:07:04.331275Z"",""no_price_dollars"":""0.7600"",""taker_side"":""yes"",""ticker"":""KXETH15M-26APR280515-15"",""trade_id"":""c14c3633-881f-5cb7-f643-99c84d3eefc1"",""yes_price_dollars"":""0.2400""}"
KXETH15M-26APR280515-15,106993b5-af2f-5cbe-d82e-80cfcdcedfbd,1777367224,0.24,1.86,yes,"{""count_fp"":""1.86"",""created_time"":""2026-04-28T09:07:04.331275Z"",""no_price_dollars"":""0.7600"",""taker_side"":""yes"",""ticker"":""KXETH15M-26APR280515-15"",""trade_id"":""106993b5-af2f-5cbe-d82e-80cfcdcedfbd"",""yes_price_dollars"":""0.2400""}"
KXETH15M-26APR280515-15,78f95199-3762-501c-943d-68ba0dde2acf,1777367228,0.21,1.0,no,"{""count_fp"":""1.00"",""created_time"":""2026-04-28T09:07:08.754772Z"",""no_price_dollars"":""0.7900"",""taker_side"":""no"",""ticker"":""KXETH15M-26APR280515-15"",""trade_id"":""78f95199-3762-501c-943d-68ba0dde2acf"",""yes_price_dollars"":""0.2100""}"
KXETH15M-26APR280515-15,ceb4403d-8a86-5304-baf3-6e3d6ff854b3,1777367228,0.21,1.0,no,"{""count_fp"":""1.00"",""created_time"":""2026-04-28T09:07:08.752176Z"",""no_price_dollars"":""0.7900"",""taker_side"":""no"",""ticker"":""KXETH15M-26APR280515-15"",""trade_id"":""ceb4403d-8a86-5304-baf3-6e3d6ff854b3"",""yes_price_dollars"":""0.2100""}"
KXETH15M-26APR280515-15,5d04ed9e-69a3-5b44-fcbd-931091c393d9,1777367234,0.25,1.0,yes,"{""count_fp"":""1.00"",""created_time"":""2026-04-28T09:07:14.518063Z"",""no_price_dollars"":""0.7500"",""taker_side"":""yes"",""ticker"":""KXETH15M-26APR280515-15"",""trade_id"":""5d04ed9e-69a3-5b44-fcbd-931091c393d9"",""yes_price_dollars"":""0.2500""}"
KXETH15M-26APR280515-15,5fb3df65-f1b7-609e-1cdf-aa70eca0b712,1777367237,0.21,1.53,no,"{""count_fp"":""1.53"",""created_time"":""2026-04-28T09:07:17.119557Z"",""no_price_dollars"":""0.7900"",""taker_side"":""no"",""ticker"":""KXETH15M-26APR280515-15"",""trade_id"":""5fb3df65-f1b7-609e-1cdf-aa70eca0b712"",""yes_price_dollars"":""0.2100""}"
KXETH15M-26APR280515-15,44e76739-3bd3-68ec-3091-c57ca7c9b14e,1777367237,0.21,10.0,no,"{""count_fp"":""10.00"",""created_time"":""2026-04-28T09:07:17.119557Z"",""no_price_dollars"":""0.7900"",""taker_side"":""no"",""ticker"":""KXETH15M-26APR280515-15"",""trade_id"":""44e76739-3bd3-68ec-3091-c57ca7c9b14e"",""yes_price_dollars"":""0.2100""}"
KXETH15M-26APR280515-15,242c3ef3-2c36-6074-2699-82cd43239a83,1777367237,0.21,8.47,no,"{""count_fp"":""8.47"",""created_time"":""2026-04-28T09:07:17.119557Z"",""no_price_dollars"":""0.7900"",""taker_side"":""no"",""ticker"":""KXETH15M-26APR280515-15"",""trade_id"":""242c3ef3-2c36-6074-2699-82cd43239a83"",""yes_price_dollars"":""0.2100""}"
KXETH15M-26APR280515-15,e370e751-550c-6079-1bc3-80e3f5f300c6,1777367246,0.18,100.0,no,"{""count_fp"":""100.00"",""created_time"":""2026-04-28T09:07:26.513225Z"",""no_price_dollars"":""0.8200"",""taker_side"":""no"",""ticker"":""KXETH15M-26APR280515-15"",""trade_id"":""e370e751-550c-6079-1bc3-80e3f5f300c6"",""yes_price_dollars"":""0.1800""}"
KXETH15M-26APR280515-15,49c8a309-81a3-6e09-3dd5-eaa73327b3e2,1777367246,0.18,10.0,no,"{""count_fp"":""10.00"",""created_time"":""2026-04-28T09:07:26.513225Z"",""no_price_dollars"":""0.8200"",""taker_side"":""no"",""ticker"":""KXETH15M-26APR280515-15"",""trade_id"":""49c8a309-81a3-6e09-3dd5-eaa73327b3e2"",""yes_price_dollars"":""0.1800""}"
KXETH15M-26APR280515-15,d1361881-b434-68b4-d6a8-434c55479946,1777367246,0.19,10.0,no,"{""count_fp"":""10.00"",""created_time"":""2026-04-28T09:07:26.498622Z"",""no_price_dollars"":""0.8100"",""taker_side"":""no"",""ticker"":""KXETH15M-26APR280515-15"",""trade_id"":""d1361881-b434-68b4-d6a8-434c55479946"",""yes_price_dollars"":""0.1900""}"
KXETH15M-26APR280515-15,adf9c7fe-c014-773f-7d52-b26d5a9adb78,1777367246,0.22,5.0,yes,"{""count_fp"":""5.00"",""created_time"":""2026-04-28T09:07:26.251295Z"",""no_price_dollars"":""0.7800"",""taker_side"":""yes"",""ticker"":""KXETH15M-26APR280515-15"",""trade_id"":""adf9c7fe-c014-773f-7d52-b26d5a9adb78"",""yes_price_dollars"":""0.2200""}"
KXETH15M-26APR280515-15,c57c9ae2-b8ae-4eda-7e88-4a1d341f3979,1777367247,0.13,7.0,no,"{""count_fp"":""7.00"",""created_time"":""2026-04-28T09:07:27.335364Z"",""no_price_dollars"":""0.8700"",""taker_side"":""no"",""ticker"":""KXETH15M-26APR280515-15"",""trade_id"":""c57c9ae2-b8ae-4eda-7e88-4a1d341f3979"",""yes_price_dollars"":""0.1300""}"
KXETH15M-26APR280515-15,572071e9-7cc0-7a33-4666-b614420747b5,1777367248,0.12,18.0,yes,"{""count_fp"":""18.00"",""created_time"":""2026-04-28T09:07:28.618475Z"",""no_price_dollars"":""0.8800"",""taker_side"":""yes"",""ticker"":""KXETH15M-26APR280515-15"",""trade_id"":""572071e9-7cc0-7a33-4666-b614420747b5"",""yes_price_dollars"":""0.1200""}"
KXETH15M-26APR280515-15,e47f3788-3378-766b-2b41-6c8c49dc8141,1777367249,0.12,26.0,yes,"{""count_fp"":""26.00"",""created_time"":""2026-04-28T09:07:29.272637Z"",""no_price_dollars"":""0.8800"",""taker_side"":""yes"",""ticker"":""KXETH15M-26APR280515-15"",""trade_id"":""e47f3788-3378-766b-2b41-6c8c49dc8141"",""yes_price_dollars"":""0.1200""}"
KXETH15M-26APR280515-15,6af1a7a5-9ae7-7e91-2cd2-296d42531f05,1777367253,0.19,1.0,yes,"{""count_fp"":""1.00"",""created_time"":""2026-04-28T09:07:33.130375Z"",""no_price_dollars"":""0.8100"",""taker_side"":""yes"",""ticker"":""KXETH15M-26APR280515-15"",""trade_id"":""6af1a7a5-9ae7-7e91-2cd2-296d42531f05"",""yes_price_dollars"":""0.1900""}"
KXETH15M-26APR280515-15,c1462797-b192-56f0-4199-9c384a9032a9,1777367276,0.24,1.0,yes,"{""count_fp"":""1.00"",""created_time"":""2026-04-28T09:07:56.663021Z"",""no_price_dollars"":""0.7600"",""taker_side"":""yes"",""ticker"":""KXETH15M-26APR280515-15"",""trade_id"":""c1462797-b192-56f0-4199-9c384a9032a9"",""yes_price_dollars"":""0.2400""}"
KXETH15M-26APR280515-15,d2662fc3-4bcf-4af7-8452-9b31a2d29b84,1777367277,0.21,10.0,no,"{""count_fp"":""10.00"",""created_time"":""2026-04-28T09:07:57.105409Z"",""no_price_dollars"":""0.7900"",""taker_side"":""no"",""ticker"":""KXETH15M-26APR280515-15"",""trade_id"":""d2662fc3-4bcf-4af7-8452-9b31a2d29b84"",""yes_price_dollars"":""0.2100""}"
KXETH15M-26APR280515-15,64da6007-416e-4c99-83fc-47e157c276ad,1777367277,0.2,135.0,no,"{""count_fp"":""135.00"",""created_time"":""2026-04-28T09:07:57.105409Z"",""no_price_dollars"":""0.8000"",""taker_side"":""no"",""ticker"":""KXETH15M-26APR280515-15"",""trade_id"":""64da6007-416e-4c99-83fc-47e157c276ad"",""yes_price_dollars"":""0.2000""}"
KXETH15M-26APR280515-15,01c1d1dd-a1de-6731-ac02-4158f3c6c081,1777367279,0.17,15.0,no,"{""count_fp"":""15.00"",""created_time"":""2026-04-28T09:07:59.203007Z"",""no_price_dollars"":""0.8300"",""taker_side"":""no"",""ticker"":""KXETH15M-26APR280515-15"",""trade_id"":""01c1d1dd-a1de-6731-ac02-4158f3c6c081"",""yes_price_dollars"":""0.1700""}"
KXETH15M-26APR280515-15,3d60cfd1-c2aa-5669-e1a4-53a00a304905,1777367280,0.17,20.0,no,"{""count_fp"":""20.00"",""created_time"":""2026-04-28T09:08:00.073993Z"",""no_price_dollars"":""0.8300"",""taker_side"":""no"",""ticker"":""KXETH15M-26APR280515-15"",""trade_id"":""3d60cfd1-c2aa-5669-e1a4-53a00a304905"",""yes_price_dollars"":""0.1700""}"
KXETH15M-26APR280515-15,9f81c676-777e-4f41-93b4-6ffff5671f75,1777367283,0.15,5.0,no,"{""count_fp"":""5.00"",""created_time"":""2026-04-28T09:08:03.952876Z"",""no_price_dollars"":""0.8500"",""taker_side"":""no"",""ticker"":""KXETH15M-26APR280515-15"",""trade_id"":""9f81c676-777e-4f41-93b4-6ffff5671f75"",""yes_price_dollars"":""0.1500""}"
KXETH15M-26APR280515-15,75e10042-af46-4f58-4c6c-23e2666f2bd5,1777367283,0.2,10.0,yes,"{""count_fp"":""10.00"",""created_time"":""2026-04-28T09:08:03.039898Z"",""no_price_dollars"":""0.8000"",""taker_side"":""yes"",""ticker"":""KXETH15M-26APR280515-15"",""trade_id"":""75e10042-af46-4f58-4c6c-23e2666f2bd5"",""yes_price_dollars"":""0.2000""}"
KXETH15M-26APR280515-15,5c7bc7c7-e8f0-4ddf-42c8-63a850cc1931,1777367283,0.21,14.0,yes,"{""count_fp"":""14.00"",""created_time"":""2026-04-28T09:08:03.039898Z"",""no_price_dollars"":""0.7900"",""taker_side"":""yes"",""ticker"":""KXETH15M-26APR280515-15"",""trade_id"":""5c7bc7c7-e8f0-4ddf-42c8-63a850cc1931"",""yes_price_dollars"":""0.2100""}"
KXETH15M-26APR280515-15,4343ed8c-10e6-5975-d90a-7d176ed9d2e5,1777367284,0.15,1.0,no,"{""count_fp"":""1.00"",""created_time"":""2026-04-28T09:08:04.595858Z"",""no_price_dollars"":""0.8500"",""taker_side"":""no"",""ticker"":""KXETH15M-26APR280515-15"",""trade_id"":""4343ed8c-10e6-5975-d90a-7d176ed9d2e5"",""yes_price_dollars"":""0.1500""}"
KXETH15M-26APR280515-15,259e4d42-0ced-735a-eb83-5f1135578bd3,1777367290,0.17,3.0,no,"{""count_fp"":""3.00"",""created_time"":""2026-04-28T09:08:10.638624Z"",""no_price_dollars"":""0.8300"",""taker_side"":""no"",""ticker"":""KXETH15M-26APR280515-15"",""trade_id"":""259e4d42-0ced-735a-eb83-5f1135578bd3"",""yes_price_dollars"":""0.1700""}"
KXETH15M-26APR280515-15,ebf38e43-4702-55b2-b6e4-2e21888dc893,1777367292,0.18,1.0,no,"{""count_fp"":""1.00"",""created_time"":""2026-04-28T09:08:12.876276Z"",""no_price_dollars"":""0.8200"",""taker_side"":""no"",""ticker"":""KXETH15M-26APR280515-15"",""trade_id"":""ebf38e43-4702-55b2-b6e4-2e21888dc893"",""yes_price_dollars"":""0.1800""}"
KXETH15M-26APR280515-15,3dca6df6-eec9-76c1-94f2-a6aa72103fd0,1777367293,0.17,3.13,no,"{""count_fp"":""3.13"",""created_time"":""2026-04-28T09:08:13.203805Z"",""no_price_dollars"":""0.8300"",""taker_side"":""no"",""ticker"":""KXETH15M-26APR280515-15"",""trade_id"":""3dca6df6-eec9-76c1-94f2-a6aa72103fd0"",""yes_price_dollars"":""0.1700""}"
KXETH15M-26APR280515-15,a59cd823-9f67-718f-ec81-38a8c2ad310e,1777367294,0.15,7.0,no,"{""count_fp"":""7.00"",""created_time"":""2026-04-28T09:08:14.505956Z"",""no_price_dollars"":""0.8500"",""taker_side"":""no"",""ticker"":""KXETH15M-26APR280515-15"",""trade_id"":""a59cd823-9f67-718f-ec81-38a8c2ad310e"",""yes_price_dollars"":""0.1500""}"
KXETH15M-26APR280515-15,a44b8fc4-88da-40e1-91e6-e9c6f0c0f650,1777367298,0.17,10.0,no,"{""count_fp"":""10.00"",""created_time"":""2026-04-28T09:08:18.656922Z"",""no_price_dollars"":""0.8300"",""taker_side"":""no"",""ticker"":""KXETH15M-26APR280515-15"",""trade_id"":""a44b8fc4-88da-40e1-91e6-e9c6f0c0f650"",""yes_price_dollars"":""0.1700""}"
KXETH15M-26APR280515-15,2f036777-e016-421c-99f7-c4dec28f0c08,1777367298,0.17,7.0,no,"{""count_fp"":""7.00"",""created_time"":""2026-04-28T09:08:18.656922Z"",""no_price_dollars"":""0.8300"",""taker_side"":""no"",""ticker"":""KXETH15M-26APR280515-15"",""trade_id"":""2f036777-e016-421c-99f7-c4dec28f0c08"",""yes_price_dollars"":""0.1700""}"
KXETH15M-26APR280515-15,6c7dad5e-2ab8-4893-9ddd-d07ec80efd3c,1777367303,0.16,0.56,no,"{""count_fp"":""0.56"",""created_time"":""2026-04-28T09:08:23.639165Z"",""no_price_dollars"":""0.8400"",""taker_side"":""no"",""ticker"":""KXETH15M-26APR280515-15"",""trade_id"":""6c7dad5e-2ab8-4893-9ddd-d07ec80efd3c"",""yes_price_dollars"":""0.1600""}"
KXETH15M-26APR280515-15,c7390201-f9fa-6260-6584-a8e376a57527,1777367303,0.16,10.0,no,"{""count_fp"":""10.00"",""created_time"":""2026-04-28T09:08:23.605611Z"",""no_price_dollars"":""0.8400"",""taker_side"":""no"",""ticker"":""KXETH15M-26APR280515-15"",""trade_id"":""c7390201-f9fa-6260-6584-a8e376a57527"",""yes_price_dollars"":""0.1600""}"
KXETH15M-26APR280515-15,b570c4b9-7b14-64cf-4f54-6b9d283e2d10,1777367303,0.16,7.0,no,"{""count_fp"":""7.00"",""created_time"":""2026-04-28T09:08:23.605611Z"",""no_price_dollars"":""0.8400"",""taker_side"":""no"",""ticker"":""KXETH15M-26APR280515-15"",""trade_id"":""b570c4b9-7b14-64cf-4f54-6b9d283e2d10"",""yes_price_dollars"":""0.1600""}"
KXETH15M-26APR280515-15,7493f66c-43bd-5846-c3bb-649235b326f7,1777367306,0.13,10.0,no,"{""count_fp"":""10.00"",""created_time"":""2026-04-28T09:08:26.747684Z"",""no_price_dollars"":""0.8700"",""taker_side"":""no"",""ticker"":""KXETH15M-26APR280515-15"",""trade_id"":""7493f66c-43bd-5846-c3bb-649235b326f7"",""yes_price_dollars"":""0.1300""}"
KXETH15M-26APR280515-15,6b546af2-d1ff-56d3-e013-d3e622310c40,1777367306,0.12,17.0,no,"{""count_fp"":""17.00"",""created_time"":""2026-04-28T09:08:26.747684Z"",""no_price_dollars"":""0.8800"",""taker_side"":""no"",""ticker"":""KXETH15M-26APR280515-15"",""trade_id"":""6b546af2-d1ff-56d3-e013-d3e622310c40"",""yes_price_dollars"":""0.1200""}"
KXETH15M-26APR280515-15,7e948f62-a349-74f9-8306-58340351fb24,1777367311,0.13,2.0,no,"{""count_fp"":""2.00"",""created_time"":""2026-04-28T09:08:31.916189Z"",""no_price_dollars"":""0.8700"",""taker_side"":""no"",""ticker"":""KXETH15M-26APR280515-15"",""trade_id"":""7e948f62-a349-74f9-8306-58340351fb24"",""yes_price_dollars"":""0.1300""}"
KXETH15M-26APR280515-15,12d038f1-f635-7288-91bd-3af63119eb9f,1777367311,0.13,1.0,no,"{""count_fp"":""1.00"",""created_time"":""2026-04-28T09:08:31.916189Z"",""no_price_dollars"":""0.8700"",""taker_side"":""no"",""ticker"":""KXETH15M-26APR280515-15"",""trade_id"":""12d038f1-f635-7288-91bd-3af63119eb9f"",""yes_price_dollars"":""0.1300""}"
KXETH15M-26APR280515-15,037e6c87-fccc-5397-a27e-6b97a5722e8a,1777367312,0.15,0.4,yes,"{""count_fp"":""0.40"",""created_time"":""2026-04-28T09:08:32.184196Z"",""no_price_dollars"":""0.8500"",""taker_side"":""yes"",""ticker"":""KXETH15M-26APR280515-15"",""trade_id"":""037e6c87-fccc-5397-a27e-6b97a5722e8a"",""yes_price_dollars"":""0.1500""}"
KXETH15M-26APR280515-15,8190605a-237c-67c7-e2e2-f6f7206492ff,1777367315,0.18,10.0,yes,"{""count_fp"":""10.00"",""created_time"":""2026-04-28T09:08:35.744931Z"",""no_price_dollars"":""0.8200"",""taker_side"":""yes"",""ticker"":""KXETH15M-26APR280515-15"",""trade_id"":""8190605a-237c-67c7-e2e2-f6f7206492ff"",""yes_price_dollars"":""0.1800""}"
KXETH15M-26APR280515-15,58df7a2e-a444-6f35-d3a8-b28f40eaa079,1777367315,0.18,10.0,yes,"{""count_fp"":""10.00"",""created_time"":""2026-04-28T09:08:35.744931Z"",""no_price_dollars"":""0.8200"",""taker_side"":""yes"",""ticker"":""KXETH15M-26APR280515-15"",""trade_id"":""58df7a2e-a444-6f35-d3a8-b28f40eaa079"",""yes_price_dollars"":""0.1800""}"
KXETH15M-26APR280515-15,6f6a4383-f048-5921-727f-d0e8b0626eb8,1777367315,0.15,1.0,yes,"{""count_fp"":""1.00"",""created_time"":""2026-04-28T09:08:35.629012Z"",""no_price_dollars"":""0.8500"",""taker_side"":""yes"",""ticker"":""KXETH15M-26APR280515-15"",""trade_id"":""6f6a4383-f048-5921-727f-d0e8b0626eb8"",""yes_price_dollars"":""0.1500""}"
KXETH15M-26APR280515-15,70ee2f0c-4106-435b-92bc-97870351a174,1777367316,0.25,1.0,yes,"{""count_fp"":""1.00"",""created_time"":""2026-04-28T09:08:36.058303Z"",""no_price_dollars"":""0.7500"",""taker_side"":""yes"",""ticker"":""KXETH15M-26APR280515-15"",""trade_id"":""70ee2f0c-4106-435b-92bc-97870351a174"",""yes_price_dollars"":""0.2500""}"
KXETH15M-26APR280515-15,91ce6c53-7e07-490b-9341-5af85db69cf8,1777367317,0.15,187.53,no,"{""count_fp"":""187.53"",""created_time"":""2026-04-28T09:08:37.504732Z"",""no_price_dollars"":""0.8500"",""taker_side"":""no"",""ticker"":""KXETH15M-26APR280515-15"",""trade_id"":""91ce6c53-7e07-490b-9341-5af85db69cf8"",""yes_price_dollars"":""0.1500""}"
KXETH15M-26APR280515-15,40938111-6cc1-4a59-9e4e-9daaea750454,1777367317,0.18,100.0,no,"{""count_fp"":""100.00"",""created_time"":""2026-04-28T09:08:37.504732Z"",""no_price_dollars"":""0.8200"",""taker_side"":""no"",""ticker"":""KXETH15M-26APR280515-15"",""trade_id"":""40938111-6cc1-4a59-9e4e-9daaea750454"",""yes_price_dollars"":""0.1800""}"
KXETH15M-26APR280515-15,05979442-0bf5-4a35-a18b-0d0df3f79598,1777367317,0.19,10.0,no,"{""count_fp"":""10.00"",""created_time"":""2026-04-28T09:08:37.504732Z"",""no_price_dollars"":""0.8100"",""taker_side"":""no"",""ticker"":""KXETH15M-26APR280515-15"",""trade_id"":""05979442-0bf5-4a35-a18b-0d0df3f79598"",""yes_price_dollars"":""0.1900""}"
KXETH15M-26APR280515-15,fdd61463-65db-7a07-c616-363b4d7ecfd0,1777367318,0.15,6.0,no,"{""count_fp"":""6.00"",""created_time"":""2026-04-28T09:08:38.845396Z"",""no_price_dollars"":""0.8500"",""taker_side"":""no"",""ticker"":""KXETH15M-26APR280515-15"",""trade_id"":""fdd61463-65db-7a07-c616-363b4d7ecfd0"",""yes_price_dollars"":""0.1500""}"
KXETH15M-26APR280515-15,2e67b3c1-c09f-79fb-bf8d-95549ac344ed,1777367324,0.22,1.0,yes,"{""count_fp"":""1.00"",""created_time"":""2026-04-28T09:08:44.279876Z"",""no_price_dollars"":""0.7800"",""taker_side"":""yes"",""ticker"":""KXETH15M-26APR280515-15"",""trade_id"":""2e67b3c1-c09f-79fb-bf8d-95549ac344ed"",""yes_price_dollars"":""0.2200""}"
KXETH15M-26APR280515-15,9bf41494-da44-7aa9-752f-1715ffcce744,1777367326,0.19,12.93,yes,"{""count_fp"":""12.93"",""created_time"":""2026-04-28T09:08:46.799008Z"",""no_price_dollars"":""0.8100"",""taker_side"":""yes"",""ticker"":""KXETH15M-26APR280515-15"",""trade_id"":""9bf41494-da44-7aa9-752f-1715ffcce744"",""yes_price_dollars"":""0.1900""}"
KXETH15M-26APR280515-15,427ecc56-ba10-79cd-0f1a-3c581288e594,1777367327,0.17,3.0,no,"{""count_fp"":""3.00"",""created_time"":""2026-04-28T09:08:47.347765Z"",""no_price_dollars"":""0.8300"",""taker_side"":""no"",""ticker"":""KXETH15M-26APR280515-15"",""trade_id"":""427ecc56-ba10-79cd-0f1a-3c581288e594"",""yes_price_dollars"":""0.1700""}"
KXETH15M-26APR280515-15,cfa0b07f-2476-7d9f-d3f5-7b9974361644,1777367333,0.25,1.0,yes,"{""count_fp"":""1.00"",""created_time"":""2026-04-28T09:08:53.851965Z"",""no_price_dollars"":""0.7500"",""taker_side"":""yes"",""ticker"":""KXETH15M-26APR280515-15"",""trade_id"":""cfa0b07f-2476-7d9f-d3f5-7b9974361644"",""yes_price_dollars"":""0.2500""}"
KXETH15M-26APR280515-15,6dd330ef-49df-511b-0808-4e79570f5431,1777367333,0.24,10.0,yes,"{""count_fp"":""10.00"",""created_time"":""2026-04-28T09:08:53.716622Z"",""no_price_dollars"":""0.7600"",""taker_side"":""yes"",""ticker"":""KXETH15M-26APR280515-15"",""trade_id"":""6dd330ef-49df-511b-0808-4e79570f5431"",""yes_price_dollars"":""0.2400""}"
KXETH15M-26APR280515-15,c3ec2e5c-defd-62a7-610f-5472b80773db,1777367333,0.23,10.0,yes,"{""count_fp"":""10.00"",""created_time"":""2026-04-28T09:08:53.693118Z"",""no_price_dollars"":""0.7700"",""taker_side"":""yes"",""ticker"":""KXETH15M-26APR280515-15"",""trade_id"":""c3ec2e5c-defd-62a7-610f-5472b80773db"",""yes_price_dollars"":""0.2300""}"
KXETH15M-26APR280515-15,c46fc439-bead-6765-30b7-8fbae8105a9c,1777367340,0.27,2.0,yes,"{""count_fp"":""2.00"",""created_time"":""2026-04-28T09:09:00.191332Z"",""no_price_dollars"":""0.7300"",""taker_side"":""yes"",""ticker"":""KXETH15M-26APR280515-15"",""trade_id"":""c46fc439-bead-6765-30b7-8fbae8105a9c"",""yes_price_dollars"":""0.2700""}"
KXETH15M-26APR280515-15,961e113e-1bfc-6392-2b77-e751ebd0bea3,1777367340,0.29,3.0,yes,"{""count_fp"":""3.00"",""created_time"":""2026-04-28T09:09:00.191332Z"",""no_price_dollars"":""0.7100"",""taker_side"":""yes"",""ticker"":""KXETH15M-26APR280515-15"",""trade_id"":""961e113e-1bfc-6392-2b77-e751ebd0bea3"",""yes_price_dollars"":""0.2900""}"
KXETH15M-26APR280515-15,3ab1f69b-3f83-729c-c169-e913cf66634a,1777367343,0.21,10.0,no,"{""count_fp"":""10.00"",""created_time"":""2026-04-28T09:09:03.556973Z"",""no_price_dollars"":""0.7900"",""taker_side"":""no"",""ticker"":""KXETH15M-26APR280515-15"",""trade_id"":""3ab1f69b-3f83-729c-c169-e913cf66634a"",""yes_price_dollars"":""0.2100""}"
KXETH15M-26APR280515-15,572e1a63-2a4d-4b25-fda2-fd81fb244277,1777367343,0.23,10.0,no,"{""count_fp"":""10.00"",""created_time"":""2026-04-28T09:09:03.551825Z"",""no_price_dollars"":""0.7700"",""taker_side"":""no"",""ticker"":""KXETH15M-26APR280515-15"",""trade_id"":""572e1a63-2a4d-4b25-fda2-fd81fb244277"",""yes_price_dollars"":""0.2300""}"
KXETH15M-26APR280515-15,b8fdf645-22af-7aa9-2f94-ab60ad8d5e64,1777367351,0.24,0.15,yes,"{""count_fp"":""0.15"",""created_time"":""2026-04-28T09:09:11.578815Z"",""no_price_dollars"":""0.7600"",""taker_side"":""yes"",""ticker"":""KXETH15M-26APR280515-15"",""trade_id"":""b8fdf645-22af-7aa9-2f94-ab60ad8d5e64"",""yes_price_dollars"":""0.2400""}"
KXETH15M-26APR280515-15,7ced4863-ec7f-7019-cb94-c94e16483e08,1777367351,0.24,12.0,yes,"{""count_fp"":""12.00"",""created_time"":""2026-04-28T09:09:11.569555Z"",""no_price_dollars"":""0.7600"",""taker_side"":""yes"",""ticker"":""KXETH15M-26APR280515-15"",""trade_id"":""7ced4863-ec7f-7019-cb94-c94e16483e08"",""yes_price_dollars"":""0.2400""}"
KXETH15M-26APR280515-15,514cc0a4-ce6f-77ca-c8de-cf66dfb26e90,1777367351,0.24,10.0,yes,"{""count_fp"":""10.00"",""created_time"":""2026-04-28T09:09:11.569555Z"",""no_price_dollars"":""0.7600"",""taker_side"":""yes"",""ticker"":""KXETH15M-26APR280515-15"",""trade_id"":""514cc0a4-ce6f-77ca-c8de-cf66dfb26e90"",""yes_price_dollars"":""0.2400""}"
KXETH15M-26APR280515-15,e45d5c5f-4e2b-72c5-aa7a-4700edd0f3ea,1777367352,0.31,10.0,no,"{""count_fp"":""10.00"",""created_time"":""2026-04-28T09:09:12.116077Z"",""no_price_dollars"":""0.6900"",""taker_side"":""no"",""ticker"":""KXETH15M-26APR280515-15"",""trade_id"":""e45d5c5f-4e2b-72c5-aa7a-4700edd0f3ea"",""yes_price_dollars"":""0.3100""}"
KXETH15M-26APR280515-15,771ee5c8-cf77-717f-b5cd-d65a5b4896a8,1777367352,0.29,187.0,no,"{""count_fp"":""187.00"",""created_time"":""2026-04-28T09:09:12.116077Z"",""no_price_dollars"":""0.7100"",""taker_side"":""no"",""ticker"":""KXETH15M-26APR280515-15"",""trade_id"":""771ee5c8-cf77-717f-b5cd-d65a5b4896a8"",""yes_price_dollars"":""0.2900""}"
KXETH15M-26APR280515-15,297ecc2f-e8eb-7e84-be10-e103f863610a,1777367352,0.31,100.0,no,"{""count_fp"":""100.00"",""created_time"":""2026-04-28T09:09:12.116077Z"",""no_price_dollars"":""0.6900"",""taker_side"":""no"",""ticker"":""KXETH15M-26APR280515-15"",""trade_id"":""297ecc2f-e8eb-7e84-be10-e103f863610a"",""yes_price_dollars"":""0.3100""}"
KXETH15M-26APR280515-15,f7a130e6-7d08-643b-666e-2a6e576ab679,1777367369,0.26,100.0,no,"{""count_fp"":""100.00"",""created_time"":""2026-04-28T09:09:29.090208Z"",""no_price_dollars"":""0.7400"",""taker_side"":""no"",""ticker"":""KXETH15M-26APR280515-15"",""trade_id"":""f7a130e6-7d08-643b-666e-2a6e576ab679"",""yes_price_dollars"":""0.2600""}"
KXETH15M-26APR280515-15,c1dfe895-59c6-525d-82e3-df0773c51652,1777367369,0.28,9.0,no,"{""count_fp"":""9.00"",""created_time"":""2026-04-28T09:09:29.072831Z"",""no_price_dollars"":""0.7200"",""taker_side"":""no"",""ticker"":""KXETH15M-26APR280515-15"",""trade_id"":""c1dfe895-59c6-525d-82e3-df0773c51652"",""yes_price_dollars"":""0.2800""}"
KXETH15M-26APR280515-15,a037469c-5d7b-50ff-855e-4747d2c6af85,1777367369,0.28,10.0,no,"{""count_fp"":""10.00"",""created_time"":""2026-04-28T09:09:29.072831Z"",""no_price_dollars"":""0.7200"",""taker_side"":""no"",""ticker"":""KXETH15M-26APR280515-15"",""trade_id"":""a037469c-5d7b-50ff-855e-4747d2c6af85"",""yes_price_dollars"":""0.2800""}"
KXETH15M-26APR280515-15,d7c29395-358f-699c-174b-f3d093620e24,1777367375,0.35,10.0,yes,"{""count_fp"":""10.00"",""created_time"":""2026-04-28T09:09:35.345304Z"",""no_price_dollars"":""0.6500"",""taker_side"":""yes"",""ticker"":""KXETH15M-26APR280515-15"",""trade_id"":""d7c29395-358f-699c-174b-f3d093620e24"",""yes_price_dollars"":""0.3500""}"
KXETH15M-26APR280515-15,95e5deb0-681d-684a-0b98-141f48125805,1777367375,0.39,16.0,yes,"{""count_fp"":""16.00"",""created_time"":""2026-04-28T09:09:35.345304Z"",""no_price_dollars"":""0.6100"",""taker_side"":""yes"",""ticker"":""KXETH15M-26APR280515-15"",""trade_id"":""95e5deb0-681d-684a-0b98-141f48125805"",""yes_price_dollars"":""0.3900""}"
KXETH15M-26APR280515-15,822bf2f5-ccf8-6d83-2c32-9fda469d47d8,1777367375,0.35,60.0,yes,"{""count_fp"":""60.00"",""created_time"":""2026-04-28T09:09:35.345304Z"",""no_price_dollars"":""0.6500"",""taker_side"":""yes"",""ticker"":""KXETH15M-26APR280515-15"",""trade_id"":""822bf2f5-ccf8-6d83-2c32-9fda469d47d8"",""yes_price_dollars"":""0.3500""}"
KXETH15M-26APR280515-15,39dd08f7-9f74-6fcd-065a-ba9695b32490,1777367375,0.34,550.07,yes,"{""count_fp"":""550.07"",""created_time"":""2026-04-28T09:09:35.345304Z"",""no_price_dollars"":""0.6600"",""taker_side"":""yes"",""ticker"":""KXETH15M-26APR280515-15"",""trade_id"":""39dd08f7-9f74-6fcd-065a-ba9695b32490"",""yes_price_dollars"":""0.3400""}"
KXETH15M-26APR280515-15,9fc213b4-b368-54f3-6757-dfc885a7c136,1777367375,0.27,10.0,yes,"{""count_fp"":""10.00"",""created_time"":""2026-04-28T09:09:35.069673Z"",""no_price_dollars"":""0.7300"",""taker_side"":""yes"",""ticker"":""KXETH15M-26APR280515-15"",""trade_id"":""9fc213b4-b368-54f3-6757-dfc885a7c136"",""yes_price_dollars"":""0.2700""}"
KXETH15M-26APR280515-15,3612d333-dd60-7e1f-c9fd-9e735d4b3bb5,1777367378,0.5,12.0,yes,"{""count_fp"":""12.00"",""created_time"":""2026-04-28T09:09:38.952651Z"",""no_price_dollars"":""0.5000"",""taker_side"":""yes"",""ticker"":""KXETH15M-26APR280515-15"",""trade_id"":""3612d333-dd60-7e1f-c9fd-9e735d4b3bb5"",""yes_price_dollars"":""0.5000""}"
KXETH15M-26APR280515-15,7c9b4254-af3f-746f-ede0-08cb7116f00b,1777367378,0.47,10.0,yes,"{""count_fp"":""10.00"",""created_time"":""2026-04-28T09:09:38.931703Z"",""no_price_dollars"":""0.5300"",""taker_side"":""yes"",""ticker"":""KXETH15M-26APR280515-15"",""trade_id"":""7c9b4254-af3f-746f-ede0-08cb7116f00b"",""yes_price_dollars"":""0.4700""}"
KXETH15M-26APR280515-15,4b5671ca-4cd4-7cbb-f731-0eebd721c1cc,1777367378,0.47,10.0,yes,"{""count_fp"":""10.00"",""created_time"":""2026-04-28T09:09:38.931703Z"",""no_price_dollars"":""0.5300"",""taker_side"":""yes"",""ticker"":""KXETH15M-26APR280515-15"",""trade_id"":""4b5671ca-4cd4-7cbb-f731-0eebd721c1cc"",""yes_price_dollars"":""0.4700""}"
KXETH15M-26APR280515-15,577c1803-fcd8-4eb2-4579-5404ce188a04,1777367378,0.42,1.0,no,"{""count_fp"":""1.00"",""created_time"":""2026-04-28T09:09:38.805501Z"",""no_price_dollars"":""0.5800"",""taker_side"":""no"",""ticker"":""KXETH15M-26APR280515-15"",""trade_id"":""577c1803-fcd8-4eb2-4579-5404ce188a04"",""yes_price_dollars"":""0.4200""}"
KXETH15M-26APR280515-15,7a1da997-a65e-534f-1f17-a0ac2b15b6a5,1777367378,0.43,10.0,yes,"{""count_fp"":""10.00"",""created_time"":""2026-04-28T09:09:38.507155Z"",""no_price_dollars"":""0.5700"",""taker_side"":""yes"",""ticker"":""KXETH15M-26APR280515-15"",""trade_id"":""7a1da997-a65e-534f-1f17-a0ac2b15b6a5"",""yes_price_dollars"":""0.4300""}"
KXETH15M-26APR280515-15,435551b9-8ddb-4cab-5903-e644d5d93dbd,1777367378,0.43,10.0,yes,"{""count_fp"":""10.00"",""created_time"":""2026-04-28T09:09:38.467818Z"",""no_price_dollars"":""0.5700"",""taker_side"":""yes"",""ticker"":""KXETH15M-26APR280515-15"",""trade_id"":""435551b9-8ddb-4cab-5903-e644d5d93dbd"",""yes_price_dollars"":""0.4300""}"
KXETH15M-26APR280515-15,168f8640-1225-4f3a-5e0e-dc757a61127e,1777367378,0.43,1.0,yes,"{""count_fp"":""1.00"",""created_time"":""2026-04-28T09:09:38.467818Z"",""no_price_dollars"":""0.5700"",""taker_side"":""yes"",""ticker"":""KXETH15M-26APR280515-15"",""trade_id"":""168f8640-1225-4f3a-5e0e-dc757a61127e"",""yes_price_dollars"":""0.4300""}"
KXETH15M-26APR280515-15,fcf20246-c5fd-4339-fe92-413b0cbc8b06,1777367379,0.53,1.0,yes,"{""count_fp"":""1.00"",""created_time"":""2026-04-28T09:09:39.876111Z"",""no_price_dollars"":""0.4700"",""taker_side"":""yes"",""ticker"":""KXETH15M-26APR280515-15"",""trade_id"":""fcf20246-c5fd-4339-fe92-413b0cbc8b06"",""yes_price_dollars"":""0.5300""}"
KXETH15M-26APR280515-15,2fb379f8-106c-69ba-8ab3-386e379203e0,1777367379,0.5,10.0,no,"{""count_fp"":""10.00"",""created_time"":""2026-04-28T09:09:39.090434Z"",""no_price_dollars"":""0.5000"",""taker_side"":""no"",""ticker"":""KXETH15M-26APR280515-15"",""trade_id"":""2fb379f8-106c-69ba-8ab3-386e379203e0"",""yes_price_dollars"":""0.5000""}"
KXETH15M-26APR280515-15,1958d470-2e97-6333-b6a1-6d58560b53b4,1777367379,0.49,217.0,no,"{""count_fp"":""217.00"",""created_time"":""2026-04-28T09:09:39.090434Z"",""no_price_dollars"":""0.5100"",""taker_side"":""no"",""ticker"":""KXETH15M-26APR280515-15"",""trade_id"":""1958d470-2e97-6333-b6a1-6d58560b53b4"",""yes_price_dollars"":""0.4900""}"
KXETH15M-26APR280515-15,bb7db433-2aa2-5279-7f79-5774ee7c09ba,1777367380,0.51,40.0,yes,"{""count_fp"":""40.00"",""created_time"":""2026-04-28T09:09:40.445606Z"",""no_price_dollars"":""0.4900"",""taker_side"":""yes"",""ticker"":""KXETH15M-26APR280515-15"",""trade_id"":""bb7db433-2aa2-5279-7f79-5774ee7c09ba"",""yes_price_dollars"":""0.5100""}"
KXETH15M-26APR280515-15,720b307c-c5cd-5455-43f8-7032642c53ad,1777367380,0.51,10.0,yes,"{""count_fp"":""10.00"",""created_time"":""2026-04-28T09:09:40.445606Z"",""no_price_dollars"":""0.4900"",""taker_side"":""yes"",""ticker"":""KXETH15M-26APR280515-15"",""trade_id"":""720b307c-c5cd-5455-43f8-7032642c53ad"",""yes_price_dollars"":""0.5100""}"
KXETH15M-26APR280515-15,bb4624c2-de03-5087-8acb-144484be5ea8,1777367380,0.45,4.0,no,"{""count_fp"":""4.00"",""created_time"":""2026-04-28T09:09:40.272271Z"",""no_price_dollars"":""0.5500"",""taker_side"":""no"",""ticker"":""KXETH15M-26APR280515-15"",""trade_id"":""bb4624c2-de03-5087-8acb-144484be5ea8"",""yes_price_dollars"":""0.4500""}"
KXETH15M-26APR280515-15,ef6b76bd-cc4e-5810-dd7b-486bfd36b876,1777367380,0.46,71.0,no,"{""count_fp"":""71.00"",""created_time"":""2026-04-28T09:09:40.110117Z"",""no_price_dollars"":""0.5400"",""taker_side"":""no"",""ticker"":""KXETH15M-26APR280515-15"",""trade_id"":""ef6b76bd-cc4e-5810-dd7b-486bfd36b876"",""yes_price_dollars"":""0.4600""}"
KXETH15M-26APR280515-15,b20ec62e-6937-5093-eae6-458825ca28d1,1777367380,0.48,10.0,no,"{""count_fp"":""10.00"",""created_time"":""2026-04-28T09:09:40.110117Z"",""no_price_dollars"":""0.5200"",""taker_side"":""no"",""ticker"":""KXETH15M-26APR280515-15"",""trade_id"":""b20ec62e-6937-5093-eae6-458825ca28d1"",""yes_price_dollars"":""0.4800""}"
KXETH15M-26APR280515-15,8be94f96-d037-56de-cc23-161ee3e9a295,1777367380,0.46,100.0,no,"{""count_fp"":""100.00"",""created_time"":""2026-04-28T09:09:40.110117Z"",""no_price_dollars"":""0.5400"",""taker_side"":""no"",""ticker"":""KXETH15M-26APR280515-15"",""trade_id"":""8be94f96-d037-56de-cc23-161ee3e9a295"",""yes_price_dollars"":""0.4600""}"
KXETH15M-26APR280515-15,efbd3e9a-954c-63e4-482a-9441c8ac062a,1777367381,0.43,10.0,no,"{""count_fp"":""10.00"",""created_time"":""2026-04-28T09:09:41.114045Z"",""no_price_dollars"":""0.5700"",""taker_side"":""no"",""ticker"":""KXETH15M-26APR280515-15"",""trade_id"":""efbd3e9a-954c-63e4-482a-9441c8ac062a"",""yes_price_dollars"":""0.4300""}"
KXETH15M-26APR280515-15,febcd853-ef54-5369-64dc-e8c528bd0564,1777367384,0.49,4.0,yes,"{""count_fp"":""4.00"",""created_time"":""2026-04-28T09:09:44.977392Z"",""no_price_dollars"":""0.5100"",""taker_side"":""yes"",""ticker"":""KXETH15M-26APR280515-15"",""trade_id"":""febcd853-ef54-5369-64dc-e8c528bd0564"",""yes_price_dollars"":""0.4900""}"
KXETH15M-26APR280515-15,b8b96669-746c-77d0-4257-c4b92bfd1d57,1777367384,0.45,10.0,no,"{""count_fp"":""10.00"",""created_time"":""2026-04-28T09:09:44.110012Z"",""no_price_dollars"":""0.5500"",""taker_side"":""no"",""ticker"":""KXETH15M-26APR280515-15"",""trade_id"":""b8b96669-746c-77d0-4257-c4b92bfd1d57"",""yes_price_dollars"":""0.4500""}"
KXETH15M-26APR280515-15,1ca7aae3-38bf-705b-6bd9-b86bdd4f1cb8,1777367384,0.44,159.0,no,"{""count_fp"":""159.00"",""created_time"":""2026-04-28T09:09:44.110012Z"",""no_price_dollars"":""0.5600"",""taker_side"":""no"",""ticker"":""KXETH15M-26APR280515-15"",""trade_id"":""1ca7aae3-38bf-705b-6bd9-b86bdd4f1cb8"",""yes_price_dollars"":""0.4400""}"
KXETH15M-26APR280515-15,16a6c08a-c214-7228-a445-d00303660b57,1777367384,0.46,10.0,yes,"{""count_fp"":""10.00"",""created_time"":""2026-04-28T09:09:44.085266Z"",""no_price_dollars"":""0.5400"",""taker_side"":""yes"",""ticker"":""KXETH15M-26APR280515-15"",""trade_id"":""16a6c08a-c214-7228-a445-d00303660b57"",""yes_price_dollars"":""0.4600""}"
KXETH15M-26APR280515-15,fa52a43c-7036-45e1-a658-ad692eecf8d6,1777367385,0.49,3.0,yes,"{""count_fp"":""3.00"",""created_time"":""2026-04-28T09:09:45.726825Z"",""no_price_dollars"":""0.5100"",""taker_side"":""yes"",""ticker"":""KXETH15M-26APR280515-15"",""trade_id"":""fa52a43c-7036-45e1-a658-ad692eecf8d6"",""yes_price_dollars"":""0.4900""}"
KXETH15M-26APR280515-15,4a9367ac-dde1-6e4d-45f7-b172396bceb2,1777367386,0.53,9.79,yes,"{""count_fp"":""9.79"",""created_time"":""2026-04-28T09:09:46.578717Z"",""no_price_dollars"":""0.4700"",""taker_side"":""yes"",""ticker"":""KXETH15M-26APR280515-15"",""trade_id"":""4a9367ac-dde1-6e4d-45f7-b172396bceb2"",""yes_price_dollars"":""0.5300""}"
KXETH15M-26APR280515-15,64fdb477-243d-45bd-d73f-bb053b0e71b6,1777367386,0.53,12.21,yes,"{""count_fp"":""12.21"",""created_time"":""2026-04-28T09:09:46.578247Z"",""no_price_dollars"":""0.4700"",""taker_side"":""yes"",""ticker"":""KXETH15M-26APR280515-15"",""trade_id"":""64fdb477-243d-45bd-d73f-bb053b0e71b6"",""yes_price_dollars"":""0.5300""}"
KXETH15M-26APR280515-15,2ee5d943-08a5-4534-e516-82be94354b51,1777367386,0.52,9.79,yes,"{""count_fp"":""9.79"",""created_time"":""2026-04-28T09:09:46.578247Z"",""no_price_dollars"":""0.4800"",""taker_side"":""yes"",""ticker"":""KXETH15M-26APR280515-15"",""trade_id"":""2ee5d943-08a5-4534-e516-82be94354b51"",""yes_price_dollars"":""0.5200""}"
KXETH15M-26APR280515-15,ad530e66-60ed-49c1-c3ff-cd6df6fabba6,1777367386,0.53,10.0,yes,"{""count_fp"":""10.00"",""created_time"":""2026-04-28T09:09:46.528069Z"",""no_price_dollars"":""0.4700"",""taker_side"":""yes"",""ticker"":""KXETH15M-26APR280515-15"",""trade_id"":""ad530e66-60ed-49c1-c3ff-cd6df6fabba6"",""yes_price_dollars"":""0.5300""}"
KXETH15M-26APR280515-15,03e23b0c-acaf-765b-dab6-47399a419724,1777367386,0.48,10.0,yes,"{""count_fp"":""10.00"",""created_time"":""2026-04-28T09:09:46.526664Z"",""no_price_dollars"":""0.5200"",""taker_side"":""yes"",""ticker"":""KXETH15M-26APR280515-15"",""trade_id"":""03e23b0c-acaf-765b-dab6-47399a419724"",""yes_price_dollars"":""0.4800""}"
KXETH15M-26APR280515-15,f5e6e8fc-804e-420d-8044-88033291063e,1777367386,0.49,97.0,yes,"{""count_fp"":""97.00"",""created_time"":""2026-04-28T09:09:46.458714Z"",""no_price_dollars"":""0.5100"",""taker_side"":""yes"",""ticker"":""KXETH15M-26APR280515-15"",""trade_id"":""f5e6e8fc-804e-420d-8044-88033291063e"",""yes_price_dollars"":""0.4900""}"
KXETH15M-26APR280515-15,67a93479-31c0-44c1-9548-501ae7a691f4,1777367386,0.49,10.0,yes,"{""count_fp"":""10.00"",""created_time"":""2026-04-28T09:09:46.458714Z"",""no_price_dollars"":""0.5100"",""taker_side"":""yes"",""ticker"":""KXETH15M-26APR280515-15"",""trade_id"":""67a93479-31c0-44c1-9548-501ae7a691f4"",""yes_price_dollars"":""0.4900""}"
KXETH15M-26APR280515-15,56501e60-3f90-791e-ec22-f6fd7f3c6a1d,1777367387,0.54,10.37,no,"{""count_fp"":""10.37"",""created_time"":""2026-04-28T09:09:47.933464Z"",""no_price_dollars"":""0.4600"",""taker_side"":""no"",""ticker"":""KXETH15M-26APR280515-15"",""trade_id"":""56501e60-3f90-791e-ec22-f6fd7f3c6a1d"",""yes_price_dollars"":""0.5400""}"
KXETH15M-26APR280515-15,19c775ba-49d7-7823-f667-e2f8766a9cbe,1777367387,0.53,52.63,no,"{""count_fp"":""52.63"",""created_time"":""2026-04-28T09:09:47.933464Z"",""no_price_dollars"":""0.4700"",""taker_side"":""no"",""ticker"":""KXETH15M-26APR280515-15"",""trade_id"":""19c775ba-49d7-7823-f667-e2f8766a9cbe"",""yes_price_dollars"":""0.5300""}"
KXETH15M-26APR280515-15,598f4e40-8eca-76f4-4c83-c0e2c5e637d4,1777367387,0.55,10.0,yes,"{""count_fp"":""10.00"",""created_time"":""2026-04-28T09:09:47.450435Z"",""no_price_dollars"":""0.4500"",""taker_side"":""yes"",""ticker"":""KXETH15M-26APR280515-15"",""trade_id"":""598f4e40-8eca-76f4-4c83-c0e2c5e637d4"",""yes_price_dollars"":""0.5500""}"
KXETH15M-26APR280515-15,8e64fb0a-be1e-6ca5-c46c-43b94ba5d839,1777367387,0.51,1.0,no,"{""count_fp"":""1.00"",""created_time"":""2026-04-28T09:09:47.097784Z"",""no_price_dollars"":""0.4900"",""taker_side"":""no"",""ticker"":""KXETH15M-26APR280515-15"",""trade_id"":""8e64fb0a-be1e-6ca5-c46c-43b94ba5d839"",""yes_price_dollars"":""0.5100""}"
KXETH15M-26APR280515-15,c6c5da3a-57f7-7917-45c6-f781eb330b9a,1777367388,0.52,0.37,no,"{""count_fp"":""0.37"",""created_time"":""2026-04-28T09:09:48.106677Z"",""no_price_dollars"":""0.4800"",""taker_side"":""no"",""ticker"":""KXETH15M-26APR280515-15"",""trade_id"":""c6c5da3a-57f7-7917-45c6-f781eb330b9a"",""yes_price_dollars"":""0.5200""}"
KXETH15M-26APR280515-15,bb8a01ba-3876-71ed-7850-8c0b86fe4ea5,1777367388,0.48,149.63,no,"{""count_fp"":""149.63"",""created_time"":""2026-04-28T09:09:48.106677Z"",""no_price_dollars"":""0.5200"",""taker_side"":""no"",""ticker"":""KXETH15M-26APR280515-15"",""trade_id"":""bb8a01ba-3876-71ed-7850-8c0b86fe4ea5"",""yes_price_dollars"":""0.4800""}"
KXETH15M-26APR280515-15,17356645-1652-5c3d-f515-110a1465807d,1777367390,0.49,7.6,no,"{""count_fp"":""7.60"",""created_time"":""2026-04-28T09:09:50.203036Z"",""no_price_dollars"":""0.5100"",""taker_side"":""no"",""ticker"":""KXETH15M-26APR280515-15"",""trade_id"":""17356645-1652-5c3d-f515-110a1465807d"",""yes_price_dollars"":""0.4900""}"
KXETH15M-26APR280515-15,a5184565-cc72-6972-b8b9-c93d12a61111,1777367391,0.55,10.0,yes,"{""count_fp"":""10.00"",""created_time"":""2026-04-28T09:09:51.777038Z"",""no_price_dollars"":""0.4500"",""taker_side"":""yes"",""ticker"":""KXETH15M-26APR280515-15"",""trade_id"":""a5184565-cc72-6972-b8b9-c93d12a61111"",""yes_price_dollars"":""0.5500""}"
KXETH15M-26APR280515-15,97b463b9-851e-6192-b3a5-8bc359b0ffc9,1777367391,0.56,21.78,yes,"{""count_fp"":""21.78"",""created_time"":""2026-04-28T09:09:51.777038Z"",""no_price_dollars"":""0.4400"",""taker_side"":""yes"",""ticker"":""KXETH15M-26APR280515-15"",""trade_id"":""97b463b9-851e-6192-b3a5-8bc359b0ffc9"",""yes_price_dollars"":""0.5600""}"
KXETH15M-26APR280515-15,8f56dd15-1081-6c7c-a11a-965f1ac94e84,1777367391,0.56,1.0,yes,"{""count_fp"":""1.00"",""created_time"":""2026-04-28T09:09:51.777038Z"",""no_price_dollars"":""0.4400"",""taker_side"":""yes"",""ticker"":""KXETH15M-26APR280515-15"",""trade_id"":""8f56dd15-1081-6c7c-a11a-965f1ac94e84"",""yes_price_dollars"":""0.5600""}"
KXETH15M-26APR280515-15,779c9474-ad04-6995-9b54-090713e149c1,1777367391,0.55,10.0,yes,"{""count_fp"":""10.00"",""created_time"":""2026-04-28T09:09:51.777038Z"",""no_price_dollars"":""0.4500"",""taker_side"":""yes"",""ticker"":""KXETH15M-26APR280515-15"",""trade_id"":""779c9474-ad04-6995-9b54-090713e149c1"",""yes_price_dollars"":""0.5500""}"
KXETH15M-26APR280515-15,b8097745-2221-57d5-0aa4-13797e8f284b,1777367400,0.48,2.93,no,"{""count_fp"":""2.93"",""created_time"":""2026-04-28T09:10:00.376575Z"",""no_price_dollars"":""0.5200"",""taker_side"":""no"",""ticker"":""KXETH15M-26APR280515-15"",""trade_id"":""b8097745-2221-57d5-0aa4-13797e8f284b"",""yes_price_dollars"":""0.4800""}"
KXETH15M-26APR280515-15,b41c45bf-f8b6-5827-328e-df3b5de6a28b,1777367400,0.49,10.0,no,"{""count_fp"":""10.00"",""created_time"":""2026-04-28T09:10:00.376575Z"",""no_price_dollars"":""0.5100"",""taker_side"":""no"",""ticker"":""KXETH15M-26APR280515-15"",""trade_id"":""b41c45bf-f8b6-5827-328e-df3b5de6a28b"",""yes_price_dollars"":""0.4900""}"
KXETH15M-26APR280515-15,73681b13-9443-4fb3-d4c6-7d0a8dbbad57,1777367401,0.43,10.0,no,"{""count_fp"":""10.00"",""created_time"":""2026-04-28T09:10:01.561074Z"",""no_price_dollars"":""0.5700"",""taker_side"":""no"",""ticker"":""KXETH15M-26APR280515-15"",""trade_id"":""73681b13-9443-4fb3-d4c6-7d0a8dbbad57"",""yes_price_dollars"":""0.4300""}"
KXETH15M-26APR280515-15,3e375fad-83d7-4d6f-e3a6-1fbd76f7c0ef,1777367401,0.43,10.0,no,"{""count_fp"":""10.00"",""created_time"":""2026-04-28T09:10:01.561074Z"",""no_price_dollars"":""0.5700"",""taker_side"":""no"",""ticker"":""KXETH15M-26APR280515-15"",""trade_id"":""3e375fad-83d7-4d6f-e3a6-1fbd76f7c0ef"",""yes_price_dollars"":""0.4300""}"
KXETH15M-26APR280515-15,2890d764-086a-443d-ecb9-5f15b089dbe1,1777367401,0.41,180.0,no,"{""count_fp"":""180.00"",""created_time"":""2026-04-28T09:10:01.561074Z"",""no_price_dollars"":""0.5900"",""taker_side"":""no"",""ticker"":""KXETH15M-26APR280515-15"",""trade_id"":""2890d764-086a-443d-ecb9-5f15b089dbe1"",""yes_price_dollars"":""0.4100""}"
KXETH15M-26APR280515-15,3ca0614c-2f16-58b2-6720-de3db332b085,1777367401,0.47,20.0,yes,"{""count_fp"":""20.00"",""created_time"":""2026-04-28T09:10:01.104494Z"",""no_price_dollars"":""0.5300"",""taker_side"":""yes"",""ticker"":""KXETH15M-26APR280515-15"",""trade_id"":""3ca0614c-2f16-58b2-6720-de3db332b085"",""yes_price_dollars"":""0.4700""}"
KXETH15M-26APR280515-15,c3eed95a-abec-5dc9-f781-8a1c95f76b37,1777367402,0.41,10.0,no,"{""count_fp"":""10.00"",""created_time"":""2026-04-28T09:10:02.359061Z"",""no_price_dollars"":""0.5900"",""taker_side"":""no"",""ticker"":""KXETH15M-26APR280515-15"",""trade_id"":""c3eed95a-abec-5dc9-f781-8a1c95f76b37"",""yes_price_dollars"":""0.4100""}"
KXETH15M-26APR280515-15,59af8cd5-683f-5fb7-d7b0-fe519919aa39,1777367402,0.4,22.0,no,"{""count_fp"":""22.00"",""created_time"":""2026-04-28T09:10:02.359061Z"",""no_price_dollars"":""0.6000"",""taker_side"":""no"",""ticker"":""KXETH15M-26APR280515-15"",""trade_id"":""59af8cd5-683f-5fb7-d7b0-fe519919aa39"",""yes_price_dollars"":""0.4000""}"
KXETH15M-26APR280515-15,28a92ef8-46d6-4860-e2fc-211b8ec095c2,1777367404,0.41,10.0,no,"{""count_fp"":""10.00"",""created_time"":""2026-04-28T09:10:04.644678Z"",""no_price_dollars"":""0.5900"",""taker_side"":""no"",""ticker"":""KXETH15M-26APR280515-15"",""trade_id"":""28a92ef8-46d6-4860-e2fc-211b8ec095c2"",""yes_price_dollars"":""0.4100""}"
KXETH15M-26APR280515-15,95c680a8-c797-7989-08f0-4a88f2e80786,1777367404,0.41,10.0,no,"{""count_fp"":""10.00"",""created_time"":""2026-04-28T09:10:04.630378Z"",""no_price_dollars"":""0.5900"",""taker_side"":""no"",""ticker"":""KXETH15M-26APR280515-15"",""trade_id"":""95c680a8-c797-7989-08f0-4a88f2e80786"",""yes_price_dollars"":""0.4100""}"
KXETH15M-26APR280515-15,b71d33a6-81b6-64aa-86da-9c848536aef2,1777367405,0.36,10.0,no,"{""count_fp"":""10.00"",""created_time"":""2026-04-28T09:10:05.419231Z"",""no_price_dollars"":""0.6400"",""taker_side"":""no"",""ticker"":""KXETH15M-26APR280515-15"",""trade_id"":""b71d33a6-81b6-64aa-86da-9c848536aef2"",""yes_price_dollars"":""0.3600""}"
KXETH15M-26APR280515-15,f3d493c7-018b-5e5f-c0f0-9fdddcffa620,1777367406,0.35,10.0,no,"{""count_fp"":""10.00"",""created_time"":""2026-04-28T09:10:06.932267Z"",""no_price_dollars"":""0.6500"",""taker_side"":""no"",""ticker"":""KXETH15M-26APR280515-15"",""trade_id"":""f3d493c7-018b-5e5f-c0f0-9fdddcffa620"",""yes_price_dollars"":""0.3500""}"
KXETH15M-26APR280515-15,13f1dd78-f0c1-5d68-ed88-c6b7986cc5e5,1777367406,0.35,10.0,no,"{""count_fp"":""10.00"",""created_time"":""2026-04-28T09:10:06.932267Z"",""no_price_dollars"":""0.6500"",""taker_side"":""no"",""ticker"":""KXETH15M-26APR280515-15"",""trade_id"":""13f1dd78-f0c1-5d68-ed88-c6b7986cc5e5"",""yes_price_dollars"":""0.3500""}"
KXETH15M-26APR280515-15,0ac5fb79-4674-545e-d451-68ed4dcd2853,1777367406,0.35,10.0,no,"{""count_fp"":""10.00"",""created_time"":""2026-04-28T09:10:06.932267Z"",""no_price_dollars"":""0.6500"",""taker_side"":""no"",""ticker"":""KXETH15M-26APR280515-15"",""trade_id"":""0ac5fb79-4674-545e-d451-68ed4dcd2853"",""yes_price_dollars"":""0.3500""}"
KXETH15M-26APR280515-15,ebf618ea-54ac-6a20-2d6f-8a18496b58c1,1777367408,0.4,187.0,yes,"{""count_fp"":""187.00"",""created_time"":""2026-04-28T09:10:08.115007Z"",""no_price_dollars"":""0.6000"",""taker_side"":""yes"",""ticker"":""KXETH15M-26APR280515-15"",""trade_id"":""ebf618ea-54ac-6a20-2d6f-8a18496b58c1"",""yes_price_dollars"":""0.4000""}"
KXETH15M-26APR280515-15,1729dcbd-8f16-640c-16b9-77169bf72309,1777367408,0.37,10.0,yes,"{""count_fp"":""10.00"",""created_time"":""2026-04-28T09:10:08.115007Z"",""no_price_dollars"":""0.6300"",""taker_side"":""yes"",""ticker"":""KXETH15M-26APR280515-15"",""trade_id"":""1729dcbd-8f16-640c-16b9-77169bf72309"",""yes_price_dollars"":""0.3700""}"
KXETH15M-26APR280515-15,20411236-7b85-63f0-0856-059e5ce92d8a,1777367410,0.34,8.0,no,"{""count_fp"":""8.00"",""created_time"":""2026-04-28T09:10:10.288386Z"",""no_price_dollars"":""0.6600"",""taker_side"":""no"",""ticker"":""KXETH15M-26APR280515-15"",""trade_id"":""20411236-7b85-63f0-0856-059e5ce92d8a"",""yes_price_dollars"":""0.3400""}"
KXETH15M-26APR280515-15,e079423f-967c-5fb7-8759-482dd5d39214,1777367415,0.33,180.0,no,"{""count_fp"":""180.00"",""created_time"":""2026-04-28T09:10:15.381156Z"",""no_price_dollars"":""0.6700"",""taker_side"":""no"",""ticker"":""KXETH15M-26APR280515-15"",""trade_id"":""e079423f-967c-5fb7-8759-482dd5d39214"",""yes_price_dollars"":""0.3300""}"
KXETH15M-26APR280515-15,93d5843f-3ccc-6318-f30e-f56a05787b29,1777367418,0.32,6.0,yes,"{""count_fp"":""6.00"",""created_time"":""2026-04-28T09:10:18.352975Z"",""no_price_dollars"":""0.6800"",""taker_side"":""yes"",""ticker"":""KXETH15M-26APR280515-15"",""trade_id"":""93d5843f-3ccc-6318-f30e-f56a05787b29"",""yes_price_dollars"":""0.3200""}"
KXETH15M-26APR280515-15,c4b7d438-24ca-7c8a-94ce-413c398e8f27,1777367420,0.33,10.0,yes,"{""count_fp"":""10.00"",""created_time"":""2026-04-28T09:10:20.877324Z"",""no_price_dollars"":""0.6700"",""taker_side"":""yes"",""ticker"":""KXETH15M-26APR280515-15"",""trade_id"":""c4b7d438-24ca-7c8a-94ce-413c398e8f27"",""yes_price_dollars"":""0.3300""}"
KXETH15M-26APR280515-15,f317c246-94d4-7bee-f7ce-8d749fad3d34,1777367421,0.36,10.0,yes,"{""count_fp"":""10.00"",""created_time"":""2026-04-28T09:10:21.100773Z"",""no_price_dollars"":""0.6400"",""taker_side"":""yes"",""ticker"":""KXETH15M-26APR280515-15"",""trade_id"":""f317c246-94d4-7bee-f7ce-8d749fad3d34"",""yes_price_dollars"":""0.3600""}"
KXETH15M-26APR280515-15,c2c1ddac-4261-71c0-d28e-4042685c175c,1777367421,0.34,10.0,yes,"{""count_fp"":""10.00"",""created_time"":""2026-04-28T09:10:21.100773Z"",""no_price_dollars"":""0.6600"",""taker_side"":""yes"",""ticker"":""KXETH15M-26APR280515-15"",""trade_id"":""c2c1ddac-4261-71c0-d28e-4042685c175c"",""yes_price_dollars"":""0.3400""}"
KXETH15M-26APR280515-15,3ddc8c58-d302-715a-f6ef-3d90927ef6cd,1777367421,0.39,100.0,yes,"{""count_fp"":""100.00"",""created_time"":""2026-04-28T09:10:21.100773Z"",""no_price_dollars"":""0.6100"",""taker_side"":""yes"",""ticker"":""KXETH15M-26APR280515-15"",""trade_id"":""3ddc8c58-d302-715a-f6ef-3d90927ef6cd"",""yes_price_dollars"":""0.3900""}"
KXETH15M-26APR280515-15,31fc809a-fa35-714b-f740-d77dc947846a,1777367421,0.39,60.0,yes,"{""count_fp"":""60.00"",""created_time"":""2026-04-28T09:10:21.100773Z"",""no_price_dollars"":""0.6100"",""taker_side"":""yes"",""ticker"":""KXETH15M-26APR280515-15"",""trade_id"":""31fc809a-fa35-714b-f740-d77dc947846a"",""yes_price_dollars"":""0.3900""}"
KXETH15M-26APR280515-15,f7aea509-e9ca-445b-4659-bd81312651cb,1777367429,0.44,10.0,yes,"{""count_fp"":""10.00"",""created_time"":""2026-04-28T09:10:29.672322Z"",""no_price_dollars"":""0.5600"",""taker_side"":""yes"",""ticker"":""KXETH15M-26APR280515-15"",""trade_id"":""f7aea509-e9ca-445b-4659-bd81312651cb"",""yes_price_dollars"":""0.4400""}"
KXETH15M-26APR280515-15,b93132ea-93fc-4ea0-77d3-d40ab3c10689,1777367429,0.46,195.04,yes,"{""count_fp"":""195.04"",""created_time"":""2026-04-28T09:10:29.672322Z"",""no_price_dollars"":""0.5400"",""taker_side"":""yes"",""ticker"":""KXETH15M-26APR280515-15"",""trade_id"":""b93132ea-93fc-4ea0-77d3-d40ab3c10689"",""yes_price_dollars"":""0.4600""}"
KXETH15M-26APR280515-15,7c533125-6756-4968-7c49-718404e98ec7,1777367429,0.44,10.0,yes,"{""count_fp"":""10.00"",""created_time"":""2026-04-28T09:10:29.672322Z"",""no_price_dollars"":""0.5600"",""taker_side"":""yes"",""ticker"":""KXETH15M-26APR280515-15"",""trade_id"":""7c533125-6756-4968-7c49-718404e98ec7"",""yes_price_dollars"":""0.4400""}"
KXETH15M-26APR280515-15,01eeb7fb-03c0-4af9-7eb4-5d12dc6e248f,1777367429,0.44,100.0,yes,"{""count_fp"":""100.00"",""created_time"":""2026-04-28T09:10:29.672322Z"",""no_price_dollars"":""0.5600"",""taker_side"":""yes"",""ticker"":""KXETH15M-26APR280515-15"",""trade_id"":""01eeb7fb-03c0-4af9-7eb4-5d12dc6e248f"",""yes_price_dollars"":""0.4400""}"
KXETH15M-26APR280515-15,e44aaba2-8afc-5b90-9151-aa315b63bcf2,1777367437,0.33,10.0,no,"{""count_fp"":""10.00"",""created_time"":""2026-04-28T09:10:37.288491Z"",""no_price_dollars"":""0.6700"",""taker_side"":""no"",""ticker"":""KXETH15M-26APR280515-15"",""trade_id"":""e44aaba2-8afc-5b90-9151-aa315b63bcf2"",""yes_price_dollars"":""0.3300""}"
KXETH15M-26APR280515-15,6070a6df-77a5-74f8-6556-18b4e16b4316,1777367437,0.35,10.0,no,"{""count_fp"":""10.00"",""created_time"":""2026-04-28T09:10:37.286275Z"",""no_price_dollars"":""0.6500"",""taker_side"":""no"",""ticker"":""KXETH15M-26APR280515-15"",""trade_id"":""6070a6df-77a5-74f8-6556-18b4e16b4316"",""yes_price_dollars"":""0.3500""}"
KXETH15M-26APR280515-15,46e52409-d062-7705-2cba-7c468a8a0bf0,1777367440,0.26,50.0,no,"{""count_fp"":""50.00"",""created_time"":""2026-04-28T09:10:40.217743Z"",""no_price_dollars"":""0.7400"",""taker_side"":""no"",""ticker"":""KXETH15M-26APR280515-15"",""trade_id"":""46e52409-d062-7705-2cba-7c468a8a0bf0"",""yes_price_dollars"":""0.2600""}"
KXETH15M-26APR280515-15,f4acbcf5-3ae0-5a6e-cff3-cb9402d8d673,1777367442,0.24,7.0,no,"{""count_fp"":""7.00"",""created_time"":""2026-04-28T09:10:42.253959Z"",""no_price_dollars"":""0.7600"",""taker_side"":""no"",""ticker"":""KXETH15M-26APR280515-15"",""trade_id"":""f4acbcf5-3ae0-5a6e-cff3-cb9402d8d673"",""yes_price_dollars"":""0.2400""}"
KXETH15M-26APR280515-15,8d4ae91a-86b2-7ddd-7e66-f4712f9b4801,1777367447,0.25,13.1,no,"{""count_fp"":""13.10"",""created_time"":""2026-04-28T09:10:47.650299Z"",""no_price_dollars"":""0.7500"",""taker_side"":""no"",""ticker"":""KXETH15M-26APR280515-15"",""trade_id"":""8d4ae91a-86b2-7ddd-7e66-f4712f9b4801"",""yes_price_dollars"":""0.2500""}"
KXETH15M-26APR280515-15,fa51cb8e-21c6-49dd-e297-0b7f7d9d8a69,1777367449,0.27,6.0,no,"{""count_fp"":""6.00"",""created_time"":""2026-04-28T09:10:49.599536Z"",""no_price_dollars"":""0.7300"",""taker_side"":""no"",""ticker"":""KXETH15M-26APR280515-15"",""trade_id"":""fa51cb8e-21c6-49dd-e297-0b7f7d9d8a69"",""yes_price_dollars"":""0.2700""}"
KXETH15M-26APR280515-15,fefd11b1-c977-646f-981d-657448d252e2,1777367451,0.26,10.0,no,"{""count_fp"":""10.00"",""created_time"":""2026-04-28T09:10:51.860378Z"",""no_price_dollars"":""0.7400"",""taker_side"":""no"",""ticker"":""KXETH15M-26APR280515-15"",""trade_id"":""fefd11b1-c977-646f-981d-657448d252e2"",""yes_price_dollars"":""0.2600""}"
KXETH15M-26APR280515-15,fdd609b4-6e95-639c-88c2-32fb91a38ae7,1777367451,0.053,29.04,no,"{""count_fp"":""29.04"",""created_time"":""2026-04-28T09:10:51.860378Z"",""no_price_dollars"":""0.9470"",""taker_side"":""no"",""ticker"":""KXETH15M-26APR280515-15"",""trade_id"":""fdd609b4-6e95-639c-88c2-32fb91a38ae7"",""yes_price_dollars"":""0.0530""}"
KXETH15M-26APR280515-15,f2d6fed3-a2be-60e4-b99d-e217915c64d7,1777367451,0.06,3.0,no,"{""count_fp"":""3.00"",""created_time"":""2026-04-28T09:10:51.860378Z"",""no_price_dollars"":""0.9400"",""taker_side"":""no"",""ticker"":""KXETH15M-26APR280515-15"",""trade_id"":""f2d6fed3-a2be-60e4-b99d-e217915c64d7"",""yes_price_dollars"":""0.0600""}"
KXETH15M-26APR280515-15,ebb628a8-3f2b-65fa-b54e-ab5bf4b67220,1777367451,0.07,1.0,no,"{""count_fp"":""1.00"",""created_time"":""2026-04-28T09:10:51.860378Z"",""no_price_dollars"":""0.9300"",""taker_side"":""no"",""ticker"":""KXETH15M-26APR280515-15"",""trade_id"":""ebb628a8-3f2b-65fa-b54e-ab5bf4b67220"",""yes_price_dollars"":""0.0700""}"
KXETH15M-26APR280515-15,dd7cb812-9f87-60f3-8f36-3374ca974402,1777367451,0.11,1.0,no,"{""count_fp"":""1.00"",""created_time"":""2026-04-28T09:10:51.860378Z"",""no_price_dollars"":""0.8900"",""taker_side"":""no"",""ticker"":""KXETH15M-26APR280515-15"",""trade_id"":""dd7cb812-9f87-60f3-8f36-3374ca974402"",""yes_price_dollars"":""0.1100""}"
KXETH15M-26APR280515-15,cb28385b-08b0-67a2-9cd0-5736aef2edd7,1777367451,0.08,3.0,no,"{""count_fp"":""3.00"",""created_time"":""2026-04-28T09:10:51.860378Z"",""no_price_dollars"":""0.9200"",""taker_side"":""no"",""ticker"":""KXETH15M-26APR280515-15"",""trade_id"":""cb28385b-08b0-67a2-9cd0-5736aef2edd7"",""yes_price_dollars"":""0.0800""}"
KXETH15M-26APR280515-15,c16fc28d-c672-68b1-b1b6-cc6b030ea921,1777367451,0.27,544.67,no,"{""count_fp"":""544.67"",""created_time"":""2026-04-28T09:10:51.860378Z"",""no_price_dollars"":""0.7300"",""taker_side"":""no"",""ticker"":""KXETH15M-26APR280515-15"",""trade_id"":""c16fc28d-c672-68b1-b1b6-cc6b030ea921"",""yes_price_dollars"":""0.2700""}"
KXETH15M-26APR280515-15,b63fdc96-bdf9-6f1b-8ff4-4107e1c3bba4,1777367451,0.06,1.0,no,"{""count_fp"":""1.00"",""created_time"":""2026-04-28T09:10:51.860378Z"",""no_price_dollars"":""0.9400"",""taker_side"":""no"",""ticker"":""KXETH15M-26APR280515-15"",""trade_id"":""b63fdc96-bdf9-6f1b-8ff4-4107e1c3bba4"",""yes_price_dollars"":""0.0600""}"
KXETH15M-26APR280515-15,af586096-d62b-66a4-8251-efc5f2220c9e,1777367451,0.06,1.0,no,"{""count_fp"":""1.00"",""created_time"":""2026-04-28T09:10:51.860378Z"",""no_price_dollars"":""0.9400"",""taker_side"":""no"",""ticker"":""KXETH15M-26APR280515-15"",""trade_id"":""af586096-d62b-66a4-8251-efc5f2220c9e"",""yes_price_dollars"":""0.0600""}"
KXETH15M-26APR280515-15,af4c3114-bbce-6e1c-afe3-7434b0307212,1777367451,0.19,50.0,no,"{""count_fp"":""50.00"",""created_time"":""2026-04-28T09:10:51.860378Z"",""no_price_dollars"":""0.8100"",""taker_side"":""no"",""ticker"":""KXETH15M-26APR280515-15"",""trade_id"":""af4c3114-bbce-6e1c-afe3-7434b0307212"",""yes_price_dollars"":""0.1900""}"
KXETH15M-26APR280515-15,ac1d23b1-fa2e-6b5a-96f1-5f64cea8e9d7,1777367451,0.25,100.0,no,"{""count_fp"":""100.00"",""created_time"":""2026-04-28T09:10:51.860378Z"",""no_price_dollars"":""0.7500"",""taker_side"":""no"",""ticker"":""KXETH15M-26APR280515-15"",""trade_id"":""ac1d23b1-fa2e-6b5a-96f1-5f64cea8e9d7"",""yes_price_dollars"":""0.2500""}"
KXETH15M-26APR280515-15,a0aba64d-672e-6513-8540-bb12bacc7f56,1777367451,0.1,3.0,no,"{""count_fp"":""3.00"",""created_time"":""2026-04-28T09:10:51.860378Z"",""no_price_dollars"":""0.9000"",""taker_side"":""no"",""ticker"":""KXETH15M-26APR280515-15"",""trade_id"":""a0aba64d-672e-6513-8540-bb12bacc7f56"",""yes_price_dollars"":""0.1000""}"
KXETH15M-26APR280515-15,95c49c87-692d-61f1-94b5-c95f823051c6,1777367451,0.22,60.0,no,"{""count_fp"":""60.00"",""created_time"":""2026-04-28T09:10:51.860378Z"",""no_price_dollars"":""0.7800"",""taker_side"":""no"",""ticker"":""KXETH15M-26APR280515-15"",""trade_id"":""95c49c87-692d-61f1-94b5-c95f823051c6"",""yes_price_dollars"":""0.2200""}"
KXETH15M-26APR280515-15,860bb649-26bf-6e72-b8a1-08bdadad0a6e,1777367451,0.07,3.0,no,"{""count_fp"":""3.00"",""created_time"":""2026-04-28T09:10:51.860378Z"",""no_price_dollars"":""0.9300"",""taker_side"":""no"",""ticker"":""KXETH15M-26APR280515-15"",""trade_id"":""860bb649-26bf-6e72-b8a1-08bdadad0a6e"",""yes_price_dollars"":""0.0700""}"
KXETH15M-26APR280515-15,848b118a-b14f-68b3-b6cc-7a49d2da6d2f,1777367451,0.09,1.0,no,"{""count_fp"":""1.00"",""created_time"":""2026-04-28T09:10:51.860378Z"",""no_price_dollars"":""0.9100"",""taker_side"":""no"",""ticker"":""KXETH15M-26APR280515-15"",""trade_id"":""848b118a-b14f-68b3-b6cc-7a49d2da6d2f"",""yes_price_dollars"":""0.0900""}"
KXETH15M-26APR280515-15,7e49f5d8-e5dd-6b8a-b310-6b51b95180dc,1777367451,0.09,3.0,no,"{""count_fp"":""3.00"",""created_time"":""2026-04-28T09:10:51.860378Z"",""no_price_dollars"":""0.9100"",""taker_side"":""no"",""ticker"":""KXETH15M-26APR280515-15"",""trade_id"":""7e49f5d8-e5dd-6b8a-b310-6b51b95180dc"",""yes_price_dollars"":""0.0900""}"
KXETH15M-26APR280515-15,7df06ee8-510f-6d14-8b3b-7d0a443ccb5a,1777367451,0.054,10.0,no,"{""count_fp"":""10.00"",""created_time"":""2026-04-28T09:10:51.860378Z"",""no_price_dollars"":""0.9460"",""taker_side"":""no"",""ticker"":""KXETH15M-26APR280515-15"",""trade_id"":""7df06ee8-510f-6d14-8b3b-7d0a443ccb5a"",""yes_price_dollars"":""0.0540""}"
KXETH15M-26APR280515-15,6ffbd6ee-ce24-6a9d-96e9-ee6f3a5a2b21,1777367451,0.1,1.0,no,"{""count_fp"":""1.00"",""created_time"":""2026-04-28T09:10:51.860378Z"",""no_price_dollars"":""0.9000"",""taker_side"":""no"",""ticker"":""KXETH15M-26APR280515-15"",""trade_id"":""6ffbd6ee-ce24-6a9d-96e9-ee6f3a5a2b21"",""yes_price_dollars"":""0.1000""}"
KXETH15M-26APR280515-15,689b8ef9-dcac-60e6-b100-14f2a573808f,1777367451,0.2,1.0,no,"{""count_fp"":""1.00"",""created_time"":""2026-04-28T09:10:51.860378Z"",""no_price_dollars"":""0.8000"",""taker_side"":""no"",""ticker"":""KXETH15M-26APR280515-15"",""trade_id"":""689b8ef9-dcac-60e6-b100-14f2a573808f"",""yes_price_dollars"":""0.2000""}"
KXETH15M-26APR280515-15,64c36043-cd42-6935-8e1b-4d873205c8a5,1777367451,0.08,1.0,no,"{""count_fp"":""1.00"",""created_time"":""2026-04-28T09:10:51.860378Z"",""no_price_dollars"":""0.9200"",""taker_side"":""no"",""ticker"":""KXETH15M-26APR280515-15"",""trade_id"":""64c36043-cd42-6935-8e1b-4d873205c8a5"",""yes_price_dollars"":""0.0800""}"
KXETH15M-26APR280515-15,3b25f2d7-5268-623d-9382-6e86302a4928,1777367451,0.07,1.0,no,"{""count_fp"":""1.00"",""created_time"":""2026-04-28T09:10:51.860378Z"",""no_price_dollars"":""0.9300"",""taker_side"":""no"",""ticker"":""KXETH15M-26APR280515-15"",""trade_id"":""3b25f2d7-5268-623d-9382-6e86302a4928"",""yes_price_dollars"":""0.0700""}"
KXETH15M-26APR280515-15,35197e69-7fed-60c9-ba53-639a279ce0ca,1777367451,0.26,10.0,no,"{""count_fp"":""10.00"",""created_time"":""2026-04-28T09:10:51.860378Z"",""no_price_dollars"":""0.7400"",""taker_side"":""no"",""ticker"":""KXETH15M-26APR280515-15"",""trade_id"":""35197e69-7fed-60c9-ba53-639a279ce0ca"",""yes_price_dollars"":""0.2600""}"
KXETH15M-26APR280515-15,0ef1dfde-d6f8-6f67-8f4c-cdc4cc88850f,1777367451,0.06,1.0,no,"{""count_fp"":""1.00"",""created_time"":""2026-04-28T09:10:51.860378Z"",""no_price_dollars"":""0.9400"",""taker_side"":""no"",""ticker"":""KXETH15M-26APR280515-15"",""trade_id"":""0ef1dfde-d6f8-6f67-8f4c-cdc4cc88850f"",""yes_price_dollars"":""0.0600""}"
KXETH15M-26APR280515-15,0d84906a-bc6f-6647-a125-dea27c94aea8,1777367451,0.1,1.0,no,"{""count_fp"":""1.00"",""created_time"":""2026-04-28T09:10:51.860378Z"",""no_price_dollars"":""0.9000"",""taker_side"":""no"",""ticker"":""KXETH15M-26APR280515-15"",""trade_id"":""0d84906a-bc6f-6647-a125-dea27c94aea8"",""yes_price_dollars"":""0.1000""}"
KXETH15M-26APR280515-15,d8098294-485a-70df-a450-4f009c876dd1,1777367452,0.21,10.0,no,"{""count_fp"":""10.00"",""created_time"":""2026-04-28T09:10:52.166574Z"",""no_price_dollars"":""0.7900"",""taker_side"":""no"",""ticker"":""KXETH15M-26APR280515-15"",""trade_id"":""d8098294-485a-70df-a450-4f009c876dd1"",""yes_price_dollars"":""0.2100""}"
KXETH15M-26APR280515-15,81f49268-a2b8-7c0c-82c3-9398f17962b5,1777367452,0.2,15.0,no,"{""count_fp"":""15.00"",""created_time"":""2026-04-28T09:10:52.166574Z"",""no_price_dollars"":""0.8000"",""taker_side"":""no"",""ticker"":""KXETH15M-26APR280515-15"",""trade_id"":""81f49268-a2b8-7c0c-82c3-9398f17962b5"",""yes_price_dollars"":""0.2000""}"
KXETH15M-26APR280515-15,4d29d29f-20a5-4222-72ce-21628d0544fb,1777367461,0.22,84.0,no,"{""count_fp"":""84.00"",""created_time"":""2026-04-28T09:11:01.905721Z"",""no_price_dollars"":""0.7800"",""taker_side"":""no"",""ticker"":""KXETH15M-26APR280515-15"",""trade_id"":""4d29d29f-20a5-4222-72ce-21628d0544fb"",""yes_price_dollars"":""0.2200""}"
KXETH15M-26APR280515-15,fa2facaa-00be-6cd9-2112-d06fd3fee788,1777367461,0.24,1.0,yes,"{""count_fp"":""1.00"",""created_time"":""2026-04-28T09:11:01.876119Z"",""no_price_dollars"":""0.7600"",""taker_side"":""yes"",""ticker"":""KXETH15M-26APR280515-15"",""trade_id"":""fa2facaa-00be-6cd9-2112-d06fd3fee788"",""yes_price_dollars"":""0.2400""}"
KXETH15M-26APR280515-15,9a97c645-9861-4456-ce63-a52ee4ec337f,1777367461,0.22,62.0,no,"{""count_fp"":""62.00"",""created_time"":""2026-04-28T09:11:01.610086Z"",""no_price_dollars"":""0.7800"",""taker_side"":""no"",""ticker"":""KXETH15M-26APR280515-15"",""trade_id"":""9a97c645-9861-4456-ce63-a52ee4ec337f"",""yes_price_dollars"":""0.2200""}"
KXETH15M-26APR280515-15,a59a50a2-9d61-5b5a-9dd2-81ad9d2365d7,1777367461,0.22,84.0,no,"{""count_fp"":""84.00"",""created_time"":""2026-04-28T09:11:01.599048Z"",""no_price_dollars"":""0.7800"",""taker_side"":""no"",""ticker"":""KXETH15M-26APR280515-15"",""trade_id"":""a59a50a2-9d61-5b5a-9dd2-81ad9d2365d7"",""yes_price_dollars"":""0.2200""}"
KXETH15M-26APR280515-15,df5467fa-4b65-7cce-18a6-b721c283e61f,1777367462,0.22,82.0,no,"{""count_fp"":""82.00"",""created_time"":""2026-04-28T09:11:02.217328Z"",""no_price_dollars"":""0.7800"",""taker_side"":""no"",""ticker"":""KXETH15M-26APR280515-15"",""trade_id"":""df5467fa-4b65-7cce-18a6-b721c283e61f"",""yes_price_dollars"":""0.2200""}"
KXETH15M-26APR280515-15,878b779d-9116-50cd-d084-7879888c3250,1777367463,0.22,18.0,no,"{""count_fp"":""18.00"",""created_time"":""2026-04-28T09:11:03.503149Z"",""no_price_dollars"":""0.7800"",""taker_side"":""no"",""ticker"":""KXETH15M-26APR280515-15"",""trade_id"":""878b779d-9116-50cd-d084-7879888c3250"",""yes_price_dollars"":""0.2200""}"
KXETH15M-26APR280515-15,3af349f5-efd1-513e-e609-bd819860a083,1777367463,0.22,32.0,no,"{""count_fp"":""32.00"",""created_time"":""2026-04-28T09:11:03.503149Z"",""no_price_dollars"":""0.7800"",""taker_side"":""no"",""ticker"":""KXETH15M-26APR280515-15"",""trade_id"":""3af349f5-efd1-513e-e609-bd819860a083"",""yes_price_dollars"":""0.2200""}"
KXETH15M-26APR280515-15,8649e9a7-c5ad-722a-e887-b00c051661a7,1777367463,0.22,12.78,no,"{""count_fp"":""12.78"",""created_time"":""2026-04-28T09:11:03.497743Z"",""no_price_dollars"":""0.7800"",""taker_side"":""no"",""ticker"":""KXETH15M-26APR280515-15"",""trade_id"":""8649e9a7-c5ad-722a-e887-b00c051661a7"",""yes_price_dollars"":""0.2200""}"
KXETH15M-26APR280515-15,b45856a2-26a5-5b3e-b71d-844a5b93d717,1777367463,0.22,187.22,no,"{""count_fp"":""187.22"",""created_time"":""2026-04-28T09:11:03.493104Z"",""no_price_dollars"":""0.7800"",""taker_side"":""no"",""ticker"":""KXETH15M-26APR280515-15"",""trade_id"":""b45856a2-26a5-5b3e-b71d-844a5b93d717"",""yes_price_dollars"":""0.2200""}"
KXETH15M-26APR280515-15,b3a4d37f-de4d-4a7a-aaf5-5f3981da5273,1777367463,0.22,6.0,no,"{""count_fp"":""6.00"",""created_time"":""2026-04-28T09:11:03.422194Z"",""no_price_dollars"":""0.7800"",""taker_side"":""no"",""ticker"":""KXETH15M-26APR280515-15"",""trade_id"":""b3a4d37f-de4d-4a7a-aaf5-5f3981da5273"",""yes_price_dollars"":""0.2200""}"
KXETH15M-26APR280515-15,36e8f0b6-0e1e-6495-e066-9cf29a088dfc,1777367464,0.22,63.13,no,"{""count_fp"":""63.13"",""created_time"":""2026-04-28T09:11:04.220473Z"",""no_price_dollars"":""0.7800"",""taker_side"":""no"",""ticker"":""KXETH15M-26APR280515-15"",""trade_id"":""36e8f0b6-0e1e-6495-e066-9cf29a088dfc"",""yes_price_dollars"":""0.2200""}"
KXETH15M-26APR280515-15,f90dceda-7cde-7849-3c7e-8fa1fc4bee64,1777367470,0.23,10.0,yes,"{""count_fp"":""10.00"",""created_time"":""2026-04-28T09:11:10.589133Z"",""no_price_dollars"":""0.7700"",""taker_side"":""yes"",""ticker"":""KXETH15M-26APR280515-15"",""trade_id"":""f90dceda-7cde-7849-3c7e-8fa1fc4bee64"",""yes_price_dollars"":""0.2300""}"
KXETH15M-26APR280515-15,888746e4-fc47-7bb1-17f1-f6167068830b,1777367470,0.23,60.0,yes,"{""count_fp"":""60.00"",""created_time"":""2026-04-28T09:11:10.589133Z"",""no_price_dollars"":""0.7700"",""taker_side"":""yes"",""ticker"":""KXETH15M-26APR280515-15"",""trade_id"":""888746e4-fc47-7bb1-17f1-f6167068830b"",""yes_price_dollars"":""0.2300""}"
KXETH15M-26APR280515-15,b36c006d-8ee6-7979-382e-1d8333bb2228,1777367472,0.22,7.0,no,"{""count_fp"":""7.00"",""created_time"":""2026-04-28T09:11:12.154751Z"",""no_price_dollars"":""0.7800"",""taker_side"":""no"",""ticker"":""KXETH15M-26APR280515-15"",""trade_id"":""b36c006d-8ee6-7979-382e-1d8333bb2228"",""yes_price_dollars"":""0.2200""}"
KXETH15M-26APR280515-15,5c898521-69c0-5b8a-5d2a-aa47583eb0b7,1777367475,0.2,100.0,no,"{""count_fp"":""100.00"",""created_time"":""2026-04-28T09:11:15.221122Z"",""no_price_dollars"":""0.8000"",""taker_side"":""no"",""ticker"":""KXETH15M-26APR280515-15"",""trade_id"":""5c898521-69c0-5b8a-5d2a-aa47583eb0b7"",""yes_price_dollars"":""0.2000""}"
