ticker,trade_id,ts,yes_price,count,taker_side,raw_json
KXETH15M-26APR272145-45,c323f4e4-231d-409c-8087-855ec58da3a3,1777339804,0.53,1.0,yes,"{""count_fp"":""1.00"",""created_time"":""2026-04-28T01:30:04.019624Z"",""no_price_dollars"":""0.4700"",""taker_side"":""yes"",""ticker"":""KXETH15M-26APR272145-45"",""trade_id"":""c323f4e4-231d-409c-8087-855ec58da3a3"",""yes_price_dollars"":""0.5300""}"
KXETH15M-26APR272145-45,70df9493-8ff5-4166-8c2d-d273ede94513,1777339804,0.53,5.0,yes,"{""count_fp"":""5.00"",""created_time"":""2026-04-28T01:30:04.019624Z"",""no_price_dollars"":""0.4700"",""taker_side"":""yes"",""ticker"":""KXETH15M-26APR272145-45"",""trade_id"":""70df9493-8ff5-4166-8c2d-d273ede94513"",""yes_price_dollars"":""0.5300""}"
KXETH15M-26APR272145-45,eb04f236-39dc-5b34-99b5-08bd97dd1488,1777339807,0.53,5.0,no,"{""count_fp"":""5.00"",""created_time"":""2026-04-28T01:30:07.368143Z"",""no_price_dollars"":""0.4700"",""taker_side"":""no"",""ticker"":""KXETH15M-26APR272145-45"",""trade_id"":""eb04f236-39dc-5b34-99b5-08bd97dd1488"",""yes_price_dollars"":""0.5300""}"
KXETH15M-26APR272145-45,0769a403-978f-6dd4-67d9-8d0e1ba703cb,1777339807,0.54,1.0,no,"{""count_fp"":""1.00"",""created_time"":""2026-04-28T01:30:07.155815Z"",""no_price_dollars"":""0.4600"",""taker_side"":""no"",""ticker"":""KXETH15M-26APR272145-45"",""trade_id"":""0769a403-978f-6dd4-67d9-8d0e1ba703cb"",""yes_price_dollars"":""0.5400""}"
KXETH15M-26APR272145-45,d33f7c16-e95b-46de-1d54-6dab4894d6f6,1777339808,0.47,4.0,no,"{""count_fp"":""4.00"",""created_time"":""2026-04-28T01:30:08.809161Z"",""no_price_dollars"":""0.5300"",""taker_side"":""no"",""ticker"":""KXETH15M-26APR272145-45"",""trade_id"":""d33f7c16-e95b-46de-1d54-6dab4894d6f6"",""yes_price_dollars"":""0.4700""}"
KXETH15M-26APR272145-45,9300aadc-2ca4-4755-3c62-1ab2b14308b3,1777339808,0.47,5.0,no,"{""count_fp"":""5.00"",""created_time"":""2026-04-28T01:30:08.809161Z"",""no_price_dollars"":""0.5300"",""taker_side"":""no"",""ticker"":""KXETH15M-26APR272145-45"",""trade_id"":""9300aadc-2ca4-4755-3c62-1ab2b14308b3"",""yes_price_dollars"":""0.4700""}"
KXETH15M-26APR272145-45,851a81ba-72f2-4b8f-1fbc-e4dba683e875,1777339808,0.5,1.0,no,"{""count_fp"":""1.00"",""created_time"":""2026-04-28T01:30:08.809161Z"",""no_price_dollars"":""0.5000"",""taker_side"":""no"",""ticker"":""KXETH15M-26APR272145-45"",""trade_id"":""851a81ba-72f2-4b8f-1fbc-e4dba683e875"",""yes_price_dollars"":""0.5000""}"
KXETH15M-26APR272145-45,deb228a7-2436-5a99-13b4-7531a15e259c,1777339816,0.5,3.86,no,"{""count_fp"":""3.86"",""created_time"":""2026-04-28T01:30:16.523167Z"",""no_price_dollars"":""0.5000"",""taker_side"":""no"",""ticker"":""KXETH15M-26APR272145-45"",""trade_id"":""deb228a7-2436-5a99-13b4-7531a15e259c"",""yes_price_dollars"":""0.5000""}"
KXETH15M-26APR272145-45,3bb3f945-852a-4101-a88d-7cfdfa246d44,1777339818,0.5,56.0,no,"{""count_fp"":""56.00"",""created_time"":""2026-04-28T01:30:18.962537Z"",""no_price_dollars"":""0.5000"",""taker_side"":""no"",""ticker"":""KXETH15M-26APR272145-45"",""trade_id"":""3bb3f945-852a-4101-a88d-7cfdfa246d44"",""yes_price_dollars"":""0.5000""}"
KXETH15M-26APR272145-45,207e1575-33d2-7cc5-1298-d709478f49ac,1777339818,0.5,5.0,no,"{""count_fp"":""5.00"",""created_time"":""2026-04-28T01:30:18.660041Z"",""no_price_dollars"":""0.5000"",""taker_side"":""no"",""ticker"":""KXETH15M-26APR272145-45"",""trade_id"":""207e1575-33d2-7cc5-1298-d709478f49ac"",""yes_price_dollars"":""0.5000""}"
KXETH15M-26APR272145-45,9969f6c3-ea0a-4091-710a-baf4daff9438,1777339818,0.5,69.0,no,"{""count_fp"":""69.00"",""created_time"":""2026-04-28T01:30:18.307682Z"",""no_price_dollars"":""0.5000"",""taker_side"":""no"",""ticker"":""KXETH15M-26APR272145-45"",""trade_id"":""9969f6c3-ea0a-4091-710a-baf4daff9438"",""yes_price_dollars"":""0.5000""}"
KXETH15M-26APR272145-45,8de716f8-ccab-6eca-5000-87d40682d40a,1777339819,0.47,1.0,no,"{""count_fp"":""1.00"",""created_time"":""2026-04-28T01:30:19.782243Z"",""no_price_dollars"":""0.5300"",""taker_side"":""no"",""ticker"":""KXETH15M-26APR272145-45"",""trade_id"":""8de716f8-ccab-6eca-5000-87d40682d40a"",""yes_price_dollars"":""0.4700""}"
KXETH15M-26APR272145-45,7ea6ad03-a9dc-6e62-5e1f-5b826eddf342,1777339819,0.48,10.41,no,"{""count_fp"":""10.41"",""created_time"":""2026-04-28T01:30:19.782243Z"",""no_price_dollars"":""0.5200"",""taker_side"":""no"",""ticker"":""KXETH15M-26APR272145-45"",""trade_id"":""7ea6ad03-a9dc-6e62-5e1f-5b826eddf342"",""yes_price_dollars"":""0.4800""}"
KXETH15M-26APR272145-45,11420dcb-1ee5-6efa-6a12-4fff54ef4424,1777339819,0.48,10.0,no,"{""count_fp"":""10.00"",""created_time"":""2026-04-28T01:30:19.782243Z"",""no_price_dollars"":""0.5200"",""taker_side"":""no"",""ticker"":""KXETH15M-26APR272145-45"",""trade_id"":""11420dcb-1ee5-6efa-6a12-4fff54ef4424"",""yes_price_dollars"":""0.4800""}"
KXETH15M-26APR272145-45,0b7f283b-5c0a-6fb5-45bf-ed7a9d234448,1777339819,0.47,26.59,no,"{""count_fp"":""26.59"",""created_time"":""2026-04-28T01:30:19.782243Z"",""no_price_dollars"":""0.5300"",""taker_side"":""no"",""ticker"":""KXETH15M-26APR272145-45"",""trade_id"":""0b7f283b-5c0a-6fb5-45bf-ed7a9d234448"",""yes_price_dollars"":""0.4700""}"
KXETH15M-26APR272145-45,f61c385b-6328-4bb4-3747-83820ca7b60e,1777339822,0.51,10.0,yes,"{""count_fp"":""10.00"",""created_time"":""2026-04-28T01:30:22.362675Z"",""no_price_dollars"":""0.4900"",""taker_side"":""yes"",""ticker"":""KXETH15M-26APR272145-45"",""trade_id"":""f61c385b-6328-4bb4-3747-83820ca7b60e"",""yes_price_dollars"":""0.5100""}"
KXETH15M-26APR272145-45,bed894a8-518b-49cf-1147-25993720d545,1777339822,0.51,60.0,yes,"{""count_fp"":""60.00"",""created_time"":""2026-04-28T01:30:22.362675Z"",""no_price_dollars"":""0.4900"",""taker_side"":""yes"",""ticker"":""KXETH15M-26APR272145-45"",""trade_id"":""bed894a8-518b-49cf-1147-25993720d545"",""yes_price_dollars"":""0.5100""}"
KXETH15M-26APR272145-45,abedde85-73a2-44ad-60d9-ac69c3154aec,1777339824,0.5,9.0,no,"{""count_fp"":""9.00"",""created_time"":""2026-04-28T01:30:24.634524Z"",""no_price_dollars"":""0.5000"",""taker_side"":""no"",""ticker"":""KXETH15M-26APR272145-45"",""trade_id"":""abedde85-73a2-44ad-60d9-ac69c3154aec"",""yes_price_dollars"":""0.5000""}"
KXETH15M-26APR272145-45,0daf1fa4-67a3-6f3f-87f6-3ed0446515e5,1777339825,0.49,1.0,no,"{""count_fp"":""1.00"",""created_time"":""2026-04-28T01:30:25.601284Z"",""no_price_dollars"":""0.5100"",""taker_side"":""no"",""ticker"":""KXETH15M-26APR272145-45"",""trade_id"":""0daf1fa4-67a3-6f3f-87f6-3ed0446515e5"",""yes_price_dollars"":""0.4900""}"
KXETH15M-26APR272145-45,0e4a475c-08be-7932-dc01-3c8774734a5e,1777339827,0.52,1.0,yes,"{""count_fp"":""1.00"",""created_time"":""2026-04-28T01:30:27.121965Z"",""no_price_dollars"":""0.4800"",""taker_side"":""yes"",""ticker"":""KXETH15M-26APR272145-45"",""trade_id"":""0e4a475c-08be-7932-dc01-3c8774734a5e"",""yes_price_dollars"":""0.5200""}"
KXETH15M-26APR272145-45,4eacd6c9-164e-70f1-0b54-7cc64192612c,1777339829,0.5,10.0,no,"{""count_fp"":""10.00"",""created_time"":""2026-04-28T01:30:29.944633Z"",""no_price_dollars"":""0.5000"",""taker_side"":""no"",""ticker"":""KXETH15M-26APR272145-45"",""trade_id"":""4eacd6c9-164e-70f1-0b54-7cc64192612c"",""yes_price_dollars"":""0.5000""}"
KXETH15M-26APR272145-45,aef39720-4910-45e5-0510-d0d5bfecdb57,1777339829,0.54,3.58,yes,"{""count_fp"":""3.58"",""created_time"":""2026-04-28T01:30:29.362502Z"",""no_price_dollars"":""0.4600"",""taker_side"":""yes"",""ticker"":""KXETH15M-26APR272145-45"",""trade_id"":""aef39720-4910-45e5-0510-d0d5bfecdb57"",""yes_price_dollars"":""0.5400""}"
KXETH15M-26APR272145-45,c91dbae7-b05f-462f-0da1-cba548cb90f9,1777339830,0.49,10.0,no,"{""count_fp"":""10.00"",""created_time"":""2026-04-28T01:30:30.767269Z"",""no_price_dollars"":""0.5100"",""taker_side"":""no"",""ticker"":""KXETH15M-26APR272145-45"",""trade_id"":""c91dbae7-b05f-462f-0da1-cba548cb90f9"",""yes_price_dollars"":""0.4900""}"
KXETH15M-26APR272145-45,ac2a15e0-13c4-63ad-0447-48db5cb15463,1777339831,0.48,47.39,yes,"{""count_fp"":""47.39"",""created_time"":""2026-04-28T01:30:31.695214Z"",""no_price_dollars"":""0.5200"",""taker_side"":""yes"",""ticker"":""KXETH15M-26APR272145-45"",""trade_id"":""ac2a15e0-13c4-63ad-0447-48db5cb15463"",""yes_price_dollars"":""0.4800""}"
KXETH15M-26APR272145-45,78771c1a-744f-5243-acda-05cd58510141,1777339831,0.49,10.0,no,"{""count_fp"":""10.00"",""created_time"":""2026-04-28T01:30:31.438339Z"",""no_price_dollars"":""0.5100"",""taker_side"":""no"",""ticker"":""KXETH15M-26APR272145-45"",""trade_id"":""78771c1a-744f-5243-acda-05cd58510141"",""yes_price_dollars"":""0.4900""}"
KXETH15M-26APR272145-45,72e8f113-d3da-5a77-ba7a-51046d25fdbf,1777339831,0.46,10.0,no,"{""count_fp"":""10.00"",""created_time"":""2026-04-28T01:30:31.438339Z"",""no_price_dollars"":""0.5400"",""taker_side"":""no"",""ticker"":""KXETH15M-26APR272145-45"",""trade_id"":""72e8f113-d3da-5a77-ba7a-51046d25fdbf"",""yes_price_dollars"":""0.4600""}"
KXETH15M-26APR272145-45,54303dd8-3bf2-5249-8b89-507908cfc804,1777339831,0.45,9.0,no,"{""count_fp"":""9.00"",""created_time"":""2026-04-28T01:30:31.438339Z"",""no_price_dollars"":""0.5500"",""taker_side"":""no"",""ticker"":""KXETH15M-26APR272145-45"",""trade_id"":""54303dd8-3bf2-5249-8b89-507908cfc804"",""yes_price_dollars"":""0.4500""}"
KXETH15M-26APR272145-45,35f62e03-19cd-4e42-c58f-31ae28f139b1,1777339832,0.46,1.0,no,"{""count_fp"":""1.00"",""created_time"":""2026-04-28T01:30:32.417461Z"",""no_price_dollars"":""0.5400"",""taker_side"":""no"",""ticker"":""KXETH15M-26APR272145-45"",""trade_id"":""35f62e03-19cd-4e42-c58f-31ae28f139b1"",""yes_price_dollars"":""0.4600""}"
KXETH15M-26APR272145-45,8dd23f47-2a65-575a-483b-9e14f323d1c1,1777339832,0.46,15.0,no,"{""count_fp"":""15.00"",""created_time"":""2026-04-28T01:30:32.401673Z"",""no_price_dollars"":""0.5400"",""taker_side"":""no"",""ticker"":""KXETH15M-26APR272145-45"",""trade_id"":""8dd23f47-2a65-575a-483b-9e14f323d1c1"",""yes_price_dollars"":""0.4600""}"
KXETH15M-26APR272145-45,f620b1e3-c76a-5e69-c100-9d2be4a0abfc,1777339834,0.46,1.79,no,"{""count_fp"":""1.79"",""created_time"":""2026-04-28T01:30:34.137319Z"",""no_price_dollars"":""0.5400"",""taker_side"":""no"",""ticker"":""KXETH15M-26APR272145-45"",""trade_id"":""f620b1e3-c76a-5e69-c100-9d2be4a0abfc"",""yes_price_dollars"":""0.4600""}"
KXETH15M-26APR272145-45,1fa2e2d8-6af4-7732-46c0-b07444447451,1777339835,0.49,1.0,yes,"{""count_fp"":""1.00"",""created_time"":""2026-04-28T01:30:35.545743Z"",""no_price_dollars"":""0.5100"",""taker_side"":""yes"",""ticker"":""KXETH15M-26APR272145-45"",""trade_id"":""1fa2e2d8-6af4-7732-46c0-b07444447451"",""yes_price_dollars"":""0.4900""}"
KXETH15M-26APR272145-45,8bc00c48-291e-58b5-86b9-d78fdf0d62d0,1777339840,0.49,5.0,no,"{""count_fp"":""5.00"",""created_time"":""2026-04-28T01:30:40.673789Z"",""no_price_dollars"":""0.5100"",""taker_side"":""no"",""ticker"":""KXETH15M-26APR272145-45"",""trade_id"":""8bc00c48-291e-58b5-86b9-d78fdf0d62d0"",""yes_price_dollars"":""0.4900""}"
KXETH15M-26APR272145-45,3af7a521-f152-4849-4ebb-1ea0ce81a4ec,1777339840,0.49,10.0,no,"{""count_fp"":""10.00"",""created_time"":""2026-04-28T01:30:40.419129Z"",""no_price_dollars"":""0.5100"",""taker_side"":""no"",""ticker"":""KXETH15M-26APR272145-45"",""trade_id"":""3af7a521-f152-4849-4ebb-1ea0ce81a4ec"",""yes_price_dollars"":""0.4900""}"
KXETH15M-26APR272145-45,12a9e6c1-59ba-4155-a4e4-c45e7e1ae0e8,1777339840,0.49,5.0,no,"{""count_fp"":""5.00"",""created_time"":""2026-04-28T01:30:40.328687Z"",""no_price_dollars"":""0.5100"",""taker_side"":""no"",""ticker"":""KXETH15M-26APR272145-45"",""trade_id"":""12a9e6c1-59ba-4155-a4e4-c45e7e1ae0e8"",""yes_price_dollars"":""0.4900""}"
KXETH15M-26APR272145-45,e01f5f64-8366-40a5-a9f1-8179f1e2c13c,1777339841,0.49,1.0,no,"{""count_fp"":""1.00"",""created_time"":""2026-04-28T01:30:41.683192Z"",""no_price_dollars"":""0.5100"",""taker_side"":""no"",""ticker"":""KXETH15M-26APR272145-45"",""trade_id"":""e01f5f64-8366-40a5-a9f1-8179f1e2c13c"",""yes_price_dollars"":""0.4900""}"
KXETH15M-26APR272145-45,ccf0dc4f-4b9a-46bd-acb3-30e9cd3de0fc,1777339841,0.49,10.0,no,"{""count_fp"":""10.00"",""created_time"":""2026-04-28T01:30:41.226627Z"",""no_price_dollars"":""0.5100"",""taker_side"":""no"",""ticker"":""KXETH15M-26APR272145-45"",""trade_id"":""ccf0dc4f-4b9a-46bd-acb3-30e9cd3de0fc"",""yes_price_dollars"":""0.4900""}"
KXETH15M-26APR272145-45,1a614903-16ea-7021-7fbd-47e6bb7f00b8,1777339842,0.44,35.0,no,"{""count_fp"":""35.00"",""created_time"":""2026-04-28T01:30:42.923419Z"",""no_price_dollars"":""0.5600"",""taker_side"":""no"",""ticker"":""KXETH15M-26APR272145-45"",""trade_id"":""1a614903-16ea-7021-7fbd-47e6bb7f00b8"",""yes_price_dollars"":""0.4400""}"
KXETH15M-26APR272145-45,52599e54-d6ae-7cb6-00eb-ce7738844f84,1777339843,0.42,1.0,no,"{""count_fp"":""1.00"",""created_time"":""2026-04-28T01:30:43.409748Z"",""no_price_dollars"":""0.5800"",""taker_side"":""no"",""ticker"":""KXETH15M-26APR272145-45"",""trade_id"":""52599e54-d6ae-7cb6-00eb-ce7738844f84"",""yes_price_dollars"":""0.4200""}"
KXETH15M-26APR272145-45,b5dfe68f-5b58-5a19-bfa7-26a314d0ad1f,1777339843,0.46,1.89,yes,"{""count_fp"":""1.89"",""created_time"":""2026-04-28T01:30:43.406097Z"",""no_price_dollars"":""0.5400"",""taker_side"":""yes"",""ticker"":""KXETH15M-26APR272145-45"",""trade_id"":""b5dfe68f-5b58-5a19-bfa7-26a314d0ad1f"",""yes_price_dollars"":""0.4600""}"
KXETH15M-26APR272145-45,f615f1a0-880a-5181-9f0e-ae622ac4021c,1777339846,0.46,4.0,no,"{""count_fp"":""4.00"",""created_time"":""2026-04-28T01:30:46.946511Z"",""no_price_dollars"":""0.5400"",""taker_side"":""no"",""ticker"":""KXETH15M-26APR272145-45"",""trade_id"":""f615f1a0-880a-5181-9f0e-ae622ac4021c"",""yes_price_dollars"":""0.4600""}"
KXETH15M-26APR272145-45,08138961-0902-6e42-0027-515104bfad9f,1777339846,0.46,10.0,yes,"{""count_fp"":""10.00"",""created_time"":""2026-04-28T01:30:46.189341Z"",""no_price_dollars"":""0.5400"",""taker_side"":""yes"",""ticker"":""KXETH15M-26APR272145-45"",""trade_id"":""08138961-0902-6e42-0027-515104bfad9f"",""yes_price_dollars"":""0.4600""}"
KXETH15M-26APR272145-45,4894a007-662a-43e1-84b0-7df6e84cf254,1777339851,0.44,1.0,no,"{""count_fp"":""1.00"",""created_time"":""2026-04-28T01:30:51.796833Z"",""no_price_dollars"":""0.5600"",""taker_side"":""no"",""ticker"":""KXETH15M-26APR272145-45"",""trade_id"":""4894a007-662a-43e1-84b0-7df6e84cf254"",""yes_price_dollars"":""0.4400""}"
KXETH15M-26APR272145-45,121ef566-a60e-6385-a419-131c35564304,1777339851,0.44,10.0,no,"{""count_fp"":""10.00"",""created_time"":""2026-04-28T01:30:51.065038Z"",""no_price_dollars"":""0.5600"",""taker_side"":""no"",""ticker"":""KXETH15M-26APR272145-45"",""trade_id"":""121ef566-a60e-6385-a419-131c35564304"",""yes_price_dollars"":""0.4400""}"
KXETH15M-26APR272145-45,361caf53-d1f2-49e9-5f26-0397f83ae92c,1777339852,0.44,5.0,no,"{""count_fp"":""5.00"",""created_time"":""2026-04-28T01:30:52.009492Z"",""no_price_dollars"":""0.5600"",""taker_side"":""no"",""ticker"":""KXETH15M-26APR272145-45"",""trade_id"":""361caf53-d1f2-49e9-5f26-0397f83ae92c"",""yes_price_dollars"":""0.4400""}"
KXETH15M-26APR272145-45,b969df8b-52d1-7757-e23e-0fd8d66ccf7d,1777339853,0.47,1.0,yes,"{""count_fp"":""1.00"",""created_time"":""2026-04-28T01:30:53.912487Z"",""no_price_dollars"":""0.5300"",""taker_side"":""yes"",""ticker"":""KXETH15M-26APR272145-45"",""trade_id"":""b969df8b-52d1-7757-e23e-0fd8d66ccf7d"",""yes_price_dollars"":""0.4700""}"
KXETH15M-26APR272145-45,a0907a5c-befc-7f32-f8bc-ad8d24124483,1777339853,0.46,10.0,yes,"{""count_fp"":""10.00"",""created_time"":""2026-04-28T01:30:53.902109Z"",""no_price_dollars"":""0.5400"",""taker_side"":""yes"",""ticker"":""KXETH15M-26APR272145-45"",""trade_id"":""a0907a5c-befc-7f32-f8bc-ad8d24124483"",""yes_price_dollars"":""0.4600""}"
KXETH15M-26APR272145-45,a7f1382d-cb5a-5fe9-f7b3-1af7c8401b10,1777339853,0.44,7.0,no,"{""count_fp"":""7.00"",""created_time"":""2026-04-28T01:30:53.631822Z"",""no_price_dollars"":""0.5600"",""taker_side"":""no"",""ticker"":""KXETH15M-26APR272145-45"",""trade_id"":""a7f1382d-cb5a-5fe9-f7b3-1af7c8401b10"",""yes_price_dollars"":""0.4400""}"
KXETH15M-26APR272145-45,37fbc1dc-c44b-698d-2a98-b541a102cd64,1777339859,0.43,1.7,no,"{""count_fp"":""1.70"",""created_time"":""2026-04-28T01:30:59.043702Z"",""no_price_dollars"":""0.5700"",""taker_side"":""no"",""ticker"":""KXETH15M-26APR272145-45"",""trade_id"":""37fbc1dc-c44b-698d-2a98-b541a102cd64"",""yes_price_dollars"":""0.4300""}"
KXETH15M-26APR272145-45,b9f27de7-db1a-42f8-4b91-3613e2bb314e,1777339860,0.48,10.0,yes,"{""count_fp"":""10.00"",""created_time"":""2026-04-28T01:31:00.700191Z"",""no_price_dollars"":""0.5200"",""taker_side"":""yes"",""ticker"":""KXETH15M-26APR272145-45"",""trade_id"":""b9f27de7-db1a-42f8-4b91-3613e2bb314e"",""yes_price_dollars"":""0.4800""}"
KXETH15M-26APR272145-45,13120542-158c-6100-d89a-aa2ede09d626,1777339861,0.55,40.0,yes,"{""count_fp"":""40.00"",""created_time"":""2026-04-28T01:31:01.873875Z"",""no_price_dollars"":""0.4500"",""taker_side"":""yes"",""ticker"":""KXETH15M-26APR272145-45"",""trade_id"":""13120542-158c-6100-d89a-aa2ede09d626"",""yes_price_dollars"":""0.5500""}"
KXETH15M-26APR272145-45,1ed19156-eb06-476d-fda6-a854afde773c,1777339861,0.53,10.0,no,"{""count_fp"":""10.00"",""created_time"":""2026-04-28T01:31:01.848722Z"",""no_price_dollars"":""0.4700"",""taker_side"":""no"",""ticker"":""KXETH15M-26APR272145-45"",""trade_id"":""1ed19156-eb06-476d-fda6-a854afde773c"",""yes_price_dollars"":""0.5300""}"
KXETH15M-26APR272145-45,0a407f60-91ea-5473-ed8a-3c65da0b48b2,1777339861,0.54,10.0,yes,"{""count_fp"":""10.00"",""created_time"":""2026-04-28T01:31:01.750043Z"",""no_price_dollars"":""0.4600"",""taker_side"":""yes"",""ticker"":""KXETH15M-26APR272145-45"",""trade_id"":""0a407f60-91ea-5473-ed8a-3c65da0b48b2"",""yes_price_dollars"":""0.5400""}"
KXETH15M-26APR272145-45,cfda02ff-cb57-4371-2372-d0ab73ec324c,1777339863,0.51,11.0,no,"{""count_fp"":""11.00"",""created_time"":""2026-04-28T01:31:03.663324Z"",""no_price_dollars"":""0.4900"",""taker_side"":""no"",""ticker"":""KXETH15M-26APR272145-45"",""trade_id"":""cfda02ff-cb57-4371-2372-d0ab73ec324c"",""yes_price_dollars"":""0.5100""}"
KXETH15M-26APR272145-45,9386d21e-5c3a-4d56-0188-0d7180832dec,1777339863,0.54,10.0,no,"{""count_fp"":""10.00"",""created_time"":""2026-04-28T01:31:03.663324Z"",""no_price_dollars"":""0.4600"",""taker_side"":""no"",""ticker"":""KXETH15M-26APR272145-45"",""trade_id"":""9386d21e-5c3a-4d56-0188-0d7180832dec"",""yes_price_dollars"":""0.5400""}"
KXETH15M-26APR272145-45,1be94554-0997-47ce-2bb6-f1981eafca4d,1777339863,0.53,10.0,no,"{""count_fp"":""10.00"",""created_time"":""2026-04-28T01:31:03.663324Z"",""no_price_dollars"":""0.4700"",""taker_side"":""no"",""ticker"":""KXETH15M-26APR272145-45"",""trade_id"":""1be94554-0997-47ce-2bb6-f1981eafca4d"",""yes_price_dollars"":""0.5300""}"
KXETH15M-26APR272145-45,01b379a3-acdc-679e-68bd-da8dcbdf47a5,1777339864,0.52,2.79,no,"{""count_fp"":""2.79"",""created_time"":""2026-04-28T01:31:04.012921Z"",""no_price_dollars"":""0.4800"",""taker_side"":""no"",""ticker"":""KXETH15M-26APR272145-45"",""trade_id"":""01b379a3-acdc-679e-68bd-da8dcbdf47a5"",""yes_price_dollars"":""0.5200""}"
KXETH15M-26APR272145-45,d406e8a7-00e6-4b27-3a48-f5a1a548cf77,1777339865,0.53,0.56,no,"{""count_fp"":""0.56"",""created_time"":""2026-04-28T01:31:05.812769Z"",""no_price_dollars"":""0.4700"",""taker_side"":""no"",""ticker"":""KXETH15M-26APR272145-45"",""trade_id"":""d406e8a7-00e6-4b27-3a48-f5a1a548cf77"",""yes_price_dollars"":""0.5300""}"
KXETH15M-26APR272145-45,19c211f9-6a12-4ddd-0b80-ffa2a24d2360,1777339865,0.53,10.74,no,"{""count_fp"":""10.74"",""created_time"":""2026-04-28T01:31:05.812769Z"",""no_price_dollars"":""0.4700"",""taker_side"":""no"",""ticker"":""KXETH15M-26APR272145-45"",""trade_id"":""19c211f9-6a12-4ddd-0b80-ffa2a24d2360"",""yes_price_dollars"":""0.5300""}"
KXETH15M-26APR272145-45,ec9ff61b-1d3e-6413-8388-468912a9342b,1777339865,0.53,10.0,no,"{""count_fp"":""10.00"",""created_time"":""2026-04-28T01:31:05.735409Z"",""no_price_dollars"":""0.4700"",""taker_side"":""no"",""ticker"":""KXETH15M-26APR272145-45"",""trade_id"":""ec9ff61b-1d3e-6413-8388-468912a9342b"",""yes_price_dollars"":""0.5300""}"
KXETH15M-26APR272145-45,b3d37245-93bc-6de5-94de-681a480476f3,1777339865,0.53,2.0,no,"{""count_fp"":""2.00"",""created_time"":""2026-04-28T01:31:05.735409Z"",""no_price_dollars"":""0.4700"",""taker_side"":""no"",""ticker"":""KXETH15M-26APR272145-45"",""trade_id"":""b3d37245-93bc-6de5-94de-681a480476f3"",""yes_price_dollars"":""0.5300""}"
KXETH15M-26APR272145-45,c3d4f5f9-22bd-6fcc-06ad-dc7490b7fbb5,1777339867,0.55,10.0,yes,"{""count_fp"":""10.00"",""created_time"":""2026-04-28T01:31:07.479101Z"",""no_price_dollars"":""0.4500"",""taker_side"":""yes"",""ticker"":""KXETH15M-26APR272145-45"",""trade_id"":""c3d4f5f9-22bd-6fcc-06ad-dc7490b7fbb5"",""yes_price_dollars"":""0.5500""}"
KXETH15M-26APR272145-45,97f341d1-0a83-6dae-38a3-e80406152084,1777339867,0.56,5.48,yes,"{""count_fp"":""5.48"",""created_time"":""2026-04-28T01:31:07.479101Z"",""no_price_dollars"":""0.4400"",""taker_side"":""yes"",""ticker"":""KXETH15M-26APR272145-45"",""trade_id"":""97f341d1-0a83-6dae-38a3-e80406152084"",""yes_price_dollars"":""0.5600""}"
KXETH15M-26APR272145-45,94cec570-8576-6fcc-11b3-1b483da68739,1777339867,0.55,2.0,yes,"{""count_fp"":""2.00"",""created_time"":""2026-04-28T01:31:07.479101Z"",""no_price_dollars"":""0.4500"",""taker_side"":""yes"",""ticker"":""KXETH15M-26APR272145-45"",""trade_id"":""94cec570-8576-6fcc-11b3-1b483da68739"",""yes_price_dollars"":""0.5500""}"
KXETH15M-26APR272145-45,711a07cb-630e-4665-03ab-3fc8158ddaf4,1777339867,0.53,98.52,no,"{""count_fp"":""98.52"",""created_time"":""2026-04-28T01:31:07.162932Z"",""no_price_dollars"":""0.4700"",""taker_side"":""no"",""ticker"":""KXETH15M-26APR272145-45"",""trade_id"":""711a07cb-630e-4665-03ab-3fc8158ddaf4"",""yes_price_dollars"":""0.5300""}"
KXETH15M-26APR272145-45,6d5a2799-6ece-6161-ff18-ab952ae2a110,1777339869,0.5,10.0,no,"{""count_fp"":""10.00"",""created_time"":""2026-04-28T01:31:09.886053Z"",""no_price_dollars"":""0.5000"",""taker_side"":""no"",""ticker"":""KXETH15M-26APR272145-45"",""trade_id"":""6d5a2799-6ece-6161-ff18-ab952ae2a110"",""yes_price_dollars"":""0.5000""}"
KXETH15M-26APR272145-45,c4709128-6538-5c46-389a-6d5eb85c2a51,1777339871,0.48,10.0,no,"{""count_fp"":""10.00"",""created_time"":""2026-04-28T01:31:11.895597Z"",""no_price_dollars"":""0.5200"",""taker_side"":""no"",""ticker"":""KXETH15M-26APR272145-45"",""trade_id"":""c4709128-6538-5c46-389a-6d5eb85c2a51"",""yes_price_dollars"":""0.4800""}"
KXETH15M-26APR272145-45,10033565-53d6-790d-63c5-b0c444ca639c,1777339871,0.5,5.0,no,"{""count_fp"":""5.00"",""created_time"":""2026-04-28T01:31:11.079049Z"",""no_price_dollars"":""0.5000"",""taker_side"":""no"",""ticker"":""KXETH15M-26APR272145-45"",""trade_id"":""10033565-53d6-790d-63c5-b0c444ca639c"",""yes_price_dollars"":""0.5000""}"
KXETH15M-26APR272145-45,b2a37ad2-5b8f-4871-d5a0-916db18aafbf,1777339872,0.47,5.0,no,"{""count_fp"":""5.00"",""created_time"":""2026-04-28T01:31:12.703782Z"",""no_price_dollars"":""0.5300"",""taker_side"":""no"",""ticker"":""KXETH15M-26APR272145-45"",""trade_id"":""b2a37ad2-5b8f-4871-d5a0-916db18aafbf"",""yes_price_dollars"":""0.4700""}"
KXETH15M-26APR272145-45,1efc6eda-43a3-4497-e6bc-17331327223d,1777339872,0.47,5.0,no,"{""count_fp"":""5.00"",""created_time"":""2026-04-28T01:31:12.703782Z"",""no_price_dollars"":""0.5300"",""taker_side"":""no"",""ticker"":""KXETH15M-26APR272145-45"",""trade_id"":""1efc6eda-43a3-4497-e6bc-17331327223d"",""yes_price_dollars"":""0.4700""}"
KXETH15M-26APR272145-45,e66bc480-c913-63df-6207-baa1cdbbc6ca,1777339873,0.47,5.0,no,"{""count_fp"":""5.00"",""created_time"":""2026-04-28T01:31:13.515003Z"",""no_price_dollars"":""0.5300"",""taker_side"":""no"",""ticker"":""KXETH15M-26APR272145-45"",""trade_id"":""e66bc480-c913-63df-6207-baa1cdbbc6ca"",""yes_price_dollars"":""0.4700""}"
KXETH15M-26APR272145-45,e0280ac2-2ce7-58ff-24bd-2268f27111f2,1777339874,0.47,1.46,no,"{""count_fp"":""1.46"",""created_time"":""2026-04-28T01:31:14.568041Z"",""no_price_dollars"":""0.5300"",""taker_side"":""no"",""ticker"":""KXETH15M-26APR272145-45"",""trade_id"":""e0280ac2-2ce7-58ff-24bd-2268f27111f2"",""yes_price_dollars"":""0.4700""}"
KXETH15M-26APR272145-45,fb937a5a-9b76-6565-d815-9bc5506c3c00,1777339877,0.47,10.0,no,"{""count_fp"":""10.00"",""created_time"":""2026-04-28T01:31:17.786305Z"",""no_price_dollars"":""0.5300"",""taker_side"":""no"",""ticker"":""KXETH15M-26APR272145-45"",""trade_id"":""fb937a5a-9b76-6565-d815-9bc5506c3c00"",""yes_price_dollars"":""0.4700""}"
KXETH15M-26APR272145-45,8e55cfbf-eb03-5d0c-82e3-d2f2a8d156db,1777339879,0.49,30.0,yes,"{""count_fp"":""30.00"",""created_time"":""2026-04-28T01:31:19.539446Z"",""no_price_dollars"":""0.5100"",""taker_side"":""yes"",""ticker"":""KXETH15M-26APR272145-45"",""trade_id"":""8e55cfbf-eb03-5d0c-82e3-d2f2a8d156db"",""yes_price_dollars"":""0.4900""}"
KXETH15M-26APR272145-45,693e5212-d159-4743-8d84-6e372d5f797e,1777339879,0.48,2.0,yes,"{""count_fp"":""2.00"",""created_time"":""2026-04-28T01:31:19.325069Z"",""no_price_dollars"":""0.5200"",""taker_side"":""yes"",""ticker"":""KXETH15M-26APR272145-45"",""trade_id"":""693e5212-d159-4743-8d84-6e372d5f797e"",""yes_price_dollars"":""0.4800""}"
KXETH15M-26APR272145-45,ea660acc-641a-57d9-0fa8-79dc4eea03b8,1777339880,0.49,2.0,no,"{""count_fp"":""2.00"",""created_time"":""2026-04-28T01:31:20.782101Z"",""no_price_dollars"":""0.5100"",""taker_side"":""no"",""ticker"":""KXETH15M-26APR272145-45"",""trade_id"":""ea660acc-641a-57d9-0fa8-79dc4eea03b8"",""yes_price_dollars"":""0.4900""}"
KXETH15M-26APR272145-45,f7f3b5e4-a304-57b7-8784-06954aaf1be7,1777339882,0.53,0.36,yes,"{""count_fp"":""0.36"",""created_time"":""2026-04-28T01:31:22.724684Z"",""no_price_dollars"":""0.4700"",""taker_side"":""yes"",""ticker"":""KXETH15M-26APR272145-45"",""trade_id"":""f7f3b5e4-a304-57b7-8784-06954aaf1be7"",""yes_price_dollars"":""0.5300""}"
KXETH15M-26APR272145-45,97ee062e-f7e0-4c4b-f406-970da6058aeb,1777339885,0.53,1.82,yes,"{""count_fp"":""1.82"",""created_time"":""2026-04-28T01:31:25.751666Z"",""no_price_dollars"":""0.4700"",""taker_side"":""yes"",""ticker"":""KXETH15M-26APR272145-45"",""trade_id"":""97ee062e-f7e0-4c4b-f406-970da6058aeb"",""yes_price_dollars"":""0.5300""}"
KXETH15M-26APR272145-45,9c506aa1-4a32-541b-55b6-c1dde5712d75,1777339886,0.5,5.0,no,"{""count_fp"":""5.00"",""created_time"":""2026-04-28T01:31:26.412692Z"",""no_price_dollars"":""0.5000"",""taker_side"":""no"",""ticker"":""KXETH15M-26APR272145-45"",""trade_id"":""9c506aa1-4a32-541b-55b6-c1dde5712d75"",""yes_price_dollars"":""0.5000""}"
KXETH15M-26APR272145-45,def69a34-4570-6a0b-7654-c1df9b40f9b7,1777339886,0.51,10.0,yes,"{""count_fp"":""10.00"",""created_time"":""2026-04-28T01:31:26.280563Z"",""no_price_dollars"":""0.4900"",""taker_side"":""yes"",""ticker"":""KXETH15M-26APR272145-45"",""trade_id"":""def69a34-4570-6a0b-7654-c1df9b40f9b7"",""yes_price_dollars"":""0.5100""}"
KXETH15M-26APR272145-45,4f0c8920-d5ac-63a5-741e-25719f898f9b,1777339886,0.53,24.84,yes,"{""count_fp"":""24.84"",""created_time"":""2026-04-28T01:31:26.280563Z"",""no_price_dollars"":""0.4700"",""taker_side"":""yes"",""ticker"":""KXETH15M-26APR272145-45"",""trade_id"":""4f0c8920-d5ac-63a5-741e-25719f898f9b"",""yes_price_dollars"":""0.5300""}"
KXETH15M-26APR272145-45,4dfbff20-0740-6e57-57f6-2216b1d5c02b,1777339886,0.53,0.82,yes,"{""count_fp"":""0.82"",""created_time"":""2026-04-28T01:31:26.280563Z"",""no_price_dollars"":""0.4700"",""taker_side"":""yes"",""ticker"":""KXETH15M-26APR272145-45"",""trade_id"":""4dfbff20-0740-6e57-57f6-2216b1d5c02b"",""yes_price_dollars"":""0.5300""}"
KXETH15M-26APR272145-45,202e90c5-ce5d-6118-5f01-e4ef15d3a837,1777339886,0.52,10.0,yes,"{""count_fp"":""10.00"",""created_time"":""2026-04-28T01:31:26.280563Z"",""no_price_dollars"":""0.4800"",""taker_side"":""yes"",""ticker"":""KXETH15M-26APR272145-45"",""trade_id"":""202e90c5-ce5d-6118-5f01-e4ef15d3a837"",""yes_price_dollars"":""0.5200""}"
KXETH15M-26APR272145-45,29477841-7636-6b08-dedb-a93b2a1282af,1777339898,0.48,9.98,yes,"{""count_fp"":""9.98"",""created_time"":""2026-04-28T01:31:38.347371Z"",""no_price_dollars"":""0.5200"",""taker_side"":""yes"",""ticker"":""KXETH15M-26APR272145-45"",""trade_id"":""29477841-7636-6b08-dedb-a93b2a1282af"",""yes_price_dollars"":""0.4800""}"
KXETH15M-26APR272145-45,9a108ab5-d298-7d44-dd5d-c8e631bf6e97,1777339899,0.45,1.0,no,"{""count_fp"":""1.00"",""created_time"":""2026-04-28T01:31:39.417607Z"",""no_price_dollars"":""0.5500"",""taker_side"":""no"",""ticker"":""KXETH15M-26APR272145-45"",""trade_id"":""9a108ab5-d298-7d44-dd5d-c8e631bf6e97"",""yes_price_dollars"":""0.4500""}"
KXETH15M-26APR272145-45,e3ea0842-5d8c-63d9-3be2-697bdcef3427,1777339901,0.48,0.4,yes,"{""count_fp"":""0.40"",""created_time"":""2026-04-28T01:31:41.648151Z"",""no_price_dollars"":""0.5200"",""taker_side"":""yes"",""ticker"":""KXETH15M-26APR272145-45"",""trade_id"":""e3ea0842-5d8c-63d9-3be2-697bdcef3427"",""yes_price_dollars"":""0.4800""}"
KXETH15M-26APR272145-45,18313f30-40cf-4993-6d85-c2c41ecfb4a1,1777339905,0.44,2.0,no,"{""count_fp"":""2.00"",""created_time"":""2026-04-28T01:31:45.197043Z"",""no_price_dollars"":""0.5600"",""taker_side"":""no"",""ticker"":""KXETH15M-26APR272145-45"",""trade_id"":""18313f30-40cf-4993-6d85-c2c41ecfb4a1"",""yes_price_dollars"":""0.4400""}"
KXETH15M-26APR272145-45,82ef1790-6f17-53c3-8fd4-e8c06b01a225,1777339907,0.42,1.0,no,"{""count_fp"":""1.00"",""created_time"":""2026-04-28T01:31:47.862692Z"",""no_price_dollars"":""0.5800"",""taker_side"":""no"",""ticker"":""KXETH15M-26APR272145-45"",""trade_id"":""82ef1790-6f17-53c3-8fd4-e8c06b01a225"",""yes_price_dollars"":""0.4200""}"
KXETH15M-26APR272145-45,ad6a4e79-bf94-4c71-d0cc-53f969223763,1777339909,0.43,4.0,yes,"{""count_fp"":""4.00"",""created_time"":""2026-04-28T01:31:49.757415Z"",""no_price_dollars"":""0.5700"",""taker_side"":""yes"",""ticker"":""KXETH15M-26APR272145-45"",""trade_id"":""ad6a4e79-bf94-4c71-d0cc-53f969223763"",""yes_price_dollars"":""0.4300""}"
KXETH15M-26APR272145-45,a0deb1e2-98a8-5f99-5089-dc8f1e7c1997,1777339909,0.43,1.11,yes,"{""count_fp"":""1.11"",""created_time"":""2026-04-28T01:31:49.144575Z"",""no_price_dollars"":""0.5700"",""taker_side"":""yes"",""ticker"":""KXETH15M-26APR272145-45"",""trade_id"":""a0deb1e2-98a8-5f99-5089-dc8f1e7c1997"",""yes_price_dollars"":""0.4300""}"
KXETH15M-26APR272145-45,3d169c4d-2b1b-49bb-50e7-03cd712d356c,1777339910,0.41,4.0,no,"{""count_fp"":""4.00"",""created_time"":""2026-04-28T01:31:50.376685Z"",""no_price_dollars"":""0.5900"",""taker_side"":""no"",""ticker"":""KXETH15M-26APR272145-45"",""trade_id"":""3d169c4d-2b1b-49bb-50e7-03cd712d356c"",""yes_price_dollars"":""0.4100""}"
KXETH15M-26APR272145-45,9045c733-3501-6f7d-3840-ad6811cb8a81,1777339912,0.41,3.86,yes,"{""count_fp"":""3.86"",""created_time"":""2026-04-28T01:31:52.002015Z"",""no_price_dollars"":""0.5900"",""taker_side"":""yes"",""ticker"":""KXETH15M-26APR272145-45"",""trade_id"":""9045c733-3501-6f7d-3840-ad6811cb8a81"",""yes_price_dollars"":""0.4100""}"
KXETH15M-26APR272145-45,3488d295-6ab6-4cd9-d29c-002d1f7502b8,1777339916,0.39,5.95,no,"{""count_fp"":""5.95"",""created_time"":""2026-04-28T01:31:56.881044Z"",""no_price_dollars"":""0.6100"",""taker_side"":""no"",""ticker"":""KXETH15M-26APR272145-45"",""trade_id"":""3488d295-6ab6-4cd9-d29c-002d1f7502b8"",""yes_price_dollars"":""0.3900""}"
KXETH15M-26APR272145-45,11f4979d-2025-44f9-d5bf-f7b2efd2fc82,1777339916,0.39,10.0,no,"{""count_fp"":""10.00"",""created_time"":""2026-04-28T01:31:56.881044Z"",""no_price_dollars"":""0.6100"",""taker_side"":""no"",""ticker"":""KXETH15M-26APR272145-45"",""trade_id"":""11f4979d-2025-44f9-d5bf-f7b2efd2fc82"",""yes_price_dollars"":""0.3900""}"
KXETH15M-26APR272145-45,fb66a604-48e1-5869-06b2-aab13efe9cfd,1777339917,0.41,39.14,yes,"{""count_fp"":""39.14"",""created_time"":""2026-04-28T01:31:57.167955Z"",""no_price_dollars"":""0.5900"",""taker_side"":""yes"",""ticker"":""KXETH15M-26APR272145-45"",""trade_id"":""fb66a604-48e1-5869-06b2-aab13efe9cfd"",""yes_price_dollars"":""0.4100""}"
KXETH15M-26APR272145-45,eadec629-a291-5290-2ca8-4f2571f8e40b,1777339917,0.42,10.0,yes,"{""count_fp"":""10.00"",""created_time"":""2026-04-28T01:31:57.167955Z"",""no_price_dollars"":""0.5800"",""taker_side"":""yes"",""ticker"":""KXETH15M-26APR272145-45"",""trade_id"":""eadec629-a291-5290-2ca8-4f2571f8e40b"",""yes_price_dollars"":""0.4200""}"
KXETH15M-26APR272145-45,890869c5-548d-5fc3-32f1-9dd82e883106,1777339917,0.43,10.0,yes,"{""count_fp"":""10.00"",""created_time"":""2026-04-28T01:31:57.167955Z"",""no_price_dollars"":""0.5700"",""taker_side"":""yes"",""ticker"":""KXETH15M-26APR272145-45"",""trade_id"":""890869c5-548d-5fc3-32f1-9dd82e883106"",""yes_price_dollars"":""0.4300""}"
KXETH15M-26APR272145-45,5fbd71ea-34fc-5640-38b4-9f513b207f83,1777339917,0.42,6.0,yes,"{""count_fp"":""6.00"",""created_time"":""2026-04-28T01:31:57.167955Z"",""no_price_dollars"":""0.5800"",""taker_side"":""yes"",""ticker"":""KXETH15M-26APR272145-45"",""trade_id"":""5fbd71ea-34fc-5640-38b4-9f513b207f83"",""yes_price_dollars"":""0.4200""}"
KXETH15M-26APR272145-45,05050d37-bd74-518d-09b1-c367ff2fedbf,1777339917,0.43,33.38,yes,"{""count_fp"":""33.38"",""created_time"":""2026-04-28T01:31:57.167955Z"",""no_price_dollars"":""0.5700"",""taker_side"":""yes"",""ticker"":""KXETH15M-26APR272145-45"",""trade_id"":""05050d37-bd74-518d-09b1-c367ff2fedbf"",""yes_price_dollars"":""0.4300""}"
KXETH15M-26APR272145-45,6aba93df-8e16-63e1-1755-94d5581386c4,1777339919,0.39,3.0,no,"{""count_fp"":""3.00"",""created_time"":""2026-04-28T01:31:59.769545Z"",""no_price_dollars"":""0.6100"",""taker_side"":""no"",""ticker"":""KXETH15M-26APR272145-45"",""trade_id"":""6aba93df-8e16-63e1-1755-94d5581386c4"",""yes_price_dollars"":""0.3900""}"
KXETH15M-26APR272145-45,727116de-cc3f-5474-24f3-f379408fbc98,1777339920,0.36,10.0,no,"{""count_fp"":""10.00"",""created_time"":""2026-04-28T01:32:00.927457Z"",""no_price_dollars"":""0.6400"",""taker_side"":""no"",""ticker"":""KXETH15M-26APR272145-45"",""trade_id"":""727116de-cc3f-5474-24f3-f379408fbc98"",""yes_price_dollars"":""0.3600""}"
KXETH15M-26APR272145-45,f5000df2-f3de-5702-0564-e0768f2f0a74,1777339920,0.37,10.0,no,"{""count_fp"":""10.00"",""created_time"":""2026-04-28T01:32:00.697313Z"",""no_price_dollars"":""0.6300"",""taker_side"":""no"",""ticker"":""KXETH15M-26APR272145-45"",""trade_id"":""f5000df2-f3de-5702-0564-e0768f2f0a74"",""yes_price_dollars"":""0.3700""}"
KXETH15M-26APR272145-45,4216de6d-62b9-769b-ef91-d4e0a50e3ed6,1777339921,0.34,1.0,no,"{""count_fp"":""1.00"",""created_time"":""2026-04-28T01:32:01.402567Z"",""no_price_dollars"":""0.6600"",""taker_side"":""no"",""ticker"":""KXETH15M-26APR272145-45"",""trade_id"":""4216de6d-62b9-769b-ef91-d4e0a50e3ed6"",""yes_price_dollars"":""0.3400""}"
KXETH15M-26APR272145-45,c80c318f-084c-5960-8311-44636af633c8,1777339922,0.39,10.0,yes,"{""count_fp"":""10.00"",""created_time"":""2026-04-28T01:32:02.106484Z"",""no_price_dollars"":""0.6100"",""taker_side"":""yes"",""ticker"":""KXETH15M-26APR272145-45"",""trade_id"":""c80c318f-084c-5960-8311-44636af633c8"",""yes_price_dollars"":""0.3900""}"
KXETH15M-26APR272145-45,6684234a-73c0-5ead-afa6-db0938ba079f,1777339922,0.4,30.0,yes,"{""count_fp"":""30.00"",""created_time"":""2026-04-28T01:32:02.106484Z"",""no_price_dollars"":""0.6000"",""taker_side"":""yes"",""ticker"":""KXETH15M-26APR272145-45"",""trade_id"":""6684234a-73c0-5ead-afa6-db0938ba079f"",""yes_price_dollars"":""0.4000""}"
KXETH15M-26APR272145-45,8fc9ae1a-b791-54f4-cf00-3d7bc1a85198,1777339922,0.39,20.13,yes,"{""count_fp"":""20.13"",""created_time"":""2026-04-28T01:32:02.043376Z"",""no_price_dollars"":""0.6100"",""taker_side"":""yes"",""ticker"":""KXETH15M-26APR272145-45"",""trade_id"":""8fc9ae1a-b791-54f4-cf00-3d7bc1a85198"",""yes_price_dollars"":""0.3900""}"
KXETH15M-26APR272145-45,8705c0de-9a4c-5a1f-d77e-cc1f48d98f47,1777339922,0.39,5.0,yes,"{""count_fp"":""5.00"",""created_time"":""2026-04-28T01:32:02.043376Z"",""no_price_dollars"":""0.6100"",""taker_side"":""yes"",""ticker"":""KXETH15M-26APR272145-45"",""trade_id"":""8705c0de-9a4c-5a1f-d77e-cc1f48d98f47"",""yes_price_dollars"":""0.3900""}"
KXETH15M-26APR272145-45,20f9ed10-cb5d-5a1b-faea-abae15be1935,1777339922,0.37,10.0,yes,"{""count_fp"":""10.00"",""created_time"":""2026-04-28T01:32:02.043376Z"",""no_price_dollars"":""0.6300"",""taker_side"":""yes"",""ticker"":""KXETH15M-26APR272145-45"",""trade_id"":""20f9ed10-cb5d-5a1b-faea-abae15be1935"",""yes_price_dollars"":""0.3700""}"
KXETH15M-26APR272145-45,a1873c74-4655-572d-da36-e69ea3aa3db7,1777339924,0.36,10.0,no,"{""count_fp"":""10.00"",""created_time"":""2026-04-28T01:32:04.104123Z"",""no_price_dollars"":""0.6400"",""taker_side"":""no"",""ticker"":""KXETH15M-26APR272145-45"",""trade_id"":""a1873c74-4655-572d-da36-e69ea3aa3db7"",""yes_price_dollars"":""0.3600""}"
KXETH15M-26APR272145-45,2b164756-50f6-59bd-db94-cd7677b9a2bc,1777339924,0.36,51.0,no,"{""count_fp"":""51.00"",""created_time"":""2026-04-28T01:32:04.104123Z"",""no_price_dollars"":""0.6400"",""taker_side"":""no"",""ticker"":""KXETH15M-26APR272145-45"",""trade_id"":""2b164756-50f6-59bd-db94-cd7677b9a2bc"",""yes_price_dollars"":""0.3600""}"
KXETH15M-26APR272145-45,a65f2cac-2f2e-5a89-306b-ecd39269ac8c,1777339925,0.36,20.0,no,"{""count_fp"":""20.00"",""created_time"":""2026-04-28T01:32:05.385451Z"",""no_price_dollars"":""0.6400"",""taker_side"":""no"",""ticker"":""KXETH15M-26APR272145-45"",""trade_id"":""a65f2cac-2f2e-5a89-306b-ecd39269ac8c"",""yes_price_dollars"":""0.3600""}"
KXETH15M-26APR272145-45,7ae2788b-7d56-47ad-c111-28012dd4df5c,1777339926,0.36,1.0,no,"{""count_fp"":""1.00"",""created_time"":""2026-04-28T01:32:06.703658Z"",""no_price_dollars"":""0.6400"",""taker_side"":""no"",""ticker"":""KXETH15M-26APR272145-45"",""trade_id"":""7ae2788b-7d56-47ad-c111-28012dd4df5c"",""yes_price_dollars"":""0.3600""}"
KXETH15M-26APR272145-45,5b9857b9-efc0-6186-b4e6-a34cfbb759fd,1777339927,0.38,0.49,yes,"{""count_fp"":""0.49"",""created_time"":""2026-04-28T01:32:07.147008Z"",""no_price_dollars"":""0.6200"",""taker_side"":""yes"",""ticker"":""KXETH15M-26APR272145-45"",""trade_id"":""5b9857b9-efc0-6186-b4e6-a34cfbb759fd"",""yes_price_dollars"":""0.3800""}"
KXETH15M-26APR272145-45,12334c07-8b28-6d30-b2d5-cccc18727a98,1777339928,0.36,2.0,yes,"{""count_fp"":""2.00"",""created_time"":""2026-04-28T01:32:08.887954Z"",""no_price_dollars"":""0.6400"",""taker_side"":""yes"",""ticker"":""KXETH15M-26APR272145-45"",""trade_id"":""12334c07-8b28-6d30-b2d5-cccc18727a98"",""yes_price_dollars"":""0.3600""}"
KXETH15M-26APR272145-45,702e1180-3ad2-45b7-11b6-ca0c2befae29,1777339929,0.36,4.0,no,"{""count_fp"":""4.00"",""created_time"":""2026-04-28T01:32:09.104607Z"",""no_price_dollars"":""0.6400"",""taker_side"":""no"",""ticker"":""KXETH15M-26APR272145-45"",""trade_id"":""702e1180-3ad2-45b7-11b6-ca0c2befae29"",""yes_price_dollars"":""0.3600""}"
KXETH15M-26APR272145-45,7eb52df3-c9b2-5cca-4720-1e8c3bd3d2c5,1777339931,0.35,0.07,no,"{""count_fp"":""0.07"",""created_time"":""2026-04-28T01:32:11.619965Z"",""no_price_dollars"":""0.6500"",""taker_side"":""no"",""ticker"":""KXETH15M-26APR272145-45"",""trade_id"":""7eb52df3-c9b2-5cca-4720-1e8c3bd3d2c5"",""yes_price_dollars"":""0.3500""}"
KXETH15M-26APR272145-45,968d335c-2cbd-5287-1254-0f11a3a05056,1777339932,0.34,1.0,no,"{""count_fp"":""1.00"",""created_time"":""2026-04-28T01:32:12.911907Z"",""no_price_dollars"":""0.6600"",""taker_side"":""no"",""ticker"":""KXETH15M-26APR272145-45"",""trade_id"":""968d335c-2cbd-5287-1254-0f11a3a05056"",""yes_price_dollars"":""0.3400""}"
KXETH15M-26APR272145-45,b5d440a7-15d9-7e0b-de7f-f51f0c0ffca2,1777339932,0.34,1.0,no,"{""count_fp"":""1.00"",""created_time"":""2026-04-28T01:32:12.685901Z"",""no_price_dollars"":""0.6600"",""taker_side"":""no"",""ticker"":""KXETH15M-26APR272145-45"",""trade_id"":""b5d440a7-15d9-7e0b-de7f-f51f0c0ffca2"",""yes_price_dollars"":""0.3400""}"
KXETH15M-26APR272145-45,d2641b87-6548-5159-5574-fd1e8a866753,1777339935,0.38,100.0,yes,"{""count_fp"":""100.00"",""created_time"":""2026-04-28T01:32:15.504744Z"",""no_price_dollars"":""0.6200"",""taker_side"":""yes"",""ticker"":""KXETH15M-26APR272145-45"",""trade_id"":""d2641b87-6548-5159-5574-fd1e8a866753"",""yes_price_dollars"":""0.3800""}"
KXETH15M-26APR272145-45,d16e5604-3bdc-5564-7b59-99a79e32b2f3,1777339935,0.38,8.45,yes,"{""count_fp"":""8.45"",""created_time"":""2026-04-28T01:32:15.504744Z"",""no_price_dollars"":""0.6200"",""taker_side"":""yes"",""ticker"":""KXETH15M-26APR272145-45"",""trade_id"":""d16e5604-3bdc-5564-7b59-99a79e32b2f3"",""yes_price_dollars"":""0.3800""}"
KXETH15M-26APR272145-45,18307961-03ac-628f-c2b0-6f7e5a241ccc,1777339936,0.37,30.26,yes,"{""count_fp"":""30.26"",""created_time"":""2026-04-28T01:32:16.042783Z"",""no_price_dollars"":""0.6300"",""taker_side"":""yes"",""ticker"":""KXETH15M-26APR272145-45"",""trade_id"":""18307961-03ac-628f-c2b0-6f7e5a241ccc"",""yes_price_dollars"":""0.3700""}"
KXETH15M-26APR272145-45,99f0278a-d902-6cde-e3a9-b76ebae78d12,1777339939,0.36,4.0,yes,"{""count_fp"":""4.00"",""created_time"":""2026-04-28T01:32:19.557468Z"",""no_price_dollars"":""0.6400"",""taker_side"":""yes"",""ticker"":""KXETH15M-26APR272145-45"",""trade_id"":""99f0278a-d902-6cde-e3a9-b76ebae78d12"",""yes_price_dollars"":""0.3600""}"
KXETH15M-26APR272145-45,d9557aea-2b6a-5b72-1b55-4ff6482a1fa6,1777339940,0.31,5.0,yes,"{""count_fp"":""5.00"",""created_time"":""2026-04-28T01:32:20.790416Z"",""no_price_dollars"":""0.6900"",""taker_side"":""yes"",""ticker"":""KXETH15M-26APR272145-45"",""trade_id"":""d9557aea-2b6a-5b72-1b55-4ff6482a1fa6"",""yes_price_dollars"":""0.3100""}"
KXETH15M-26APR272145-45,e9f0e1ea-a2da-6f3e-92a1-764d3138c816,1777339940,0.3,1.0,no,"{""count_fp"":""1.00"",""created_time"":""2026-04-28T01:32:20.432047Z"",""no_price_dollars"":""0.7000"",""taker_side"":""no"",""ticker"":""KXETH15M-26APR272145-45"",""trade_id"":""e9f0e1ea-a2da-6f3e-92a1-764d3138c816"",""yes_price_dollars"":""0.3000""}"
KXETH15M-26APR272145-45,2d103557-cd49-7d33-f30b-3b24fc3df876,1777339940,0.34,15.61,no,"{""count_fp"":""15.61"",""created_time"":""2026-04-28T01:32:20.101091Z"",""no_price_dollars"":""0.6600"",""taker_side"":""no"",""ticker"":""KXETH15M-26APR272145-45"",""trade_id"":""2d103557-cd49-7d33-f30b-3b24fc3df876"",""yes_price_dollars"":""0.3400""}"
KXETH15M-26APR272145-45,1138f159-9493-700d-c88b-bc9ff4849463,1777339940,0.34,1.0,no,"{""count_fp"":""1.00"",""created_time"":""2026-04-28T01:32:20.101091Z"",""no_price_dollars"":""0.6600"",""taker_side"":""no"",""ticker"":""KXETH15M-26APR272145-45"",""trade_id"":""1138f159-9493-700d-c88b-bc9ff4849463"",""yes_price_dollars"":""0.3400""}"
KXETH15M-26APR272145-45,e613e2fd-33c9-7a03-9416-8b9491922da6,1777339940,0.34,4.0,no,"{""count_fp"":""4.00"",""created_time"":""2026-04-28T01:32:20.091395Z"",""no_price_dollars"":""0.6600"",""taker_side"":""no"",""ticker"":""KXETH15M-26APR272145-45"",""trade_id"":""e613e2fd-33c9-7a03-9416-8b9491922da6"",""yes_price_dollars"":""0.3400""}"
KXETH15M-26APR272145-45,c6a59ceb-2124-5ae7-10d4-13fe67bf3ca7,1777339941,0.29,1.0,no,"{""count_fp"":""1.00"",""created_time"":""2026-04-28T01:32:21.408998Z"",""no_price_dollars"":""0.7100"",""taker_side"":""no"",""ticker"":""KXETH15M-26APR272145-45"",""trade_id"":""c6a59ceb-2124-5ae7-10d4-13fe67bf3ca7"",""yes_price_dollars"":""0.2900""}"
KXETH15M-26APR272145-45,d1958db4-9ace-6686-a451-f7e1420031ca,1777339944,0.29,1.0,yes,"{""count_fp"":""1.00"",""created_time"":""2026-04-28T01:32:24.713833Z"",""no_price_dollars"":""0.7100"",""taker_side"":""yes"",""ticker"":""KXETH15M-26APR272145-45"",""trade_id"":""d1958db4-9ace-6686-a451-f7e1420031ca"",""yes_price_dollars"":""0.2900""}"
KXETH15M-26APR272145-45,8a1c3eec-d6b4-4334-1dfc-41b6908be12d,1777339945,0.29,0.76,yes,"{""count_fp"":""0.76"",""created_time"":""2026-04-28T01:32:25.379844Z"",""no_price_dollars"":""0.7100"",""taker_side"":""yes"",""ticker"":""KXETH15M-26APR272145-45"",""trade_id"":""8a1c3eec-d6b4-4334-1dfc-41b6908be12d"",""yes_price_dollars"":""0.2900""}"
KXETH15M-26APR272145-45,b152ae1a-b9f1-55ba-a27c-b4007114b8f8,1777339946,0.3,6.15,yes,"{""count_fp"":""6.15"",""created_time"":""2026-04-28T01:32:26.279645Z"",""no_price_dollars"":""0.7000"",""taker_side"":""yes"",""ticker"":""KXETH15M-26APR272145-45"",""trade_id"":""b152ae1a-b9f1-55ba-a27c-b4007114b8f8"",""yes_price_dollars"":""0.3000""}"
KXETH15M-26APR272145-45,0677e271-565a-54fa-b5ab-afe48964f596,1777339947,0.29,10.0,yes,"{""count_fp"":""10.00"",""created_time"":""2026-04-28T01:32:27.114033Z"",""no_price_dollars"":""0.7100"",""taker_side"":""yes"",""ticker"":""KXETH15M-26APR272145-45"",""trade_id"":""0677e271-565a-54fa-b5ab-afe48964f596"",""yes_price_dollars"":""0.2900""}"
KXETH15M-26APR272145-45,f91a9663-21a6-445f-96b1-a981ea81bf0b,1777339948,0.27,5.0,no,"{""count_fp"":""5.00"",""created_time"":""2026-04-28T01:32:28.633828Z"",""no_price_dollars"":""0.7300"",""taker_side"":""no"",""ticker"":""KXETH15M-26APR272145-45"",""trade_id"":""f91a9663-21a6-445f-96b1-a981ea81bf0b"",""yes_price_dollars"":""0.2700""}"
KXETH15M-26APR272145-45,ee714030-5f77-4ab9-b1db-04a56e9037a0,1777339948,0.26,10.0,no,"{""count_fp"":""10.00"",""created_time"":""2026-04-28T01:32:28.633828Z"",""no_price_dollars"":""0.7400"",""taker_side"":""no"",""ticker"":""KXETH15M-26APR272145-45"",""trade_id"":""ee714030-5f77-4ab9-b1db-04a56e9037a0"",""yes_price_dollars"":""0.2600""}"
KXETH15M-26APR272145-45,cb2614bd-4785-4302-8b49-4eb06118d4da,1777339948,0.26,10.0,no,"{""count_fp"":""10.00"",""created_time"":""2026-04-28T01:32:28.633828Z"",""no_price_dollars"":""0.7400"",""taker_side"":""no"",""ticker"":""KXETH15M-26APR272145-45"",""trade_id"":""cb2614bd-4785-4302-8b49-4eb06118d4da"",""yes_price_dollars"":""0.2600""}"
KXETH15M-26APR272145-45,11ed74fc-a37e-4a01-b4ca-ed52a41b8b38,1777339948,0.25,130.0,no,"{""count_fp"":""130.00"",""created_time"":""2026-04-28T01:32:28.633828Z"",""no_price_dollars"":""0.7500"",""taker_side"":""no"",""ticker"":""KXETH15M-26APR272145-45"",""trade_id"":""11ed74fc-a37e-4a01-b4ca-ed52a41b8b38"",""yes_price_dollars"":""0.2500""}"
KXETH15M-26APR272145-45,d348729a-ced3-6367-8794-9c5cdac685c7,1777339951,0.27,8.0,yes,"{""count_fp"":""8.00"",""created_time"":""2026-04-28T01:32:31.745405Z"",""no_price_dollars"":""0.7300"",""taker_side"":""yes"",""ticker"":""KXETH15M-26APR272145-45"",""trade_id"":""d348729a-ced3-6367-8794-9c5cdac685c7"",""yes_price_dollars"":""0.2700""}"
KXETH15M-26APR272145-45,7a192d7e-b69a-6fa2-b9e1-0290847b21b2,1777339951,0.27,5.0,yes,"{""count_fp"":""5.00"",""created_time"":""2026-04-28T01:32:31.745405Z"",""no_price_dollars"":""0.7300"",""taker_side"":""yes"",""ticker"":""KXETH15M-26APR272145-45"",""trade_id"":""7a192d7e-b69a-6fa2-b9e1-0290847b21b2"",""yes_price_dollars"":""0.2700""}"
KXETH15M-26APR272145-45,d296e06e-9991-6e46-d46c-0dc81ca45811,1777339955,0.3,10.0,yes,"{""count_fp"":""10.00"",""created_time"":""2026-04-28T01:32:35.794162Z"",""no_price_dollars"":""0.7000"",""taker_side"":""yes"",""ticker"":""KXETH15M-26APR272145-45"",""trade_id"":""d296e06e-9991-6e46-d46c-0dc81ca45811"",""yes_price_dollars"":""0.3000""}"
KXETH15M-26APR272145-45,5e2be7e6-fb22-6790-cd7d-5112f961d00b,1777339955,0.29,1.0,yes,"{""count_fp"":""1.00"",""created_time"":""2026-04-28T01:32:35.794162Z"",""no_price_dollars"":""0.7100"",""taker_side"":""yes"",""ticker"":""KXETH15M-26APR272145-45"",""trade_id"":""5e2be7e6-fb22-6790-cd7d-5112f961d00b"",""yes_price_dollars"":""0.2900""}"
KXETH15M-26APR272145-45,353626a0-c71d-6496-f7e5-f7b6991f1ee9,1777339955,0.3,4.9,yes,"{""count_fp"":""4.90"",""created_time"":""2026-04-28T01:32:35.794162Z"",""no_price_dollars"":""0.7000"",""taker_side"":""yes"",""ticker"":""KXETH15M-26APR272145-45"",""trade_id"":""353626a0-c71d-6496-f7e5-f7b6991f1ee9"",""yes_price_dollars"":""0.3000""}"
KXETH15M-26APR272145-45,b354396d-7982-57fe-dbeb-232e81e30ddd,1777339956,0.28,1.34,no,"{""count_fp"":""1.34"",""created_time"":""2026-04-28T01:32:36.327403Z"",""no_price_dollars"":""0.7200"",""taker_side"":""no"",""ticker"":""KXETH15M-26APR272145-45"",""trade_id"":""b354396d-7982-57fe-dbeb-232e81e30ddd"",""yes_price_dollars"":""0.2800""}"
KXETH15M-26APR272145-45,3cbd0afb-ae92-706d-6146-d89ba58411ec,1777339960,0.27,1.0,no,"{""count_fp"":""1.00"",""created_time"":""2026-04-28T01:32:40.932889Z"",""no_price_dollars"":""0.7300"",""taker_side"":""no"",""ticker"":""KXETH15M-26APR272145-45"",""trade_id"":""3cbd0afb-ae92-706d-6146-d89ba58411ec"",""yes_price_dollars"":""0.2700""}"
KXETH15M-26APR272145-45,9e9570f9-2f46-5285-96da-175a4d2be374,1777339962,0.27,1.0,no,"{""count_fp"":""1.00"",""created_time"":""2026-04-28T01:32:42.699867Z"",""no_price_dollars"":""0.7300"",""taker_side"":""no"",""ticker"":""KXETH15M-26APR272145-45"",""trade_id"":""9e9570f9-2f46-5285-96da-175a4d2be374"",""yes_price_dollars"":""0.2700""}"
KXETH15M-26APR272145-45,a52efa11-a3ba-510e-976a-3133fdc8d836,1777339965,0.29,25.52,yes,"{""count_fp"":""25.52"",""created_time"":""2026-04-28T01:32:45.116612Z"",""no_price_dollars"":""0.7100"",""taker_side"":""yes"",""ticker"":""KXETH15M-26APR272145-45"",""trade_id"":""a52efa11-a3ba-510e-976a-3133fdc8d836"",""yes_price_dollars"":""0.2900""}"
KXETH15M-26APR272145-45,637bc8c1-30fa-743d-07ea-b9e8a0aaf460,1777339968,0.27,1.0,no,"{""count_fp"":""1.00"",""created_time"":""2026-04-28T01:32:48.346435Z"",""no_price_dollars"":""0.7300"",""taker_side"":""no"",""ticker"":""KXETH15M-26APR272145-45"",""trade_id"":""637bc8c1-30fa-743d-07ea-b9e8a0aaf460"",""yes_price_dollars"":""0.2700""}"
KXETH15M-26APR272145-45,99404f18-e8ce-700e-337f-871b7cb59c5e,1777339970,0.29,23.0,yes,"{""count_fp"":""23.00"",""created_time"":""2026-04-28T01:32:50.521792Z"",""no_price_dollars"":""0.7100"",""taker_side"":""yes"",""ticker"":""KXETH15M-26APR272145-45"",""trade_id"":""99404f18-e8ce-700e-337f-871b7cb59c5e"",""yes_price_dollars"":""0.2900""}"
KXETH15M-26APR272145-45,bc40d0c7-461d-62ea-1ef6-4fd0672b717d,1777339978,0.28,1.02,yes,"{""count_fp"":""1.02"",""created_time"":""2026-04-28T01:32:58.738367Z"",""no_price_dollars"":""0.7200"",""taker_side"":""yes"",""ticker"":""KXETH15M-26APR272145-45"",""trade_id"":""bc40d0c7-461d-62ea-1ef6-4fd0672b717d"",""yes_price_dollars"":""0.2800""}"
KXETH15M-26APR272145-45,ca688e90-12e1-4767-5d11-d9c1158582b6,1777339980,0.25,1.0,no,"{""count_fp"":""1.00"",""created_time"":""2026-04-28T01:33:00.346369Z"",""no_price_dollars"":""0.7500"",""taker_side"":""no"",""ticker"":""KXETH15M-26APR272145-45"",""trade_id"":""ca688e90-12e1-4767-5d11-d9c1158582b6"",""yes_price_dollars"":""0.2500""}"
KXETH15M-26APR272145-45,4b477170-2fb5-47ba-1cd1-436c15e36a10,1777339981,0.27,10.0,yes,"{""count_fp"":""10.00"",""created_time"":""2026-04-28T01:33:01.284888Z"",""no_price_dollars"":""0.7300"",""taker_side"":""yes"",""ticker"":""KXETH15M-26APR272145-45"",""trade_id"":""4b477170-2fb5-47ba-1cd1-436c15e36a10"",""yes_price_dollars"":""0.2700""}"
KXETH15M-26APR272145-45,49454682-9d86-4686-233f-020fdfe7c64e,1777339981,0.28,56.0,yes,"{""count_fp"":""56.00"",""created_time"":""2026-04-28T01:33:01.284888Z"",""no_price_dollars"":""0.7200"",""taker_side"":""yes"",""ticker"":""KXETH15M-26APR272145-45"",""trade_id"":""49454682-9d86-4686-233f-020fdfe7c64e"",""yes_price_dollars"":""0.2800""}"
KXETH15M-26APR272145-45,3624879c-4744-4807-377a-71bbb0f4ff61,1777339981,0.28,2.0,yes,"{""count_fp"":""2.00"",""created_time"":""2026-04-28T01:33:01.284888Z"",""no_price_dollars"":""0.7200"",""taker_side"":""yes"",""ticker"":""KXETH15M-26APR272145-45"",""trade_id"":""3624879c-4744-4807-377a-71bbb0f4ff61"",""yes_price_dollars"":""0.2800""}"
KXETH15M-26APR272145-45,cdf3743c-3eed-79d3-f192-d95705dfb0a2,1777339981,0.25,2.0,no,"{""count_fp"":""2.00"",""created_time"":""2026-04-28T01:33:01.111392Z"",""no_price_dollars"":""0.7500"",""taker_side"":""no"",""ticker"":""KXETH15M-26APR272145-45"",""trade_id"":""cdf3743c-3eed-79d3-f192-d95705dfb0a2"",""yes_price_dollars"":""0.2500""}"
KXETH15M-26APR272145-45,d071de9f-15c3-4f65-4ac6-1b8bd48b55e2,1777339984,0.26,0.19,no,"{""count_fp"":""0.19"",""created_time"":""2026-04-28T01:33:04.221289Z"",""no_price_dollars"":""0.7400"",""taker_side"":""no"",""ticker"":""KXETH15M-26APR272145-45"",""trade_id"":""d071de9f-15c3-4f65-4ac6-1b8bd48b55e2"",""yes_price_dollars"":""0.2600""}"
KXETH15M-26APR272145-45,eeef2fe1-78f5-4b07-e584-503f0ceb2a66,1777339994,0.25,4.0,no,"{""count_fp"":""4.00"",""created_time"":""2026-04-28T01:33:14.377321Z"",""no_price_dollars"":""0.7500"",""taker_side"":""no"",""ticker"":""KXETH15M-26APR272145-45"",""trade_id"":""eeef2fe1-78f5-4b07-e584-503f0ceb2a66"",""yes_price_dollars"":""0.2500""}"
KXETH15M-26APR272145-45,f4262b6f-91c9-47af-c12e-a2d4f3a2b32e,1777339997,0.25,1.0,no,"{""count_fp"":""1.00"",""created_time"":""2026-04-28T01:33:17.203584Z"",""no_price_dollars"":""0.7500"",""taker_side"":""no"",""ticker"":""KXETH15M-26APR272145-45"",""trade_id"":""f4262b6f-91c9-47af-c12e-a2d4f3a2b32e"",""yes_price_dollars"":""0.2500""}"
KXETH15M-26APR272145-45,d70e147c-1fdd-455b-74cf-e4662c50c4be,1777340002,0.25,17.0,no,"{""count_fp"":""17.00"",""created_time"":""2026-04-28T01:33:22.123931Z"",""no_price_dollars"":""0.7500"",""taker_side"":""no"",""ticker"":""KXETH15M-26APR272145-45"",""trade_id"":""d70e147c-1fdd-455b-74cf-e4662c50c4be"",""yes_price_dollars"":""0.2500""}"
KXETH15M-26APR272145-45,3e3fbfe2-8160-43c0-72cb-0d399d8ae125,1777340002,0.25,0.03,no,"{""count_fp"":""0.03"",""created_time"":""2026-04-28T01:33:22.123931Z"",""no_price_dollars"":""0.7500"",""taker_side"":""no"",""ticker"":""KXETH15M-26APR272145-45"",""trade_id"":""3e3fbfe2-8160-43c0-72cb-0d399d8ae125"",""yes_price_dollars"":""0.2500""}"
KXETH15M-26APR272145-45,e6cab229-0a6c-7c78-c733-1d8354bb1bf9,1777340006,0.25,0.32,no,"{""count_fp"":""0.32"",""created_time"":""2026-04-28T01:33:26.247514Z"",""no_price_dollars"":""0.7500"",""taker_side"":""no"",""ticker"":""KXETH15M-26APR272145-45"",""trade_id"":""e6cab229-0a6c-7c78-c733-1d8354bb1bf9"",""yes_price_dollars"":""0.2500""}"
KXETH15M-26APR272145-45,642d3aa7-7ca8-7810-34c1-4b7882d848c5,1777340012,0.25,4.65,no,"{""count_fp"":""4.65"",""created_time"":""2026-04-28T01:33:32.919259Z"",""no_price_dollars"":""0.7500"",""taker_side"":""no"",""ticker"":""KXETH15M-26APR272145-45"",""trade_id"":""642d3aa7-7ca8-7810-34c1-4b7882d848c5"",""yes_price_dollars"":""0.2500""}"
KXETH15M-26APR272145-45,5254d7fc-0599-76f0-2e41-bcce13524f9b,1777340012,0.25,1.9,no,"{""count_fp"":""1.90"",""created_time"":""2026-04-28T01:33:32.919259Z"",""no_price_dollars"":""0.7500"",""taker_side"":""no"",""ticker"":""KXETH15M-26APR272145-45"",""trade_id"":""5254d7fc-0599-76f0-2e41-bcce13524f9b"",""yes_price_dollars"":""0.2500""}"
KXETH15M-26APR272145-45,d3640c75-0ff3-63a3-c48d-e39c00678a7f,1777340022,0.27,10.0,no,"{""count_fp"":""10.00"",""created_time"":""2026-04-28T01:33:42.966527Z"",""no_price_dollars"":""0.7300"",""taker_side"":""no"",""ticker"":""KXETH15M-26APR272145-45"",""trade_id"":""d3640c75-0ff3-63a3-c48d-e39c00678a7f"",""yes_price_dollars"":""0.2700""}"
KXETH15M-26APR272145-45,3ce8f63f-da88-57dc-504a-227beaec619b,1777340022,0.28,3.4,yes,"{""count_fp"":""3.40"",""created_time"":""2026-04-28T01:33:42.505344Z"",""no_price_dollars"":""0.7200"",""taker_side"":""yes"",""ticker"":""KXETH15M-26APR272145-45"",""trade_id"":""3ce8f63f-da88-57dc-504a-227beaec619b"",""yes_price_dollars"":""0.2800""}"
KXETH15M-26APR272145-45,b555be4e-0666-7a15-1b54-910e402cfe5f,1777340023,0.27,10.0,no,"{""count_fp"":""10.00"",""created_time"":""2026-04-28T01:33:43.271179Z"",""no_price_dollars"":""0.7300"",""taker_side"":""no"",""ticker"":""KXETH15M-26APR272145-45"",""trade_id"":""b555be4e-0666-7a15-1b54-910e402cfe5f"",""yes_price_dollars"":""0.2700""}"
KXETH15M-26APR272145-45,65f0fbab-1713-7cfb-0451-1fc5cfd4adef,1777340023,0.27,2.0,no,"{""count_fp"":""2.00"",""created_time"":""2026-04-28T01:33:43.271179Z"",""no_price_dollars"":""0.7300"",""taker_side"":""no"",""ticker"":""KXETH15M-26APR272145-45"",""trade_id"":""65f0fbab-1713-7cfb-0451-1fc5cfd4adef"",""yes_price_dollars"":""0.2700""}"
KXETH15M-26APR272145-45,6eafb681-32fb-7a89-5c4b-823c718f5f69,1777340025,0.2,1.0,no,"{""count_fp"":""1.00"",""created_time"":""2026-04-28T01:33:45.491981Z"",""no_price_dollars"":""0.8000"",""taker_side"":""no"",""ticker"":""KXETH15M-26APR272145-45"",""trade_id"":""6eafb681-32fb-7a89-5c4b-823c718f5f69"",""yes_price_dollars"":""0.2000""}"
KXETH15M-26APR272145-45,723a6a98-335a-7701-aba8-ff214f1ad078,1777340025,0.24,2.79,yes,"{""count_fp"":""2.79"",""created_time"":""2026-04-28T01:33:45.205234Z"",""no_price_dollars"":""0.7600"",""taker_side"":""yes"",""ticker"":""KXETH15M-26APR272145-45"",""trade_id"":""723a6a98-335a-7701-aba8-ff214f1ad078"",""yes_price_dollars"":""0.2400""}"
KXETH15M-26APR272145-45,81af2e71-d15f-628c-4aa8-6c6a69c929f1,1777340027,0.24,3.0,yes,"{""count_fp"":""3.00"",""created_time"":""2026-04-28T01:33:47.855947Z"",""no_price_dollars"":""0.7600"",""taker_side"":""yes"",""ticker"":""KXETH15M-26APR272145-45"",""trade_id"":""81af2e71-d15f-628c-4aa8-6c6a69c929f1"",""yes_price_dollars"":""0.2400""}"
KXETH15M-26APR272145-45,6a8b37f2-d920-67f4-594e-2d3f8af5da37,1777340027,0.22,10.0,yes,"{""count_fp"":""10.00"",""created_time"":""2026-04-28T01:33:47.855947Z"",""no_price_dollars"":""0.7800"",""taker_side"":""yes"",""ticker"":""KXETH15M-26APR272145-45"",""trade_id"":""6a8b37f2-d920-67f4-594e-2d3f8af5da37"",""yes_price_dollars"":""0.2200""}"
KXETH15M-26APR272145-45,0e77102d-64a5-682e-7b15-7e06e9b27149,1777340027,0.23,25.0,yes,"{""count_fp"":""25.00"",""created_time"":""2026-04-28T01:33:47.855947Z"",""no_price_dollars"":""0.7700"",""taker_side"":""yes"",""ticker"":""KXETH15M-26APR272145-45"",""trade_id"":""0e77102d-64a5-682e-7b15-7e06e9b27149"",""yes_price_dollars"":""0.2300""}"
KXETH15M-26APR272145-45,8737db78-4c24-5020-81c3-5b8307d8e45e,1777340027,0.23,5.0,no,"{""count_fp"":""5.00"",""created_time"":""2026-04-28T01:33:47.658273Z"",""no_price_dollars"":""0.7700"",""taker_side"":""no"",""ticker"":""KXETH15M-26APR272145-45"",""trade_id"":""8737db78-4c24-5020-81c3-5b8307d8e45e"",""yes_price_dollars"":""0.2300""}"
KXETH15M-26APR272145-45,e8893fc8-0baa-6785-5c87-935e519546cc,1777340028,0.19,12.76,yes,"{""count_fp"":""12.76"",""created_time"":""2026-04-28T01:33:48.545985Z"",""no_price_dollars"":""0.8100"",""taker_side"":""yes"",""ticker"":""KXETH15M-26APR272145-45"",""trade_id"":""e8893fc8-0baa-6785-5c87-935e519546cc"",""yes_price_dollars"":""0.1900""}"
KXETH15M-26APR272145-45,59967cbb-8f92-4ba5-54e7-3a0dfcf4a2ef,1777340030,0.18,1.0,no,"{""count_fp"":""1.00"",""created_time"":""2026-04-28T01:33:50.730278Z"",""no_price_dollars"":""0.8200"",""taker_side"":""no"",""ticker"":""KXETH15M-26APR272145-45"",""trade_id"":""59967cbb-8f92-4ba5-54e7-3a0dfcf4a2ef"",""yes_price_dollars"":""0.1800""}"
KXETH15M-26APR272145-45,cd8a16a9-bb7a-703d-7325-0ce8d44f8d08,1777340030,0.19,1.0,yes,"{""count_fp"":""1.00"",""created_time"":""2026-04-28T01:33:50.268133Z"",""no_price_dollars"":""0.8100"",""taker_side"":""yes"",""ticker"":""KXETH15M-26APR272145-45"",""trade_id"":""cd8a16a9-bb7a-703d-7325-0ce8d44f8d08"",""yes_price_dollars"":""0.1900""}"
KXETH15M-26APR272145-45,b8800de1-297b-6280-54d3-7e4053e98ea5,1777340031,0.16,10.0,no,"{""count_fp"":""10.00"",""created_time"":""2026-04-28T01:33:51.545391Z"",""no_price_dollars"":""0.8400"",""taker_side"":""no"",""ticker"":""KXETH15M-26APR272145-45"",""trade_id"":""b8800de1-297b-6280-54d3-7e4053e98ea5"",""yes_price_dollars"":""0.1600""}"
KXETH15M-26APR272145-45,05b9b51a-22aa-6e5a-46b5-2f0e885b0e34,1777340031,0.16,1.0,no,"{""count_fp"":""1.00"",""created_time"":""2026-04-28T01:33:51.545391Z"",""no_price_dollars"":""0.8400"",""taker_side"":""no"",""ticker"":""KXETH15M-26APR272145-45"",""trade_id"":""05b9b51a-22aa-6e5a-46b5-2f0e885b0e34"",""yes_price_dollars"":""0.1600""}"
KXETH15M-26APR272145-45,9ebe867d-a7ad-6f6c-551f-7816ceaea273,1777340031,0.17,7.0,no,"{""count_fp"":""7.00"",""created_time"":""2026-04-28T01:33:51.540177Z"",""no_price_dollars"":""0.8300"",""taker_side"":""no"",""ticker"":""KXETH15M-26APR272145-45"",""trade_id"":""9ebe867d-a7ad-6f6c-551f-7816ceaea273"",""yes_price_dollars"":""0.1700""}"
KXETH15M-26APR272145-45,76583edb-609a-6f91-4d28-c2abca92ce83,1777340031,0.17,10.0,no,"{""count_fp"":""10.00"",""created_time"":""2026-04-28T01:33:51.540177Z"",""no_price_dollars"":""0.8300"",""taker_side"":""no"",""ticker"":""KXETH15M-26APR272145-45"",""trade_id"":""76583edb-609a-6f91-4d28-c2abca92ce83"",""yes_price_dollars"":""0.1700""}"
KXETH15M-26APR272145-45,7564a49d-42f6-6d54-62bf-ebfd92809cbf,1777340031,0.17,3.0,no,"{""count_fp"":""3.00"",""created_time"":""2026-04-28T01:33:51.540177Z"",""no_price_dollars"":""0.8300"",""taker_side"":""no"",""ticker"":""KXETH15M-26APR272145-45"",""trade_id"":""7564a49d-42f6-6d54-62bf-ebfd92809cbf"",""yes_price_dollars"":""0.1700""}"
KXETH15M-26APR272145-45,47e9e582-86ba-646c-4ee7-429211766a0b,1777340031,0.17,3.0,no,"{""count_fp"":""3.00"",""created_time"":""2026-04-28T01:33:51.540177Z"",""no_price_dollars"":""0.8300"",""taker_side"":""no"",""ticker"":""KXETH15M-26APR272145-45"",""trade_id"":""47e9e582-86ba-646c-4ee7-429211766a0b"",""yes_price_dollars"":""0.1700""}"
KXETH15M-26APR272145-45,e566fb28-7c82-543a-7b27-662e45494d7c,1777340032,0.13,4.0,no,"{""count_fp"":""4.00"",""created_time"":""2026-04-28T01:33:52.796448Z"",""no_price_dollars"":""0.8700"",""taker_side"":""no"",""ticker"":""KXETH15M-26APR272145-45"",""trade_id"":""e566fb28-7c82-543a-7b27-662e45494d7c"",""yes_price_dollars"":""0.1300""}"
KXETH15M-26APR272145-45,f6705de0-29ca-6fbe-5d1c-744f708f9de8,1777340032,0.13,1.0,no,"{""count_fp"":""1.00"",""created_time"":""2026-04-28T01:33:52.718664Z"",""no_price_dollars"":""0.8700"",""taker_side"":""no"",""ticker"":""KXETH15M-26APR272145-45"",""trade_id"":""f6705de0-29ca-6fbe-5d1c-744f708f9de8"",""yes_price_dollars"":""0.1300""}"
KXETH15M-26APR272145-45,a85b2c02-706d-797f-1c08-002ef42a5f2d,1777340032,0.14,5.0,yes,"{""count_fp"":""5.00"",""created_time"":""2026-04-28T01:33:52.514265Z"",""no_price_dollars"":""0.8600"",""taker_side"":""yes"",""ticker"":""KXETH15M-26APR272145-45"",""trade_id"":""a85b2c02-706d-797f-1c08-002ef42a5f2d"",""yes_price_dollars"":""0.1400""}"
KXETH15M-26APR272145-45,6084e1e2-83e5-623b-81a0-d17e0fa2fad5,1777340033,0.14,17.03,yes,"{""count_fp"":""17.03"",""created_time"":""2026-04-28T01:33:53.790777Z"",""no_price_dollars"":""0.8600"",""taker_side"":""yes"",""ticker"":""KXETH15M-26APR272145-45"",""trade_id"":""6084e1e2-83e5-623b-81a0-d17e0fa2fad5"",""yes_price_dollars"":""0.1400""}"
KXETH15M-26APR272145-45,8919c6b6-d27f-5493-f79a-fa4f27c72233,1777340034,0.13,7.0,no,"{""count_fp"":""7.00"",""created_time"":""2026-04-28T01:33:54.229628Z"",""no_price_dollars"":""0.8700"",""taker_side"":""no"",""ticker"":""KXETH15M-26APR272145-45"",""trade_id"":""8919c6b6-d27f-5493-f79a-fa4f27c72233"",""yes_price_dollars"":""0.1300""}"
KXETH15M-26APR272145-45,2175f918-fe7e-5cbe-e13b-2fc833ce9ce0,1777340034,0.13,52.0,no,"{""count_fp"":""52.00"",""created_time"":""2026-04-28T01:33:54.229628Z"",""no_price_dollars"":""0.8700"",""taker_side"":""no"",""ticker"":""KXETH15M-26APR272145-45"",""trade_id"":""2175f918-fe7e-5cbe-e13b-2fc833ce9ce0"",""yes_price_dollars"":""0.1300""}"
KXETH15M-26APR272145-45,cd27d397-5d59-4dd8-ea8f-2261bd9dcd27,1777340039,0.12,3.62,yes,"{""count_fp"":""3.62"",""created_time"":""2026-04-28T01:33:59.734316Z"",""no_price_dollars"":""0.8800"",""taker_side"":""yes"",""ticker"":""KXETH15M-26APR272145-45"",""trade_id"":""cd27d397-5d59-4dd8-ea8f-2261bd9dcd27"",""yes_price_dollars"":""0.1200""}"
KXETH15M-26APR272145-45,ecc5efe1-0ccb-5801-047c-670968e7417d,1777340039,0.12,1.0,no,"{""count_fp"":""1.00"",""created_time"":""2026-04-28T01:33:59.054293Z"",""no_price_dollars"":""0.8800"",""taker_side"":""no"",""ticker"":""KXETH15M-26APR272145-45"",""trade_id"":""ecc5efe1-0ccb-5801-047c-670968e7417d"",""yes_price_dollars"":""0.1200""}"
KXETH15M-26APR272145-45,eb6571f9-90ed-7398-1f59-4f78c74685a3,1777340040,0.12,0.38,yes,"{""count_fp"":""0.38"",""created_time"":""2026-04-28T01:34:00.168265Z"",""no_price_dollars"":""0.8800"",""taker_side"":""yes"",""ticker"":""KXETH15M-26APR272145-45"",""trade_id"":""eb6571f9-90ed-7398-1f59-4f78c74685a3"",""yes_price_dollars"":""0.1200""}"
KXETH15M-26APR272145-45,1bdb4883-7cea-7eb5-22d8-7540b2f35950,1777340040,0.12,3.62,yes,"{""count_fp"":""3.62"",""created_time"":""2026-04-28T01:34:00.168265Z"",""no_price_dollars"":""0.8800"",""taker_side"":""yes"",""ticker"":""KXETH15M-26APR272145-45"",""trade_id"":""1bdb4883-7cea-7eb5-22d8-7540b2f35950"",""yes_price_dollars"":""0.1200""}"
KXETH15M-26APR272145-45,36b7de0b-7f12-6524-3f77-2bdb525161e3,1777340041,0.11,1.0,no,"{""count_fp"":""1.00"",""created_time"":""2026-04-28T01:34:01.026554Z"",""no_price_dollars"":""0.8900"",""taker_side"":""no"",""ticker"":""KXETH15M-26APR272145-45"",""trade_id"":""36b7de0b-7f12-6524-3f77-2bdb525161e3"",""yes_price_dollars"":""0.1100""}"
KXETH15M-26APR272145-45,8779bcd9-9cb2-6cc9-76b4-afd4e52b3f84,1777340042,0.11,3.0,yes,"{""count_fp"":""3.00"",""created_time"":""2026-04-28T01:34:02.336985Z"",""no_price_dollars"":""0.8900"",""taker_side"":""yes"",""ticker"":""KXETH15M-26APR272145-45"",""trade_id"":""8779bcd9-9cb2-6cc9-76b4-afd4e52b3f84"",""yes_price_dollars"":""0.1100""}"
KXETH15M-26APR272145-45,2895353b-9568-6276-17ab-cf78efd50fb8,1777340043,0.1,10.0,no,"{""count_fp"":""10.00"",""created_time"":""2026-04-28T01:34:03.849954Z"",""no_price_dollars"":""0.9000"",""taker_side"":""no"",""ticker"":""KXETH15M-26APR272145-45"",""trade_id"":""2895353b-9568-6276-17ab-cf78efd50fb8"",""yes_price_dollars"":""0.1000""}"
KXETH15M-26APR272145-45,e7b37592-104c-4ff4-5db4-a42098c21762,1777340043,0.1,1.0,no,"{""count_fp"":""1.00"",""created_time"":""2026-04-28T01:34:03.567665Z"",""no_price_dollars"":""0.9000"",""taker_side"":""no"",""ticker"":""KXETH15M-26APR272145-45"",""trade_id"":""e7b37592-104c-4ff4-5db4-a42098c21762"",""yes_price_dollars"":""0.1000""}"
KXETH15M-26APR272145-45,b224fc8b-4cf4-4755-7ff4-20a3b9f8ca38,1777340043,0.1,4.0,no,"{""count_fp"":""4.00"",""created_time"":""2026-04-28T01:34:03.567665Z"",""no_price_dollars"":""0.9000"",""taker_side"":""no"",""ticker"":""KXETH15M-26APR272145-45"",""trade_id"":""b224fc8b-4cf4-4755-7ff4-20a3b9f8ca38"",""yes_price_dollars"":""0.1000""}"
KXETH15M-26APR272145-45,52683a32-60fb-4030-6478-e6a58c3e3568,1777340043,0.1,3.0,no,"{""count_fp"":""3.00"",""created_time"":""2026-04-28T01:34:03.567665Z"",""no_price_dollars"":""0.9000"",""taker_side"":""no"",""ticker"":""KXETH15M-26APR272145-45"",""trade_id"":""52683a32-60fb-4030-6478-e6a58c3e3568"",""yes_price_dollars"":""0.1000""}"
KXETH15M-26APR272145-45,1e2aa2b1-facd-49aa-7ac7-99d95bc53e21,1777340043,0.1,1.0,no,"{""count_fp"":""1.00"",""created_time"":""2026-04-28T01:34:03.567665Z"",""no_price_dollars"":""0.9000"",""taker_side"":""no"",""ticker"":""KXETH15M-26APR272145-45"",""trade_id"":""1e2aa2b1-facd-49aa-7ac7-99d95bc53e21"",""yes_price_dollars"":""0.1000""}"
KXETH15M-26APR272145-45,d732f3f5-1415-6c96-fda5-8609ee1cef66,1777340045,0.11,1.71,yes,"{""count_fp"":""1.71"",""created_time"":""2026-04-28T01:34:05.133928Z"",""no_price_dollars"":""0.8900"",""taker_side"":""yes"",""ticker"":""KXETH15M-26APR272145-45"",""trade_id"":""d732f3f5-1415-6c96-fda5-8609ee1cef66"",""yes_price_dollars"":""0.1100""}"
KXETH15M-26APR272145-45,b5f2bf78-f665-5fec-2447-5da223ccbddc,1777340046,0.09,1.0,no,"{""count_fp"":""1.00"",""created_time"":""2026-04-28T01:34:06.639137Z"",""no_price_dollars"":""0.9100"",""taker_side"":""no"",""ticker"":""KXETH15M-26APR272145-45"",""trade_id"":""b5f2bf78-f665-5fec-2447-5da223ccbddc"",""yes_price_dollars"":""0.0900""}"
KXETH15M-26APR272145-45,95dbfe9a-be1c-5e6b-ce18-812cb02815b1,1777340046,0.1,78.0,no,"{""count_fp"":""78.00"",""created_time"":""2026-04-28T01:34:06.103435Z"",""no_price_dollars"":""0.9000"",""taker_side"":""no"",""ticker"":""KXETH15M-26APR272145-45"",""trade_id"":""95dbfe9a-be1c-5e6b-ce18-812cb02815b1"",""yes_price_dollars"":""0.1000""}"
KXETH15M-26APR272145-45,8e197177-44dc-6f97-9ecd-0bd1c9856ced,1777340046,0.1,1.73,no,"{""count_fp"":""1.73"",""created_time"":""2026-04-28T01:34:06.099177Z"",""no_price_dollars"":""0.9000"",""taker_side"":""no"",""ticker"":""KXETH15M-26APR272145-45"",""trade_id"":""8e197177-44dc-6f97-9ecd-0bd1c9856ced"",""yes_price_dollars"":""0.1000""}"
KXETH15M-26APR272145-45,1ae13639-43b9-6d69-a0e5-c7888ea7c48b,1777340046,0.1,10.0,no,"{""count_fp"":""10.00"",""created_time"":""2026-04-28T01:34:06.099177Z"",""no_price_dollars"":""0.9000"",""taker_side"":""no"",""ticker"":""KXETH15M-26APR272145-45"",""trade_id"":""1ae13639-43b9-6d69-a0e5-c7888ea7c48b"",""yes_price_dollars"":""0.1000""}"
KXETH15M-26APR272145-45,a720e091-2c06-71ad-3df0-11e1eeb89c3f,1777340047,0.088,34.0,no,"{""count_fp"":""34.00"",""created_time"":""2026-04-28T01:34:07.086192Z"",""no_price_dollars"":""0.9120"",""taker_side"":""no"",""ticker"":""KXETH15M-26APR272145-45"",""trade_id"":""a720e091-2c06-71ad-3df0-11e1eeb89c3f"",""yes_price_dollars"":""0.0880""}"
KXETH15M-26APR272145-45,8de681d2-6bd1-796c-1665-7e2858043a57,1777340047,0.09,4.0,no,"{""count_fp"":""4.00"",""created_time"":""2026-04-28T01:34:07.086192Z"",""no_price_dollars"":""0.9100"",""taker_side"":""no"",""ticker"":""KXETH15M-26APR272145-45"",""trade_id"":""8de681d2-6bd1-796c-1665-7e2858043a57"",""yes_price_dollars"":""0.0900""}"
KXETH15M-26APR272145-45,663d9b28-f4bd-754b-17c1-38301aa84e05,1777340047,0.09,3.0,no,"{""count_fp"":""3.00"",""created_time"":""2026-04-28T01:34:07.086192Z"",""no_price_dollars"":""0.9100"",""taker_side"":""no"",""ticker"":""KXETH15M-26APR272145-45"",""trade_id"":""663d9b28-f4bd-754b-17c1-38301aa84e05"",""yes_price_dollars"":""0.0900""}"
KXETH15M-26APR272145-45,2e143cd0-1922-6b05-9907-f55323c6beb7,1777340051,0.1,1.21,yes,"{""count_fp"":""1.21"",""created_time"":""2026-04-28T01:34:11.340044Z"",""no_price_dollars"":""0.9000"",""taker_side"":""yes"",""ticker"":""KXETH15M-26APR272145-45"",""trade_id"":""2e143cd0-1922-6b05-9907-f55323c6beb7"",""yes_price_dollars"":""0.1000""}"
KXETH15M-26APR272145-45,8ce4a36f-01d3-7db0-64ba-e9a22d8487b6,1777340051,0.098,1.7,yes,"{""count_fp"":""1.70"",""created_time"":""2026-04-28T01:34:11.020992Z"",""no_price_dollars"":""0.9020"",""taker_side"":""yes"",""ticker"":""KXETH15M-26APR272145-45"",""trade_id"":""8ce4a36f-01d3-7db0-64ba-e9a22d8487b6"",""yes_price_dollars"":""0.0980""}"
KXETH15M-26APR272145-45,8a329bc3-c13b-7497-bcf9-8097b94a5c2e,1777340054,0.097,0.07,yes,"{""count_fp"":""0.07"",""created_time"":""2026-04-28T01:34:14.550141Z"",""no_price_dollars"":""0.9030"",""taker_side"":""yes"",""ticker"":""KXETH15M-26APR272145-45"",""trade_id"":""8a329bc3-c13b-7497-bcf9-8097b94a5c2e"",""yes_price_dollars"":""0.0970""}"
KXETH15M-26APR272145-45,629a6fc9-b73b-7dd7-1f46-1dad70563b26,1777340054,0.097,4.78,yes,"{""count_fp"":""4.78"",""created_time"":""2026-04-28T01:34:14.533908Z"",""no_price_dollars"":""0.9030"",""taker_side"":""yes"",""ticker"":""KXETH15M-26APR272145-45"",""trade_id"":""629a6fc9-b73b-7dd7-1f46-1dad70563b26"",""yes_price_dollars"":""0.0970""}"
KXETH15M-26APR272145-45,ee83703d-2b6c-5e9b-1c73-35f0a037bcfc,1777340057,0.081,17.85,no,"{""count_fp"":""17.85"",""created_time"":""2026-04-28T01:34:17.564333Z"",""no_price_dollars"":""0.9190"",""taker_side"":""no"",""ticker"":""KXETH15M-26APR272145-45"",""trade_id"":""ee83703d-2b6c-5e9b-1c73-35f0a037bcfc"",""yes_price_dollars"":""0.0810""}"
KXETH15M-26APR272145-45,7c9d4dd2-0562-59f9-28fe-db80402a0fae,1777340057,0.08,1.0,no,"{""count_fp"":""1.00"",""created_time"":""2026-04-28T01:34:17.564333Z"",""no_price_dollars"":""0.9200"",""taker_side"":""no"",""ticker"":""KXETH15M-26APR272145-45"",""trade_id"":""7c9d4dd2-0562-59f9-28fe-db80402a0fae"",""yes_price_dollars"":""0.0800""}"
KXETH15M-26APR272145-45,698148d7-d8ed-57a3-0fe2-8aaba64163f8,1777340057,0.08,6.0,no,"{""count_fp"":""6.00"",""created_time"":""2026-04-28T01:34:17.564333Z"",""no_price_dollars"":""0.9200"",""taker_side"":""no"",""ticker"":""KXETH15M-26APR272145-45"",""trade_id"":""698148d7-d8ed-57a3-0fe2-8aaba64163f8"",""yes_price_dollars"":""0.0800""}"
KXETH15M-26APR272145-45,2bff5c0b-c312-5843-2795-0ef4d8c1dcf5,1777340057,0.08,1.15,no,"{""count_fp"":""1.15"",""created_time"":""2026-04-28T01:34:17.564333Z"",""no_price_dollars"":""0.9200"",""taker_side"":""no"",""ticker"":""KXETH15M-26APR272145-45"",""trade_id"":""2bff5c0b-c312-5843-2795-0ef4d8c1dcf5"",""yes_price_dollars"":""0.0800""}"
KXETH15M-26APR272145-45,ee505e1e-80be-7db0-0a30-5f8ff0d21fcb,1777340058,0.07,1.0,no,"{""count_fp"":""1.00"",""created_time"":""2026-04-28T01:34:18.091853Z"",""no_price_dollars"":""0.9300"",""taker_side"":""no"",""ticker"":""KXETH15M-26APR272145-45"",""trade_id"":""ee505e1e-80be-7db0-0a30-5f8ff0d21fcb"",""yes_price_dollars"":""0.0700""}"
KXETH15M-26APR272145-45,b8315c2e-fd48-76be-0ade-85ddf56024c7,1777340058,0.08,25.73,no,"{""count_fp"":""25.73"",""created_time"":""2026-04-28T01:34:18.091853Z"",""no_price_dollars"":""0.9200"",""taker_side"":""no"",""ticker"":""KXETH15M-26APR272145-45"",""trade_id"":""b8315c2e-fd48-76be-0ade-85ddf56024c7"",""yes_price_dollars"":""0.0800""}"
KXETH15M-26APR272145-45,93721e2d-268a-7b2e-0849-480e8da5ceec,1777340058,0.07,1.42,no,"{""count_fp"":""1.42"",""created_time"":""2026-04-28T01:34:18.091853Z"",""no_price_dollars"":""0.9300"",""taker_side"":""no"",""ticker"":""KXETH15M-26APR272145-45"",""trade_id"":""93721e2d-268a-7b2e-0849-480e8da5ceec"",""yes_price_dollars"":""0.0700""}"
KXETH15M-26APR272145-45,344d899d-e4e7-7ec7-0de2-e1e39a391988,1777340058,0.07,1.0,no,"{""count_fp"":""1.00"",""created_time"":""2026-04-28T01:34:18.091853Z"",""no_price_dollars"":""0.9300"",""taker_side"":""no"",""ticker"":""KXETH15M-26APR272145-45"",""trade_id"":""344d899d-e4e7-7ec7-0de2-e1e39a391988"",""yes_price_dollars"":""0.0700""}"
KXETH15M-26APR272145-45,31e7fd9d-353a-7897-0374-c1cdd2fa3991,1777340058,0.08,1.85,no,"{""count_fp"":""1.85"",""created_time"":""2026-04-28T01:34:18.091853Z"",""no_price_dollars"":""0.9200"",""taker_side"":""no"",""ticker"":""KXETH15M-26APR272145-45"",""trade_id"":""31e7fd9d-353a-7897-0374-c1cdd2fa3991"",""yes_price_dollars"":""0.0800""}"
KXETH15M-26APR272145-45,171d20d1-e05f-79fd-05cf-60c9b223456c,1777340058,0.07,8.0,no,"{""count_fp"":""8.00"",""created_time"":""2026-04-28T01:34:18.091853Z"",""no_price_dollars"":""0.9300"",""taker_side"":""no"",""ticker"":""KXETH15M-26APR272145-45"",""trade_id"":""171d20d1-e05f-79fd-05cf-60c9b223456c"",""yes_price_dollars"":""0.0700""}"
KXETH15M-26APR272145-45,15b8f737-4a0c-770b-08ff-0856e3de4f65,1777340058,0.08,5.0,no,"{""count_fp"":""5.00"",""created_time"":""2026-04-28T01:34:18.091853Z"",""no_price_dollars"":""0.9200"",""taker_side"":""no"",""ticker"":""KXETH15M-26APR272145-45"",""trade_id"":""15b8f737-4a0c-770b-08ff-0856e3de4f65"",""yes_price_dollars"":""0.0800""}"
KXETH15M-26APR272145-45,301474cb-8781-6c4a-a3d3-14dafa3d2443,1777340059,0.069,3.0,no,"{""count_fp"":""3.00"",""created_time"":""2026-04-28T01:34:19.842138Z"",""no_price_dollars"":""0.9310"",""taker_side"":""no"",""ticker"":""KXETH15M-26APR272145-45"",""trade_id"":""301474cb-8781-6c4a-a3d3-14dafa3d2443"",""yes_price_dollars"":""0.0690""}"
KXETH15M-26APR272145-45,7148da6e-07fe-625e-4e71-e9ef952e6160,1777340059,0.07,1.58,no,"{""count_fp"":""1.58"",""created_time"":""2026-04-28T01:34:19.424888Z"",""no_price_dollars"":""0.9300"",""taker_side"":""no"",""ticker"":""KXETH15M-26APR272145-45"",""trade_id"":""7148da6e-07fe-625e-4e71-e9ef952e6160"",""yes_price_dollars"":""0.0700""}"
KXETH15M-26APR272145-45,666f63af-fc75-6e7a-5636-39b85596db17,1777340059,0.069,2.42,no,"{""count_fp"":""2.42"",""created_time"":""2026-04-28T01:34:19.424888Z"",""no_price_dollars"":""0.9310"",""taker_side"":""no"",""ticker"":""KXETH15M-26APR272145-45"",""trade_id"":""666f63af-fc75-6e7a-5636-39b85596db17"",""yes_price_dollars"":""0.0690""}"
KXETH15M-26APR272145-45,affbf8ee-fe07-72a4-0e0d-c712fecbbdba,1777340063,0.078,34.0,yes,"{""count_fp"":""34.00"",""created_time"":""2026-04-28T01:34:23.160033Z"",""no_price_dollars"":""0.9220"",""taker_side"":""yes"",""ticker"":""KXETH15M-26APR272145-45"",""trade_id"":""affbf8ee-fe07-72a4-0e0d-c712fecbbdba"",""yes_price_dollars"":""0.0780""}"
KXETH15M-26APR272145-45,ee8e4974-f1fa-652a-83d0-a34247175c8f,1777340066,0.081,20.0,no,"{""count_fp"":""20.00"",""created_time"":""2026-04-28T01:34:26.531669Z"",""no_price_dollars"":""0.9190"",""taker_side"":""no"",""ticker"":""KXETH15M-26APR272145-45"",""trade_id"":""ee8e4974-f1fa-652a-83d0-a34247175c8f"",""yes_price_dollars"":""0.0810""}"
KXETH15M-26APR272145-45,828ec962-1d27-6dab-be8a-627949bcdaf6,1777340066,0.08,30.0,no,"{""count_fp"":""30.00"",""created_time"":""2026-04-28T01:34:26.531669Z"",""no_price_dollars"":""0.9200"",""taker_side"":""no"",""ticker"":""KXETH15M-26APR272145-45"",""trade_id"":""828ec962-1d27-6dab-be8a-627949bcdaf6"",""yes_price_dollars"":""0.0800""}"
KXETH15M-26APR272145-45,6a5636ac-379f-5f7b-97a3-6f3dbecb1a26,1777340066,0.08,39.0,no,"{""count_fp"":""39.00"",""created_time"":""2026-04-28T01:34:26.106219Z"",""no_price_dollars"":""0.9200"",""taker_side"":""no"",""ticker"":""KXETH15M-26APR272145-45"",""trade_id"":""6a5636ac-379f-5f7b-97a3-6f3dbecb1a26"",""yes_price_dollars"":""0.0800""}"
KXETH15M-26APR272145-45,db328e5f-4333-5ca7-2efc-6c2e76f61292,1777340067,0.08,31.0,no,"{""count_fp"":""31.00"",""created_time"":""2026-04-28T01:34:27.127311Z"",""no_price_dollars"":""0.9200"",""taker_side"":""no"",""ticker"":""KXETH15M-26APR272145-45"",""trade_id"":""db328e5f-4333-5ca7-2efc-6c2e76f61292"",""yes_price_dollars"":""0.0800""}"
KXETH15M-26APR272145-45,31aaa754-ee6b-441c-a1f7-9f080ddb5702,1777340076,0.068,11.0,yes,"{""count_fp"":""11.00"",""created_time"":""2026-04-28T01:34:36.227198Z"",""no_price_dollars"":""0.9320"",""taker_side"":""yes"",""ticker"":""KXETH15M-26APR272145-45"",""trade_id"":""31aaa754-ee6b-441c-a1f7-9f080ddb5702"",""yes_price_dollars"":""0.0680""}"
KXETH15M-26APR272145-45,7db12cb5-a077-4f27-32d2-39c35edc7a29,1777340090,0.067,10.0,yes,"{""count_fp"":""10.00"",""created_time"":""2026-04-28T01:34:50.176316Z"",""no_price_dollars"":""0.9330"",""taker_side"":""yes"",""ticker"":""KXETH15M-26APR272145-45"",""trade_id"":""7db12cb5-a077-4f27-32d2-39c35edc7a29"",""yes_price_dollars"":""0.0670""}"
KXETH15M-26APR272145-45,7a154ab1-44f2-6abb-bd9b-65ce0ec62fc2,1777340095,0.061,1.05,no,"{""count_fp"":""1.05"",""created_time"":""2026-04-28T01:34:55.792196Z"",""no_price_dollars"":""0.9390"",""taker_side"":""no"",""ticker"":""KXETH15M-26APR272145-45"",""trade_id"":""7a154ab1-44f2-6abb-bd9b-65ce0ec62fc2"",""yes_price_dollars"":""0.0610""}"
KXETH15M-26APR272145-45,78004045-eb36-41df-4da7-cb3447f99d76,1777340095,0.061,10.0,no,"{""count_fp"":""10.00"",""created_time"":""2026-04-28T01:34:55.131538Z"",""no_price_dollars"":""0.9390"",""taker_side"":""no"",""ticker"":""KXETH15M-26APR272145-45"",""trade_id"":""78004045-eb36-41df-4da7-cb3447f99d76"",""yes_price_dollars"":""0.0610""}"
KXETH15M-26APR272145-45,14014474-4f95-5ce1-85a1-1aff49d52b0c,1777340096,0.061,1.0,no,"{""count_fp"":""1.00"",""created_time"":""2026-04-28T01:34:56.328308Z"",""no_price_dollars"":""0.9390"",""taker_side"":""no"",""ticker"":""KXETH15M-26APR272145-45"",""trade_id"":""14014474-4f95-5ce1-85a1-1aff49d52b0c"",""yes_price_dollars"":""0.0610""}"
KXETH15M-26APR272145-45,30ca7925-f7db-72bc-0a5d-6db29c2991ce,1777340100,0.068,1.25,yes,"{""count_fp"":""1.25"",""created_time"":""2026-04-28T01:35:00.122692Z"",""no_price_dollars"":""0.9320"",""taker_side"":""yes"",""ticker"":""KXETH15M-26APR272145-45"",""trade_id"":""30ca7925-f7db-72bc-0a5d-6db29c2991ce"",""yes_price_dollars"":""0.0680""}"
KXETH15M-26APR272145-45,e4e25b56-82cb-7e01-a0f3-adcab259864b,1777340100,0.06,1.0,no,"{""count_fp"":""1.00"",""created_time"":""2026-04-28T01:35:00.114513Z"",""no_price_dollars"":""0.9400"",""taker_side"":""no"",""ticker"":""KXETH15M-26APR272145-45"",""trade_id"":""e4e25b56-82cb-7e01-a0f3-adcab259864b"",""yes_price_dollars"":""0.0600""}"
KXETH15M-26APR272145-45,bb1671e8-5c17-7e7f-a634-474424e6a3e8,1777340100,0.06,1.0,no,"{""count_fp"":""1.00"",""created_time"":""2026-04-28T01:35:00.114513Z"",""no_price_dollars"":""0.9400"",""taker_side"":""no"",""ticker"":""KXETH15M-26APR272145-45"",""trade_id"":""bb1671e8-5c17-7e7f-a634-474424e6a3e8"",""yes_price_dollars"":""0.0600""}"
KXETH15M-26APR272145-45,4955ea0f-b514-720c-860d-1bbfd8f60e4e,1777340100,0.06,8.0,no,"{""count_fp"":""8.00"",""created_time"":""2026-04-28T01:35:00.114513Z"",""no_price_dollars"":""0.9400"",""taker_side"":""no"",""ticker"":""KXETH15M-26APR272145-45"",""trade_id"":""4955ea0f-b514-720c-860d-1bbfd8f60e4e"",""yes_price_dollars"":""0.0600""}"
KXETH15M-26APR272145-45,2ee6e2b6-0ac5-7796-abce-19d8ddb54be1,1777340100,0.06,3.0,no,"{""count_fp"":""3.00"",""created_time"":""2026-04-28T01:35:00.114513Z"",""no_price_dollars"":""0.9400"",""taker_side"":""no"",""ticker"":""KXETH15M-26APR272145-45"",""trade_id"":""2ee6e2b6-0ac5-7796-abce-19d8ddb54be1"",""yes_price_dollars"":""0.0600""}"
KXETH15M-26APR272145-45,28879db9-54e4-75a5-8f74-0d7565f7641d,1777340100,0.06,1.0,no,"{""count_fp"":""1.00"",""created_time"":""2026-04-28T01:35:00.114513Z"",""no_price_dollars"":""0.9400"",""taker_side"":""no"",""ticker"":""KXETH15M-26APR272145-45"",""trade_id"":""28879db9-54e4-75a5-8f74-0d7565f7641d"",""yes_price_dollars"":""0.0600""}"
KXETH15M-26APR272145-45,eb0772e0-b9ff-57cc-f1f3-5a7bd4b90d8e,1777340101,0.068,71.0,yes,"{""count_fp"":""71.00"",""created_time"":""2026-04-28T01:35:01.022892Z"",""no_price_dollars"":""0.9320"",""taker_side"":""yes"",""ticker"":""KXETH15M-26APR272145-45"",""trade_id"":""eb0772e0-b9ff-57cc-f1f3-5a7bd4b90d8e"",""yes_price_dollars"":""0.0680""}"
KXETH15M-26APR272145-45,86d69fe6-d8e8-4e39-dfc7-347a8eb9917a,1777340102,0.051,10.0,no,"{""count_fp"":""10.00"",""created_time"":""2026-04-28T01:35:02.427014Z"",""no_price_dollars"":""0.9490"",""taker_side"":""no"",""ticker"":""KXETH15M-26APR272145-45"",""trade_id"":""86d69fe6-d8e8-4e39-dfc7-347a8eb9917a"",""yes_price_dollars"":""0.0510""}"
KXETH15M-26APR272145-45,1ec941b0-7050-61c1-c8dd-b232bd928f31,1777340103,0.05,1.0,no,"{""count_fp"":""1.00"",""created_time"":""2026-04-28T01:35:03.671545Z"",""no_price_dollars"":""0.9500"",""taker_side"":""no"",""ticker"":""KXETH15M-26APR272145-45"",""trade_id"":""1ec941b0-7050-61c1-c8dd-b232bd928f31"",""yes_price_dollars"":""0.0500""}"
KXETH15M-26APR272145-45,02b9098d-5e53-6cb8-e73b-c5616ec11477,1777340103,0.05,3.0,no,"{""count_fp"":""3.00"",""created_time"":""2026-04-28T01:35:03.671545Z"",""no_price_dollars"":""0.9500"",""taker_side"":""no"",""ticker"":""KXETH15M-26APR272145-45"",""trade_id"":""02b9098d-5e53-6cb8-e73b-c5616ec11477"",""yes_price_dollars"":""0.0500""}"
KXETH15M-26APR272145-45,ab8fe81b-52c4-4054-0889-332519377964,1777340103,0.05,1.0,no,"{""count_fp"":""1.00"",""created_time"":""2026-04-28T01:35:03.083195Z"",""no_price_dollars"":""0.9500"",""taker_side"":""no"",""ticker"":""KXETH15M-26APR272145-45"",""trade_id"":""ab8fe81b-52c4-4054-0889-332519377964"",""yes_price_dollars"":""0.0500""}"
KXETH15M-26APR272145-45,6e6a0871-5e38-4f95-2910-8cfd2633c15d,1777340103,0.05,9.0,no,"{""count_fp"":""9.00"",""created_time"":""2026-04-28T01:35:03.083195Z"",""no_price_dollars"":""0.9500"",""taker_side"":""no"",""ticker"":""KXETH15M-26APR272145-45"",""trade_id"":""6e6a0871-5e38-4f95-2910-8cfd2633c15d"",""yes_price_dollars"":""0.0500""}"
KXETH15M-26APR272145-45,37baff34-77c9-73be-9665-b6649f955674,1777340104,0.04,1.0,no,"{""count_fp"":""1.00"",""created_time"":""2026-04-28T01:35:04.240478Z"",""no_price_dollars"":""0.9600"",""taker_side"":""no"",""ticker"":""KXETH15M-26APR272145-45"",""trade_id"":""37baff34-77c9-73be-9665-b6649f955674"",""yes_price_dollars"":""0.0400""}"
KXETH15M-26APR272145-45,1dad9a48-35c8-45c8-6b3c-c84c5e1db46d,1777340105,0.05,1.0,no,"{""count_fp"":""1.00"",""created_time"":""2026-04-28T01:35:05.199346Z"",""no_price_dollars"":""0.9500"",""taker_side"":""no"",""ticker"":""KXETH15M-26APR272145-45"",""trade_id"":""1dad9a48-35c8-45c8-6b3c-c84c5e1db46d"",""yes_price_dollars"":""0.0500""}"
KXETH15M-26APR272145-45,d85240bb-05fa-5756-6daa-572284cdd19b,1777340105,0.05,20.0,yes,"{""count_fp"":""20.00"",""created_time"":""2026-04-28T01:35:05.163123Z"",""no_price_dollars"":""0.9500"",""taker_side"":""yes"",""ticker"":""KXETH15M-26APR272145-45"",""trade_id"":""d85240bb-05fa-5756-6daa-572284cdd19b"",""yes_price_dollars"":""0.0500""}"
KXETH15M-26APR272145-45,77e258e4-1c33-6442-28e3-9d72b9c56556,1777340106,0.06,1.0,yes,"{""count_fp"":""1.00"",""created_time"":""2026-04-28T01:35:06.160882Z"",""no_price_dollars"":""0.9400"",""taker_side"":""yes"",""ticker"":""KXETH15M-26APR272145-45"",""trade_id"":""77e258e4-1c33-6442-28e3-9d72b9c56556"",""yes_price_dollars"":""0.0600""}"
KXETH15M-26APR272145-45,93fa2a20-d924-7028-46ae-6c79a7bee256,1777340116,0.08,5.0,no,"{""count_fp"":""5.00"",""created_time"":""2026-04-28T01:35:16.177408Z"",""no_price_dollars"":""0.9200"",""taker_side"":""no"",""ticker"":""KXETH15M-26APR272145-45"",""trade_id"":""93fa2a20-d924-7028-46ae-6c79a7bee256"",""yes_price_dollars"":""0.0800""}"
KXETH15M-26APR272145-45,7d891e9f-7bfd-7512-78a6-65df62bae134,1777340116,0.081,10.0,no,"{""count_fp"":""10.00"",""created_time"":""2026-04-28T01:35:16.177408Z"",""no_price_dollars"":""0.9190"",""taker_side"":""no"",""ticker"":""KXETH15M-26APR272145-45"",""trade_id"":""7d891e9f-7bfd-7512-78a6-65df62bae134"",""yes_price_dollars"":""0.0810""}"
KXETH15M-26APR272145-45,d9ad1712-9f7f-5dba-ffe0-d71f06d59d64,1777340117,0.1,1.0,yes,"{""count_fp"":""1.00"",""created_time"":""2026-04-28T01:35:17.652674Z"",""no_price_dollars"":""0.9000"",""taker_side"":""yes"",""ticker"":""KXETH15M-26APR272145-45"",""trade_id"":""d9ad1712-9f7f-5dba-ffe0-d71f06d59d64"",""yes_price_dollars"":""0.1000""}"
KXETH15M-26APR272145-45,72c79501-5244-4838-bbf9-c1fa9fd4c5ce,1777340117,0.08,12.97,no,"{""count_fp"":""12.97"",""created_time"":""2026-04-28T01:35:17.175404Z"",""no_price_dollars"":""0.9200"",""taker_side"":""no"",""ticker"":""KXETH15M-26APR272145-45"",""trade_id"":""72c79501-5244-4838-bbf9-c1fa9fd4c5ce"",""yes_price_dollars"":""0.0800""}"
KXETH15M-26APR272145-45,eb4008bf-5fcf-5022-0ff7-bf22d38f3ce8,1777340119,0.1,834.0,yes,"{""count_fp"":""834.00"",""created_time"":""2026-04-28T01:35:19.922549Z"",""no_price_dollars"":""0.9000"",""taker_side"":""yes"",""ticker"":""KXETH15M-26APR272145-45"",""trade_id"":""eb4008bf-5fcf-5022-0ff7-bf22d38f3ce8"",""yes_price_dollars"":""0.1000""}"
KXETH15M-26APR272145-45,b10cd3c5-a9f6-6f50-71f2-01b065f7ba56,1777340120,0.11,1.0,yes,"{""count_fp"":""1.00"",""created_time"":""2026-04-28T01:35:20.493568Z"",""no_price_dollars"":""0.8900"",""taker_side"":""yes"",""ticker"":""KXETH15M-26APR272145-45"",""trade_id"":""b10cd3c5-a9f6-6f50-71f2-01b065f7ba56"",""yes_price_dollars"":""0.1100""}"
KXETH15M-26APR272145-45,3d673894-50a2-7740-c771-139a2405c70e,1777340121,0.11,38.0,yes,"{""count_fp"":""38.00"",""created_time"":""2026-04-28T01:35:21.676065Z"",""no_price_dollars"":""0.8900"",""taker_side"":""yes"",""ticker"":""KXETH15M-26APR272145-45"",""trade_id"":""3d673894-50a2-7740-c771-139a2405c70e"",""yes_price_dollars"":""0.1100""}"
KXETH15M-26APR272145-45,e1e32b10-57fc-6e65-d833-8a7622253623,1777340123,0.13,100.0,yes,"{""count_fp"":""100.00"",""created_time"":""2026-04-28T01:35:23.395057Z"",""no_price_dollars"":""0.8700"",""taker_side"":""yes"",""ticker"":""KXETH15M-26APR272145-45"",""trade_id"":""e1e32b10-57fc-6e65-d833-8a7622253623"",""yes_price_dollars"":""0.1300""}"
KXETH15M-26APR272145-45,6c78cace-a713-6a84-f834-55ab972cf6c2,1777340123,0.13,1.0,yes,"{""count_fp"":""1.00"",""created_time"":""2026-04-28T01:35:23.395057Z"",""no_price_dollars"":""0.8700"",""taker_side"":""yes"",""ticker"":""KXETH15M-26APR272145-45"",""trade_id"":""6c78cace-a713-6a84-f834-55ab972cf6c2"",""yes_price_dollars"":""0.1300""}"
KXETH15M-26APR272145-45,ab3e960b-44a4-42a3-2992-e848d4b3eeee,1777340125,0.17,10.0,yes,"{""count_fp"":""10.00"",""created_time"":""2026-04-28T01:35:25.294018Z"",""no_price_dollars"":""0.8300"",""taker_side"":""yes"",""ticker"":""KXETH15M-26APR272145-45"",""trade_id"":""ab3e960b-44a4-42a3-2992-e848d4b3eeee"",""yes_price_dollars"":""0.1700""}"
KXETH15M-26APR272145-45,a584ddcb-894e-405a-1f38-3c4762fb7e36,1777340125,0.17,10.0,yes,"{""count_fp"":""10.00"",""created_time"":""2026-04-28T01:35:25.294018Z"",""no_price_dollars"":""0.8300"",""taker_side"":""yes"",""ticker"":""KXETH15M-26APR272145-45"",""trade_id"":""a584ddcb-894e-405a-1f38-3c4762fb7e36"",""yes_price_dollars"":""0.1700""}"
KXETH15M-26APR272145-45,3a56c3f8-77c0-7da0-75f1-dbbe5ccc0faa,1777340127,0.13,93.0,no,"{""count_fp"":""93.00"",""created_time"":""2026-04-28T01:35:27.115287Z"",""no_price_dollars"":""0.8700"",""taker_side"":""no"",""ticker"":""KXETH15M-26APR272145-45"",""trade_id"":""3a56c3f8-77c0-7da0-75f1-dbbe5ccc0faa"",""yes_price_dollars"":""0.1300""}"
KXETH15M-26APR272145-45,951a8254-7238-61f4-731e-a28a3e790ddf,1777340130,0.14,7.14,no,"{""count_fp"":""7.14"",""created_time"":""2026-04-28T01:35:30.493247Z"",""no_price_dollars"":""0.8600"",""taker_side"":""no"",""ticker"":""KXETH15M-26APR272145-45"",""trade_id"":""951a8254-7238-61f4-731e-a28a3e790ddf"",""yes_price_dollars"":""0.1400""}"
KXETH15M-26APR272145-45,032785c6-99e7-6779-698c-2251b6cc6e6b,1777340130,0.15,10.0,no,"{""count_fp"":""10.00"",""created_time"":""2026-04-28T01:35:30.493247Z"",""no_price_dollars"":""0.8500"",""taker_side"":""no"",""ticker"":""KXETH15M-26APR272145-45"",""trade_id"":""032785c6-99e7-6779-698c-2251b6cc6e6b"",""yes_price_dollars"":""0.1500""}"
KXETH15M-26APR272145-45,7c15ee0b-66c4-741d-47a3-b1ab502d657c,1777340131,0.16,5.0,yes,"{""count_fp"":""5.00"",""created_time"":""2026-04-28T01:35:31.076901Z"",""no_price_dollars"":""0.8400"",""taker_side"":""yes"",""ticker"":""KXETH15M-26APR272145-45"",""trade_id"":""7c15ee0b-66c4-741d-47a3-b1ab502d657c"",""yes_price_dollars"":""0.1600""}"
KXETH15M-26APR272145-45,1e71f223-6fb9-76b2-6f6c-d4de73d5254b,1777340131,0.17,0.55,yes,"{""count_fp"":""0.55"",""created_time"":""2026-04-28T01:35:31.076901Z"",""no_price_dollars"":""0.8300"",""taker_side"":""yes"",""ticker"":""KXETH15M-26APR272145-45"",""trade_id"":""1e71f223-6fb9-76b2-6f6c-d4de73d5254b"",""yes_price_dollars"":""0.1700""}"
KXETH15M-26APR272145-45,ee53884d-dd6d-773c-0195-1f7ee728494f,1777340133,0.17,15.02,yes,"{""count_fp"":""15.02"",""created_time"":""2026-04-28T01:35:33.352005Z"",""no_price_dollars"":""0.8300"",""taker_side"":""yes"",""ticker"":""KXETH15M-26APR272145-45"",""trade_id"":""ee53884d-dd6d-773c-0195-1f7ee728494f"",""yes_price_dollars"":""0.1700""}"
KXETH15M-26APR272145-45,ebb4828b-f75e-7407-1e25-3096e32ef1dd,1777340133,0.17,12.77,yes,"{""count_fp"":""12.77"",""created_time"":""2026-04-28T01:35:33.352005Z"",""no_price_dollars"":""0.8300"",""taker_side"":""yes"",""ticker"":""KXETH15M-26APR272145-45"",""trade_id"":""ebb4828b-f75e-7407-1e25-3096e32ef1dd"",""yes_price_dollars"":""0.1700""}"
KXETH15M-26APR272145-45,137267b6-e984-66f1-796d-7d2ab72b4d43,1777340133,0.14,2.0,no,"{""count_fp"":""2.00"",""created_time"":""2026-04-28T01:35:33.064011Z"",""no_price_dollars"":""0.8600"",""taker_side"":""no"",""ticker"":""KXETH15M-26APR272145-45"",""trade_id"":""137267b6-e984-66f1-796d-7d2ab72b4d43"",""yes_price_dollars"":""0.1400""}"
KXETH15M-26APR272145-45,f8211653-1cc5-79e5-d2be-0feabec4875f,1777340136,0.18,5.0,yes,"{""count_fp"":""5.00"",""created_time"":""2026-04-28T01:35:36.616611Z"",""no_price_dollars"":""0.8200"",""taker_side"":""yes"",""ticker"":""KXETH15M-26APR272145-45"",""trade_id"":""f8211653-1cc5-79e5-d2be-0feabec4875f"",""yes_price_dollars"":""0.1800""}"
KXETH15M-26APR272145-45,c29a5444-713f-70bd-ef7b-e1bf368983b1,1777340136,0.16,10.0,yes,"{""count_fp"":""10.00"",""created_time"":""2026-04-28T01:35:36.616611Z"",""no_price_dollars"":""0.8400"",""taker_side"":""yes"",""ticker"":""KXETH15M-26APR272145-45"",""trade_id"":""c29a5444-713f-70bd-ef7b-e1bf368983b1"",""yes_price_dollars"":""0.1600""}"
KXETH15M-26APR272145-45,a5e30331-9aa9-7034-dbfa-9bfe0b1b0493,1777340136,0.18,11.81,yes,"{""count_fp"":""11.81"",""created_time"":""2026-04-28T01:35:36.616611Z"",""no_price_dollars"":""0.8200"",""taker_side"":""yes"",""ticker"":""KXETH15M-26APR272145-45"",""trade_id"":""a5e30331-9aa9-7034-dbfa-9bfe0b1b0493"",""yes_price_dollars"":""0.1800""}"
KXETH15M-26APR272145-45,54963a3a-c099-5c4a-b4fb-1b13b697c0cb,1777340138,0.16,10.0,no,"{""count_fp"":""10.00"",""created_time"":""2026-04-28T01:35:38.108859Z"",""no_price_dollars"":""0.8400"",""taker_side"":""no"",""ticker"":""KXETH15M-26APR272145-45"",""trade_id"":""54963a3a-c099-5c4a-b4fb-1b13b697c0cb"",""yes_price_dollars"":""0.1600""}"
KXETH15M-26APR272145-45,11a84da2-385c-5fcc-95c3-433463717e22,1777340138,0.14,57.0,no,"{""count_fp"":""57.00"",""created_time"":""2026-04-28T01:35:38.108859Z"",""no_price_dollars"":""0.8600"",""taker_side"":""no"",""ticker"":""KXETH15M-26APR272145-45"",""trade_id"":""11a84da2-385c-5fcc-95c3-433463717e22"",""yes_price_dollars"":""0.1400""}"
KXETH15M-26APR272145-45,96aab944-6324-7aee-c5c2-9951a04f2055,1777340139,0.15,71.82,no,"{""count_fp"":""71.82"",""created_time"":""2026-04-28T01:35:39.059931Z"",""no_price_dollars"":""0.8500"",""taker_side"":""no"",""ticker"":""KXETH15M-26APR272145-45"",""trade_id"":""96aab944-6324-7aee-c5c2-9951a04f2055"",""yes_price_dollars"":""0.1500""}"
KXETH15M-26APR272145-45,c36260c5-0bff-4b48-cd9a-a72d6524661b,1777340147,0.24,1.1,yes,"{""count_fp"":""1.10"",""created_time"":""2026-04-28T01:35:47.476999Z"",""no_price_dollars"":""0.7600"",""taker_side"":""yes"",""ticker"":""KXETH15M-26APR272145-45"",""trade_id"":""c36260c5-0bff-4b48-cd9a-a72d6524661b"",""yes_price_dollars"":""0.2400""}"
KXETH15M-26APR272145-45,9162cf02-68ae-4501-f7ed-6d5420343a5e,1777340147,0.23,5.0,yes,"{""count_fp"":""5.00"",""created_time"":""2026-04-28T01:35:47.476999Z"",""no_price_dollars"":""0.7700"",""taker_side"":""yes"",""ticker"":""KXETH15M-26APR272145-45"",""trade_id"":""9162cf02-68ae-4501-f7ed-6d5420343a5e"",""yes_price_dollars"":""0.2300""}"
KXETH15M-26APR272145-45,d97df579-8e22-6ed0-ed46-f061e42fd52a,1777340152,0.25,1.0,yes,"{""count_fp"":""1.00"",""created_time"":""2026-04-28T01:35:52.940371Z"",""no_price_dollars"":""0.7500"",""taker_side"":""yes"",""ticker"":""KXETH15M-26APR272145-45"",""trade_id"":""d97df579-8e22-6ed0-ed46-f061e42fd52a"",""yes_price_dollars"":""0.2500""}"
KXETH15M-26APR272145-45,82f10531-7412-7380-d497-b0a4dd1f8ca6,1777340153,0.25,112.0,yes,"{""count_fp"":""112.00"",""created_time"":""2026-04-28T01:35:53.776001Z"",""no_price_dollars"":""0.7500"",""taker_side"":""yes"",""ticker"":""KXETH15M-26APR272145-45"",""trade_id"":""82f10531-7412-7380-d497-b0a4dd1f8ca6"",""yes_price_dollars"":""0.2500""}"
KXETH15M-26APR272145-45,d0af2e47-92c9-7550-b308-212516eba38b,1777340155,0.3,10.0,yes,"{""count_fp"":""10.00"",""created_time"":""2026-04-28T01:35:55.616482Z"",""no_price_dollars"":""0.7000"",""taker_side"":""yes"",""ticker"":""KXETH15M-26APR272145-45"",""trade_id"":""d0af2e47-92c9-7550-b308-212516eba38b"",""yes_price_dollars"":""0.3000""}"
KXETH15M-26APR272145-45,d4c4b782-c97f-7b80-eacc-ea660b8c9c64,1777340155,0.28,5.0,yes,"{""count_fp"":""5.00"",""created_time"":""2026-04-28T01:35:55.201363Z"",""no_price_dollars"":""0.7200"",""taker_side"":""yes"",""ticker"":""KXETH15M-26APR272145-45"",""trade_id"":""d4c4b782-c97f-7b80-eacc-ea660b8c9c64"",""yes_price_dollars"":""0.2800""}"
KXETH15M-26APR272145-45,1d1abf8b-b392-717b-d53f-6ed573121c1f,1777340155,0.27,10.0,yes,"{""count_fp"":""10.00"",""created_time"":""2026-04-28T01:35:55.201363Z"",""no_price_dollars"":""0.7300"",""taker_side"":""yes"",""ticker"":""KXETH15M-26APR272145-45"",""trade_id"":""1d1abf8b-b392-717b-d53f-6ed573121c1f"",""yes_price_dollars"":""0.2700""}"
KXETH15M-26APR272145-45,7a8fcced-864b-7087-73a1-0f7e64ee25a4,1777340156,0.31,1.0,no,"{""count_fp"":""1.00"",""created_time"":""2026-04-28T01:35:56.508309Z"",""no_price_dollars"":""0.6900"",""taker_side"":""no"",""ticker"":""KXETH15M-26APR272145-45"",""trade_id"":""7a8fcced-864b-7087-73a1-0f7e64ee25a4"",""yes_price_dollars"":""0.3100""}"
KXETH15M-26APR272145-45,b3384557-aeb8-6668-1bdd-c8dd23b2a3ae,1777340160,0.31,1.0,no,"{""count_fp"":""1.00"",""created_time"":""2026-04-28T01:36:00.344468Z"",""no_price_dollars"":""0.6900"",""taker_side"":""no"",""ticker"":""KXETH15M-26APR272145-45"",""trade_id"":""b3384557-aeb8-6668-1bdd-c8dd23b2a3ae"",""yes_price_dollars"":""0.3100""}"
KXETH15M-26APR272145-45,99bd2e46-676e-60c4-3685-a95bdd622fbf,1777340160,0.31,1.0,no,"{""count_fp"":""1.00"",""created_time"":""2026-04-28T01:36:00.344468Z"",""no_price_dollars"":""0.6900"",""taker_side"":""no"",""ticker"":""KXETH15M-26APR272145-45"",""trade_id"":""99bd2e46-676e-60c4-3685-a95bdd622fbf"",""yes_price_dollars"":""0.3100""}"
KXETH15M-26APR272145-45,999f1e7a-36c8-5487-873d-f4c42881bf8c,1777340160,0.34,4.62,yes,"{""count_fp"":""4.62"",""created_time"":""2026-04-28T01:36:00.105043Z"",""no_price_dollars"":""0.6600"",""taker_side"":""yes"",""ticker"":""KXETH15M-26APR272145-45"",""trade_id"":""999f1e7a-36c8-5487-873d-f4c42881bf8c"",""yes_price_dollars"":""0.3400""}"
KXETH15M-26APR272145-45,47a8e013-e385-515e-b1b6-118b91cdeda7,1777340160,0.34,1.0,yes,"{""count_fp"":""1.00"",""created_time"":""2026-04-28T01:36:00.105043Z"",""no_price_dollars"":""0.6600"",""taker_side"":""yes"",""ticker"":""KXETH15M-26APR272145-45"",""trade_id"":""47a8e013-e385-515e-b1b6-118b91cdeda7"",""yes_price_dollars"":""0.3400""}"
KXETH15M-26APR272145-45,e13c8105-c24d-4608-7ba2-f3af42eddd76,1777340166,0.33,9.0,no,"{""count_fp"":""9.00"",""created_time"":""2026-04-28T01:36:06.808861Z"",""no_price_dollars"":""0.6700"",""taker_side"":""no"",""ticker"":""KXETH15M-26APR272145-45"",""trade_id"":""e13c8105-c24d-4608-7ba2-f3af42eddd76"",""yes_price_dollars"":""0.3300""}"
KXETH15M-26APR272145-45,608fa984-619e-7f57-79a7-7ba142e98684,1777340167,0.24,10.0,no,"{""count_fp"":""10.00"",""created_time"":""2026-04-28T01:36:07.435088Z"",""no_price_dollars"":""0.7600"",""taker_side"":""no"",""ticker"":""KXETH15M-26APR272145-45"",""trade_id"":""608fa984-619e-7f57-79a7-7ba142e98684"",""yes_price_dollars"":""0.2400""}"
KXETH15M-26APR272145-45,5ed77197-b812-7450-7e61-d37e4c32291d,1777340167,0.32,10.0,no,"{""count_fp"":""10.00"",""created_time"":""2026-04-28T01:36:07.049337Z"",""no_price_dollars"":""0.6800"",""taker_side"":""no"",""ticker"":""KXETH15M-26APR272145-45"",""trade_id"":""5ed77197-b812-7450-7e61-d37e4c32291d"",""yes_price_dollars"":""0.3200""}"
KXETH15M-26APR272145-45,a138187a-6566-5748-8851-474260757ed6,1777340170,0.19,1.0,no,"{""count_fp"":""1.00"",""created_time"":""2026-04-28T01:36:10.757593Z"",""no_price_dollars"":""0.8100"",""taker_side"":""no"",""ticker"":""KXETH15M-26APR272145-45"",""trade_id"":""a138187a-6566-5748-8851-474260757ed6"",""yes_price_dollars"":""0.1900""}"
KXETH15M-26APR272145-45,13495d46-6f5b-6378-ab58-0d83fb488391,1777340171,0.16,1.0,no,"{""count_fp"":""1.00"",""created_time"":""2026-04-28T01:36:11.772434Z"",""no_price_dollars"":""0.8400"",""taker_side"":""no"",""ticker"":""KXETH15M-26APR272145-45"",""trade_id"":""13495d46-6f5b-6378-ab58-0d83fb488391"",""yes_price_dollars"":""0.1600""}"
KXETH15M-26APR272145-45,9600f79e-002f-767d-aa63-b75a0b538ee4,1777340178,0.19,1.0,no,"{""count_fp"":""1.00"",""created_time"":""2026-04-28T01:36:18.197907Z"",""no_price_dollars"":""0.8100"",""taker_side"":""no"",""ticker"":""KXETH15M-26APR272145-45"",""trade_id"":""9600f79e-002f-767d-aa63-b75a0b538ee4"",""yes_price_dollars"":""0.1900""}"
KXETH15M-26APR272145-45,70d52937-b197-569a-c6d3-399f92ae917d,1777340183,0.2,0.12,no,"{""count_fp"":""0.12"",""created_time"":""2026-04-28T01:36:23.946505Z"",""no_price_dollars"":""0.8000"",""taker_side"":""no"",""ticker"":""KXETH15M-26APR272145-45"",""trade_id"":""70d52937-b197-569a-c6d3-399f92ae917d"",""yes_price_dollars"":""0.2000""}"
KXETH15M-26APR272145-45,9033ca37-dcaf-5a33-1f16-1eb29b171c94,1777340187,0.19,1.0,no,"{""count_fp"":""1.00"",""created_time"":""2026-04-28T01:36:27.216937Z"",""no_price_dollars"":""0.8100"",""taker_side"":""no"",""ticker"":""KXETH15M-26APR272145-45"",""trade_id"":""9033ca37-dcaf-5a33-1f16-1eb29b171c94"",""yes_price_dollars"":""0.1900""}"
