ticker,trade_id,ts,yes_price,count,taker_side,raw_json
KXETH15M-26APR280630-30,a19d8e22-1607-725c-5eca-259fceb7d18d,1777371301,0.5,1.0,yes,"{""count_fp"":""1.00"",""created_time"":""2026-04-28T10:15:01.296809Z"",""no_price_dollars"":""0.5000"",""taker_side"":""yes"",""ticker"":""KXETH15M-26APR280630-30"",""trade_id"":""a19d8e22-1607-725c-5eca-259fceb7d18d"",""yes_price_dollars"":""0.5000""}"
KXETH15M-26APR280630-30,82c524d0-4fbc-4eca-bbc5-18e653f19c77,1777371313,0.51,1.0,no,"{""count_fp"":""1.00"",""created_time"":""2026-04-28T10:15:13.533077Z"",""no_price_dollars"":""0.4900"",""taker_side"":""no"",""ticker"":""KXETH15M-26APR280630-30"",""trade_id"":""82c524d0-4fbc-4eca-bbc5-18e653f19c77"",""yes_price_dollars"":""0.5100""}"
KXETH15M-26APR280630-30,8a5189bb-512e-6219-3f50-522f8f7e4a90,1777371319,0.49,10.0,yes,"{""count_fp"":""10.00"",""created_time"":""2026-04-28T10:15:19.519672Z"",""no_price_dollars"":""0.5100"",""taker_side"":""yes"",""ticker"":""KXETH15M-26APR280630-30"",""trade_id"":""8a5189bb-512e-6219-3f50-522f8f7e4a90"",""yes_price_dollars"":""0.4900""}"
KXETH15M-26APR280630-30,cde6ce4c-a27a-4f12-7bcc-8910f8384c55,1777371319,0.49,1.0,yes,"{""count_fp"":""1.00"",""created_time"":""2026-04-28T10:15:19.269509Z"",""no_price_dollars"":""0.5100"",""taker_side"":""yes"",""ticker"":""KXETH15M-26APR280630-30"",""trade_id"":""cde6ce4c-a27a-4f12-7bcc-8910f8384c55"",""yes_price_dollars"":""0.4900""}"
KXETH15M-26APR280630-30,eb0661a3-3a5d-6e8b-484c-3767be3d5db0,1777371326,0.46,1.0,no,"{""count_fp"":""1.00"",""created_time"":""2026-04-28T10:15:26.501189Z"",""no_price_dollars"":""0.5400"",""taker_side"":""no"",""ticker"":""KXETH15M-26APR280630-30"",""trade_id"":""eb0661a3-3a5d-6e8b-484c-3767be3d5db0"",""yes_price_dollars"":""0.4600""}"
KXETH15M-26APR280630-30,c909982e-e9ce-61e8-51ad-40f80b64111b,1777371326,0.44,25.7,no,"{""count_fp"":""25.70"",""created_time"":""2026-04-28T10:15:26.501189Z"",""no_price_dollars"":""0.5600"",""taker_side"":""no"",""ticker"":""KXETH15M-26APR280630-30"",""trade_id"":""c909982e-e9ce-61e8-51ad-40f80b64111b"",""yes_price_dollars"":""0.4400""}"
KXETH15M-26APR280630-30,c6da249d-cae1-655a-629a-c9bfa84c1c92,1777371326,0.47,1.0,no,"{""count_fp"":""1.00"",""created_time"":""2026-04-28T10:15:26.501189Z"",""no_price_dollars"":""0.5300"",""taker_side"":""no"",""ticker"":""KXETH15M-26APR280630-30"",""trade_id"":""c6da249d-cae1-655a-629a-c9bfa84c1c92"",""yes_price_dollars"":""0.4700""}"
KXETH15M-26APR280630-30,c1fe63c9-4255-6bd3-54af-ea15202f8a02,1777371326,0.45,3.0,no,"{""count_fp"":""3.00"",""created_time"":""2026-04-28T10:15:26.501189Z"",""no_price_dollars"":""0.5500"",""taker_side"":""no"",""ticker"":""KXETH15M-26APR280630-30"",""trade_id"":""c1fe63c9-4255-6bd3-54af-ea15202f8a02"",""yes_price_dollars"":""0.4500""}"
KXETH15M-26APR280630-30,9fef2808-751e-647f-5e32-9f2ce12400c2,1777371326,0.45,1.0,no,"{""count_fp"":""1.00"",""created_time"":""2026-04-28T10:15:26.501189Z"",""no_price_dollars"":""0.5500"",""taker_side"":""no"",""ticker"":""KXETH15M-26APR280630-30"",""trade_id"":""9fef2808-751e-647f-5e32-9f2ce12400c2"",""yes_price_dollars"":""0.4500""}"
KXETH15M-26APR280630-30,8868762a-553f-67ca-42a9-181044d38972,1777371326,0.45,1.0,no,"{""count_fp"":""1.00"",""created_time"":""2026-04-28T10:15:26.501189Z"",""no_price_dollars"":""0.5500"",""taker_side"":""no"",""ticker"":""KXETH15M-26APR280630-30"",""trade_id"":""8868762a-553f-67ca-42a9-181044d38972"",""yes_price_dollars"":""0.4500""}"
KXETH15M-26APR280630-30,80fdefce-fd98-6bfe-4f12-39e33bc5a780,1777371326,0.48,1.0,no,"{""count_fp"":""1.00"",""created_time"":""2026-04-28T10:15:26.501189Z"",""no_price_dollars"":""0.5200"",""taker_side"":""no"",""ticker"":""KXETH15M-26APR280630-30"",""trade_id"":""80fdefce-fd98-6bfe-4f12-39e33bc5a780"",""yes_price_dollars"":""0.4800""}"
KXETH15M-26APR280630-30,189232e1-caf3-61d3-4bab-34568d7074e5,1777371326,0.45,10.0,no,"{""count_fp"":""10.00"",""created_time"":""2026-04-28T10:15:26.501189Z"",""no_price_dollars"":""0.5500"",""taker_side"":""no"",""ticker"":""KXETH15M-26APR280630-30"",""trade_id"":""189232e1-caf3-61d3-4bab-34568d7074e5"",""yes_price_dollars"":""0.4500""}"
KXETH15M-26APR280630-30,bbcf48b5-519e-77bd-efce-3bf227983c81,1777371327,0.47,2.0,yes,"{""count_fp"":""2.00"",""created_time"":""2026-04-28T10:15:27.470948Z"",""no_price_dollars"":""0.5300"",""taker_side"":""yes"",""ticker"":""KXETH15M-26APR280630-30"",""trade_id"":""bbcf48b5-519e-77bd-efce-3bf227983c81"",""yes_price_dollars"":""0.4700""}"
KXETH15M-26APR280630-30,5ea6d0aa-7e61-752b-e5df-f0c8b3bfd2cb,1777371327,0.48,8.0,yes,"{""count_fp"":""8.00"",""created_time"":""2026-04-28T10:15:27.470948Z"",""no_price_dollars"":""0.5200"",""taker_side"":""yes"",""ticker"":""KXETH15M-26APR280630-30"",""trade_id"":""5ea6d0aa-7e61-752b-e5df-f0c8b3bfd2cb"",""yes_price_dollars"":""0.4800""}"
KXETH15M-26APR280630-30,3adc8565-cdbd-43a3-d448-4eda3c6123d0,1777371328,0.44,10.0,yes,"{""count_fp"":""10.00"",""created_time"":""2026-04-28T10:15:28.855817Z"",""no_price_dollars"":""0.5600"",""taker_side"":""yes"",""ticker"":""KXETH15M-26APR280630-30"",""trade_id"":""3adc8565-cdbd-43a3-d448-4eda3c6123d0"",""yes_price_dollars"":""0.4400""}"
KXETH15M-26APR280630-30,4a15d432-7c69-7338-cb09-85bac499db72,1777371330,0.42,1.0,no,"{""count_fp"":""1.00"",""created_time"":""2026-04-28T10:15:30.772471Z"",""no_price_dollars"":""0.5800"",""taker_side"":""no"",""ticker"":""KXETH15M-26APR280630-30"",""trade_id"":""4a15d432-7c69-7338-cb09-85bac499db72"",""yes_price_dollars"":""0.4200""}"
KXETH15M-26APR280630-30,e5877225-2e39-79d2-4bbb-8b908c08edb0,1777371339,0.43,4.24,yes,"{""count_fp"":""4.24"",""created_time"":""2026-04-28T10:15:39.236721Z"",""no_price_dollars"":""0.5700"",""taker_side"":""yes"",""ticker"":""KXETH15M-26APR280630-30"",""trade_id"":""e5877225-2e39-79d2-4bbb-8b908c08edb0"",""yes_price_dollars"":""0.4300""}"
KXETH15M-26APR280630-30,e84699c1-dc4e-404f-50b2-559520cb37fe,1777371345,0.41,39.51,no,"{""count_fp"":""39.51"",""created_time"":""2026-04-28T10:15:45.604697Z"",""no_price_dollars"":""0.5900"",""taker_side"":""no"",""ticker"":""KXETH15M-26APR280630-30"",""trade_id"":""e84699c1-dc4e-404f-50b2-559520cb37fe"",""yes_price_dollars"":""0.4100""}"
KXETH15M-26APR280630-30,cc233b98-2619-45d1-48da-96f92ea4e7fd,1777371345,0.42,1.0,no,"{""count_fp"":""1.00"",""created_time"":""2026-04-28T10:15:45.604697Z"",""no_price_dollars"":""0.5800"",""taker_side"":""no"",""ticker"":""KXETH15M-26APR280630-30"",""trade_id"":""cc233b98-2619-45d1-48da-96f92ea4e7fd"",""yes_price_dollars"":""0.4200""}"
KXETH15M-26APR280630-30,bfb6306c-b83e-77fe-636b-393cabc65a0f,1777371347,0.45,2.0,yes,"{""count_fp"":""2.00"",""created_time"":""2026-04-28T10:15:47.599577Z"",""no_price_dollars"":""0.5500"",""taker_side"":""yes"",""ticker"":""KXETH15M-26APR280630-30"",""trade_id"":""bfb6306c-b83e-77fe-636b-393cabc65a0f"",""yes_price_dollars"":""0.4500""}"
KXETH15M-26APR280630-30,0ccaaef2-081b-7fe4-4041-e926d9c20723,1777371347,0.45,1.0,yes,"{""count_fp"":""1.00"",""created_time"":""2026-04-28T10:15:47.599577Z"",""no_price_dollars"":""0.5500"",""taker_side"":""yes"",""ticker"":""KXETH15M-26APR280630-30"",""trade_id"":""0ccaaef2-081b-7fe4-4041-e926d9c20723"",""yes_price_dollars"":""0.4500""}"
KXETH15M-26APR280630-30,cac62061-d735-63df-e2e0-d4a407a4ec87,1777371350,0.42,10.0,no,"{""count_fp"":""10.00"",""created_time"":""2026-04-28T10:15:50.577402Z"",""no_price_dollars"":""0.5800"",""taker_side"":""no"",""ticker"":""KXETH15M-26APR280630-30"",""trade_id"":""cac62061-d735-63df-e2e0-d4a407a4ec87"",""yes_price_dollars"":""0.4200""}"
KXETH15M-26APR280630-30,b190f5a6-1ff7-6af1-9a25-1fc7a73416f1,1777371350,0.43,1.0,no,"{""count_fp"":""1.00"",""created_time"":""2026-04-28T10:15:50.534237Z"",""no_price_dollars"":""0.5700"",""taker_side"":""no"",""ticker"":""KXETH15M-26APR280630-30"",""trade_id"":""b190f5a6-1ff7-6af1-9a25-1fc7a73416f1"",""yes_price_dollars"":""0.4300""}"
KXETH15M-26APR280630-30,97d6fb90-af03-73bf-eb2a-337b1ec2cc2a,1777371360,0.41,1.0,no,"{""count_fp"":""1.00"",""created_time"":""2026-04-28T10:16:00.653375Z"",""no_price_dollars"":""0.5900"",""taker_side"":""no"",""ticker"":""KXETH15M-26APR280630-30"",""trade_id"":""97d6fb90-af03-73bf-eb2a-337b1ec2cc2a"",""yes_price_dollars"":""0.4100""}"
KXETH15M-26APR280630-30,c8bca795-32ca-7fbf-b059-7511ad28966a,1777371364,0.42,22.0,yes,"{""count_fp"":""22.00"",""created_time"":""2026-04-28T10:16:04.049954Z"",""no_price_dollars"":""0.5800"",""taker_side"":""yes"",""ticker"":""KXETH15M-26APR280630-30"",""trade_id"":""c8bca795-32ca-7fbf-b059-7511ad28966a"",""yes_price_dollars"":""0.4200""}"
KXETH15M-26APR280630-30,a38defc9-d74d-789f-b8a2-816d2e534089,1777371364,0.43,8.84,yes,"{""count_fp"":""8.84"",""created_time"":""2026-04-28T10:16:04.049954Z"",""no_price_dollars"":""0.5700"",""taker_side"":""yes"",""ticker"":""KXETH15M-26APR280630-30"",""trade_id"":""a38defc9-d74d-789f-b8a2-816d2e534089"",""yes_price_dollars"":""0.4300""}"
KXETH15M-26APR280630-30,8a9a6233-7b3d-7190-94dc-24934dfc2d65,1777371364,0.43,2.0,yes,"{""count_fp"":""2.00"",""created_time"":""2026-04-28T10:16:04.049954Z"",""no_price_dollars"":""0.5700"",""taker_side"":""yes"",""ticker"":""KXETH15M-26APR280630-30"",""trade_id"":""8a9a6233-7b3d-7190-94dc-24934dfc2d65"",""yes_price_dollars"":""0.4300""}"
KXETH15M-26APR280630-30,528bcb6e-48ab-7799-91d3-c57a79d45e08,1777371364,0.41,3.0,yes,"{""count_fp"":""3.00"",""created_time"":""2026-04-28T10:16:04.049954Z"",""no_price_dollars"":""0.5900"",""taker_side"":""yes"",""ticker"":""KXETH15M-26APR280630-30"",""trade_id"":""528bcb6e-48ab-7799-91d3-c57a79d45e08"",""yes_price_dollars"":""0.4100""}"
KXETH15M-26APR280630-30,04ccffd4-82de-7aa5-b735-c4b64612520a,1777371364,0.42,28.0,yes,"{""count_fp"":""28.00"",""created_time"":""2026-04-28T10:16:04.049954Z"",""no_price_dollars"":""0.5800"",""taker_side"":""yes"",""ticker"":""KXETH15M-26APR280630-30"",""trade_id"":""04ccffd4-82de-7aa5-b735-c4b64612520a"",""yes_price_dollars"":""0.4200""}"
KXETH15M-26APR280630-30,e7fb3bb3-3477-7147-db41-01d3ab9e1179,1777371369,0.38,10.0,no,"{""count_fp"":""10.00"",""created_time"":""2026-04-28T10:16:09.828506Z"",""no_price_dollars"":""0.6200"",""taker_side"":""no"",""ticker"":""KXETH15M-26APR280630-30"",""trade_id"":""e7fb3bb3-3477-7147-db41-01d3ab9e1179"",""yes_price_dollars"":""0.3800""}"
KXETH15M-26APR280630-30,811556df-8986-5560-04d1-2945cbce11ba,1777371369,0.4,5.0,no,"{""count_fp"":""5.00"",""created_time"":""2026-04-28T10:16:09.820353Z"",""no_price_dollars"":""0.6000"",""taker_side"":""no"",""ticker"":""KXETH15M-26APR280630-30"",""trade_id"":""811556df-8986-5560-04d1-2945cbce11ba"",""yes_price_dollars"":""0.4000""}"
KXETH15M-26APR280630-30,fa87998c-3143-5aa7-d8cb-93488f4d452b,1777371369,0.41,2.0,no,"{""count_fp"":""2.00"",""created_time"":""2026-04-28T10:16:09.805877Z"",""no_price_dollars"":""0.5900"",""taker_side"":""no"",""ticker"":""KXETH15M-26APR280630-30"",""trade_id"":""fa87998c-3143-5aa7-d8cb-93488f4d452b"",""yes_price_dollars"":""0.4100""}"
KXETH15M-26APR280630-30,a07637c8-175a-5494-c30d-74130bff7392,1777371369,0.42,3.0,no,"{""count_fp"":""3.00"",""created_time"":""2026-04-28T10:16:09.805877Z"",""no_price_dollars"":""0.5800"",""taker_side"":""no"",""ticker"":""KXETH15M-26APR280630-30"",""trade_id"":""a07637c8-175a-5494-c30d-74130bff7392"",""yes_price_dollars"":""0.4200""}"
KXETH15M-26APR280630-30,c4bef85e-55df-4682-6bd4-5dfcee0f2352,1777371372,0.39,6.0,yes,"{""count_fp"":""6.00"",""created_time"":""2026-04-28T10:16:12.118236Z"",""no_price_dollars"":""0.6100"",""taker_side"":""yes"",""ticker"":""KXETH15M-26APR280630-30"",""trade_id"":""c4bef85e-55df-4682-6bd4-5dfcee0f2352"",""yes_price_dollars"":""0.3900""}"
KXETH15M-26APR280630-30,bf4c5396-3743-432e-ee00-8859a0710372,1777371392,0.35,2.0,no,"{""count_fp"":""2.00"",""created_time"":""2026-04-28T10:16:32.924421Z"",""no_price_dollars"":""0.6500"",""taker_side"":""no"",""ticker"":""KXETH15M-26APR280630-30"",""trade_id"":""bf4c5396-3743-432e-ee00-8859a0710372"",""yes_price_dollars"":""0.3500""}"
KXETH15M-26APR280630-30,c93912a0-f4ab-474b-0df7-1fb931f30956,1777371398,0.32,1.0,no,"{""count_fp"":""1.00"",""created_time"":""2026-04-28T10:16:38.984914Z"",""no_price_dollars"":""0.6800"",""taker_side"":""no"",""ticker"":""KXETH15M-26APR280630-30"",""trade_id"":""c93912a0-f4ab-474b-0df7-1fb931f30956"",""yes_price_dollars"":""0.3200""}"
KXETH15M-26APR280630-30,8e506c5f-f8ae-402f-f0dd-8b4f7665e6af,1777371408,0.35,6.0,yes,"{""count_fp"":""6.00"",""created_time"":""2026-04-28T10:16:48.651417Z"",""no_price_dollars"":""0.6500"",""taker_side"":""yes"",""ticker"":""KXETH15M-26APR280630-30"",""trade_id"":""8e506c5f-f8ae-402f-f0dd-8b4f7665e6af"",""yes_price_dollars"":""0.3500""}"
KXETH15M-26APR280630-30,50034828-8d45-45c5-ebbc-f442151e4a29,1777371408,0.36,0.74,yes,"{""count_fp"":""0.74"",""created_time"":""2026-04-28T10:16:48.651417Z"",""no_price_dollars"":""0.6400"",""taker_side"":""yes"",""ticker"":""KXETH15M-26APR280630-30"",""trade_id"":""50034828-8d45-45c5-ebbc-f442151e4a29"",""yes_price_dollars"":""0.3600""}"
KXETH15M-26APR280630-30,31120542-3467-5131-4758-427611816198,1777371409,0.36,7.19,no,"{""count_fp"":""7.19"",""created_time"":""2026-04-28T10:16:49.563897Z"",""no_price_dollars"":""0.6400"",""taker_side"":""no"",""ticker"":""KXETH15M-26APR280630-30"",""trade_id"":""31120542-3467-5131-4758-427611816198"",""yes_price_dollars"":""0.3600""}"
KXETH15M-26APR280630-30,63e6c6dd-35ad-4f3f-d57d-376e9b048bd4,1777371415,0.39,2.0,yes,"{""count_fp"":""2.00"",""created_time"":""2026-04-28T10:16:55.749035Z"",""no_price_dollars"":""0.6100"",""taker_side"":""yes"",""ticker"":""KXETH15M-26APR280630-30"",""trade_id"":""63e6c6dd-35ad-4f3f-d57d-376e9b048bd4"",""yes_price_dollars"":""0.3900""}"
KXETH15M-26APR280630-30,34fd5198-2664-4f2a-d3fa-a9e9c777004b,1777371415,0.39,2.77,yes,"{""count_fp"":""2.77"",""created_time"":""2026-04-28T10:16:55.749035Z"",""no_price_dollars"":""0.6100"",""taker_side"":""yes"",""ticker"":""KXETH15M-26APR280630-30"",""trade_id"":""34fd5198-2664-4f2a-d3fa-a9e9c777004b"",""yes_price_dollars"":""0.3900""}"
KXETH15M-26APR280630-30,994b4626-0bc7-57fc-c681-3c269848af90,1777371421,0.36,1.0,no,"{""count_fp"":""1.00"",""created_time"":""2026-04-28T10:17:01.246514Z"",""no_price_dollars"":""0.6400"",""taker_side"":""no"",""ticker"":""KXETH15M-26APR280630-30"",""trade_id"":""994b4626-0bc7-57fc-c681-3c269848af90"",""yes_price_dollars"":""0.3600""}"
KXETH15M-26APR280630-30,47413f3c-81bb-719e-b46e-2c43223f897e,1777371426,0.35,1.88,yes,"{""count_fp"":""1.88"",""created_time"":""2026-04-28T10:17:06.790176Z"",""no_price_dollars"":""0.6500"",""taker_side"":""yes"",""ticker"":""KXETH15M-26APR280630-30"",""trade_id"":""47413f3c-81bb-719e-b46e-2c43223f897e"",""yes_price_dollars"":""0.3500""}"
KXETH15M-26APR280630-30,bf5ec7f3-4fbb-6c73-7b4e-1112b3ab6b4a,1777371428,0.31,10.0,no,"{""count_fp"":""10.00"",""created_time"":""2026-04-28T10:17:08.373387Z"",""no_price_dollars"":""0.6900"",""taker_side"":""no"",""ticker"":""KXETH15M-26APR280630-30"",""trade_id"":""bf5ec7f3-4fbb-6c73-7b4e-1112b3ab6b4a"",""yes_price_dollars"":""0.3100""}"
KXETH15M-26APR280630-30,fb0b7b47-7f08-4fd5-365d-9526ccaa7219,1777371432,0.32,7.19,yes,"{""count_fp"":""7.19"",""created_time"":""2026-04-28T10:17:12.232368Z"",""no_price_dollars"":""0.6800"",""taker_side"":""yes"",""ticker"":""KXETH15M-26APR280630-30"",""trade_id"":""fb0b7b47-7f08-4fd5-365d-9526ccaa7219"",""yes_price_dollars"":""0.3200""}"
KXETH15M-26APR280630-30,102d67e8-cfa0-75cd-d6f9-498bc8ff7e79,1777371434,0.32,6.81,yes,"{""count_fp"":""6.81"",""created_time"":""2026-04-28T10:17:14.034013Z"",""no_price_dollars"":""0.6800"",""taker_side"":""yes"",""ticker"":""KXETH15M-26APR280630-30"",""trade_id"":""102d67e8-cfa0-75cd-d6f9-498bc8ff7e79"",""yes_price_dollars"":""0.3200""}"
KXETH15M-26APR280630-30,a1b72bdc-18d0-4de9-11f1-3881dc01ded5,1777371435,0.34,2.0,yes,"{""count_fp"":""2.00"",""created_time"":""2026-04-28T10:17:15.906156Z"",""no_price_dollars"":""0.6600"",""taker_side"":""yes"",""ticker"":""KXETH15M-26APR280630-30"",""trade_id"":""a1b72bdc-18d0-4de9-11f1-3881dc01ded5"",""yes_price_dollars"":""0.3400""}"
KXETH15M-26APR280630-30,80824b44-c0a6-69b5-008a-a8ec84856ab0,1777371439,0.33,2.0,no,"{""count_fp"":""2.00"",""created_time"":""2026-04-28T10:17:19.715918Z"",""no_price_dollars"":""0.6700"",""taker_side"":""no"",""ticker"":""KXETH15M-26APR280630-30"",""trade_id"":""80824b44-c0a6-69b5-008a-a8ec84856ab0"",""yes_price_dollars"":""0.3300""}"
KXETH15M-26APR280630-30,6d453ec6-8fea-4f7f-b0a4-af27665b4113,1777371439,0.35,10.0,no,"{""count_fp"":""10.00"",""created_time"":""2026-04-28T10:17:19.153698Z"",""no_price_dollars"":""0.6500"",""taker_side"":""no"",""ticker"":""KXETH15M-26APR280630-30"",""trade_id"":""6d453ec6-8fea-4f7f-b0a4-af27665b4113"",""yes_price_dollars"":""0.3500""}"
KXETH15M-26APR280630-30,45db1e6f-010a-6510-681d-1e70ec326116,1777371441,0.32,5.78,yes,"{""count_fp"":""5.78"",""created_time"":""2026-04-28T10:17:21.127909Z"",""no_price_dollars"":""0.6800"",""taker_side"":""yes"",""ticker"":""KXETH15M-26APR280630-30"",""trade_id"":""45db1e6f-010a-6510-681d-1e70ec326116"",""yes_price_dollars"":""0.3200""}"
KXETH15M-26APR280630-30,504614c6-5fb2-6520-2fff-ae086a5c86f2,1777371441,0.32,9.0,yes,"{""count_fp"":""9.00"",""created_time"":""2026-04-28T10:17:21.070594Z"",""no_price_dollars"":""0.6800"",""taker_side"":""yes"",""ticker"":""KXETH15M-26APR280630-30"",""trade_id"":""504614c6-5fb2-6520-2fff-ae086a5c86f2"",""yes_price_dollars"":""0.3200""}"
KXETH15M-26APR280630-30,23648ffa-88a2-5398-87d2-2254097de952,1777371442,0.3,1.0,yes,"{""count_fp"":""1.00"",""created_time"":""2026-04-28T10:17:22.436537Z"",""no_price_dollars"":""0.7000"",""taker_side"":""yes"",""ticker"":""KXETH15M-26APR280630-30"",""trade_id"":""23648ffa-88a2-5398-87d2-2254097de952"",""yes_price_dollars"":""0.3000""}"
KXETH15M-26APR280630-30,8ea2a196-75c5-5b6b-1123-5bd856362bb2,1777371451,0.25,2.0,no,"{""count_fp"":""2.00"",""created_time"":""2026-04-28T10:17:31.062409Z"",""no_price_dollars"":""0.7500"",""taker_side"":""no"",""ticker"":""KXETH15M-26APR280630-30"",""trade_id"":""8ea2a196-75c5-5b6b-1123-5bd856362bb2"",""yes_price_dollars"":""0.2500""}"
KXETH15M-26APR280630-30,0a36e25e-3623-55e0-1ccc-d7bb8349dea4,1777371451,0.25,4.55,no,"{""count_fp"":""4.55"",""created_time"":""2026-04-28T10:17:31.062409Z"",""no_price_dollars"":""0.7500"",""taker_side"":""no"",""ticker"":""KXETH15M-26APR280630-30"",""trade_id"":""0a36e25e-3623-55e0-1ccc-d7bb8349dea4"",""yes_price_dollars"":""0.2500""}"
KXETH15M-26APR280630-30,956dc344-0d4b-5c7a-c125-1844aee7b6e7,1777371452,0.28,1.0,yes,"{""count_fp"":""1.00"",""created_time"":""2026-04-28T10:17:32.349944Z"",""no_price_dollars"":""0.7200"",""taker_side"":""yes"",""ticker"":""KXETH15M-26APR280630-30"",""trade_id"":""956dc344-0d4b-5c7a-c125-1844aee7b6e7"",""yes_price_dollars"":""0.2800""}"
KXETH15M-26APR280630-30,ec9791ea-adf3-64ee-deff-6e1017952c77,1777371452,0.28,1.0,yes,"{""count_fp"":""1.00"",""created_time"":""2026-04-28T10:17:32.322912Z"",""no_price_dollars"":""0.7200"",""taker_side"":""yes"",""ticker"":""KXETH15M-26APR280630-30"",""trade_id"":""ec9791ea-adf3-64ee-deff-6e1017952c77"",""yes_price_dollars"":""0.2800""}"
KXETH15M-26APR280630-30,e517dcfa-ba9e-41fb-1c64-f618ca38831a,1777371460,0.35,1.0,no,"{""count_fp"":""1.00"",""created_time"":""2026-04-28T10:17:40.353572Z"",""no_price_dollars"":""0.6500"",""taker_side"":""no"",""ticker"":""KXETH15M-26APR280630-30"",""trade_id"":""e517dcfa-ba9e-41fb-1c64-f618ca38831a"",""yes_price_dollars"":""0.3500""}"
KXETH15M-26APR280630-30,22eef419-ee5a-414f-fb74-2d789fa5947e,1777371461,0.35,2.0,no,"{""count_fp"":""2.00"",""created_time"":""2026-04-28T10:17:41.682968Z"",""no_price_dollars"":""0.6500"",""taker_side"":""no"",""ticker"":""KXETH15M-26APR280630-30"",""trade_id"":""22eef419-ee5a-414f-fb74-2d789fa5947e"",""yes_price_dollars"":""0.3500""}"
KXETH15M-26APR280630-30,d9e8012f-31b2-5c0f-a974-2608d9accf52,1777371462,0.35,6.55,no,"{""count_fp"":""6.55"",""created_time"":""2026-04-28T10:17:42.861836Z"",""no_price_dollars"":""0.6500"",""taker_side"":""no"",""ticker"":""KXETH15M-26APR280630-30"",""trade_id"":""d9e8012f-31b2-5c0f-a974-2608d9accf52"",""yes_price_dollars"":""0.3500""}"
KXETH15M-26APR280630-30,7c481a36-b762-515b-9558-c4cc5bb983ca,1777371463,0.35,51.76,no,"{""count_fp"":""51.76"",""created_time"":""2026-04-28T10:17:43.245294Z"",""no_price_dollars"":""0.6500"",""taker_side"":""no"",""ticker"":""KXETH15M-26APR280630-30"",""trade_id"":""7c481a36-b762-515b-9558-c4cc5bb983ca"",""yes_price_dollars"":""0.3500""}"
KXETH15M-26APR280630-30,a5c7b2cb-bf1e-4b6f-5259-6fcf35085c7e,1777371466,0.35,30.03,no,"{""count_fp"":""30.03"",""created_time"":""2026-04-28T10:17:46.452631Z"",""no_price_dollars"":""0.6500"",""taker_side"":""no"",""ticker"":""KXETH15M-26APR280630-30"",""trade_id"":""a5c7b2cb-bf1e-4b6f-5259-6fcf35085c7e"",""yes_price_dollars"":""0.3500""}"
KXETH15M-26APR280630-30,2dddc23d-2d42-5ceb-abeb-a536868f2efe,1777371467,0.35,1.0,no,"{""count_fp"":""1.00"",""created_time"":""2026-04-28T10:17:47.953195Z"",""no_price_dollars"":""0.6500"",""taker_side"":""no"",""ticker"":""KXETH15M-26APR280630-30"",""trade_id"":""2dddc23d-2d42-5ceb-abeb-a536868f2efe"",""yes_price_dollars"":""0.3500""}"
KXETH15M-26APR280630-30,1ff47992-542a-40c3-e76e-78069ac12a0e,1777371470,0.35,2.0,no,"{""count_fp"":""2.00"",""created_time"":""2026-04-28T10:17:50.305201Z"",""no_price_dollars"":""0.6500"",""taker_side"":""no"",""ticker"":""KXETH15M-26APR280630-30"",""trade_id"":""1ff47992-542a-40c3-e76e-78069ac12a0e"",""yes_price_dollars"":""0.3500""}"
KXETH15M-26APR280630-30,8dae6e26-e2e6-7a83-7fb0-d1ea1088e4be,1777371479,0.37,1.0,no,"{""count_fp"":""1.00"",""created_time"":""2026-04-28T10:17:59.632047Z"",""no_price_dollars"":""0.6300"",""taker_side"":""no"",""ticker"":""KXETH15M-26APR280630-30"",""trade_id"":""8dae6e26-e2e6-7a83-7fb0-d1ea1088e4be"",""yes_price_dollars"":""0.3700""}"
KXETH15M-26APR280630-30,afaa7e2c-880e-455e-c10f-72cffa29e817,1777371483,0.47,7.0,yes,"{""count_fp"":""7.00"",""created_time"":""2026-04-28T10:18:03.516943Z"",""no_price_dollars"":""0.5300"",""taker_side"":""yes"",""ticker"":""KXETH15M-26APR280630-30"",""trade_id"":""afaa7e2c-880e-455e-c10f-72cffa29e817"",""yes_price_dollars"":""0.4700""}"
KXETH15M-26APR280630-30,a8ffcb11-22a6-6343-0bfd-876622714324,1777371483,0.45,10.0,yes,"{""count_fp"":""10.00"",""created_time"":""2026-04-28T10:18:03.401295Z"",""no_price_dollars"":""0.5500"",""taker_side"":""yes"",""ticker"":""KXETH15M-26APR280630-30"",""trade_id"":""a8ffcb11-22a6-6343-0bfd-876622714324"",""yes_price_dollars"":""0.4500""}"
KXETH15M-26APR280630-30,c4f88c05-c32f-419a-91b4-94bdd8c8c643,1777371483,0.4,2.0,yes,"{""count_fp"":""2.00"",""created_time"":""2026-04-28T10:18:03.079107Z"",""no_price_dollars"":""0.6000"",""taker_side"":""yes"",""ticker"":""KXETH15M-26APR280630-30"",""trade_id"":""c4f88c05-c32f-419a-91b4-94bdd8c8c643"",""yes_price_dollars"":""0.4000""}"
KXETH15M-26APR280630-30,754980c5-268e-510b-a0f9-cc3ea5d387f2,1777371485,0.45,5.78,no,"{""count_fp"":""5.78"",""created_time"":""2026-04-28T10:18:05.382416Z"",""no_price_dollars"":""0.5500"",""taker_side"":""no"",""ticker"":""KXETH15M-26APR280630-30"",""trade_id"":""754980c5-268e-510b-a0f9-cc3ea5d387f2"",""yes_price_dollars"":""0.4500""}"
KXETH15M-26APR280630-30,1f5a6f61-671a-71b6-3aab-50efb4ec3503,1777371486,0.47,10.0,yes,"{""count_fp"":""10.00"",""created_time"":""2026-04-28T10:18:06.572011Z"",""no_price_dollars"":""0.5300"",""taker_side"":""yes"",""ticker"":""KXETH15M-26APR280630-30"",""trade_id"":""1f5a6f61-671a-71b6-3aab-50efb4ec3503"",""yes_price_dollars"":""0.4700""}"
KXETH15M-26APR280630-30,0a584cbe-39d6-765f-28fb-f9a7dad02d21,1777371486,0.47,2.0,yes,"{""count_fp"":""2.00"",""created_time"":""2026-04-28T10:18:06.572011Z"",""no_price_dollars"":""0.5300"",""taker_side"":""yes"",""ticker"":""KXETH15M-26APR280630-30"",""trade_id"":""0a584cbe-39d6-765f-28fb-f9a7dad02d21"",""yes_price_dollars"":""0.4700""}"
KXETH15M-26APR280630-30,968104df-03f7-482a-61e0-434b4740c779,1777371487,0.5,2.0,yes,"{""count_fp"":""2.00"",""created_time"":""2026-04-28T10:18:07.692442Z"",""no_price_dollars"":""0.5000"",""taker_side"":""yes"",""ticker"":""KXETH15M-26APR280630-30"",""trade_id"":""968104df-03f7-482a-61e0-434b4740c779"",""yes_price_dollars"":""0.5000""}"
KXETH15M-26APR280630-30,8a7cc876-be3c-4845-52d5-9236002196c6,1777371487,0.5,16.0,yes,"{""count_fp"":""16.00"",""created_time"":""2026-04-28T10:18:07.692442Z"",""no_price_dollars"":""0.5000"",""taker_side"":""yes"",""ticker"":""KXETH15M-26APR280630-30"",""trade_id"":""8a7cc876-be3c-4845-52d5-9236002196c6"",""yes_price_dollars"":""0.5000""}"
KXETH15M-26APR280630-30,5bb8b069-c2e2-5953-1187-bdd0b701946a,1777371487,0.48,1.0,no,"{""count_fp"":""1.00"",""created_time"":""2026-04-28T10:18:07.098197Z"",""no_price_dollars"":""0.5200"",""taker_side"":""no"",""ticker"":""KXETH15M-26APR280630-30"",""trade_id"":""5bb8b069-c2e2-5953-1187-bdd0b701946a"",""yes_price_dollars"":""0.4800""}"
KXETH15M-26APR280630-30,00a498a1-d711-6cbb-301f-91317fcd87d7,1777371487,0.48,200.0,yes,"{""count_fp"":""200.00"",""created_time"":""2026-04-28T10:18:07.002749Z"",""no_price_dollars"":""0.5200"",""taker_side"":""yes"",""ticker"":""KXETH15M-26APR280630-30"",""trade_id"":""00a498a1-d711-6cbb-301f-91317fcd87d7"",""yes_price_dollars"":""0.4800""}"
KXETH15M-26APR280630-30,8cd63f8e-8d0d-57aa-e893-1464271bde6e,1777371488,0.53,10.0,yes,"{""count_fp"":""10.00"",""created_time"":""2026-04-28T10:18:08.634789Z"",""no_price_dollars"":""0.4700"",""taker_side"":""yes"",""ticker"":""KXETH15M-26APR280630-30"",""trade_id"":""8cd63f8e-8d0d-57aa-e893-1464271bde6e"",""yes_price_dollars"":""0.5300""}"
KXETH15M-26APR280630-30,6c44161a-14ad-5742-ef5e-31b6dda1c530,1777371488,0.53,10.0,yes,"{""count_fp"":""10.00"",""created_time"":""2026-04-28T10:18:08.634789Z"",""no_price_dollars"":""0.4700"",""taker_side"":""yes"",""ticker"":""KXETH15M-26APR280630-30"",""trade_id"":""6c44161a-14ad-5742-ef5e-31b6dda1c530"",""yes_price_dollars"":""0.5300""}"
KXETH15M-26APR280630-30,645daca6-307a-4dd3-f88d-45d4bcf253ca,1777371491,0.54,6.0,no,"{""count_fp"":""6.00"",""created_time"":""2026-04-28T10:18:11.692031Z"",""no_price_dollars"":""0.4600"",""taker_side"":""no"",""ticker"":""KXETH15M-26APR280630-30"",""trade_id"":""645daca6-307a-4dd3-f88d-45d4bcf253ca"",""yes_price_dollars"":""0.5400""}"
KXETH15M-26APR280630-30,b5de2709-4406-7647-961f-05b1090ed8ae,1777371491,0.57,1.0,yes,"{""count_fp"":""1.00"",""created_time"":""2026-04-28T10:18:11.663249Z"",""no_price_dollars"":""0.4300"",""taker_side"":""yes"",""ticker"":""KXETH15M-26APR280630-30"",""trade_id"":""b5de2709-4406-7647-961f-05b1090ed8ae"",""yes_price_dollars"":""0.5700""}"
KXETH15M-26APR280630-30,54a18dff-c88a-525f-8d56-48d4e71e375a,1777371491,0.54,1.0,no,"{""count_fp"":""1.00"",""created_time"":""2026-04-28T10:18:11.117584Z"",""no_price_dollars"":""0.4600"",""taker_side"":""no"",""ticker"":""KXETH15M-26APR280630-30"",""trade_id"":""54a18dff-c88a-525f-8d56-48d4e71e375a"",""yes_price_dollars"":""0.5400""}"
KXETH15M-26APR280630-30,9c92bcfe-a7d2-586b-f2ab-b04d30c635cd,1777371496,0.6,6.4,yes,"{""count_fp"":""6.40"",""created_time"":""2026-04-28T10:18:16.712354Z"",""no_price_dollars"":""0.4000"",""taker_side"":""yes"",""ticker"":""KXETH15M-26APR280630-30"",""trade_id"":""9c92bcfe-a7d2-586b-f2ab-b04d30c635cd"",""yes_price_dollars"":""0.6000""}"
KXETH15M-26APR280630-30,35b1a62f-7720-5cca-d28d-a515041760ed,1777371496,0.58,10.0,yes,"{""count_fp"":""10.00"",""created_time"":""2026-04-28T10:18:16.712354Z"",""no_price_dollars"":""0.4200"",""taker_side"":""yes"",""ticker"":""KXETH15M-26APR280630-30"",""trade_id"":""35b1a62f-7720-5cca-d28d-a515041760ed"",""yes_price_dollars"":""0.5800""}"
KXETH15M-26APR280630-30,ebcef4ca-20d2-4c2f-6071-08fdf4bc1036,1777371498,0.61,0.6,yes,"{""count_fp"":""0.60"",""created_time"":""2026-04-28T10:18:18.175446Z"",""no_price_dollars"":""0.3900"",""taker_side"":""yes"",""ticker"":""KXETH15M-26APR280630-30"",""trade_id"":""ebcef4ca-20d2-4c2f-6071-08fdf4bc1036"",""yes_price_dollars"":""0.6100""}"
KXETH15M-26APR280630-30,03030069-4f92-4e88-6d5c-ab3138b0cf26,1777371498,0.61,100.0,yes,"{""count_fp"":""100.00"",""created_time"":""2026-04-28T10:18:18.175446Z"",""no_price_dollars"":""0.3900"",""taker_side"":""yes"",""ticker"":""KXETH15M-26APR280630-30"",""trade_id"":""03030069-4f92-4e88-6d5c-ab3138b0cf26"",""yes_price_dollars"":""0.6100""}"
KXETH15M-26APR280630-30,6aeaf5ac-afa2-5ff7-107b-dcfe6a55ea8a,1777371498,0.61,9.4,yes,"{""count_fp"":""9.40"",""created_time"":""2026-04-28T10:18:18.151138Z"",""no_price_dollars"":""0.3900"",""taker_side"":""yes"",""ticker"":""KXETH15M-26APR280630-30"",""trade_id"":""6aeaf5ac-afa2-5ff7-107b-dcfe6a55ea8a"",""yes_price_dollars"":""0.6100""}"
KXETH15M-26APR280630-30,472ff738-a3be-51cf-20e4-67640c3c01e5,1777371498,0.6,293.6,yes,"{""count_fp"":""293.60"",""created_time"":""2026-04-28T10:18:18.151138Z"",""no_price_dollars"":""0.4000"",""taker_side"":""yes"",""ticker"":""KXETH15M-26APR280630-30"",""trade_id"":""472ff738-a3be-51cf-20e4-67640c3c01e5"",""yes_price_dollars"":""0.6000""}"
KXETH15M-26APR280630-30,db7cc860-356b-4d71-acbb-45e869d415c3,1777371501,0.62,2.0,no,"{""count_fp"":""2.00"",""created_time"":""2026-04-28T10:18:21.697157Z"",""no_price_dollars"":""0.3800"",""taker_side"":""no"",""ticker"":""KXETH15M-26APR280630-30"",""trade_id"":""db7cc860-356b-4d71-acbb-45e869d415c3"",""yes_price_dollars"":""0.6200""}"
KXETH15M-26APR280630-30,a583f07d-728a-43fb-bcd8-5cf9e6bf86c6,1777371501,0.61,10.17,no,"{""count_fp"":""10.17"",""created_time"":""2026-04-28T10:18:21.697157Z"",""no_price_dollars"":""0.3900"",""taker_side"":""no"",""ticker"":""KXETH15M-26APR280630-30"",""trade_id"":""a583f07d-728a-43fb-bcd8-5cf9e6bf86c6"",""yes_price_dollars"":""0.6100""}"
KXETH15M-26APR280630-30,08c048c9-9de9-43e4-8589-3d5732fd6c45,1777371501,0.62,9.83,no,"{""count_fp"":""9.83"",""created_time"":""2026-04-28T10:18:21.697157Z"",""no_price_dollars"":""0.3800"",""taker_side"":""no"",""ticker"":""KXETH15M-26APR280630-30"",""trade_id"":""08c048c9-9de9-43e4-8589-3d5732fd6c45"",""yes_price_dollars"":""0.6200""}"
KXETH15M-26APR280630-30,1f658a1d-c848-6dd2-d8f7-937b113c9575,1777371502,0.65,1.0,no,"{""count_fp"":""1.00"",""created_time"":""2026-04-28T10:18:22.885666Z"",""no_price_dollars"":""0.3500"",""taker_side"":""no"",""ticker"":""KXETH15M-26APR280630-30"",""trade_id"":""1f658a1d-c848-6dd2-d8f7-937b113c9575"",""yes_price_dollars"":""0.6500""}"
KXETH15M-26APR280630-30,fcde8563-de22-7e82-9e7c-5e2d04c1cae1,1777371502,0.65,2.0,yes,"{""count_fp"":""2.00"",""created_time"":""2026-04-28T10:18:22.258592Z"",""no_price_dollars"":""0.3500"",""taker_side"":""yes"",""ticker"":""KXETH15M-26APR280630-30"",""trade_id"":""fcde8563-de22-7e82-9e7c-5e2d04c1cae1"",""yes_price_dollars"":""0.6500""}"
KXETH15M-26APR280630-30,61f9fc5a-214e-434f-babf-08c1fe02f7c2,1777371502,0.62,4.77,no,"{""count_fp"":""4.77"",""created_time"":""2026-04-28T10:18:22.200044Z"",""no_price_dollars"":""0.3800"",""taker_side"":""no"",""ticker"":""KXETH15M-26APR280630-30"",""trade_id"":""61f9fc5a-214e-434f-babf-08c1fe02f7c2"",""yes_price_dollars"":""0.6200""}"
KXETH15M-26APR280630-30,b50df8d7-8ad1-6e5c-cba2-39105d9355cd,1777371503,0.56,10.0,no,"{""count_fp"":""10.00"",""created_time"":""2026-04-28T10:18:23.507714Z"",""no_price_dollars"":""0.4400"",""taker_side"":""no"",""ticker"":""KXETH15M-26APR280630-30"",""trade_id"":""b50df8d7-8ad1-6e5c-cba2-39105d9355cd"",""yes_price_dollars"":""0.5600""}"
KXETH15M-26APR280630-30,aa0227fa-3f1f-6cff-c7d9-d9785532fc05,1777371503,0.56,10.0,no,"{""count_fp"":""10.00"",""created_time"":""2026-04-28T10:18:23.507714Z"",""no_price_dollars"":""0.4400"",""taker_side"":""no"",""ticker"":""KXETH15M-26APR280630-30"",""trade_id"":""aa0227fa-3f1f-6cff-c7d9-d9785532fc05"",""yes_price_dollars"":""0.5600""}"
KXETH15M-26APR280630-30,6d25f75b-67e7-6e04-f830-946316100f51,1777371503,0.57,4.0,no,"{""count_fp"":""4.00"",""created_time"":""2026-04-28T10:18:23.507714Z"",""no_price_dollars"":""0.4300"",""taker_side"":""no"",""ticker"":""KXETH15M-26APR280630-30"",""trade_id"":""6d25f75b-67e7-6e04-f830-946316100f51"",""yes_price_dollars"":""0.5700""}"
KXETH15M-26APR280630-30,16bd017d-9df9-4fc2-ac98-fd5cf58550a7,1777371503,0.6,5.0,no,"{""count_fp"":""5.00"",""created_time"":""2026-04-28T10:18:23.412221Z"",""no_price_dollars"":""0.4000"",""taker_side"":""no"",""ticker"":""KXETH15M-26APR280630-30"",""trade_id"":""16bd017d-9df9-4fc2-ac98-fd5cf58550a7"",""yes_price_dollars"":""0.6000""}"
KXETH15M-26APR280630-30,01807027-598f-40cf-ba23-29874683b9e1,1777371503,0.58,10.0,no,"{""count_fp"":""10.00"",""created_time"":""2026-04-28T10:18:23.412221Z"",""no_price_dollars"":""0.4200"",""taker_side"":""no"",""ticker"":""KXETH15M-26APR280630-30"",""trade_id"":""01807027-598f-40cf-ba23-29874683b9e1"",""yes_price_dollars"":""0.5800""}"
KXETH15M-26APR280630-30,552da70c-eb7e-5c5b-c155-ce823668608e,1777371510,0.52,0.33,no,"{""count_fp"":""0.33"",""created_time"":""2026-04-28T10:18:30.393064Z"",""no_price_dollars"":""0.4800"",""taker_side"":""no"",""ticker"":""KXETH15M-26APR280630-30"",""trade_id"":""552da70c-eb7e-5c5b-c155-ce823668608e"",""yes_price_dollars"":""0.5200""}"
KXETH15M-26APR280630-30,5268f325-c0d2-5bf0-db91-04fd7d27e28b,1777371510,0.53,1.0,no,"{""count_fp"":""1.00"",""created_time"":""2026-04-28T10:18:30.393064Z"",""no_price_dollars"":""0.4700"",""taker_side"":""no"",""ticker"":""KXETH15M-26APR280630-30"",""trade_id"":""5268f325-c0d2-5bf0-db91-04fd7d27e28b"",""yes_price_dollars"":""0.5300""}"
KXETH15M-26APR280630-30,0c48a997-2471-56bb-cdfa-414135a3b743,1777371510,0.53,10.0,no,"{""count_fp"":""10.00"",""created_time"":""2026-04-28T10:18:30.393064Z"",""no_price_dollars"":""0.4700"",""taker_side"":""no"",""ticker"":""KXETH15M-26APR280630-30"",""trade_id"":""0c48a997-2471-56bb-cdfa-414135a3b743"",""yes_price_dollars"":""0.5300""}"
KXETH15M-26APR280630-30,6c7fdea0-4878-78c3-de6e-fe3d8b411d21,1777371516,0.53,3.65,yes,"{""count_fp"":""3.65"",""created_time"":""2026-04-28T10:18:36.835796Z"",""no_price_dollars"":""0.4700"",""taker_side"":""yes"",""ticker"":""KXETH15M-26APR280630-30"",""trade_id"":""6c7fdea0-4878-78c3-de6e-fe3d8b411d21"",""yes_price_dollars"":""0.5300""}"
KXETH15M-26APR280630-30,b8701fe2-b822-7cdb-d10c-7a59c60cea22,1777371516,0.5,3.0,no,"{""count_fp"":""3.00"",""created_time"":""2026-04-28T10:18:36.566849Z"",""no_price_dollars"":""0.5000"",""taker_side"":""no"",""ticker"":""KXETH15M-26APR280630-30"",""trade_id"":""b8701fe2-b822-7cdb-d10c-7a59c60cea22"",""yes_price_dollars"":""0.5000""}"
KXETH15M-26APR280630-30,cf334611-1cd8-55f3-fd92-362cef073249,1777371517,0.54,10.0,yes,"{""count_fp"":""10.00"",""created_time"":""2026-04-28T10:18:37.311202Z"",""no_price_dollars"":""0.4600"",""taker_side"":""yes"",""ticker"":""KXETH15M-26APR280630-30"",""trade_id"":""cf334611-1cd8-55f3-fd92-362cef073249"",""yes_price_dollars"":""0.5400""}"
KXETH15M-26APR280630-30,370eb359-66e8-5886-fcec-8dee5f3de704,1777371517,0.54,10.0,yes,"{""count_fp"":""10.00"",""created_time"":""2026-04-28T10:18:37.311202Z"",""no_price_dollars"":""0.4600"",""taker_side"":""yes"",""ticker"":""KXETH15M-26APR280630-30"",""trade_id"":""370eb359-66e8-5886-fcec-8dee5f3de704"",""yes_price_dollars"":""0.5400""}"
KXETH15M-26APR280630-30,d086ceee-96b7-7281-f6e5-06782afa3475,1777371520,0.57,10.0,no,"{""count_fp"":""10.00"",""created_time"":""2026-04-28T10:18:40.685592Z"",""no_price_dollars"":""0.4300"",""taker_side"":""no"",""ticker"":""KXETH15M-26APR280630-30"",""trade_id"":""d086ceee-96b7-7281-f6e5-06782afa3475"",""yes_price_dollars"":""0.5700""}"
KXETH15M-26APR280630-30,79c2a355-95b7-7281-ec86-168dc4a458e3,1777371520,0.56,9.0,no,"{""count_fp"":""9.00"",""created_time"":""2026-04-28T10:18:40.685592Z"",""no_price_dollars"":""0.4400"",""taker_side"":""no"",""ticker"":""KXETH15M-26APR280630-30"",""trade_id"":""79c2a355-95b7-7281-ec86-168dc4a458e3"",""yes_price_dollars"":""0.5600""}"
KXETH15M-26APR280630-30,d5d7ce19-f922-72c9-336c-6b6b1d33e849,1777371527,0.52,1.0,no,"{""count_fp"":""1.00"",""created_time"":""2026-04-28T10:18:47.992201Z"",""no_price_dollars"":""0.4800"",""taker_side"":""no"",""ticker"":""KXETH15M-26APR280630-30"",""trade_id"":""d5d7ce19-f922-72c9-336c-6b6b1d33e849"",""yes_price_dollars"":""0.5200""}"
KXETH15M-26APR280630-30,6e108e81-74d7-6b98-5488-f403266fce05,1777371528,0.56,10.0,yes,"{""count_fp"":""10.00"",""created_time"":""2026-04-28T10:18:48.429189Z"",""no_price_dollars"":""0.4400"",""taker_side"":""yes"",""ticker"":""KXETH15M-26APR280630-30"",""trade_id"":""6e108e81-74d7-6b98-5488-f403266fce05"",""yes_price_dollars"":""0.5600""}"
KXETH15M-26APR280630-30,58258571-40a4-62ea-cfe3-244bec24dae6,1777371544,0.59,10.0,yes,"{""count_fp"":""10.00"",""created_time"":""2026-04-28T10:19:04.577847Z"",""no_price_dollars"":""0.4100"",""taker_side"":""yes"",""ticker"":""KXETH15M-26APR280630-30"",""trade_id"":""58258571-40a4-62ea-cfe3-244bec24dae6"",""yes_price_dollars"":""0.5900""}"
KXETH15M-26APR280630-30,8ab6065f-d0d9-76ab-669c-647e2df1a6ef,1777371547,0.67,1.0,yes,"{""count_fp"":""1.00"",""created_time"":""2026-04-28T10:19:07.675388Z"",""no_price_dollars"":""0.3300"",""taker_side"":""yes"",""ticker"":""KXETH15M-26APR280630-30"",""trade_id"":""8ab6065f-d0d9-76ab-669c-647e2df1a6ef"",""yes_price_dollars"":""0.6700""}"
KXETH15M-26APR280630-30,281fdbc9-b28f-757a-75f0-64bc2d51218d,1777371547,0.66,10.0,yes,"{""count_fp"":""10.00"",""created_time"":""2026-04-28T10:19:07.675388Z"",""no_price_dollars"":""0.3400"",""taker_side"":""yes"",""ticker"":""KXETH15M-26APR280630-30"",""trade_id"":""281fdbc9-b28f-757a-75f0-64bc2d51218d"",""yes_price_dollars"":""0.6600""}"
KXETH15M-26APR280630-30,e340048f-feee-7a0d-61f4-dc8ad723284c,1777371547,0.65,10.0,yes,"{""count_fp"":""10.00"",""created_time"":""2026-04-28T10:19:07.653587Z"",""no_price_dollars"":""0.3500"",""taker_side"":""yes"",""ticker"":""KXETH15M-26APR280630-30"",""trade_id"":""e340048f-feee-7a0d-61f4-dc8ad723284c"",""yes_price_dollars"":""0.6500""}"
KXETH15M-26APR280630-30,9645161b-79bf-7563-5c7f-3aa9b6b4e1d9,1777371547,0.63,1.0,yes,"{""count_fp"":""1.00"",""created_time"":""2026-04-28T10:19:07.653587Z"",""no_price_dollars"":""0.3700"",""taker_side"":""yes"",""ticker"":""KXETH15M-26APR280630-30"",""trade_id"":""9645161b-79bf-7563-5c7f-3aa9b6b4e1d9"",""yes_price_dollars"":""0.6300""}"
KXETH15M-26APR280630-30,339bf731-bd46-4d57-f8f7-e0f7270d06a2,1777371547,0.62,14.47,no,"{""count_fp"":""14.47"",""created_time"":""2026-04-28T10:19:07.165091Z"",""no_price_dollars"":""0.3800"",""taker_side"":""no"",""ticker"":""KXETH15M-26APR280630-30"",""trade_id"":""339bf731-bd46-4d57-f8f7-e0f7270d06a2"",""yes_price_dollars"":""0.6200""}"
KXETH15M-26APR280630-30,dcb69712-f431-705f-87e9-396b98264bd7,1777371550,0.7,17.0,yes,"{""count_fp"":""17.00"",""created_time"":""2026-04-28T10:19:10.086266Z"",""no_price_dollars"":""0.3000"",""taker_side"":""yes"",""ticker"":""KXETH15M-26APR280630-30"",""trade_id"":""dcb69712-f431-705f-87e9-396b98264bd7"",""yes_price_dollars"":""0.7000""}"
KXETH15M-26APR280630-30,9825b78d-45bf-77c3-ae30-ae649960290a,1777371550,0.67,3.0,yes,"{""count_fp"":""3.00"",""created_time"":""2026-04-28T10:19:10.086266Z"",""no_price_dollars"":""0.3300"",""taker_side"":""yes"",""ticker"":""KXETH15M-26APR280630-30"",""trade_id"":""9825b78d-45bf-77c3-ae30-ae649960290a"",""yes_price_dollars"":""0.6700""}"
KXETH15M-26APR280630-30,5bad2d60-aef6-793c-b42f-15ee31e8cf8a,1777371550,0.7,10.0,yes,"{""count_fp"":""10.00"",""created_time"":""2026-04-28T10:19:10.086266Z"",""no_price_dollars"":""0.3000"",""taker_side"":""yes"",""ticker"":""KXETH15M-26APR280630-30"",""trade_id"":""5bad2d60-aef6-793c-b42f-15ee31e8cf8a"",""yes_price_dollars"":""0.7000""}"
KXETH15M-26APR280630-30,c70e9b71-6a41-63dc-dc0e-ba702cbadf0c,1777371554,0.64,2.0,yes,"{""count_fp"":""2.00"",""created_time"":""2026-04-28T10:19:14.581895Z"",""no_price_dollars"":""0.3600"",""taker_side"":""yes"",""ticker"":""KXETH15M-26APR280630-30"",""trade_id"":""c70e9b71-6a41-63dc-dc0e-ba702cbadf0c"",""yes_price_dollars"":""0.6400""}"
KXETH15M-26APR280630-30,2bbdda88-c592-7d3f-f2e1-5b67a79e0eae,1777371556,0.64,4.0,no,"{""count_fp"":""4.00"",""created_time"":""2026-04-28T10:19:16.529463Z"",""no_price_dollars"":""0.3600"",""taker_side"":""no"",""ticker"":""KXETH15M-26APR280630-30"",""trade_id"":""2bbdda88-c592-7d3f-f2e1-5b67a79e0eae"",""yes_price_dollars"":""0.6400""}"
KXETH15M-26APR280630-30,bf5c1992-d180-5603-02ad-d075ceb7ae4b,1777371557,0.64,5.0,yes,"{""count_fp"":""5.00"",""created_time"":""2026-04-28T10:19:17.932965Z"",""no_price_dollars"":""0.3600"",""taker_side"":""yes"",""ticker"":""KXETH15M-26APR280630-30"",""trade_id"":""bf5c1992-d180-5603-02ad-d075ceb7ae4b"",""yes_price_dollars"":""0.6400""}"
KXETH15M-26APR280630-30,e85bf9f8-edc0-6d27-16f0-42b55f63b1ff,1777371557,0.64,30.03,yes,"{""count_fp"":""30.03"",""created_time"":""2026-04-28T10:19:17.834695Z"",""no_price_dollars"":""0.3600"",""taker_side"":""yes"",""ticker"":""KXETH15M-26APR280630-30"",""trade_id"":""e85bf9f8-edc0-6d27-16f0-42b55f63b1ff"",""yes_price_dollars"":""0.6400""}"
KXETH15M-26APR280630-30,c416ebcd-d384-459f-408b-d2609641e67f,1777371562,0.67,4.7,yes,"{""count_fp"":""4.70"",""created_time"":""2026-04-28T10:19:22.486561Z"",""no_price_dollars"":""0.3300"",""taker_side"":""yes"",""ticker"":""KXETH15M-26APR280630-30"",""trade_id"":""c416ebcd-d384-459f-408b-d2609641e67f"",""yes_price_dollars"":""0.6700""}"
KXETH15M-26APR280630-30,4a10c82b-f508-4fca-4655-e648853eaf33,1777371562,0.65,10.0,yes,"{""count_fp"":""10.00"",""created_time"":""2026-04-28T10:19:22.486561Z"",""no_price_dollars"":""0.3500"",""taker_side"":""yes"",""ticker"":""KXETH15M-26APR280630-30"",""trade_id"":""4a10c82b-f508-4fca-4655-e648853eaf33"",""yes_price_dollars"":""0.6500""}"
KXETH15M-26APR280630-30,863ebc73-77c0-583f-9a0b-19bb2c39a4af,1777371563,0.65,1.0,yes,"{""count_fp"":""1.00"",""created_time"":""2026-04-28T10:19:23.620241Z"",""no_price_dollars"":""0.3500"",""taker_side"":""yes"",""ticker"":""KXETH15M-26APR280630-30"",""trade_id"":""863ebc73-77c0-583f-9a0b-19bb2c39a4af"",""yes_price_dollars"":""0.6500""}"
KXETH15M-26APR280630-30,32d42eb8-112e-7937-19e5-a44f6e9729ca,1777371570,0.65,3.65,no,"{""count_fp"":""3.65"",""created_time"":""2026-04-28T10:19:30.991126Z"",""no_price_dollars"":""0.3500"",""taker_side"":""no"",""ticker"":""KXETH15M-26APR280630-30"",""trade_id"":""32d42eb8-112e-7937-19e5-a44f6e9729ca"",""yes_price_dollars"":""0.6500""}"
KXETH15M-26APR280630-30,d3e75a43-b246-46bd-eb3f-2a41407bf6d2,1777371572,0.67,0.43,yes,"{""count_fp"":""0.43"",""created_time"":""2026-04-28T10:19:32.063397Z"",""no_price_dollars"":""0.3300"",""taker_side"":""yes"",""ticker"":""KXETH15M-26APR280630-30"",""trade_id"":""d3e75a43-b246-46bd-eb3f-2a41407bf6d2"",""yes_price_dollars"":""0.6700""}"
KXETH15M-26APR280630-30,e74c698c-2342-7247-1c21-be2b8703014e,1777371594,0.64,10.0,no,"{""count_fp"":""10.00"",""created_time"":""2026-04-28T10:19:54.083928Z"",""no_price_dollars"":""0.3600"",""taker_side"":""no"",""ticker"":""KXETH15M-26APR280630-30"",""trade_id"":""e74c698c-2342-7247-1c21-be2b8703014e"",""yes_price_dollars"":""0.6400""}"
KXETH15M-26APR280630-30,50c13a12-5efd-6480-4c36-d92b3a6aa3d4,1777371596,0.6,10.0,no,"{""count_fp"":""10.00"",""created_time"":""2026-04-28T10:19:56.673934Z"",""no_price_dollars"":""0.4000"",""taker_side"":""no"",""ticker"":""KXETH15M-26APR280630-30"",""trade_id"":""50c13a12-5efd-6480-4c36-d92b3a6aa3d4"",""yes_price_dollars"":""0.6000""}"
KXETH15M-26APR280630-30,173ec061-5e3c-6775-4207-1f1c270e151a,1777371596,0.59,1.44,no,"{""count_fp"":""1.44"",""created_time"":""2026-04-28T10:19:56.673934Z"",""no_price_dollars"":""0.4100"",""taker_side"":""no"",""ticker"":""KXETH15M-26APR280630-30"",""trade_id"":""173ec061-5e3c-6775-4207-1f1c270e151a"",""yes_price_dollars"":""0.5900""}"
KXETH15M-26APR280630-30,73f00877-5917-6e22-9e84-aced4af82e68,1777371611,0.59,1.88,no,"{""count_fp"":""1.88"",""created_time"":""2026-04-28T10:20:11.751935Z"",""no_price_dollars"":""0.4100"",""taker_side"":""no"",""ticker"":""KXETH15M-26APR280630-30"",""trade_id"":""73f00877-5917-6e22-9e84-aced4af82e68"",""yes_price_dollars"":""0.5900""}"
KXETH15M-26APR280630-30,d44c620b-12cb-6bba-b138-cdb581c66e82,1777371613,0.59,10.0,no,"{""count_fp"":""10.00"",""created_time"":""2026-04-28T10:20:13.997348Z"",""no_price_dollars"":""0.4100"",""taker_side"":""no"",""ticker"":""KXETH15M-26APR280630-30"",""trade_id"":""d44c620b-12cb-6bba-b138-cdb581c66e82"",""yes_price_dollars"":""0.5900""}"
KXETH15M-26APR280630-30,c482409c-8c56-6f14-bb63-9d520573a6c8,1777371613,0.59,1.0,no,"{""count_fp"":""1.00"",""created_time"":""2026-04-28T10:20:13.997348Z"",""no_price_dollars"":""0.4100"",""taker_side"":""no"",""ticker"":""KXETH15M-26APR280630-30"",""trade_id"":""c482409c-8c56-6f14-bb63-9d520573a6c8"",""yes_price_dollars"":""0.5900""}"
KXETH15M-26APR280630-30,3a332326-46b9-68d7-8664-7c285dcdf117,1777371613,0.59,0.69,no,"{""count_fp"":""0.69"",""created_time"":""2026-04-28T10:20:13.997348Z"",""no_price_dollars"":""0.4100"",""taker_side"":""no"",""ticker"":""KXETH15M-26APR280630-30"",""trade_id"":""3a332326-46b9-68d7-8664-7c285dcdf117"",""yes_price_dollars"":""0.5900""}"
KXETH15M-26APR280630-30,dc651762-76e5-5b23-fee2-a11c138904e3,1777371618,0.58,80.33,no,"{""count_fp"":""80.33"",""created_time"":""2026-04-28T10:20:18.582807Z"",""no_price_dollars"":""0.4200"",""taker_side"":""no"",""ticker"":""KXETH15M-26APR280630-30"",""trade_id"":""dc651762-76e5-5b23-fee2-a11c138904e3"",""yes_price_dollars"":""0.5800""}"
KXETH15M-26APR280630-30,a45197be-665a-7b99-16af-a02a043b7233,1777371618,0.59,0.33,no,"{""count_fp"":""0.33"",""created_time"":""2026-04-28T10:20:18.563984Z"",""no_price_dollars"":""0.4100"",""taker_side"":""no"",""ticker"":""KXETH15M-26APR280630-30"",""trade_id"":""a45197be-665a-7b99-16af-a02a043b7233"",""yes_price_dollars"":""0.5900""}"
KXETH15M-26APR280630-30,70a93529-3a99-7103-2098-b979f8fee247,1777371618,0.58,19.67,no,"{""count_fp"":""19.67"",""created_time"":""2026-04-28T10:20:18.563984Z"",""no_price_dollars"":""0.4200"",""taker_side"":""no"",""ticker"":""KXETH15M-26APR280630-30"",""trade_id"":""70a93529-3a99-7103-2098-b979f8fee247"",""yes_price_dollars"":""0.5800""}"
KXETH15M-26APR280630-30,cb5a92b3-74c6-6b2d-6585-6de6e9266ec3,1777371618,0.59,10.0,no,"{""count_fp"":""10.00"",""created_time"":""2026-04-28T10:20:18.563345Z"",""no_price_dollars"":""0.4100"",""taker_side"":""no"",""ticker"":""KXETH15M-26APR280630-30"",""trade_id"":""cb5a92b3-74c6-6b2d-6585-6de6e9266ec3"",""yes_price_dollars"":""0.5900""}"
KXETH15M-26APR280630-30,055f9ea9-5a0a-6aaa-7eaf-56240b802b24,1777371618,0.59,10.0,no,"{""count_fp"":""10.00"",""created_time"":""2026-04-28T10:20:18.563345Z"",""no_price_dollars"":""0.4100"",""taker_side"":""no"",""ticker"":""KXETH15M-26APR280630-30"",""trade_id"":""055f9ea9-5a0a-6aaa-7eaf-56240b802b24"",""yes_price_dollars"":""0.5900""}"
KXETH15M-26APR280630-30,1103ca68-c0b9-4faf-5881-690eefe56be7,1777371620,0.54,8.97,yes,"{""count_fp"":""8.97"",""created_time"":""2026-04-28T10:20:20.927811Z"",""no_price_dollars"":""0.4600"",""taker_side"":""yes"",""ticker"":""KXETH15M-26APR280630-30"",""trade_id"":""1103ca68-c0b9-4faf-5881-690eefe56be7"",""yes_price_dollars"":""0.5400""}"
KXETH15M-26APR280630-30,3ba7edbf-08ce-63f4-882a-ce7992869406,1777371629,0.54,10.0,yes,"{""count_fp"":""10.00"",""created_time"":""2026-04-28T10:20:29.033913Z"",""no_price_dollars"":""0.4600"",""taker_side"":""yes"",""ticker"":""KXETH15M-26APR280630-30"",""trade_id"":""3ba7edbf-08ce-63f4-882a-ce7992869406"",""yes_price_dollars"":""0.5400""}"
KXETH15M-26APR280630-30,dfa7c605-4975-4cf6-c702-d2445d3e814d,1777371630,0.57,1.35,no,"{""count_fp"":""1.35"",""created_time"":""2026-04-28T10:20:30.684777Z"",""no_price_dollars"":""0.4300"",""taker_side"":""no"",""ticker"":""KXETH15M-26APR280630-30"",""trade_id"":""dfa7c605-4975-4cf6-c702-d2445d3e814d"",""yes_price_dollars"":""0.5700""}"
KXETH15M-26APR280630-30,6a5713d1-51ec-65a1-b449-d3066991d0c0,1777371632,0.58,9.85,no,"{""count_fp"":""9.85"",""created_time"":""2026-04-28T10:20:32.330516Z"",""no_price_dollars"":""0.4200"",""taker_side"":""no"",""ticker"":""KXETH15M-26APR280630-30"",""trade_id"":""6a5713d1-51ec-65a1-b449-d3066991d0c0"",""yes_price_dollars"":""0.5800""}"
KXETH15M-26APR280630-30,f94cdbbe-26e4-637f-e055-a6cfd700271a,1777371634,0.55,63.84,no,"{""count_fp"":""63.84"",""created_time"":""2026-04-28T10:20:34.573031Z"",""no_price_dollars"":""0.4500"",""taker_side"":""no"",""ticker"":""KXETH15M-26APR280630-30"",""trade_id"":""f94cdbbe-26e4-637f-e055-a6cfd700271a"",""yes_price_dollars"":""0.5500""}"
KXETH15M-26APR280630-30,985d49d5-5537-404c-9700-73abad7b3495,1777371640,0.65,10.0,yes,"{""count_fp"":""10.00"",""created_time"":""2026-04-28T10:20:40.337763Z"",""no_price_dollars"":""0.3500"",""taker_side"":""yes"",""ticker"":""KXETH15M-26APR280630-30"",""trade_id"":""985d49d5-5537-404c-9700-73abad7b3495"",""yes_price_dollars"":""0.6500""}"
KXETH15M-26APR280630-30,63bea617-558c-559e-380a-cf885f0491f9,1777371640,0.62,10.0,yes,"{""count_fp"":""10.00"",""created_time"":""2026-04-28T10:20:40.241631Z"",""no_price_dollars"":""0.3800"",""taker_side"":""yes"",""ticker"":""KXETH15M-26APR280630-30"",""trade_id"":""63bea617-558c-559e-380a-cf885f0491f9"",""yes_price_dollars"":""0.6200""}"
KXETH15M-26APR280630-30,23190359-c727-5bee-1d68-c10dab2f8fa7,1777371640,0.62,1.0,yes,"{""count_fp"":""1.00"",""created_time"":""2026-04-28T10:20:40.241631Z"",""no_price_dollars"":""0.3800"",""taker_side"":""yes"",""ticker"":""KXETH15M-26APR280630-30"",""trade_id"":""23190359-c727-5bee-1d68-c10dab2f8fa7"",""yes_price_dollars"":""0.6200""}"
KXETH15M-26APR280630-30,5dc31bd3-0850-748b-28bd-3f05997f740a,1777371640,0.61,10.0,yes,"{""count_fp"":""10.00"",""created_time"":""2026-04-28T10:20:40.225935Z"",""no_price_dollars"":""0.3900"",""taker_side"":""yes"",""ticker"":""KXETH15M-26APR280630-30"",""trade_id"":""5dc31bd3-0850-748b-28bd-3f05997f740a"",""yes_price_dollars"":""0.6100""}"
KXETH15M-26APR280630-30,c70578c4-a5fc-6d85-570b-69724c15571d,1777371641,0.73,1.0,yes,"{""count_fp"":""1.00"",""created_time"":""2026-04-28T10:20:41.628841Z"",""no_price_dollars"":""0.2700"",""taker_side"":""yes"",""ticker"":""KXETH15M-26APR280630-30"",""trade_id"":""c70578c4-a5fc-6d85-570b-69724c15571d"",""yes_price_dollars"":""0.7300""}"
KXETH15M-26APR280630-30,1f7fabc0-ff06-4939-6640-2264f405c688,1777371641,0.7,10.0,yes,"{""count_fp"":""10.00"",""created_time"":""2026-04-28T10:20:41.546797Z"",""no_price_dollars"":""0.3000"",""taker_side"":""yes"",""ticker"":""KXETH15M-26APR280630-30"",""trade_id"":""1f7fabc0-ff06-4939-6640-2264f405c688"",""yes_price_dollars"":""0.7000""}"
KXETH15M-26APR280630-30,e58a22dd-dec1-4426-34f5-274d66c28b49,1777371643,0.69,2.0,no,"{""count_fp"":""2.00"",""created_time"":""2026-04-28T10:20:43.936623Z"",""no_price_dollars"":""0.3100"",""taker_side"":""no"",""ticker"":""KXETH15M-26APR280630-30"",""trade_id"":""e58a22dd-dec1-4426-34f5-274d66c28b49"",""yes_price_dollars"":""0.6900""}"
KXETH15M-26APR280630-30,6712e864-f922-7ca9-82de-fa21486c0083,1777371647,0.76,10.0,yes,"{""count_fp"":""10.00"",""created_time"":""2026-04-28T10:20:47.134057Z"",""no_price_dollars"":""0.2400"",""taker_side"":""yes"",""ticker"":""KXETH15M-26APR280630-30"",""trade_id"":""6712e864-f922-7ca9-82de-fa21486c0083"",""yes_price_dollars"":""0.7600""}"
KXETH15M-26APR280630-30,26594a26-2d24-7e09-be67-7643969f164d,1777371647,0.75,10.0,yes,"{""count_fp"":""10.00"",""created_time"":""2026-04-28T10:20:47.134057Z"",""no_price_dollars"":""0.2500"",""taker_side"":""yes"",""ticker"":""KXETH15M-26APR280630-30"",""trade_id"":""26594a26-2d24-7e09-be67-7643969f164d"",""yes_price_dollars"":""0.7500""}"
KXETH15M-26APR280630-30,42bd6f62-2ab9-411a-ff9d-a6c6b8db8ba5,1777371650,0.74,5.0,no,"{""count_fp"":""5.00"",""created_time"":""2026-04-28T10:20:50.293827Z"",""no_price_dollars"":""0.2600"",""taker_side"":""no"",""ticker"":""KXETH15M-26APR280630-30"",""trade_id"":""42bd6f62-2ab9-411a-ff9d-a6c6b8db8ba5"",""yes_price_dollars"":""0.7400""}"
KXETH15M-26APR280630-30,843934e3-27d8-5227-c79c-b55353d8790f,1777371652,0.76,31.67,yes,"{""count_fp"":""31.67"",""created_time"":""2026-04-28T10:20:52.880423Z"",""no_price_dollars"":""0.2400"",""taker_side"":""yes"",""ticker"":""KXETH15M-26APR280630-30"",""trade_id"":""843934e3-27d8-5227-c79c-b55353d8790f"",""yes_price_dollars"":""0.7600""}"
KXETH15M-26APR280630-30,793e2675-c1d7-475f-d296-b8492b22cd81,1777371661,0.65,10.0,no,"{""count_fp"":""10.00"",""created_time"":""2026-04-28T10:21:01.390414Z"",""no_price_dollars"":""0.3500"",""taker_side"":""no"",""ticker"":""KXETH15M-26APR280630-30"",""trade_id"":""793e2675-c1d7-475f-d296-b8492b22cd81"",""yes_price_dollars"":""0.6500""}"
KXETH15M-26APR280630-30,f565a07d-2378-7cfa-261c-f4efba594d2c,1777371664,0.61,1.0,no,"{""count_fp"":""1.00"",""created_time"":""2026-04-28T10:21:04.900645Z"",""no_price_dollars"":""0.3900"",""taker_side"":""no"",""ticker"":""KXETH15M-26APR280630-30"",""trade_id"":""f565a07d-2378-7cfa-261c-f4efba594d2c"",""yes_price_dollars"":""0.6100""}"
KXETH15M-26APR280630-30,196adea9-c1c5-516b-de32-b32046b9e373,1777371664,0.62,6.0,yes,"{""count_fp"":""6.00"",""created_time"":""2026-04-28T10:21:04.268549Z"",""no_price_dollars"":""0.3800"",""taker_side"":""yes"",""ticker"":""KXETH15M-26APR280630-30"",""trade_id"":""196adea9-c1c5-516b-de32-b32046b9e373"",""yes_price_dollars"":""0.6200""}"
KXETH15M-26APR280630-30,93e1436c-457a-4abc-75a4-666539311fc4,1777371665,0.56,10.0,no,"{""count_fp"":""10.00"",""created_time"":""2026-04-28T10:21:05.456699Z"",""no_price_dollars"":""0.4400"",""taker_side"":""no"",""ticker"":""KXETH15M-26APR280630-30"",""trade_id"":""93e1436c-457a-4abc-75a4-666539311fc4"",""yes_price_dollars"":""0.5600""}"
KXETH15M-26APR280630-30,82a76f34-7ab9-69cf-3aba-6c52dd8eb0ef,1777371668,0.57,48.96,yes,"{""count_fp"":""48.96"",""created_time"":""2026-04-28T10:21:08.325304Z"",""no_price_dollars"":""0.4300"",""taker_side"":""yes"",""ticker"":""KXETH15M-26APR280630-30"",""trade_id"":""82a76f34-7ab9-69cf-3aba-6c52dd8eb0ef"",""yes_price_dollars"":""0.5700""}"
KXETH15M-26APR280630-30,1d57bd7c-532b-6918-1f93-fb889f1d4f0a,1777371668,0.56,9.09,yes,"{""count_fp"":""9.09"",""created_time"":""2026-04-28T10:21:08.325304Z"",""no_price_dollars"":""0.4400"",""taker_side"":""yes"",""ticker"":""KXETH15M-26APR280630-30"",""trade_id"":""1d57bd7c-532b-6918-1f93-fb889f1d4f0a"",""yes_price_dollars"":""0.5600""}"
KXETH15M-26APR280630-30,ad5870e8-0ddd-59ea-059a-ed772e4bcecd,1777371678,0.53,4.02,no,"{""count_fp"":""4.02"",""created_time"":""2026-04-28T10:21:18.686938Z"",""no_price_dollars"":""0.4700"",""taker_side"":""no"",""ticker"":""KXETH15M-26APR280630-30"",""trade_id"":""ad5870e8-0ddd-59ea-059a-ed772e4bcecd"",""yes_price_dollars"":""0.5300""}"
KXETH15M-26APR280630-30,4b886540-ef71-5593-3de8-5fd155dd781b,1777371684,0.54,550.0,yes,"{""count_fp"":""550.00"",""created_time"":""2026-04-28T10:21:24.437763Z"",""no_price_dollars"":""0.4600"",""taker_side"":""yes"",""ticker"":""KXETH15M-26APR280630-30"",""trade_id"":""4b886540-ef71-5593-3de8-5fd155dd781b"",""yes_price_dollars"":""0.5400""}"
KXETH15M-26APR280630-30,dbefa5e0-c765-6eea-8064-0991073a56a1,1777371696,0.49,3.0,no,"{""count_fp"":""3.00"",""created_time"":""2026-04-28T10:21:36.980596Z"",""no_price_dollars"":""0.5100"",""taker_side"":""no"",""ticker"":""KXETH15M-26APR280630-30"",""trade_id"":""dbefa5e0-c765-6eea-8064-0991073a56a1"",""yes_price_dollars"":""0.4900""}"
KXETH15M-26APR280630-30,b600d0ea-5eab-644b-90f1-4910ddcfdada,1777371696,0.49,10.0,no,"{""count_fp"":""10.00"",""created_time"":""2026-04-28T10:21:36.980596Z"",""no_price_dollars"":""0.5100"",""taker_side"":""no"",""ticker"":""KXETH15M-26APR280630-30"",""trade_id"":""b600d0ea-5eab-644b-90f1-4910ddcfdada"",""yes_price_dollars"":""0.4900""}"
KXETH15M-26APR280630-30,a3075504-bf5a-6d6a-b2d7-a9e1880f6adf,1777371696,0.5,5.0,no,"{""count_fp"":""5.00"",""created_time"":""2026-04-28T10:21:36.980596Z"",""no_price_dollars"":""0.5000"",""taker_side"":""no"",""ticker"":""KXETH15M-26APR280630-30"",""trade_id"":""a3075504-bf5a-6d6a-b2d7-a9e1880f6adf"",""yes_price_dollars"":""0.5000""}"
KXETH15M-26APR280630-30,6661c80e-f61c-5edf-e7b4-e15f8fb44b07,1777371696,0.54,3.0,yes,"{""count_fp"":""3.00"",""created_time"":""2026-04-28T10:21:36.947003Z"",""no_price_dollars"":""0.4600"",""taker_side"":""yes"",""ticker"":""KXETH15M-26APR280630-30"",""trade_id"":""6661c80e-f61c-5edf-e7b4-e15f8fb44b07"",""yes_price_dollars"":""0.5400""}"
KXETH15M-26APR280630-30,766e0ae0-1919-451d-ca30-22851eb95938,1777371713,0.55,10.0,no,"{""count_fp"":""10.00"",""created_time"":""2026-04-28T10:21:53.135324Z"",""no_price_dollars"":""0.4500"",""taker_side"":""no"",""ticker"":""KXETH15M-26APR280630-30"",""trade_id"":""766e0ae0-1919-451d-ca30-22851eb95938"",""yes_price_dollars"":""0.5500""}"
KXETH15M-26APR280630-30,c515de1d-0e61-5876-b97d-f89fe8dc7bf5,1777371715,0.5,0.84,no,"{""count_fp"":""0.84"",""created_time"":""2026-04-28T10:21:55.356707Z"",""no_price_dollars"":""0.5000"",""taker_side"":""no"",""ticker"":""KXETH15M-26APR280630-30"",""trade_id"":""c515de1d-0e61-5876-b97d-f89fe8dc7bf5"",""yes_price_dollars"":""0.5000""}"
KXETH15M-26APR280630-30,00c0c0b1-24dd-4e6c-c973-ba717de794af,1777371718,0.52,7.0,yes,"{""count_fp"":""7.00"",""created_time"":""2026-04-28T10:21:58.317138Z"",""no_price_dollars"":""0.4800"",""taker_side"":""yes"",""ticker"":""KXETH15M-26APR280630-30"",""trade_id"":""00c0c0b1-24dd-4e6c-c973-ba717de794af"",""yes_price_dollars"":""0.5200""}"
KXETH15M-26APR280630-30,caf793d0-fe94-6537-c28c-dbf6c53114c6,1777371723,0.5,19.21,no,"{""count_fp"":""19.21"",""created_time"":""2026-04-28T10:22:03.860222Z"",""no_price_dollars"":""0.5000"",""taker_side"":""no"",""ticker"":""KXETH15M-26APR280630-30"",""trade_id"":""caf793d0-fe94-6537-c28c-dbf6c53114c6"",""yes_price_dollars"":""0.5000""}"
KXETH15M-26APR280630-30,b09f9044-c60e-466f-c832-e24b214ec0ce,1777371730,0.55,1.0,yes,"{""count_fp"":""1.00"",""created_time"":""2026-04-28T10:22:10.316437Z"",""no_price_dollars"":""0.4500"",""taker_side"":""yes"",""ticker"":""KXETH15M-26APR280630-30"",""trade_id"":""b09f9044-c60e-466f-c832-e24b214ec0ce"",""yes_price_dollars"":""0.5500""}"
KXETH15M-26APR280630-30,b05a47fa-bd7e-646f-18de-6c4092a7fdca,1777371730,0.55,9.0,yes,"{""count_fp"":""9.00"",""created_time"":""2026-04-28T10:22:10.300372Z"",""no_price_dollars"":""0.4500"",""taker_side"":""yes"",""ticker"":""KXETH15M-26APR280630-30"",""trade_id"":""b05a47fa-bd7e-646f-18de-6c4092a7fdca"",""yes_price_dollars"":""0.5500""}"
KXETH15M-26APR280630-30,c62d6740-7460-5df0-a1f9-76543d07cd51,1777371738,0.58,9.93,yes,"{""count_fp"":""9.93"",""created_time"":""2026-04-28T10:22:18.671439Z"",""no_price_dollars"":""0.4200"",""taker_side"":""yes"",""ticker"":""KXETH15M-26APR280630-30"",""trade_id"":""c62d6740-7460-5df0-a1f9-76543d07cd51"",""yes_price_dollars"":""0.5800""}"
KXETH15M-26APR280630-30,947c2043-f409-513b-a2c8-441a1546b693,1777371738,0.58,0.07,yes,"{""count_fp"":""0.07"",""created_time"":""2026-04-28T10:22:18.671439Z"",""no_price_dollars"":""0.4200"",""taker_side"":""yes"",""ticker"":""KXETH15M-26APR280630-30"",""trade_id"":""947c2043-f409-513b-a2c8-441a1546b693"",""yes_price_dollars"":""0.5800""}"
KXETH15M-26APR280630-30,7f7d2e06-42dd-544f-9dd5-946828f4616e,1777371739,0.62,10.0,yes,"{""count_fp"":""10.00"",""created_time"":""2026-04-28T10:22:19.136589Z"",""no_price_dollars"":""0.3800"",""taker_side"":""yes"",""ticker"":""KXETH15M-26APR280630-30"",""trade_id"":""7f7d2e06-42dd-544f-9dd5-946828f4616e"",""yes_price_dollars"":""0.6200""}"
KXETH15M-26APR280630-30,c466f314-b19e-4f95-3cee-d69fda399a63,1777371740,0.67,5.0,yes,"{""count_fp"":""5.00"",""created_time"":""2026-04-28T10:22:20.127241Z"",""no_price_dollars"":""0.3300"",""taker_side"":""yes"",""ticker"":""KXETH15M-26APR280630-30"",""trade_id"":""c466f314-b19e-4f95-3cee-d69fda399a63"",""yes_price_dollars"":""0.6700""}"
KXETH15M-26APR280630-30,3542b0cd-17cc-7edb-4346-2912aa97c513,1777371748,0.58,1.0,yes,"{""count_fp"":""1.00"",""created_time"":""2026-04-28T10:22:28.894778Z"",""no_price_dollars"":""0.4200"",""taker_side"":""yes"",""ticker"":""KXETH15M-26APR280630-30"",""trade_id"":""3542b0cd-17cc-7edb-4346-2912aa97c513"",""yes_price_dollars"":""0.5800""}"
KXETH15M-26APR280630-30,e33aab2a-6b95-4af4-68dd-79df26bbbd9c,1777371757,0.5,10.0,no,"{""count_fp"":""10.00"",""created_time"":""2026-04-28T10:22:37.833869Z"",""no_price_dollars"":""0.5000"",""taker_side"":""no"",""ticker"":""KXETH15M-26APR280630-30"",""trade_id"":""e33aab2a-6b95-4af4-68dd-79df26bbbd9c"",""yes_price_dollars"":""0.5000""}"
KXETH15M-26APR280630-30,c29952c0-be74-4ec7-4f86-99f628c7d6fe,1777371757,0.5,100.0,no,"{""count_fp"":""100.00"",""created_time"":""2026-04-28T10:22:37.833869Z"",""no_price_dollars"":""0.5000"",""taker_side"":""no"",""ticker"":""KXETH15M-26APR280630-30"",""trade_id"":""c29952c0-be74-4ec7-4f86-99f628c7d6fe"",""yes_price_dollars"":""0.5000""}"
KXETH15M-26APR280630-30,a81ee179-9a58-5ebb-03e9-4e5690fbea21,1777371757,0.51,10.0,no,"{""count_fp"":""10.00"",""created_time"":""2026-04-28T10:22:37.822976Z"",""no_price_dollars"":""0.4900"",""taker_side"":""no"",""ticker"":""KXETH15M-26APR280630-30"",""trade_id"":""a81ee179-9a58-5ebb-03e9-4e5690fbea21"",""yes_price_dollars"":""0.5100""}"
KXETH15M-26APR280630-30,36bedf2e-c499-4a96-f01a-a2e75bb44de5,1777371757,0.52,10.0,no,"{""count_fp"":""10.00"",""created_time"":""2026-04-28T10:22:37.509218Z"",""no_price_dollars"":""0.4800"",""taker_side"":""no"",""ticker"":""KXETH15M-26APR280630-30"",""trade_id"":""36bedf2e-c499-4a96-f01a-a2e75bb44de5"",""yes_price_dollars"":""0.5200""}"
KXETH15M-26APR280630-30,b97fb55c-33c7-5bbc-696f-9e995bc45a40,1777371758,0.47,9.13,yes,"{""count_fp"":""9.13"",""created_time"":""2026-04-28T10:22:38.080738Z"",""no_price_dollars"":""0.5300"",""taker_side"":""yes"",""ticker"":""KXETH15M-26APR280630-30"",""trade_id"":""b97fb55c-33c7-5bbc-696f-9e995bc45a40"",""yes_price_dollars"":""0.4700""}"
KXETH15M-26APR280630-30,e0d04a5d-f07a-6eca-591a-7710eb030aa4,1777371759,0.46,2.0,no,"{""count_fp"":""2.00"",""created_time"":""2026-04-28T10:22:39.819618Z"",""no_price_dollars"":""0.5400"",""taker_side"":""no"",""ticker"":""KXETH15M-26APR280630-30"",""trade_id"":""e0d04a5d-f07a-6eca-591a-7710eb030aa4"",""yes_price_dollars"":""0.4600""}"
KXETH15M-26APR280630-30,50e2f49c-27a9-6083-0e08-7b01aec72ecf,1777371760,0.45,1.0,no,"{""count_fp"":""1.00"",""created_time"":""2026-04-28T10:22:40.670179Z"",""no_price_dollars"":""0.5500"",""taker_side"":""no"",""ticker"":""KXETH15M-26APR280630-30"",""trade_id"":""50e2f49c-27a9-6083-0e08-7b01aec72ecf"",""yes_price_dollars"":""0.4500""}"
KXETH15M-26APR280630-30,8f2e6a34-ed01-58c0-823d-da0f8b7dd2cc,1777371760,0.43,44.0,yes,"{""count_fp"":""44.00"",""created_time"":""2026-04-28T10:22:40.320866Z"",""no_price_dollars"":""0.5700"",""taker_side"":""yes"",""ticker"":""KXETH15M-26APR280630-30"",""trade_id"":""8f2e6a34-ed01-58c0-823d-da0f8b7dd2cc"",""yes_price_dollars"":""0.4300""}"
KXETH15M-26APR280630-30,395bda1e-ad65-4211-f3f2-fa4ff66d26c8,1777371767,0.46,71.69,no,"{""count_fp"":""71.69"",""created_time"":""2026-04-28T10:22:47.560184Z"",""no_price_dollars"":""0.5400"",""taker_side"":""no"",""ticker"":""KXETH15M-26APR280630-30"",""trade_id"":""395bda1e-ad65-4211-f3f2-fa4ff66d26c8"",""yes_price_dollars"":""0.4600""}"
KXETH15M-26APR280630-30,f0ae2278-1b4e-7093-ad4a-5cb638b542cf,1777371767,0.47,0.69,no,"{""count_fp"":""0.69"",""created_time"":""2026-04-28T10:22:47.552232Z"",""no_price_dollars"":""0.5300"",""taker_side"":""no"",""ticker"":""KXETH15M-26APR280630-30"",""trade_id"":""f0ae2278-1b4e-7093-ad4a-5cb638b542cf"",""yes_price_dollars"":""0.4700""}"
KXETH15M-26APR280630-30,b8f61724-9211-7865-94df-26301f8e92d4,1777371767,0.46,28.31,no,"{""count_fp"":""28.31"",""created_time"":""2026-04-28T10:22:47.552232Z"",""no_price_dollars"":""0.5400"",""taker_side"":""no"",""ticker"":""KXETH15M-26APR280630-30"",""trade_id"":""b8f61724-9211-7865-94df-26301f8e92d4"",""yes_price_dollars"":""0.4600""}"
KXETH15M-26APR280630-30,ca626c8d-8b0d-71fb-1aee-68a5abbd1b47,1777371767,0.47,10.0,no,"{""count_fp"":""10.00"",""created_time"":""2026-04-28T10:22:47.548469Z"",""no_price_dollars"":""0.5300"",""taker_side"":""no"",""ticker"":""KXETH15M-26APR280630-30"",""trade_id"":""ca626c8d-8b0d-71fb-1aee-68a5abbd1b47"",""yes_price_dollars"":""0.4700""}"
KXETH15M-26APR280630-30,666c35c0-4c6a-7a9f-3bcb-b36ec981e85b,1777371767,0.47,9.0,no,"{""count_fp"":""9.00"",""created_time"":""2026-04-28T10:22:47.548469Z"",""no_price_dollars"":""0.5300"",""taker_side"":""no"",""ticker"":""KXETH15M-26APR280630-30"",""trade_id"":""666c35c0-4c6a-7a9f-3bcb-b36ec981e85b"",""yes_price_dollars"":""0.4700""}"
KXETH15M-26APR280630-30,001558ae-4bab-7439-093b-9cadf596443f,1777371767,0.47,10.0,no,"{""count_fp"":""10.00"",""created_time"":""2026-04-28T10:22:47.548469Z"",""no_price_dollars"":""0.5300"",""taker_side"":""no"",""ticker"":""KXETH15M-26APR280630-30"",""trade_id"":""001558ae-4bab-7439-093b-9cadf596443f"",""yes_price_dollars"":""0.4700""}"
KXETH15M-26APR280630-30,a5f9265a-19fc-4b75-225b-b98946bea651,1777371769,0.46,10.0,yes,"{""count_fp"":""10.00"",""created_time"":""2026-04-28T10:22:49.508676Z"",""no_price_dollars"":""0.5400"",""taker_side"":""yes"",""ticker"":""KXETH15M-26APR280630-30"",""trade_id"":""a5f9265a-19fc-4b75-225b-b98946bea651"",""yes_price_dollars"":""0.4600""}"
KXETH15M-26APR280630-30,ad9ecec8-875e-62d5-7b6c-80e20fb00c6f,1777371769,0.45,0.9,yes,"{""count_fp"":""0.90"",""created_time"":""2026-04-28T10:22:49.497885Z"",""no_price_dollars"":""0.5500"",""taker_side"":""yes"",""ticker"":""KXETH15M-26APR280630-30"",""trade_id"":""ad9ecec8-875e-62d5-7b6c-80e20fb00c6f"",""yes_price_dollars"":""0.4500""}"
KXETH15M-26APR280630-30,fbd731b0-7ef2-40e1-6b52-70690d792985,1777371769,0.45,10.9,yes,"{""count_fp"":""10.90"",""created_time"":""2026-04-28T10:22:49.496859Z"",""no_price_dollars"":""0.5500"",""taker_side"":""yes"",""ticker"":""KXETH15M-26APR280630-30"",""trade_id"":""fbd731b0-7ef2-40e1-6b52-70690d792985"",""yes_price_dollars"":""0.4500""}"
KXETH15M-26APR280630-30,2c351e4c-0fda-4189-6843-74e8b3ecf647,1777371769,0.45,9.1,yes,"{""count_fp"":""9.10"",""created_time"":""2026-04-28T10:22:49.496859Z"",""no_price_dollars"":""0.5500"",""taker_side"":""yes"",""ticker"":""KXETH15M-26APR280630-30"",""trade_id"":""2c351e4c-0fda-4189-6843-74e8b3ecf647"",""yes_price_dollars"":""0.4500""}"
KXETH15M-26APR280630-30,1bcf470b-f239-77c6-ca8d-4eb3c587a595,1777371771,0.53,3.0,no,"{""count_fp"":""3.00"",""created_time"":""2026-04-28T10:22:51.478457Z"",""no_price_dollars"":""0.4700"",""taker_side"":""no"",""ticker"":""KXETH15M-26APR280630-30"",""trade_id"":""1bcf470b-f239-77c6-ca8d-4eb3c587a595"",""yes_price_dollars"":""0.5300""}"
KXETH15M-26APR280630-30,2d8b2b96-2a75-6e6e-7d88-0f43d6a3e8b5,1777371771,0.53,31.67,no,"{""count_fp"":""31.67"",""created_time"":""2026-04-28T10:22:51.146301Z"",""no_price_dollars"":""0.4700"",""taker_side"":""no"",""ticker"":""KXETH15M-26APR280630-30"",""trade_id"":""2d8b2b96-2a75-6e6e-7d88-0f43d6a3e8b5"",""yes_price_dollars"":""0.5300""}"
KXETH15M-26APR280630-30,e6e8103e-3189-79b1-ee26-869707f34f3e,1777371772,0.53,10.0,no,"{""count_fp"":""10.00"",""created_time"":""2026-04-28T10:22:52.051102Z"",""no_price_dollars"":""0.4700"",""taker_side"":""no"",""ticker"":""KXETH15M-26APR280630-30"",""trade_id"":""e6e8103e-3189-79b1-ee26-869707f34f3e"",""yes_price_dollars"":""0.5300""}"
KXETH15M-26APR280630-30,2dddc958-054d-6bf2-627e-0501eed5f3d1,1777371775,0.52,48.3,no,"{""count_fp"":""48.30"",""created_time"":""2026-04-28T10:22:55.856623Z"",""no_price_dollars"":""0.4800"",""taker_side"":""no"",""ticker"":""KXETH15M-26APR280630-30"",""trade_id"":""2dddc958-054d-6bf2-627e-0501eed5f3d1"",""yes_price_dollars"":""0.5200""}"
KXETH15M-26APR280630-30,f6deb5ac-259c-5823-26ac-f47b357fd182,1777371775,0.54,5.38,yes,"{""count_fp"":""5.38"",""created_time"":""2026-04-28T10:22:55.022244Z"",""no_price_dollars"":""0.4600"",""taker_side"":""yes"",""ticker"":""KXETH15M-26APR280630-30"",""trade_id"":""f6deb5ac-259c-5823-26ac-f47b357fd182"",""yes_price_dollars"":""0.5400""}"
KXETH15M-26APR280630-30,7e2a16bf-fcad-78ca-6caa-f8cfe65e52d9,1777371777,0.48,5.0,no,"{""count_fp"":""5.00"",""created_time"":""2026-04-28T10:22:57.873584Z"",""no_price_dollars"":""0.5200"",""taker_side"":""no"",""ticker"":""KXETH15M-26APR280630-30"",""trade_id"":""7e2a16bf-fcad-78ca-6caa-f8cfe65e52d9"",""yes_price_dollars"":""0.4800""}"
KXETH15M-26APR280630-30,f478b08e-7926-48cd-9fce-d82b47fd95f4,1777371781,0.49,10.0,no,"{""count_fp"":""10.00"",""created_time"":""2026-04-28T10:23:01.474796Z"",""no_price_dollars"":""0.5100"",""taker_side"":""no"",""ticker"":""KXETH15M-26APR280630-30"",""trade_id"":""f478b08e-7926-48cd-9fce-d82b47fd95f4"",""yes_price_dollars"":""0.4900""}"
KXETH15M-26APR280630-30,066f7e02-6c59-434e-48a6-71f3c1d0d251,1777371785,0.43,2.0,no,"{""count_fp"":""2.00"",""created_time"":""2026-04-28T10:23:05.890069Z"",""no_price_dollars"":""0.5700"",""taker_side"":""no"",""ticker"":""KXETH15M-26APR280630-30"",""trade_id"":""066f7e02-6c59-434e-48a6-71f3c1d0d251"",""yes_price_dollars"":""0.4300""}"
KXETH15M-26APR280630-30,51007837-71ab-4808-1bc6-3d273bac2368,1777371789,0.46,11.44,yes,"{""count_fp"":""11.44"",""created_time"":""2026-04-28T10:23:09.118038Z"",""no_price_dollars"":""0.5400"",""taker_side"":""yes"",""ticker"":""KXETH15M-26APR280630-30"",""trade_id"":""51007837-71ab-4808-1bc6-3d273bac2368"",""yes_price_dollars"":""0.4600""}"
KXETH15M-26APR280630-30,fd80737f-5e22-6780-9601-be6186844a07,1777371789,0.45,10.0,no,"{""count_fp"":""10.00"",""created_time"":""2026-04-28T10:23:09.040349Z"",""no_price_dollars"":""0.5500"",""taker_side"":""no"",""ticker"":""KXETH15M-26APR280630-30"",""trade_id"":""fd80737f-5e22-6780-9601-be6186844a07"",""yes_price_dollars"":""0.4500""}"
KXETH15M-26APR280630-30,63907f46-29a6-6ed9-b1ff-0defb2c75e45,1777371789,0.45,10.0,no,"{""count_fp"":""10.00"",""created_time"":""2026-04-28T10:23:09.040349Z"",""no_price_dollars"":""0.5500"",""taker_side"":""no"",""ticker"":""KXETH15M-26APR280630-30"",""trade_id"":""63907f46-29a6-6ed9-b1ff-0defb2c75e45"",""yes_price_dollars"":""0.4500""}"
KXETH15M-26APR280630-30,ca0b8321-f6ff-68ab-7695-2ab54202d421,1777371794,0.4,10.0,no,"{""count_fp"":""10.00"",""created_time"":""2026-04-28T10:23:14.357489Z"",""no_price_dollars"":""0.6000"",""taker_side"":""no"",""ticker"":""KXETH15M-26APR280630-30"",""trade_id"":""ca0b8321-f6ff-68ab-7695-2ab54202d421"",""yes_price_dollars"":""0.4000""}"
KXETH15M-26APR280630-30,8eaf9615-73a5-658c-6b6e-7e42121d1bfa,1777371794,0.41,1.0,no,"{""count_fp"":""1.00"",""created_time"":""2026-04-28T10:23:14.357489Z"",""no_price_dollars"":""0.5900"",""taker_side"":""no"",""ticker"":""KXETH15M-26APR280630-30"",""trade_id"":""8eaf9615-73a5-658c-6b6e-7e42121d1bfa"",""yes_price_dollars"":""0.4100""}"
KXETH15M-26APR280630-30,5d8b26bf-b401-664c-735b-c55af6ddbbcb,1777371794,0.4,10.0,no,"{""count_fp"":""10.00"",""created_time"":""2026-04-28T10:23:14.357489Z"",""no_price_dollars"":""0.6000"",""taker_side"":""no"",""ticker"":""KXETH15M-26APR280630-30"",""trade_id"":""5d8b26bf-b401-664c-735b-c55af6ddbbcb"",""yes_price_dollars"":""0.4000""}"
KXETH15M-26APR280630-30,00a046a8-c139-5abb-6e15-b30b40584d01,1777371805,0.46,0.11,yes,"{""count_fp"":""0.11"",""created_time"":""2026-04-28T10:23:25.552899Z"",""no_price_dollars"":""0.5400"",""taker_side"":""yes"",""ticker"":""KXETH15M-26APR280630-30"",""trade_id"":""00a046a8-c139-5abb-6e15-b30b40584d01"",""yes_price_dollars"":""0.4600""}"
KXETH15M-26APR280630-30,a301f493-6141-508f-bf6e-ec59f5e78221,1777371805,0.46,11.0,yes,"{""count_fp"":""11.00"",""created_time"":""2026-04-28T10:23:25.549931Z"",""no_price_dollars"":""0.5400"",""taker_side"":""yes"",""ticker"":""KXETH15M-26APR280630-30"",""trade_id"":""a301f493-6141-508f-bf6e-ec59f5e78221"",""yes_price_dollars"":""0.4600""}"
KXETH15M-26APR280630-30,8fdb89fd-0a54-5267-bf68-8563f8c74a18,1777371805,0.46,10.0,yes,"{""count_fp"":""10.00"",""created_time"":""2026-04-28T10:23:25.549931Z"",""no_price_dollars"":""0.5400"",""taker_side"":""yes"",""ticker"":""KXETH15M-26APR280630-30"",""trade_id"":""8fdb89fd-0a54-5267-bf68-8563f8c74a18"",""yes_price_dollars"":""0.4600""}"
KXETH15M-26APR280630-30,0fd53e7b-85e4-516b-a34c-dfb5afc35f52,1777371805,0.46,10.0,yes,"{""count_fp"":""10.00"",""created_time"":""2026-04-28T10:23:25.549931Z"",""no_price_dollars"":""0.5400"",""taker_side"":""yes"",""ticker"":""KXETH15M-26APR280630-30"",""trade_id"":""0fd53e7b-85e4-516b-a34c-dfb5afc35f52"",""yes_price_dollars"":""0.4600""}"
KXETH15M-26APR280630-30,a706217a-c511-7cd9-f146-6e113ec0d409,1777371812,0.46,10.0,no,"{""count_fp"":""10.00"",""created_time"":""2026-04-28T10:23:32.933711Z"",""no_price_dollars"":""0.5400"",""taker_side"":""no"",""ticker"":""KXETH15M-26APR280630-30"",""trade_id"":""a706217a-c511-7cd9-f146-6e113ec0d409"",""yes_price_dollars"":""0.4600""}"
KXETH15M-26APR280630-30,c72a66b3-8ad1-6e79-7440-b8862142c084,1777371824,0.47,32.0,no,"{""count_fp"":""32.00"",""created_time"":""2026-04-28T10:23:44.953501Z"",""no_price_dollars"":""0.5300"",""taker_side"":""no"",""ticker"":""KXETH15M-26APR280630-30"",""trade_id"":""c72a66b3-8ad1-6e79-7440-b8862142c084"",""yes_price_dollars"":""0.4700""}"
KXETH15M-26APR280630-30,e8557427-d8b4-522b-e425-730fd0dab839,1777371824,0.48,10.0,yes,"{""count_fp"":""10.00"",""created_time"":""2026-04-28T10:23:44.659013Z"",""no_price_dollars"":""0.5200"",""taker_side"":""yes"",""ticker"":""KXETH15M-26APR280630-30"",""trade_id"":""e8557427-d8b4-522b-e425-730fd0dab839"",""yes_price_dollars"":""0.4800""}"
KXETH15M-26APR280630-30,176f2cd8-6a68-5b8f-f35d-430f761fa757,1777371824,0.48,10.0,yes,"{""count_fp"":""10.00"",""created_time"":""2026-04-28T10:23:44.659013Z"",""no_price_dollars"":""0.5200"",""taker_side"":""yes"",""ticker"":""KXETH15M-26APR280630-30"",""trade_id"":""176f2cd8-6a68-5b8f-f35d-430f761fa757"",""yes_price_dollars"":""0.4800""}"
KXETH15M-26APR280630-30,8db032c2-6bcd-4055-4d0a-133f6da30e00,1777371829,0.5,100.71,no,"{""count_fp"":""100.71"",""created_time"":""2026-04-28T10:23:49.448653Z"",""no_price_dollars"":""0.5000"",""taker_side"":""no"",""ticker"":""KXETH15M-26APR280630-30"",""trade_id"":""8db032c2-6bcd-4055-4d0a-133f6da30e00"",""yes_price_dollars"":""0.5000""}"
KXETH15M-26APR280630-30,1fb06194-d1b2-4e57-5082-6bb42a276072,1777371830,0.49,10.0,no,"{""count_fp"":""10.00"",""created_time"":""2026-04-28T10:23:50.240567Z"",""no_price_dollars"":""0.5100"",""taker_side"":""no"",""ticker"":""KXETH15M-26APR280630-30"",""trade_id"":""1fb06194-d1b2-4e57-5082-6bb42a276072"",""yes_price_dollars"":""0.4900""}"
KXETH15M-26APR280630-30,af14fe54-0d1f-4189-c782-dfbd5d42a0d7,1777371849,0.47,22.0,yes,"{""count_fp"":""22.00"",""created_time"":""2026-04-28T10:24:09.435092Z"",""no_price_dollars"":""0.5300"",""taker_side"":""yes"",""ticker"":""KXETH15M-26APR280630-30"",""trade_id"":""af14fe54-0d1f-4189-c782-dfbd5d42a0d7"",""yes_price_dollars"":""0.4700""}"
KXETH15M-26APR280630-30,27756e82-bb64-428f-e123-2c423893d132,1777371849,0.47,10.0,yes,"{""count_fp"":""10.00"",""created_time"":""2026-04-28T10:24:09.435092Z"",""no_price_dollars"":""0.5300"",""taker_side"":""yes"",""ticker"":""KXETH15M-26APR280630-30"",""trade_id"":""27756e82-bb64-428f-e123-2c423893d132"",""yes_price_dollars"":""0.4700""}"
KXETH15M-26APR280630-30,e1991583-bb47-5d49-589e-59338e85232f,1777371861,0.48,50.25,yes,"{""count_fp"":""50.25"",""created_time"":""2026-04-28T10:24:21.184184Z"",""no_price_dollars"":""0.5200"",""taker_side"":""yes"",""ticker"":""KXETH15M-26APR280630-30"",""trade_id"":""e1991583-bb47-5d49-589e-59338e85232f"",""yes_price_dollars"":""0.4800""}"
KXETH15M-26APR280630-30,7e31e32a-4c5b-67e9-44f5-5f06049aa059,1777371866,0.44,8.0,no,"{""count_fp"":""8.00"",""created_time"":""2026-04-28T10:24:26.112069Z"",""no_price_dollars"":""0.5600"",""taker_side"":""no"",""ticker"":""KXETH15M-26APR280630-30"",""trade_id"":""7e31e32a-4c5b-67e9-44f5-5f06049aa059"",""yes_price_dollars"":""0.4400""}"
KXETH15M-26APR280630-30,1542b2dc-feac-6731-401b-599c2d652ce0,1777371866,0.44,5.0,no,"{""count_fp"":""5.00"",""created_time"":""2026-04-28T10:24:26.112069Z"",""no_price_dollars"":""0.5600"",""taker_side"":""no"",""ticker"":""KXETH15M-26APR280630-30"",""trade_id"":""1542b2dc-feac-6731-401b-599c2d652ce0"",""yes_price_dollars"":""0.4400""}"
KXETH15M-26APR280630-30,cee405cb-86cd-745b-0930-c47b9075b242,1777371867,0.43,9.0,no,"{""count_fp"":""9.00"",""created_time"":""2026-04-28T10:24:27.793841Z"",""no_price_dollars"":""0.5700"",""taker_side"":""no"",""ticker"":""KXETH15M-26APR280630-30"",""trade_id"":""cee405cb-86cd-745b-0930-c47b9075b242"",""yes_price_dollars"":""0.4300""}"
KXETH15M-26APR280630-30,50557d30-ac2e-7efb-3962-44c3ae50a0ca,1777371867,0.43,10.0,no,"{""count_fp"":""10.00"",""created_time"":""2026-04-28T10:24:27.793841Z"",""no_price_dollars"":""0.5700"",""taker_side"":""no"",""ticker"":""KXETH15M-26APR280630-30"",""trade_id"":""50557d30-ac2e-7efb-3962-44c3ae50a0ca"",""yes_price_dollars"":""0.4300""}"
KXETH15M-26APR280630-30,e53ef9b3-59f7-7ccc-0136-180170947654,1777371869,0.44,6.55,yes,"{""count_fp"":""6.55"",""created_time"":""2026-04-28T10:24:29.990903Z"",""no_price_dollars"":""0.5600"",""taker_side"":""yes"",""ticker"":""KXETH15M-26APR280630-30"",""trade_id"":""e53ef9b3-59f7-7ccc-0136-180170947654"",""yes_price_dollars"":""0.4400""}"
KXETH15M-26APR280630-30,cf64a679-de17-6984-eb2a-c2b04a413028,1777371870,0.44,32.0,yes,"{""count_fp"":""32.00"",""created_time"":""2026-04-28T10:24:30.569328Z"",""no_price_dollars"":""0.5600"",""taker_side"":""yes"",""ticker"":""KXETH15M-26APR280630-30"",""trade_id"":""cf64a679-de17-6984-eb2a-c2b04a413028"",""yes_price_dollars"":""0.4400""}"
KXETH15M-26APR280630-30,d3e3e9d4-96ea-6acf-cfdb-1ad737e79251,1777371872,0.44,2.0,yes,"{""count_fp"":""2.00"",""created_time"":""2026-04-28T10:24:32.182989Z"",""no_price_dollars"":""0.5600"",""taker_side"":""yes"",""ticker"":""KXETH15M-26APR280630-30"",""trade_id"":""d3e3e9d4-96ea-6acf-cfdb-1ad737e79251"",""yes_price_dollars"":""0.4400""}"
KXETH15M-26APR280630-30,cd7a3e1a-b290-683f-cdf0-3da8d35a551c,1777371872,0.44,2.0,yes,"{""count_fp"":""2.00"",""created_time"":""2026-04-28T10:24:32.182989Z"",""no_price_dollars"":""0.5600"",""taker_side"":""yes"",""ticker"":""KXETH15M-26APR280630-30"",""trade_id"":""cd7a3e1a-b290-683f-cdf0-3da8d35a551c"",""yes_price_dollars"":""0.4400""}"
KXETH15M-26APR280630-30,c5494ddc-15da-6ad3-f4d4-23999baaba47,1777371872,0.44,60.0,yes,"{""count_fp"":""60.00"",""created_time"":""2026-04-28T10:24:32.182989Z"",""no_price_dollars"":""0.5600"",""taker_side"":""yes"",""ticker"":""KXETH15M-26APR280630-30"",""trade_id"":""c5494ddc-15da-6ad3-f4d4-23999baaba47"",""yes_price_dollars"":""0.4400""}"
KXETH15M-26APR280630-30,5b0d24ea-c679-6bf5-def1-fe7599e617f6,1777371872,0.44,2.0,yes,"{""count_fp"":""2.00"",""created_time"":""2026-04-28T10:24:32.182989Z"",""no_price_dollars"":""0.5600"",""taker_side"":""yes"",""ticker"":""KXETH15M-26APR280630-30"",""trade_id"":""5b0d24ea-c679-6bf5-def1-fe7599e617f6"",""yes_price_dollars"":""0.4400""}"
KXETH15M-26APR280630-30,5872d98e-fd5a-6b2f-cfe2-245ef57c704f,1777371872,0.44,2.0,yes,"{""count_fp"":""2.00"",""created_time"":""2026-04-28T10:24:32.182989Z"",""no_price_dollars"":""0.5600"",""taker_side"":""yes"",""ticker"":""KXETH15M-26APR280630-30"",""trade_id"":""5872d98e-fd5a-6b2f-cfe2-245ef57c704f"",""yes_price_dollars"":""0.4400""}"
KXETH15M-26APR280630-30,9a7c64c3-821d-7d5b-ade3-4bd758ffc11e,1777371873,0.43,10.0,no,"{""count_fp"":""10.00"",""created_time"":""2026-04-28T10:24:33.530996Z"",""no_price_dollars"":""0.5700"",""taker_side"":""no"",""ticker"":""KXETH15M-26APR280630-30"",""trade_id"":""9a7c64c3-821d-7d5b-ade3-4bd758ffc11e"",""yes_price_dollars"":""0.4300""}"
KXETH15M-26APR280630-30,4a47496a-7702-70e3-ae2d-5bff98a639b8,1777371873,0.43,32.35,no,"{""count_fp"":""32.35"",""created_time"":""2026-04-28T10:24:33.530996Z"",""no_price_dollars"":""0.5700"",""taker_side"":""no"",""ticker"":""KXETH15M-26APR280630-30"",""trade_id"":""4a47496a-7702-70e3-ae2d-5bff98a639b8"",""yes_price_dollars"":""0.4300""}"
KXETH15M-26APR280630-30,c4c233b0-4033-7e7f-deb9-edc75f919b31,1777371878,0.41,10.0,no,"{""count_fp"":""10.00"",""created_time"":""2026-04-28T10:24:38.259833Z"",""no_price_dollars"":""0.5900"",""taker_side"":""no"",""ticker"":""KXETH15M-26APR280630-30"",""trade_id"":""c4c233b0-4033-7e7f-deb9-edc75f919b31"",""yes_price_dollars"":""0.4100""}"
KXETH15M-26APR280630-30,be5a64c8-cb45-75d7-f980-2cb4677e9c15,1777371878,0.4,21.69,no,"{""count_fp"":""21.69"",""created_time"":""2026-04-28T10:24:38.259833Z"",""no_price_dollars"":""0.6000"",""taker_side"":""no"",""ticker"":""KXETH15M-26APR280630-30"",""trade_id"":""be5a64c8-cb45-75d7-f980-2cb4677e9c15"",""yes_price_dollars"":""0.4000""}"
KXETH15M-26APR280630-30,a29c8fb1-d3b7-7c3b-d051-cfd2e38c4066,1777371878,0.41,9.0,no,"{""count_fp"":""9.00"",""created_time"":""2026-04-28T10:24:38.259833Z"",""no_price_dollars"":""0.5900"",""taker_side"":""no"",""ticker"":""KXETH15M-26APR280630-30"",""trade_id"":""a29c8fb1-d3b7-7c3b-d051-cfd2e38c4066"",""yes_price_dollars"":""0.4100""}"
KXETH15M-26APR280630-30,486ff9ef-39f9-593b-2935-73c1faf45fa5,1777371885,0.36,100.0,no,"{""count_fp"":""100.00"",""created_time"":""2026-04-28T10:24:45.790855Z"",""no_price_dollars"":""0.6400"",""taker_side"":""no"",""ticker"":""KXETH15M-26APR280630-30"",""trade_id"":""486ff9ef-39f9-593b-2935-73c1faf45fa5"",""yes_price_dollars"":""0.3600""}"
KXETH15M-26APR280630-30,56b7f5b4-1c9d-5797-0fe1-9ef50b55018e,1777371885,0.38,10.0,no,"{""count_fp"":""10.00"",""created_time"":""2026-04-28T10:24:45.773063Z"",""no_price_dollars"":""0.6200"",""taker_side"":""no"",""ticker"":""KXETH15M-26APR280630-30"",""trade_id"":""56b7f5b4-1c9d-5797-0fe1-9ef50b55018e"",""yes_price_dollars"":""0.3800""}"
KXETH15M-26APR280630-30,a65efe20-dc8c-6d1b-1205-2282ddc5f484,1777371889,0.35,10.0,yes,"{""count_fp"":""10.00"",""created_time"":""2026-04-28T10:24:49.765493Z"",""no_price_dollars"":""0.6500"",""taker_side"":""yes"",""ticker"":""KXETH15M-26APR280630-30"",""trade_id"":""a65efe20-dc8c-6d1b-1205-2282ddc5f484"",""yes_price_dollars"":""0.3500""}"
KXETH15M-26APR280630-30,707744cc-2e13-6ae8-3d43-1beb25af93bb,1777371889,0.37,10.0,yes,"{""count_fp"":""10.00"",""created_time"":""2026-04-28T10:24:49.765493Z"",""no_price_dollars"":""0.6300"",""taker_side"":""yes"",""ticker"":""KXETH15M-26APR280630-30"",""trade_id"":""707744cc-2e13-6ae8-3d43-1beb25af93bb"",""yes_price_dollars"":""0.3700""}"
KXETH15M-26APR280630-30,5ea5e05a-a9c0-4f66-a22d-b70c00dc82e1,1777371889,0.3,1.0,no,"{""count_fp"":""1.00"",""created_time"":""2026-04-28T10:24:49.283088Z"",""no_price_dollars"":""0.7000"",""taker_side"":""no"",""ticker"":""KXETH15M-26APR280630-30"",""trade_id"":""5ea5e05a-a9c0-4f66-a22d-b70c00dc82e1"",""yes_price_dollars"":""0.3000""}"
KXETH15M-26APR280630-30,0f29c8fb-bec7-45f0-971b-93a209c8e387,1777371889,0.3,5.0,no,"{""count_fp"":""5.00"",""created_time"":""2026-04-28T10:24:49.283088Z"",""no_price_dollars"":""0.7000"",""taker_side"":""no"",""ticker"":""KXETH15M-26APR280630-30"",""trade_id"":""0f29c8fb-bec7-45f0-971b-93a209c8e387"",""yes_price_dollars"":""0.3000""}"
KXETH15M-26APR280630-30,df12202e-a2e4-43bd-9307-6d2a1d2f8321,1777371891,0.37,4.0,no,"{""count_fp"":""4.00"",""created_time"":""2026-04-28T10:24:51.904033Z"",""no_price_dollars"":""0.6300"",""taker_side"":""no"",""ticker"":""KXETH15M-26APR280630-30"",""trade_id"":""df12202e-a2e4-43bd-9307-6d2a1d2f8321"",""yes_price_dollars"":""0.3700""}"
KXETH15M-26APR280630-30,d7737e17-4936-6e62-3a0b-d61871bbd5ae,1777371894,0.34,10.0,no,"{""count_fp"":""10.00"",""created_time"":""2026-04-28T10:24:54.437386Z"",""no_price_dollars"":""0.6600"",""taker_side"":""no"",""ticker"":""KXETH15M-26APR280630-30"",""trade_id"":""d7737e17-4936-6e62-3a0b-d61871bbd5ae"",""yes_price_dollars"":""0.3400""}"
KXETH15M-26APR280630-30,c7b3c225-ee4e-62ef-2993-69833a7d23c3,1777371894,0.37,10.0,no,"{""count_fp"":""10.00"",""created_time"":""2026-04-28T10:24:54.437386Z"",""no_price_dollars"":""0.6300"",""taker_side"":""no"",""ticker"":""KXETH15M-26APR280630-30"",""trade_id"":""c7b3c225-ee4e-62ef-2993-69833a7d23c3"",""yes_price_dollars"":""0.3700""}"
KXETH15M-26APR280630-30,2ff3dc01-711c-69be-019a-2dc9531bba7e,1777371894,0.32,60.0,no,"{""count_fp"":""60.00"",""created_time"":""2026-04-28T10:24:54.437386Z"",""no_price_dollars"":""0.6800"",""taker_side"":""no"",""ticker"":""KXETH15M-26APR280630-30"",""trade_id"":""2ff3dc01-711c-69be-019a-2dc9531bba7e"",""yes_price_dollars"":""0.3200""}"
KXETH15M-26APR280630-30,57b25571-dbc5-77c5-0f32-7a5ae6695cf8,1777371894,0.37,77.36,no,"{""count_fp"":""77.36"",""created_time"":""2026-04-28T10:24:54.018105Z"",""no_price_dollars"":""0.6300"",""taker_side"":""no"",""ticker"":""KXETH15M-26APR280630-30"",""trade_id"":""57b25571-dbc5-77c5-0f32-7a5ae6695cf8"",""yes_price_dollars"":""0.3700""}"
KXETH15M-26APR280630-30,5a536ca3-443b-42fc-21a6-cfdffc96f0a4,1777371896,0.34,32.0,yes,"{""count_fp"":""32.00"",""created_time"":""2026-04-28T10:24:56.592368Z"",""no_price_dollars"":""0.6600"",""taker_side"":""yes"",""ticker"":""KXETH15M-26APR280630-30"",""trade_id"":""5a536ca3-443b-42fc-21a6-cfdffc96f0a4"",""yes_price_dollars"":""0.3400""}"
KXETH15M-26APR280630-30,5316a12c-c7f2-6cd1-6379-5991f5a09536,1777371896,0.33,10.0,yes,"{""count_fp"":""10.00"",""created_time"":""2026-04-28T10:24:56.132739Z"",""no_price_dollars"":""0.6700"",""taker_side"":""yes"",""ticker"":""KXETH15M-26APR280630-30"",""trade_id"":""5316a12c-c7f2-6cd1-6379-5991f5a09536"",""yes_price_dollars"":""0.3300""}"
KXETH15M-26APR280630-30,71dbc115-a3dd-78c1-603b-9e64789d56b7,1777371898,0.33,7.29,no,"{""count_fp"":""7.29"",""created_time"":""2026-04-28T10:24:58.240733Z"",""no_price_dollars"":""0.6700"",""taker_side"":""no"",""ticker"":""KXETH15M-26APR280630-30"",""trade_id"":""71dbc115-a3dd-78c1-603b-9e64789d56b7"",""yes_price_dollars"":""0.3300""}"
KXETH15M-26APR280630-30,fda869e5-3acb-4720-5554-a2dcf790fe14,1777371900,0.34,2.0,yes,"{""count_fp"":""2.00"",""created_time"":""2026-04-28T10:25:00.776151Z"",""no_price_dollars"":""0.6600"",""taker_side"":""yes"",""ticker"":""KXETH15M-26APR280630-30"",""trade_id"":""fda869e5-3acb-4720-5554-a2dcf790fe14"",""yes_price_dollars"":""0.3400""}"
KXETH15M-26APR280630-30,a476b283-cde9-6365-20ed-e1e1286bc253,1777371904,0.33,32.71,no,"{""count_fp"":""32.71"",""created_time"":""2026-04-28T10:25:04.100189Z"",""no_price_dollars"":""0.6700"",""taker_side"":""no"",""ticker"":""KXETH15M-26APR280630-30"",""trade_id"":""a476b283-cde9-6365-20ed-e1e1286bc253"",""yes_price_dollars"":""0.3300""}"
KXETH15M-26APR280630-30,274eee48-e85c-6fd4-03b1-36e317c3b1cb,1777371904,0.3,10.0,no,"{""count_fp"":""10.00"",""created_time"":""2026-04-28T10:25:04.100189Z"",""no_price_dollars"":""0.7000"",""taker_side"":""no"",""ticker"":""KXETH15M-26APR280630-30"",""trade_id"":""274eee48-e85c-6fd4-03b1-36e317c3b1cb"",""yes_price_dollars"":""0.3000""}"
KXETH15M-26APR280630-30,00a85a24-f169-5625-817c-3816f3b40b04,1777371905,0.27,9.0,no,"{""count_fp"":""9.00"",""created_time"":""2026-04-28T10:25:05.026089Z"",""no_price_dollars"":""0.7300"",""taker_side"":""no"",""ticker"":""KXETH15M-26APR280630-30"",""trade_id"":""00a85a24-f169-5625-817c-3816f3b40b04"",""yes_price_dollars"":""0.2700""}"
KXETH15M-26APR280630-30,6e9b2f56-dc25-5d2e-0b7f-67e09308c723,1777371907,0.33,1.0,yes,"{""count_fp"":""1.00"",""created_time"":""2026-04-28T10:25:07.954353Z"",""no_price_dollars"":""0.6700"",""taker_side"":""yes"",""ticker"":""KXETH15M-26APR280630-30"",""trade_id"":""6e9b2f56-dc25-5d2e-0b7f-67e09308c723"",""yes_price_dollars"":""0.3300""}"
KXETH15M-26APR280630-30,943e3ac0-736f-6d15-0d6b-15faf903e39d,1777371919,0.33,8.68,yes,"{""count_fp"":""8.68"",""created_time"":""2026-04-28T10:25:19.136414Z"",""no_price_dollars"":""0.6700"",""taker_side"":""yes"",""ticker"":""KXETH15M-26APR280630-30"",""trade_id"":""943e3ac0-736f-6d15-0d6b-15faf903e39d"",""yes_price_dollars"":""0.3300""}"
KXETH15M-26APR280630-30,6a64cffd-9dd9-572e-c680-05b6d540fc9a,1777371925,0.28,1.0,no,"{""count_fp"":""1.00"",""created_time"":""2026-04-28T10:25:25.962591Z"",""no_price_dollars"":""0.7200"",""taker_side"":""no"",""ticker"":""KXETH15M-26APR280630-30"",""trade_id"":""6a64cffd-9dd9-572e-c680-05b6d540fc9a"",""yes_price_dollars"":""0.2800""}"
KXETH15M-26APR280630-30,a3ec5369-9ce8-666f-a48b-80f061df87aa,1777371926,0.42,100.0,yes,"{""count_fp"":""100.00"",""created_time"":""2026-04-28T10:25:26.414089Z"",""no_price_dollars"":""0.5800"",""taker_side"":""yes"",""ticker"":""KXETH15M-26APR280630-30"",""trade_id"":""a3ec5369-9ce8-666f-a48b-80f061df87aa"",""yes_price_dollars"":""0.4200""}"
KXETH15M-26APR280630-30,6a68efbb-846f-6276-b480-64264e60394e,1777371926,0.37,10.0,yes,"{""count_fp"":""10.00"",""created_time"":""2026-04-28T10:25:26.414089Z"",""no_price_dollars"":""0.6300"",""taker_side"":""yes"",""ticker"":""KXETH15M-26APR280630-30"",""trade_id"":""6a68efbb-846f-6276-b480-64264e60394e"",""yes_price_dollars"":""0.3700""}"
KXETH15M-26APR280630-30,cf1d3d22-cb94-77d1-620d-a0f63f181198,1777371926,0.39,50.0,yes,"{""count_fp"":""50.00"",""created_time"":""2026-04-28T10:25:26.394137Z"",""no_price_dollars"":""0.6100"",""taker_side"":""yes"",""ticker"":""KXETH15M-26APR280630-30"",""trade_id"":""cf1d3d22-cb94-77d1-620d-a0f63f181198"",""yes_price_dollars"":""0.3900""}"
KXETH15M-26APR280630-30,47683bac-39f1-58ce-c973-b8a1a4ced57f,1777371926,0.33,10.0,yes,"{""count_fp"":""10.00"",""created_time"":""2026-04-28T10:25:26.330615Z"",""no_price_dollars"":""0.6700"",""taker_side"":""yes"",""ticker"":""KXETH15M-26APR280630-30"",""trade_id"":""47683bac-39f1-58ce-c973-b8a1a4ced57f"",""yes_price_dollars"":""0.3300""}"
KXETH15M-26APR280630-30,338c13bf-dd1b-5139-ed6e-d9ec3a673fb5,1777371926,0.33,51.32,yes,"{""count_fp"":""51.32"",""created_time"":""2026-04-28T10:25:26.330615Z"",""no_price_dollars"":""0.6700"",""taker_side"":""yes"",""ticker"":""KXETH15M-26APR280630-30"",""trade_id"":""338c13bf-dd1b-5139-ed6e-d9ec3a673fb5"",""yes_price_dollars"":""0.3300""}"
KXETH15M-26APR280630-30,23cadc6d-6e51-5ae5-e7e5-1eba74df32fc,1777371926,0.33,10.0,yes,"{""count_fp"":""10.00"",""created_time"":""2026-04-28T10:25:26.330615Z"",""no_price_dollars"":""0.6700"",""taker_side"":""yes"",""ticker"":""KXETH15M-26APR280630-30"",""trade_id"":""23cadc6d-6e51-5ae5-e7e5-1eba74df32fc"",""yes_price_dollars"":""0.3300""}"
KXETH15M-26APR280630-30,d4cd429d-cadc-6710-a240-963f6384c698,1777371929,0.39,1.0,no,"{""count_fp"":""1.00"",""created_time"":""2026-04-28T10:25:29.253133Z"",""no_price_dollars"":""0.6100"",""taker_side"":""no"",""ticker"":""KXETH15M-26APR280630-30"",""trade_id"":""d4cd429d-cadc-6710-a240-963f6384c698"",""yes_price_dollars"":""0.3900""}"
KXETH15M-26APR280630-30,ed273344-3bf5-7545-8a19-8d4a1250e544,1777371930,0.42,10.0,yes,"{""count_fp"":""10.00"",""created_time"":""2026-04-28T10:25:30.847106Z"",""no_price_dollars"":""0.5800"",""taker_side"":""yes"",""ticker"":""KXETH15M-26APR280630-30"",""trade_id"":""ed273344-3bf5-7545-8a19-8d4a1250e544"",""yes_price_dollars"":""0.4200""}"
KXETH15M-26APR280630-30,69049d1c-f3fc-44ba-016e-c524e6cd2c10,1777371930,0.36,1.0,no,"{""count_fp"":""1.00"",""created_time"":""2026-04-28T10:25:30.023191Z"",""no_price_dollars"":""0.6400"",""taker_side"":""no"",""ticker"":""KXETH15M-26APR280630-30"",""trade_id"":""69049d1c-f3fc-44ba-016e-c524e6cd2c10"",""yes_price_dollars"":""0.3600""}"
KXETH15M-26APR280630-30,2a89ff77-f75b-57b9-d261-80ea58826a12,1777371932,0.42,4.0,no,"{""count_fp"":""4.00"",""created_time"":""2026-04-28T10:25:32.644166Z"",""no_price_dollars"":""0.5800"",""taker_side"":""no"",""ticker"":""KXETH15M-26APR280630-30"",""trade_id"":""2a89ff77-f75b-57b9-d261-80ea58826a12"",""yes_price_dollars"":""0.4200""}"
KXETH15M-26APR280630-30,1dc72266-9013-5e0d-31d9-9a748e9bc4ee,1777371933,0.42,7.97,no,"{""count_fp"":""7.97"",""created_time"":""2026-04-28T10:25:33.589513Z"",""no_price_dollars"":""0.5800"",""taker_side"":""no"",""ticker"":""KXETH15M-26APR280630-30"",""trade_id"":""1dc72266-9013-5e0d-31d9-9a748e9bc4ee"",""yes_price_dollars"":""0.4200""}"
KXETH15M-26APR280630-30,26828961-8a56-4853-7192-d728e74dd03c,1777371938,0.43,88.0,yes,"{""count_fp"":""88.00"",""created_time"":""2026-04-28T10:25:38.929823Z"",""no_price_dollars"":""0.5700"",""taker_side"":""yes"",""ticker"":""KXETH15M-26APR280630-30"",""trade_id"":""26828961-8a56-4853-7192-d728e74dd03c"",""yes_price_dollars"":""0.4300""}"
KXETH15M-26APR280630-30,f4cf8422-23bb-7901-b248-417b22c59036,1777371939,0.43,1.0,no,"{""count_fp"":""1.00"",""created_time"":""2026-04-28T10:25:39.641131Z"",""no_price_dollars"":""0.5700"",""taker_side"":""no"",""ticker"":""KXETH15M-26APR280630-30"",""trade_id"":""f4cf8422-23bb-7901-b248-417b22c59036"",""yes_price_dollars"":""0.4300""}"
KXETH15M-26APR280630-30,e88ca64e-6ab1-510b-9241-4d794f3ff8fc,1777371950,0.43,2.0,yes,"{""count_fp"":""2.00"",""created_time"":""2026-04-28T10:25:50.825804Z"",""no_price_dollars"":""0.5700"",""taker_side"":""yes"",""ticker"":""KXETH15M-26APR280630-30"",""trade_id"":""e88ca64e-6ab1-510b-9241-4d794f3ff8fc"",""yes_price_dollars"":""0.4300""}"
KXETH15M-26APR280630-30,2b12be4f-fb35-47be-49e8-76998c352efe,1777371951,0.4,1.0,no,"{""count_fp"":""1.00"",""created_time"":""2026-04-28T10:25:51.455669Z"",""no_price_dollars"":""0.6000"",""taker_side"":""no"",""ticker"":""KXETH15M-26APR280630-30"",""trade_id"":""2b12be4f-fb35-47be-49e8-76998c352efe"",""yes_price_dollars"":""0.4000""}"
KXETH15M-26APR280630-30,82c09b4b-91d5-4962-f4db-a3f52cfee57a,1777371954,0.4,5.0,no,"{""count_fp"":""5.00"",""created_time"":""2026-04-28T10:25:54.997242Z"",""no_price_dollars"":""0.6000"",""taker_side"":""no"",""ticker"":""KXETH15M-26APR280630-30"",""trade_id"":""82c09b4b-91d5-4962-f4db-a3f52cfee57a"",""yes_price_dollars"":""0.4000""}"
KXETH15M-26APR280630-30,bd05057c-9d49-50c3-f8dd-2e9535815488,1777371954,0.43,0.96,yes,"{""count_fp"":""0.96"",""created_time"":""2026-04-28T10:25:54.698487Z"",""no_price_dollars"":""0.5700"",""taker_side"":""yes"",""ticker"":""KXETH15M-26APR280630-30"",""trade_id"":""bd05057c-9d49-50c3-f8dd-2e9535815488"",""yes_price_dollars"":""0.4300""}"
KXETH15M-26APR280630-30,ed08071f-f1bd-7477-37a1-7ea28205ad3c,1777371954,0.43,4.02,yes,"{""count_fp"":""4.02"",""created_time"":""2026-04-28T10:25:54.628746Z"",""no_price_dollars"":""0.5700"",""taker_side"":""yes"",""ticker"":""KXETH15M-26APR280630-30"",""trade_id"":""ed08071f-f1bd-7477-37a1-7ea28205ad3c"",""yes_price_dollars"":""0.4300""}"
KXETH15M-26APR280630-30,720f43d4-61dd-481f-79fa-600b17821b24,1777371961,0.42,4.0,yes,"{""count_fp"":""4.00"",""created_time"":""2026-04-28T10:26:01.849963Z"",""no_price_dollars"":""0.5800"",""taker_side"":""yes"",""ticker"":""KXETH15M-26APR280630-30"",""trade_id"":""720f43d4-61dd-481f-79fa-600b17821b24"",""yes_price_dollars"":""0.4200""}"
KXETH15M-26APR280630-30,f8e61178-a897-7535-a7f5-69542b55c6d7,1777371962,0.38,1.0,no,"{""count_fp"":""1.00"",""created_time"":""2026-04-28T10:26:02.718542Z"",""no_price_dollars"":""0.6200"",""taker_side"":""no"",""ticker"":""KXETH15M-26APR280630-30"",""trade_id"":""f8e61178-a897-7535-a7f5-69542b55c6d7"",""yes_price_dollars"":""0.3800""}"
KXETH15M-26APR280630-30,849f8c59-d31d-757b-1b38-3a3f838ffbf8,1777371964,0.38,10.0,yes,"{""count_fp"":""10.00"",""created_time"":""2026-04-28T10:26:04.753613Z"",""no_price_dollars"":""0.6200"",""taker_side"":""yes"",""ticker"":""KXETH15M-26APR280630-30"",""trade_id"":""849f8c59-d31d-757b-1b38-3a3f838ffbf8"",""yes_price_dollars"":""0.3800""}"
KXETH15M-26APR280630-30,9da54e2b-4219-6d72-60a5-97eb184d7e4e,1777371964,0.37,10.0,no,"{""count_fp"":""10.00"",""created_time"":""2026-04-28T10:26:04.668461Z"",""no_price_dollars"":""0.6300"",""taker_side"":""no"",""ticker"":""KXETH15M-26APR280630-30"",""trade_id"":""9da54e2b-4219-6d72-60a5-97eb184d7e4e"",""yes_price_dollars"":""0.3700""}"
KXETH15M-26APR280630-30,fa8cd584-6027-59d8-5ff4-a2e5f8a19856,1777371969,0.35,133.0,yes,"{""count_fp"":""133.00"",""created_time"":""2026-04-28T10:26:09.380248Z"",""no_price_dollars"":""0.6500"",""taker_side"":""yes"",""ticker"":""KXETH15M-26APR280630-30"",""trade_id"":""fa8cd584-6027-59d8-5ff4-a2e5f8a19856"",""yes_price_dollars"":""0.3500""}"
KXETH15M-26APR280630-30,ec42114f-f944-5932-cbe4-5e535810d0f0,1777371972,0.34,1.0,no,"{""count_fp"":""1.00"",""created_time"":""2026-04-28T10:26:12.149121Z"",""no_price_dollars"":""0.6600"",""taker_side"":""no"",""ticker"":""KXETH15M-26APR280630-30"",""trade_id"":""ec42114f-f944-5932-cbe4-5e535810d0f0"",""yes_price_dollars"":""0.3400""}"
KXETH15M-26APR280630-30,785e7b73-7bbb-5efa-d7f7-13f6dbd7c5d5,1777371972,0.34,1.0,no,"{""count_fp"":""1.00"",""created_time"":""2026-04-28T10:26:12.149121Z"",""no_price_dollars"":""0.6600"",""taker_side"":""no"",""ticker"":""KXETH15M-26APR280630-30"",""trade_id"":""785e7b73-7bbb-5efa-d7f7-13f6dbd7c5d5"",""yes_price_dollars"":""0.3400""}"
KXETH15M-26APR280630-30,f36b20cb-50e2-732d-2ad8-226b47cfa8a2,1777371974,0.34,10.0,no,"{""count_fp"":""10.00"",""created_time"":""2026-04-28T10:26:14.732095Z"",""no_price_dollars"":""0.6600"",""taker_side"":""no"",""ticker"":""KXETH15M-26APR280630-30"",""trade_id"":""f36b20cb-50e2-732d-2ad8-226b47cfa8a2"",""yes_price_dollars"":""0.3400""}"
KXETH15M-26APR280630-30,d885705c-0768-709e-15c0-cd2747fd00f5,1777371974,0.34,10.0,no,"{""count_fp"":""10.00"",""created_time"":""2026-04-28T10:26:14.732095Z"",""no_price_dollars"":""0.6600"",""taker_side"":""no"",""ticker"":""KXETH15M-26APR280630-30"",""trade_id"":""d885705c-0768-709e-15c0-cd2747fd00f5"",""yes_price_dollars"":""0.3400""}"
KXETH15M-26APR280630-30,c52354e3-ef37-6619-0de4-f9779a52fcee,1777371986,0.37,15.47,no,"{""count_fp"":""15.47"",""created_time"":""2026-04-28T10:26:26.715999Z"",""no_price_dollars"":""0.6300"",""taker_side"":""no"",""ticker"":""KXETH15M-26APR280630-30"",""trade_id"":""c52354e3-ef37-6619-0de4-f9779a52fcee"",""yes_price_dollars"":""0.3700""}"
KXETH15M-26APR280630-30,6ac8f5a3-4b59-528d-c617-91a835e29ddf,1777371990,0.41,10.0,yes,"{""count_fp"":""10.00"",""created_time"":""2026-04-28T10:26:30.079714Z"",""no_price_dollars"":""0.5900"",""taker_side"":""yes"",""ticker"":""KXETH15M-26APR280630-30"",""trade_id"":""6ac8f5a3-4b59-528d-c617-91a835e29ddf"",""yes_price_dollars"":""0.4100""}"
KXETH15M-26APR280630-30,0d4fec87-0de8-5c3f-fff2-25e1d8158aab,1777371990,0.41,10.0,yes,"{""count_fp"":""10.00"",""created_time"":""2026-04-28T10:26:30.079714Z"",""no_price_dollars"":""0.5900"",""taker_side"":""yes"",""ticker"":""KXETH15M-26APR280630-30"",""trade_id"":""0d4fec87-0de8-5c3f-fff2-25e1d8158aab"",""yes_price_dollars"":""0.4100""}"
KXETH15M-26APR280630-30,d5790a02-bb7b-76ab-ae21-e96c6acea1a2,1777371993,0.42,10.0,yes,"{""count_fp"":""10.00"",""created_time"":""2026-04-28T10:26:33.808955Z"",""no_price_dollars"":""0.5800"",""taker_side"":""yes"",""ticker"":""KXETH15M-26APR280630-30"",""trade_id"":""d5790a02-bb7b-76ab-ae21-e96c6acea1a2"",""yes_price_dollars"":""0.4200""}"
KXETH15M-26APR280630-30,7de69941-6796-73f8-b197-f0e9ec7d2bb7,1777371993,0.43,202.0,yes,"{""count_fp"":""202.00"",""created_time"":""2026-04-28T10:26:33.808955Z"",""no_price_dollars"":""0.5700"",""taker_side"":""yes"",""ticker"":""KXETH15M-26APR280630-30"",""trade_id"":""7de69941-6796-73f8-b197-f0e9ec7d2bb7"",""yes_price_dollars"":""0.4300""}"
KXETH15M-26APR280630-30,c9671854-1f8a-768d-ccad-1337d47ed666,1777371996,0.43,10.0,no,"{""count_fp"":""10.00"",""created_time"":""2026-04-28T10:26:36.204259Z"",""no_price_dollars"":""0.5700"",""taker_side"":""no"",""ticker"":""KXETH15M-26APR280630-30"",""trade_id"":""c9671854-1f8a-768d-ccad-1337d47ed666"",""yes_price_dollars"":""0.4300""}"
KXETH15M-26APR280630-30,858b8932-6af2-7c02-d927-4d00ecd1685b,1777372001,0.32,50.0,no,"{""count_fp"":""50.00"",""created_time"":""2026-04-28T10:26:41.833238Z"",""no_price_dollars"":""0.6800"",""taker_side"":""no"",""ticker"":""KXETH15M-26APR280630-30"",""trade_id"":""858b8932-6af2-7c02-d927-4d00ecd1685b"",""yes_price_dollars"":""0.3200""}"
KXETH15M-26APR280630-30,7ce9177f-1af2-6cf5-626d-456f82b6495b,1777372001,0.34,60.0,no,"{""count_fp"":""60.00"",""created_time"":""2026-04-28T10:26:41.819597Z"",""no_price_dollars"":""0.6600"",""taker_side"":""no"",""ticker"":""KXETH15M-26APR280630-30"",""trade_id"":""7ce9177f-1af2-6cf5-626d-456f82b6495b"",""yes_price_dollars"":""0.3400""}"
