ticker,trade_id,ts,yes_price,count,taker_side,raw_json
KXETH15M-26APR281315-15,e4f89bc3-5e6d-4336-6573-a40be33b0cd9,1777395609,0.41,14.18,no,"{""count_fp"":""14.18"",""created_time"":""2026-04-28T17:00:09.161616Z"",""no_price_dollars"":""0.5900"",""taker_side"":""no"",""ticker"":""KXETH15M-26APR281315-15"",""trade_id"":""e4f89bc3-5e6d-4336-6573-a40be33b0cd9"",""yes_price_dollars"":""0.4100""}"
KXETH15M-26APR281315-15,ac90dcb2-950b-4683-1ef8-f3ebc706934a,1777395627,0.49,18.54,no,"{""count_fp"":""18.54"",""created_time"":""2026-04-28T17:00:27.574913Z"",""no_price_dollars"":""0.5100"",""taker_side"":""no"",""ticker"":""KXETH15M-26APR281315-15"",""trade_id"":""ac90dcb2-950b-4683-1ef8-f3ebc706934a"",""yes_price_dollars"":""0.4900""}"
KXETH15M-26APR281315-15,1297e130-0510-6f6a-e36a-acf14aa3ad21,1777395627,0.5,27.98,no,"{""count_fp"":""27.98"",""created_time"":""2026-04-28T17:00:27.068878Z"",""no_price_dollars"":""0.5000"",""taker_side"":""no"",""ticker"":""KXETH15M-26APR281315-15"",""trade_id"":""1297e130-0510-6f6a-e36a-acf14aa3ad21"",""yes_price_dollars"":""0.5000""}"
KXETH15M-26APR281315-15,0ae86e63-7d77-697f-ce3d-6f29ffc0511c,1777395627,0.5,1.0,no,"{""count_fp"":""1.00"",""created_time"":""2026-04-28T17:00:27.068878Z"",""no_price_dollars"":""0.5000"",""taker_side"":""no"",""ticker"":""KXETH15M-26APR281315-15"",""trade_id"":""0ae86e63-7d77-697f-ce3d-6f29ffc0511c"",""yes_price_dollars"":""0.5000""}"
KXETH15M-26APR281315-15,c646addf-bd08-49e2-76ee-1a94a0b723d5,1777395628,0.49,46.87,no,"{""count_fp"":""46.87"",""created_time"":""2026-04-28T17:00:28.859865Z"",""no_price_dollars"":""0.5100"",""taker_side"":""no"",""ticker"":""KXETH15M-26APR281315-15"",""trade_id"":""c646addf-bd08-49e2-76ee-1a94a0b723d5"",""yes_price_dollars"":""0.4900""}"
KXETH15M-26APR281315-15,71afc9ab-7370-46a2-5ec9-d4abb023d57f,1777395628,0.49,10.0,no,"{""count_fp"":""10.00"",""created_time"":""2026-04-28T17:00:28.859865Z"",""no_price_dollars"":""0.5100"",""taker_side"":""no"",""ticker"":""KXETH15M-26APR281315-15"",""trade_id"":""71afc9ab-7370-46a2-5ec9-d4abb023d57f"",""yes_price_dollars"":""0.4900""}"
KXETH15M-26APR281315-15,ed49690b-b17d-46d1-6f80-943506ca4de0,1777395632,0.5,3.0,yes,"{""count_fp"":""3.00"",""created_time"":""2026-04-28T17:00:32.385449Z"",""no_price_dollars"":""0.5000"",""taker_side"":""yes"",""ticker"":""KXETH15M-26APR281315-15"",""trade_id"":""ed49690b-b17d-46d1-6f80-943506ca4de0"",""yes_price_dollars"":""0.5000""}"
KXETH15M-26APR281315-15,489b88af-2900-57aa-8607-802dfde585a7,1777395636,0.52,4.0,yes,"{""count_fp"":""4.00"",""created_time"":""2026-04-28T17:00:36.307403Z"",""no_price_dollars"":""0.4800"",""taker_side"":""yes"",""ticker"":""KXETH15M-26APR281315-15"",""trade_id"":""489b88af-2900-57aa-8607-802dfde585a7"",""yes_price_dollars"":""0.5200""}"
KXETH15M-26APR281315-15,f1c158c7-035c-5a76-c0a2-df9154352b57,1777395636,0.52,10.4,yes,"{""count_fp"":""10.40"",""created_time"":""2026-04-28T17:00:36.185287Z"",""no_price_dollars"":""0.4800"",""taker_side"":""yes"",""ticker"":""KXETH15M-26APR281315-15"",""trade_id"":""f1c158c7-035c-5a76-c0a2-df9154352b57"",""yes_price_dollars"":""0.5200""}"
KXETH15M-26APR281315-15,5422c3e2-605c-57ae-9cdf-40b4c790318a,1777395637,0.51,1.97,no,"{""count_fp"":""1.97"",""created_time"":""2026-04-28T17:00:37.316196Z"",""no_price_dollars"":""0.4900"",""taker_side"":""no"",""ticker"":""KXETH15M-26APR281315-15"",""trade_id"":""5422c3e2-605c-57ae-9cdf-40b4c790318a"",""yes_price_dollars"":""0.5100""}"
KXETH15M-26APR281315-15,51e86c8a-f5aa-5614-600c-715aa16872db,1777395642,0.51,1.0,yes,"{""count_fp"":""1.00"",""created_time"":""2026-04-28T17:00:42.839548Z"",""no_price_dollars"":""0.4900"",""taker_side"":""yes"",""ticker"":""KXETH15M-26APR281315-15"",""trade_id"":""51e86c8a-f5aa-5614-600c-715aa16872db"",""yes_price_dollars"":""0.5100""}"
KXETH15M-26APR281315-15,d5112b07-b8a8-7be2-f9f1-61e6da03e135,1777395646,0.5,2.86,no,"{""count_fp"":""2.86"",""created_time"":""2026-04-28T17:00:46.644881Z"",""no_price_dollars"":""0.5000"",""taker_side"":""no"",""ticker"":""KXETH15M-26APR281315-15"",""trade_id"":""d5112b07-b8a8-7be2-f9f1-61e6da03e135"",""yes_price_dollars"":""0.5000""}"
KXETH15M-26APR281315-15,293cbefe-94bb-72e0-e845-26adacc299ee,1777395646,0.5,1.0,no,"{""count_fp"":""1.00"",""created_time"":""2026-04-28T17:00:46.644881Z"",""no_price_dollars"":""0.5000"",""taker_side"":""no"",""ticker"":""KXETH15M-26APR281315-15"",""trade_id"":""293cbefe-94bb-72e0-e845-26adacc299ee"",""yes_price_dollars"":""0.5000""}"
KXETH15M-26APR281315-15,fb653a38-71bc-530a-53cd-043b4b25224f,1777395646,0.52,25.6,yes,"{""count_fp"":""25.60"",""created_time"":""2026-04-28T17:00:46.462065Z"",""no_price_dollars"":""0.4800"",""taker_side"":""yes"",""ticker"":""KXETH15M-26APR281315-15"",""trade_id"":""fb653a38-71bc-530a-53cd-043b4b25224f"",""yes_price_dollars"":""0.5200""}"
KXETH15M-26APR281315-15,caa20054-958c-5777-766c-e02ebbff2b6b,1777395646,0.54,0.43,yes,"{""count_fp"":""0.43"",""created_time"":""2026-04-28T17:00:46.462065Z"",""no_price_dollars"":""0.4600"",""taker_side"":""yes"",""ticker"":""KXETH15M-26APR281315-15"",""trade_id"":""caa20054-958c-5777-766c-e02ebbff2b6b"",""yes_price_dollars"":""0.5400""}"
KXETH15M-26APR281315-15,0becefa4-4b34-7071-f92c-1502ba781729,1777395660,0.53,2.0,yes,"{""count_fp"":""2.00"",""created_time"":""2026-04-28T17:01:00.602915Z"",""no_price_dollars"":""0.4700"",""taker_side"":""yes"",""ticker"":""KXETH15M-26APR281315-15"",""trade_id"":""0becefa4-4b34-7071-f92c-1502ba781729"",""yes_price_dollars"":""0.5300""}"
KXETH15M-26APR281315-15,f3be3f92-f721-581a-f29f-899319f682ac,1777395660,0.52,1.0,no,"{""count_fp"":""1.00"",""created_time"":""2026-04-28T17:01:00.064232Z"",""no_price_dollars"":""0.4800"",""taker_side"":""no"",""ticker"":""KXETH15M-26APR281315-15"",""trade_id"":""f3be3f92-f721-581a-f29f-899319f682ac"",""yes_price_dollars"":""0.5200""}"
KXETH15M-26APR281315-15,7f9eecea-024c-5d7a-b2b2-bb394993f5d6,1777395661,0.55,1.0,yes,"{""count_fp"":""1.00"",""created_time"":""2026-04-28T17:01:01.047162Z"",""no_price_dollars"":""0.4500"",""taker_side"":""yes"",""ticker"":""KXETH15M-26APR281315-15"",""trade_id"":""7f9eecea-024c-5d7a-b2b2-bb394993f5d6"",""yes_price_dollars"":""0.5500""}"
KXETH15M-26APR281315-15,f03661f6-34dc-6db2-7fbf-7ae4db47951e,1777395664,0.55,1.0,yes,"{""count_fp"":""1.00"",""created_time"":""2026-04-28T17:01:04.214338Z"",""no_price_dollars"":""0.4500"",""taker_side"":""yes"",""ticker"":""KXETH15M-26APR281315-15"",""trade_id"":""f03661f6-34dc-6db2-7fbf-7ae4db47951e"",""yes_price_dollars"":""0.5500""}"
KXETH15M-26APR281315-15,70b321e3-0217-7996-37ea-3ad6194a70cd,1777395667,0.54,1.0,no,"{""count_fp"":""1.00"",""created_time"":""2026-04-28T17:01:07.898056Z"",""no_price_dollars"":""0.4600"",""taker_side"":""no"",""ticker"":""KXETH15M-26APR281315-15"",""trade_id"":""70b321e3-0217-7996-37ea-3ad6194a70cd"",""yes_price_dollars"":""0.5400""}"
KXETH15M-26APR281315-15,92fd3beb-8937-752c-cc5f-099cf3cf0831,1777395667,0.57,0.3,yes,"{""count_fp"":""0.30"",""created_time"":""2026-04-28T17:01:07.865749Z"",""no_price_dollars"":""0.4300"",""taker_side"":""yes"",""ticker"":""KXETH15M-26APR281315-15"",""trade_id"":""92fd3beb-8937-752c-cc5f-099cf3cf0831"",""yes_price_dollars"":""0.5700""}"
KXETH15M-26APR281315-15,d07b2649-ea04-61be-f254-703c7336ea52,1777395667,0.55,1.0,yes,"{""count_fp"":""1.00"",""created_time"":""2026-04-28T17:01:07.858565Z"",""no_price_dollars"":""0.4500"",""taker_side"":""yes"",""ticker"":""KXETH15M-26APR281315-15"",""trade_id"":""d07b2649-ea04-61be-f254-703c7336ea52"",""yes_price_dollars"":""0.5500""}"
KXETH15M-26APR281315-15,aab92a50-53c7-6350-e6a5-2b50c0858c51,1777395667,0.57,9.0,yes,"{""count_fp"":""9.00"",""created_time"":""2026-04-28T17:01:07.858565Z"",""no_price_dollars"":""0.4300"",""taker_side"":""yes"",""ticker"":""KXETH15M-26APR281315-15"",""trade_id"":""aab92a50-53c7-6350-e6a5-2b50c0858c51"",""yes_price_dollars"":""0.5700""}"
KXETH15M-26APR281315-15,1a126de1-39be-7fc3-650b-095fa743ceb2,1777395668,0.62,4.0,no,"{""count_fp"":""4.00"",""created_time"":""2026-04-28T17:01:08.890456Z"",""no_price_dollars"":""0.3800"",""taker_side"":""no"",""ticker"":""KXETH15M-26APR281315-15"",""trade_id"":""1a126de1-39be-7fc3-650b-095fa743ceb2"",""yes_price_dollars"":""0.6200""}"
KXETH15M-26APR281315-15,8263acaf-1cc7-6ce9-8c94-f04c56e0f809,1777395669,0.67,3.0,yes,"{""count_fp"":""3.00"",""created_time"":""2026-04-28T17:01:09.980808Z"",""no_price_dollars"":""0.3300"",""taker_side"":""yes"",""ticker"":""KXETH15M-26APR281315-15"",""trade_id"":""8263acaf-1cc7-6ce9-8c94-f04c56e0f809"",""yes_price_dollars"":""0.6700""}"
KXETH15M-26APR281315-15,0dfc7c79-111b-69d2-9c41-a41b097a65bf,1777395669,0.67,10.0,yes,"{""count_fp"":""10.00"",""created_time"":""2026-04-28T17:01:09.980808Z"",""no_price_dollars"":""0.3300"",""taker_side"":""yes"",""ticker"":""KXETH15M-26APR281315-15"",""trade_id"":""0dfc7c79-111b-69d2-9c41-a41b097a65bf"",""yes_price_dollars"":""0.6700""}"
KXETH15M-26APR281315-15,2af45fd8-b597-61c9-d59d-db0d27779351,1777395670,0.67,36.09,yes,"{""count_fp"":""36.09"",""created_time"":""2026-04-28T17:01:10.100685Z"",""no_price_dollars"":""0.3300"",""taker_side"":""yes"",""ticker"":""KXETH15M-26APR281315-15"",""trade_id"":""2af45fd8-b597-61c9-d59d-db0d27779351"",""yes_price_dollars"":""0.6700""}"
KXETH15M-26APR281315-15,bfefb3cc-4c53-6935-ebfc-f1d2828446ed,1777395676,0.65,13.0,yes,"{""count_fp"":""13.00"",""created_time"":""2026-04-28T17:01:16.998805Z"",""no_price_dollars"":""0.3500"",""taker_side"":""yes"",""ticker"":""KXETH15M-26APR281315-15"",""trade_id"":""bfefb3cc-4c53-6935-ebfc-f1d2828446ed"",""yes_price_dollars"":""0.6500""}"
KXETH15M-26APR281315-15,7d2f69fa-6ed2-6f6b-e657-5ac123d86e97,1777395676,0.65,10.0,yes,"{""count_fp"":""10.00"",""created_time"":""2026-04-28T17:01:16.998805Z"",""no_price_dollars"":""0.3500"",""taker_side"":""yes"",""ticker"":""KXETH15M-26APR281315-15"",""trade_id"":""7d2f69fa-6ed2-6f6b-e657-5ac123d86e97"",""yes_price_dollars"":""0.6500""}"
KXETH15M-26APR281315-15,4c0d35c0-2459-493a-972a-9af718565407,1777395677,0.61,10.0,no,"{""count_fp"":""10.00"",""created_time"":""2026-04-28T17:01:17.175907Z"",""no_price_dollars"":""0.3900"",""taker_side"":""no"",""ticker"":""KXETH15M-26APR281315-15"",""trade_id"":""4c0d35c0-2459-493a-972a-9af718565407"",""yes_price_dollars"":""0.6100""}"
KXETH15M-26APR281315-15,108ccb42-bd90-4552-bdc3-ddee76342c89,1777395677,0.61,30.0,no,"{""count_fp"":""30.00"",""created_time"":""2026-04-28T17:01:17.175907Z"",""no_price_dollars"":""0.3900"",""taker_side"":""no"",""ticker"":""KXETH15M-26APR281315-15"",""trade_id"":""108ccb42-bd90-4552-bdc3-ddee76342c89"",""yes_price_dollars"":""0.6100""}"
KXETH15M-26APR281315-15,1e9915c6-374f-4d1d-c9ac-ee6bcb165155,1777395678,0.63,36.0,yes,"{""count_fp"":""36.00"",""created_time"":""2026-04-28T17:01:18.703561Z"",""no_price_dollars"":""0.3700"",""taker_side"":""yes"",""ticker"":""KXETH15M-26APR281315-15"",""trade_id"":""1e9915c6-374f-4d1d-c9ac-ee6bcb165155"",""yes_price_dollars"":""0.6300""}"
KXETH15M-26APR281315-15,78afd2eb-f6e8-7996-5674-76c284e4d8ac,1777395678,0.62,3.0,yes,"{""count_fp"":""3.00"",""created_time"":""2026-04-28T17:01:18.280082Z"",""no_price_dollars"":""0.3800"",""taker_side"":""yes"",""ticker"":""KXETH15M-26APR281315-15"",""trade_id"":""78afd2eb-f6e8-7996-5674-76c284e4d8ac"",""yes_price_dollars"":""0.6200""}"
KXETH15M-26APR281315-15,9e613226-2b3d-5c43-ddee-6be3836ba7fd,1777395679,0.6,23.88,no,"{""count_fp"":""23.88"",""created_time"":""2026-04-28T17:01:19.352246Z"",""no_price_dollars"":""0.4000"",""taker_side"":""no"",""ticker"":""KXETH15M-26APR281315-15"",""trade_id"":""9e613226-2b3d-5c43-ddee-6be3836ba7fd"",""yes_price_dollars"":""0.6000""}"
KXETH15M-26APR281315-15,8961e099-298f-789d-4527-2f66aaf00019,1777395682,0.63,254.0,yes,"{""count_fp"":""254.00"",""created_time"":""2026-04-28T17:01:22.374204Z"",""no_price_dollars"":""0.3700"",""taker_side"":""yes"",""ticker"":""KXETH15M-26APR281315-15"",""trade_id"":""8961e099-298f-789d-4527-2f66aaf00019"",""yes_price_dollars"":""0.6300""}"
KXETH15M-26APR281315-15,8d8be552-c836-4349-e0ce-0a8a016868c3,1777395682,0.62,7.73,yes,"{""count_fp"":""7.73"",""created_time"":""2026-04-28T17:01:22.000374Z"",""no_price_dollars"":""0.3800"",""taker_side"":""yes"",""ticker"":""KXETH15M-26APR281315-15"",""trade_id"":""8d8be552-c836-4349-e0ce-0a8a016868c3"",""yes_price_dollars"":""0.6200""}"
KXETH15M-26APR281315-15,b60402d9-a569-6d41-a9d1-34a6c783a34f,1777395686,0.57,19.0,no,"{""count_fp"":""19.00"",""created_time"":""2026-04-28T17:01:26.813678Z"",""no_price_dollars"":""0.4300"",""taker_side"":""no"",""ticker"":""KXETH15M-26APR281315-15"",""trade_id"":""b60402d9-a569-6d41-a9d1-34a6c783a34f"",""yes_price_dollars"":""0.5700""}"
KXETH15M-26APR281315-15,fc107951-d919-41ff-ebaa-3a9c6e0fda26,1777395686,0.58,10.0,no,"{""count_fp"":""10.00"",""created_time"":""2026-04-28T17:01:26.710133Z"",""no_price_dollars"":""0.4200"",""taker_side"":""no"",""ticker"":""KXETH15M-26APR281315-15"",""trade_id"":""fc107951-d919-41ff-ebaa-3a9c6e0fda26"",""yes_price_dollars"":""0.5800""}"
KXETH15M-26APR281315-15,1ac7aaee-d70c-4af3-e81d-a90c041d184d,1777395686,0.58,66.0,no,"{""count_fp"":""66.00"",""created_time"":""2026-04-28T17:01:26.710133Z"",""no_price_dollars"":""0.4200"",""taker_side"":""no"",""ticker"":""KXETH15M-26APR281315-15"",""trade_id"":""1ac7aaee-d70c-4af3-e81d-a90c041d184d"",""yes_price_dollars"":""0.5800""}"
KXETH15M-26APR281315-15,e8b9d855-e1f5-78b7-a330-f6f5b793230d,1777395686,0.59,100.0,no,"{""count_fp"":""100.00"",""created_time"":""2026-04-28T17:01:26.706535Z"",""no_price_dollars"":""0.4100"",""taker_side"":""no"",""ticker"":""KXETH15M-26APR281315-15"",""trade_id"":""e8b9d855-e1f5-78b7-a330-f6f5b793230d"",""yes_price_dollars"":""0.5900""}"
KXETH15M-26APR281315-15,910cc9b5-9696-779f-b67e-9f795276fc46,1777395686,0.59,10.0,no,"{""count_fp"":""10.00"",""created_time"":""2026-04-28T17:01:26.706535Z"",""no_price_dollars"":""0.4100"",""taker_side"":""no"",""ticker"":""KXETH15M-26APR281315-15"",""trade_id"":""910cc9b5-9696-779f-b67e-9f795276fc46"",""yes_price_dollars"":""0.5900""}"
KXETH15M-26APR281315-15,ca9468bf-2836-6e5f-d075-1306baccd3ad,1777395689,0.56,1.0,no,"{""count_fp"":""1.00"",""created_time"":""2026-04-28T17:01:29.322784Z"",""no_price_dollars"":""0.4400"",""taker_side"":""no"",""ticker"":""KXETH15M-26APR281315-15"",""trade_id"":""ca9468bf-2836-6e5f-d075-1306baccd3ad"",""yes_price_dollars"":""0.5600""}"
KXETH15M-26APR281315-15,567a0a1e-5eb3-6438-dcff-2918e66948fd,1777395689,0.55,2.0,no,"{""count_fp"":""2.00"",""created_time"":""2026-04-28T17:01:29.322784Z"",""no_price_dollars"":""0.4500"",""taker_side"":""no"",""ticker"":""KXETH15M-26APR281315-15"",""trade_id"":""567a0a1e-5eb3-6438-dcff-2918e66948fd"",""yes_price_dollars"":""0.5500""}"
KXETH15M-26APR281315-15,9d7c8cc0-582b-72a9-6ff4-679611f2d055,1777395692,0.59,5.0,yes,"{""count_fp"":""5.00"",""created_time"":""2026-04-28T17:01:32.430591Z"",""no_price_dollars"":""0.4100"",""taker_side"":""yes"",""ticker"":""KXETH15M-26APR281315-15"",""trade_id"":""9d7c8cc0-582b-72a9-6ff4-679611f2d055"",""yes_price_dollars"":""0.5900""}"
KXETH15M-26APR281315-15,b4b79d7b-93ca-4e9e-22ff-0351b793bf02,1777395692,0.58,25.0,no,"{""count_fp"":""25.00"",""created_time"":""2026-04-28T17:01:32.073872Z"",""no_price_dollars"":""0.4200"",""taker_side"":""no"",""ticker"":""KXETH15M-26APR281315-15"",""trade_id"":""b4b79d7b-93ca-4e9e-22ff-0351b793bf02"",""yes_price_dollars"":""0.5800""}"
KXETH15M-26APR281315-15,d68633df-b3e6-57a0-e70d-d98bf4d93d0d,1777395704,0.57,5.0,no,"{""count_fp"":""5.00"",""created_time"":""2026-04-28T17:01:44.777904Z"",""no_price_dollars"":""0.4300"",""taker_side"":""no"",""ticker"":""KXETH15M-26APR281315-15"",""trade_id"":""d68633df-b3e6-57a0-e70d-d98bf4d93d0d"",""yes_price_dollars"":""0.5700""}"
KXETH15M-26APR281315-15,d0d5c758-1bd7-513c-c3cd-da7d521e35ed,1777395704,0.57,11.0,no,"{""count_fp"":""11.00"",""created_time"":""2026-04-28T17:01:44.777904Z"",""no_price_dollars"":""0.4300"",""taker_side"":""no"",""ticker"":""KXETH15M-26APR281315-15"",""trade_id"":""d0d5c758-1bd7-513c-c3cd-da7d521e35ed"",""yes_price_dollars"":""0.5700""}"
KXETH15M-26APR281315-15,38b145d9-cf5a-425b-e820-71cd7ea076c6,1777395705,0.58,9.49,yes,"{""count_fp"":""9.49"",""created_time"":""2026-04-28T17:01:45.955062Z"",""no_price_dollars"":""0.4200"",""taker_side"":""yes"",""ticker"":""KXETH15M-26APR281315-15"",""trade_id"":""38b145d9-cf5a-425b-e820-71cd7ea076c6"",""yes_price_dollars"":""0.5800""}"
KXETH15M-26APR281315-15,b8a7859b-29c7-49a5-bdba-8586fe9d2395,1777395705,0.59,6.0,yes,"{""count_fp"":""6.00"",""created_time"":""2026-04-28T17:01:45.670465Z"",""no_price_dollars"":""0.4100"",""taker_side"":""yes"",""ticker"":""KXETH15M-26APR281315-15"",""trade_id"":""b8a7859b-29c7-49a5-bdba-8586fe9d2395"",""yes_price_dollars"":""0.5900""}"
KXETH15M-26APR281315-15,8123e404-1ea5-4d42-813d-b864be51a87d,1777395705,0.59,1.0,yes,"{""count_fp"":""1.00"",""created_time"":""2026-04-28T17:01:45.670465Z"",""no_price_dollars"":""0.4100"",""taker_side"":""yes"",""ticker"":""KXETH15M-26APR281315-15"",""trade_id"":""8123e404-1ea5-4d42-813d-b864be51a87d"",""yes_price_dollars"":""0.5900""}"
KXETH15M-26APR281315-15,78e9ca49-070e-4e2f-a55f-1b5ac1215430,1777395705,0.59,1.0,yes,"{""count_fp"":""1.00"",""created_time"":""2026-04-28T17:01:45.670465Z"",""no_price_dollars"":""0.4100"",""taker_side"":""yes"",""ticker"":""KXETH15M-26APR281315-15"",""trade_id"":""78e9ca49-070e-4e2f-a55f-1b5ac1215430"",""yes_price_dollars"":""0.5900""}"
KXETH15M-26APR281315-15,dbe9890b-7b47-5ff1-b25e-224fb8454a85,1777395708,0.56,6.68,yes,"{""count_fp"":""6.68"",""created_time"":""2026-04-28T17:01:48.201063Z"",""no_price_dollars"":""0.4400"",""taker_side"":""yes"",""ticker"":""KXETH15M-26APR281315-15"",""trade_id"":""dbe9890b-7b47-5ff1-b25e-224fb8454a85"",""yes_price_dollars"":""0.5600""}"
KXETH15M-26APR281315-15,6d96f3d3-0ef9-5c39-0d68-a4fbd21f008d,1777395711,0.54,3.47,no,"{""count_fp"":""3.47"",""created_time"":""2026-04-28T17:01:51.890825Z"",""no_price_dollars"":""0.4600"",""taker_side"":""no"",""ticker"":""KXETH15M-26APR281315-15"",""trade_id"":""6d96f3d3-0ef9-5c39-0d68-a4fbd21f008d"",""yes_price_dollars"":""0.5400""}"
KXETH15M-26APR281315-15,1335a5d7-1ba3-5c62-1287-1922b09cc271,1777395711,0.54,7.0,no,"{""count_fp"":""7.00"",""created_time"":""2026-04-28T17:01:51.890825Z"",""no_price_dollars"":""0.4600"",""taker_side"":""no"",""ticker"":""KXETH15M-26APR281315-15"",""trade_id"":""1335a5d7-1ba3-5c62-1287-1922b09cc271"",""yes_price_dollars"":""0.5400""}"
KXETH15M-26APR281315-15,a82d11af-0731-7555-ae6d-8e412ad667c5,1777395718,0.54,10.0,no,"{""count_fp"":""10.00"",""created_time"":""2026-04-28T17:01:58.814705Z"",""no_price_dollars"":""0.4600"",""taker_side"":""no"",""ticker"":""KXETH15M-26APR281315-15"",""trade_id"":""a82d11af-0731-7555-ae6d-8e412ad667c5"",""yes_price_dollars"":""0.5400""}"
KXETH15M-26APR281315-15,0651209b-f1b3-785c-bd81-8ef57c5d2a49,1777395718,0.54,51.54,no,"{""count_fp"":""51.54"",""created_time"":""2026-04-28T17:01:58.814705Z"",""no_price_dollars"":""0.4600"",""taker_side"":""no"",""ticker"":""KXETH15M-26APR281315-15"",""trade_id"":""0651209b-f1b3-785c-bd81-8ef57c5d2a49"",""yes_price_dollars"":""0.5400""}"
KXETH15M-26APR281315-15,17371383-0921-63a2-ad1e-07b28e7627fc,1777395720,0.52,0.39,no,"{""count_fp"":""0.39"",""created_time"":""2026-04-28T17:02:00.734174Z"",""no_price_dollars"":""0.4800"",""taker_side"":""no"",""ticker"":""KXETH15M-26APR281315-15"",""trade_id"":""17371383-0921-63a2-ad1e-07b28e7627fc"",""yes_price_dollars"":""0.5200""}"
KXETH15M-26APR281315-15,c9ac196f-3309-428a-7ea6-56a66effc2d0,1777395722,0.52,0.61,no,"{""count_fp"":""0.61"",""created_time"":""2026-04-28T17:02:02.801101Z"",""no_price_dollars"":""0.4800"",""taker_side"":""no"",""ticker"":""KXETH15M-26APR281315-15"",""trade_id"":""c9ac196f-3309-428a-7ea6-56a66effc2d0"",""yes_price_dollars"":""0.5200""}"
KXETH15M-26APR281315-15,1ac07dd1-9557-5da5-0ade-b4097224ceb9,1777395723,0.5,4.0,yes,"{""count_fp"":""4.00"",""created_time"":""2026-04-28T17:02:03.107671Z"",""no_price_dollars"":""0.5000"",""taker_side"":""yes"",""ticker"":""KXETH15M-26APR281315-15"",""trade_id"":""1ac07dd1-9557-5da5-0ade-b4097224ceb9"",""yes_price_dollars"":""0.5000""}"
KXETH15M-26APR281315-15,80072f9c-0bcb-589a-b4b8-d6b11bcb1d1e,1777395723,0.51,1.0,no,"{""count_fp"":""1.00"",""created_time"":""2026-04-28T17:02:03.014044Z"",""no_price_dollars"":""0.4900"",""taker_side"":""no"",""ticker"":""KXETH15M-26APR281315-15"",""trade_id"":""80072f9c-0bcb-589a-b4b8-d6b11bcb1d1e"",""yes_price_dollars"":""0.5100""}"
KXETH15M-26APR281315-15,d475a727-5503-4626-cb95-793d4aac959e,1777395723,0.51,22.0,no,"{""count_fp"":""22.00"",""created_time"":""2026-04-28T17:02:03.008098Z"",""no_price_dollars"":""0.4900"",""taker_side"":""no"",""ticker"":""KXETH15M-26APR281315-15"",""trade_id"":""d475a727-5503-4626-cb95-793d4aac959e"",""yes_price_dollars"":""0.5100""}"
KXETH15M-26APR281315-15,5f09368a-cd6e-6c75-0e2c-479d01bc2d26,1777395726,0.47,3.0,yes,"{""count_fp"":""3.00"",""created_time"":""2026-04-28T17:02:06.653007Z"",""no_price_dollars"":""0.5300"",""taker_side"":""yes"",""ticker"":""KXETH15M-26APR281315-15"",""trade_id"":""5f09368a-cd6e-6c75-0e2c-479d01bc2d26"",""yes_price_dollars"":""0.4700""}"
KXETH15M-26APR281315-15,cc52c90d-cd5b-43dd-208d-25197417508d,1777395732,0.42,3.33,no,"{""count_fp"":""3.33"",""created_time"":""2026-04-28T17:02:12.712769Z"",""no_price_dollars"":""0.5800"",""taker_side"":""no"",""ticker"":""KXETH15M-26APR281315-15"",""trade_id"":""cc52c90d-cd5b-43dd-208d-25197417508d"",""yes_price_dollars"":""0.4200""}"
KXETH15M-26APR281315-15,ebf5ff9f-d6ba-5ae1-fe90-5e43d368af71,1777395734,0.47,0.39,yes,"{""count_fp"":""0.39"",""created_time"":""2026-04-28T17:02:14.833099Z"",""no_price_dollars"":""0.5300"",""taker_side"":""yes"",""ticker"":""KXETH15M-26APR281315-15"",""trade_id"":""ebf5ff9f-d6ba-5ae1-fe90-5e43d368af71"",""yes_price_dollars"":""0.4700""}"
KXETH15M-26APR281315-15,a1779a58-8e3e-7449-9066-e9631981a7de,1777395734,0.41,8.23,no,"{""count_fp"":""8.23"",""created_time"":""2026-04-28T17:02:14.682271Z"",""no_price_dollars"":""0.5900"",""taker_side"":""no"",""ticker"":""KXETH15M-26APR281315-15"",""trade_id"":""a1779a58-8e3e-7449-9066-e9631981a7de"",""yes_price_dollars"":""0.4100""}"
KXETH15M-26APR281315-15,d36797dd-ce5e-707d-cc64-4ebf09170576,1777395736,0.37,10.0,no,"{""count_fp"":""10.00"",""created_time"":""2026-04-28T17:02:16.995385Z"",""no_price_dollars"":""0.6300"",""taker_side"":""no"",""ticker"":""KXETH15M-26APR281315-15"",""trade_id"":""d36797dd-ce5e-707d-cc64-4ebf09170576"",""yes_price_dollars"":""0.3700""}"
KXETH15M-26APR281315-15,6ca1fd10-90df-7323-dc2f-2395ecee6c84,1777395736,0.4,10.0,no,"{""count_fp"":""10.00"",""created_time"":""2026-04-28T17:02:16.995385Z"",""no_price_dollars"":""0.6000"",""taker_side"":""no"",""ticker"":""KXETH15M-26APR281315-15"",""trade_id"":""6ca1fd10-90df-7323-dc2f-2395ecee6c84"",""yes_price_dollars"":""0.4000""}"
KXETH15M-26APR281315-15,17cad424-6c0c-6d39-7669-f41f1b36eaf5,1777395736,0.4,1.0,no,"{""count_fp"":""1.00"",""created_time"":""2026-04-28T17:02:16.710643Z"",""no_price_dollars"":""0.6000"",""taker_side"":""no"",""ticker"":""KXETH15M-26APR281315-15"",""trade_id"":""17cad424-6c0c-6d39-7669-f41f1b36eaf5"",""yes_price_dollars"":""0.4000""}"
KXETH15M-26APR281315-15,a7bc9691-05b3-4555-0061-a8c9e71d3589,1777395737,0.42,10.0,yes,"{""count_fp"":""10.00"",""created_time"":""2026-04-28T17:02:17.662145Z"",""no_price_dollars"":""0.5800"",""taker_side"":""yes"",""ticker"":""KXETH15M-26APR281315-15"",""trade_id"":""a7bc9691-05b3-4555-0061-a8c9e71d3589"",""yes_price_dollars"":""0.4200""}"
KXETH15M-26APR281315-15,88e9ad51-4106-6fd3-e7b2-cc3fa9a58016,1777395738,0.41,10.0,yes,"{""count_fp"":""10.00"",""created_time"":""2026-04-28T17:02:18.481687Z"",""no_price_dollars"":""0.5900"",""taker_side"":""yes"",""ticker"":""KXETH15M-26APR281315-15"",""trade_id"":""88e9ad51-4106-6fd3-e7b2-cc3fa9a58016"",""yes_price_dollars"":""0.4100""}"
KXETH15M-26APR281315-15,7dcaab1d-8742-660d-d98d-247e1719b02a,1777395738,0.41,20.0,yes,"{""count_fp"":""20.00"",""created_time"":""2026-04-28T17:02:18.481687Z"",""no_price_dollars"":""0.5900"",""taker_side"":""yes"",""ticker"":""KXETH15M-26APR281315-15"",""trade_id"":""7dcaab1d-8742-660d-d98d-247e1719b02a"",""yes_price_dollars"":""0.4100""}"
KXETH15M-26APR281315-15,f8999db6-626f-7ba8-2652-32c29ce6a5d1,1777395738,0.36,16.03,no,"{""count_fp"":""16.03"",""created_time"":""2026-04-28T17:02:18.198868Z"",""no_price_dollars"":""0.6400"",""taker_side"":""no"",""ticker"":""KXETH15M-26APR281315-15"",""trade_id"":""f8999db6-626f-7ba8-2652-32c29ce6a5d1"",""yes_price_dollars"":""0.3600""}"
KXETH15M-26APR281315-15,45748f0c-ae68-7838-3462-c798e6a676f0,1777395738,0.36,10.0,no,"{""count_fp"":""10.00"",""created_time"":""2026-04-28T17:02:18.198868Z"",""no_price_dollars"":""0.6400"",""taker_side"":""no"",""ticker"":""KXETH15M-26APR281315-15"",""trade_id"":""45748f0c-ae68-7838-3462-c798e6a676f0"",""yes_price_dollars"":""0.3600""}"
KXETH15M-26APR281315-15,2e1d5054-60a2-52f6-e818-7e66dff7868a,1777395740,0.36,10.0,no,"{""count_fp"":""10.00"",""created_time"":""2026-04-28T17:02:20.280377Z"",""no_price_dollars"":""0.6400"",""taker_side"":""no"",""ticker"":""KXETH15M-26APR281315-15"",""trade_id"":""2e1d5054-60a2-52f6-e818-7e66dff7868a"",""yes_price_dollars"":""0.3600""}"
KXETH15M-26APR281315-15,ee7ee7dd-c461-4b37-83e3-860f19a06d44,1777395744,0.36,6.0,no,"{""count_fp"":""6.00"",""created_time"":""2026-04-28T17:02:24.961228Z"",""no_price_dollars"":""0.6400"",""taker_side"":""no"",""ticker"":""KXETH15M-26APR281315-15"",""trade_id"":""ee7ee7dd-c461-4b37-83e3-860f19a06d44"",""yes_price_dollars"":""0.3600""}"
KXETH15M-26APR281315-15,f356c4b8-2589-65d6-9a5f-2a4999b1065e,1777395751,0.36,0.3,no,"{""count_fp"":""0.30"",""created_time"":""2026-04-28T17:02:31.832953Z"",""no_price_dollars"":""0.6400"",""taker_side"":""no"",""ticker"":""KXETH15M-26APR281315-15"",""trade_id"":""f356c4b8-2589-65d6-9a5f-2a4999b1065e"",""yes_price_dollars"":""0.3600""}"
KXETH15M-26APR281315-15,3b92d5dc-ed82-6b87-1fcf-d1919d296cbd,1777395752,0.4,7.19,yes,"{""count_fp"":""7.19"",""created_time"":""2026-04-28T17:02:32.003445Z"",""no_price_dollars"":""0.6000"",""taker_side"":""yes"",""ticker"":""KXETH15M-26APR281315-15"",""trade_id"":""3b92d5dc-ed82-6b87-1fcf-d1919d296cbd"",""yes_price_dollars"":""0.4000""}"
KXETH15M-26APR281315-15,c51b5e1d-8fb6-5e09-12e1-5967da0867ad,1777395754,0.35,7.5,no,"{""count_fp"":""7.50"",""created_time"":""2026-04-28T17:02:34.572427Z"",""no_price_dollars"":""0.6500"",""taker_side"":""no"",""ticker"":""KXETH15M-26APR281315-15"",""trade_id"":""c51b5e1d-8fb6-5e09-12e1-5967da0867ad"",""yes_price_dollars"":""0.3500""}"
KXETH15M-26APR281315-15,fe0cea8e-b606-444b-263d-f87e787489c5,1777395755,0.39,2.39,yes,"{""count_fp"":""2.39"",""created_time"":""2026-04-28T17:02:35.679386Z"",""no_price_dollars"":""0.6100"",""taker_side"":""yes"",""ticker"":""KXETH15M-26APR281315-15"",""trade_id"":""fe0cea8e-b606-444b-263d-f87e787489c5"",""yes_price_dollars"":""0.3900""}"
KXETH15M-26APR281315-15,db4c1d9c-713f-6182-d6c5-0197a12a4e0c,1777395758,0.38,9.67,yes,"{""count_fp"":""9.67"",""created_time"":""2026-04-28T17:02:38.598228Z"",""no_price_dollars"":""0.6200"",""taker_side"":""yes"",""ticker"":""KXETH15M-26APR281315-15"",""trade_id"":""db4c1d9c-713f-6182-d6c5-0197a12a4e0c"",""yes_price_dollars"":""0.3800""}"
KXETH15M-26APR281315-15,9899100e-cfde-63d3-e518-1c3f27d2d9a9,1777395758,0.39,10.0,yes,"{""count_fp"":""10.00"",""created_time"":""2026-04-28T17:02:38.598228Z"",""no_price_dollars"":""0.6100"",""taker_side"":""yes"",""ticker"":""KXETH15M-26APR281315-15"",""trade_id"":""9899100e-cfde-63d3-e518-1c3f27d2d9a9"",""yes_price_dollars"":""0.3900""}"
KXETH15M-26APR281315-15,65073e14-9f26-6f95-d8a3-fa420ff6d7b3,1777395758,0.39,1.0,yes,"{""count_fp"":""1.00"",""created_time"":""2026-04-28T17:02:38.598228Z"",""no_price_dollars"":""0.6100"",""taker_side"":""yes"",""ticker"":""KXETH15M-26APR281315-15"",""trade_id"":""65073e14-9f26-6f95-d8a3-fa420ff6d7b3"",""yes_price_dollars"":""0.3900""}"
KXETH15M-26APR281315-15,074ceb06-581c-6c44-e1a4-f3d5f00303d5,1777395758,0.39,0.41,yes,"{""count_fp"":""0.41"",""created_time"":""2026-04-28T17:02:38.598228Z"",""no_price_dollars"":""0.6100"",""taker_side"":""yes"",""ticker"":""KXETH15M-26APR281315-15"",""trade_id"":""074ceb06-581c-6c44-e1a4-f3d5f00303d5"",""yes_price_dollars"":""0.3900""}"
KXETH15M-26APR281315-15,ada05a2b-8d2e-7a89-2d9b-079a0bdaf16d,1777395760,0.34,0.52,no,"{""count_fp"":""0.52"",""created_time"":""2026-04-28T17:02:40.373924Z"",""no_price_dollars"":""0.6600"",""taker_side"":""no"",""ticker"":""KXETH15M-26APR281315-15"",""trade_id"":""ada05a2b-8d2e-7a89-2d9b-079a0bdaf16d"",""yes_price_dollars"":""0.3400""}"
KXETH15M-26APR281315-15,59a82c61-d783-7086-1de9-c052d24db5f5,1777395760,0.37,1.0,no,"{""count_fp"":""1.00"",""created_time"":""2026-04-28T17:02:40.373924Z"",""no_price_dollars"":""0.6300"",""taker_side"":""no"",""ticker"":""KXETH15M-26APR281315-15"",""trade_id"":""59a82c61-d783-7086-1de9-c052d24db5f5"",""yes_price_dollars"":""0.3700""}"
KXETH15M-26APR281315-15,d187c8d7-5123-454e-45b1-45a000fed12d,1777395764,0.36,2.0,no,"{""count_fp"":""2.00"",""created_time"":""2026-04-28T17:02:44.227923Z"",""no_price_dollars"":""0.6400"",""taker_side"":""no"",""ticker"":""KXETH15M-26APR281315-15"",""trade_id"":""d187c8d7-5123-454e-45b1-45a000fed12d"",""yes_price_dollars"":""0.3600""}"
KXETH15M-26APR281315-15,c05f73e2-74a7-4e26-4da0-a5e2def9d1cb,1777395764,0.34,10.0,no,"{""count_fp"":""10.00"",""created_time"":""2026-04-28T17:02:44.227923Z"",""no_price_dollars"":""0.6600"",""taker_side"":""no"",""ticker"":""KXETH15M-26APR281315-15"",""trade_id"":""c05f73e2-74a7-4e26-4da0-a5e2def9d1cb"",""yes_price_dollars"":""0.3400""}"
KXETH15M-26APR281315-15,60749ea7-1316-46c5-5e6b-f235bc2921e1,1777395764,0.34,10.0,no,"{""count_fp"":""10.00"",""created_time"":""2026-04-28T17:02:44.227923Z"",""no_price_dollars"":""0.6600"",""taker_side"":""no"",""ticker"":""KXETH15M-26APR281315-15"",""trade_id"":""60749ea7-1316-46c5-5e6b-f235bc2921e1"",""yes_price_dollars"":""0.3400""}"
KXETH15M-26APR281315-15,00d98e93-1c0f-4bdc-5ceb-6c2e4b1780d5,1777395764,0.33,30.81,no,"{""count_fp"":""30.81"",""created_time"":""2026-04-28T17:02:44.227923Z"",""no_price_dollars"":""0.6700"",""taker_side"":""no"",""ticker"":""KXETH15M-26APR281315-15"",""trade_id"":""00d98e93-1c0f-4bdc-5ceb-6c2e4b1780d5"",""yes_price_dollars"":""0.3300""}"
KXETH15M-26APR281315-15,ca757990-af9d-4f6c-2604-bfbc9f0ad88d,1777395769,0.36,7.0,yes,"{""count_fp"":""7.00"",""created_time"":""2026-04-28T17:02:49.909545Z"",""no_price_dollars"":""0.6400"",""taker_side"":""yes"",""ticker"":""KXETH15M-26APR281315-15"",""trade_id"":""ca757990-af9d-4f6c-2604-bfbc9f0ad88d"",""yes_price_dollars"":""0.3600""}"
KXETH15M-26APR281315-15,b0e4dbee-d643-605a-3115-96da63087456,1777395770,0.37,125.12,yes,"{""count_fp"":""125.12"",""created_time"":""2026-04-28T17:02:50.280296Z"",""no_price_dollars"":""0.6300"",""taker_side"":""yes"",""ticker"":""KXETH15M-26APR281315-15"",""trade_id"":""b0e4dbee-d643-605a-3115-96da63087456"",""yes_price_dollars"":""0.3700""}"
KXETH15M-26APR281315-15,77159d0b-6042-6ffb-345d-c4bd66b7a7ea,1777395770,0.37,1.0,yes,"{""count_fp"":""1.00"",""created_time"":""2026-04-28T17:02:50.280296Z"",""no_price_dollars"":""0.6300"",""taker_side"":""yes"",""ticker"":""KXETH15M-26APR281315-15"",""trade_id"":""77159d0b-6042-6ffb-345d-c4bd66b7a7ea"",""yes_price_dollars"":""0.3700""}"
KXETH15M-26APR281315-15,b28aac9e-4f51-7fbd-13f5-dc1bc91f674e,1777395771,0.33,8.18,no,"{""count_fp"":""8.18"",""created_time"":""2026-04-28T17:02:51.047978Z"",""no_price_dollars"":""0.6700"",""taker_side"":""no"",""ticker"":""KXETH15M-26APR281315-15"",""trade_id"":""b28aac9e-4f51-7fbd-13f5-dc1bc91f674e"",""yes_price_dollars"":""0.3300""}"
KXETH15M-26APR281315-15,8a6e23e6-7c2e-7246-1722-b69982253a66,1777395771,0.33,13.39,no,"{""count_fp"":""13.39"",""created_time"":""2026-04-28T17:02:51.047978Z"",""no_price_dollars"":""0.6700"",""taker_side"":""no"",""ticker"":""KXETH15M-26APR281315-15"",""trade_id"":""8a6e23e6-7c2e-7246-1722-b69982253a66"",""yes_price_dollars"":""0.3300""}"
KXETH15M-26APR281315-15,ad760677-8e1b-4a99-b049-b56dfa043fa6,1777395772,0.34,1.0,yes,"{""count_fp"":""1.00"",""created_time"":""2026-04-28T17:02:52.554204Z"",""no_price_dollars"":""0.6600"",""taker_side"":""yes"",""ticker"":""KXETH15M-26APR281315-15"",""trade_id"":""ad760677-8e1b-4a99-b049-b56dfa043fa6"",""yes_price_dollars"":""0.3400""}"
KXETH15M-26APR281315-15,cb1fff6e-0631-41d3-25d6-e9ac23e6fc30,1777395776,0.39,8.0,yes,"{""count_fp"":""8.00"",""created_time"":""2026-04-28T17:02:56.989597Z"",""no_price_dollars"":""0.6100"",""taker_side"":""yes"",""ticker"":""KXETH15M-26APR281315-15"",""trade_id"":""cb1fff6e-0631-41d3-25d6-e9ac23e6fc30"",""yes_price_dollars"":""0.3900""}"
KXETH15M-26APR281315-15,aa19a9f2-a39d-411c-0cd9-670854f83429,1777395776,0.39,10.0,yes,"{""count_fp"":""10.00"",""created_time"":""2026-04-28T17:02:56.989597Z"",""no_price_dollars"":""0.6100"",""taker_side"":""yes"",""ticker"":""KXETH15M-26APR281315-15"",""trade_id"":""aa19a9f2-a39d-411c-0cd9-670854f83429"",""yes_price_dollars"":""0.3900""}"
KXETH15M-26APR281315-15,5d8872f7-d5ce-49e9-2414-98f929a7bf02,1777395776,0.4,8.14,yes,"{""count_fp"":""8.14"",""created_time"":""2026-04-28T17:02:56.989597Z"",""no_price_dollars"":""0.6000"",""taker_side"":""yes"",""ticker"":""KXETH15M-26APR281315-15"",""trade_id"":""5d8872f7-d5ce-49e9-2414-98f929a7bf02"",""yes_price_dollars"":""0.4000""}"
KXETH15M-26APR281315-15,0cb39fc5-c1c9-4fd9-2118-de4a5454862b,1777395776,0.4,10.0,yes,"{""count_fp"":""10.00"",""created_time"":""2026-04-28T17:02:56.989597Z"",""no_price_dollars"":""0.6000"",""taker_side"":""yes"",""ticker"":""KXETH15M-26APR281315-15"",""trade_id"":""0cb39fc5-c1c9-4fd9-2118-de4a5454862b"",""yes_price_dollars"":""0.4000""}"
KXETH15M-26APR281315-15,683b11fa-cf4a-6bf5-8476-0c04f160d55b,1777395777,0.34,40.68,no,"{""count_fp"":""40.68"",""created_time"":""2026-04-28T17:02:57.727224Z"",""no_price_dollars"":""0.6600"",""taker_side"":""no"",""ticker"":""KXETH15M-26APR281315-15"",""trade_id"":""683b11fa-cf4a-6bf5-8476-0c04f160d55b"",""yes_price_dollars"":""0.3400""}"
KXETH15M-26APR281315-15,2b763f6f-2cc3-7846-091c-8757b2d2d93e,1777395784,0.34,1.0,no,"{""count_fp"":""1.00"",""created_time"":""2026-04-28T17:03:04.239483Z"",""no_price_dollars"":""0.6600"",""taker_side"":""no"",""ticker"":""KXETH15M-26APR281315-15"",""trade_id"":""2b763f6f-2cc3-7846-091c-8757b2d2d93e"",""yes_price_dollars"":""0.3400""}"
KXETH15M-26APR281315-15,d70e2ab2-9231-6a89-944d-e2829e1b5c58,1777395788,0.41,60.0,yes,"{""count_fp"":""60.00"",""created_time"":""2026-04-28T17:03:08.839302Z"",""no_price_dollars"":""0.5900"",""taker_side"":""yes"",""ticker"":""KXETH15M-26APR281315-15"",""trade_id"":""d70e2ab2-9231-6a89-944d-e2829e1b5c58"",""yes_price_dollars"":""0.4100""}"
KXETH15M-26APR281315-15,a8705ace-74a0-63bb-8d0a-a14531f4f1e8,1777395788,0.39,10.0,yes,"{""count_fp"":""10.00"",""created_time"":""2026-04-28T17:03:08.839302Z"",""no_price_dollars"":""0.6100"",""taker_side"":""yes"",""ticker"":""KXETH15M-26APR281315-15"",""trade_id"":""a8705ace-74a0-63bb-8d0a-a14531f4f1e8"",""yes_price_dollars"":""0.3900""}"
KXETH15M-26APR281315-15,92e5476d-def4-66f9-a60b-35589a8f7c62,1777395788,0.42,40.0,yes,"{""count_fp"":""40.00"",""created_time"":""2026-04-28T17:03:08.839302Z"",""no_price_dollars"":""0.5800"",""taker_side"":""yes"",""ticker"":""KXETH15M-26APR281315-15"",""trade_id"":""92e5476d-def4-66f9-a60b-35589a8f7c62"",""yes_price_dollars"":""0.4200""}"
KXETH15M-26APR281315-15,520f5e40-0554-6735-990e-aed669ee7256,1777395788,0.41,2.0,yes,"{""count_fp"":""2.00"",""created_time"":""2026-04-28T17:03:08.839302Z"",""no_price_dollars"":""0.5900"",""taker_side"":""yes"",""ticker"":""KXETH15M-26APR281315-15"",""trade_id"":""520f5e40-0554-6735-990e-aed669ee7256"",""yes_price_dollars"":""0.4100""}"
KXETH15M-26APR281315-15,2954dbc8-e7e7-62a6-afc6-df106f869bbc,1777395788,0.41,10.0,yes,"{""count_fp"":""10.00"",""created_time"":""2026-04-28T17:03:08.839302Z"",""no_price_dollars"":""0.5900"",""taker_side"":""yes"",""ticker"":""KXETH15M-26APR281315-15"",""trade_id"":""2954dbc8-e7e7-62a6-afc6-df106f869bbc"",""yes_price_dollars"":""0.4100""}"
KXETH15M-26APR281315-15,09679b7b-80ee-621e-bbdd-a0533bdf9056,1777395788,0.37,1.0,yes,"{""count_fp"":""1.00"",""created_time"":""2026-04-28T17:03:08.839302Z"",""no_price_dollars"":""0.6300"",""taker_side"":""yes"",""ticker"":""KXETH15M-26APR281315-15"",""trade_id"":""09679b7b-80ee-621e-bbdd-a0533bdf9056"",""yes_price_dollars"":""0.3700""}"
KXETH15M-26APR281315-15,3b31f614-7cbd-61a3-8d2e-fa3dc64b75f2,1777395790,0.38,1.0,no,"{""count_fp"":""1.00"",""created_time"":""2026-04-28T17:03:10.629711Z"",""no_price_dollars"":""0.6200"",""taker_side"":""no"",""ticker"":""KXETH15M-26APR281315-15"",""trade_id"":""3b31f614-7cbd-61a3-8d2e-fa3dc64b75f2"",""yes_price_dollars"":""0.3800""}"
KXETH15M-26APR281315-15,20089ac2-f1b8-6a17-65f7-b6cf1a8a1393,1777395791,0.37,6.0,no,"{""count_fp"":""6.00"",""created_time"":""2026-04-28T17:03:11.048563Z"",""no_price_dollars"":""0.6300"",""taker_side"":""no"",""ticker"":""KXETH15M-26APR281315-15"",""trade_id"":""20089ac2-f1b8-6a17-65f7-b6cf1a8a1393"",""yes_price_dollars"":""0.3700""}"
KXETH15M-26APR281315-15,fe9e41f4-09ba-44f6-0aab-f26f8a184797,1777395795,0.39,66.0,yes,"{""count_fp"":""66.00"",""created_time"":""2026-04-28T17:03:15.463367Z"",""no_price_dollars"":""0.6100"",""taker_side"":""yes"",""ticker"":""KXETH15M-26APR281315-15"",""trade_id"":""fe9e41f4-09ba-44f6-0aab-f26f8a184797"",""yes_price_dollars"":""0.3900""}"
KXETH15M-26APR281315-15,e5e4691d-5800-4c45-1b7b-7d0a12573239,1777395795,0.44,10.0,yes,"{""count_fp"":""10.00"",""created_time"":""2026-04-28T17:03:15.463367Z"",""no_price_dollars"":""0.5600"",""taker_side"":""yes"",""ticker"":""KXETH15M-26APR281315-15"",""trade_id"":""e5e4691d-5800-4c45-1b7b-7d0a12573239"",""yes_price_dollars"":""0.4400""}"
KXETH15M-26APR281315-15,df00b477-902f-460d-16fc-60f1e31d0c69,1777395795,0.38,550.23,yes,"{""count_fp"":""550.23"",""created_time"":""2026-04-28T17:03:15.463367Z"",""no_price_dollars"":""0.6200"",""taker_side"":""yes"",""ticker"":""KXETH15M-26APR281315-15"",""trade_id"":""df00b477-902f-460d-16fc-60f1e31d0c69"",""yes_price_dollars"":""0.3800""}"
KXETH15M-26APR281315-15,c53f7fcb-f081-4095-0ad1-7d8771f7f2ae,1777395795,0.43,5.0,yes,"{""count_fp"":""5.00"",""created_time"":""2026-04-28T17:03:15.463367Z"",""no_price_dollars"":""0.5700"",""taker_side"":""yes"",""ticker"":""KXETH15M-26APR281315-15"",""trade_id"":""c53f7fcb-f081-4095-0ad1-7d8771f7f2ae"",""yes_price_dollars"":""0.4300""}"
KXETH15M-26APR281315-15,c31a0dba-ab0a-4346-3f7b-1fc68eba6fa8,1777395795,0.41,60.0,yes,"{""count_fp"":""60.00"",""created_time"":""2026-04-28T17:03:15.463367Z"",""no_price_dollars"":""0.5900"",""taker_side"":""yes"",""ticker"":""KXETH15M-26APR281315-15"",""trade_id"":""c31a0dba-ab0a-4346-3f7b-1fc68eba6fa8"",""yes_price_dollars"":""0.4100""}"
KXETH15M-26APR281315-15,b49608de-af12-47fc-0989-91b881a64d68,1777395795,0.4,10.0,yes,"{""count_fp"":""10.00"",""created_time"":""2026-04-28T17:03:15.463367Z"",""no_price_dollars"":""0.6000"",""taker_side"":""yes"",""ticker"":""KXETH15M-26APR281315-15"",""trade_id"":""b49608de-af12-47fc-0989-91b881a64d68"",""yes_price_dollars"":""0.4000""}"
KXETH15M-26APR281315-15,76cde4b8-9508-49b3-02f5-c45526f03cf5,1777395795,0.44,710.0,yes,"{""count_fp"":""710.00"",""created_time"":""2026-04-28T17:03:15.463367Z"",""no_price_dollars"":""0.5600"",""taker_side"":""yes"",""ticker"":""KXETH15M-26APR281315-15"",""trade_id"":""76cde4b8-9508-49b3-02f5-c45526f03cf5"",""yes_price_dollars"":""0.4400""}"
KXETH15M-26APR281315-15,597a23f6-5190-4b76-2c7a-d4281e9263dd,1777395795,0.39,10.0,yes,"{""count_fp"":""10.00"",""created_time"":""2026-04-28T17:03:15.463367Z"",""no_price_dollars"":""0.6100"",""taker_side"":""yes"",""ticker"":""KXETH15M-26APR281315-15"",""trade_id"":""597a23f6-5190-4b76-2c7a-d4281e9263dd"",""yes_price_dollars"":""0.3900""}"
KXETH15M-26APR281315-15,29bad3ea-3bbb-4b69-31e7-f047ddcb60cb,1777395795,0.45,1015.0,yes,"{""count_fp"":""1015.00"",""created_time"":""2026-04-28T17:03:15.463367Z"",""no_price_dollars"":""0.5500"",""taker_side"":""yes"",""ticker"":""KXETH15M-26APR281315-15"",""trade_id"":""29bad3ea-3bbb-4b69-31e7-f047ddcb60cb"",""yes_price_dollars"":""0.4500""}"
KXETH15M-26APR281315-15,133cb8cc-1bf9-4f8f-3536-dec4bdf68096,1777395795,0.44,20.0,yes,"{""count_fp"":""20.00"",""created_time"":""2026-04-28T17:03:15.463367Z"",""no_price_dollars"":""0.5600"",""taker_side"":""yes"",""ticker"":""KXETH15M-26APR281315-15"",""trade_id"":""133cb8cc-1bf9-4f8f-3536-dec4bdf68096"",""yes_price_dollars"":""0.4400""}"
KXETH15M-26APR281315-15,a0a58b9a-8fc4-7450-e111-0c22d0fbe79d,1777395796,0.35,1.0,no,"{""count_fp"":""1.00"",""created_time"":""2026-04-28T17:03:16.923703Z"",""no_price_dollars"":""0.6500"",""taker_side"":""no"",""ticker"":""KXETH15M-26APR281315-15"",""trade_id"":""a0a58b9a-8fc4-7450-e111-0c22d0fbe79d"",""yes_price_dollars"":""0.3500""}"
KXETH15M-26APR281315-15,59a9e007-a00a-562b-7b7a-015989808e01,1777395796,0.38,1.0,yes,"{""count_fp"":""1.00"",""created_time"":""2026-04-28T17:03:16.612665Z"",""no_price_dollars"":""0.6200"",""taker_side"":""yes"",""ticker"":""KXETH15M-26APR281315-15"",""trade_id"":""59a9e007-a00a-562b-7b7a-015989808e01"",""yes_price_dollars"":""0.3800""}"
KXETH15M-26APR281315-15,04bab798-49e5-6478-9031-91560f87ade9,1777395801,0.29,6.0,no,"{""count_fp"":""6.00"",""created_time"":""2026-04-28T17:03:21.506763Z"",""no_price_dollars"":""0.7100"",""taker_side"":""no"",""ticker"":""KXETH15M-26APR281315-15"",""trade_id"":""04bab798-49e5-6478-9031-91560f87ade9"",""yes_price_dollars"":""0.2900""}"
KXETH15M-26APR281315-15,a857680f-7472-5a96-90d9-2f6550adaa31,1777395801,0.34,0.94,no,"{""count_fp"":""0.94"",""created_time"":""2026-04-28T17:03:21.217016Z"",""no_price_dollars"":""0.6600"",""taker_side"":""no"",""ticker"":""KXETH15M-26APR281315-15"",""trade_id"":""a857680f-7472-5a96-90d9-2f6550adaa31"",""yes_price_dollars"":""0.3400""}"
KXETH15M-26APR281315-15,e05a1487-5a3e-4d1e-6cc8-3255bdd17969,1777395801,0.34,7.0,no,"{""count_fp"":""7.00"",""created_time"":""2026-04-28T17:03:21.196389Z"",""no_price_dollars"":""0.6600"",""taker_side"":""no"",""ticker"":""KXETH15M-26APR281315-15"",""trade_id"":""e05a1487-5a3e-4d1e-6cc8-3255bdd17969"",""yes_price_dollars"":""0.3400""}"
KXETH15M-26APR281315-15,a00a4c44-6c9f-47ab-5d19-164ead6aa51e,1777395801,0.34,10.0,no,"{""count_fp"":""10.00"",""created_time"":""2026-04-28T17:03:21.196389Z"",""no_price_dollars"":""0.6600"",""taker_side"":""no"",""ticker"":""KXETH15M-26APR281315-15"",""trade_id"":""a00a4c44-6c9f-47ab-5d19-164ead6aa51e"",""yes_price_dollars"":""0.3400""}"
KXETH15M-26APR281315-15,5b134ff9-8309-4abb-502a-0aef81771696,1777395801,0.34,10.0,no,"{""count_fp"":""10.00"",""created_time"":""2026-04-28T17:03:21.196389Z"",""no_price_dollars"":""0.6600"",""taker_side"":""no"",""ticker"":""KXETH15M-26APR281315-15"",""trade_id"":""5b134ff9-8309-4abb-502a-0aef81771696"",""yes_price_dollars"":""0.3400""}"
KXETH15M-26APR281315-15,14eb756e-3475-689f-516f-1d669f37b4d0,1777395801,0.38,2.52,yes,"{""count_fp"":""2.52"",""created_time"":""2026-04-28T17:03:21.041738Z"",""no_price_dollars"":""0.6200"",""taker_side"":""yes"",""ticker"":""KXETH15M-26APR281315-15"",""trade_id"":""14eb756e-3475-689f-516f-1d669f37b4d0"",""yes_price_dollars"":""0.3800""}"
KXETH15M-26APR281315-15,cb38197f-0879-67e8-d955-805c94ae42e9,1777395803,0.27,10.0,no,"{""count_fp"":""10.00"",""created_time"":""2026-04-28T17:03:23.264408Z"",""no_price_dollars"":""0.7300"",""taker_side"":""no"",""ticker"":""KXETH15M-26APR281315-15"",""trade_id"":""cb38197f-0879-67e8-d955-805c94ae42e9"",""yes_price_dollars"":""0.2700""}"
KXETH15M-26APR281315-15,c619a5f9-450a-69fd-e195-44ca4f2eca6b,1777395803,0.26,70.98,no,"{""count_fp"":""70.98"",""created_time"":""2026-04-28T17:03:23.264408Z"",""no_price_dollars"":""0.7400"",""taker_side"":""no"",""ticker"":""KXETH15M-26APR281315-15"",""trade_id"":""c619a5f9-450a-69fd-e195-44ca4f2eca6b"",""yes_price_dollars"":""0.2600""}"
KXETH15M-26APR281315-15,c27f58de-24f8-6dd5-f5a0-ceb044dfe9d8,1777395803,0.27,8.02,no,"{""count_fp"":""8.02"",""created_time"":""2026-04-28T17:03:23.264408Z"",""no_price_dollars"":""0.7300"",""taker_side"":""no"",""ticker"":""KXETH15M-26APR281315-15"",""trade_id"":""c27f58de-24f8-6dd5-f5a0-ceb044dfe9d8"",""yes_price_dollars"":""0.2700""}"
KXETH15M-26APR281315-15,5bb7fba9-fc61-7237-8bf0-5da288825a74,1777395804,0.29,0.3,yes,"{""count_fp"":""0.30"",""created_time"":""2026-04-28T17:03:24.730859Z"",""no_price_dollars"":""0.7100"",""taker_side"":""yes"",""ticker"":""KXETH15M-26APR281315-15"",""trade_id"":""5bb7fba9-fc61-7237-8bf0-5da288825a74"",""yes_price_dollars"":""0.2900""}"
KXETH15M-26APR281315-15,582141c1-0662-5cba-61eb-eb6326d7b9d9,1777395813,0.28,1.0,no,"{""count_fp"":""1.00"",""created_time"":""2026-04-28T17:03:33.336636Z"",""no_price_dollars"":""0.7200"",""taker_side"":""no"",""ticker"":""KXETH15M-26APR281315-15"",""trade_id"":""582141c1-0662-5cba-61eb-eb6326d7b9d9"",""yes_price_dollars"":""0.2800""}"
KXETH15M-26APR281315-15,8008ab24-c605-78c3-7175-a8e1c063f39c,1777395817,0.31,6.03,yes,"{""count_fp"":""6.03"",""created_time"":""2026-04-28T17:03:37.561241Z"",""no_price_dollars"":""0.6900"",""taker_side"":""yes"",""ticker"":""KXETH15M-26APR281315-15"",""trade_id"":""8008ab24-c605-78c3-7175-a8e1c063f39c"",""yes_price_dollars"":""0.3100""}"
KXETH15M-26APR281315-15,909d0297-eb2d-4cff-35a8-e6ecf541d999,1777395819,0.28,9.15,no,"{""count_fp"":""9.15"",""created_time"":""2026-04-28T17:03:39.741878Z"",""no_price_dollars"":""0.7200"",""taker_side"":""no"",""ticker"":""KXETH15M-26APR281315-15"",""trade_id"":""909d0297-eb2d-4cff-35a8-e6ecf541d999"",""yes_price_dollars"":""0.2800""}"
KXETH15M-26APR281315-15,85bf22ae-6504-4fe3-073e-a345f2e12618,1777395819,0.28,7.73,no,"{""count_fp"":""7.73"",""created_time"":""2026-04-28T17:03:39.741878Z"",""no_price_dollars"":""0.7200"",""taker_side"":""no"",""ticker"":""KXETH15M-26APR281315-15"",""trade_id"":""85bf22ae-6504-4fe3-073e-a345f2e12618"",""yes_price_dollars"":""0.2800""}"
KXETH15M-26APR281315-15,24c441f7-68f5-4a63-0f1f-04a6cc545564,1777395819,0.28,10.0,no,"{""count_fp"":""10.00"",""created_time"":""2026-04-28T17:03:39.741878Z"",""no_price_dollars"":""0.7200"",""taker_side"":""no"",""ticker"":""KXETH15M-26APR281315-15"",""trade_id"":""24c441f7-68f5-4a63-0f1f-04a6cc545564"",""yes_price_dollars"":""0.2800""}"
KXETH15M-26APR281315-15,b429644d-3bd9-415d-c186-39b79c7f7a16,1777395824,0.29,4.08,no,"{""count_fp"":""4.08"",""created_time"":""2026-04-28T17:03:44.202938Z"",""no_price_dollars"":""0.7100"",""taker_side"":""no"",""ticker"":""KXETH15M-26APR281315-15"",""trade_id"":""b429644d-3bd9-415d-c186-39b79c7f7a16"",""yes_price_dollars"":""0.2900""}"
KXETH15M-26APR281315-15,eba24164-85f1-6d27-a56f-f70e02760710,1777395831,0.28,1.53,yes,"{""count_fp"":""1.53"",""created_time"":""2026-04-28T17:03:51.919512Z"",""no_price_dollars"":""0.7200"",""taker_side"":""yes"",""ticker"":""KXETH15M-26APR281315-15"",""trade_id"":""eba24164-85f1-6d27-a56f-f70e02760710"",""yes_price_dollars"":""0.2800""}"
KXETH15M-26APR281315-15,fd50d953-ed0a-5cf5-8827-d015cd924c33,1777395838,0.22,4.76,no,"{""count_fp"":""4.76"",""created_time"":""2026-04-28T17:03:58.213965Z"",""no_price_dollars"":""0.7800"",""taker_side"":""no"",""ticker"":""KXETH15M-26APR281315-15"",""trade_id"":""fd50d953-ed0a-5cf5-8827-d015cd924c33"",""yes_price_dollars"":""0.2200""}"
KXETH15M-26APR281315-15,dfe2c1b0-1afa-5329-bb40-684a5c0b01e6,1777395838,0.25,1.0,no,"{""count_fp"":""1.00"",""created_time"":""2026-04-28T17:03:58.213965Z"",""no_price_dollars"":""0.7500"",""taker_side"":""no"",""ticker"":""KXETH15M-26APR281315-15"",""trade_id"":""dfe2c1b0-1afa-5329-bb40-684a5c0b01e6"",""yes_price_dollars"":""0.2500""}"
KXETH15M-26APR281315-15,7affab8e-debb-5810-be4c-fd3f53b144b7,1777395838,0.23,10.0,no,"{""count_fp"":""10.00"",""created_time"":""2026-04-28T17:03:58.213965Z"",""no_price_dollars"":""0.7700"",""taker_side"":""no"",""ticker"":""KXETH15M-26APR281315-15"",""trade_id"":""7affab8e-debb-5810-be4c-fd3f53b144b7"",""yes_price_dollars"":""0.2300""}"
KXETH15M-26APR281315-15,3a1e916a-be29-594a-aff1-6ba54be804e1,1777395838,0.25,10.0,no,"{""count_fp"":""10.00"",""created_time"":""2026-04-28T17:03:58.213965Z"",""no_price_dollars"":""0.7500"",""taker_side"":""no"",""ticker"":""KXETH15M-26APR281315-15"",""trade_id"":""3a1e916a-be29-594a-aff1-6ba54be804e1"",""yes_price_dollars"":""0.2500""}"
KXETH15M-26APR281315-15,c4e5cc17-89e2-738d-1dce-473bd9c4fc6b,1777395840,0.22,63.13,no,"{""count_fp"":""63.13"",""created_time"":""2026-04-28T17:04:00.406293Z"",""no_price_dollars"":""0.7800"",""taker_side"":""no"",""ticker"":""KXETH15M-26APR281315-15"",""trade_id"":""c4e5cc17-89e2-738d-1dce-473bd9c4fc6b"",""yes_price_dollars"":""0.2200""}"
KXETH15M-26APR281315-15,bfcb619b-9d9d-511f-80bd-d3fb04daf1f4,1777395842,0.25,7.6,yes,"{""count_fp"":""7.60"",""created_time"":""2026-04-28T17:04:02.486252Z"",""no_price_dollars"":""0.7500"",""taker_side"":""yes"",""ticker"":""KXETH15M-26APR281315-15"",""trade_id"":""bfcb619b-9d9d-511f-80bd-d3fb04daf1f4"",""yes_price_dollars"":""0.2500""}"
KXETH15M-26APR281315-15,8d2d30f2-f414-646c-79e4-90260dca94d3,1777395846,0.24,1.0,no,"{""count_fp"":""1.00"",""created_time"":""2026-04-28T17:04:06.178928Z"",""no_price_dollars"":""0.7600"",""taker_side"":""no"",""ticker"":""KXETH15M-26APR281315-15"",""trade_id"":""8d2d30f2-f414-646c-79e4-90260dca94d3"",""yes_price_dollars"":""0.2400""}"
KXETH15M-26APR281315-15,1502395e-615e-59cd-511b-8f013dcbb4ff,1777395848,0.24,1.0,no,"{""count_fp"":""1.00"",""created_time"":""2026-04-28T17:04:08.453219Z"",""no_price_dollars"":""0.7600"",""taker_side"":""no"",""ticker"":""KXETH15M-26APR281315-15"",""trade_id"":""1502395e-615e-59cd-511b-8f013dcbb4ff"",""yes_price_dollars"":""0.2400""}"
KXETH15M-26APR281315-15,a4189846-f00a-42e1-f29b-d27f0abf6adf,1777395848,0.24,12.7,no,"{""count_fp"":""12.70"",""created_time"":""2026-04-28T17:04:08.342084Z"",""no_price_dollars"":""0.7600"",""taker_side"":""no"",""ticker"":""KXETH15M-26APR281315-15"",""trade_id"":""a4189846-f00a-42e1-f29b-d27f0abf6adf"",""yes_price_dollars"":""0.2400""}"
KXETH15M-26APR281315-15,35299846-b5ee-4ff5-8786-a9cc84bc0d4b,1777395848,0.24,1.0,no,"{""count_fp"":""1.00"",""created_time"":""2026-04-28T17:04:08.281704Z"",""no_price_dollars"":""0.7600"",""taker_side"":""no"",""ticker"":""KXETH15M-26APR281315-15"",""trade_id"":""35299846-b5ee-4ff5-8786-a9cc84bc0d4b"",""yes_price_dollars"":""0.2400""}"
KXETH15M-26APR281315-15,bc0f68a0-4ac4-662c-d6a5-58f034a22b71,1777395848,0.24,1.0,yes,"{""count_fp"":""1.00"",""created_time"":""2026-04-28T17:04:08.109579Z"",""no_price_dollars"":""0.7600"",""taker_side"":""yes"",""ticker"":""KXETH15M-26APR281315-15"",""trade_id"":""bc0f68a0-4ac4-662c-d6a5-58f034a22b71"",""yes_price_dollars"":""0.2400""}"
KXETH15M-26APR281315-15,841d74c2-eec5-6c23-ce76-b371f9aae6d4,1777395848,0.24,100.0,yes,"{""count_fp"":""100.00"",""created_time"":""2026-04-28T17:04:08.109579Z"",""no_price_dollars"":""0.7600"",""taker_side"":""yes"",""ticker"":""KXETH15M-26APR281315-15"",""trade_id"":""841d74c2-eec5-6c23-ce76-b371f9aae6d4"",""yes_price_dollars"":""0.2400""}"
KXETH15M-26APR281315-15,7e1d431e-15e6-75fd-c511-512c7677487b,1777395849,0.32,3.0,no,"{""count_fp"":""3.00"",""created_time"":""2026-04-28T17:04:09.834005Z"",""no_price_dollars"":""0.6800"",""taker_side"":""no"",""ticker"":""KXETH15M-26APR281315-15"",""trade_id"":""7e1d431e-15e6-75fd-c511-512c7677487b"",""yes_price_dollars"":""0.3200""}"
KXETH15M-26APR281315-15,1a9a2c2d-47fe-7ae9-d97b-ef97890d9837,1777395849,0.32,9.0,no,"{""count_fp"":""9.00"",""created_time"":""2026-04-28T17:04:09.788596Z"",""no_price_dollars"":""0.6800"",""taker_side"":""no"",""ticker"":""KXETH15M-26APR281315-15"",""trade_id"":""1a9a2c2d-47fe-7ae9-d97b-ef97890d9837"",""yes_price_dollars"":""0.3200""}"
KXETH15M-26APR281315-15,d9fc3ab9-f1d6-76f5-4aef-0ee9193283c3,1777395849,0.32,5.0,no,"{""count_fp"":""5.00"",""created_time"":""2026-04-28T17:04:09.713071Z"",""no_price_dollars"":""0.6800"",""taker_side"":""no"",""ticker"":""KXETH15M-26APR281315-15"",""trade_id"":""d9fc3ab9-f1d6-76f5-4aef-0ee9193283c3"",""yes_price_dollars"":""0.3200""}"
KXETH15M-26APR281315-15,07457dce-2fff-7e8f-744c-1a6ac091f1ef,1777395849,0.32,37.0,yes,"{""count_fp"":""37.00"",""created_time"":""2026-04-28T17:04:09.570668Z"",""no_price_dollars"":""0.6800"",""taker_side"":""yes"",""ticker"":""KXETH15M-26APR281315-15"",""trade_id"":""07457dce-2fff-7e8f-744c-1a6ac091f1ef"",""yes_price_dollars"":""0.3200""}"
KXETH15M-26APR281315-15,14fc0712-8c73-4d0b-a230-7272e4019bb7,1777395849,0.31,20.0,yes,"{""count_fp"":""20.00"",""created_time"":""2026-04-28T17:04:09.560078Z"",""no_price_dollars"":""0.6900"",""taker_side"":""yes"",""ticker"":""KXETH15M-26APR281315-15"",""trade_id"":""14fc0712-8c73-4d0b-a230-7272e4019bb7"",""yes_price_dollars"":""0.3100""}"
KXETH15M-26APR281315-15,e6d915a1-69b2-5f35-95e8-9906ccbd3136,1777395849,0.33,5.0,yes,"{""count_fp"":""5.00"",""created_time"":""2026-04-28T17:04:09.540471Z"",""no_price_dollars"":""0.6700"",""taker_side"":""yes"",""ticker"":""KXETH15M-26APR281315-15"",""trade_id"":""e6d915a1-69b2-5f35-95e8-9906ccbd3136"",""yes_price_dollars"":""0.3300""}"
KXETH15M-26APR281315-15,c521728e-3394-5345-92bf-d46de8397390,1777395849,0.33,1.0,yes,"{""count_fp"":""1.00"",""created_time"":""2026-04-28T17:04:09.540471Z"",""no_price_dollars"":""0.6700"",""taker_side"":""yes"",""ticker"":""KXETH15M-26APR281315-15"",""trade_id"":""c521728e-3394-5345-92bf-d46de8397390"",""yes_price_dollars"":""0.3300""}"
KXETH15M-26APR281315-15,c353c022-a07a-537f-9957-786e4b47af77,1777395849,0.33,10.0,yes,"{""count_fp"":""10.00"",""created_time"":""2026-04-28T17:04:09.540471Z"",""no_price_dollars"":""0.6700"",""taker_side"":""yes"",""ticker"":""KXETH15M-26APR281315-15"",""trade_id"":""c353c022-a07a-537f-9957-786e4b47af77"",""yes_price_dollars"":""0.3300""}"
KXETH15M-26APR281315-15,a4f22deb-9371-597f-8fc5-c18128a77e32,1777395849,0.33,1.0,yes,"{""count_fp"":""1.00"",""created_time"":""2026-04-28T17:04:09.540471Z"",""no_price_dollars"":""0.6700"",""taker_side"":""yes"",""ticker"":""KXETH15M-26APR281315-15"",""trade_id"":""a4f22deb-9371-597f-8fc5-c18128a77e32"",""yes_price_dollars"":""0.3300""}"
KXETH15M-26APR281315-15,6785c94e-81e5-51a0-a8b5-cd902eccd2d7,1777395849,0.33,60.0,yes,"{""count_fp"":""60.00"",""created_time"":""2026-04-28T17:04:09.540471Z"",""no_price_dollars"":""0.6700"",""taker_side"":""yes"",""ticker"":""KXETH15M-26APR281315-15"",""trade_id"":""6785c94e-81e5-51a0-a8b5-cd902eccd2d7"",""yes_price_dollars"":""0.3300""}"
KXETH15M-26APR281315-15,95cc468c-c389-4e0f-398e-5c55f9509872,1777395849,0.3,2.0,yes,"{""count_fp"":""2.00"",""created_time"":""2026-04-28T17:04:09.527006Z"",""no_price_dollars"":""0.7000"",""taker_side"":""yes"",""ticker"":""KXETH15M-26APR281315-15"",""trade_id"":""95cc468c-c389-4e0f-398e-5c55f9509872"",""yes_price_dollars"":""0.3000""}"
KXETH15M-26APR281315-15,85a85a55-5f25-46e8-00a3-574133497c06,1777395849,0.29,10.0,yes,"{""count_fp"":""10.00"",""created_time"":""2026-04-28T17:04:09.527006Z"",""no_price_dollars"":""0.7100"",""taker_side"":""yes"",""ticker"":""KXETH15M-26APR281315-15"",""trade_id"":""85a85a55-5f25-46e8-00a3-574133497c06"",""yes_price_dollars"":""0.2900""}"
KXETH15M-26APR281315-15,1e8c7103-b928-4314-032c-eb3f3489c4e6,1777395849,0.28,10.0,yes,"{""count_fp"":""10.00"",""created_time"":""2026-04-28T17:04:09.527006Z"",""no_price_dollars"":""0.7200"",""taker_side"":""yes"",""ticker"":""KXETH15M-26APR281315-15"",""trade_id"":""1e8c7103-b928-4314-032c-eb3f3489c4e6"",""yes_price_dollars"":""0.2800""}"
KXETH15M-26APR281315-15,d9a4a749-9095-57ac-4291-bdacebc03650,1777395849,0.27,100.0,yes,"{""count_fp"":""100.00"",""created_time"":""2026-04-28T17:04:09.522968Z"",""no_price_dollars"":""0.7300"",""taker_side"":""yes"",""ticker"":""KXETH15M-26APR281315-15"",""trade_id"":""d9a4a749-9095-57ac-4291-bdacebc03650"",""yes_price_dollars"":""0.2700""}"
KXETH15M-26APR281315-15,4049fb00-cf32-6bfe-3e16-e5eee7e427e5,1777395851,0.33,1.0,no,"{""count_fp"":""1.00"",""created_time"":""2026-04-28T17:04:11.943221Z"",""no_price_dollars"":""0.6700"",""taker_side"":""no"",""ticker"":""KXETH15M-26APR281315-15"",""trade_id"":""4049fb00-cf32-6bfe-3e16-e5eee7e427e5"",""yes_price_dollars"":""0.3300""}"
KXETH15M-26APR281315-15,13879445-5ebb-504c-a345-f500e5ee353b,1777395860,0.36,0.51,yes,"{""count_fp"":""0.51"",""created_time"":""2026-04-28T17:04:20.250579Z"",""no_price_dollars"":""0.6400"",""taker_side"":""yes"",""ticker"":""KXETH15M-26APR281315-15"",""trade_id"":""13879445-5ebb-504c-a345-f500e5ee353b"",""yes_price_dollars"":""0.3600""}"
KXETH15M-26APR281315-15,bf3190cc-8723-5f68-b4f3-f38750bf74b7,1777395864,0.3,3.86,yes,"{""count_fp"":""3.86"",""created_time"":""2026-04-28T17:04:24.225644Z"",""no_price_dollars"":""0.7000"",""taker_side"":""yes"",""ticker"":""KXETH15M-26APR281315-15"",""trade_id"":""bf3190cc-8723-5f68-b4f3-f38750bf74b7"",""yes_price_dollars"":""0.3000""}"
KXETH15M-26APR281315-15,526a4b3d-2262-6f4f-5513-ea09acff0480,1777395885,0.35,7.56,yes,"{""count_fp"":""7.56"",""created_time"":""2026-04-28T17:04:45.523604Z"",""no_price_dollars"":""0.6500"",""taker_side"":""yes"",""ticker"":""KXETH15M-26APR281315-15"",""trade_id"":""526a4b3d-2262-6f4f-5513-ea09acff0480"",""yes_price_dollars"":""0.3500""}"
KXETH15M-26APR281315-15,96ff50cd-6a56-7fd1-aa8b-dddef7f4952b,1777395900,0.32,1.0,no,"{""count_fp"":""1.00"",""created_time"":""2026-04-28T17:05:00.578767Z"",""no_price_dollars"":""0.6800"",""taker_side"":""no"",""ticker"":""KXETH15M-26APR281315-15"",""trade_id"":""96ff50cd-6a56-7fd1-aa8b-dddef7f4952b"",""yes_price_dollars"":""0.3200""}"
KXETH15M-26APR281315-15,f08dffb5-4057-7438-5f25-df7e3716de6c,1777395908,0.34,1.0,no,"{""count_fp"":""1.00"",""created_time"":""2026-04-28T17:05:08.843788Z"",""no_price_dollars"":""0.6600"",""taker_side"":""no"",""ticker"":""KXETH15M-26APR281315-15"",""trade_id"":""f08dffb5-4057-7438-5f25-df7e3716de6c"",""yes_price_dollars"":""0.3400""}"
KXETH15M-26APR281315-15,264c3679-1417-78b3-f907-0d2b03e347d6,1777395914,0.33,1.0,no,"{""count_fp"":""1.00"",""created_time"":""2026-04-28T17:05:14.325018Z"",""no_price_dollars"":""0.6700"",""taker_side"":""no"",""ticker"":""KXETH15M-26APR281315-15"",""trade_id"":""264c3679-1417-78b3-f907-0d2b03e347d6"",""yes_price_dollars"":""0.3300""}"
KXETH15M-26APR281315-15,b0c2c2f9-f0bb-7a44-c58a-e6898ed5c83f,1777395918,0.28,75.0,yes,"{""count_fp"":""75.00"",""created_time"":""2026-04-28T17:05:18.210304Z"",""no_price_dollars"":""0.7200"",""taker_side"":""yes"",""ticker"":""KXETH15M-26APR281315-15"",""trade_id"":""b0c2c2f9-f0bb-7a44-c58a-e6898ed5c83f"",""yes_price_dollars"":""0.2800""}"
KXETH15M-26APR281315-15,4a873a31-6703-7e43-e6e2-7d55183424a7,1777395918,0.29,4.44,yes,"{""count_fp"":""4.44"",""created_time"":""2026-04-28T17:05:18.210304Z"",""no_price_dollars"":""0.7100"",""taker_side"":""yes"",""ticker"":""KXETH15M-26APR281315-15"",""trade_id"":""4a873a31-6703-7e43-e6e2-7d55183424a7"",""yes_price_dollars"":""0.2900""}"
KXETH15M-26APR281315-15,6a7ee495-48f3-7cb4-96fb-8d55f64b2d5f,1777395918,0.28,25.0,yes,"{""count_fp"":""25.00"",""created_time"":""2026-04-28T17:05:18.196058Z"",""no_price_dollars"":""0.7200"",""taker_side"":""yes"",""ticker"":""KXETH15M-26APR281315-15"",""trade_id"":""6a7ee495-48f3-7cb4-96fb-8d55f64b2d5f"",""yes_price_dollars"":""0.2800""}"
KXETH15M-26APR281315-15,6ad3b622-511b-5d23-72a1-afcb1c85ea1a,1777395929,0.27,1.0,no,"{""count_fp"":""1.00"",""created_time"":""2026-04-28T17:05:29.896631Z"",""no_price_dollars"":""0.7300"",""taker_side"":""no"",""ticker"":""KXETH15M-26APR281315-15"",""trade_id"":""6ad3b622-511b-5d23-72a1-afcb1c85ea1a"",""yes_price_dollars"":""0.2700""}"
KXETH15M-26APR281315-15,0e555b13-be27-60f3-00b6-d44583579ce5,1777395936,0.3,7.19,no,"{""count_fp"":""7.19"",""created_time"":""2026-04-28T17:05:36.824226Z"",""no_price_dollars"":""0.7000"",""taker_side"":""no"",""ticker"":""KXETH15M-26APR281315-15"",""trade_id"":""0e555b13-be27-60f3-00b6-d44583579ce5"",""yes_price_dollars"":""0.3000""}"
KXETH15M-26APR281315-15,18f9b779-8ba5-5b87-343a-009a283ac8be,1777395938,0.31,25.0,yes,"{""count_fp"":""25.00"",""created_time"":""2026-04-28T17:05:38.979779Z"",""no_price_dollars"":""0.6900"",""taker_side"":""yes"",""ticker"":""KXETH15M-26APR281315-15"",""trade_id"":""18f9b779-8ba5-5b87-343a-009a283ac8be"",""yes_price_dollars"":""0.3100""}"
KXETH15M-26APR281315-15,08ceb133-79a3-6a67-a694-4fb535dab03d,1777395938,0.3,1.38,no,"{""count_fp"":""1.38"",""created_time"":""2026-04-28T17:05:38.939775Z"",""no_price_dollars"":""0.7000"",""taker_side"":""no"",""ticker"":""KXETH15M-26APR281315-15"",""trade_id"":""08ceb133-79a3-6a67-a694-4fb535dab03d"",""yes_price_dollars"":""0.3000""}"
KXETH15M-26APR281315-15,2169d3a6-9e57-70b1-5e53-8f26a6c200c1,1777395946,0.29,13.8,no,"{""count_fp"":""13.80"",""created_time"":""2026-04-28T17:05:46.087532Z"",""no_price_dollars"":""0.7100"",""taker_side"":""no"",""ticker"":""KXETH15M-26APR281315-15"",""trade_id"":""2169d3a6-9e57-70b1-5e53-8f26a6c200c1"",""yes_price_dollars"":""0.2900""}"
KXETH15M-26APR281315-15,cc46302e-9577-74d7-61c8-41673f6cb17f,1777395948,0.28,1.0,no,"{""count_fp"":""1.00"",""created_time"":""2026-04-28T17:05:48.711027Z"",""no_price_dollars"":""0.7200"",""taker_side"":""no"",""ticker"":""KXETH15M-26APR281315-15"",""trade_id"":""cc46302e-9577-74d7-61c8-41673f6cb17f"",""yes_price_dollars"":""0.2800""}"
KXETH15M-26APR281315-15,52309767-0e78-4e42-304b-f1c0c0e939e7,1777395951,0.23,10.0,no,"{""count_fp"":""10.00"",""created_time"":""2026-04-28T17:05:51.116254Z"",""no_price_dollars"":""0.7700"",""taker_side"":""no"",""ticker"":""KXETH15M-26APR281315-15"",""trade_id"":""52309767-0e78-4e42-304b-f1c0c0e939e7"",""yes_price_dollars"":""0.2300""}"
KXETH15M-26APR281315-15,dc515cba-9359-49f3-5ef6-edb43a07c259,1777395955,0.22,10.0,no,"{""count_fp"":""10.00"",""created_time"":""2026-04-28T17:05:55.012977Z"",""no_price_dollars"":""0.7800"",""taker_side"":""no"",""ticker"":""KXETH15M-26APR281315-15"",""trade_id"":""dc515cba-9359-49f3-5ef6-edb43a07c259"",""yes_price_dollars"":""0.2200""}"
KXETH15M-26APR281315-15,555818bd-a9ab-5a85-86e8-ee9f4eef0da9,1777395960,0.22,12.0,no,"{""count_fp"":""12.00"",""created_time"":""2026-04-28T17:06:00.465743Z"",""no_price_dollars"":""0.7800"",""taker_side"":""no"",""ticker"":""KXETH15M-26APR281315-15"",""trade_id"":""555818bd-a9ab-5a85-86e8-ee9f4eef0da9"",""yes_price_dollars"":""0.2200""}"
KXETH15M-26APR281315-15,115d4af7-dfb7-5901-b5b1-6cd2ed2d8f91,1777395960,0.21,15.0,no,"{""count_fp"":""15.00"",""created_time"":""2026-04-28T17:06:00.183107Z"",""no_price_dollars"":""0.7900"",""taker_side"":""no"",""ticker"":""KXETH15M-26APR281315-15"",""trade_id"":""115d4af7-dfb7-5901-b5b1-6cd2ed2d8f91"",""yes_price_dollars"":""0.2100""}"
KXETH15M-26APR281315-15,313cd074-2dbd-7f7b-2643-984eac12f60a,1777395968,0.18,100.0,yes,"{""count_fp"":""100.00"",""created_time"":""2026-04-28T17:06:08.968456Z"",""no_price_dollars"":""0.8200"",""taker_side"":""yes"",""ticker"":""KXETH15M-26APR281315-15"",""trade_id"":""313cd074-2dbd-7f7b-2643-984eac12f60a"",""yes_price_dollars"":""0.1800""}"
KXETH15M-26APR281315-15,a4a28e61-6172-6f34-0c4c-62b9d9a5a1b7,1777395970,0.17,3.0,no,"{""count_fp"":""3.00"",""created_time"":""2026-04-28T17:06:10.715494Z"",""no_price_dollars"":""0.8300"",""taker_side"":""no"",""ticker"":""KXETH15M-26APR281315-15"",""trade_id"":""a4a28e61-6172-6f34-0c4c-62b9d9a5a1b7"",""yes_price_dollars"":""0.1700""}"
KXETH15M-26APR281315-15,a0aa46fb-e21b-6449-0072-27ab5aa44865,1777395970,0.17,3.0,no,"{""count_fp"":""3.00"",""created_time"":""2026-04-28T17:06:10.715494Z"",""no_price_dollars"":""0.8300"",""taker_side"":""no"",""ticker"":""KXETH15M-26APR281315-15"",""trade_id"":""a0aa46fb-e21b-6449-0072-27ab5aa44865"",""yes_price_dollars"":""0.1700""}"
KXETH15M-26APR281315-15,93022956-534e-61ff-2175-858a60d29c59,1777395970,0.16,1.0,no,"{""count_fp"":""1.00"",""created_time"":""2026-04-28T17:06:10.715494Z"",""no_price_dollars"":""0.8400"",""taker_side"":""no"",""ticker"":""KXETH15M-26APR281315-15"",""trade_id"":""93022956-534e-61ff-2175-858a60d29c59"",""yes_price_dollars"":""0.1600""}"
KXETH15M-26APR281315-15,6f50615b-462b-6c67-13ab-2b51e1f096be,1777395970,0.17,20.0,no,"{""count_fp"":""20.00"",""created_time"":""2026-04-28T17:06:10.715494Z"",""no_price_dollars"":""0.8300"",""taker_side"":""no"",""ticker"":""KXETH15M-26APR281315-15"",""trade_id"":""6f50615b-462b-6c67-13ab-2b51e1f096be"",""yes_price_dollars"":""0.1700""}"
KXETH15M-26APR281315-15,5b1a8284-cbb0-674b-1d05-bccfd4f9ea90,1777395970,0.17,263.99,no,"{""count_fp"":""263.99"",""created_time"":""2026-04-28T17:06:10.715494Z"",""no_price_dollars"":""0.8300"",""taker_side"":""no"",""ticker"":""KXETH15M-26APR281315-15"",""trade_id"":""5b1a8284-cbb0-674b-1d05-bccfd4f9ea90"",""yes_price_dollars"":""0.1700""}"
KXETH15M-26APR281315-15,22bf72bf-446f-65cb-0647-9f671d6cf8ac,1777395970,0.17,10.0,no,"{""count_fp"":""10.00"",""created_time"":""2026-04-28T17:06:10.715494Z"",""no_price_dollars"":""0.8300"",""taker_side"":""no"",""ticker"":""KXETH15M-26APR281315-15"",""trade_id"":""22bf72bf-446f-65cb-0647-9f671d6cf8ac"",""yes_price_dollars"":""0.1700""}"
KXETH15M-26APR281315-15,15852a83-269d-621c-3b53-d9cfcd35bca4,1777395970,0.16,10.0,no,"{""count_fp"":""10.00"",""created_time"":""2026-04-28T17:06:10.715494Z"",""no_price_dollars"":""0.8400"",""taker_side"":""no"",""ticker"":""KXETH15M-26APR281315-15"",""trade_id"":""15852a83-269d-621c-3b53-d9cfcd35bca4"",""yes_price_dollars"":""0.1600""}"
KXETH15M-26APR281315-15,0cfd1a71-78f1-696e-12ea-02b1b850ffcd,1777395970,0.17,45.82,no,"{""count_fp"":""45.82"",""created_time"":""2026-04-28T17:06:10.715494Z"",""no_price_dollars"":""0.8300"",""taker_side"":""no"",""ticker"":""KXETH15M-26APR281315-15"",""trade_id"":""0cfd1a71-78f1-696e-12ea-02b1b850ffcd"",""yes_price_dollars"":""0.1700""}"
KXETH15M-26APR281315-15,e8bcfb39-4417-4d69-7050-89d2f6f00a39,1777395972,0.15,6.0,no,"{""count_fp"":""6.00"",""created_time"":""2026-04-28T17:06:12.643991Z"",""no_price_dollars"":""0.8500"",""taker_side"":""no"",""ticker"":""KXETH15M-26APR281315-15"",""trade_id"":""e8bcfb39-4417-4d69-7050-89d2f6f00a39"",""yes_price_dollars"":""0.1500""}"
KXETH15M-26APR281315-15,c821825e-6ecb-6245-e38a-eac83c0510fd,1777395972,0.15,6.0,no,"{""count_fp"":""6.00"",""created_time"":""2026-04-28T17:06:12.517616Z"",""no_price_dollars"":""0.8500"",""taker_side"":""no"",""ticker"":""KXETH15M-26APR281315-15"",""trade_id"":""c821825e-6ecb-6245-e38a-eac83c0510fd"",""yes_price_dollars"":""0.1500""}"
KXETH15M-26APR281315-15,545295e8-8a0c-41c1-b873-38f3a53eb2c1,1777395972,0.16,100.0,yes,"{""count_fp"":""100.00"",""created_time"":""2026-04-28T17:06:12.405367Z"",""no_price_dollars"":""0.8400"",""taker_side"":""yes"",""ticker"":""KXETH15M-26APR281315-15"",""trade_id"":""545295e8-8a0c-41c1-b873-38f3a53eb2c1"",""yes_price_dollars"":""0.1600""}"
KXETH15M-26APR281315-15,0cda81cf-bece-4303-b7a6-13dd91c09d50,1777395972,0.16,10.0,yes,"{""count_fp"":""10.00"",""created_time"":""2026-04-28T17:06:12.405367Z"",""no_price_dollars"":""0.8400"",""taker_side"":""yes"",""ticker"":""KXETH15M-26APR281315-15"",""trade_id"":""0cda81cf-bece-4303-b7a6-13dd91c09d50"",""yes_price_dollars"":""0.1600""}"
KXETH15M-26APR281315-15,db1c0e8c-01e5-6f53-8b1c-b97cdd53f1a7,1777395973,0.17,1.0,yes,"{""count_fp"":""1.00"",""created_time"":""2026-04-28T17:06:13.403729Z"",""no_price_dollars"":""0.8300"",""taker_side"":""yes"",""ticker"":""KXETH15M-26APR281315-15"",""trade_id"":""db1c0e8c-01e5-6f53-8b1c-b97cdd53f1a7"",""yes_price_dollars"":""0.1700""}"
KXETH15M-26APR281315-15,0e7523ea-a91b-652c-b76f-bf4f6e0407cf,1777395973,0.17,10.0,yes,"{""count_fp"":""10.00"",""created_time"":""2026-04-28T17:06:13.403729Z"",""no_price_dollars"":""0.8300"",""taker_side"":""yes"",""ticker"":""KXETH15M-26APR281315-15"",""trade_id"":""0e7523ea-a91b-652c-b76f-bf4f6e0407cf"",""yes_price_dollars"":""0.1700""}"
KXETH15M-26APR281315-15,2e8b113f-1fdb-4c80-302f-68ea68cd6968,1777395973,0.16,74.24,yes,"{""count_fp"":""74.24"",""created_time"":""2026-04-28T17:06:13.254023Z"",""no_price_dollars"":""0.8400"",""taker_side"":""yes"",""ticker"":""KXETH15M-26APR281315-15"",""trade_id"":""2e8b113f-1fdb-4c80-302f-68ea68cd6968"",""yes_price_dollars"":""0.1600""}"
KXETH15M-26APR281315-15,7397564b-cab3-467c-eef3-3071ba892544,1777395973,0.16,25.76,yes,"{""count_fp"":""25.76"",""created_time"":""2026-04-28T17:06:13.226962Z"",""no_price_dollars"":""0.8400"",""taker_side"":""yes"",""ticker"":""KXETH15M-26APR281315-15"",""trade_id"":""7397564b-cab3-467c-eef3-3071ba892544"",""yes_price_dollars"":""0.1600""}"
KXETH15M-26APR281315-15,57f25da3-b082-64af-a48f-3bdb70cc3fc9,1777395974,0.2,14.2,yes,"{""count_fp"":""14.20"",""created_time"":""2026-04-28T17:06:14.487652Z"",""no_price_dollars"":""0.8000"",""taker_side"":""yes"",""ticker"":""KXETH15M-26APR281315-15"",""trade_id"":""57f25da3-b082-64af-a48f-3bdb70cc3fc9"",""yes_price_dollars"":""0.2000""}"
KXETH15M-26APR281315-15,da4e958b-6ac3-4829-afb2-116f4d10ae6d,1777395975,0.18,22.12,no,"{""count_fp"":""22.12"",""created_time"":""2026-04-28T17:06:15.087233Z"",""no_price_dollars"":""0.8200"",""taker_side"":""no"",""ticker"":""KXETH15M-26APR281315-15"",""trade_id"":""da4e958b-6ac3-4829-afb2-116f4d10ae6d"",""yes_price_dollars"":""0.1800""}"
KXETH15M-26APR281315-15,685f07f1-2963-4589-79cd-bd8bbdb9aa39,1777395977,0.18,30.1,no,"{""count_fp"":""30.10"",""created_time"":""2026-04-28T17:06:17.594641Z"",""no_price_dollars"":""0.8200"",""taker_side"":""no"",""ticker"":""KXETH15M-26APR281315-15"",""trade_id"":""685f07f1-2963-4589-79cd-bd8bbdb9aa39"",""yes_price_dollars"":""0.1800""}"
KXETH15M-26APR281315-15,a6de41f7-3f4a-437b-b0b1-8497b2e94dbd,1777395978,0.19,23.67,yes,"{""count_fp"":""23.67"",""created_time"":""2026-04-28T17:06:18.566883Z"",""no_price_dollars"":""0.8100"",""taker_side"":""yes"",""ticker"":""KXETH15M-26APR281315-15"",""trade_id"":""a6de41f7-3f4a-437b-b0b1-8497b2e94dbd"",""yes_price_dollars"":""0.1900""}"
KXETH15M-26APR281315-15,a1c4cd84-6242-6737-52c8-a9d032b8e791,1777395985,0.2,50.0,yes,"{""count_fp"":""50.00"",""created_time"":""2026-04-28T17:06:25.050691Z"",""no_price_dollars"":""0.8000"",""taker_side"":""yes"",""ticker"":""KXETH15M-26APR281315-15"",""trade_id"":""a1c4cd84-6242-6737-52c8-a9d032b8e791"",""yes_price_dollars"":""0.2000""}"
KXETH15M-26APR281315-15,2cf10601-2bfe-5b73-f91e-71f04612b3d3,1777395988,0.21,12.37,yes,"{""count_fp"":""12.37"",""created_time"":""2026-04-28T17:06:28.030794Z"",""no_price_dollars"":""0.7900"",""taker_side"":""yes"",""ticker"":""KXETH15M-26APR281315-15"",""trade_id"":""2cf10601-2bfe-5b73-f91e-71f04612b3d3"",""yes_price_dollars"":""0.2100""}"
KXETH15M-26APR281315-15,f836d12e-778a-42a3-c4f3-121280248182,1777395989,0.2,60.0,no,"{""count_fp"":""60.00"",""created_time"":""2026-04-28T17:06:29.773053Z"",""no_price_dollars"":""0.8000"",""taker_side"":""no"",""ticker"":""KXETH15M-26APR281315-15"",""trade_id"":""f836d12e-778a-42a3-c4f3-121280248182"",""yes_price_dollars"":""0.2000""}"
KXETH15M-26APR281315-15,f5e80b20-cfd6-4734-fac5-ed7818cb1a71,1777395989,0.2,10.0,no,"{""count_fp"":""10.00"",""created_time"":""2026-04-28T17:06:29.773053Z"",""no_price_dollars"":""0.8000"",""taker_side"":""no"",""ticker"":""KXETH15M-26APR281315-15"",""trade_id"":""f5e80b20-cfd6-4734-fac5-ed7818cb1a71"",""yes_price_dollars"":""0.2000""}"
KXETH15M-26APR281315-15,acff2d49-68ef-478d-f747-5452cf945a6d,1777395989,0.19,6.19,no,"{""count_fp"":""6.19"",""created_time"":""2026-04-28T17:06:29.773053Z"",""no_price_dollars"":""0.8100"",""taker_side"":""no"",""ticker"":""KXETH15M-26APR281315-15"",""trade_id"":""acff2d49-68ef-478d-f747-5452cf945a6d"",""yes_price_dollars"":""0.1900""}"
KXETH15M-26APR281315-15,835457fa-2e7d-467d-d6bd-d7b7cccb05f6,1777395989,0.19,15.0,no,"{""count_fp"":""15.00"",""created_time"":""2026-04-28T17:06:29.773053Z"",""no_price_dollars"":""0.8100"",""taker_side"":""no"",""ticker"":""KXETH15M-26APR281315-15"",""trade_id"":""835457fa-2e7d-467d-d6bd-d7b7cccb05f6"",""yes_price_dollars"":""0.1900""}"
KXETH15M-26APR281315-15,823b31f0-15be-409f-cf62-00efdb44aaf3,1777395989,0.21,25.0,yes,"{""count_fp"":""25.00"",""created_time"":""2026-04-28T17:06:29.350419Z"",""no_price_dollars"":""0.7900"",""taker_side"":""yes"",""ticker"":""KXETH15M-26APR281315-15"",""trade_id"":""823b31f0-15be-409f-cf62-00efdb44aaf3"",""yes_price_dollars"":""0.2100""}"
KXETH15M-26APR281315-15,7ea78327-3fd7-48bd-dfa9-232a26a24b0d,1777395991,0.19,1.0,no,"{""count_fp"":""1.00"",""created_time"":""2026-04-28T17:06:31.258749Z"",""no_price_dollars"":""0.8100"",""taker_side"":""no"",""ticker"":""KXETH15M-26APR281315-15"",""trade_id"":""7ea78327-3fd7-48bd-dfa9-232a26a24b0d"",""yes_price_dollars"":""0.1900""}"
KXETH15M-26APR281315-15,64df05ba-44f6-685b-c8ea-85dd7a565c8f,1777395993,0.2,100.0,yes,"{""count_fp"":""100.00"",""created_time"":""2026-04-28T17:06:33.666436Z"",""no_price_dollars"":""0.8000"",""taker_side"":""yes"",""ticker"":""KXETH15M-26APR281315-15"",""trade_id"":""64df05ba-44f6-685b-c8ea-85dd7a565c8f"",""yes_price_dollars"":""0.2000""}"
KXETH15M-26APR281315-15,a389a0bc-2816-5d4b-5861-f6d1cb683513,1777395994,0.21,1.0,no,"{""count_fp"":""1.00"",""created_time"":""2026-04-28T17:06:34.402202Z"",""no_price_dollars"":""0.7900"",""taker_side"":""no"",""ticker"":""KXETH15M-26APR281315-15"",""trade_id"":""a389a0bc-2816-5d4b-5861-f6d1cb683513"",""yes_price_dollars"":""0.2100""}"
KXETH15M-26APR281315-15,a393b36e-4d3b-62c1-4bbf-bb5758bf91c1,1777395998,0.2,1.7,no,"{""count_fp"":""1.70"",""created_time"":""2026-04-28T17:06:38.380777Z"",""no_price_dollars"":""0.8000"",""taker_side"":""no"",""ticker"":""KXETH15M-26APR281315-15"",""trade_id"":""a393b36e-4d3b-62c1-4bbf-bb5758bf91c1"",""yes_price_dollars"":""0.2000""}"
KXETH15M-26APR281315-15,8e1e8d5a-bd2a-6653-6b3d-27c9ab239949,1777395998,0.21,6.99,no,"{""count_fp"":""6.99"",""created_time"":""2026-04-28T17:06:38.380777Z"",""no_price_dollars"":""0.7900"",""taker_side"":""no"",""ticker"":""KXETH15M-26APR281315-15"",""trade_id"":""8e1e8d5a-bd2a-6653-6b3d-27c9ab239949"",""yes_price_dollars"":""0.2100""}"
KXETH15M-26APR281315-15,657f7148-8e94-683e-43f9-e4b83ddde13a,1777395998,0.21,10.0,no,"{""count_fp"":""10.00"",""created_time"":""2026-04-28T17:06:38.380777Z"",""no_price_dollars"":""0.7900"",""taker_side"":""no"",""ticker"":""KXETH15M-26APR281315-15"",""trade_id"":""657f7148-8e94-683e-43f9-e4b83ddde13a"",""yes_price_dollars"":""0.2100""}"
KXETH15M-26APR281315-15,1db299b7-7a16-5e20-e3bc-26177ab40907,1777396004,0.2,22.12,yes,"{""count_fp"":""22.12"",""created_time"":""2026-04-28T17:06:44.847661Z"",""no_price_dollars"":""0.8000"",""taker_side"":""yes"",""ticker"":""KXETH15M-26APR281315-15"",""trade_id"":""1db299b7-7a16-5e20-e3bc-26177ab40907"",""yes_price_dollars"":""0.2000""}"
KXETH15M-26APR281315-15,64a4a67d-0c02-49a4-87c0-e9bcb372f84b,1777396014,0.21,8.62,yes,"{""count_fp"":""8.62"",""created_time"":""2026-04-28T17:06:54.082962Z"",""no_price_dollars"":""0.7900"",""taker_side"":""yes"",""ticker"":""KXETH15M-26APR281315-15"",""trade_id"":""64a4a67d-0c02-49a4-87c0-e9bcb372f84b"",""yes_price_dollars"":""0.2100""}"
KXETH15M-26APR281315-15,191f0405-59ee-5b6c-84a8-ab92d8356707,1777396022,0.21,100.0,yes,"{""count_fp"":""100.00"",""created_time"":""2026-04-28T17:07:02.138168Z"",""no_price_dollars"":""0.7900"",""taker_side"":""yes"",""ticker"":""KXETH15M-26APR281315-15"",""trade_id"":""191f0405-59ee-5b6c-84a8-ab92d8356707"",""yes_price_dollars"":""0.2100""}"
KXETH15M-26APR281315-15,d1ec47d3-f262-7a77-b391-82a4ed044f87,1777396023,0.21,1.0,no,"{""count_fp"":""1.00"",""created_time"":""2026-04-28T17:07:03.314701Z"",""no_price_dollars"":""0.7900"",""taker_side"":""no"",""ticker"":""KXETH15M-26APR281315-15"",""trade_id"":""d1ec47d3-f262-7a77-b391-82a4ed044f87"",""yes_price_dollars"":""0.2100""}"
KXETH15M-26APR281315-15,c53d2d73-d2bd-4856-afbf-31297b34076e,1777396026,0.2,6.0,no,"{""count_fp"":""6.00"",""created_time"":""2026-04-28T17:07:06.589704Z"",""no_price_dollars"":""0.8000"",""taker_side"":""no"",""ticker"":""KXETH15M-26APR281315-15"",""trade_id"":""c53d2d73-d2bd-4856-afbf-31297b34076e"",""yes_price_dollars"":""0.2000""}"
KXETH15M-26APR281315-15,2add28b3-6d1f-7b89-8ad9-bb37f22e48bf,1777396029,0.21,56.87,yes,"{""count_fp"":""56.87"",""created_time"":""2026-04-28T17:07:09.490158Z"",""no_price_dollars"":""0.7900"",""taker_side"":""yes"",""ticker"":""KXETH15M-26APR281315-15"",""trade_id"":""2add28b3-6d1f-7b89-8ad9-bb37f22e48bf"",""yes_price_dollars"":""0.2100""}"
KXETH15M-26APR281315-15,adf9aee9-acb7-75d5-1667-b2e0aaf5852f,1777396031,0.21,43.13,yes,"{""count_fp"":""43.13"",""created_time"":""2026-04-28T17:07:11.857502Z"",""no_price_dollars"":""0.7900"",""taker_side"":""yes"",""ticker"":""KXETH15M-26APR281315-15"",""trade_id"":""adf9aee9-acb7-75d5-1667-b2e0aaf5852f"",""yes_price_dollars"":""0.2100""}"
KXETH15M-26APR281315-15,79d7ca0c-634d-7330-006c-6899089f2de1,1777396031,0.21,1.99,yes,"{""count_fp"":""1.99"",""created_time"":""2026-04-28T17:07:11.857502Z"",""no_price_dollars"":""0.7900"",""taker_side"":""yes"",""ticker"":""KXETH15M-26APR281315-15"",""trade_id"":""79d7ca0c-634d-7330-006c-6899089f2de1"",""yes_price_dollars"":""0.2100""}"
KXETH15M-26APR281315-15,9618b1d6-2bf4-714c-472e-4e2170b8bafb,1777396040,0.18,1.38,yes,"{""count_fp"":""1.38"",""created_time"":""2026-04-28T17:07:20.342711Z"",""no_price_dollars"":""0.8200"",""taker_side"":""yes"",""ticker"":""KXETH15M-26APR281315-15"",""trade_id"":""9618b1d6-2bf4-714c-472e-4e2170b8bafb"",""yes_price_dollars"":""0.1800""}"
KXETH15M-26APR281315-15,043009c8-02b0-79dc-d954-1534fcb2a587,1777396045,0.17,50.0,yes,"{""count_fp"":""50.00"",""created_time"":""2026-04-28T17:07:25.017922Z"",""no_price_dollars"":""0.8300"",""taker_side"":""yes"",""ticker"":""KXETH15M-26APR281315-15"",""trade_id"":""043009c8-02b0-79dc-d954-1534fcb2a587"",""yes_price_dollars"":""0.1700""}"
KXETH15M-26APR281315-15,8047ab3c-43b0-5378-4c7d-9ddce6668d7b,1777396049,0.18,4.98,yes,"{""count_fp"":""4.98"",""created_time"":""2026-04-28T17:07:29.039844Z"",""no_price_dollars"":""0.8200"",""taker_side"":""yes"",""ticker"":""KXETH15M-26APR281315-15"",""trade_id"":""8047ab3c-43b0-5378-4c7d-9ddce6668d7b"",""yes_price_dollars"":""0.1800""}"
KXETH15M-26APR281315-15,c1c75773-8a43-564d-bd11-b6c62ba3e91d,1777396071,0.15,4.74,no,"{""count_fp"":""4.74"",""created_time"":""2026-04-28T17:07:51.914962Z"",""no_price_dollars"":""0.8500"",""taker_side"":""no"",""ticker"":""KXETH15M-26APR281315-15"",""trade_id"":""c1c75773-8a43-564d-bd11-b6c62ba3e91d"",""yes_price_dollars"":""0.1500""}"
KXETH15M-26APR281315-15,68319013-e942-50a9-b89b-a9cb2e03fa3f,1777396071,0.16,1.0,no,"{""count_fp"":""1.00"",""created_time"":""2026-04-28T17:07:51.914962Z"",""no_price_dollars"":""0.8400"",""taker_side"":""no"",""ticker"":""KXETH15M-26APR281315-15"",""trade_id"":""68319013-e942-50a9-b89b-a9cb2e03fa3f"",""yes_price_dollars"":""0.1600""}"
KXETH15M-26APR281315-15,34077aa1-4648-61d4-9e71-2593b78a118e,1777396075,0.15,2.0,yes,"{""count_fp"":""2.00"",""created_time"":""2026-04-28T17:07:55.379546Z"",""no_price_dollars"":""0.8500"",""taker_side"":""yes"",""ticker"":""KXETH15M-26APR281315-15"",""trade_id"":""34077aa1-4648-61d4-9e71-2593b78a118e"",""yes_price_dollars"":""0.1500""}"
KXETH15M-26APR281315-15,ce2d570b-8ae6-6e8d-0627-23a5f5410f23,1777396078,0.13,4.0,no,"{""count_fp"":""4.00"",""created_time"":""2026-04-28T17:07:58.978068Z"",""no_price_dollars"":""0.8700"",""taker_side"":""no"",""ticker"":""KXETH15M-26APR281315-15"",""trade_id"":""ce2d570b-8ae6-6e8d-0627-23a5f5410f23"",""yes_price_dollars"":""0.1300""}"
KXETH15M-26APR281315-15,984aeede-a481-65a0-3431-01e4ca703df4,1777396078,0.14,10.0,no,"{""count_fp"":""10.00"",""created_time"":""2026-04-28T17:07:58.978068Z"",""no_price_dollars"":""0.8600"",""taker_side"":""no"",""ticker"":""KXETH15M-26APR281315-15"",""trade_id"":""984aeede-a481-65a0-3431-01e4ca703df4"",""yes_price_dollars"":""0.1400""}"
KXETH15M-26APR281315-15,b525b3d9-6634-4d0c-217a-2146ec408d36,1777396079,0.14,18.86,yes,"{""count_fp"":""18.86"",""created_time"":""2026-04-28T17:07:59.765595Z"",""no_price_dollars"":""0.8600"",""taker_side"":""yes"",""ticker"":""KXETH15M-26APR281315-15"",""trade_id"":""b525b3d9-6634-4d0c-217a-2146ec408d36"",""yes_price_dollars"":""0.1400""}"
KXETH15M-26APR281315-15,19995d9e-0718-482c-2355-2b5fc5879d16,1777396079,0.14,31.46,yes,"{""count_fp"":""31.46"",""created_time"":""2026-04-28T17:07:59.585698Z"",""no_price_dollars"":""0.8600"",""taker_side"":""yes"",""ticker"":""KXETH15M-26APR281315-15"",""trade_id"":""19995d9e-0718-482c-2355-2b5fc5879d16"",""yes_price_dollars"":""0.1400""}"
KXETH15M-26APR281315-15,0a25c059-d4a8-7508-a37a-1c5137fbcf32,1777396083,0.14,1.0,yes,"{""count_fp"":""1.00"",""created_time"":""2026-04-28T17:08:03.396986Z"",""no_price_dollars"":""0.8600"",""taker_side"":""yes"",""ticker"":""KXETH15M-26APR281315-15"",""trade_id"":""0a25c059-d4a8-7508-a37a-1c5137fbcf32"",""yes_price_dollars"":""0.1400""}"
KXETH15M-26APR281315-15,83c8c397-f73f-7b99-d1f9-d61b5ec69f01,1777396084,0.12,1.0,no,"{""count_fp"":""1.00"",""created_time"":""2026-04-28T17:08:04.619944Z"",""no_price_dollars"":""0.8800"",""taker_side"":""no"",""ticker"":""KXETH15M-26APR281315-15"",""trade_id"":""83c8c397-f73f-7b99-d1f9-d61b5ec69f01"",""yes_price_dollars"":""0.1200""}"
KXETH15M-26APR281315-15,8cf4e51e-1935-7902-2acc-84c44bc37014,1777396085,0.11,1.0,no,"{""count_fp"":""1.00"",""created_time"":""2026-04-28T17:08:05.434359Z"",""no_price_dollars"":""0.8900"",""taker_side"":""no"",""ticker"":""KXETH15M-26APR281315-15"",""trade_id"":""8cf4e51e-1935-7902-2acc-84c44bc37014"",""yes_price_dollars"":""0.1100""}"
KXETH15M-26APR281315-15,3006370b-0c81-7233-2e59-b1bcd3bee436,1777396085,0.11,3.41,no,"{""count_fp"":""3.41"",""created_time"":""2026-04-28T17:08:05.434359Z"",""no_price_dollars"":""0.8900"",""taker_side"":""no"",""ticker"":""KXETH15M-26APR281315-15"",""trade_id"":""3006370b-0c81-7233-2e59-b1bcd3bee436"",""yes_price_dollars"":""0.1100""}"
KXETH15M-26APR281315-15,edeebd9e-1d7d-6596-d603-e95f372c7311,1777396087,0.11,10.0,no,"{""count_fp"":""10.00"",""created_time"":""2026-04-28T17:08:07.018749Z"",""no_price_dollars"":""0.8900"",""taker_side"":""no"",""ticker"":""KXETH15M-26APR281315-15"",""trade_id"":""edeebd9e-1d7d-6596-d603-e95f372c7311"",""yes_price_dollars"":""0.1100""}"
KXETH15M-26APR281315-15,d9e578f4-30cf-648d-e15a-2a67c6785839,1777396087,0.11,40.0,no,"{""count_fp"":""40.00"",""created_time"":""2026-04-28T17:08:07.018749Z"",""no_price_dollars"":""0.8900"",""taker_side"":""no"",""ticker"":""KXETH15M-26APR281315-15"",""trade_id"":""d9e578f4-30cf-648d-e15a-2a67c6785839"",""yes_price_dollars"":""0.1100""}"
KXETH15M-26APR281315-15,359db6d6-0f44-7995-5087-eee057bf682e,1777396091,0.1,1.0,no,"{""count_fp"":""1.00"",""created_time"":""2026-04-28T17:08:11.736132Z"",""no_price_dollars"":""0.9000"",""taker_side"":""no"",""ticker"":""KXETH15M-26APR281315-15"",""trade_id"":""359db6d6-0f44-7995-5087-eee057bf682e"",""yes_price_dollars"":""0.1000""}"
KXETH15M-26APR281315-15,ef00cb51-0823-6400-e064-fcc2c454702d,1777396093,0.09,1.0,no,"{""count_fp"":""1.00"",""created_time"":""2026-04-28T17:08:13.778239Z"",""no_price_dollars"":""0.9100"",""taker_side"":""no"",""ticker"":""KXETH15M-26APR281315-15"",""trade_id"":""ef00cb51-0823-6400-e064-fcc2c454702d"",""yes_price_dollars"":""0.0900""}"
KXETH15M-26APR281315-15,d31c6317-9603-68ad-c3aa-f1eedc259ca5,1777396093,0.08,8.12,no,"{""count_fp"":""8.12"",""created_time"":""2026-04-28T17:08:13.778239Z"",""no_price_dollars"":""0.9200"",""taker_side"":""no"",""ticker"":""KXETH15M-26APR281315-15"",""trade_id"":""d31c6317-9603-68ad-c3aa-f1eedc259ca5"",""yes_price_dollars"":""0.0800""}"
KXETH15M-26APR281315-15,bd1a8730-0b99-6784-c409-f6b1f8bf9e7b,1777396093,0.08,1.0,no,"{""count_fp"":""1.00"",""created_time"":""2026-04-28T17:08:13.778239Z"",""no_price_dollars"":""0.9200"",""taker_side"":""no"",""ticker"":""KXETH15M-26APR281315-15"",""trade_id"":""bd1a8730-0b99-6784-c409-f6b1f8bf9e7b"",""yes_price_dollars"":""0.0800""}"
KXETH15M-26APR281315-15,b5a90674-095b-6ed4-ea29-04e103032616,1777396093,0.08,3.0,no,"{""count_fp"":""3.00"",""created_time"":""2026-04-28T17:08:13.778239Z"",""no_price_dollars"":""0.9200"",""taker_side"":""no"",""ticker"":""KXETH15M-26APR281315-15"",""trade_id"":""b5a90674-095b-6ed4-ea29-04e103032616"",""yes_price_dollars"":""0.0800""}"
KXETH15M-26APR281315-15,b03666b5-c075-6102-e5ad-ed1214a57b1e,1777396093,0.1,10.0,no,"{""count_fp"":""10.00"",""created_time"":""2026-04-28T17:08:13.778239Z"",""no_price_dollars"":""0.9000"",""taker_side"":""no"",""ticker"":""KXETH15M-26APR281315-15"",""trade_id"":""b03666b5-c075-6102-e5ad-ed1214a57b1e"",""yes_price_dollars"":""0.1000""}"
KXETH15M-26APR281315-15,ac7308a9-8346-6b93-e4a9-dabb98cf69ac,1777396093,0.1,1.0,no,"{""count_fp"":""1.00"",""created_time"":""2026-04-28T17:08:13.778239Z"",""no_price_dollars"":""0.9000"",""taker_side"":""no"",""ticker"":""KXETH15M-26APR281315-15"",""trade_id"":""ac7308a9-8346-6b93-e4a9-dabb98cf69ac"",""yes_price_dollars"":""0.1000""}"
KXETH15M-26APR281315-15,791a268a-a596-6c8f-f7f4-f2019bbd22f4,1777396093,0.09,3.0,no,"{""count_fp"":""3.00"",""created_time"":""2026-04-28T17:08:13.778239Z"",""no_price_dollars"":""0.9100"",""taker_side"":""no"",""ticker"":""KXETH15M-26APR281315-15"",""trade_id"":""791a268a-a596-6c8f-f7f4-f2019bbd22f4"",""yes_price_dollars"":""0.0900""}"
KXETH15M-26APR281315-15,76962780-5862-6269-f1cc-3ee1d4fc4039,1777396093,0.1,3.0,no,"{""count_fp"":""3.00"",""created_time"":""2026-04-28T17:08:13.778239Z"",""no_price_dollars"":""0.9000"",""taker_side"":""no"",""ticker"":""KXETH15M-26APR281315-15"",""trade_id"":""76962780-5862-6269-f1cc-3ee1d4fc4039"",""yes_price_dollars"":""0.1000""}"
KXETH15M-26APR281315-15,58d086d0-d044-6a68-e215-f0ed30c07289,1777396093,0.1,14.0,no,"{""count_fp"":""14.00"",""created_time"":""2026-04-28T17:08:13.778239Z"",""no_price_dollars"":""0.9000"",""taker_side"":""no"",""ticker"":""KXETH15M-26APR281315-15"",""trade_id"":""58d086d0-d044-6a68-e215-f0ed30c07289"",""yes_price_dollars"":""0.1000""}"
KXETH15M-26APR281315-15,251b2ca4-0d0b-6634-fcce-df376f62e4f4,1777396093,0.1,1.0,no,"{""count_fp"":""1.00"",""created_time"":""2026-04-28T17:08:13.778239Z"",""no_price_dollars"":""0.9000"",""taker_side"":""no"",""ticker"":""KXETH15M-26APR281315-15"",""trade_id"":""251b2ca4-0d0b-6634-fcce-df376f62e4f4"",""yes_price_dollars"":""0.1000""}"
KXETH15M-26APR281315-15,aad5612a-cc24-7f94-9f8c-e0c182a8bc8a,1777396096,0.088,4.27,yes,"{""count_fp"":""4.27"",""created_time"":""2026-04-28T17:08:16.898096Z"",""no_price_dollars"":""0.9120"",""taker_side"":""yes"",""ticker"":""KXETH15M-26APR281315-15"",""trade_id"":""aad5612a-cc24-7f94-9f8c-e0c182a8bc8a"",""yes_price_dollars"":""0.0880""}"
KXETH15M-26APR281315-15,85a3a35a-296e-636c-b824-2192dd22e681,1777396096,0.087,10.0,yes,"{""count_fp"":""10.00"",""created_time"":""2026-04-28T17:08:16.765102Z"",""no_price_dollars"":""0.9130"",""taker_side"":""yes"",""ticker"":""KXETH15M-26APR281315-15"",""trade_id"":""85a3a35a-296e-636c-b824-2192dd22e681"",""yes_price_dollars"":""0.0870""}"
KXETH15M-26APR281315-15,30bf9044-b698-6694-b57b-71e72f133b7e,1777396096,0.088,29.45,yes,"{""count_fp"":""29.45"",""created_time"":""2026-04-28T17:08:16.765102Z"",""no_price_dollars"":""0.9120"",""taker_side"":""yes"",""ticker"":""KXETH15M-26APR281315-15"",""trade_id"":""30bf9044-b698-6694-b57b-71e72f133b7e"",""yes_price_dollars"":""0.0880""}"
KXETH15M-26APR281315-15,fe1458e1-ed98-7de1-083a-872f018afb70,1777396097,0.07,8.0,no,"{""count_fp"":""8.00"",""created_time"":""2026-04-28T17:08:17.525583Z"",""no_price_dollars"":""0.9300"",""taker_side"":""no"",""ticker"":""KXETH15M-26APR281315-15"",""trade_id"":""fe1458e1-ed98-7de1-083a-872f018afb70"",""yes_price_dollars"":""0.0700""}"
KXETH15M-26APR281315-15,d7494f4d-b9a7-70ac-2552-26032d0a30ff,1777396097,0.07,3.0,no,"{""count_fp"":""3.00"",""created_time"":""2026-04-28T17:08:17.525583Z"",""no_price_dollars"":""0.9300"",""taker_side"":""no"",""ticker"":""KXETH15M-26APR281315-15"",""trade_id"":""d7494f4d-b9a7-70ac-2552-26032d0a30ff"",""yes_price_dollars"":""0.0700""}"
KXETH15M-26APR281315-15,8a189aae-a0d7-7935-3e8c-d5e498d6cce5,1777396097,0.07,68.44,no,"{""count_fp"":""68.44"",""created_time"":""2026-04-28T17:08:17.525583Z"",""no_price_dollars"":""0.9300"",""taker_side"":""no"",""ticker"":""KXETH15M-26APR281315-15"",""trade_id"":""8a189aae-a0d7-7935-3e8c-d5e498d6cce5"",""yes_price_dollars"":""0.0700""}"
KXETH15M-26APR281315-15,64428e03-8af0-61e9-7ec6-646192bd3160,1777396097,0.07,2.0,no,"{""count_fp"":""2.00"",""created_time"":""2026-04-28T17:08:17.443143Z"",""no_price_dollars"":""0.9300"",""taker_side"":""no"",""ticker"":""KXETH15M-26APR281315-15"",""trade_id"":""64428e03-8af0-61e9-7ec6-646192bd3160"",""yes_price_dollars"":""0.0700""}"
KXETH15M-26APR281315-15,a8df433e-e984-643f-3148-4dcd3d0b5b9e,1777396097,0.07,1.0,no,"{""count_fp"":""1.00"",""created_time"":""2026-04-28T17:08:17.436642Z"",""no_price_dollars"":""0.9300"",""taker_side"":""no"",""ticker"":""KXETH15M-26APR281315-15"",""trade_id"":""a8df433e-e984-643f-3148-4dcd3d0b5b9e"",""yes_price_dollars"":""0.0700""}"
KXETH15M-26APR281315-15,a2d40857-f350-6fbe-1410-73a9217d480a,1777396097,0.07,1.0,no,"{""count_fp"":""1.00"",""created_time"":""2026-04-28T17:08:17.436642Z"",""no_price_dollars"":""0.9300"",""taker_side"":""no"",""ticker"":""KXETH15M-26APR281315-15"",""trade_id"":""a2d40857-f350-6fbe-1410-73a9217d480a"",""yes_price_dollars"":""0.0700""}"
KXETH15M-26APR281315-15,9250c82a-5e10-6c71-29eb-6b0dee032b9c,1777396097,0.07,6.0,no,"{""count_fp"":""6.00"",""created_time"":""2026-04-28T17:08:17.436642Z"",""no_price_dollars"":""0.9300"",""taker_side"":""no"",""ticker"":""KXETH15M-26APR281315-15"",""trade_id"":""9250c82a-5e10-6c71-29eb-6b0dee032b9c"",""yes_price_dollars"":""0.0700""}"
KXETH15M-26APR281315-15,4eff321b-6ebd-6a8e-1bba-1c9bc4619c01,1777396097,0.07,22.0,no,"{""count_fp"":""22.00"",""created_time"":""2026-04-28T17:08:17.436642Z"",""no_price_dollars"":""0.9300"",""taker_side"":""no"",""ticker"":""KXETH15M-26APR281315-15"",""trade_id"":""4eff321b-6ebd-6a8e-1bba-1c9bc4619c01"",""yes_price_dollars"":""0.0700""}"
KXETH15M-26APR281315-15,e32b83de-e66f-64ad-f8af-303faea46e51,1777396098,0.07,107.0,no,"{""count_fp"":""107.00"",""created_time"":""2026-04-28T17:08:18.114882Z"",""no_price_dollars"":""0.9300"",""taker_side"":""no"",""ticker"":""KXETH15M-26APR281315-15"",""trade_id"":""e32b83de-e66f-64ad-f8af-303faea46e51"",""yes_price_dollars"":""0.0700""}"
KXETH15M-26APR281315-15,391cb589-5c61-7cbb-b230-a8a07b2da69a,1777396101,0.081,2.0,no,"{""count_fp"":""2.00"",""created_time"":""2026-04-28T17:08:21.480173Z"",""no_price_dollars"":""0.9190"",""taker_side"":""no"",""ticker"":""KXETH15M-26APR281315-15"",""trade_id"":""391cb589-5c61-7cbb-b230-a8a07b2da69a"",""yes_price_dollars"":""0.0810""}"
KXETH15M-26APR281315-15,aa46de6c-bdcc-5944-a2dc-62e19aeb391f,1777396102,0.081,10.0,no,"{""count_fp"":""10.00"",""created_time"":""2026-04-28T17:08:22.895754Z"",""no_price_dollars"":""0.9190"",""taker_side"":""no"",""ticker"":""KXETH15M-26APR281315-15"",""trade_id"":""aa46de6c-bdcc-5944-a2dc-62e19aeb391f"",""yes_price_dollars"":""0.0810""}"
KXETH15M-26APR281315-15,821a8e4c-469e-556a-83b0-19e71301b613,1777396102,0.081,5.86,no,"{""count_fp"":""5.86"",""created_time"":""2026-04-28T17:08:22.895754Z"",""no_price_dollars"":""0.9190"",""taker_side"":""no"",""ticker"":""KXETH15M-26APR281315-15"",""trade_id"":""821a8e4c-469e-556a-83b0-19e71301b613"",""yes_price_dollars"":""0.0810""}"
KXETH15M-26APR281315-15,4566be2d-4c76-572f-9372-08fb68f78d2f,1777396102,0.08,0.1,no,"{""count_fp"":""0.10"",""created_time"":""2026-04-28T17:08:22.895754Z"",""no_price_dollars"":""0.9200"",""taker_side"":""no"",""ticker"":""KXETH15M-26APR281315-15"",""trade_id"":""4566be2d-4c76-572f-9372-08fb68f78d2f"",""yes_price_dollars"":""0.0800""}"
KXETH15M-26APR281315-15,fa428ea7-1266-5957-86c7-8f7f76e1e6ab,1777396103,0.08,37.83,no,"{""count_fp"":""37.83"",""created_time"":""2026-04-28T17:08:23.291075Z"",""no_price_dollars"":""0.9200"",""taker_side"":""no"",""ticker"":""KXETH15M-26APR281315-15"",""trade_id"":""fa428ea7-1266-5957-86c7-8f7f76e1e6ab"",""yes_price_dollars"":""0.0800""}"
KXETH15M-26APR281315-15,92b54b7f-6d80-4b38-164d-089070f98aee,1777396106,0.088,100.0,yes,"{""count_fp"":""100.00"",""created_time"":""2026-04-28T17:08:26.529077Z"",""no_price_dollars"":""0.9120"",""taker_side"":""yes"",""ticker"":""KXETH15M-26APR281315-15"",""trade_id"":""92b54b7f-6d80-4b38-164d-089070f98aee"",""yes_price_dollars"":""0.0880""}"
KXETH15M-26APR281315-15,dd49aad7-8296-542e-8711-4c74a2af1a6b,1777396107,0.098,39.24,yes,"{""count_fp"":""39.24"",""created_time"":""2026-04-28T17:08:27.855392Z"",""no_price_dollars"":""0.9020"",""taker_side"":""yes"",""ticker"":""KXETH15M-26APR281315-15"",""trade_id"":""dd49aad7-8296-542e-8711-4c74a2af1a6b"",""yes_price_dollars"":""0.0980""}"
KXETH15M-26APR281315-15,61132bb8-a4d2-79f5-21e8-75afc90bc6b5,1777396108,0.098,10.55,yes,"{""count_fp"":""10.55"",""created_time"":""2026-04-28T17:08:28.796767Z"",""no_price_dollars"":""0.9020"",""taker_side"":""yes"",""ticker"":""KXETH15M-26APR281315-15"",""trade_id"":""61132bb8-a4d2-79f5-21e8-75afc90bc6b5"",""yes_price_dollars"":""0.0980""}"
KXETH15M-26APR281315-15,0e6a889b-353a-7546-2db5-5372cd08b37b,1777396108,0.098,85.33,yes,"{""count_fp"":""85.33"",""created_time"":""2026-04-28T17:08:28.796767Z"",""no_price_dollars"":""0.9020"",""taker_side"":""yes"",""ticker"":""KXETH15M-26APR281315-15"",""trade_id"":""0e6a889b-353a-7546-2db5-5372cd08b37b"",""yes_price_dollars"":""0.0980""}"
KXETH15M-26APR281315-15,0c179fb9-17ce-4219-f6f5-62ec683f6ff9,1777396110,0.12,100.0,yes,"{""count_fp"":""100.00"",""created_time"":""2026-04-28T17:08:30.975377Z"",""no_price_dollars"":""0.8800"",""taker_side"":""yes"",""ticker"":""KXETH15M-26APR281315-15"",""trade_id"":""0c179fb9-17ce-4219-f6f5-62ec683f6ff9"",""yes_price_dollars"":""0.1200""}"
KXETH15M-26APR281315-15,e7de5837-b013-7155-f5e0-02fdae2b6851,1777396111,0.11,6.93,no,"{""count_fp"":""6.93"",""created_time"":""2026-04-28T17:08:31.387864Z"",""no_price_dollars"":""0.8900"",""taker_side"":""no"",""ticker"":""KXETH15M-26APR281315-15"",""trade_id"":""e7de5837-b013-7155-f5e0-02fdae2b6851"",""yes_price_dollars"":""0.1100""}"
KXETH15M-26APR281315-15,2df15295-feda-7a3b-d5bc-77381dc8cf77,1777396111,0.11,20.07,no,"{""count_fp"":""20.07"",""created_time"":""2026-04-28T17:08:31.387864Z"",""no_price_dollars"":""0.8900"",""taker_side"":""no"",""ticker"":""KXETH15M-26APR281315-15"",""trade_id"":""2df15295-feda-7a3b-d5bc-77381dc8cf77"",""yes_price_dollars"":""0.1100""}"
KXETH15M-26APR281315-15,a5951d3d-11d3-7855-7785-06ef3c48494d,1777396120,0.11,2.23,no,"{""count_fp"":""2.23"",""created_time"":""2026-04-28T17:08:40.638343Z"",""no_price_dollars"":""0.8900"",""taker_side"":""no"",""ticker"":""KXETH15M-26APR281315-15"",""trade_id"":""a5951d3d-11d3-7855-7785-06ef3c48494d"",""yes_price_dollars"":""0.1100""}"
KXETH15M-26APR281315-15,a3597203-0c67-6195-9bb1-def70dfd1af1,1777396121,0.11,1.11,no,"{""count_fp"":""1.11"",""created_time"":""2026-04-28T17:08:41.854188Z"",""no_price_dollars"":""0.8900"",""taker_side"":""no"",""ticker"":""KXETH15M-26APR281315-15"",""trade_id"":""a3597203-0c67-6195-9bb1-def70dfd1af1"",""yes_price_dollars"":""0.1100""}"
KXETH15M-26APR281315-15,213a1db8-9851-7cac-b6f4-e1f3249e5710,1777396122,0.12,16.15,yes,"{""count_fp"":""16.15"",""created_time"":""2026-04-28T17:08:42.865762Z"",""no_price_dollars"":""0.8800"",""taker_side"":""yes"",""ticker"":""KXETH15M-26APR281315-15"",""trade_id"":""213a1db8-9851-7cac-b6f4-e1f3249e5710"",""yes_price_dollars"":""0.1200""}"
KXETH15M-26APR281315-15,9d569b62-df89-5304-110b-d8f7546d8c8c,1777396124,0.12,23.54,yes,"{""count_fp"":""23.54"",""created_time"":""2026-04-28T17:08:44.735814Z"",""no_price_dollars"":""0.8800"",""taker_side"":""yes"",""ticker"":""KXETH15M-26APR281315-15"",""trade_id"":""9d569b62-df89-5304-110b-d8f7546d8c8c"",""yes_price_dollars"":""0.1200""}"
KXETH15M-26APR281315-15,dffda0c5-b04b-5ea8-77dd-35b67645f649,1777396131,0.1,1.0,no,"{""count_fp"":""1.00"",""created_time"":""2026-04-28T17:08:51.673535Z"",""no_price_dollars"":""0.9000"",""taker_side"":""no"",""ticker"":""KXETH15M-26APR281315-15"",""trade_id"":""dffda0c5-b04b-5ea8-77dd-35b67645f649"",""yes_price_dollars"":""0.1000""}"
KXETH15M-26APR281315-15,4519c6c9-d7da-7775-eea1-22cb8d4f74c8,1777396132,0.11,7.84,yes,"{""count_fp"":""7.84"",""created_time"":""2026-04-28T17:08:52.147669Z"",""no_price_dollars"":""0.8900"",""taker_side"":""yes"",""ticker"":""KXETH15M-26APR281315-15"",""trade_id"":""4519c6c9-d7da-7775-eea1-22cb8d4f74c8"",""yes_price_dollars"":""0.1100""}"
KXETH15M-26APR281315-15,e439dc64-1aae-7281-a649-591084468c88,1777396136,0.11,0.16,yes,"{""count_fp"":""0.16"",""created_time"":""2026-04-28T17:08:56.647892Z"",""no_price_dollars"":""0.8900"",""taker_side"":""yes"",""ticker"":""KXETH15M-26APR281315-15"",""trade_id"":""e439dc64-1aae-7281-a649-591084468c88"",""yes_price_dollars"":""0.1100""}"
KXETH15M-26APR281315-15,8cb3a773-6aba-6765-340a-7dea48f3b530,1777396136,0.11,82.0,yes,"{""count_fp"":""82.00"",""created_time"":""2026-04-28T17:08:56.633489Z"",""no_price_dollars"":""0.8900"",""taker_side"":""yes"",""ticker"":""KXETH15M-26APR281315-15"",""trade_id"":""8cb3a773-6aba-6765-340a-7dea48f3b530"",""yes_price_dollars"":""0.1100""}"
KXETH15M-26APR281315-15,131510f9-46d9-7bac-1918-687d4a820104,1777396140,0.12,15.69,yes,"{""count_fp"":""15.69"",""created_time"":""2026-04-28T17:09:00.209291Z"",""no_price_dollars"":""0.8800"",""taker_side"":""yes"",""ticker"":""KXETH15M-26APR281315-15"",""trade_id"":""131510f9-46d9-7bac-1918-687d4a820104"",""yes_price_dollars"":""0.1200""}"
KXETH15M-26APR281315-15,8a275a54-a439-722c-998b-e02ec32d6b74,1777396142,0.12,1.0,yes,"{""count_fp"":""1.00"",""created_time"":""2026-04-28T17:09:02.738241Z"",""no_price_dollars"":""0.8800"",""taker_side"":""yes"",""ticker"":""KXETH15M-26APR281315-15"",""trade_id"":""8a275a54-a439-722c-998b-e02ec32d6b74"",""yes_price_dollars"":""0.1200""}"
KXETH15M-26APR281315-15,67da4e5c-311b-44a0-0ae3-6bfcda84e835,1777396142,0.11,2.0,no,"{""count_fp"":""2.00"",""created_time"":""2026-04-28T17:09:02.661982Z"",""no_price_dollars"":""0.8900"",""taker_side"":""no"",""ticker"":""KXETH15M-26APR281315-15"",""trade_id"":""67da4e5c-311b-44a0-0ae3-6bfcda84e835"",""yes_price_dollars"":""0.1100""}"
KXETH15M-26APR281315-15,88e25f55-6321-52d8-092e-de044e7ef79c,1777396143,0.11,0.33,yes,"{""count_fp"":""0.33"",""created_time"":""2026-04-28T17:09:03.176125Z"",""no_price_dollars"":""0.8900"",""taker_side"":""yes"",""ticker"":""KXETH15M-26APR281315-15"",""trade_id"":""88e25f55-6321-52d8-092e-de044e7ef79c"",""yes_price_dollars"":""0.1100""}"
KXETH15M-26APR281315-15,193de49f-0717-5857-17c9-33fc73cdf7e2,1777396143,0.11,1.0,yes,"{""count_fp"":""1.00"",""created_time"":""2026-04-28T17:09:03.176125Z"",""no_price_dollars"":""0.8900"",""taker_side"":""yes"",""ticker"":""KXETH15M-26APR281315-15"",""trade_id"":""193de49f-0717-5857-17c9-33fc73cdf7e2"",""yes_price_dollars"":""0.1100""}"
KXETH15M-26APR281315-15,fdc4b32b-5797-5e1d-b1ec-35330c126168,1777396152,0.12,5.0,no,"{""count_fp"":""5.00"",""created_time"":""2026-04-28T17:09:12.165039Z"",""no_price_dollars"":""0.8800"",""taker_side"":""no"",""ticker"":""KXETH15M-26APR281315-15"",""trade_id"":""fdc4b32b-5797-5e1d-b1ec-35330c126168"",""yes_price_dollars"":""0.1200""}"
KXETH15M-26APR281315-15,7642aa90-c291-6fac-44e8-4b3ef617da04,1777396153,0.15,4.0,yes,"{""count_fp"":""4.00"",""created_time"":""2026-04-28T17:09:13.652992Z"",""no_price_dollars"":""0.8500"",""taker_side"":""yes"",""ticker"":""KXETH15M-26APR281315-15"",""trade_id"":""7642aa90-c291-6fac-44e8-4b3ef617da04"",""yes_price_dollars"":""0.1500""}"
