ticker,trade_id,ts,yes_price,count,taker_side,raw_json
KXETH15M-26APR281000-00,0df266e0-2153-46cd-1fb2-b8b6979b8786,1777383924,0.46,7.05,no,"{""count_fp"":""7.05"",""created_time"":""2026-04-28T13:45:24.280549Z"",""no_price_dollars"":""0.5400"",""taker_side"":""no"",""ticker"":""KXETH15M-26APR281000-00"",""trade_id"":""0df266e0-2153-46cd-1fb2-b8b6979b8786"",""yes_price_dollars"":""0.4600""}"
KXETH15M-26APR281000-00,2c69d17a-1af5-51c4-3e22-9c525560335b,1777383926,0.48,3.0,no,"{""count_fp"":""3.00"",""created_time"":""2026-04-28T13:45:26.164738Z"",""no_price_dollars"":""0.5200"",""taker_side"":""no"",""ticker"":""KXETH15M-26APR281000-00"",""trade_id"":""2c69d17a-1af5-51c4-3e22-9c525560335b"",""yes_price_dollars"":""0.4800""}"
KXETH15M-26APR281000-00,84342a2f-3e07-467f-039d-d25cdbd43691,1777383928,0.5,3.86,yes,"{""count_fp"":""3.86"",""created_time"":""2026-04-28T13:45:28.147862Z"",""no_price_dollars"":""0.5000"",""taker_side"":""yes"",""ticker"":""KXETH15M-26APR281000-00"",""trade_id"":""84342a2f-3e07-467f-039d-d25cdbd43691"",""yes_price_dollars"":""0.5000""}"
KXETH15M-26APR281000-00,eaea9d0d-4cab-6a49-35e5-f6c80b9654da,1777383931,0.47,6.14,no,"{""count_fp"":""6.14"",""created_time"":""2026-04-28T13:45:31.643068Z"",""no_price_dollars"":""0.5300"",""taker_side"":""no"",""ticker"":""KXETH15M-26APR281000-00"",""trade_id"":""eaea9d0d-4cab-6a49-35e5-f6c80b9654da"",""yes_price_dollars"":""0.4700""}"
KXETH15M-26APR281000-00,7bdcc328-9b6a-635e-3934-df2c6c993e6b,1777383931,0.48,10.0,no,"{""count_fp"":""10.00"",""created_time"":""2026-04-28T13:45:31.643068Z"",""no_price_dollars"":""0.5200"",""taker_side"":""no"",""ticker"":""KXETH15M-26APR281000-00"",""trade_id"":""7bdcc328-9b6a-635e-3934-df2c6c993e6b"",""yes_price_dollars"":""0.4800""}"
KXETH15M-26APR281000-00,7bda96d4-3b4c-536a-c24c-879987d0560a,1777383931,0.52,1.16,yes,"{""count_fp"":""1.16"",""created_time"":""2026-04-28T13:45:31.504805Z"",""no_price_dollars"":""0.4800"",""taker_side"":""yes"",""ticker"":""KXETH15M-26APR281000-00"",""trade_id"":""7bda96d4-3b4c-536a-c24c-879987d0560a"",""yes_price_dollars"":""0.5200""}"
KXETH15M-26APR281000-00,26011ff5-ee54-5866-d53d-366e515ef4e9,1777383931,0.51,10.0,yes,"{""count_fp"":""10.00"",""created_time"":""2026-04-28T13:45:31.504805Z"",""no_price_dollars"":""0.4900"",""taker_side"":""yes"",""ticker"":""KXETH15M-26APR281000-00"",""trade_id"":""26011ff5-ee54-5866-d53d-366e515ef4e9"",""yes_price_dollars"":""0.5100""}"
KXETH15M-26APR281000-00,10ebe603-47bd-7f21-f30e-5a509c134512,1777383934,0.51,1.0,yes,"{""count_fp"":""1.00"",""created_time"":""2026-04-28T13:45:34.379503Z"",""no_price_dollars"":""0.4900"",""taker_side"":""yes"",""ticker"":""KXETH15M-26APR281000-00"",""trade_id"":""10ebe603-47bd-7f21-f30e-5a509c134512"",""yes_price_dollars"":""0.5100""}"
KXETH15M-26APR281000-00,da6a1b20-2dff-66a5-a668-c634d20fa402,1777383937,0.49,1.0,no,"{""count_fp"":""1.00"",""created_time"":""2026-04-28T13:45:37.778543Z"",""no_price_dollars"":""0.5100"",""taker_side"":""no"",""ticker"":""KXETH15M-26APR281000-00"",""trade_id"":""da6a1b20-2dff-66a5-a668-c634d20fa402"",""yes_price_dollars"":""0.4900""}"
KXETH15M-26APR281000-00,a25327c2-54fb-7119-e689-99cc67103bd6,1777383938,0.49,28.76,no,"{""count_fp"":""28.76"",""created_time"":""2026-04-28T13:45:38.315568Z"",""no_price_dollars"":""0.5100"",""taker_side"":""no"",""ticker"":""KXETH15M-26APR281000-00"",""trade_id"":""a25327c2-54fb-7119-e689-99cc67103bd6"",""yes_price_dollars"":""0.4900""}"
KXETH15M-26APR281000-00,99ac938c-6439-74b3-f165-31d5acd5ce24,1777383938,0.5,1.0,no,"{""count_fp"":""1.00"",""created_time"":""2026-04-28T13:45:38.315568Z"",""no_price_dollars"":""0.5000"",""taker_side"":""no"",""ticker"":""KXETH15M-26APR281000-00"",""trade_id"":""99ac938c-6439-74b3-f165-31d5acd5ce24"",""yes_price_dollars"":""0.5000""}"
KXETH15M-26APR281000-00,8049d872-a038-646e-d26f-404a2bd2f19a,1777383938,0.52,5.0,yes,"{""count_fp"":""5.00"",""created_time"":""2026-04-28T13:45:38.039024Z"",""no_price_dollars"":""0.4800"",""taker_side"":""yes"",""ticker"":""KXETH15M-26APR281000-00"",""trade_id"":""8049d872-a038-646e-d26f-404a2bd2f19a"",""yes_price_dollars"":""0.5200""}"
KXETH15M-26APR281000-00,f9f7cfaf-3b3e-59a7-4f27-02d380930821,1777383945,0.49,1.0,no,"{""count_fp"":""1.00"",""created_time"":""2026-04-28T13:45:45.019267Z"",""no_price_dollars"":""0.5100"",""taker_side"":""no"",""ticker"":""KXETH15M-26APR281000-00"",""trade_id"":""f9f7cfaf-3b3e-59a7-4f27-02d380930821"",""yes_price_dollars"":""0.4900""}"
KXETH15M-26APR281000-00,5e7fc204-2d76-56e5-4c58-d8716a52b4c4,1777383945,0.49,2.0,no,"{""count_fp"":""2.00"",""created_time"":""2026-04-28T13:45:45.019267Z"",""no_price_dollars"":""0.5100"",""taker_side"":""no"",""ticker"":""KXETH15M-26APR281000-00"",""trade_id"":""5e7fc204-2d76-56e5-4c58-d8716a52b4c4"",""yes_price_dollars"":""0.4900""}"
KXETH15M-26APR281000-00,2ff62751-2d7c-718e-9a68-6e3927bf74e6,1777383950,0.52,18.6,yes,"{""count_fp"":""18.60"",""created_time"":""2026-04-28T13:45:50.564077Z"",""no_price_dollars"":""0.4800"",""taker_side"":""yes"",""ticker"":""KXETH15M-26APR281000-00"",""trade_id"":""2ff62751-2d7c-718e-9a68-6e3927bf74e6"",""yes_price_dollars"":""0.5200""}"
KXETH15M-26APR281000-00,f913c6e4-85e2-7ae1-93a3-dfc90789fbcc,1777383950,0.51,10.0,no,"{""count_fp"":""10.00"",""created_time"":""2026-04-28T13:45:50.382701Z"",""no_price_dollars"":""0.4900"",""taker_side"":""no"",""ticker"":""KXETH15M-26APR281000-00"",""trade_id"":""f913c6e4-85e2-7ae1-93a3-dfc90789fbcc"",""yes_price_dollars"":""0.5100""}"
KXETH15M-26APR281000-00,c51512e4-f1d3-7d4f-9bed-85634a75411c,1777383950,0.51,18.0,no,"{""count_fp"":""18.00"",""created_time"":""2026-04-28T13:45:50.382701Z"",""no_price_dollars"":""0.4900"",""taker_side"":""no"",""ticker"":""KXETH15M-26APR281000-00"",""trade_id"":""c51512e4-f1d3-7d4f-9bed-85634a75411c"",""yes_price_dollars"":""0.5100""}"
KXETH15M-26APR281000-00,20860daa-8c3c-6e22-7cf8-8e04b93a545a,1777383956,0.52,3.0,yes,"{""count_fp"":""3.00"",""created_time"":""2026-04-28T13:45:56.903543Z"",""no_price_dollars"":""0.4800"",""taker_side"":""yes"",""ticker"":""KXETH15M-26APR281000-00"",""trade_id"":""20860daa-8c3c-6e22-7cf8-8e04b93a545a"",""yes_price_dollars"":""0.5200""}"
KXETH15M-26APR281000-00,68d9fd39-ed3b-61b3-a09c-75e3ec802d34,1777383957,0.51,29.55,no,"{""count_fp"":""29.55"",""created_time"":""2026-04-28T13:45:57.159484Z"",""no_price_dollars"":""0.4900"",""taker_side"":""no"",""ticker"":""KXETH15M-26APR281000-00"",""trade_id"":""68d9fd39-ed3b-61b3-a09c-75e3ec802d34"",""yes_price_dollars"":""0.5100""}"
KXETH15M-26APR281000-00,44fcf20e-d711-4c2c-2280-e5b5d03d8111,1777383958,0.51,1.0,no,"{""count_fp"":""1.00"",""created_time"":""2026-04-28T13:45:58.967516Z"",""no_price_dollars"":""0.4900"",""taker_side"":""no"",""ticker"":""KXETH15M-26APR281000-00"",""trade_id"":""44fcf20e-d711-4c2c-2280-e5b5d03d8111"",""yes_price_dollars"":""0.5100""}"
KXETH15M-26APR281000-00,5f8820d2-5178-76a6-9a5c-4647a67515f2,1777383958,0.52,9.3,yes,"{""count_fp"":""9.30"",""created_time"":""2026-04-28T13:45:58.159221Z"",""no_price_dollars"":""0.4800"",""taker_side"":""yes"",""ticker"":""KXETH15M-26APR281000-00"",""trade_id"":""5f8820d2-5178-76a6-9a5c-4647a67515f2"",""yes_price_dollars"":""0.5200""}"
KXETH15M-26APR281000-00,a3baf540-9047-4a0c-ad25-49e17eeee121,1777383961,0.52,0.96,no,"{""count_fp"":""0.96"",""created_time"":""2026-04-28T13:46:01.994404Z"",""no_price_dollars"":""0.4800"",""taker_side"":""no"",""ticker"":""KXETH15M-26APR281000-00"",""trade_id"":""a3baf540-9047-4a0c-ad25-49e17eeee121"",""yes_price_dollars"":""0.5200""}"
KXETH15M-26APR281000-00,8b779446-1a78-5966-c789-c88c96a4d2fa,1777383961,0.52,0.94,yes,"{""count_fp"":""0.94"",""created_time"":""2026-04-28T13:46:01.874626Z"",""no_price_dollars"":""0.4800"",""taker_side"":""yes"",""ticker"":""KXETH15M-26APR281000-00"",""trade_id"":""8b779446-1a78-5966-c789-c88c96a4d2fa"",""yes_price_dollars"":""0.5200""}"
KXETH15M-26APR281000-00,a2e7029d-98d8-75aa-6d72-d5a53c8bfb86,1777383961,0.52,1.0,yes,"{""count_fp"":""1.00"",""created_time"":""2026-04-28T13:46:01.084133Z"",""no_price_dollars"":""0.4800"",""taker_side"":""yes"",""ticker"":""KXETH15M-26APR281000-00"",""trade_id"":""a2e7029d-98d8-75aa-6d72-d5a53c8bfb86"",""yes_price_dollars"":""0.5200""}"
KXETH15M-26APR281000-00,2f185bad-0c63-53b2-72c0-cfcea6241bb0,1777383973,0.54,44.85,yes,"{""count_fp"":""44.85"",""created_time"":""2026-04-28T13:46:13.604172Z"",""no_price_dollars"":""0.4600"",""taker_side"":""yes"",""ticker"":""KXETH15M-26APR281000-00"",""trade_id"":""2f185bad-0c63-53b2-72c0-cfcea6241bb0"",""yes_price_dollars"":""0.5400""}"
KXETH15M-26APR281000-00,6b9361a8-cc37-6882-9118-2f034f97d318,1777383973,0.54,1.0,yes,"{""count_fp"":""1.00"",""created_time"":""2026-04-28T13:46:13.104636Z"",""no_price_dollars"":""0.4600"",""taker_side"":""yes"",""ticker"":""KXETH15M-26APR281000-00"",""trade_id"":""6b9361a8-cc37-6882-9118-2f034f97d318"",""yes_price_dollars"":""0.5400""}"
KXETH15M-26APR281000-00,f09e9b2d-e28b-55f8-beb5-3ea8e2922201,1777383975,0.52,5.0,no,"{""count_fp"":""5.00"",""created_time"":""2026-04-28T13:46:15.721303Z"",""no_price_dollars"":""0.4800"",""taker_side"":""no"",""ticker"":""KXETH15M-26APR281000-00"",""trade_id"":""f09e9b2d-e28b-55f8-beb5-3ea8e2922201"",""yes_price_dollars"":""0.5200""}"
KXETH15M-26APR281000-00,a6de1b50-843f-46ba-7b2e-97cca68ce2ef,1777383979,0.53,10.0,no,"{""count_fp"":""10.00"",""created_time"":""2026-04-28T13:46:19.369889Z"",""no_price_dollars"":""0.4700"",""taker_side"":""no"",""ticker"":""KXETH15M-26APR281000-00"",""trade_id"":""a6de1b50-843f-46ba-7b2e-97cca68ce2ef"",""yes_price_dollars"":""0.5300""}"
KXETH15M-26APR281000-00,575466c6-94af-4123-4327-0e28abd284e8,1777383979,0.53,30.0,no,"{""count_fp"":""30.00"",""created_time"":""2026-04-28T13:46:19.369889Z"",""no_price_dollars"":""0.4700"",""taker_side"":""no"",""ticker"":""KXETH15M-26APR281000-00"",""trade_id"":""575466c6-94af-4123-4327-0e28abd284e8"",""yes_price_dollars"":""0.5300""}"
KXETH15M-26APR281000-00,7517f8b8-05f8-47fb-d291-e1397c3a22eb,1777383981,0.57,5.0,no,"{""count_fp"":""5.00"",""created_time"":""2026-04-28T13:46:21.310777Z"",""no_price_dollars"":""0.4300"",""taker_side"":""no"",""ticker"":""KXETH15M-26APR281000-00"",""trade_id"":""7517f8b8-05f8-47fb-d291-e1397c3a22eb"",""yes_price_dollars"":""0.5700""}"
KXETH15M-26APR281000-00,ab304971-1829-6239-736e-434968887713,1777383982,0.65,3.0,yes,"{""count_fp"":""3.00"",""created_time"":""2026-04-28T13:46:22.994918Z"",""no_price_dollars"":""0.3500"",""taker_side"":""yes"",""ticker"":""KXETH15M-26APR281000-00"",""trade_id"":""ab304971-1829-6239-736e-434968887713"",""yes_price_dollars"":""0.6500""}"
KXETH15M-26APR281000-00,c45a505d-2dc0-68b2-5023-ce4a079844dd,1777383982,0.6,10.0,yes,"{""count_fp"":""10.00"",""created_time"":""2026-04-28T13:46:22.048468Z"",""no_price_dollars"":""0.4000"",""taker_side"":""yes"",""ticker"":""KXETH15M-26APR281000-00"",""trade_id"":""c45a505d-2dc0-68b2-5023-ce4a079844dd"",""yes_price_dollars"":""0.6000""}"
KXETH15M-26APR281000-00,af79d9d3-d223-6249-7e40-aabcbdc0d785,1777383982,0.6,3.0,yes,"{""count_fp"":""3.00"",""created_time"":""2026-04-28T13:46:22.048468Z"",""no_price_dollars"":""0.4000"",""taker_side"":""yes"",""ticker"":""KXETH15M-26APR281000-00"",""trade_id"":""af79d9d3-d223-6249-7e40-aabcbdc0d785"",""yes_price_dollars"":""0.6000""}"
KXETH15M-26APR281000-00,d190c3f6-2f72-4e65-ba0d-32734f1f0a77,1777383983,0.64,3.0,no,"{""count_fp"":""3.00"",""created_time"":""2026-04-28T13:46:23.421382Z"",""no_price_dollars"":""0.3600"",""taker_side"":""no"",""ticker"":""KXETH15M-26APR281000-00"",""trade_id"":""d190c3f6-2f72-4e65-ba0d-32734f1f0a77"",""yes_price_dollars"":""0.6400""}"
KXETH15M-26APR281000-00,a3fbd42c-6139-730d-1399-ab4e2b6d12f7,1777383986,0.68,10.0,yes,"{""count_fp"":""10.00"",""created_time"":""2026-04-28T13:46:26.031255Z"",""no_price_dollars"":""0.3200"",""taker_side"":""yes"",""ticker"":""KXETH15M-26APR281000-00"",""trade_id"":""a3fbd42c-6139-730d-1399-ab4e2b6d12f7"",""yes_price_dollars"":""0.6800""}"
KXETH15M-26APR281000-00,956ed944-f0c2-7725-3998-15f78524b15b,1777383986,0.66,2.0,yes,"{""count_fp"":""2.00"",""created_time"":""2026-04-28T13:46:26.031255Z"",""no_price_dollars"":""0.3400"",""taker_side"":""yes"",""ticker"":""KXETH15M-26APR281000-00"",""trade_id"":""956ed944-f0c2-7725-3998-15f78524b15b"",""yes_price_dollars"":""0.6600""}"
KXETH15M-26APR281000-00,825cd49a-99cc-7f26-03eb-d9941205a915,1777383986,0.7,10.0,yes,"{""count_fp"":""10.00"",""created_time"":""2026-04-28T13:46:26.031255Z"",""no_price_dollars"":""0.3000"",""taker_side"":""yes"",""ticker"":""KXETH15M-26APR281000-00"",""trade_id"":""825cd49a-99cc-7f26-03eb-d9941205a915"",""yes_price_dollars"":""0.7000""}"
KXETH15M-26APR281000-00,547dbf99-f822-76d3-1d0b-2b47226137c5,1777383986,0.7,28.0,yes,"{""count_fp"":""28.00"",""created_time"":""2026-04-28T13:46:26.031255Z"",""no_price_dollars"":""0.3000"",""taker_side"":""yes"",""ticker"":""KXETH15M-26APR281000-00"",""trade_id"":""547dbf99-f822-76d3-1d0b-2b47226137c5"",""yes_price_dollars"":""0.7000""}"
KXETH15M-26APR281000-00,b0159ee0-6e83-6347-bb35-c104ea77aa25,1777383988,0.68,53.9,yes,"{""count_fp"":""53.90"",""created_time"":""2026-04-28T13:46:28.222834Z"",""no_price_dollars"":""0.3200"",""taker_side"":""yes"",""ticker"":""KXETH15M-26APR281000-00"",""trade_id"":""b0159ee0-6e83-6347-bb35-c104ea77aa25"",""yes_price_dollars"":""0.6800""}"
KXETH15M-26APR281000-00,182d681e-da49-449d-c11b-69ca816500aa,1777383990,0.74,1.0,yes,"{""count_fp"":""1.00"",""created_time"":""2026-04-28T13:46:30.833364Z"",""no_price_dollars"":""0.2600"",""taker_side"":""yes"",""ticker"":""KXETH15M-26APR281000-00"",""trade_id"":""182d681e-da49-449d-c11b-69ca816500aa"",""yes_price_dollars"":""0.7400""}"
KXETH15M-26APR281000-00,44551745-74c6-5c5b-4c12-ae30c05364c1,1777383990,0.68,20.0,yes,"{""count_fp"":""20.00"",""created_time"":""2026-04-28T13:46:30.645611Z"",""no_price_dollars"":""0.3200"",""taker_side"":""yes"",""ticker"":""KXETH15M-26APR281000-00"",""trade_id"":""44551745-74c6-5c5b-4c12-ae30c05364c1"",""yes_price_dollars"":""0.6800""}"
KXETH15M-26APR281000-00,8044d9f3-c895-4fad-202c-7f957b3ef95e,1777383992,0.69,1.0,no,"{""count_fp"":""1.00"",""created_time"":""2026-04-28T13:46:32.370841Z"",""no_price_dollars"":""0.3100"",""taker_side"":""no"",""ticker"":""KXETH15M-26APR281000-00"",""trade_id"":""8044d9f3-c895-4fad-202c-7f957b3ef95e"",""yes_price_dollars"":""0.6900""}"
KXETH15M-26APR281000-00,873a6756-873f-5e5c-e17e-5654e503cae6,1777383992,0.74,10.0,yes,"{""count_fp"":""10.00"",""created_time"":""2026-04-28T13:46:32.064128Z"",""no_price_dollars"":""0.2600"",""taker_side"":""yes"",""ticker"":""KXETH15M-26APR281000-00"",""trade_id"":""873a6756-873f-5e5c-e17e-5654e503cae6"",""yes_price_dollars"":""0.7400""}"
KXETH15M-26APR281000-00,63b14f87-de48-41a9-1ada-41d9f4d10c86,1777383995,0.77,1.0,yes,"{""count_fp"":""1.00"",""created_time"":""2026-04-28T13:46:35.958958Z"",""no_price_dollars"":""0.2300"",""taker_side"":""yes"",""ticker"":""KXETH15M-26APR281000-00"",""trade_id"":""63b14f87-de48-41a9-1ada-41d9f4d10c86"",""yes_price_dollars"":""0.7700""}"
KXETH15M-26APR281000-00,a06238f9-1034-4a14-3582-1aa8e6de1cc7,1777383999,0.74,43.85,no,"{""count_fp"":""43.85"",""created_time"":""2026-04-28T13:46:39.602695Z"",""no_price_dollars"":""0.2600"",""taker_side"":""no"",""ticker"":""KXETH15M-26APR281000-00"",""trade_id"":""a06238f9-1034-4a14-3582-1aa8e6de1cc7"",""yes_price_dollars"":""0.7400""}"
KXETH15M-26APR281000-00,7840a7d2-e74d-4177-0a01-015dc4322e09,1777383999,0.76,1.0,no,"{""count_fp"":""1.00"",""created_time"":""2026-04-28T13:46:39.602695Z"",""no_price_dollars"":""0.2400"",""taker_side"":""no"",""ticker"":""KXETH15M-26APR281000-00"",""trade_id"":""7840a7d2-e74d-4177-0a01-015dc4322e09"",""yes_price_dollars"":""0.7600""}"
KXETH15M-26APR281000-00,dc0253da-b9da-61fa-a873-a260a8e2f793,1777384002,0.72,5.0,no,"{""count_fp"":""5.00"",""created_time"":""2026-04-28T13:46:42.186204Z"",""no_price_dollars"":""0.2800"",""taker_side"":""no"",""ticker"":""KXETH15M-26APR281000-00"",""trade_id"":""dc0253da-b9da-61fa-a873-a260a8e2f793"",""yes_price_dollars"":""0.7200""}"
KXETH15M-26APR281000-00,c68d69c1-88db-46bf-7ff3-3eb411ddd2b1,1777384004,0.76,5.0,yes,"{""count_fp"":""5.00"",""created_time"":""2026-04-28T13:46:44.929603Z"",""no_price_dollars"":""0.2400"",""taker_side"":""yes"",""ticker"":""KXETH15M-26APR281000-00"",""trade_id"":""c68d69c1-88db-46bf-7ff3-3eb411ddd2b1"",""yes_price_dollars"":""0.7600""}"
KXETH15M-26APR281000-00,a9c07bfe-1fbb-5a7c-1566-bc3e10e0b1a2,1777384005,0.71,10.0,no,"{""count_fp"":""10.00"",""created_time"":""2026-04-28T13:46:45.249167Z"",""no_price_dollars"":""0.2900"",""taker_side"":""no"",""ticker"":""KXETH15M-26APR281000-00"",""trade_id"":""a9c07bfe-1fbb-5a7c-1566-bc3e10e0b1a2"",""yes_price_dollars"":""0.7100""}"
KXETH15M-26APR281000-00,42a55a54-5a62-57f5-23e8-829ee1ecdc05,1777384005,0.71,2.0,no,"{""count_fp"":""2.00"",""created_time"":""2026-04-28T13:46:45.249167Z"",""no_price_dollars"":""0.2900"",""taker_side"":""no"",""ticker"":""KXETH15M-26APR281000-00"",""trade_id"":""42a55a54-5a62-57f5-23e8-829ee1ecdc05"",""yes_price_dollars"":""0.7100""}"
KXETH15M-26APR281000-00,c7b72ae3-56a7-4337-59c6-8c3d0b289da1,1777384007,0.77,1.0,yes,"{""count_fp"":""1.00"",""created_time"":""2026-04-28T13:46:47.091537Z"",""no_price_dollars"":""0.2300"",""taker_side"":""yes"",""ticker"":""KXETH15M-26APR281000-00"",""trade_id"":""c7b72ae3-56a7-4337-59c6-8c3d0b289da1"",""yes_price_dollars"":""0.7700""}"
KXETH15M-26APR281000-00,8543e59a-e093-6152-550c-9a9e062790ce,1777384010,0.82,149.0,yes,"{""count_fp"":""149.00"",""created_time"":""2026-04-28T13:46:50.974673Z"",""no_price_dollars"":""0.1800"",""taker_side"":""yes"",""ticker"":""KXETH15M-26APR281000-00"",""trade_id"":""8543e59a-e093-6152-550c-9a9e062790ce"",""yes_price_dollars"":""0.8200""}"
KXETH15M-26APR281000-00,a4f73129-a9f2-416e-b33c-1d098f49f6b7,1777384010,0.8,6.5,yes,"{""count_fp"":""6.50"",""created_time"":""2026-04-28T13:46:50.941281Z"",""no_price_dollars"":""0.2000"",""taker_side"":""yes"",""ticker"":""KXETH15M-26APR281000-00"",""trade_id"":""a4f73129-a9f2-416e-b33c-1d098f49f6b7"",""yes_price_dollars"":""0.8000""}"
KXETH15M-26APR281000-00,73de77f6-bab3-47eb-986d-8fbe3759c721,1777384010,0.8,10.0,yes,"{""count_fp"":""10.00"",""created_time"":""2026-04-28T13:46:50.941281Z"",""no_price_dollars"":""0.2000"",""taker_side"":""yes"",""ticker"":""KXETH15M-26APR281000-00"",""trade_id"":""73de77f6-bab3-47eb-986d-8fbe3759c721"",""yes_price_dollars"":""0.8000""}"
KXETH15M-26APR281000-00,5470cc0a-dce4-409f-bd7b-605e98c0230e,1777384010,0.8,1.0,yes,"{""count_fp"":""1.00"",""created_time"":""2026-04-28T13:46:50.941281Z"",""no_price_dollars"":""0.2000"",""taker_side"":""yes"",""ticker"":""KXETH15M-26APR281000-00"",""trade_id"":""5470cc0a-dce4-409f-bd7b-605e98c0230e"",""yes_price_dollars"":""0.8000""}"
KXETH15M-26APR281000-00,570e1da0-fc25-599f-df92-f27cc8d7fcf5,1777384011,0.81,5.0,no,"{""count_fp"":""5.00"",""created_time"":""2026-04-28T13:46:51.518963Z"",""no_price_dollars"":""0.1900"",""taker_side"":""no"",""ticker"":""KXETH15M-26APR281000-00"",""trade_id"":""570e1da0-fc25-599f-df92-f27cc8d7fcf5"",""yes_price_dollars"":""0.8100""}"
KXETH15M-26APR281000-00,78505e30-6ecc-7c06-6264-14be238ade08,1777384012,0.83,1.0,yes,"{""count_fp"":""1.00"",""created_time"":""2026-04-28T13:46:52.789359Z"",""no_price_dollars"":""0.1700"",""taker_side"":""yes"",""ticker"":""KXETH15M-26APR281000-00"",""trade_id"":""78505e30-6ecc-7c06-6264-14be238ade08"",""yes_price_dollars"":""0.8300""}"
KXETH15M-26APR281000-00,7e1d1676-6f97-60f3-402b-1fd2cc6b5515,1777384016,0.77,100.0,yes,"{""count_fp"":""100.00"",""created_time"":""2026-04-28T13:46:56.827365Z"",""no_price_dollars"":""0.2300"",""taker_side"":""yes"",""ticker"":""KXETH15M-26APR281000-00"",""trade_id"":""7e1d1676-6f97-60f3-402b-1fd2cc6b5515"",""yes_price_dollars"":""0.7700""}"
KXETH15M-26APR281000-00,919e3801-ff07-4a74-f178-bf06d06e4cba,1777384018,0.78,9.0,yes,"{""count_fp"":""9.00"",""created_time"":""2026-04-28T13:46:58.093782Z"",""no_price_dollars"":""0.2200"",""taker_side"":""yes"",""ticker"":""KXETH15M-26APR281000-00"",""trade_id"":""919e3801-ff07-4a74-f178-bf06d06e4cba"",""yes_price_dollars"":""0.7800""}"
KXETH15M-26APR281000-00,f772d37f-7a2e-7da7-26f5-44a4465e8ff4,1777384025,0.8,10.0,no,"{""count_fp"":""10.00"",""created_time"":""2026-04-28T13:47:05.896175Z"",""no_price_dollars"":""0.2000"",""taker_side"":""no"",""ticker"":""KXETH15M-26APR281000-00"",""trade_id"":""f772d37f-7a2e-7da7-26f5-44a4465e8ff4"",""yes_price_dollars"":""0.8000""}"
KXETH15M-26APR281000-00,eb513792-d027-7928-105d-1f3dea7fce04,1777384025,0.8,10.0,no,"{""count_fp"":""10.00"",""created_time"":""2026-04-28T13:47:05.896175Z"",""no_price_dollars"":""0.2000"",""taker_side"":""no"",""ticker"":""KXETH15M-26APR281000-00"",""trade_id"":""eb513792-d027-7928-105d-1f3dea7fce04"",""yes_price_dollars"":""0.8000""}"
KXETH15M-26APR281000-00,39bdd870-1ab9-7f8f-1822-0f2422cdf49b,1777384025,0.79,25.55,no,"{""count_fp"":""25.55"",""created_time"":""2026-04-28T13:47:05.896175Z"",""no_price_dollars"":""0.2100"",""taker_side"":""no"",""ticker"":""KXETH15M-26APR281000-00"",""trade_id"":""39bdd870-1ab9-7f8f-1822-0f2422cdf49b"",""yes_price_dollars"":""0.7900""}"
KXETH15M-26APR281000-00,0b7db2b5-6257-7dfd-7c90-d91cadf13712,1777384027,0.76,40.0,no,"{""count_fp"":""40.00"",""created_time"":""2026-04-28T13:47:07.834835Z"",""no_price_dollars"":""0.2400"",""taker_side"":""no"",""ticker"":""KXETH15M-26APR281000-00"",""trade_id"":""0b7db2b5-6257-7dfd-7c90-d91cadf13712"",""yes_price_dollars"":""0.7600""}"
KXETH15M-26APR281000-00,2c79716f-6f63-5d88-6cea-e4ef5090f0de,1777384028,0.82,1.0,yes,"{""count_fp"":""1.00"",""created_time"":""2026-04-28T13:47:08.620085Z"",""no_price_dollars"":""0.1800"",""taker_side"":""yes"",""ticker"":""KXETH15M-26APR281000-00"",""trade_id"":""2c79716f-6f63-5d88-6cea-e4ef5090f0de"",""yes_price_dollars"":""0.8200""}"
KXETH15M-26APR281000-00,cf806980-4ffb-6e2c-ff26-c277e7912062,1777384031,0.8,5.0,yes,"{""count_fp"":""5.00"",""created_time"":""2026-04-28T13:47:11.719903Z"",""no_price_dollars"":""0.2000"",""taker_side"":""yes"",""ticker"":""KXETH15M-26APR281000-00"",""trade_id"":""cf806980-4ffb-6e2c-ff26-c277e7912062"",""yes_price_dollars"":""0.8000""}"
KXETH15M-26APR281000-00,b0174a00-d8bb-676c-5c54-69f9ff2b2102,1777384032,0.82,1.0,yes,"{""count_fp"":""1.00"",""created_time"":""2026-04-28T13:47:12.319379Z"",""no_price_dollars"":""0.1800"",""taker_side"":""yes"",""ticker"":""KXETH15M-26APR281000-00"",""trade_id"":""b0174a00-d8bb-676c-5c54-69f9ff2b2102"",""yes_price_dollars"":""0.8200""}"
KXETH15M-26APR281000-00,70d42885-4d77-6950-6678-2cd2c4997752,1777384039,0.8,16.14,yes,"{""count_fp"":""16.14"",""created_time"":""2026-04-28T13:47:19.820388Z"",""no_price_dollars"":""0.2000"",""taker_side"":""yes"",""ticker"":""KXETH15M-26APR281000-00"",""trade_id"":""70d42885-4d77-6950-6678-2cd2c4997752"",""yes_price_dollars"":""0.8000""}"
KXETH15M-26APR281000-00,325b893c-a4b4-4c95-a938-2ef3771a3784,1777384041,0.76,7.91,no,"{""count_fp"":""7.91"",""created_time"":""2026-04-28T13:47:21.625019Z"",""no_price_dollars"":""0.2400"",""taker_side"":""no"",""ticker"":""KXETH15M-26APR281000-00"",""trade_id"":""325b893c-a4b4-4c95-a938-2ef3771a3784"",""yes_price_dollars"":""0.7600""}"
KXETH15M-26APR281000-00,bacfee2d-679b-7228-b59c-9216b922a31e,1777384042,0.8,1.0,yes,"{""count_fp"":""1.00"",""created_time"":""2026-04-28T13:47:22.095809Z"",""no_price_dollars"":""0.2000"",""taker_side"":""yes"",""ticker"":""KXETH15M-26APR281000-00"",""trade_id"":""bacfee2d-679b-7228-b59c-9216b922a31e"",""yes_price_dollars"":""0.8000""}"
KXETH15M-26APR281000-00,fc61b530-8c97-51c0-8501-6b35f43f7012,1777384044,0.79,6.08,yes,"{""count_fp"":""6.08"",""created_time"":""2026-04-28T13:47:24.731237Z"",""no_price_dollars"":""0.2100"",""taker_side"":""yes"",""ticker"":""KXETH15M-26APR281000-00"",""trade_id"":""fc61b530-8c97-51c0-8501-6b35f43f7012"",""yes_price_dollars"":""0.7900""}"
KXETH15M-26APR281000-00,20aca759-4f15-5219-86f9-903101faf504,1777384045,0.83,60.0,yes,"{""count_fp"":""60.00"",""created_time"":""2026-04-28T13:47:25.979889Z"",""no_price_dollars"":""0.1700"",""taker_side"":""yes"",""ticker"":""KXETH15M-26APR281000-00"",""trade_id"":""20aca759-4f15-5219-86f9-903101faf504"",""yes_price_dollars"":""0.8300""}"
KXETH15M-26APR281000-00,191da1a1-8f8e-5520-99d2-382dc413c8a9,1777384045,0.83,20.0,yes,"{""count_fp"":""20.00"",""created_time"":""2026-04-28T13:47:25.979889Z"",""no_price_dollars"":""0.1700"",""taker_side"":""yes"",""ticker"":""KXETH15M-26APR281000-00"",""trade_id"":""191da1a1-8f8e-5520-99d2-382dc413c8a9"",""yes_price_dollars"":""0.8300""}"
KXETH15M-26APR281000-00,53e4097e-e07b-6405-39d1-0b5a03290ec6,1777384045,0.82,181.0,yes,"{""count_fp"":""181.00"",""created_time"":""2026-04-28T13:47:25.964103Z"",""no_price_dollars"":""0.1800"",""taker_side"":""yes"",""ticker"":""KXETH15M-26APR281000-00"",""trade_id"":""53e4097e-e07b-6405-39d1-0b5a03290ec6"",""yes_price_dollars"":""0.8200""}"
KXETH15M-26APR281000-00,64dedf48-ba4b-6bd9-ece7-ac8130aa843a,1777384045,0.82,19.0,yes,"{""count_fp"":""19.00"",""created_time"":""2026-04-28T13:47:25.957624Z"",""no_price_dollars"":""0.1800"",""taker_side"":""yes"",""ticker"":""KXETH15M-26APR281000-00"",""trade_id"":""64dedf48-ba4b-6bd9-ece7-ac8130aa843a"",""yes_price_dollars"":""0.8200""}"
KXETH15M-26APR281000-00,c5074b15-7db5-6c40-fce0-a1a7f8347bbb,1777384045,0.8,10.0,yes,"{""count_fp"":""10.00"",""created_time"":""2026-04-28T13:47:25.919169Z"",""no_price_dollars"":""0.2000"",""taker_side"":""yes"",""ticker"":""KXETH15M-26APR281000-00"",""trade_id"":""c5074b15-7db5-6c40-fce0-a1a7f8347bbb"",""yes_price_dollars"":""0.8000""}"
KXETH15M-26APR281000-00,67a06f92-dda5-684d-dd5b-9b3581fd60f3,1777384045,0.79,10.0,yes,"{""count_fp"":""10.00"",""created_time"":""2026-04-28T13:47:25.919169Z"",""no_price_dollars"":""0.2100"",""taker_side"":""yes"",""ticker"":""KXETH15M-26APR281000-00"",""trade_id"":""67a06f92-dda5-684d-dd5b-9b3581fd60f3"",""yes_price_dollars"":""0.7900""}"
KXETH15M-26APR281000-00,259e0a16-8830-6907-e9f1-b709e8bf7a89,1777384045,0.81,220.4,yes,"{""count_fp"":""220.40"",""created_time"":""2026-04-28T13:47:25.919169Z"",""no_price_dollars"":""0.1900"",""taker_side"":""yes"",""ticker"":""KXETH15M-26APR281000-00"",""trade_id"":""259e0a16-8830-6907-e9f1-b709e8bf7a89"",""yes_price_dollars"":""0.8100""}"
KXETH15M-26APR281000-00,2978dc4d-bdcb-4dc1-776d-5b9192e9541c,1777384046,0.85,10.0,no,"{""count_fp"":""10.00"",""created_time"":""2026-04-28T13:47:26.880522Z"",""no_price_dollars"":""0.1500"",""taker_side"":""no"",""ticker"":""KXETH15M-26APR281000-00"",""trade_id"":""2978dc4d-bdcb-4dc1-776d-5b9192e9541c"",""yes_price_dollars"":""0.8500""}"
KXETH15M-26APR281000-00,24682f8a-c9af-7ab1-5dc5-544bc351483d,1777384046,0.83,60.0,yes,"{""count_fp"":""60.00"",""created_time"":""2026-04-28T13:47:26.024322Z"",""no_price_dollars"":""0.1700"",""taker_side"":""yes"",""ticker"":""KXETH15M-26APR281000-00"",""trade_id"":""24682f8a-c9af-7ab1-5dc5-544bc351483d"",""yes_price_dollars"":""0.8300""}"
KXETH15M-26APR281000-00,f948ab8e-9977-6a79-1e74-ecc213aa6611,1777384046,0.83,60.0,yes,"{""count_fp"":""60.00"",""created_time"":""2026-04-28T13:47:26.024174Z"",""no_price_dollars"":""0.1700"",""taker_side"":""yes"",""ticker"":""KXETH15M-26APR281000-00"",""trade_id"":""f948ab8e-9977-6a79-1e74-ecc213aa6611"",""yes_price_dollars"":""0.8300""}"
KXETH15M-26APR281000-00,d0d76e6e-a642-6850-dfa6-63706715b185,1777384046,0.84,79.0,yes,"{""count_fp"":""79.00"",""created_time"":""2026-04-28T13:47:26.001996Z"",""no_price_dollars"":""0.1600"",""taker_side"":""yes"",""ticker"":""KXETH15M-26APR281000-00"",""trade_id"":""d0d76e6e-a642-6850-dfa6-63706715b185"",""yes_price_dollars"":""0.8400""}"
KXETH15M-26APR281000-00,aaa1529c-95bc-6071-e4b4-2ce277f3c482,1777384046,0.84,1.0,yes,"{""count_fp"":""1.00"",""created_time"":""2026-04-28T13:47:26.001996Z"",""no_price_dollars"":""0.1600"",""taker_side"":""yes"",""ticker"":""KXETH15M-26APR281000-00"",""trade_id"":""aaa1529c-95bc-6071-e4b4-2ce277f3c482"",""yes_price_dollars"":""0.8400""}"
KXETH15M-26APR281000-00,0ef29180-212c-59fe-3396-9c70c63ea71c,1777384049,0.84,5.9,no,"{""count_fp"":""5.90"",""created_time"":""2026-04-28T13:47:29.087201Z"",""no_price_dollars"":""0.1600"",""taker_side"":""no"",""ticker"":""KXETH15M-26APR281000-00"",""trade_id"":""0ef29180-212c-59fe-3396-9c70c63ea71c"",""yes_price_dollars"":""0.8400""}"
KXETH15M-26APR281000-00,7793a36b-0926-6756-5b23-8efa9dd3994d,1777384052,0.86,5.0,yes,"{""count_fp"":""5.00"",""created_time"":""2026-04-28T13:47:32.576375Z"",""no_price_dollars"":""0.1400"",""taker_side"":""yes"",""ticker"":""KXETH15M-26APR281000-00"",""trade_id"":""7793a36b-0926-6756-5b23-8efa9dd3994d"",""yes_price_dollars"":""0.8600""}"
KXETH15M-26APR281000-00,519436d4-812c-507e-b145-ab5a0bf8b994,1777384056,0.87,1.0,yes,"{""count_fp"":""1.00"",""created_time"":""2026-04-28T13:47:36.927221Z"",""no_price_dollars"":""0.1300"",""taker_side"":""yes"",""ticker"":""KXETH15M-26APR281000-00"",""trade_id"":""519436d4-812c-507e-b145-ab5a0bf8b994"",""yes_price_dollars"":""0.8700""}"
KXETH15M-26APR281000-00,462d5cab-0258-6b13-dffd-a01384abbb91,1777384057,0.86,5.0,no,"{""count_fp"":""5.00"",""created_time"":""2026-04-28T13:47:37.617533Z"",""no_price_dollars"":""0.1400"",""taker_side"":""no"",""ticker"":""KXETH15M-26APR281000-00"",""trade_id"":""462d5cab-0258-6b13-dffd-a01384abbb91"",""yes_price_dollars"":""0.8600""}"
KXETH15M-26APR281000-00,0d4f7df8-bbab-4845-898f-a2695dc59067,1777384060,0.85,5.0,yes,"{""count_fp"":""5.00"",""created_time"":""2026-04-28T13:47:40.698928Z"",""no_price_dollars"":""0.1500"",""taker_side"":""yes"",""ticker"":""KXETH15M-26APR281000-00"",""trade_id"":""0d4f7df8-bbab-4845-898f-a2695dc59067"",""yes_price_dollars"":""0.8500""}"
KXETH15M-26APR281000-00,f67e89fc-0f7c-772f-ba83-4ae22697a2de,1777384061,0.82,5.0,no,"{""count_fp"":""5.00"",""created_time"":""2026-04-28T13:47:41.568064Z"",""no_price_dollars"":""0.1800"",""taker_side"":""no"",""ticker"":""KXETH15M-26APR281000-00"",""trade_id"":""f67e89fc-0f7c-772f-ba83-4ae22697a2de"",""yes_price_dollars"":""0.8200""}"
KXETH15M-26APR281000-00,9dbfb864-07f6-73de-8590-69feea349e6c,1777384061,0.82,10.0,no,"{""count_fp"":""10.00"",""created_time"":""2026-04-28T13:47:41.568064Z"",""no_price_dollars"":""0.1800"",""taker_side"":""no"",""ticker"":""KXETH15M-26APR281000-00"",""trade_id"":""9dbfb864-07f6-73de-8590-69feea349e6c"",""yes_price_dollars"":""0.8200""}"
KXETH15M-26APR281000-00,a257cb17-c613-50a4-12b7-c4d9a7f53dde,1777384062,0.87,13.47,yes,"{""count_fp"":""13.47"",""created_time"":""2026-04-28T13:47:42.584481Z"",""no_price_dollars"":""0.1300"",""taker_side"":""yes"",""ticker"":""KXETH15M-26APR281000-00"",""trade_id"":""a257cb17-c613-50a4-12b7-c4d9a7f53dde"",""yes_price_dollars"":""0.8700""}"
KXETH15M-26APR281000-00,8be27360-e9ad-60af-b3f4-d341569c541a,1777384067,0.85,1.48,yes,"{""count_fp"":""1.48"",""created_time"":""2026-04-28T13:47:47.639173Z"",""no_price_dollars"":""0.1500"",""taker_side"":""yes"",""ticker"":""KXETH15M-26APR281000-00"",""trade_id"":""8be27360-e9ad-60af-b3f4-d341569c541a"",""yes_price_dollars"":""0.8500""}"
KXETH15M-26APR281000-00,10b186c9-0c06-6278-ac72-644e7ebd46d7,1777384067,0.85,10.0,yes,"{""count_fp"":""10.00"",""created_time"":""2026-04-28T13:47:47.639173Z"",""no_price_dollars"":""0.1500"",""taker_side"":""yes"",""ticker"":""KXETH15M-26APR281000-00"",""trade_id"":""10b186c9-0c06-6278-ac72-644e7ebd46d7"",""yes_price_dollars"":""0.8500""}"
KXETH15M-26APR281000-00,cc20db2d-de09-4028-b230-9654fe0ca0ee,1777384070,0.83,10.0,no,"{""count_fp"":""10.00"",""created_time"":""2026-04-28T13:47:50.799691Z"",""no_price_dollars"":""0.1700"",""taker_side"":""no"",""ticker"":""KXETH15M-26APR281000-00"",""trade_id"":""cc20db2d-de09-4028-b230-9654fe0ca0ee"",""yes_price_dollars"":""0.8300""}"
KXETH15M-26APR281000-00,0232cf02-1384-42dd-9aae-66b8b52168dc,1777384070,0.83,21.0,no,"{""count_fp"":""21.00"",""created_time"":""2026-04-28T13:47:50.799691Z"",""no_price_dollars"":""0.1700"",""taker_side"":""no"",""ticker"":""KXETH15M-26APR281000-00"",""trade_id"":""0232cf02-1384-42dd-9aae-66b8b52168dc"",""yes_price_dollars"":""0.8300""}"
KXETH15M-26APR281000-00,a4e1a55f-381b-5254-a728-4b2555506672,1777384072,0.86,6.0,yes,"{""count_fp"":""6.00"",""created_time"":""2026-04-28T13:47:52.089225Z"",""no_price_dollars"":""0.1400"",""taker_side"":""yes"",""ticker"":""KXETH15M-26APR281000-00"",""trade_id"":""a4e1a55f-381b-5254-a728-4b2555506672"",""yes_price_dollars"":""0.8600""}"
KXETH15M-26APR281000-00,1e038f71-9964-7fea-1560-fe0c6777e448,1777384073,0.83,0.66,no,"{""count_fp"":""0.66"",""created_time"":""2026-04-28T13:47:53.661638Z"",""no_price_dollars"":""0.1700"",""taker_side"":""no"",""ticker"":""KXETH15M-26APR281000-00"",""trade_id"":""1e038f71-9964-7fea-1560-fe0c6777e448"",""yes_price_dollars"":""0.8300""}"
KXETH15M-26APR281000-00,ff075935-e5e4-4525-a2fe-7781d9bcc670,1777384075,0.82,13.28,no,"{""count_fp"":""13.28"",""created_time"":""2026-04-28T13:47:55.548954Z"",""no_price_dollars"":""0.1800"",""taker_side"":""no"",""ticker"":""KXETH15M-26APR281000-00"",""trade_id"":""ff075935-e5e4-4525-a2fe-7781d9bcc670"",""yes_price_dollars"":""0.8200""}"
KXETH15M-26APR281000-00,e062caa9-4be4-452a-9b3e-c84f40c613b8,1777384075,0.83,10.0,no,"{""count_fp"":""10.00"",""created_time"":""2026-04-28T13:47:55.548954Z"",""no_price_dollars"":""0.1700"",""taker_side"":""no"",""ticker"":""KXETH15M-26APR281000-00"",""trade_id"":""e062caa9-4be4-452a-9b3e-c84f40c613b8"",""yes_price_dollars"":""0.8300""}"
KXETH15M-26APR281000-00,00ef566c-aa07-47e3-afcf-70c145254dff,1777384075,0.83,10.72,no,"{""count_fp"":""10.72"",""created_time"":""2026-04-28T13:47:55.548954Z"",""no_price_dollars"":""0.1700"",""taker_side"":""no"",""ticker"":""KXETH15M-26APR281000-00"",""trade_id"":""00ef566c-aa07-47e3-afcf-70c145254dff"",""yes_price_dollars"":""0.8300""}"
KXETH15M-26APR281000-00,4d308fec-dfa1-7e13-f33b-428ff37e5662,1777384081,0.83,1.0,yes,"{""count_fp"":""1.00"",""created_time"":""2026-04-28T13:48:01.499091Z"",""no_price_dollars"":""0.1700"",""taker_side"":""yes"",""ticker"":""KXETH15M-26APR281000-00"",""trade_id"":""4d308fec-dfa1-7e13-f33b-428ff37e5662"",""yes_price_dollars"":""0.8300""}"
KXETH15M-26APR281000-00,148371b6-1ec1-4edb-75ef-7c21d7da5f42,1777384081,0.83,23.0,yes,"{""count_fp"":""23.00"",""created_time"":""2026-04-28T13:48:01.230974Z"",""no_price_dollars"":""0.1700"",""taker_side"":""yes"",""ticker"":""KXETH15M-26APR281000-00"",""trade_id"":""148371b6-1ec1-4edb-75ef-7c21d7da5f42"",""yes_price_dollars"":""0.8300""}"
KXETH15M-26APR281000-00,f2c4ef40-7da7-46cc-c9b6-691f33390bee,1777384083,0.83,0.96,yes,"{""count_fp"":""0.96"",""created_time"":""2026-04-28T13:48:03.274935Z"",""no_price_dollars"":""0.1700"",""taker_side"":""yes"",""ticker"":""KXETH15M-26APR281000-00"",""trade_id"":""f2c4ef40-7da7-46cc-c9b6-691f33390bee"",""yes_price_dollars"":""0.8300""}"
KXETH15M-26APR281000-00,fd484d8f-047b-5830-ee1d-2ec4bbc5de9a,1777384083,0.83,1.0,yes,"{""count_fp"":""1.00"",""created_time"":""2026-04-28T13:48:03.115314Z"",""no_price_dollars"":""0.1700"",""taker_side"":""yes"",""ticker"":""KXETH15M-26APR281000-00"",""trade_id"":""fd484d8f-047b-5830-ee1d-2ec4bbc5de9a"",""yes_price_dollars"":""0.8300""}"
KXETH15M-26APR281000-00,2c02fc6a-eef3-782c-5702-31a181fb8b7a,1777384085,0.84,50.0,yes,"{""count_fp"":""50.00"",""created_time"":""2026-04-28T13:48:05.806648Z"",""no_price_dollars"":""0.1600"",""taker_side"":""yes"",""ticker"":""KXETH15M-26APR281000-00"",""trade_id"":""2c02fc6a-eef3-782c-5702-31a181fb8b7a"",""yes_price_dollars"":""0.8400""}"
KXETH15M-26APR281000-00,4a433a65-139e-558c-de42-40fc859b75f0,1777384094,0.8,4.0,no,"{""count_fp"":""4.00"",""created_time"":""2026-04-28T13:48:14.440186Z"",""no_price_dollars"":""0.2000"",""taker_side"":""no"",""ticker"":""KXETH15M-26APR281000-00"",""trade_id"":""4a433a65-139e-558c-de42-40fc859b75f0"",""yes_price_dollars"":""0.8000""}"
KXETH15M-26APR281000-00,48486905-e26c-5d25-ee02-c5af4e5900e4,1777384094,0.76,36.19,no,"{""count_fp"":""36.19"",""created_time"":""2026-04-28T13:48:14.440186Z"",""no_price_dollars"":""0.2400"",""taker_side"":""no"",""ticker"":""KXETH15M-26APR281000-00"",""trade_id"":""48486905-e26c-5d25-ee02-c5af4e5900e4"",""yes_price_dollars"":""0.7600""}"
KXETH15M-26APR281000-00,51b4e1be-cbd8-6cd1-5ffb-302a1adbf7bc,1777384098,0.76,11.86,no,"{""count_fp"":""11.86"",""created_time"":""2026-04-28T13:48:18.721704Z"",""no_price_dollars"":""0.2400"",""taker_side"":""no"",""ticker"":""KXETH15M-26APR281000-00"",""trade_id"":""51b4e1be-cbd8-6cd1-5ffb-302a1adbf7bc"",""yes_price_dollars"":""0.7600""}"
KXETH15M-26APR281000-00,5037af46-1c03-40f4-9805-51cbe85823fe,1777384099,0.78,20.0,yes,"{""count_fp"":""20.00"",""created_time"":""2026-04-28T13:48:19.775872Z"",""no_price_dollars"":""0.2200"",""taker_side"":""yes"",""ticker"":""KXETH15M-26APR281000-00"",""trade_id"":""5037af46-1c03-40f4-9805-51cbe85823fe"",""yes_price_dollars"":""0.7800""}"
KXETH15M-26APR281000-00,30d058a1-4a0c-566e-a125-345e02c682b3,1777384100,0.75,147.0,no,"{""count_fp"":""147.00"",""created_time"":""2026-04-28T13:48:20.401789Z"",""no_price_dollars"":""0.2500"",""taker_side"":""no"",""ticker"":""KXETH15M-26APR281000-00"",""trade_id"":""30d058a1-4a0c-566e-a125-345e02c682b3"",""yes_price_dollars"":""0.7500""}"
KXETH15M-26APR281000-00,e3e2782f-933c-4585-4b00-09b135d7bfc8,1777384100,0.76,0.04,no,"{""count_fp"":""0.04"",""created_time"":""2026-04-28T13:48:20.222263Z"",""no_price_dollars"":""0.2400"",""taker_side"":""no"",""ticker"":""KXETH15M-26APR281000-00"",""trade_id"":""e3e2782f-933c-4585-4b00-09b135d7bfc8"",""yes_price_dollars"":""0.7600""}"
KXETH15M-26APR281000-00,8c513c8c-924c-67e5-528a-07c855ab9024,1777384100,0.76,65.0,no,"{""count_fp"":""65.00"",""created_time"":""2026-04-28T13:48:20.204094Z"",""no_price_dollars"":""0.2400"",""taker_side"":""no"",""ticker"":""KXETH15M-26APR281000-00"",""trade_id"":""8c513c8c-924c-67e5-528a-07c855ab9024"",""yes_price_dollars"":""0.7600""}"
KXETH15M-26APR281000-00,94c17820-cdc7-7b08-e56c-744371cb2bbe,1777384100,0.78,14.62,yes,"{""count_fp"":""14.62"",""created_time"":""2026-04-28T13:48:20.041448Z"",""no_price_dollars"":""0.2200"",""taker_side"":""yes"",""ticker"":""KXETH15M-26APR281000-00"",""trade_id"":""94c17820-cdc7-7b08-e56c-744371cb2bbe"",""yes_price_dollars"":""0.7800""}"
KXETH15M-26APR281000-00,16246949-9587-7bf8-a274-48a327d59cce,1777384107,0.74,21.0,yes,"{""count_fp"":""21.00"",""created_time"":""2026-04-28T13:48:27.103178Z"",""no_price_dollars"":""0.2600"",""taker_side"":""yes"",""ticker"":""KXETH15M-26APR281000-00"",""trade_id"":""16246949-9587-7bf8-a274-48a327d59cce"",""yes_price_dollars"":""0.7400""}"
KXETH15M-26APR281000-00,84ec3311-7fab-784c-6eb1-a6505a9e9b3e,1777384109,0.74,12.0,yes,"{""count_fp"":""12.00"",""created_time"":""2026-04-28T13:48:29.678169Z"",""no_price_dollars"":""0.2600"",""taker_side"":""yes"",""ticker"":""KXETH15M-26APR281000-00"",""trade_id"":""84ec3311-7fab-784c-6eb1-a6505a9e9b3e"",""yes_price_dollars"":""0.7400""}"
KXETH15M-26APR281000-00,cc213408-0a7b-7fb8-2ef8-f6d88a25fe6e,1777384110,0.74,10.0,yes,"{""count_fp"":""10.00"",""created_time"":""2026-04-28T13:48:30.739148Z"",""no_price_dollars"":""0.2600"",""taker_side"":""yes"",""ticker"":""KXETH15M-26APR281000-00"",""trade_id"":""cc213408-0a7b-7fb8-2ef8-f6d88a25fe6e"",""yes_price_dollars"":""0.7400""}"
KXETH15M-26APR281000-00,774a4d8b-f72c-5df5-5be5-1a148cc549c4,1777384115,0.72,3.06,no,"{""count_fp"":""3.06"",""created_time"":""2026-04-28T13:48:35.793775Z"",""no_price_dollars"":""0.2800"",""taker_side"":""no"",""ticker"":""KXETH15M-26APR281000-00"",""trade_id"":""774a4d8b-f72c-5df5-5be5-1a148cc549c4"",""yes_price_dollars"":""0.7200""}"
KXETH15M-26APR281000-00,84c8f39e-6d8e-4b11-54fd-21865548ae2d,1777384116,0.76,4.0,yes,"{""count_fp"":""4.00"",""created_time"":""2026-04-28T13:48:36.346225Z"",""no_price_dollars"":""0.2400"",""taker_side"":""yes"",""ticker"":""KXETH15M-26APR281000-00"",""trade_id"":""84c8f39e-6d8e-4b11-54fd-21865548ae2d"",""yes_price_dollars"":""0.7600""}"
KXETH15M-26APR281000-00,b1b6749a-10b7-6a38-0720-c125ac8e3eae,1777384117,0.76,1.6,yes,"{""count_fp"":""1.60"",""created_time"":""2026-04-28T13:48:37.501836Z"",""no_price_dollars"":""0.2400"",""taker_side"":""yes"",""ticker"":""KXETH15M-26APR281000-00"",""trade_id"":""b1b6749a-10b7-6a38-0720-c125ac8e3eae"",""yes_price_dollars"":""0.7600""}"
KXETH15M-26APR281000-00,a7a9abb7-0c77-6ad7-2f4a-b24c62e94120,1777384117,0.76,8.75,yes,"{""count_fp"":""8.75"",""created_time"":""2026-04-28T13:48:37.501836Z"",""no_price_dollars"":""0.2400"",""taker_side"":""yes"",""ticker"":""KXETH15M-26APR281000-00"",""trade_id"":""a7a9abb7-0c77-6ad7-2f4a-b24c62e94120"",""yes_price_dollars"":""0.7600""}"
KXETH15M-26APR281000-00,62da6ced-3040-7eba-821c-49d52c10f3e5,1777384119,0.74,0.34,no,"{""count_fp"":""0.34"",""created_time"":""2026-04-28T13:48:39.370708Z"",""no_price_dollars"":""0.2600"",""taker_side"":""no"",""ticker"":""KXETH15M-26APR281000-00"",""trade_id"":""62da6ced-3040-7eba-821c-49d52c10f3e5"",""yes_price_dollars"":""0.7400""}"
KXETH15M-26APR281000-00,ad29ec6d-af2f-6380-a4fc-f478cd6e3702,1777384122,0.79,5.0,yes,"{""count_fp"":""5.00"",""created_time"":""2026-04-28T13:48:42.759504Z"",""no_price_dollars"":""0.2100"",""taker_side"":""yes"",""ticker"":""KXETH15M-26APR281000-00"",""trade_id"":""ad29ec6d-af2f-6380-a4fc-f478cd6e3702"",""yes_price_dollars"":""0.7900""}"
KXETH15M-26APR281000-00,8de4b15b-171f-6750-16b2-45abc03b29da,1777384124,0.79,1.11,yes,"{""count_fp"":""1.11"",""created_time"":""2026-04-28T13:48:44.079015Z"",""no_price_dollars"":""0.2100"",""taker_side"":""yes"",""ticker"":""KXETH15M-26APR281000-00"",""trade_id"":""8de4b15b-171f-6750-16b2-45abc03b29da"",""yes_price_dollars"":""0.7900""}"
KXETH15M-26APR281000-00,a931de1d-1727-5b3c-7842-b0fbcd08aea2,1777384126,0.79,11.22,yes,"{""count_fp"":""11.22"",""created_time"":""2026-04-28T13:48:46.093233Z"",""no_price_dollars"":""0.2100"",""taker_side"":""yes"",""ticker"":""KXETH15M-26APR281000-00"",""trade_id"":""a931de1d-1727-5b3c-7842-b0fbcd08aea2"",""yes_price_dollars"":""0.7900""}"
KXETH15M-26APR281000-00,9ec2600e-5a49-73fa-7360-3bb54e69ad22,1777384132,0.78,1.0,yes,"{""count_fp"":""1.00"",""created_time"":""2026-04-28T13:48:52.226622Z"",""no_price_dollars"":""0.2200"",""taker_side"":""yes"",""ticker"":""KXETH15M-26APR281000-00"",""trade_id"":""9ec2600e-5a49-73fa-7360-3bb54e69ad22"",""yes_price_dollars"":""0.7800""}"
KXETH15M-26APR281000-00,f7831a64-bb30-530e-29cf-c446ae98367e,1777384140,0.84,10.0,yes,"{""count_fp"":""10.00"",""created_time"":""2026-04-28T13:49:00.121745Z"",""no_price_dollars"":""0.1600"",""taker_side"":""yes"",""ticker"":""KXETH15M-26APR281000-00"",""trade_id"":""f7831a64-bb30-530e-29cf-c446ae98367e"",""yes_price_dollars"":""0.8400""}"
KXETH15M-26APR281000-00,65945a76-2ca9-5741-0ff6-8e79fee839ef,1777384140,0.84,10.0,yes,"{""count_fp"":""10.00"",""created_time"":""2026-04-28T13:49:00.121745Z"",""no_price_dollars"":""0.1600"",""taker_side"":""yes"",""ticker"":""KXETH15M-26APR281000-00"",""trade_id"":""65945a76-2ca9-5741-0ff6-8e79fee839ef"",""yes_price_dollars"":""0.8400""}"
KXETH15M-26APR281000-00,8a0ee190-05f3-75bc-f49d-3a7044b6cb4e,1777384143,0.85,1.0,yes,"{""count_fp"":""1.00"",""created_time"":""2026-04-28T13:49:03.148847Z"",""no_price_dollars"":""0.1500"",""taker_side"":""yes"",""ticker"":""KXETH15M-26APR281000-00"",""trade_id"":""8a0ee190-05f3-75bc-f49d-3a7044b6cb4e"",""yes_price_dollars"":""0.8500""}"
KXETH15M-26APR281000-00,d44d5442-3e64-7a83-9265-7786e25e2bc4,1777384144,0.82,0.02,no,"{""count_fp"":""0.02"",""created_time"":""2026-04-28T13:49:04.970444Z"",""no_price_dollars"":""0.1800"",""taker_side"":""no"",""ticker"":""KXETH15M-26APR281000-00"",""trade_id"":""d44d5442-3e64-7a83-9265-7786e25e2bc4"",""yes_price_dollars"":""0.8200""}"
KXETH15M-26APR281000-00,c63c3eb0-5c5c-5a07-9815-4ce8e981d6ac,1777384144,0.82,4.98,no,"{""count_fp"":""4.98"",""created_time"":""2026-04-28T13:49:04.730443Z"",""no_price_dollars"":""0.1800"",""taker_side"":""no"",""ticker"":""KXETH15M-26APR281000-00"",""trade_id"":""c63c3eb0-5c5c-5a07-9815-4ce8e981d6ac"",""yes_price_dollars"":""0.8200""}"
KXETH15M-26APR281000-00,b1e89c63-7aaf-6a30-80d8-f3483c58d236,1777384146,0.83,9.0,yes,"{""count_fp"":""9.00"",""created_time"":""2026-04-28T13:49:06.217902Z"",""no_price_dollars"":""0.1700"",""taker_side"":""yes"",""ticker"":""KXETH15M-26APR281000-00"",""trade_id"":""b1e89c63-7aaf-6a30-80d8-f3483c58d236"",""yes_price_dollars"":""0.8300""}"
KXETH15M-26APR281000-00,1a1256be-a3bf-413d-3a33-a8e15839de76,1777384147,0.8,10.0,no,"{""count_fp"":""10.00"",""created_time"":""2026-04-28T13:49:07.050173Z"",""no_price_dollars"":""0.2000"",""taker_side"":""no"",""ticker"":""KXETH15M-26APR281000-00"",""trade_id"":""1a1256be-a3bf-413d-3a33-a8e15839de76"",""yes_price_dollars"":""0.8000""}"
KXETH15M-26APR281000-00,fb5a2dcc-6a76-4711-75b2-52bbf69cbdac,1777384155,0.79,1.0,yes,"{""count_fp"":""1.00"",""created_time"":""2026-04-28T13:49:15.415229Z"",""no_price_dollars"":""0.2100"",""taker_side"":""yes"",""ticker"":""KXETH15M-26APR281000-00"",""trade_id"":""fb5a2dcc-6a76-4711-75b2-52bbf69cbdac"",""yes_price_dollars"":""0.7900""}"
KXETH15M-26APR281000-00,d13541a0-cfb8-6814-701a-3c778c4249e6,1777384160,0.74,10.0,no,"{""count_fp"":""10.00"",""created_time"":""2026-04-28T13:49:20.127992Z"",""no_price_dollars"":""0.2600"",""taker_side"":""no"",""ticker"":""KXETH15M-26APR281000-00"",""trade_id"":""d13541a0-cfb8-6814-701a-3c778c4249e6"",""yes_price_dollars"":""0.7400""}"
KXETH15M-26APR281000-00,4eb28d4b-8f5f-651d-4859-5a190f1a5cf2,1777384160,0.74,51.19,no,"{""count_fp"":""51.19"",""created_time"":""2026-04-28T13:49:20.127992Z"",""no_price_dollars"":""0.2600"",""taker_side"":""no"",""ticker"":""KXETH15M-26APR281000-00"",""trade_id"":""4eb28d4b-8f5f-651d-4859-5a190f1a5cf2"",""yes_price_dollars"":""0.7400""}"
KXETH15M-26APR281000-00,1df09e64-1486-6e34-685a-04348de16d4c,1777384160,0.74,10.0,no,"{""count_fp"":""10.00"",""created_time"":""2026-04-28T13:49:20.127992Z"",""no_price_dollars"":""0.2600"",""taker_side"":""no"",""ticker"":""KXETH15M-26APR281000-00"",""trade_id"":""1df09e64-1486-6e34-685a-04348de16d4c"",""yes_price_dollars"":""0.7400""}"
KXETH15M-26APR281000-00,8043c144-ba61-769c-1fb7-a3c276c59d4d,1777384166,0.78,1.0,yes,"{""count_fp"":""1.00"",""created_time"":""2026-04-28T13:49:26.456179Z"",""no_price_dollars"":""0.2200"",""taker_side"":""yes"",""ticker"":""KXETH15M-26APR281000-00"",""trade_id"":""8043c144-ba61-769c-1fb7-a3c276c59d4d"",""yes_price_dollars"":""0.7800""}"
KXETH15M-26APR281000-00,485b7532-cf66-4f97-b304-a5520afe9f27,1777384167,0.79,5.9,yes,"{""count_fp"":""5.90"",""created_time"":""2026-04-28T13:49:27.745188Z"",""no_price_dollars"":""0.2100"",""taker_side"":""yes"",""ticker"":""KXETH15M-26APR281000-00"",""trade_id"":""485b7532-cf66-4f97-b304-a5520afe9f27"",""yes_price_dollars"":""0.7900""}"
KXETH15M-26APR281000-00,2b68f838-7e56-435e-a671-0d598f4f5b24,1777384170,0.69,33.0,no,"{""count_fp"":""33.00"",""created_time"":""2026-04-28T13:49:30.525505Z"",""no_price_dollars"":""0.3100"",""taker_side"":""no"",""ticker"":""KXETH15M-26APR281000-00"",""trade_id"":""2b68f838-7e56-435e-a671-0d598f4f5b24"",""yes_price_dollars"":""0.6900""}"
KXETH15M-26APR281000-00,60566b37-b6fe-4c7a-7f60-61bf79323cf4,1777384170,0.69,23.0,no,"{""count_fp"":""23.00"",""created_time"":""2026-04-28T13:49:30.521466Z"",""no_price_dollars"":""0.3100"",""taker_side"":""no"",""ticker"":""KXETH15M-26APR281000-00"",""trade_id"":""60566b37-b6fe-4c7a-7f60-61bf79323cf4"",""yes_price_dollars"":""0.6900""}"
KXETH15M-26APR281000-00,3d97c1e8-1d7a-7d72-c215-aa69b9ae7d15,1777384171,0.66,10.0,no,"{""count_fp"":""10.00"",""created_time"":""2026-04-28T13:49:31.631419Z"",""no_price_dollars"":""0.3400"",""taker_side"":""no"",""ticker"":""KXETH15M-26APR281000-00"",""trade_id"":""3d97c1e8-1d7a-7d72-c215-aa69b9ae7d15"",""yes_price_dollars"":""0.6600""}"
KXETH15M-26APR281000-00,cfac6126-6393-6bfc-52f0-9b839ad8d35f,1777384174,0.68,10.0,no,"{""count_fp"":""10.00"",""created_time"":""2026-04-28T13:49:34.145454Z"",""no_price_dollars"":""0.3200"",""taker_side"":""no"",""ticker"":""KXETH15M-26APR281000-00"",""trade_id"":""cfac6126-6393-6bfc-52f0-9b839ad8d35f"",""yes_price_dollars"":""0.6800""}"
KXETH15M-26APR281000-00,38ea6540-da41-6d80-447d-00f35a0f3c59,1777384174,0.68,3.47,no,"{""count_fp"":""3.47"",""created_time"":""2026-04-28T13:49:34.145454Z"",""no_price_dollars"":""0.3200"",""taker_side"":""no"",""ticker"":""KXETH15M-26APR281000-00"",""trade_id"":""38ea6540-da41-6d80-447d-00f35a0f3c59"",""yes_price_dollars"":""0.6800""}"
KXETH15M-26APR281000-00,31c9da84-d266-64c6-0b5e-ae1c1dc7eed9,1777384177,0.73,1.0,yes,"{""count_fp"":""1.00"",""created_time"":""2026-04-28T13:49:37.626432Z"",""no_price_dollars"":""0.2700"",""taker_side"":""yes"",""ticker"":""KXETH15M-26APR281000-00"",""trade_id"":""31c9da84-d266-64c6-0b5e-ae1c1dc7eed9"",""yes_price_dollars"":""0.7300""}"
KXETH15M-26APR281000-00,abb901cc-cabe-7b7a-6066-58861cec1d5d,1777384177,0.73,50.0,yes,"{""count_fp"":""50.00"",""created_time"":""2026-04-28T13:49:37.147906Z"",""no_price_dollars"":""0.2700"",""taker_side"":""yes"",""ticker"":""KXETH15M-26APR281000-00"",""trade_id"":""abb901cc-cabe-7b7a-6066-58861cec1d5d"",""yes_price_dollars"":""0.7300""}"
KXETH15M-26APR281000-00,ced7e3df-a84d-4e00-eae3-36c6688e8d49,1777384183,0.73,10.0,yes,"{""count_fp"":""10.00"",""created_time"":""2026-04-28T13:49:43.088113Z"",""no_price_dollars"":""0.2700"",""taker_side"":""yes"",""ticker"":""KXETH15M-26APR281000-00"",""trade_id"":""ced7e3df-a84d-4e00-eae3-36c6688e8d49"",""yes_price_dollars"":""0.7300""}"
KXETH15M-26APR281000-00,c8b0cfbf-1aae-4dd6-ce4e-fb53b3085e89,1777384183,0.74,0.15,yes,"{""count_fp"":""0.15"",""created_time"":""2026-04-28T13:49:43.088113Z"",""no_price_dollars"":""0.2600"",""taker_side"":""yes"",""ticker"":""KXETH15M-26APR281000-00"",""trade_id"":""c8b0cfbf-1aae-4dd6-ce4e-fb53b3085e89"",""yes_price_dollars"":""0.7400""}"
KXETH15M-26APR281000-00,b0380ea2-96a1-43b2-c14c-d4c8f0e0df89,1777384183,0.73,10.0,yes,"{""count_fp"":""10.00"",""created_time"":""2026-04-28T13:49:43.088113Z"",""no_price_dollars"":""0.2700"",""taker_side"":""yes"",""ticker"":""KXETH15M-26APR281000-00"",""trade_id"":""b0380ea2-96a1-43b2-c14c-d4c8f0e0df89"",""yes_price_dollars"":""0.7300""}"
KXETH15M-26APR281000-00,58d7faa4-ddc1-48f4-8b9a-3aec6dcbe7ba,1777384192,0.71,1.0,yes,"{""count_fp"":""1.00"",""created_time"":""2026-04-28T13:49:52.393533Z"",""no_price_dollars"":""0.2900"",""taker_side"":""yes"",""ticker"":""KXETH15M-26APR281000-00"",""trade_id"":""58d7faa4-ddc1-48f4-8b9a-3aec6dcbe7ba"",""yes_price_dollars"":""0.7100""}"
KXETH15M-26APR281000-00,5e69c5a4-e2e1-67c8-b7eb-dc482f87282e,1777384192,0.71,1.0,yes,"{""count_fp"":""1.00"",""created_time"":""2026-04-28T13:49:52.376035Z"",""no_price_dollars"":""0.2900"",""taker_side"":""yes"",""ticker"":""KXETH15M-26APR281000-00"",""trade_id"":""5e69c5a4-e2e1-67c8-b7eb-dc482f87282e"",""yes_price_dollars"":""0.7100""}"
KXETH15M-26APR281000-00,730060cf-9fbe-55a6-6894-3051e6cb3edd,1777384194,0.72,1.0,yes,"{""count_fp"":""1.00"",""created_time"":""2026-04-28T13:49:54.233154Z"",""no_price_dollars"":""0.2800"",""taker_side"":""yes"",""ticker"":""KXETH15M-26APR281000-00"",""trade_id"":""730060cf-9fbe-55a6-6894-3051e6cb3edd"",""yes_price_dollars"":""0.7200""}"
KXETH15M-26APR281000-00,c26e10d8-821a-4072-91f1-9ad631fc0d71,1777384194,0.72,34.0,yes,"{""count_fp"":""34.00"",""created_time"":""2026-04-28T13:49:54.224756Z"",""no_price_dollars"":""0.2800"",""taker_side"":""yes"",""ticker"":""KXETH15M-26APR281000-00"",""trade_id"":""c26e10d8-821a-4072-91f1-9ad631fc0d71"",""yes_price_dollars"":""0.7200""}"
KXETH15M-26APR281000-00,d792c3f4-e74b-5549-5f30-1d7aa8e2d2b4,1777384198,0.68,2.89,no,"{""count_fp"":""2.89"",""created_time"":""2026-04-28T13:49:58.873329Z"",""no_price_dollars"":""0.3200"",""taker_side"":""no"",""ticker"":""KXETH15M-26APR281000-00"",""trade_id"":""d792c3f4-e74b-5549-5f30-1d7aa8e2d2b4"",""yes_price_dollars"":""0.6800""}"
KXETH15M-26APR281000-00,decc6c96-5d7a-58d6-dfb5-0bd4e3e01f75,1777384200,0.69,90.0,yes,"{""count_fp"":""90.00"",""created_time"":""2026-04-28T13:50:00.991085Z"",""no_price_dollars"":""0.3100"",""taker_side"":""yes"",""ticker"":""KXETH15M-26APR281000-00"",""trade_id"":""decc6c96-5d7a-58d6-dfb5-0bd4e3e01f75"",""yes_price_dollars"":""0.6900""}"
KXETH15M-26APR281000-00,d1dbcdab-4783-50c5-f443-6bd066dfb390,1777384200,0.68,10.0,yes,"{""count_fp"":""10.00"",""created_time"":""2026-04-28T13:50:00.991085Z"",""no_price_dollars"":""0.3200"",""taker_side"":""yes"",""ticker"":""KXETH15M-26APR281000-00"",""trade_id"":""d1dbcdab-4783-50c5-f443-6bd066dfb390"",""yes_price_dollars"":""0.6800""}"
KXETH15M-26APR281000-00,1b2cbc9b-dd75-55cf-fab3-a0c4d5c30f3e,1777384200,0.68,100.0,yes,"{""count_fp"":""100.00"",""created_time"":""2026-04-28T13:50:00.991085Z"",""no_price_dollars"":""0.3200"",""taker_side"":""yes"",""ticker"":""KXETH15M-26APR281000-00"",""trade_id"":""1b2cbc9b-dd75-55cf-fab3-a0c4d5c30f3e"",""yes_price_dollars"":""0.6800""}"
KXETH15M-26APR281000-00,3e90f531-ce1e-4432-a095-66ad497b33ce,1777384209,0.68,14.38,yes,"{""count_fp"":""14.38"",""created_time"":""2026-04-28T13:50:09.332243Z"",""no_price_dollars"":""0.3200"",""taker_side"":""yes"",""ticker"":""KXETH15M-26APR281000-00"",""trade_id"":""3e90f531-ce1e-4432-a095-66ad497b33ce"",""yes_price_dollars"":""0.6800""}"
KXETH15M-26APR281000-00,25f69f99-0480-6256-e88c-136bd425c2eb,1777384212,0.66,2.0,yes,"{""count_fp"":""2.00"",""created_time"":""2026-04-28T13:50:12.997739Z"",""no_price_dollars"":""0.3400"",""taker_side"":""yes"",""ticker"":""KXETH15M-26APR281000-00"",""trade_id"":""25f69f99-0480-6256-e88c-136bd425c2eb"",""yes_price_dollars"":""0.6600""}"
KXETH15M-26APR281000-00,8d503e38-8c14-4fa2-3c2d-59fa34b9d75f,1777384215,0.66,1.0,yes,"{""count_fp"":""1.00"",""created_time"":""2026-04-28T13:50:15.824986Z"",""no_price_dollars"":""0.3400"",""taker_side"":""yes"",""ticker"":""KXETH15M-26APR281000-00"",""trade_id"":""8d503e38-8c14-4fa2-3c2d-59fa34b9d75f"",""yes_price_dollars"":""0.6600""}"
KXETH15M-26APR281000-00,e4fa7562-bcde-7b8c-1f6a-ce065258ab1c,1777384219,0.64,1.0,no,"{""count_fp"":""1.00"",""created_time"":""2026-04-28T13:50:19.551454Z"",""no_price_dollars"":""0.3600"",""taker_side"":""no"",""ticker"":""KXETH15M-26APR281000-00"",""trade_id"":""e4fa7562-bcde-7b8c-1f6a-ce065258ab1c"",""yes_price_dollars"":""0.6400""}"
KXETH15M-26APR281000-00,88ddcd01-d4e1-7920-004c-b963e5dbdc51,1777384219,0.63,9.04,no,"{""count_fp"":""9.04"",""created_time"":""2026-04-28T13:50:19.551454Z"",""no_price_dollars"":""0.3700"",""taker_side"":""no"",""ticker"":""KXETH15M-26APR281000-00"",""trade_id"":""88ddcd01-d4e1-7920-004c-b963e5dbdc51"",""yes_price_dollars"":""0.6300""}"
KXETH15M-26APR281000-00,7f49378c-42b0-7e26-3ffb-d4565d06709c,1777384219,0.63,1.0,no,"{""count_fp"":""1.00"",""created_time"":""2026-04-28T13:50:19.551454Z"",""no_price_dollars"":""0.3700"",""taker_side"":""no"",""ticker"":""KXETH15M-26APR281000-00"",""trade_id"":""7f49378c-42b0-7e26-3ffb-d4565d06709c"",""yes_price_dollars"":""0.6300""}"
KXETH15M-26APR281000-00,2e8691b3-ae54-7807-3e55-41831d263b6d,1777384219,0.65,1.0,no,"{""count_fp"":""1.00"",""created_time"":""2026-04-28T13:50:19.551454Z"",""no_price_dollars"":""0.3500"",""taker_side"":""no"",""ticker"":""KXETH15M-26APR281000-00"",""trade_id"":""2e8691b3-ae54-7807-3e55-41831d263b6d"",""yes_price_dollars"":""0.6500""}"
KXETH15M-26APR281000-00,28483b99-13bf-7259-29b3-0ba0a3e52eb5,1777384219,0.65,1.0,no,"{""count_fp"":""1.00"",""created_time"":""2026-04-28T13:50:19.551454Z"",""no_price_dollars"":""0.3500"",""taker_side"":""no"",""ticker"":""KXETH15M-26APR281000-00"",""trade_id"":""28483b99-13bf-7259-29b3-0ba0a3e52eb5"",""yes_price_dollars"":""0.6500""}"
KXETH15M-26APR281000-00,4aa2abba-4bcb-7b3d-9ffc-528a5add2128,1777384225,0.67,1.0,yes,"{""count_fp"":""1.00"",""created_time"":""2026-04-28T13:50:25.263217Z"",""no_price_dollars"":""0.3300"",""taker_side"":""yes"",""ticker"":""KXETH15M-26APR281000-00"",""trade_id"":""4aa2abba-4bcb-7b3d-9ffc-528a5add2128"",""yes_price_dollars"":""0.6700""}"
KXETH15M-26APR281000-00,f1e7a776-2237-69c1-40da-43ddb9b0f884,1777384229,0.67,26.0,yes,"{""count_fp"":""26.00"",""created_time"":""2026-04-28T13:50:29.557386Z"",""no_price_dollars"":""0.3300"",""taker_side"":""yes"",""ticker"":""KXETH15M-26APR281000-00"",""trade_id"":""f1e7a776-2237-69c1-40da-43ddb9b0f884"",""yes_price_dollars"":""0.6700""}"
KXETH15M-26APR281000-00,6f7c2afa-8dc0-6d68-699c-a6f9984f3c6f,1777384229,0.67,28.0,yes,"{""count_fp"":""28.00"",""created_time"":""2026-04-28T13:50:29.557386Z"",""no_price_dollars"":""0.3300"",""taker_side"":""yes"",""ticker"":""KXETH15M-26APR281000-00"",""trade_id"":""6f7c2afa-8dc0-6d68-699c-a6f9984f3c6f"",""yes_price_dollars"":""0.6700""}"
KXETH15M-26APR281000-00,278d5188-5b3b-4ac8-c51e-f32a0e3cd321,1777384231,0.7,1.0,yes,"{""count_fp"":""1.00"",""created_time"":""2026-04-28T13:50:31.494641Z"",""no_price_dollars"":""0.3000"",""taker_side"":""yes"",""ticker"":""KXETH15M-26APR281000-00"",""trade_id"":""278d5188-5b3b-4ac8-c51e-f32a0e3cd321"",""yes_price_dollars"":""0.7000""}"
KXETH15M-26APR281000-00,c60e90e6-fede-773b-fee9-77d4419bab3a,1777384236,0.74,1.0,yes,"{""count_fp"":""1.00"",""created_time"":""2026-04-28T13:50:36.569359Z"",""no_price_dollars"":""0.2600"",""taker_side"":""yes"",""ticker"":""KXETH15M-26APR281000-00"",""trade_id"":""c60e90e6-fede-773b-fee9-77d4419bab3a"",""yes_price_dollars"":""0.7400""}"
KXETH15M-26APR281000-00,f43e597f-fb26-79e2-6673-110525748705,1777384238,0.74,20.0,yes,"{""count_fp"":""20.00"",""created_time"":""2026-04-28T13:50:38.873602Z"",""no_price_dollars"":""0.2600"",""taker_side"":""yes"",""ticker"":""KXETH15M-26APR281000-00"",""trade_id"":""f43e597f-fb26-79e2-6673-110525748705"",""yes_price_dollars"":""0.7400""}"
KXETH15M-26APR281000-00,d81314e6-20b2-791b-63cb-4d69d9e37a52,1777384238,0.74,10.0,yes,"{""count_fp"":""10.00"",""created_time"":""2026-04-28T13:50:38.873602Z"",""no_price_dollars"":""0.2600"",""taker_side"":""yes"",""ticker"":""KXETH15M-26APR281000-00"",""trade_id"":""d81314e6-20b2-791b-63cb-4d69d9e37a52"",""yes_price_dollars"":""0.7400""}"
KXETH15M-26APR281000-00,91386c66-6140-7bd6-6869-34fbfe538fae,1777384238,0.74,10.0,yes,"{""count_fp"":""10.00"",""created_time"":""2026-04-28T13:50:38.873602Z"",""no_price_dollars"":""0.2600"",""taker_side"":""yes"",""ticker"":""KXETH15M-26APR281000-00"",""trade_id"":""91386c66-6140-7bd6-6869-34fbfe538fae"",""yes_price_dollars"":""0.7400""}"
KXETH15M-26APR281000-00,bb3fc361-25cb-6ed5-625a-87c2831cddc6,1777384262,0.71,7.0,yes,"{""count_fp"":""7.00"",""created_time"":""2026-04-28T13:51:02.038851Z"",""no_price_dollars"":""0.2900"",""taker_side"":""yes"",""ticker"":""KXETH15M-26APR281000-00"",""trade_id"":""bb3fc361-25cb-6ed5-625a-87c2831cddc6"",""yes_price_dollars"":""0.7100""}"
KXETH15M-26APR281000-00,4ca303d3-ab73-630a-778b-5aa858a57cc4,1777384263,0.7,2.0,no,"{""count_fp"":""2.00"",""created_time"":""2026-04-28T13:51:03.948214Z"",""no_price_dollars"":""0.3000"",""taker_side"":""no"",""ticker"":""KXETH15M-26APR281000-00"",""trade_id"":""4ca303d3-ab73-630a-778b-5aa858a57cc4"",""yes_price_dollars"":""0.7000""}"
KXETH15M-26APR281000-00,b9e86052-bfa5-62d8-0f98-0a602c6d8441,1777384269,0.6,0.23,no,"{""count_fp"":""0.23"",""created_time"":""2026-04-28T13:51:09.464157Z"",""no_price_dollars"":""0.4000"",""taker_side"":""no"",""ticker"":""KXETH15M-26APR281000-00"",""trade_id"":""b9e86052-bfa5-62d8-0f98-0a602c6d8441"",""yes_price_dollars"":""0.6000""}"
KXETH15M-26APR281000-00,a3d20cf7-f9d5-6302-266b-9bf0140a36eb,1777384269,0.62,1.0,no,"{""count_fp"":""1.00"",""created_time"":""2026-04-28T13:51:09.464157Z"",""no_price_dollars"":""0.3800"",""taker_side"":""no"",""ticker"":""KXETH15M-26APR281000-00"",""trade_id"":""a3d20cf7-f9d5-6302-266b-9bf0140a36eb"",""yes_price_dollars"":""0.6200""}"
KXETH15M-26APR281000-00,61f48ac1-79e0-423d-1bae-e0df0b80bd5b,1777384277,0.6,2.89,yes,"{""count_fp"":""2.89"",""created_time"":""2026-04-28T13:51:17.145688Z"",""no_price_dollars"":""0.4000"",""taker_side"":""yes"",""ticker"":""KXETH15M-26APR281000-00"",""trade_id"":""61f48ac1-79e0-423d-1bae-e0df0b80bd5b"",""yes_price_dollars"":""0.6000""}"
KXETH15M-26APR281000-00,f63b78cd-49a7-778b-5ffd-05a47208e85f,1777384290,0.64,5.62,yes,"{""count_fp"":""5.62"",""created_time"":""2026-04-28T13:51:30.275357Z"",""no_price_dollars"":""0.3600"",""taker_side"":""yes"",""ticker"":""KXETH15M-26APR281000-00"",""trade_id"":""f63b78cd-49a7-778b-5ffd-05a47208e85f"",""yes_price_dollars"":""0.6400""}"
KXETH15M-26APR281000-00,6fb7b8b5-4848-7d69-75d4-00dcd7519cd3,1777384290,0.6,2.11,yes,"{""count_fp"":""2.11"",""created_time"":""2026-04-28T13:51:30.275357Z"",""no_price_dollars"":""0.4000"",""taker_side"":""yes"",""ticker"":""KXETH15M-26APR281000-00"",""trade_id"":""6fb7b8b5-4848-7d69-75d4-00dcd7519cd3"",""yes_price_dollars"":""0.6000""}"
KXETH15M-26APR281000-00,157798eb-2169-56d4-2717-48c7a004673d,1777384292,0.58,10.0,no,"{""count_fp"":""10.00"",""created_time"":""2026-04-28T13:51:32.724026Z"",""no_price_dollars"":""0.4200"",""taker_side"":""no"",""ticker"":""KXETH15M-26APR281000-00"",""trade_id"":""157798eb-2169-56d4-2717-48c7a004673d"",""yes_price_dollars"":""0.5800""}"
KXETH15M-26APR281000-00,5dbb8646-a5a7-6321-a209-bb79b2599702,1777384295,0.56,11.0,no,"{""count_fp"":""11.00"",""created_time"":""2026-04-28T13:51:35.202848Z"",""no_price_dollars"":""0.4400"",""taker_side"":""no"",""ticker"":""KXETH15M-26APR281000-00"",""trade_id"":""5dbb8646-a5a7-6321-a209-bb79b2599702"",""yes_price_dollars"":""0.5600""}"
KXETH15M-26APR281000-00,1f58d887-1fb3-6564-b0ff-6e7ee88d0679,1777384295,0.56,10.0,no,"{""count_fp"":""10.00"",""created_time"":""2026-04-28T13:51:35.202848Z"",""no_price_dollars"":""0.4400"",""taker_side"":""no"",""ticker"":""KXETH15M-26APR281000-00"",""trade_id"":""1f58d887-1fb3-6564-b0ff-6e7ee88d0679"",""yes_price_dollars"":""0.5600""}"
KXETH15M-26APR281000-00,3864b18d-713a-564c-5c79-d29f72365c7e,1777384300,0.54,4.18,no,"{""count_fp"":""4.18"",""created_time"":""2026-04-28T13:51:40.921794Z"",""no_price_dollars"":""0.4600"",""taker_side"":""no"",""ticker"":""KXETH15M-26APR281000-00"",""trade_id"":""3864b18d-713a-564c-5c79-d29f72365c7e"",""yes_price_dollars"":""0.5400""}"
KXETH15M-26APR281000-00,b4568b2a-76d9-74f2-b8b7-7e134c465ba8,1777384300,0.55,28.0,no,"{""count_fp"":""28.00"",""created_time"":""2026-04-28T13:51:40.668393Z"",""no_price_dollars"":""0.4500"",""taker_side"":""no"",""ticker"":""KXETH15M-26APR281000-00"",""trade_id"":""b4568b2a-76d9-74f2-b8b7-7e134c465ba8"",""yes_price_dollars"":""0.5500""}"
KXETH15M-26APR281000-00,71a99d70-a2a8-695d-0d39-dc45692bf765,1777384301,0.54,0.82,no,"{""count_fp"":""0.82"",""created_time"":""2026-04-28T13:51:41.179074Z"",""no_price_dollars"":""0.4600"",""taker_side"":""no"",""ticker"":""KXETH15M-26APR281000-00"",""trade_id"":""71a99d70-a2a8-695d-0d39-dc45692bf765"",""yes_price_dollars"":""0.5400""}"
KXETH15M-26APR281000-00,b49c4fea-9daa-5de8-a1e0-a9447494a64a,1777384301,0.54,4.82,no,"{""count_fp"":""4.82"",""created_time"":""2026-04-28T13:51:41.178555Z"",""no_price_dollars"":""0.4600"",""taker_side"":""no"",""ticker"":""KXETH15M-26APR281000-00"",""trade_id"":""b49c4fea-9daa-5de8-a1e0-a9447494a64a"",""yes_price_dollars"":""0.5400""}"
KXETH15M-26APR281000-00,55338177-16d0-5cd1-abbc-ba4bf98cbb75,1777384301,0.54,8.18,no,"{""count_fp"":""8.18"",""created_time"":""2026-04-28T13:51:41.178555Z"",""no_price_dollars"":""0.4600"",""taker_side"":""no"",""ticker"":""KXETH15M-26APR281000-00"",""trade_id"":""55338177-16d0-5cd1-abbc-ba4bf98cbb75"",""yes_price_dollars"":""0.5400""}"
KXETH15M-26APR281000-00,823f37b2-3b06-76c5-a125-40da5e75bee3,1777384306,0.58,1.0,yes,"{""count_fp"":""1.00"",""created_time"":""2026-04-28T13:51:46.507435Z"",""no_price_dollars"":""0.4200"",""taker_side"":""yes"",""ticker"":""KXETH15M-26APR281000-00"",""trade_id"":""823f37b2-3b06-76c5-a125-40da5e75bee3"",""yes_price_dollars"":""0.5800""}"
KXETH15M-26APR281000-00,50fa8b84-0ac2-5da6-1544-7ee6721e8a1d,1777384307,0.6,2.0,yes,"{""count_fp"":""2.00"",""created_time"":""2026-04-28T13:51:47.101453Z"",""no_price_dollars"":""0.4000"",""taker_side"":""yes"",""ticker"":""KXETH15M-26APR281000-00"",""trade_id"":""50fa8b84-0ac2-5da6-1544-7ee6721e8a1d"",""yes_price_dollars"":""0.6000""}"
KXETH15M-26APR281000-00,33863289-8cda-68e2-9135-96416ee01ad5,1777384308,0.56,5.0,yes,"{""count_fp"":""5.00"",""created_time"":""2026-04-28T13:51:48.573089Z"",""no_price_dollars"":""0.4400"",""taker_side"":""yes"",""ticker"":""KXETH15M-26APR281000-00"",""trade_id"":""33863289-8cda-68e2-9135-96416ee01ad5"",""yes_price_dollars"":""0.5600""}"
KXETH15M-26APR281000-00,e6a4cd45-ae89-6a7f-e154-31a43b8bd95c,1777384310,0.54,9.3,no,"{""count_fp"":""9.30"",""created_time"":""2026-04-28T13:51:50.367349Z"",""no_price_dollars"":""0.4600"",""taker_side"":""no"",""ticker"":""KXETH15M-26APR281000-00"",""trade_id"":""e6a4cd45-ae89-6a7f-e154-31a43b8bd95c"",""yes_price_dollars"":""0.5400""}"
KXETH15M-26APR281000-00,49f6b3a8-03c1-628b-fa6f-153cc58650db,1777384312,0.61,7.97,yes,"{""count_fp"":""7.97"",""created_time"":""2026-04-28T13:51:52.687424Z"",""no_price_dollars"":""0.3900"",""taker_side"":""yes"",""ticker"":""KXETH15M-26APR281000-00"",""trade_id"":""49f6b3a8-03c1-628b-fa6f-153cc58650db"",""yes_price_dollars"":""0.6100""}"
KXETH15M-26APR281000-00,4e5467b9-1e6a-6fb9-3735-131d60fcc364,1777384313,0.58,14.66,no,"{""count_fp"":""14.66"",""created_time"":""2026-04-28T13:51:53.264632Z"",""no_price_dollars"":""0.4200"",""taker_side"":""no"",""ticker"":""KXETH15M-26APR281000-00"",""trade_id"":""4e5467b9-1e6a-6fb9-3735-131d60fcc364"",""yes_price_dollars"":""0.5800""}"
KXETH15M-26APR281000-00,c8c0a32e-5cea-7bed-ec0b-e4969f0db9e0,1777384313,0.58,17.0,no,"{""count_fp"":""17.00"",""created_time"":""2026-04-28T13:51:53.210231Z"",""no_price_dollars"":""0.4200"",""taker_side"":""no"",""ticker"":""KXETH15M-26APR281000-00"",""trade_id"":""c8c0a32e-5cea-7bed-ec0b-e4969f0db9e0"",""yes_price_dollars"":""0.5800""}"
KXETH15M-26APR281000-00,70499cfe-7c8c-6c71-286b-438e64af17bd,1777384324,0.63,4.0,no,"{""count_fp"":""4.00"",""created_time"":""2026-04-28T13:52:04.288702Z"",""no_price_dollars"":""0.3700"",""taker_side"":""no"",""ticker"":""KXETH15M-26APR281000-00"",""trade_id"":""70499cfe-7c8c-6c71-286b-438e64af17bd"",""yes_price_dollars"":""0.6300""}"
KXETH15M-26APR281000-00,3083459e-9ea9-635f-88dd-f21cf71b5bb7,1777384325,0.62,5.13,yes,"{""count_fp"":""5.13"",""created_time"":""2026-04-28T13:52:05.672554Z"",""no_price_dollars"":""0.3800"",""taker_side"":""yes"",""ticker"":""KXETH15M-26APR281000-00"",""trade_id"":""3083459e-9ea9-635f-88dd-f21cf71b5bb7"",""yes_price_dollars"":""0.6200""}"
KXETH15M-26APR281000-00,1603d822-f39d-68cf-a88f-fdc80f292cbf,1777384325,0.61,10.0,yes,"{""count_fp"":""10.00"",""created_time"":""2026-04-28T13:52:05.672554Z"",""no_price_dollars"":""0.3900"",""taker_side"":""yes"",""ticker"":""KXETH15M-26APR281000-00"",""trade_id"":""1603d822-f39d-68cf-a88f-fdc80f292cbf"",""yes_price_dollars"":""0.6100""}"
KXETH15M-26APR281000-00,f8a12574-a5ac-45f0-f40b-73920f1ba659,1777384326,0.61,10.0,no,"{""count_fp"":""10.00"",""created_time"":""2026-04-28T13:52:06.884608Z"",""no_price_dollars"":""0.3900"",""taker_side"":""no"",""ticker"":""KXETH15M-26APR281000-00"",""trade_id"":""f8a12574-a5ac-45f0-f40b-73920f1ba659"",""yes_price_dollars"":""0.6100""}"
KXETH15M-26APR281000-00,48f55df0-510a-54c6-afdb-8fa0c53ea215,1777384326,0.64,22.93,yes,"{""count_fp"":""22.93"",""created_time"":""2026-04-28T13:52:06.326068Z"",""no_price_dollars"":""0.3600"",""taker_side"":""yes"",""ticker"":""KXETH15M-26APR281000-00"",""trade_id"":""48f55df0-510a-54c6-afdb-8fa0c53ea215"",""yes_price_dollars"":""0.6400""}"
KXETH15M-26APR281000-00,675c1291-770a-40b9-2448-4cc6dc9e6c18,1777384330,0.6,119.96,no,"{""count_fp"":""119.96"",""created_time"":""2026-04-28T13:52:10.150153Z"",""no_price_dollars"":""0.4000"",""taker_side"":""no"",""ticker"":""KXETH15M-26APR281000-00"",""trade_id"":""675c1291-770a-40b9-2448-4cc6dc9e6c18"",""yes_price_dollars"":""0.6000""}"
KXETH15M-26APR281000-00,52a587c3-4965-595e-12b9-d13bb318003b,1777384334,0.68,0.71,yes,"{""count_fp"":""0.71"",""created_time"":""2026-04-28T13:52:14.639575Z"",""no_price_dollars"":""0.3200"",""taker_side"":""yes"",""ticker"":""KXETH15M-26APR281000-00"",""trade_id"":""52a587c3-4965-595e-12b9-d13bb318003b"",""yes_price_dollars"":""0.6800""}"
KXETH15M-26APR281000-00,a50031be-8fb6-532e-f2f1-f4def2cbffde,1777384341,0.66,1.0,yes,"{""count_fp"":""1.00"",""created_time"":""2026-04-28T13:52:21.840633Z"",""no_price_dollars"":""0.3400"",""taker_side"":""yes"",""ticker"":""KXETH15M-26APR281000-00"",""trade_id"":""a50031be-8fb6-532e-f2f1-f4def2cbffde"",""yes_price_dollars"":""0.6600""}"
KXETH15M-26APR281000-00,3bc5a780-5b9e-7cea-02bf-60cdd91f2421,1777384343,0.63,3.0,yes,"{""count_fp"":""3.00"",""created_time"":""2026-04-28T13:52:23.703711Z"",""no_price_dollars"":""0.3700"",""taker_side"":""yes"",""ticker"":""KXETH15M-26APR281000-00"",""trade_id"":""3bc5a780-5b9e-7cea-02bf-60cdd91f2421"",""yes_price_dollars"":""0.6300""}"
KXETH15M-26APR281000-00,acdbf2e5-2f02-4c9e-c5ad-2a7668646939,1777384343,0.63,11.86,yes,"{""count_fp"":""11.86"",""created_time"":""2026-04-28T13:52:23.311317Z"",""no_price_dollars"":""0.3700"",""taker_side"":""yes"",""ticker"":""KXETH15M-26APR281000-00"",""trade_id"":""acdbf2e5-2f02-4c9e-c5ad-2a7668646939"",""yes_price_dollars"":""0.6300""}"
KXETH15M-26APR281000-00,e6eb5821-dab8-5992-f0a0-32c5f293fce3,1777384345,0.56,9.32,no,"{""count_fp"":""9.32"",""created_time"":""2026-04-28T13:52:25.905202Z"",""no_price_dollars"":""0.4400"",""taker_side"":""no"",""ticker"":""KXETH15M-26APR281000-00"",""trade_id"":""e6eb5821-dab8-5992-f0a0-32c5f293fce3"",""yes_price_dollars"":""0.5600""}"
KXETH15M-26APR281000-00,92c5bcd8-100a-5382-eca6-c7259e5c7c9e,1777384345,0.57,10.0,no,"{""count_fp"":""10.00"",""created_time"":""2026-04-28T13:52:25.905202Z"",""no_price_dollars"":""0.4300"",""taker_side"":""no"",""ticker"":""KXETH15M-26APR281000-00"",""trade_id"":""92c5bcd8-100a-5382-eca6-c7259e5c7c9e"",""yes_price_dollars"":""0.5700""}"
KXETH15M-26APR281000-00,31fd0b43-8d32-50af-d92f-fcefb6fd0f96,1777384345,0.62,3.0,no,"{""count_fp"":""3.00"",""created_time"":""2026-04-28T13:52:25.905202Z"",""no_price_dollars"":""0.3800"",""taker_side"":""no"",""ticker"":""KXETH15M-26APR281000-00"",""trade_id"":""31fd0b43-8d32-50af-d92f-fcefb6fd0f96"",""yes_price_dollars"":""0.6200""}"
KXETH15M-26APR281000-00,5ae3c259-bc14-5ea6-6e4a-637049f169f7,1777384354,0.53,1.23,yes,"{""count_fp"":""1.23"",""created_time"":""2026-04-28T13:52:34.260327Z"",""no_price_dollars"":""0.4700"",""taker_side"":""yes"",""ticker"":""KXETH15M-26APR281000-00"",""trade_id"":""5ae3c259-bc14-5ea6-6e4a-637049f169f7"",""yes_price_dollars"":""0.5300""}"
KXETH15M-26APR281000-00,890aeceb-0c83-51fc-739c-1f7358bb1199,1777384355,0.52,20.1,no,"{""count_fp"":""20.10"",""created_time"":""2026-04-28T13:52:35.258644Z"",""no_price_dollars"":""0.4800"",""taker_side"":""no"",""ticker"":""KXETH15M-26APR281000-00"",""trade_id"":""890aeceb-0c83-51fc-739c-1f7358bb1199"",""yes_price_dollars"":""0.5200""}"
KXETH15M-26APR281000-00,88d4482c-b8d2-55e4-2497-b84f97758111,1777384357,0.51,0.93,no,"{""count_fp"":""0.93"",""created_time"":""2026-04-28T13:52:37.017599Z"",""no_price_dollars"":""0.4900"",""taker_side"":""no"",""ticker"":""KXETH15M-26APR281000-00"",""trade_id"":""88d4482c-b8d2-55e4-2497-b84f97758111"",""yes_price_dollars"":""0.5100""}"
KXETH15M-26APR281000-00,7552aadc-db9f-524c-0a62-2a6385f75db1,1777384357,0.52,2.0,no,"{""count_fp"":""2.00"",""created_time"":""2026-04-28T13:52:37.017599Z"",""no_price_dollars"":""0.4800"",""taker_side"":""no"",""ticker"":""KXETH15M-26APR281000-00"",""trade_id"":""7552aadc-db9f-524c-0a62-2a6385f75db1"",""yes_price_dollars"":""0.5200""}"
KXETH15M-26APR281000-00,067444ed-f0b0-5048-123d-2b2ebdf53129,1777384357,0.52,1.0,no,"{""count_fp"":""1.00"",""created_time"":""2026-04-28T13:52:37.017599Z"",""no_price_dollars"":""0.4800"",""taker_side"":""no"",""ticker"":""KXETH15M-26APR281000-00"",""trade_id"":""067444ed-f0b0-5048-123d-2b2ebdf53129"",""yes_price_dollars"":""0.5200""}"
KXETH15M-26APR281000-00,0348bae5-447a-52dc-da91-d9967dcc67b0,1777384370,0.52,25.0,no,"{""count_fp"":""25.00"",""created_time"":""2026-04-28T13:52:50.763104Z"",""no_price_dollars"":""0.4800"",""taker_side"":""no"",""ticker"":""KXETH15M-26APR281000-00"",""trade_id"":""0348bae5-447a-52dc-da91-d9967dcc67b0"",""yes_price_dollars"":""0.5200""}"
KXETH15M-26APR281000-00,9757d007-28e2-743d-efb6-cce42dd594b4,1777384373,0.53,3.0,no,"{""count_fp"":""3.00"",""created_time"":""2026-04-28T13:52:53.024156Z"",""no_price_dollars"":""0.4700"",""taker_side"":""no"",""ticker"":""KXETH15M-26APR281000-00"",""trade_id"":""9757d007-28e2-743d-efb6-cce42dd594b4"",""yes_price_dollars"":""0.5300""}"
KXETH15M-26APR281000-00,7efb826a-e7ad-7a4b-e278-13bfdd906c87,1777384377,0.57,1.0,yes,"{""count_fp"":""1.00"",""created_time"":""2026-04-28T13:52:57.541844Z"",""no_price_dollars"":""0.4300"",""taker_side"":""yes"",""ticker"":""KXETH15M-26APR281000-00"",""trade_id"":""7efb826a-e7ad-7a4b-e278-13bfdd906c87"",""yes_price_dollars"":""0.5700""}"
KXETH15M-26APR281000-00,9006f438-08fa-5420-ad4d-eb716f68a71d,1777384383,0.49,1.0,no,"{""count_fp"":""1.00"",""created_time"":""2026-04-28T13:53:03.636469Z"",""no_price_dollars"":""0.5100"",""taker_side"":""no"",""ticker"":""KXETH15M-26APR281000-00"",""trade_id"":""9006f438-08fa-5420-ad4d-eb716f68a71d"",""yes_price_dollars"":""0.4900""}"
KXETH15M-26APR281000-00,e92b43bf-9c0e-7389-2c4c-6acc8087fd28,1777384386,0.53,2.0,no,"{""count_fp"":""2.00"",""created_time"":""2026-04-28T13:53:06.450197Z"",""no_price_dollars"":""0.4700"",""taker_side"":""no"",""ticker"":""KXETH15M-26APR281000-00"",""trade_id"":""e92b43bf-9c0e-7389-2c4c-6acc8087fd28"",""yes_price_dollars"":""0.5300""}"
KXETH15M-26APR281000-00,3174075e-7541-60c6-367d-93fadc45ad7b,1777384386,0.59,2.0,yes,"{""count_fp"":""2.00"",""created_time"":""2026-04-28T13:53:06.006611Z"",""no_price_dollars"":""0.4100"",""taker_side"":""yes"",""ticker"":""KXETH15M-26APR281000-00"",""trade_id"":""3174075e-7541-60c6-367d-93fadc45ad7b"",""yes_price_dollars"":""0.5900""}"
KXETH15M-26APR281000-00,ea81e1c9-6744-5a35-64be-41714af0ac9e,1777384388,0.57,1.0,yes,"{""count_fp"":""1.00"",""created_time"":""2026-04-28T13:53:08.616217Z"",""no_price_dollars"":""0.4300"",""taker_side"":""yes"",""ticker"":""KXETH15M-26APR281000-00"",""trade_id"":""ea81e1c9-6744-5a35-64be-41714af0ac9e"",""yes_price_dollars"":""0.5700""}"
KXETH15M-26APR281000-00,d96adc6e-c646-5bda-cfd9-6d1eabdb6616,1777384390,0.57,16.62,yes,"{""count_fp"":""16.62"",""created_time"":""2026-04-28T13:53:10.293259Z"",""no_price_dollars"":""0.4300"",""taker_side"":""yes"",""ticker"":""KXETH15M-26APR281000-00"",""trade_id"":""d96adc6e-c646-5bda-cfd9-6d1eabdb6616"",""yes_price_dollars"":""0.5700""}"
KXETH15M-26APR281000-00,725bd784-b95d-5cd9-09b4-0fa8932799cd,1777384394,0.48,1.0,no,"{""count_fp"":""1.00"",""created_time"":""2026-04-28T13:53:14.876992Z"",""no_price_dollars"":""0.5200"",""taker_side"":""no"",""ticker"":""KXETH15M-26APR281000-00"",""trade_id"":""725bd784-b95d-5cd9-09b4-0fa8932799cd"",""yes_price_dollars"":""0.4800""}"
KXETH15M-26APR281000-00,47460dad-74fe-4522-4b9e-2e9113cc0002,1777384396,0.46,100.0,yes,"{""count_fp"":""100.00"",""created_time"":""2026-04-28T13:53:16.647505Z"",""no_price_dollars"":""0.5400"",""taker_side"":""yes"",""ticker"":""KXETH15M-26APR281000-00"",""trade_id"":""47460dad-74fe-4522-4b9e-2e9113cc0002"",""yes_price_dollars"":""0.4600""}"
KXETH15M-26APR281000-00,d655275f-377e-46bc-9f55-6eb0ae3c5dae,1777384400,0.43,5.0,no,"{""count_fp"":""5.00"",""created_time"":""2026-04-28T13:53:20.103971Z"",""no_price_dollars"":""0.5700"",""taker_side"":""no"",""ticker"":""KXETH15M-26APR281000-00"",""trade_id"":""d655275f-377e-46bc-9f55-6eb0ae3c5dae"",""yes_price_dollars"":""0.4300""}"
KXETH15M-26APR281000-00,6b8d8d5b-28f4-7f22-775f-b4aa08312338,1777384401,0.44,5.0,no,"{""count_fp"":""5.00"",""created_time"":""2026-04-28T13:53:21.849192Z"",""no_price_dollars"":""0.5600"",""taker_side"":""no"",""ticker"":""KXETH15M-26APR281000-00"",""trade_id"":""6b8d8d5b-28f4-7f22-775f-b4aa08312338"",""yes_price_dollars"":""0.4400""}"
KXETH15M-26APR281000-00,fb6739cc-d836-47ad-d764-84aa10cb3347,1777384401,0.45,10.0,yes,"{""count_fp"":""10.00"",""created_time"":""2026-04-28T13:53:21.194052Z"",""no_price_dollars"":""0.5500"",""taker_side"":""yes"",""ticker"":""KXETH15M-26APR281000-00"",""trade_id"":""fb6739cc-d836-47ad-d764-84aa10cb3347"",""yes_price_dollars"":""0.4500""}"
KXETH15M-26APR281000-00,85b2def2-811d-7e6a-41d9-59ea12d7763b,1777384404,0.47,4.0,yes,"{""count_fp"":""4.00"",""created_time"":""2026-04-28T13:53:24.555408Z"",""no_price_dollars"":""0.5300"",""taker_side"":""yes"",""ticker"":""KXETH15M-26APR281000-00"",""trade_id"":""85b2def2-811d-7e6a-41d9-59ea12d7763b"",""yes_price_dollars"":""0.4700""}"
KXETH15M-26APR281000-00,fb501362-28ef-7e59-1990-f63b93df953e,1777384405,0.44,14.38,no,"{""count_fp"":""14.38"",""created_time"":""2026-04-28T13:53:25.138441Z"",""no_price_dollars"":""0.5600"",""taker_side"":""no"",""ticker"":""KXETH15M-26APR281000-00"",""trade_id"":""fb501362-28ef-7e59-1990-f63b93df953e"",""yes_price_dollars"":""0.4400""}"
KXETH15M-26APR281000-00,c3cd352a-ed27-4019-cba0-7d6fcde94796,1777384406,0.43,1.0,no,"{""count_fp"":""1.00"",""created_time"":""2026-04-28T13:53:26.410108Z"",""no_price_dollars"":""0.5700"",""taker_side"":""no"",""ticker"":""KXETH15M-26APR281000-00"",""trade_id"":""c3cd352a-ed27-4019-cba0-7d6fcde94796"",""yes_price_dollars"":""0.4300""}"
KXETH15M-26APR281000-00,d91cac9d-a96a-5102-72a1-afaf7fb42ddd,1777384407,0.42,10.25,yes,"{""count_fp"":""10.25"",""created_time"":""2026-04-28T13:53:27.667419Z"",""no_price_dollars"":""0.5800"",""taker_side"":""yes"",""ticker"":""KXETH15M-26APR281000-00"",""trade_id"":""d91cac9d-a96a-5102-72a1-afaf7fb42ddd"",""yes_price_dollars"":""0.4200""}"
KXETH15M-26APR281000-00,beb0a01f-db88-4cc6-13b4-9820afa0b5fb,1777384407,0.41,463.0,no,"{""count_fp"":""463.00"",""created_time"":""2026-04-28T13:53:27.303765Z"",""no_price_dollars"":""0.5900"",""taker_side"":""no"",""ticker"":""KXETH15M-26APR281000-00"",""trade_id"":""beb0a01f-db88-4cc6-13b4-9820afa0b5fb"",""yes_price_dollars"":""0.4100""}"
KXETH15M-26APR281000-00,80041797-9b96-4f50-1917-405f63cec005,1777384407,0.41,10.0,no,"{""count_fp"":""10.00"",""created_time"":""2026-04-28T13:53:27.303765Z"",""no_price_dollars"":""0.5900"",""taker_side"":""no"",""ticker"":""KXETH15M-26APR281000-00"",""trade_id"":""80041797-9b96-4f50-1917-405f63cec005"",""yes_price_dollars"":""0.4100""}"
KXETH15M-26APR281000-00,a16b01f5-e145-6bbb-7cec-cd9e6bad725e,1777384410,0.36,4.0,no,"{""count_fp"":""4.00"",""created_time"":""2026-04-28T13:53:30.799559Z"",""no_price_dollars"":""0.6400"",""taker_side"":""no"",""ticker"":""KXETH15M-26APR281000-00"",""trade_id"":""a16b01f5-e145-6bbb-7cec-cd9e6bad725e"",""yes_price_dollars"":""0.3600""}"
KXETH15M-26APR281000-00,48326c9a-eb5d-6310-65a8-2339d73b7688,1777384410,0.35,8.0,no,"{""count_fp"":""8.00"",""created_time"":""2026-04-28T13:53:30.799559Z"",""no_price_dollars"":""0.6500"",""taker_side"":""no"",""ticker"":""KXETH15M-26APR281000-00"",""trade_id"":""48326c9a-eb5d-6310-65a8-2339d73b7688"",""yes_price_dollars"":""0.3500""}"
KXETH15M-26APR281000-00,2142d352-d411-618a-7a2a-69c1565ac97b,1777384410,0.36,10.0,no,"{""count_fp"":""10.00"",""created_time"":""2026-04-28T13:53:30.799559Z"",""no_price_dollars"":""0.6400"",""taker_side"":""no"",""ticker"":""KXETH15M-26APR281000-00"",""trade_id"":""2142d352-d411-618a-7a2a-69c1565ac97b"",""yes_price_dollars"":""0.3600""}"
KXETH15M-26APR281000-00,0133a639-8d8d-6fa5-7d42-b04f5a94406d,1777384410,0.4,8.0,no,"{""count_fp"":""8.00"",""created_time"":""2026-04-28T13:53:30.799559Z"",""no_price_dollars"":""0.6000"",""taker_side"":""no"",""ticker"":""KXETH15M-26APR281000-00"",""trade_id"":""0133a639-8d8d-6fa5-7d42-b04f5a94406d"",""yes_price_dollars"":""0.4000""}"
KXETH15M-26APR281000-00,c71daf42-c725-6626-fbe8-abf2001b001f,1777384413,0.42,15.94,no,"{""count_fp"":""15.94"",""created_time"":""2026-04-28T13:53:33.657939Z"",""no_price_dollars"":""0.5800"",""taker_side"":""no"",""ticker"":""KXETH15M-26APR281000-00"",""trade_id"":""c71daf42-c725-6626-fbe8-abf2001b001f"",""yes_price_dollars"":""0.4200""}"
KXETH15M-26APR281000-00,2983cda0-4bdd-509d-a9ff-b6876a52b8da,1777384414,0.4,1.0,no,"{""count_fp"":""1.00"",""created_time"":""2026-04-28T13:53:34.014237Z"",""no_price_dollars"":""0.6000"",""taker_side"":""no"",""ticker"":""KXETH15M-26APR281000-00"",""trade_id"":""2983cda0-4bdd-509d-a9ff-b6876a52b8da"",""yes_price_dollars"":""0.4000""}"
KXETH15M-26APR281000-00,8da26448-4d31-5f04-cf3d-bb0b1e35117c,1777384419,0.35,20.0,no,"{""count_fp"":""20.00"",""created_time"":""2026-04-28T13:53:39.750342Z"",""no_price_dollars"":""0.6500"",""taker_side"":""no"",""ticker"":""KXETH15M-26APR281000-00"",""trade_id"":""8da26448-4d31-5f04-cf3d-bb0b1e35117c"",""yes_price_dollars"":""0.3500""}"
KXETH15M-26APR281000-00,66b6c68e-a90c-5814-381e-90c5ceace324,1777384420,0.31,7.0,no,"{""count_fp"":""7.00"",""created_time"":""2026-04-28T13:53:40.755981Z"",""no_price_dollars"":""0.6900"",""taker_side"":""no"",""ticker"":""KXETH15M-26APR281000-00"",""trade_id"":""66b6c68e-a90c-5814-381e-90c5ceace324"",""yes_price_dollars"":""0.3100""}"
KXETH15M-26APR281000-00,69781542-ddd6-60a4-1b65-d8d4392db401,1777384425,0.33,1.0,no,"{""count_fp"":""1.00"",""created_time"":""2026-04-28T13:53:45.254987Z"",""no_price_dollars"":""0.6700"",""taker_side"":""no"",""ticker"":""KXETH15M-26APR281000-00"",""trade_id"":""69781542-ddd6-60a4-1b65-d8d4392db401"",""yes_price_dollars"":""0.3300""}"
KXETH15M-26APR281000-00,4832b7dd-7cd5-7b1e-6b34-d6a77afd1d1f,1777384426,0.36,10.0,yes,"{""count_fp"":""10.00"",""created_time"":""2026-04-28T13:53:46.129341Z"",""no_price_dollars"":""0.6400"",""taker_side"":""yes"",""ticker"":""KXETH15M-26APR281000-00"",""trade_id"":""4832b7dd-7cd5-7b1e-6b34-d6a77afd1d1f"",""yes_price_dollars"":""0.3600""}"
KXETH15M-26APR281000-00,f41a712e-e488-7459-58f0-38e5e475fa7d,1777384426,0.34,10.0,yes,"{""count_fp"":""10.00"",""created_time"":""2026-04-28T13:53:46.120891Z"",""no_price_dollars"":""0.6600"",""taker_side"":""yes"",""ticker"":""KXETH15M-26APR281000-00"",""trade_id"":""f41a712e-e488-7459-58f0-38e5e475fa7d"",""yes_price_dollars"":""0.3400""}"
KXETH15M-26APR281000-00,4cfba690-8429-5f8f-dc7e-f8cf1aa38f97,1777384428,0.4,5.0,yes,"{""count_fp"":""5.00"",""created_time"":""2026-04-28T13:53:48.243207Z"",""no_price_dollars"":""0.6000"",""taker_side"":""yes"",""ticker"":""KXETH15M-26APR281000-00"",""trade_id"":""4cfba690-8429-5f8f-dc7e-f8cf1aa38f97"",""yes_price_dollars"":""0.4000""}"
KXETH15M-26APR281000-00,73435850-3f91-789a-e256-c9fc7a5a96e7,1777384431,0.41,14.79,no,"{""count_fp"":""14.79"",""created_time"":""2026-04-28T13:53:51.491465Z"",""no_price_dollars"":""0.5900"",""taker_side"":""no"",""ticker"":""KXETH15M-26APR281000-00"",""trade_id"":""73435850-3f91-789a-e256-c9fc7a5a96e7"",""yes_price_dollars"":""0.4100""}"
KXETH15M-26APR281000-00,42d9d2e2-1141-56f6-9e2e-88537c90da0f,1777384431,0.41,5.0,no,"{""count_fp"":""5.00"",""created_time"":""2026-04-28T13:53:51.132221Z"",""no_price_dollars"":""0.5900"",""taker_side"":""no"",""ticker"":""KXETH15M-26APR281000-00"",""trade_id"":""42d9d2e2-1141-56f6-9e2e-88537c90da0f"",""yes_price_dollars"":""0.4100""}"
KXETH15M-26APR281000-00,6fd7a358-ba0d-57a7-406c-a972a99c5eef,1777384437,0.44,5.0,yes,"{""count_fp"":""5.00"",""created_time"":""2026-04-28T13:53:57.355191Z"",""no_price_dollars"":""0.5600"",""taker_side"":""yes"",""ticker"":""KXETH15M-26APR281000-00"",""trade_id"":""6fd7a358-ba0d-57a7-406c-a972a99c5eef"",""yes_price_dollars"":""0.4400""}"
KXETH15M-26APR281000-00,0b956873-e69b-5e34-4654-41a98a5db075,1777384437,0.44,10.0,yes,"{""count_fp"":""10.00"",""created_time"":""2026-04-28T13:53:57.355191Z"",""no_price_dollars"":""0.5600"",""taker_side"":""yes"",""ticker"":""KXETH15M-26APR281000-00"",""trade_id"":""0b956873-e69b-5e34-4654-41a98a5db075"",""yes_price_dollars"":""0.4400""}"
KXETH15M-26APR281000-00,8f8ba195-6b1a-5012-c3b2-700a2c25b666,1777384439,0.38,0.29,no,"{""count_fp"":""0.29"",""created_time"":""2026-04-28T13:53:59.774851Z"",""no_price_dollars"":""0.6200"",""taker_side"":""no"",""ticker"":""KXETH15M-26APR281000-00"",""trade_id"":""8f8ba195-6b1a-5012-c3b2-700a2c25b666"",""yes_price_dollars"":""0.3800""}"
KXETH15M-26APR281000-00,4702ebba-23e7-54ca-f4a3-ccb7526b809b,1777384439,0.38,10.0,no,"{""count_fp"":""10.00"",""created_time"":""2026-04-28T13:53:59.774851Z"",""no_price_dollars"":""0.6200"",""taker_side"":""no"",""ticker"":""KXETH15M-26APR281000-00"",""trade_id"":""4702ebba-23e7-54ca-f4a3-ccb7526b809b"",""yes_price_dollars"":""0.3800""}"
KXETH15M-26APR281000-00,f4d12d9c-403a-50ce-bcc1-fa619fc8b592,1777384441,0.35,10.0,no,"{""count_fp"":""10.00"",""created_time"":""2026-04-28T13:54:01.401886Z"",""no_price_dollars"":""0.6500"",""taker_side"":""no"",""ticker"":""KXETH15M-26APR281000-00"",""trade_id"":""f4d12d9c-403a-50ce-bcc1-fa619fc8b592"",""yes_price_dollars"":""0.3500""}"
KXETH15M-26APR281000-00,028a0d3a-793a-7913-31f3-b29051e102c2,1777384444,0.29,1.0,no,"{""count_fp"":""1.00"",""created_time"":""2026-04-28T13:54:04.588942Z"",""no_price_dollars"":""0.7100"",""taker_side"":""no"",""ticker"":""KXETH15M-26APR281000-00"",""trade_id"":""028a0d3a-793a-7913-31f3-b29051e102c2"",""yes_price_dollars"":""0.2900""}"
KXETH15M-26APR281000-00,52903b34-b7de-7b43-3686-4d45b80da66d,1777384445,0.3,5.0,no,"{""count_fp"":""5.00"",""created_time"":""2026-04-28T13:54:05.232756Z"",""no_price_dollars"":""0.7000"",""taker_side"":""no"",""ticker"":""KXETH15M-26APR281000-00"",""trade_id"":""52903b34-b7de-7b43-3686-4d45b80da66d"",""yes_price_dollars"":""0.3000""}"
KXETH15M-26APR281000-00,74241008-5cb1-6efe-7d55-16292de0d5a3,1777384446,0.31,1.0,no,"{""count_fp"":""1.00"",""created_time"":""2026-04-28T13:54:06.324029Z"",""no_price_dollars"":""0.6900"",""taker_side"":""no"",""ticker"":""KXETH15M-26APR281000-00"",""trade_id"":""74241008-5cb1-6efe-7d55-16292de0d5a3"",""yes_price_dollars"":""0.3100""}"
KXETH15M-26APR281000-00,1365a3da-dd68-69b1-fe52-311ca1fabfe8,1777384447,0.32,88.94,no,"{""count_fp"":""88.94"",""created_time"":""2026-04-28T13:54:07.446375Z"",""no_price_dollars"":""0.6800"",""taker_side"":""no"",""ticker"":""KXETH15M-26APR281000-00"",""trade_id"":""1365a3da-dd68-69b1-fe52-311ca1fabfe8"",""yes_price_dollars"":""0.3200""}"
KXETH15M-26APR281000-00,0f350d5b-73b9-6926-ebf6-8e035c190ba9,1777384447,0.32,60.0,no,"{""count_fp"":""60.00"",""created_time"":""2026-04-28T13:54:07.446375Z"",""no_price_dollars"":""0.6800"",""taker_side"":""no"",""ticker"":""KXETH15M-26APR281000-00"",""trade_id"":""0f350d5b-73b9-6926-ebf6-8e035c190ba9"",""yes_price_dollars"":""0.3200""}"
KXETH15M-26APR281000-00,cd2f4af7-edcb-6aff-ab68-dfc1c1f3d9ed,1777384449,0.35,5.0,yes,"{""count_fp"":""5.00"",""created_time"":""2026-04-28T13:54:09.249181Z"",""no_price_dollars"":""0.6500"",""taker_side"":""yes"",""ticker"":""KXETH15M-26APR281000-00"",""trade_id"":""cd2f4af7-edcb-6aff-ab68-dfc1c1f3d9ed"",""yes_price_dollars"":""0.3500""}"
KXETH15M-26APR281000-00,4cf7aebb-0e33-4fd7-b435-c62078978179,1777384449,0.36,1.0,yes,"{""count_fp"":""1.00"",""created_time"":""2026-04-28T13:54:09.165038Z"",""no_price_dollars"":""0.6400"",""taker_side"":""yes"",""ticker"":""KXETH15M-26APR281000-00"",""trade_id"":""4cf7aebb-0e33-4fd7-b435-c62078978179"",""yes_price_dollars"":""0.3600""}"
KXETH15M-26APR281000-00,bb03acfc-f1a2-72ef-36e7-03719d6baf99,1777384450,0.29,1.0,no,"{""count_fp"":""1.00"",""created_time"":""2026-04-28T13:54:10.682659Z"",""no_price_dollars"":""0.7100"",""taker_side"":""no"",""ticker"":""KXETH15M-26APR281000-00"",""trade_id"":""bb03acfc-f1a2-72ef-36e7-03719d6baf99"",""yes_price_dollars"":""0.2900""}"
KXETH15M-26APR281000-00,6cf8c475-d3a1-610a-fcb8-9174b45cbbdf,1777384460,0.32,55.47,no,"{""count_fp"":""55.47"",""created_time"":""2026-04-28T13:54:20.848893Z"",""no_price_dollars"":""0.6800"",""taker_side"":""no"",""ticker"":""KXETH15M-26APR281000-00"",""trade_id"":""6cf8c475-d3a1-610a-fcb8-9174b45cbbdf"",""yes_price_dollars"":""0.3200""}"
KXETH15M-26APR281000-00,9faf00a0-4275-5fdc-40dc-22ad55bd9060,1777384461,0.33,1.0,no,"{""count_fp"":""1.00"",""created_time"":""2026-04-28T13:54:21.778455Z"",""no_price_dollars"":""0.6700"",""taker_side"":""no"",""ticker"":""KXETH15M-26APR281000-00"",""trade_id"":""9faf00a0-4275-5fdc-40dc-22ad55bd9060"",""yes_price_dollars"":""0.3300""}"
KXETH15M-26APR281000-00,6120373c-7c59-6ce7-7dba-5f5b048a46f5,1777384462,0.36,2.58,yes,"{""count_fp"":""2.58"",""created_time"":""2026-04-28T13:54:22.622544Z"",""no_price_dollars"":""0.6400"",""taker_side"":""yes"",""ticker"":""KXETH15M-26APR281000-00"",""trade_id"":""6120373c-7c59-6ce7-7dba-5f5b048a46f5"",""yes_price_dollars"":""0.3600""}"
KXETH15M-26APR281000-00,6c111409-95fd-78ee-b900-36477ae33c43,1777384462,0.3,0.34,no,"{""count_fp"":""0.34"",""created_time"":""2026-04-28T13:54:22.413497Z"",""no_price_dollars"":""0.7000"",""taker_side"":""no"",""ticker"":""KXETH15M-26APR281000-00"",""trade_id"":""6c111409-95fd-78ee-b900-36477ae33c43"",""yes_price_dollars"":""0.3000""}"
KXETH15M-26APR281000-00,e361a58c-aef0-6216-e510-441e937a5241,1777384464,0.3,2.07,no,"{""count_fp"":""2.07"",""created_time"":""2026-04-28T13:54:24.844966Z"",""no_price_dollars"":""0.7000"",""taker_side"":""no"",""ticker"":""KXETH15M-26APR281000-00"",""trade_id"":""e361a58c-aef0-6216-e510-441e937a5241"",""yes_price_dollars"":""0.3000""}"
KXETH15M-26APR281000-00,ddaed085-74be-56b3-4e37-0a095943c1cd,1777384467,0.27,7.0,no,"{""count_fp"":""7.00"",""created_time"":""2026-04-28T13:54:27.714688Z"",""no_price_dollars"":""0.7300"",""taker_side"":""no"",""ticker"":""KXETH15M-26APR281000-00"",""trade_id"":""ddaed085-74be-56b3-4e37-0a095943c1cd"",""yes_price_dollars"":""0.2700""}"
KXETH15M-26APR281000-00,ff0c7fe9-dbc9-4382-a765-18ebf3783153,1777384472,0.32,22.0,no,"{""count_fp"":""22.00"",""created_time"":""2026-04-28T13:54:32.728695Z"",""no_price_dollars"":""0.6800"",""taker_side"":""no"",""ticker"":""KXETH15M-26APR281000-00"",""trade_id"":""ff0c7fe9-dbc9-4382-a765-18ebf3783153"",""yes_price_dollars"":""0.3200""}"
KXETH15M-26APR281000-00,813301fc-c090-6717-ccc5-c75cc94f37f0,1777384472,0.32,8.43,no,"{""count_fp"":""8.43"",""created_time"":""2026-04-28T13:54:32.019165Z"",""no_price_dollars"":""0.6800"",""taker_side"":""no"",""ticker"":""KXETH15M-26APR281000-00"",""trade_id"":""813301fc-c090-6717-ccc5-c75cc94f37f0"",""yes_price_dollars"":""0.3200""}"
KXETH15M-26APR281000-00,3ba349fc-8ee5-6f9a-d24b-7a812a50ffe7,1777384472,0.32,3.99,no,"{""count_fp"":""3.99"",""created_time"":""2026-04-28T13:54:32.019165Z"",""no_price_dollars"":""0.6800"",""taker_side"":""no"",""ticker"":""KXETH15M-26APR281000-00"",""trade_id"":""3ba349fc-8ee5-6f9a-d24b-7a812a50ffe7"",""yes_price_dollars"":""0.3200""}"
KXETH15M-26APR281000-00,12694220-0e11-7056-2fa5-a402aafb14c3,1777384474,0.32,7.19,no,"{""count_fp"":""7.19"",""created_time"":""2026-04-28T13:54:34.949901Z"",""no_price_dollars"":""0.6800"",""taker_side"":""no"",""ticker"":""KXETH15M-26APR281000-00"",""trade_id"":""12694220-0e11-7056-2fa5-a402aafb14c3"",""yes_price_dollars"":""0.3200""}"
KXETH15M-26APR281000-00,eb820079-1919-5a5e-63ea-457dca3bf0dd,1777384476,0.32,1.0,no,"{""count_fp"":""1.00"",""created_time"":""2026-04-28T13:54:36.858323Z"",""no_price_dollars"":""0.6800"",""taker_side"":""no"",""ticker"":""KXETH15M-26APR281000-00"",""trade_id"":""eb820079-1919-5a5e-63ea-457dca3bf0dd"",""yes_price_dollars"":""0.3200""}"
KXETH15M-26APR281000-00,528a1078-d049-6d96-b5f2-46b5a18b1156,1777384479,0.3,9.0,no,"{""count_fp"":""9.00"",""created_time"":""2026-04-28T13:54:39.943428Z"",""no_price_dollars"":""0.7000"",""taker_side"":""no"",""ticker"":""KXETH15M-26APR281000-00"",""trade_id"":""528a1078-d049-6d96-b5f2-46b5a18b1156"",""yes_price_dollars"":""0.3000""}"
KXETH15M-26APR281000-00,3340c82b-5dc5-643f-b4cf-5664fa3178bc,1777384479,0.29,60.0,no,"{""count_fp"":""60.00"",""created_time"":""2026-04-28T13:54:39.943428Z"",""no_price_dollars"":""0.7100"",""taker_side"":""no"",""ticker"":""KXETH15M-26APR281000-00"",""trade_id"":""3340c82b-5dc5-643f-b4cf-5664fa3178bc"",""yes_price_dollars"":""0.2900""}"
KXETH15M-26APR281000-00,1796f2ed-3101-665e-959e-7f28bfbcdd0f,1777384479,0.29,439.41,no,"{""count_fp"":""439.41"",""created_time"":""2026-04-28T13:54:39.943428Z"",""no_price_dollars"":""0.7100"",""taker_side"":""no"",""ticker"":""KXETH15M-26APR281000-00"",""trade_id"":""1796f2ed-3101-665e-959e-7f28bfbcdd0f"",""yes_price_dollars"":""0.2900""}"
KXETH15M-26APR281000-00,0a197cdc-80fc-6e02-9327-cce2a7ad35b4,1777384479,0.3,10.0,no,"{""count_fp"":""10.00"",""created_time"":""2026-04-28T13:54:39.943428Z"",""no_price_dollars"":""0.7000"",""taker_side"":""no"",""ticker"":""KXETH15M-26APR281000-00"",""trade_id"":""0a197cdc-80fc-6e02-9327-cce2a7ad35b4"",""yes_price_dollars"":""0.3000""}"
KXETH15M-26APR281000-00,e108d8ba-e026-76ba-1231-b711345c7f59,1777384484,0.23,20.0,no,"{""count_fp"":""20.00"",""created_time"":""2026-04-28T13:54:44.831437Z"",""no_price_dollars"":""0.7700"",""taker_side"":""no"",""ticker"":""KXETH15M-26APR281000-00"",""trade_id"":""e108d8ba-e026-76ba-1231-b711345c7f59"",""yes_price_dollars"":""0.2300""}"
KXETH15M-26APR281000-00,9c4d9306-a27c-7ab5-3881-37e2703a2e88,1777384484,0.28,100.0,no,"{""count_fp"":""100.00"",""created_time"":""2026-04-28T13:54:44.831437Z"",""no_price_dollars"":""0.7200"",""taker_side"":""no"",""ticker"":""KXETH15M-26APR281000-00"",""trade_id"":""9c4d9306-a27c-7ab5-3881-37e2703a2e88"",""yes_price_dollars"":""0.2800""}"
KXETH15M-26APR281000-00,75480f4a-b3a9-7adc-24b5-38889fb55f70,1777384484,0.28,60.0,no,"{""count_fp"":""60.00"",""created_time"":""2026-04-28T13:54:44.831437Z"",""no_price_dollars"":""0.7200"",""taker_side"":""no"",""ticker"":""KXETH15M-26APR281000-00"",""trade_id"":""75480f4a-b3a9-7adc-24b5-38889fb55f70"",""yes_price_dollars"":""0.2800""}"
KXETH15M-26APR281000-00,59d179af-12ae-70ac-12c9-09fb936080e0,1777384484,0.27,10.0,no,"{""count_fp"":""10.00"",""created_time"":""2026-04-28T13:54:44.831437Z"",""no_price_dollars"":""0.7300"",""taker_side"":""no"",""ticker"":""KXETH15M-26APR281000-00"",""trade_id"":""59d179af-12ae-70ac-12c9-09fb936080e0"",""yes_price_dollars"":""0.2700""}"
KXETH15M-26APR281000-00,40f782a7-f3cd-70c2-3046-c3b2428c24b7,1777384484,0.27,550.87,no,"{""count_fp"":""550.87"",""created_time"":""2026-04-28T13:54:44.831437Z"",""no_price_dollars"":""0.7300"",""taker_side"":""no"",""ticker"":""KXETH15M-26APR281000-00"",""trade_id"":""40f782a7-f3cd-70c2-3046-c3b2428c24b7"",""yes_price_dollars"":""0.2700""}"
KXETH15M-26APR281000-00,3aca9204-fe99-7a59-39c3-3a80b09929e5,1777384484,0.21,10.0,no,"{""count_fp"":""10.00"",""created_time"":""2026-04-28T13:54:44.831437Z"",""no_price_dollars"":""0.7900"",""taker_side"":""no"",""ticker"":""KXETH15M-26APR281000-00"",""trade_id"":""3aca9204-fe99-7a59-39c3-3a80b09929e5"",""yes_price_dollars"":""0.2100""}"
KXETH15M-26APR281000-00,323f8a0d-5716-760b-35b5-deb90592a279,1777384484,0.28,10.0,no,"{""count_fp"":""10.00"",""created_time"":""2026-04-28T13:54:44.831437Z"",""no_price_dollars"":""0.7200"",""taker_side"":""no"",""ticker"":""KXETH15M-26APR281000-00"",""trade_id"":""323f8a0d-5716-760b-35b5-deb90592a279"",""yes_price_dollars"":""0.2800""}"
KXETH15M-26APR281000-00,2c6b348a-bcb6-73e5-15ef-d784b254b2fc,1777384484,0.2,510.42,no,"{""count_fp"":""510.42"",""created_time"":""2026-04-28T13:54:44.831437Z"",""no_price_dollars"":""0.8000"",""taker_side"":""no"",""ticker"":""KXETH15M-26APR281000-00"",""trade_id"":""2c6b348a-bcb6-73e5-15ef-d784b254b2fc"",""yes_price_dollars"":""0.2000""}"
KXETH15M-26APR281000-00,688764ca-f04a-5a4a-4a19-a3d7264f76d2,1777384488,0.27,1.0,no,"{""count_fp"":""1.00"",""created_time"":""2026-04-28T13:54:48.031922Z"",""no_price_dollars"":""0.7300"",""taker_side"":""no"",""ticker"":""KXETH15M-26APR281000-00"",""trade_id"":""688764ca-f04a-5a4a-4a19-a3d7264f76d2"",""yes_price_dollars"":""0.2700""}"
KXETH15M-26APR281000-00,f348554b-fa2e-62e4-e15d-cfc298bcaf24,1777384489,0.26,24.46,no,"{""count_fp"":""24.46"",""created_time"":""2026-04-28T13:54:49.622196Z"",""no_price_dollars"":""0.7400"",""taker_side"":""no"",""ticker"":""KXETH15M-26APR281000-00"",""trade_id"":""f348554b-fa2e-62e4-e15d-cfc298bcaf24"",""yes_price_dollars"":""0.2600""}"
KXETH15M-26APR281000-00,3353eefb-c489-5215-4999-d2e42ffa569f,1777384491,0.26,26.54,no,"{""count_fp"":""26.54"",""created_time"":""2026-04-28T13:54:51.327678Z"",""no_price_dollars"":""0.7400"",""taker_side"":""no"",""ticker"":""KXETH15M-26APR281000-00"",""trade_id"":""3353eefb-c489-5215-4999-d2e42ffa569f"",""yes_price_dollars"":""0.2600""}"
KXETH15M-26APR281000-00,bfcad19f-f35c-5a2f-5463-1cf3c134558b,1777384493,0.24,10.0,no,"{""count_fp"":""10.00"",""created_time"":""2026-04-28T13:54:53.782058Z"",""no_price_dollars"":""0.7600"",""taker_side"":""no"",""ticker"":""KXETH15M-26APR281000-00"",""trade_id"":""bfcad19f-f35c-5a2f-5463-1cf3c134558b"",""yes_price_dollars"":""0.2400""}"
KXETH15M-26APR281000-00,b873c7d8-3a81-5d80-7a65-111927c60f3a,1777384493,0.26,8.33,no,"{""count_fp"":""8.33"",""created_time"":""2026-04-28T13:54:53.782058Z"",""no_price_dollars"":""0.7400"",""taker_side"":""no"",""ticker"":""KXETH15M-26APR281000-00"",""trade_id"":""b873c7d8-3a81-5d80-7a65-111927c60f3a"",""yes_price_dollars"":""0.2600""}"
KXETH15M-26APR281000-00,b24fcf85-e116-5308-73b9-b0798ee35c9d,1777384493,0.21,20.0,no,"{""count_fp"":""20.00"",""created_time"":""2026-04-28T13:54:53.782058Z"",""no_price_dollars"":""0.7900"",""taker_side"":""no"",""ticker"":""KXETH15M-26APR281000-00"",""trade_id"":""b24fcf85-e116-5308-73b9-b0798ee35c9d"",""yes_price_dollars"":""0.2100""}"
KXETH15M-26APR281000-00,9f884847-1961-54d9-4a6f-a9436f2323ef,1777384493,0.26,100.0,no,"{""count_fp"":""100.00"",""created_time"":""2026-04-28T13:54:53.782058Z"",""no_price_dollars"":""0.7400"",""taker_side"":""no"",""ticker"":""KXETH15M-26APR281000-00"",""trade_id"":""9f884847-1961-54d9-4a6f-a9436f2323ef"",""yes_price_dollars"":""0.2600""}"
KXETH15M-26APR281000-00,74f36cc8-a652-5ae9-402a-e9ecf817eb6c,1777384493,0.21,10.0,no,"{""count_fp"":""10.00"",""created_time"":""2026-04-28T13:54:53.782058Z"",""no_price_dollars"":""0.7900"",""taker_side"":""no"",""ticker"":""KXETH15M-26APR281000-00"",""trade_id"":""74f36cc8-a652-5ae9-402a-e9ecf817eb6c"",""yes_price_dollars"":""0.2100""}"
KXETH15M-26APR281000-00,68e477f3-b122-5015-73fb-e532aaf7906c,1777384493,0.2,483.59,no,"{""count_fp"":""483.59"",""created_time"":""2026-04-28T13:54:53.782058Z"",""no_price_dollars"":""0.8000"",""taker_side"":""no"",""ticker"":""KXETH15M-26APR281000-00"",""trade_id"":""68e477f3-b122-5015-73fb-e532aaf7906c"",""yes_price_dollars"":""0.2000""}"
KXETH15M-26APR281000-00,3c150abb-8aae-5eba-6c9b-1a00fb821d61,1777384493,0.24,60.0,no,"{""count_fp"":""60.00"",""created_time"":""2026-04-28T13:54:53.782058Z"",""no_price_dollars"":""0.7600"",""taker_side"":""no"",""ticker"":""KXETH15M-26APR281000-00"",""trade_id"":""3c150abb-8aae-5eba-6c9b-1a00fb821d61"",""yes_price_dollars"":""0.2400""}"
KXETH15M-26APR281000-00,1cdeb251-90fa-5064-5848-0814d0c2ce58,1777384493,0.25,550.54,no,"{""count_fp"":""550.54"",""created_time"":""2026-04-28T13:54:53.782058Z"",""no_price_dollars"":""0.7500"",""taker_side"":""no"",""ticker"":""KXETH15M-26APR281000-00"",""trade_id"":""1cdeb251-90fa-5064-5848-0814d0c2ce58"",""yes_price_dollars"":""0.2500""}"
KXETH15M-26APR281000-00,0837b9a4-4f66-528f-4282-b08e7a175657,1777384493,0.26,10.0,no,"{""count_fp"":""10.00"",""created_time"":""2026-04-28T13:54:53.782058Z"",""no_price_dollars"":""0.7400"",""taker_side"":""no"",""ticker"":""KXETH15M-26APR281000-00"",""trade_id"":""0837b9a4-4f66-528f-4282-b08e7a175657"",""yes_price_dollars"":""0.2600""}"
