ticker,trade_id,ts,yes_price,count,taker_side,raw_json
KXETH15M-26APR271530-30,67c1d7c1-f76d-69ba-1621-a6a07647a77f,1777317314,0.54,2.0,no,"{""count_fp"":""2.00"",""created_time"":""2026-04-27T19:15:14.918353Z"",""no_price_dollars"":""0.4600"",""taker_side"":""no"",""ticker"":""KXETH15M-26APR271530-30"",""trade_id"":""67c1d7c1-f76d-69ba-1621-a6a07647a77f"",""yes_price_dollars"":""0.5400""}"
KXETH15M-26APR271530-30,2e4d301b-5f5a-4495-c630-546d57e5e565,1777317320,0.5,1.0,no,"{""count_fp"":""1.00"",""created_time"":""2026-04-27T19:15:20.906976Z"",""no_price_dollars"":""0.5000"",""taker_side"":""no"",""ticker"":""KXETH15M-26APR271530-30"",""trade_id"":""2e4d301b-5f5a-4495-c630-546d57e5e565"",""yes_price_dollars"":""0.5000""}"
KXETH15M-26APR271530-30,e22b00fb-60e2-4219-6806-4d515c1edbb1,1777317324,0.47,9.13,no,"{""count_fp"":""9.13"",""created_time"":""2026-04-27T19:15:24.778888Z"",""no_price_dollars"":""0.5300"",""taker_side"":""no"",""ticker"":""KXETH15M-26APR271530-30"",""trade_id"":""e22b00fb-60e2-4219-6806-4d515c1edbb1"",""yes_price_dollars"":""0.4700""}"
KXETH15M-26APR271530-30,f603cceb-cc72-71c0-f256-c9b038999031,1777317333,0.49,40.0,no,"{""count_fp"":""40.00"",""created_time"":""2026-04-27T19:15:33.054568Z"",""no_price_dollars"":""0.5100"",""taker_side"":""no"",""ticker"":""KXETH15M-26APR271530-30"",""trade_id"":""f603cceb-cc72-71c0-f256-c9b038999031"",""yes_price_dollars"":""0.4900""}"
KXETH15M-26APR271530-30,5fed1f7b-b5f6-6c10-b9dc-22d9e352dcca,1777317334,0.5,1.0,yes,"{""count_fp"":""1.00"",""created_time"":""2026-04-27T19:15:34.716292Z"",""no_price_dollars"":""0.5000"",""taker_side"":""yes"",""ticker"":""KXETH15M-26APR271530-30"",""trade_id"":""5fed1f7b-b5f6-6c10-b9dc-22d9e352dcca"",""yes_price_dollars"":""0.5000""}"
KXETH15M-26APR271530-30,005c93ef-6a94-75b9-6a64-1f208a22664a,1777317334,0.47,1.0,yes,"{""count_fp"":""1.00"",""created_time"":""2026-04-27T19:15:34.563222Z"",""no_price_dollars"":""0.5300"",""taker_side"":""yes"",""ticker"":""KXETH15M-26APR271530-30"",""trade_id"":""005c93ef-6a94-75b9-6a64-1f208a22664a"",""yes_price_dollars"":""0.4700""}"
KXETH15M-26APR271530-30,3338bcc0-6ed0-4663-8f64-888a03299da5,1777317335,0.5,1.0,no,"{""count_fp"":""1.00"",""created_time"":""2026-04-27T19:15:35.951722Z"",""no_price_dollars"":""0.5000"",""taker_side"":""no"",""ticker"":""KXETH15M-26APR271530-30"",""trade_id"":""3338bcc0-6ed0-4663-8f64-888a03299da5"",""yes_price_dollars"":""0.5000""}"
KXETH15M-26APR271530-30,b6798679-0e18-4a6b-6202-f1e173ef2e3d,1777317336,0.5,1.0,no,"{""count_fp"":""1.00"",""created_time"":""2026-04-27T19:15:36.997401Z"",""no_price_dollars"":""0.5000"",""taker_side"":""no"",""ticker"":""KXETH15M-26APR271530-30"",""trade_id"":""b6798679-0e18-4a6b-6202-f1e173ef2e3d"",""yes_price_dollars"":""0.5000""}"
KXETH15M-26APR271530-30,18c649e2-e640-6487-1566-b2032ab8f6a5,1777317338,0.5,4.0,no,"{""count_fp"":""4.00"",""created_time"":""2026-04-27T19:15:38.118625Z"",""no_price_dollars"":""0.5000"",""taker_side"":""no"",""ticker"":""KXETH15M-26APR271530-30"",""trade_id"":""18c649e2-e640-6487-1566-b2032ab8f6a5"",""yes_price_dollars"":""0.5000""}"
KXETH15M-26APR271530-30,de93fa35-2e72-62fd-7192-2b910c098cd9,1777317350,0.43,4.92,no,"{""count_fp"":""4.92"",""created_time"":""2026-04-27T19:15:50.630395Z"",""no_price_dollars"":""0.5700"",""taker_side"":""no"",""ticker"":""KXETH15M-26APR271530-30"",""trade_id"":""de93fa35-2e72-62fd-7192-2b910c098cd9"",""yes_price_dollars"":""0.4300""}"
KXETH15M-26APR271530-30,cd7812e8-efe1-692d-542e-74bd072c4a67,1777317350,0.43,10.0,no,"{""count_fp"":""10.00"",""created_time"":""2026-04-27T19:15:50.630395Z"",""no_price_dollars"":""0.5700"",""taker_side"":""no"",""ticker"":""KXETH15M-26APR271530-30"",""trade_id"":""cd7812e8-efe1-692d-542e-74bd072c4a67"",""yes_price_dollars"":""0.4300""}"
KXETH15M-26APR271530-30,b9189e65-e714-6b17-7b37-b62e70276c09,1777317350,0.5,1.0,no,"{""count_fp"":""1.00"",""created_time"":""2026-04-27T19:15:50.630395Z"",""no_price_dollars"":""0.5000"",""taker_side"":""no"",""ticker"":""KXETH15M-26APR271530-30"",""trade_id"":""b9189e65-e714-6b17-7b37-b62e70276c09"",""yes_price_dollars"":""0.5000""}"
KXETH15M-26APR271530-30,31eca05b-a856-618c-4eb2-9fc01ddf7256,1777317350,0.45,1.0,no,"{""count_fp"":""1.00"",""created_time"":""2026-04-27T19:15:50.630395Z"",""no_price_dollars"":""0.5500"",""taker_side"":""no"",""ticker"":""KXETH15M-26APR271530-30"",""trade_id"":""31eca05b-a856-618c-4eb2-9fc01ddf7256"",""yes_price_dollars"":""0.4500""}"
KXETH15M-26APR271530-30,5ab7fbaa-7be8-6031-e613-71e9c29b7d31,1777317359,0.46,1.0,no,"{""count_fp"":""1.00"",""created_time"":""2026-04-27T19:15:59.205181Z"",""no_price_dollars"":""0.5400"",""taker_side"":""no"",""ticker"":""KXETH15M-26APR271530-30"",""trade_id"":""5ab7fbaa-7be8-6031-e613-71e9c29b7d31"",""yes_price_dollars"":""0.4600""}"
KXETH15M-26APR271530-30,29254549-67a6-6a08-d9e1-9bea67a8109a,1777317359,0.45,2.53,no,"{""count_fp"":""2.53"",""created_time"":""2026-04-27T19:15:59.205181Z"",""no_price_dollars"":""0.5500"",""taker_side"":""no"",""ticker"":""KXETH15M-26APR271530-30"",""trade_id"":""29254549-67a6-6a08-d9e1-9bea67a8109a"",""yes_price_dollars"":""0.4500""}"
KXETH15M-26APR271530-30,3641c0b1-1aa1-5b0b-eeba-0706465efc94,1777317359,0.49,1.0,yes,"{""count_fp"":""1.00"",""created_time"":""2026-04-27T19:15:59.201621Z"",""no_price_dollars"":""0.5100"",""taker_side"":""yes"",""ticker"":""KXETH15M-26APR271530-30"",""trade_id"":""3641c0b1-1aa1-5b0b-eeba-0706465efc94"",""yes_price_dollars"":""0.4900""}"
KXETH15M-26APR271530-30,cb8703be-a778-6d5a-2f4f-48078e860a08,1777317371,0.44,1.0,no,"{""count_fp"":""1.00"",""created_time"":""2026-04-27T19:16:11.310776Z"",""no_price_dollars"":""0.5600"",""taker_side"":""no"",""ticker"":""KXETH15M-26APR271530-30"",""trade_id"":""cb8703be-a778-6d5a-2f4f-48078e860a08"",""yes_price_dollars"":""0.4400""}"
KXETH15M-26APR271530-30,69608615-6aa1-634c-2ec2-39afc706355d,1777317371,0.43,7.37,no,"{""count_fp"":""7.37"",""created_time"":""2026-04-27T19:16:11.310776Z"",""no_price_dollars"":""0.5700"",""taker_side"":""no"",""ticker"":""KXETH15M-26APR271530-30"",""trade_id"":""69608615-6aa1-634c-2ec2-39afc706355d"",""yes_price_dollars"":""0.4300""}"
KXETH15M-26APR271530-30,ffb76c17-cd0d-4bdf-2617-7397faa72368,1777317376,0.41,1.0,no,"{""count_fp"":""1.00"",""created_time"":""2026-04-27T19:16:16.465243Z"",""no_price_dollars"":""0.5900"",""taker_side"":""no"",""ticker"":""KXETH15M-26APR271530-30"",""trade_id"":""ffb76c17-cd0d-4bdf-2617-7397faa72368"",""yes_price_dollars"":""0.4100""}"
KXETH15M-26APR271530-30,ef5f23ca-21d6-43cb-1229-3adee26b479b,1777317376,0.4,1.0,no,"{""count_fp"":""1.00"",""created_time"":""2026-04-27T19:16:16.465243Z"",""no_price_dollars"":""0.6000"",""taker_side"":""no"",""ticker"":""KXETH15M-26APR271530-30"",""trade_id"":""ef5f23ca-21d6-43cb-1229-3adee26b479b"",""yes_price_dollars"":""0.4000""}"
KXETH15M-26APR271530-30,ded30a62-02a2-4303-2b02-c4fde8e3f63a,1777317376,0.4,5.0,no,"{""count_fp"":""5.00"",""created_time"":""2026-04-27T19:16:16.465243Z"",""no_price_dollars"":""0.6000"",""taker_side"":""no"",""ticker"":""KXETH15M-26APR271530-30"",""trade_id"":""ded30a62-02a2-4303-2b02-c4fde8e3f63a"",""yes_price_dollars"":""0.4000""}"
KXETH15M-26APR271530-30,716184ab-08cb-49c6-1e70-8756f2b9995a,1777317376,0.41,9.51,no,"{""count_fp"":""9.51"",""created_time"":""2026-04-27T19:16:16.465243Z"",""no_price_dollars"":""0.5900"",""taker_side"":""no"",""ticker"":""KXETH15M-26APR271530-30"",""trade_id"":""716184ab-08cb-49c6-1e70-8756f2b9995a"",""yes_price_dollars"":""0.4100""}"
KXETH15M-26APR271530-30,3c5d43ba-7bca-4421-1e3a-57d29a17b241,1777317376,0.4,15.49,no,"{""count_fp"":""15.49"",""created_time"":""2026-04-27T19:16:16.465243Z"",""no_price_dollars"":""0.6000"",""taker_side"":""no"",""ticker"":""KXETH15M-26APR271530-30"",""trade_id"":""3c5d43ba-7bca-4421-1e3a-57d29a17b241"",""yes_price_dollars"":""0.4000""}"
KXETH15M-26APR271530-30,cd980953-ebe0-6729-06b7-4dab2e036312,1777317378,0.38,1.0,no,"{""count_fp"":""1.00"",""created_time"":""2026-04-27T19:16:18.524257Z"",""no_price_dollars"":""0.6200"",""taker_side"":""no"",""ticker"":""KXETH15M-26APR271530-30"",""trade_id"":""cd980953-ebe0-6729-06b7-4dab2e036312"",""yes_price_dollars"":""0.3800""}"
KXETH15M-26APR271530-30,9fa5ea5c-c395-6480-3086-dfbba908a520,1777317378,0.38,5.0,no,"{""count_fp"":""5.00"",""created_time"":""2026-04-27T19:16:18.524257Z"",""no_price_dollars"":""0.6200"",""taker_side"":""no"",""ticker"":""KXETH15M-26APR271530-30"",""trade_id"":""9fa5ea5c-c395-6480-3086-dfbba908a520"",""yes_price_dollars"":""0.3800""}"
KXETH15M-26APR271530-30,6d642f4c-ffee-6425-075f-a7db833779a9,1777317378,0.37,47.74,no,"{""count_fp"":""47.74"",""created_time"":""2026-04-27T19:16:18.524257Z"",""no_price_dollars"":""0.6300"",""taker_side"":""no"",""ticker"":""KXETH15M-26APR271530-30"",""trade_id"":""6d642f4c-ffee-6425-075f-a7db833779a9"",""yes_price_dollars"":""0.3700""}"
KXETH15M-26APR271530-30,15b91eb2-21b0-6a1f-3495-a48947bf2061,1777317378,0.38,10.26,no,"{""count_fp"":""10.26"",""created_time"":""2026-04-27T19:16:18.524257Z"",""no_price_dollars"":""0.6200"",""taker_side"":""no"",""ticker"":""KXETH15M-26APR271530-30"",""trade_id"":""15b91eb2-21b0-6a1f-3495-a48947bf2061"",""yes_price_dollars"":""0.3800""}"
KXETH15M-26APR271530-30,fbf3566f-1bcf-7b5b-d960-e8c1a60188ff,1777317380,0.39,10.0,yes,"{""count_fp"":""10.00"",""created_time"":""2026-04-27T19:16:20.242462Z"",""no_price_dollars"":""0.6100"",""taker_side"":""yes"",""ticker"":""KXETH15M-26APR271530-30"",""trade_id"":""fbf3566f-1bcf-7b5b-d960-e8c1a60188ff"",""yes_price_dollars"":""0.3900""}"
KXETH15M-26APR271530-30,42e84ace-3569-7c8c-c0d6-6039114a0acc,1777317380,0.4,30.0,yes,"{""count_fp"":""30.00"",""created_time"":""2026-04-27T19:16:20.242462Z"",""no_price_dollars"":""0.6000"",""taker_side"":""yes"",""ticker"":""KXETH15M-26APR271530-30"",""trade_id"":""42e84ace-3569-7c8c-c0d6-6039114a0acc"",""yes_price_dollars"":""0.4000""}"
KXETH15M-26APR271530-30,452f6bc8-ed3e-7de6-e1bb-07bd73bada72,1777317381,0.4,1.0,no,"{""count_fp"":""1.00"",""created_time"":""2026-04-27T19:16:21.882512Z"",""no_price_dollars"":""0.6000"",""taker_side"":""no"",""ticker"":""KXETH15M-26APR271530-30"",""trade_id"":""452f6bc8-ed3e-7de6-e1bb-07bd73bada72"",""yes_price_dollars"":""0.4000""}"
KXETH15M-26APR271530-30,62dba5a1-4cff-567e-10ba-2cdfa9d66b66,1777317382,0.39,1.0,no,"{""count_fp"":""1.00"",""created_time"":""2026-04-27T19:16:22.525045Z"",""no_price_dollars"":""0.6100"",""taker_side"":""no"",""ticker"":""KXETH15M-26APR271530-30"",""trade_id"":""62dba5a1-4cff-567e-10ba-2cdfa9d66b66"",""yes_price_dollars"":""0.3900""}"
KXETH15M-26APR271530-30,57103028-8254-5a8c-2c40-1dfbaf6f6f16,1777317382,0.39,45.68,no,"{""count_fp"":""45.68"",""created_time"":""2026-04-27T19:16:22.525045Z"",""no_price_dollars"":""0.6100"",""taker_side"":""no"",""ticker"":""KXETH15M-26APR271530-30"",""trade_id"":""57103028-8254-5a8c-2c40-1dfbaf6f6f16"",""yes_price_dollars"":""0.3900""}"
KXETH15M-26APR271530-30,7649b6c7-4ad8-7d00-76f1-f48310153d82,1777317384,0.39,3.19,no,"{""count_fp"":""3.19"",""created_time"":""2026-04-27T19:16:24.723652Z"",""no_price_dollars"":""0.6100"",""taker_side"":""no"",""ticker"":""KXETH15M-26APR271530-30"",""trade_id"":""7649b6c7-4ad8-7d00-76f1-f48310153d82"",""yes_price_dollars"":""0.3900""}"
KXETH15M-26APR271530-30,e3789ad6-0830-47d4-570f-b14f6f7e1b46,1777317385,0.39,42.0,no,"{""count_fp"":""42.00"",""created_time"":""2026-04-27T19:16:25.745257Z"",""no_price_dollars"":""0.6100"",""taker_side"":""no"",""ticker"":""KXETH15M-26APR271530-30"",""trade_id"":""e3789ad6-0830-47d4-570f-b14f6f7e1b46"",""yes_price_dollars"":""0.3900""}"
KXETH15M-26APR271530-30,be1c8ea1-dd15-67b4-3384-5f2cbd04d66c,1777317393,0.43,97.13,yes,"{""count_fp"":""97.13"",""created_time"":""2026-04-27T19:16:33.775589Z"",""no_price_dollars"":""0.5700"",""taker_side"":""yes"",""ticker"":""KXETH15M-26APR271530-30"",""trade_id"":""be1c8ea1-dd15-67b4-3384-5f2cbd04d66c"",""yes_price_dollars"":""0.4300""}"
KXETH15M-26APR271530-30,4fd1c7ae-95b4-607b-0b08-e2609ace6114,1777317393,0.43,2.0,yes,"{""count_fp"":""2.00"",""created_time"":""2026-04-27T19:16:33.775589Z"",""no_price_dollars"":""0.5700"",""taker_side"":""yes"",""ticker"":""KXETH15M-26APR271530-30"",""trade_id"":""4fd1c7ae-95b4-607b-0b08-e2609ace6114"",""yes_price_dollars"":""0.4300""}"
KXETH15M-26APR271530-30,323341aa-9865-669e-328c-888eeea0b0fe,1777317393,0.42,10.0,yes,"{""count_fp"":""10.00"",""created_time"":""2026-04-27T19:16:33.775589Z"",""no_price_dollars"":""0.5800"",""taker_side"":""yes"",""ticker"":""KXETH15M-26APR271530-30"",""trade_id"":""323341aa-9865-669e-328c-888eeea0b0fe"",""yes_price_dollars"":""0.4200""}"
KXETH15M-26APR271530-30,85b8d2d1-5bf2-41e5-3924-710cf6908f0d,1777317395,0.4,100.0,no,"{""count_fp"":""100.00"",""created_time"":""2026-04-27T19:16:35.249913Z"",""no_price_dollars"":""0.6000"",""taker_side"":""no"",""ticker"":""KXETH15M-26APR271530-30"",""trade_id"":""85b8d2d1-5bf2-41e5-3924-710cf6908f0d"",""yes_price_dollars"":""0.4000""}"
KXETH15M-26APR271530-30,b218e872-7880-7367-f286-a5e281ab1eeb,1777317401,0.49,6.49,yes,"{""count_fp"":""6.49"",""created_time"":""2026-04-27T19:16:41.487838Z"",""no_price_dollars"":""0.5100"",""taker_side"":""yes"",""ticker"":""KXETH15M-26APR271530-30"",""trade_id"":""b218e872-7880-7367-f286-a5e281ab1eeb"",""yes_price_dollars"":""0.4900""}"
KXETH15M-26APR271530-30,aafd1fe9-a31c-72fa-d0e1-53c91004a64a,1777317401,0.46,100.0,yes,"{""count_fp"":""100.00"",""created_time"":""2026-04-27T19:16:41.487838Z"",""no_price_dollars"":""0.5400"",""taker_side"":""yes"",""ticker"":""KXETH15M-26APR271530-30"",""trade_id"":""aafd1fe9-a31c-72fa-d0e1-53c91004a64a"",""yes_price_dollars"":""0.4600""}"
KXETH15M-26APR271530-30,58f50179-146d-7746-cffe-0af57dbf97eb,1777317401,0.46,10.0,yes,"{""count_fp"":""10.00"",""created_time"":""2026-04-27T19:16:41.487838Z"",""no_price_dollars"":""0.5400"",""taker_side"":""yes"",""ticker"":""KXETH15M-26APR271530-30"",""trade_id"":""58f50179-146d-7746-cffe-0af57dbf97eb"",""yes_price_dollars"":""0.4600""}"
KXETH15M-26APR271530-30,4ec79074-942f-7d3f-c2ab-4e99ab1ead91,1777317401,0.48,33.0,yes,"{""count_fp"":""33.00"",""created_time"":""2026-04-27T19:16:41.487838Z"",""no_price_dollars"":""0.5200"",""taker_side"":""yes"",""ticker"":""KXETH15M-26APR271530-30"",""trade_id"":""4ec79074-942f-7d3f-c2ab-4e99ab1ead91"",""yes_price_dollars"":""0.4800""}"
KXETH15M-26APR271530-30,47be776a-a7b8-7437-dbdc-086058c4f824,1777317401,0.46,1.0,yes,"{""count_fp"":""1.00"",""created_time"":""2026-04-27T19:16:41.487838Z"",""no_price_dollars"":""0.5400"",""taker_side"":""yes"",""ticker"":""KXETH15M-26APR271530-30"",""trade_id"":""47be776a-a7b8-7437-dbdc-086058c4f824"",""yes_price_dollars"":""0.4600""}"
KXETH15M-26APR271530-30,095b8c73-b7c9-7a91-c86b-b2e8e4e33d2c,1777317401,0.43,2.0,yes,"{""count_fp"":""2.00"",""created_time"":""2026-04-27T19:16:41.487838Z"",""no_price_dollars"":""0.5700"",""taker_side"":""yes"",""ticker"":""KXETH15M-26APR271530-30"",""trade_id"":""095b8c73-b7c9-7a91-c86b-b2e8e4e33d2c"",""yes_price_dollars"":""0.4300""}"
KXETH15M-26APR271530-30,65de1407-05f4-6467-6c82-ae6fc951348a,1777317404,0.46,1.0,yes,"{""count_fp"":""1.00"",""created_time"":""2026-04-27T19:16:44.051983Z"",""no_price_dollars"":""0.5400"",""taker_side"":""yes"",""ticker"":""KXETH15M-26APR271530-30"",""trade_id"":""65de1407-05f4-6467-6c82-ae6fc951348a"",""yes_price_dollars"":""0.4600""}"
KXETH15M-26APR271530-30,2bd8f761-d79e-620b-51f9-5994a7a73da1,1777317404,0.46,1.0,yes,"{""count_fp"":""1.00"",""created_time"":""2026-04-27T19:16:44.051983Z"",""no_price_dollars"":""0.5400"",""taker_side"":""yes"",""ticker"":""KXETH15M-26APR271530-30"",""trade_id"":""2bd8f761-d79e-620b-51f9-5994a7a73da1"",""yes_price_dollars"":""0.4600""}"
KXETH15M-26APR271530-30,1e1dc0d1-69ab-6f9b-4c61-8e8d27283a46,1777317407,0.43,1.0,no,"{""count_fp"":""1.00"",""created_time"":""2026-04-27T19:16:47.812373Z"",""no_price_dollars"":""0.5700"",""taker_side"":""no"",""ticker"":""KXETH15M-26APR271530-30"",""trade_id"":""1e1dc0d1-69ab-6f9b-4c61-8e8d27283a46"",""yes_price_dollars"":""0.4300""}"
KXETH15M-26APR271530-30,b7c1ddcc-5948-7b0b-f5e1-9b74b8569b78,1777317407,0.46,0.21,yes,"{""count_fp"":""0.21"",""created_time"":""2026-04-27T19:16:47.481215Z"",""no_price_dollars"":""0.5400"",""taker_side"":""yes"",""ticker"":""KXETH15M-26APR271530-30"",""trade_id"":""b7c1ddcc-5948-7b0b-f5e1-9b74b8569b78"",""yes_price_dollars"":""0.4600""}"
KXETH15M-26APR271530-30,94701834-5282-5249-9742-3692ce9b0025,1777317424,0.42,2.0,yes,"{""count_fp"":""2.00"",""created_time"":""2026-04-27T19:17:04.586301Z"",""no_price_dollars"":""0.5800"",""taker_side"":""yes"",""ticker"":""KXETH15M-26APR271530-30"",""trade_id"":""94701834-5282-5249-9742-3692ce9b0025"",""yes_price_dollars"":""0.4200""}"
KXETH15M-26APR271530-30,826d65e4-7b53-5913-a6df-73f95a38c676,1777317424,0.42,10.0,yes,"{""count_fp"":""10.00"",""created_time"":""2026-04-27T19:17:04.586301Z"",""no_price_dollars"":""0.5800"",""taker_side"":""yes"",""ticker"":""KXETH15M-26APR271530-30"",""trade_id"":""826d65e4-7b53-5913-a6df-73f95a38c676"",""yes_price_dollars"":""0.4200""}"
KXETH15M-26APR271530-30,51688612-7c10-43ed-35a3-403594ad9f8a,1777317428,0.46,1.0,no,"{""count_fp"":""1.00"",""created_time"":""2026-04-27T19:17:08.096651Z"",""no_price_dollars"":""0.5400"",""taker_side"":""no"",""ticker"":""KXETH15M-26APR271530-30"",""trade_id"":""51688612-7c10-43ed-35a3-403594ad9f8a"",""yes_price_dollars"":""0.4600""}"
KXETH15M-26APR271530-30,c8fc0bd4-60cc-619c-d556-4dc7207c3c68,1777317430,0.5,10.0,yes,"{""count_fp"":""10.00"",""created_time"":""2026-04-27T19:17:10.825327Z"",""no_price_dollars"":""0.5000"",""taker_side"":""yes"",""ticker"":""KXETH15M-26APR271530-30"",""trade_id"":""c8fc0bd4-60cc-619c-d556-4dc7207c3c68"",""yes_price_dollars"":""0.5000""}"
KXETH15M-26APR271530-30,c3ca9b20-ebe6-6dea-d206-343475af0840,1777317430,0.49,1.0,yes,"{""count_fp"":""1.00"",""created_time"":""2026-04-27T19:17:10.825327Z"",""no_price_dollars"":""0.5100"",""taker_side"":""yes"",""ticker"":""KXETH15M-26APR271530-30"",""trade_id"":""c3ca9b20-ebe6-6dea-d206-343475af0840"",""yes_price_dollars"":""0.4900""}"
KXETH15M-26APR271530-30,a6b595d6-2cc1-6832-e129-803a2ee00c64,1777317430,0.5,24.0,yes,"{""count_fp"":""24.00"",""created_time"":""2026-04-27T19:17:10.825327Z"",""no_price_dollars"":""0.5000"",""taker_side"":""yes"",""ticker"":""KXETH15M-26APR271530-30"",""trade_id"":""a6b595d6-2cc1-6832-e129-803a2ee00c64"",""yes_price_dollars"":""0.5000""}"
KXETH15M-26APR271530-30,60bbc253-d80c-6077-d844-275b2f6efe1a,1777317430,0.5,5.59,yes,"{""count_fp"":""5.59"",""created_time"":""2026-04-27T19:17:10.825327Z"",""no_price_dollars"":""0.5000"",""taker_side"":""yes"",""ticker"":""KXETH15M-26APR271530-30"",""trade_id"":""60bbc253-d80c-6077-d844-275b2f6efe1a"",""yes_price_dollars"":""0.5000""}"
KXETH15M-26APR271530-30,df4113e1-862c-6293-d6a1-f0df0c17e476,1777317433,0.45,19.35,yes,"{""count_fp"":""19.35"",""created_time"":""2026-04-27T19:17:13.965109Z"",""no_price_dollars"":""0.5500"",""taker_side"":""yes"",""ticker"":""KXETH15M-26APR271530-30"",""trade_id"":""df4113e1-862c-6293-d6a1-f0df0c17e476"",""yes_price_dollars"":""0.4500""}"
KXETH15M-26APR271530-30,f3d2264f-8b70-6262-d9b0-305f9e290b1f,1777317436,0.43,5.03,no,"{""count_fp"":""5.03"",""created_time"":""2026-04-27T19:17:16.001899Z"",""no_price_dollars"":""0.5700"",""taker_side"":""no"",""ticker"":""KXETH15M-26APR271530-30"",""trade_id"":""f3d2264f-8b70-6262-d9b0-305f9e290b1f"",""yes_price_dollars"":""0.4300""}"
KXETH15M-26APR271530-30,639648b8-9c29-67e2-ec21-1b329470cfb2,1777317436,0.43,10.0,no,"{""count_fp"":""10.00"",""created_time"":""2026-04-27T19:17:16.001899Z"",""no_price_dollars"":""0.5700"",""taker_side"":""no"",""ticker"":""KXETH15M-26APR271530-30"",""trade_id"":""639648b8-9c29-67e2-ec21-1b329470cfb2"",""yes_price_dollars"":""0.4300""}"
KXETH15M-26APR271530-30,4b045048-dfe8-68d6-eb2a-44a13e6869f8,1777317436,0.43,2.0,no,"{""count_fp"":""2.00"",""created_time"":""2026-04-27T19:17:16.001899Z"",""no_price_dollars"":""0.5700"",""taker_side"":""no"",""ticker"":""KXETH15M-26APR271530-30"",""trade_id"":""4b045048-dfe8-68d6-eb2a-44a13e6869f8"",""yes_price_dollars"":""0.4300""}"
KXETH15M-26APR271530-30,d0facff0-36c7-4229-f2ed-206a81844b84,1777317442,0.46,1.0,yes,"{""count_fp"":""1.00"",""created_time"":""2026-04-27T19:17:22.304654Z"",""no_price_dollars"":""0.5400"",""taker_side"":""yes"",""ticker"":""KXETH15M-26APR271530-30"",""trade_id"":""d0facff0-36c7-4229-f2ed-206a81844b84"",""yes_price_dollars"":""0.4600""}"
KXETH15M-26APR271530-30,8d3a645f-a4bf-4f02-da8c-f24a73853011,1777317442,0.45,2.0,yes,"{""count_fp"":""2.00"",""created_time"":""2026-04-27T19:17:22.304654Z"",""no_price_dollars"":""0.5500"",""taker_side"":""yes"",""ticker"":""KXETH15M-26APR271530-30"",""trade_id"":""8d3a645f-a4bf-4f02-da8c-f24a73853011"",""yes_price_dollars"":""0.4500""}"
KXETH15M-26APR271530-30,0d58400e-adb8-4093-c8fb-617d3b269626,1777317442,0.46,59.52,yes,"{""count_fp"":""59.52"",""created_time"":""2026-04-27T19:17:22.304654Z"",""no_price_dollars"":""0.5400"",""taker_side"":""yes"",""ticker"":""KXETH15M-26APR271530-30"",""trade_id"":""0d58400e-adb8-4093-c8fb-617d3b269626"",""yes_price_dollars"":""0.4600""}"
KXETH15M-26APR271530-30,eed2ca86-6388-7eaf-3281-e3d7045b68aa,1777317443,0.45,2.12,yes,"{""count_fp"":""2.12"",""created_time"":""2026-04-27T19:17:23.409976Z"",""no_price_dollars"":""0.5500"",""taker_side"":""yes"",""ticker"":""KXETH15M-26APR271530-30"",""trade_id"":""eed2ca86-6388-7eaf-3281-e3d7045b68aa"",""yes_price_dollars"":""0.4500""}"
KXETH15M-26APR271530-30,f4db04a7-bcd8-6b64-067d-5f549d31ddab,1777317446,0.48,4.0,yes,"{""count_fp"":""4.00"",""created_time"":""2026-04-27T19:17:26.974483Z"",""no_price_dollars"":""0.5200"",""taker_side"":""yes"",""ticker"":""KXETH15M-26APR271530-30"",""trade_id"":""f4db04a7-bcd8-6b64-067d-5f549d31ddab"",""yes_price_dollars"":""0.4800""}"
KXETH15M-26APR271530-30,e1969e31-5934-6cc3-37fa-c487126321dd,1777317446,0.48,1.0,yes,"{""count_fp"":""1.00"",""created_time"":""2026-04-27T19:17:26.974483Z"",""no_price_dollars"":""0.5200"",""taker_side"":""yes"",""ticker"":""KXETH15M-26APR271530-30"",""trade_id"":""e1969e31-5934-6cc3-37fa-c487126321dd"",""yes_price_dollars"":""0.4800""}"
KXETH15M-26APR271530-30,f16488a6-19e8-4ca7-d9ca-ace3441bc6b2,1777317454,0.49,4.92,yes,"{""count_fp"":""4.92"",""created_time"":""2026-04-27T19:17:34.201623Z"",""no_price_dollars"":""0.5100"",""taker_side"":""yes"",""ticker"":""KXETH15M-26APR271530-30"",""trade_id"":""f16488a6-19e8-4ca7-d9ca-ace3441bc6b2"",""yes_price_dollars"":""0.4900""}"
KXETH15M-26APR271530-30,0429ca5e-654e-432f-c46a-23020d18283e,1777317454,0.48,1.0,yes,"{""count_fp"":""1.00"",""created_time"":""2026-04-27T19:17:34.201623Z"",""no_price_dollars"":""0.5200"",""taker_side"":""yes"",""ticker"":""KXETH15M-26APR271530-30"",""trade_id"":""0429ca5e-654e-432f-c46a-23020d18283e"",""yes_price_dollars"":""0.4800""}"
KXETH15M-26APR271530-30,592f35ca-f484-42f7-495f-3f8d9bde787e,1777317458,0.48,9.67,yes,"{""count_fp"":""9.67"",""created_time"":""2026-04-27T19:17:38.825003Z"",""no_price_dollars"":""0.5200"",""taker_side"":""yes"",""ticker"":""KXETH15M-26APR271530-30"",""trade_id"":""592f35ca-f484-42f7-495f-3f8d9bde787e"",""yes_price_dollars"":""0.4800""}"
KXETH15M-26APR271530-30,f53788d6-a77c-4fc7-ad88-b8e6d63d686a,1777317461,0.47,19.15,yes,"{""count_fp"":""19.15"",""created_time"":""2026-04-27T19:17:41.565584Z"",""no_price_dollars"":""0.5300"",""taker_side"":""yes"",""ticker"":""KXETH15M-26APR271530-30"",""trade_id"":""f53788d6-a77c-4fc7-ad88-b8e6d63d686a"",""yes_price_dollars"":""0.4700""}"
KXETH15M-26APR271530-30,b3837f45-a710-4c46-bf95-883307e0a9ad,1777317461,0.47,10.0,yes,"{""count_fp"":""10.00"",""created_time"":""2026-04-27T19:17:41.565584Z"",""no_price_dollars"":""0.5300"",""taker_side"":""yes"",""ticker"":""KXETH15M-26APR271530-30"",""trade_id"":""b3837f45-a710-4c46-bf95-883307e0a9ad"",""yes_price_dollars"":""0.4700""}"
KXETH15M-26APR271530-30,452ffabb-b8aa-4fec-a0f5-e9513a2d24e0,1777317461,0.47,1.0,yes,"{""count_fp"":""1.00"",""created_time"":""2026-04-27T19:17:41.565584Z"",""no_price_dollars"":""0.5300"",""taker_side"":""yes"",""ticker"":""KXETH15M-26APR271530-30"",""trade_id"":""452ffabb-b8aa-4fec-a0f5-e9513a2d24e0"",""yes_price_dollars"":""0.4700""}"
KXETH15M-26APR271530-30,7fad6765-773f-7030-8443-6dd9edd3af19,1777317465,0.46,8.97,no,"{""count_fp"":""8.97"",""created_time"":""2026-04-27T19:17:45.849996Z"",""no_price_dollars"":""0.5400"",""taker_side"":""no"",""ticker"":""KXETH15M-26APR271530-30"",""trade_id"":""7fad6765-773f-7030-8443-6dd9edd3af19"",""yes_price_dollars"":""0.4600""}"
KXETH15M-26APR271530-30,3f1c885e-48c2-7e49-f5c2-7d7dd9ceb650,1777317467,0.48,0.2,yes,"{""count_fp"":""0.20"",""created_time"":""2026-04-27T19:17:47.400083Z"",""no_price_dollars"":""0.5200"",""taker_side"":""yes"",""ticker"":""KXETH15M-26APR271530-30"",""trade_id"":""3f1c885e-48c2-7e49-f5c2-7d7dd9ceb650"",""yes_price_dollars"":""0.4800""}"
KXETH15M-26APR271530-30,e223b978-7efb-4258-5902-7fd49b09f091,1777317469,0.46,1.79,no,"{""count_fp"":""1.79"",""created_time"":""2026-04-27T19:17:49.855622Z"",""no_price_dollars"":""0.5400"",""taker_side"":""no"",""ticker"":""KXETH15M-26APR271530-30"",""trade_id"":""e223b978-7efb-4258-5902-7fd49b09f091"",""yes_price_dollars"":""0.4600""}"
KXETH15M-26APR271530-30,bb4398c1-4852-4d76-f765-5a61027c64db,1777317470,0.45,12.0,no,"{""count_fp"":""12.00"",""created_time"":""2026-04-27T19:17:50.677526Z"",""no_price_dollars"":""0.5500"",""taker_side"":""no"",""ticker"":""KXETH15M-26APR271530-30"",""trade_id"":""bb4398c1-4852-4d76-f765-5a61027c64db"",""yes_price_dollars"":""0.4500""}"
KXETH15M-26APR271530-30,80e49a2b-ff49-4425-f4bd-0884775b03e6,1777317470,0.46,0.24,no,"{""count_fp"":""0.24"",""created_time"":""2026-04-27T19:17:50.638797Z"",""no_price_dollars"":""0.5400"",""taker_side"":""no"",""ticker"":""KXETH15M-26APR271530-30"",""trade_id"":""80e49a2b-ff49-4425-f4bd-0884775b03e6"",""yes_price_dollars"":""0.4600""}"
KXETH15M-26APR271530-30,a81ab188-8bfb-5d90-0143-509d773c8671,1777317470,0.46,35.24,no,"{""count_fp"":""35.24"",""created_time"":""2026-04-27T19:17:50.623395Z"",""no_price_dollars"":""0.5400"",""taker_side"":""no"",""ticker"":""KXETH15M-26APR271530-30"",""trade_id"":""a81ab188-8bfb-5d90-0143-509d773c8671"",""yes_price_dollars"":""0.4600""}"
KXETH15M-26APR271530-30,1336e09e-aa29-5ccd-183a-8d4bb55fad06,1777317470,0.46,45.76,no,"{""count_fp"":""45.76"",""created_time"":""2026-04-27T19:17:50.623395Z"",""no_price_dollars"":""0.5400"",""taker_side"":""no"",""ticker"":""KXETH15M-26APR271530-30"",""trade_id"":""1336e09e-aa29-5ccd-183a-8d4bb55fad06"",""yes_price_dollars"":""0.4600""}"
KXETH15M-26APR271530-30,71df8a84-6c6f-7d91-be76-30147700a828,1777317474,0.42,40.0,yes,"{""count_fp"":""40.00"",""created_time"":""2026-04-27T19:17:54.493624Z"",""no_price_dollars"":""0.5800"",""taker_side"":""yes"",""ticker"":""KXETH15M-26APR271530-30"",""trade_id"":""71df8a84-6c6f-7d91-be76-30147700a828"",""yes_price_dollars"":""0.4200""}"
KXETH15M-26APR271530-30,d1b36885-e6b6-59ad-7b7b-83ff85577ac8,1777317479,0.37,6.0,no,"{""count_fp"":""6.00"",""created_time"":""2026-04-27T19:17:59.640424Z"",""no_price_dollars"":""0.6300"",""taker_side"":""no"",""ticker"":""KXETH15M-26APR271530-30"",""trade_id"":""d1b36885-e6b6-59ad-7b7b-83ff85577ac8"",""yes_price_dollars"":""0.3700""}"
KXETH15M-26APR271530-30,2d5d16f3-9067-5cd7-5baf-aeb69636bac3,1777317479,0.39,1.0,no,"{""count_fp"":""1.00"",""created_time"":""2026-04-27T19:17:59.640424Z"",""no_price_dollars"":""0.6100"",""taker_side"":""no"",""ticker"":""KXETH15M-26APR271530-30"",""trade_id"":""2d5d16f3-9067-5cd7-5baf-aeb69636bac3"",""yes_price_dollars"":""0.3900""}"
KXETH15M-26APR271530-30,075e196f-15b5-56b0-1304-02d77f33927b,1777317479,0.39,1.0,no,"{""count_fp"":""1.00"",""created_time"":""2026-04-27T19:17:59.479464Z"",""no_price_dollars"":""0.6100"",""taker_side"":""no"",""ticker"":""KXETH15M-26APR271530-30"",""trade_id"":""075e196f-15b5-56b0-1304-02d77f33927b"",""yes_price_dollars"":""0.3900""}"
KXETH15M-26APR271530-30,bb7a0fa0-ce6f-722d-c427-e2956ac62a13,1777317487,0.41,2.0,yes,"{""count_fp"":""2.00"",""created_time"":""2026-04-27T19:18:07.378165Z"",""no_price_dollars"":""0.5900"",""taker_side"":""yes"",""ticker"":""KXETH15M-26APR271530-30"",""trade_id"":""bb7a0fa0-ce6f-722d-c427-e2956ac62a13"",""yes_price_dollars"":""0.4100""}"
KXETH15M-26APR271530-30,b0d21bfb-09e5-703a-ff26-9ff6d73f62ec,1777317487,0.41,2.0,yes,"{""count_fp"":""2.00"",""created_time"":""2026-04-27T19:18:07.378165Z"",""no_price_dollars"":""0.5900"",""taker_side"":""yes"",""ticker"":""KXETH15M-26APR271530-30"",""trade_id"":""b0d21bfb-09e5-703a-ff26-9ff6d73f62ec"",""yes_price_dollars"":""0.4100""}"
KXETH15M-26APR271530-30,4308cfe6-0c0f-7dfd-c107-fb45587f1a88,1777317487,0.43,1.0,yes,"{""count_fp"":""1.00"",""created_time"":""2026-04-27T19:18:07.378165Z"",""no_price_dollars"":""0.5700"",""taker_side"":""yes"",""ticker"":""KXETH15M-26APR271530-30"",""trade_id"":""4308cfe6-0c0f-7dfd-c107-fb45587f1a88"",""yes_price_dollars"":""0.4300""}"
KXETH15M-26APR271530-30,af7c1cee-2ff1-6d55-eb82-5ece85a8268d,1777317490,0.4,1.0,no,"{""count_fp"":""1.00"",""created_time"":""2026-04-27T19:18:10.957385Z"",""no_price_dollars"":""0.6000"",""taker_side"":""no"",""ticker"":""KXETH15M-26APR271530-30"",""trade_id"":""af7c1cee-2ff1-6d55-eb82-5ece85a8268d"",""yes_price_dollars"":""0.4000""}"
KXETH15M-26APR271530-30,a5c6e4c9-784e-7164-89b5-a3c11ad14a46,1777317493,0.38,4.56,no,"{""count_fp"":""4.56"",""created_time"":""2026-04-27T19:18:13.671949Z"",""no_price_dollars"":""0.6200"",""taker_side"":""no"",""ticker"":""KXETH15M-26APR271530-30"",""trade_id"":""a5c6e4c9-784e-7164-89b5-a3c11ad14a46"",""yes_price_dollars"":""0.3800""}"
KXETH15M-26APR271530-30,67c04414-6592-75ee-a173-73eecd879394,1777317493,0.38,1.0,no,"{""count_fp"":""1.00"",""created_time"":""2026-04-27T19:18:13.671949Z"",""no_price_dollars"":""0.6200"",""taker_side"":""no"",""ticker"":""KXETH15M-26APR271530-30"",""trade_id"":""67c04414-6592-75ee-a173-73eecd879394"",""yes_price_dollars"":""0.3800""}"
KXETH15M-26APR271530-30,45500a92-986b-7e69-aa0f-94748d69c01c,1777317493,0.38,10.0,no,"{""count_fp"":""10.00"",""created_time"":""2026-04-27T19:18:13.671949Z"",""no_price_dollars"":""0.6200"",""taker_side"":""no"",""ticker"":""KXETH15M-26APR271530-30"",""trade_id"":""45500a92-986b-7e69-aa0f-94748d69c01c"",""yes_price_dollars"":""0.3800""}"
KXETH15M-26APR271530-30,f7d603a2-2577-7ffe-b713-051ab06c1f9d,1777317495,0.41,4.68,yes,"{""count_fp"":""4.68"",""created_time"":""2026-04-27T19:18:15.688741Z"",""no_price_dollars"":""0.5900"",""taker_side"":""yes"",""ticker"":""KXETH15M-26APR271530-30"",""trade_id"":""f7d603a2-2577-7ffe-b713-051ab06c1f9d"",""yes_price_dollars"":""0.4100""}"
KXETH15M-26APR271530-30,d203b18e-c6d0-7ff3-1778-c32aaaed3217,1777317498,0.42,53.51,yes,"{""count_fp"":""53.51"",""created_time"":""2026-04-27T19:18:18.071116Z"",""no_price_dollars"":""0.5800"",""taker_side"":""yes"",""ticker"":""KXETH15M-26APR271530-30"",""trade_id"":""d203b18e-c6d0-7ff3-1778-c32aaaed3217"",""yes_price_dollars"":""0.4200""}"
KXETH15M-26APR271530-30,c9ecd539-6f66-77e1-3f3b-5a3d9ec0c44c,1777317498,0.43,13.53,yes,"{""count_fp"":""13.53"",""created_time"":""2026-04-27T19:18:18.071116Z"",""no_price_dollars"":""0.5700"",""taker_side"":""yes"",""ticker"":""KXETH15M-26APR271530-30"",""trade_id"":""c9ecd539-6f66-77e1-3f3b-5a3d9ec0c44c"",""yes_price_dollars"":""0.4300""}"
KXETH15M-26APR271530-30,58c943ea-29ba-7e5a-1938-863a3a20498a,1777317498,0.41,10.0,yes,"{""count_fp"":""10.00"",""created_time"":""2026-04-27T19:18:18.071116Z"",""no_price_dollars"":""0.5900"",""taker_side"":""yes"",""ticker"":""KXETH15M-26APR271530-30"",""trade_id"":""58c943ea-29ba-7e5a-1938-863a3a20498a"",""yes_price_dollars"":""0.4100""}"
KXETH15M-26APR271530-30,57de04ac-8b4f-70f5-39e7-dbdedd741c88,1777317498,0.41,100.0,yes,"{""count_fp"":""100.00"",""created_time"":""2026-04-27T19:18:18.071116Z"",""no_price_dollars"":""0.5900"",""taker_side"":""yes"",""ticker"":""KXETH15M-26APR271530-30"",""trade_id"":""57de04ac-8b4f-70f5-39e7-dbdedd741c88"",""yes_price_dollars"":""0.4100""}"
KXETH15M-26APR271530-30,bc229e3a-ef2a-6f55-ee3d-193d49faa691,1777317500,0.37,34.33,no,"{""count_fp"":""34.33"",""created_time"":""2026-04-27T19:18:20.049641Z"",""no_price_dollars"":""0.6300"",""taker_side"":""no"",""ticker"":""KXETH15M-26APR271530-30"",""trade_id"":""bc229e3a-ef2a-6f55-ee3d-193d49faa691"",""yes_price_dollars"":""0.3700""}"
KXETH15M-26APR271530-30,a2fa4e6d-3c81-67eb-f033-7282b04231e7,1777317500,0.38,10.26,no,"{""count_fp"":""10.26"",""created_time"":""2026-04-27T19:18:20.049641Z"",""no_price_dollars"":""0.6200"",""taker_side"":""no"",""ticker"":""KXETH15M-26APR271530-30"",""trade_id"":""a2fa4e6d-3c81-67eb-f033-7282b04231e7"",""yes_price_dollars"":""0.3800""}"
KXETH15M-26APR271530-30,99cfa860-8ff3-6be2-e952-c95a09ff5fca,1777317500,0.38,1.0,no,"{""count_fp"":""1.00"",""created_time"":""2026-04-27T19:18:20.049641Z"",""no_price_dollars"":""0.6200"",""taker_side"":""no"",""ticker"":""KXETH15M-26APR271530-30"",""trade_id"":""99cfa860-8ff3-6be2-e952-c95a09ff5fca"",""yes_price_dollars"":""0.3800""}"
KXETH15M-26APR271530-30,792d84c8-0227-6293-ceb9-a2d0333648c9,1777317500,0.38,2.0,no,"{""count_fp"":""2.00"",""created_time"":""2026-04-27T19:18:20.049641Z"",""no_price_dollars"":""0.6200"",""taker_side"":""no"",""ticker"":""KXETH15M-26APR271530-30"",""trade_id"":""792d84c8-0227-6293-ceb9-a2d0333648c9"",""yes_price_dollars"":""0.3800""}"
KXETH15M-26APR271530-30,3b61ce79-ab17-62c1-d07e-510ccd1bcfbb,1777317500,0.38,10.0,no,"{""count_fp"":""10.00"",""created_time"":""2026-04-27T19:18:20.049641Z"",""no_price_dollars"":""0.6200"",""taker_side"":""no"",""ticker"":""KXETH15M-26APR271530-30"",""trade_id"":""3b61ce79-ab17-62c1-d07e-510ccd1bcfbb"",""yes_price_dollars"":""0.3800""}"
KXETH15M-26APR271530-30,d6a458d5-5462-5296-14c0-086417cf38cf,1777317505,0.4,2.0,yes,"{""count_fp"":""2.00"",""created_time"":""2026-04-27T19:18:25.010049Z"",""no_price_dollars"":""0.6000"",""taker_side"":""yes"",""ticker"":""KXETH15M-26APR271530-30"",""trade_id"":""d6a458d5-5462-5296-14c0-086417cf38cf"",""yes_price_dollars"":""0.4000""}"
KXETH15M-26APR271530-30,4a6a3994-b875-5964-257b-7d7efdadf133,1777317505,0.41,3.0,yes,"{""count_fp"":""3.00"",""created_time"":""2026-04-27T19:18:25.010049Z"",""no_price_dollars"":""0.5900"",""taker_side"":""yes"",""ticker"":""KXETH15M-26APR271530-30"",""trade_id"":""4a6a3994-b875-5964-257b-7d7efdadf133"",""yes_price_dollars"":""0.4100""}"
KXETH15M-26APR271530-30,1461cc38-bcf8-4431-18e6-e61db3a6965f,1777317509,0.4,11.44,yes,"{""count_fp"":""11.44"",""created_time"":""2026-04-27T19:18:29.889592Z"",""no_price_dollars"":""0.6000"",""taker_side"":""yes"",""ticker"":""KXETH15M-26APR271530-30"",""trade_id"":""1461cc38-bcf8-4431-18e6-e61db3a6965f"",""yes_price_dollars"":""0.4000""}"
KXETH15M-26APR271530-30,d5fca3fb-d31a-65d4-fde8-c59607da4ba1,1777317512,0.37,2.0,no,"{""count_fp"":""2.00"",""created_time"":""2026-04-27T19:18:32.212319Z"",""no_price_dollars"":""0.6300"",""taker_side"":""no"",""ticker"":""KXETH15M-26APR271530-30"",""trade_id"":""d5fca3fb-d31a-65d4-fde8-c59607da4ba1"",""yes_price_dollars"":""0.3700""}"
KXETH15M-26APR271530-30,7832229d-2921-624d-c7b8-3530793e62ba,1777317512,0.37,2.0,no,"{""count_fp"":""2.00"",""created_time"":""2026-04-27T19:18:32.212319Z"",""no_price_dollars"":""0.6300"",""taker_side"":""no"",""ticker"":""KXETH15M-26APR271530-30"",""trade_id"":""7832229d-2921-624d-c7b8-3530793e62ba"",""yes_price_dollars"":""0.3700""}"
KXETH15M-26APR271530-30,6892cab9-30b4-6615-f91b-7ccfd53cd40a,1777317512,0.37,1.0,no,"{""count_fp"":""1.00"",""created_time"":""2026-04-27T19:18:32.212319Z"",""no_price_dollars"":""0.6300"",""taker_side"":""no"",""ticker"":""KXETH15M-26APR271530-30"",""trade_id"":""6892cab9-30b4-6615-f91b-7ccfd53cd40a"",""yes_price_dollars"":""0.3700""}"
KXETH15M-26APR271530-30,9983ebcd-71b5-7cec-27d3-de1156452828,1777317517,0.39,2.0,no,"{""count_fp"":""2.00"",""created_time"":""2026-04-27T19:18:37.713542Z"",""no_price_dollars"":""0.6100"",""taker_side"":""no"",""ticker"":""KXETH15M-26APR271530-30"",""trade_id"":""9983ebcd-71b5-7cec-27d3-de1156452828"",""yes_price_dollars"":""0.3900""}"
KXETH15M-26APR271530-30,21298752-33f2-75cd-2682-a454c84fcfcb,1777317517,0.39,52.15,no,"{""count_fp"":""52.15"",""created_time"":""2026-04-27T19:18:37.713542Z"",""no_price_dollars"":""0.6100"",""taker_side"":""no"",""ticker"":""KXETH15M-26APR271530-30"",""trade_id"":""21298752-33f2-75cd-2682-a454c84fcfcb"",""yes_price_dollars"":""0.3900""}"
KXETH15M-26APR271530-30,3b8b8b1b-4c33-6500-2ef2-87400c32e74d,1777317517,0.39,2.0,yes,"{""count_fp"":""2.00"",""created_time"":""2026-04-27T19:18:37.302492Z"",""no_price_dollars"":""0.6100"",""taker_side"":""yes"",""ticker"":""KXETH15M-26APR271530-30"",""trade_id"":""3b8b8b1b-4c33-6500-2ef2-87400c32e74d"",""yes_price_dollars"":""0.3900""}"
KXETH15M-26APR271530-30,33ef65ca-ef0a-7482-c424-d2fb09141e42,1777317519,0.41,2.0,yes,"{""count_fp"":""2.00"",""created_time"":""2026-04-27T19:18:39.183322Z"",""no_price_dollars"":""0.5900"",""taker_side"":""yes"",""ticker"":""KXETH15M-26APR271530-30"",""trade_id"":""33ef65ca-ef0a-7482-c424-d2fb09141e42"",""yes_price_dollars"":""0.4100""}"
KXETH15M-26APR271530-30,f6b00674-5294-6b55-04b9-506e5eab7073,1777317525,0.42,11.44,yes,"{""count_fp"":""11.44"",""created_time"":""2026-04-27T19:18:45.755752Z"",""no_price_dollars"":""0.5800"",""taker_side"":""yes"",""ticker"":""KXETH15M-26APR271530-30"",""trade_id"":""f6b00674-5294-6b55-04b9-506e5eab7073"",""yes_price_dollars"":""0.4200""}"
KXETH15M-26APR271530-30,418686d9-39fa-7060-1d79-edbe19716772,1777317530,0.41,0.36,no,"{""count_fp"":""0.36"",""created_time"":""2026-04-27T19:18:50.937598Z"",""no_price_dollars"":""0.5900"",""taker_side"":""no"",""ticker"":""KXETH15M-26APR271530-30"",""trade_id"":""418686d9-39fa-7060-1d79-edbe19716772"",""yes_price_dollars"":""0.4100""}"
KXETH15M-26APR271530-30,25a98947-83e8-7c82-1748-23fd44199663,1777317530,0.41,1.28,no,"{""count_fp"":""1.28"",""created_time"":""2026-04-27T19:18:50.937598Z"",""no_price_dollars"":""0.5900"",""taker_side"":""no"",""ticker"":""KXETH15M-26APR271530-30"",""trade_id"":""25a98947-83e8-7c82-1748-23fd44199663"",""yes_price_dollars"":""0.4100""}"
KXETH15M-26APR271530-30,98ec94fe-1fec-6e45-2236-fb3669e39367,1777317535,0.38,37.47,yes,"{""count_fp"":""37.47"",""created_time"":""2026-04-27T19:18:55.054148Z"",""no_price_dollars"":""0.6200"",""taker_side"":""yes"",""ticker"":""KXETH15M-26APR271530-30"",""trade_id"":""98ec94fe-1fec-6e45-2236-fb3669e39367"",""yes_price_dollars"":""0.3800""}"
KXETH15M-26APR271530-30,51ae4f46-7fb7-431e-10b3-1e23cba9e832,1777317540,0.37,28.0,no,"{""count_fp"":""28.00"",""created_time"":""2026-04-27T19:19:00.914233Z"",""no_price_dollars"":""0.6300"",""taker_side"":""no"",""ticker"":""KXETH15M-26APR271530-30"",""trade_id"":""51ae4f46-7fb7-431e-10b3-1e23cba9e832"",""yes_price_dollars"":""0.3700""}"
KXETH15M-26APR271530-30,c18fb667-6ee4-5e31-c98f-4cdb213e878f,1777317544,0.33,1.0,yes,"{""count_fp"":""1.00"",""created_time"":""2026-04-27T19:19:04.115845Z"",""no_price_dollars"":""0.6700"",""taker_side"":""yes"",""ticker"":""KXETH15M-26APR271530-30"",""trade_id"":""c18fb667-6ee4-5e31-c98f-4cdb213e878f"",""yes_price_dollars"":""0.3300""}"
KXETH15M-26APR271530-30,707809b9-7734-5d0d-ff49-73cabf20c2a3,1777317545,0.32,7.0,yes,"{""count_fp"":""7.00"",""created_time"":""2026-04-27T19:19:05.495737Z"",""no_price_dollars"":""0.6800"",""taker_side"":""yes"",""ticker"":""KXETH15M-26APR271530-30"",""trade_id"":""707809b9-7734-5d0d-ff49-73cabf20c2a3"",""yes_price_dollars"":""0.3200""}"
KXETH15M-26APR271530-30,5afb2776-4a76-5640-2070-540fa309e061,1777317548,0.32,5.0,no,"{""count_fp"":""5.00"",""created_time"":""2026-04-27T19:19:08.607323Z"",""no_price_dollars"":""0.6800"",""taker_side"":""no"",""ticker"":""KXETH15M-26APR271530-30"",""trade_id"":""5afb2776-4a76-5640-2070-540fa309e061"",""yes_price_dollars"":""0.3200""}"
KXETH15M-26APR271530-30,e6b42da6-4d5a-7cd0-0dfc-0f8654571a6d,1777317549,0.32,1.0,no,"{""count_fp"":""1.00"",""created_time"":""2026-04-27T19:19:09.912641Z"",""no_price_dollars"":""0.6800"",""taker_side"":""no"",""ticker"":""KXETH15M-26APR271530-30"",""trade_id"":""e6b42da6-4d5a-7cd0-0dfc-0f8654571a6d"",""yes_price_dollars"":""0.3200""}"
KXETH15M-26APR271530-30,c69a2964-a8e5-6ec5-9625-6e75a82c4a2b,1777317550,0.28,8.0,no,"{""count_fp"":""8.00"",""created_time"":""2026-04-27T19:19:10.888072Z"",""no_price_dollars"":""0.7200"",""taker_side"":""no"",""ticker"":""KXETH15M-26APR271530-30"",""trade_id"":""c69a2964-a8e5-6ec5-9625-6e75a82c4a2b"",""yes_price_dollars"":""0.2800""}"
KXETH15M-26APR271530-30,ee5aaf14-f1af-7254-0080-cd29912c25a5,1777317550,0.29,0.43,yes,"{""count_fp"":""0.43"",""created_time"":""2026-04-27T19:19:10.543682Z"",""no_price_dollars"":""0.7100"",""taker_side"":""yes"",""ticker"":""KXETH15M-26APR271530-30"",""trade_id"":""ee5aaf14-f1af-7254-0080-cd29912c25a5"",""yes_price_dollars"":""0.2900""}"
KXETH15M-26APR271530-30,f589d11a-2d20-6058-a0ca-dd239fd6439a,1777317550,0.3,2.0,no,"{""count_fp"":""2.00"",""created_time"":""2026-04-27T19:19:10.181236Z"",""no_price_dollars"":""0.7000"",""taker_side"":""no"",""ticker"":""KXETH15M-26APR271530-30"",""trade_id"":""f589d11a-2d20-6058-a0ca-dd239fd6439a"",""yes_price_dollars"":""0.3000""}"
KXETH15M-26APR271530-30,02eff704-fa15-58de-c306-1bbf8a297000,1777317550,0.31,1.0,no,"{""count_fp"":""1.00"",""created_time"":""2026-04-27T19:19:10.123114Z"",""no_price_dollars"":""0.6900"",""taker_side"":""no"",""ticker"":""KXETH15M-26APR271530-30"",""trade_id"":""02eff704-fa15-58de-c306-1bbf8a297000"",""yes_price_dollars"":""0.3100""}"
KXETH15M-26APR271530-30,e5466d40-18cb-40ef-ec52-9a6433196031,1777317551,0.23,1.0,no,"{""count_fp"":""1.00"",""created_time"":""2026-04-27T19:19:11.247878Z"",""no_price_dollars"":""0.7700"",""taker_side"":""no"",""ticker"":""KXETH15M-26APR271530-30"",""trade_id"":""e5466d40-18cb-40ef-ec52-9a6433196031"",""yes_price_dollars"":""0.2300""}"
KXETH15M-26APR271530-30,4dcaf9c0-d3bf-4584-fbb2-b900cff98d52,1777317551,0.23,8.0,no,"{""count_fp"":""8.00"",""created_time"":""2026-04-27T19:19:11.247878Z"",""no_price_dollars"":""0.7700"",""taker_side"":""no"",""ticker"":""KXETH15M-26APR271530-30"",""trade_id"":""4dcaf9c0-d3bf-4584-fbb2-b900cff98d52"",""yes_price_dollars"":""0.2300""}"
KXETH15M-26APR271530-30,32b01837-f837-482c-d11e-aca02e740069,1777317551,0.24,1.0,no,"{""count_fp"":""1.00"",""created_time"":""2026-04-27T19:19:11.247878Z"",""no_price_dollars"":""0.7600"",""taker_side"":""no"",""ticker"":""KXETH15M-26APR271530-30"",""trade_id"":""32b01837-f837-482c-d11e-aca02e740069"",""yes_price_dollars"":""0.2400""}"
KXETH15M-26APR271530-30,dd2ecba8-547b-4827-cc6a-439e71942c12,1777317551,0.25,1.0,no,"{""count_fp"":""1.00"",""created_time"":""2026-04-27T19:19:11.226886Z"",""no_price_dollars"":""0.7500"",""taker_side"":""no"",""ticker"":""KXETH15M-26APR271530-30"",""trade_id"":""dd2ecba8-547b-4827-cc6a-439e71942c12"",""yes_price_dollars"":""0.2500""}"
KXETH15M-26APR271530-30,cdf96729-8081-4c1d-ce70-3bd4f9f00983,1777317551,0.28,2.0,no,"{""count_fp"":""2.00"",""created_time"":""2026-04-27T19:19:11.015262Z"",""no_price_dollars"":""0.7200"",""taker_side"":""no"",""ticker"":""KXETH15M-26APR271530-30"",""trade_id"":""cdf96729-8081-4c1d-ce70-3bd4f9f00983"",""yes_price_dollars"":""0.2800""}"
KXETH15M-26APR271530-30,cd59afaa-819c-4c1f-730f-3f0081debbd0,1777317552,0.21,1.0,no,"{""count_fp"":""1.00"",""created_time"":""2026-04-27T19:19:12.182416Z"",""no_price_dollars"":""0.7900"",""taker_side"":""no"",""ticker"":""KXETH15M-26APR271530-30"",""trade_id"":""cd59afaa-819c-4c1f-730f-3f0081debbd0"",""yes_price_dollars"":""0.2100""}"
KXETH15M-26APR271530-30,52489831-f603-46c0-715c-d24329ebe202,1777317552,0.21,81.0,no,"{""count_fp"":""81.00"",""created_time"":""2026-04-27T19:19:12.182416Z"",""no_price_dollars"":""0.7900"",""taker_side"":""no"",""ticker"":""KXETH15M-26APR271530-30"",""trade_id"":""52489831-f603-46c0-715c-d24329ebe202"",""yes_price_dollars"":""0.2100""}"
KXETH15M-26APR271530-30,fdde7cf4-b1a4-755d-1d8c-5bab3e412e77,1777317552,0.23,1.0,no,"{""count_fp"":""1.00"",""created_time"":""2026-04-27T19:19:12.061521Z"",""no_price_dollars"":""0.7700"",""taker_side"":""no"",""ticker"":""KXETH15M-26APR271530-30"",""trade_id"":""fdde7cf4-b1a4-755d-1d8c-5bab3e412e77"",""yes_price_dollars"":""0.2300""}"
KXETH15M-26APR271530-30,cd1b749b-0507-7efa-19e1-344f21b615ab,1777317552,0.22,1.0,no,"{""count_fp"":""1.00"",""created_time"":""2026-04-27T19:19:12.061521Z"",""no_price_dollars"":""0.7800"",""taker_side"":""no"",""ticker"":""KXETH15M-26APR271530-30"",""trade_id"":""cd1b749b-0507-7efa-19e1-344f21b615ab"",""yes_price_dollars"":""0.2200""}"
KXETH15M-26APR271530-30,1c0200c6-5c1f-7294-0fc7-96f7a1ec7d8e,1777317552,0.22,4.0,no,"{""count_fp"":""4.00"",""created_time"":""2026-04-27T19:19:12.061521Z"",""no_price_dollars"":""0.7800"",""taker_side"":""no"",""ticker"":""KXETH15M-26APR271530-30"",""trade_id"":""1c0200c6-5c1f-7294-0fc7-96f7a1ec7d8e"",""yes_price_dollars"":""0.2200""}"
KXETH15M-26APR271530-30,d009b1df-33ac-4ad1-9b36-ddcced4b859f,1777317553,0.23,51.96,yes,"{""count_fp"":""51.96"",""created_time"":""2026-04-27T19:19:13.396921Z"",""no_price_dollars"":""0.7700"",""taker_side"":""yes"",""ticker"":""KXETH15M-26APR271530-30"",""trade_id"":""d009b1df-33ac-4ad1-9b36-ddcced4b859f"",""yes_price_dollars"":""0.2300""}"
KXETH15M-26APR271530-30,8d92880b-3fe0-76bd-3d9a-f674d1c8997b,1777317553,0.23,2.0,yes,"{""count_fp"":""2.00"",""created_time"":""2026-04-27T19:19:13.265711Z"",""no_price_dollars"":""0.7700"",""taker_side"":""yes"",""ticker"":""KXETH15M-26APR271530-30"",""trade_id"":""8d92880b-3fe0-76bd-3d9a-f674d1c8997b"",""yes_price_dollars"":""0.2300""}"
KXETH15M-26APR271530-30,9534d1ee-3303-6c51-ed87-7a08a5dada53,1777317555,0.23,1.0,no,"{""count_fp"":""1.00"",""created_time"":""2026-04-27T19:19:15.577561Z"",""no_price_dollars"":""0.7700"",""taker_side"":""no"",""ticker"":""KXETH15M-26APR271530-30"",""trade_id"":""9534d1ee-3303-6c51-ed87-7a08a5dada53"",""yes_price_dollars"":""0.2300""}"
KXETH15M-26APR271530-30,12f6e9c6-2e79-67d1-d05d-fc2d88095605,1777317555,0.23,13.89,no,"{""count_fp"":""13.89"",""created_time"":""2026-04-27T19:19:15.577561Z"",""no_price_dollars"":""0.7700"",""taker_side"":""no"",""ticker"":""KXETH15M-26APR271530-30"",""trade_id"":""12f6e9c6-2e79-67d1-d05d-fc2d88095605"",""yes_price_dollars"":""0.2300""}"
KXETH15M-26APR271530-30,e1102f5f-2a72-4d87-5086-969e61139960,1777317558,0.24,1.0,yes,"{""count_fp"":""1.00"",""created_time"":""2026-04-27T19:19:18.783971Z"",""no_price_dollars"":""0.7600"",""taker_side"":""yes"",""ticker"":""KXETH15M-26APR271530-30"",""trade_id"":""e1102f5f-2a72-4d87-5086-969e61139960"",""yes_price_dollars"":""0.2400""}"
KXETH15M-26APR271530-30,9200bbf8-3c9a-450b-457a-2a129b4f6361,1777317558,0.24,135.0,yes,"{""count_fp"":""135.00"",""created_time"":""2026-04-27T19:19:18.783971Z"",""no_price_dollars"":""0.7600"",""taker_side"":""yes"",""ticker"":""KXETH15M-26APR271530-30"",""trade_id"":""9200bbf8-3c9a-450b-457a-2a129b4f6361"",""yes_price_dollars"":""0.2400""}"
KXETH15M-26APR271530-30,48af93af-4f10-42d1-5562-29022db887bb,1777317558,0.24,10.0,yes,"{""count_fp"":""10.00"",""created_time"":""2026-04-27T19:19:18.783971Z"",""no_price_dollars"":""0.7600"",""taker_side"":""yes"",""ticker"":""KXETH15M-26APR271530-30"",""trade_id"":""48af93af-4f10-42d1-5562-29022db887bb"",""yes_price_dollars"":""0.2400""}"
KXETH15M-26APR271530-30,ee2a0bc9-6137-68ef-037e-8f7113d37d30,1777317569,0.28,10.0,yes,"{""count_fp"":""10.00"",""created_time"":""2026-04-27T19:19:29.829439Z"",""no_price_dollars"":""0.7200"",""taker_side"":""yes"",""ticker"":""KXETH15M-26APR271530-30"",""trade_id"":""ee2a0bc9-6137-68ef-037e-8f7113d37d30"",""yes_price_dollars"":""0.2800""}"
KXETH15M-26APR271530-30,9e239e08-b69a-6dd8-1e27-f3a6bcd006af,1777317569,0.27,101.15,yes,"{""count_fp"":""101.15"",""created_time"":""2026-04-27T19:19:29.829439Z"",""no_price_dollars"":""0.7300"",""taker_side"":""yes"",""ticker"":""KXETH15M-26APR271530-30"",""trade_id"":""9e239e08-b69a-6dd8-1e27-f3a6bcd006af"",""yes_price_dollars"":""0.2700""}"
KXETH15M-26APR271530-30,5eee34af-6e37-6e15-3761-00da889e8e30,1777317569,0.26,100.0,yes,"{""count_fp"":""100.00"",""created_time"":""2026-04-27T19:19:29.829439Z"",""no_price_dollars"":""0.7400"",""taker_side"":""yes"",""ticker"":""KXETH15M-26APR271530-30"",""trade_id"":""5eee34af-6e37-6e15-3761-00da889e8e30"",""yes_price_dollars"":""0.2600""}"
KXETH15M-26APR271530-30,4701445b-fdc6-6bbc-269b-8910e813e210,1777317569,0.31,177.63,yes,"{""count_fp"":""177.63"",""created_time"":""2026-04-27T19:19:29.829439Z"",""no_price_dollars"":""0.6900"",""taker_side"":""yes"",""ticker"":""KXETH15M-26APR271530-30"",""trade_id"":""4701445b-fdc6-6bbc-269b-8910e813e210"",""yes_price_dollars"":""0.3100""}"
KXETH15M-26APR271530-30,43c9fa26-b4ad-6451-0440-c7a4b25b4de9,1777317569,0.29,60.0,yes,"{""count_fp"":""60.00"",""created_time"":""2026-04-27T19:19:29.829439Z"",""no_price_dollars"":""0.7100"",""taker_side"":""yes"",""ticker"":""KXETH15M-26APR271530-30"",""trade_id"":""43c9fa26-b4ad-6451-0440-c7a4b25b4de9"",""yes_price_dollars"":""0.2900""}"
KXETH15M-26APR271530-30,2240d0e8-e723-6021-0759-503bd78a77a5,1777317569,0.27,1.0,yes,"{""count_fp"":""1.00"",""created_time"":""2026-04-27T19:19:29.829439Z"",""no_price_dollars"":""0.7300"",""taker_side"":""yes"",""ticker"":""KXETH15M-26APR271530-30"",""trade_id"":""2240d0e8-e723-6021-0759-503bd78a77a5"",""yes_price_dollars"":""0.2700""}"
KXETH15M-26APR271530-30,1dbfa1d7-f551-62cb-1967-0495f37182e5,1777317569,0.3,5.0,yes,"{""count_fp"":""5.00"",""created_time"":""2026-04-27T19:19:29.829439Z"",""no_price_dollars"":""0.7000"",""taker_side"":""yes"",""ticker"":""KXETH15M-26APR271530-30"",""trade_id"":""1dbfa1d7-f551-62cb-1967-0495f37182e5"",""yes_price_dollars"":""0.3000""}"
KXETH15M-26APR271530-30,17105c1c-2cd2-6c0b-24ba-bd5900005f97,1777317569,0.28,1.0,yes,"{""count_fp"":""1.00"",""created_time"":""2026-04-27T19:19:29.829439Z"",""no_price_dollars"":""0.7200"",""taker_side"":""yes"",""ticker"":""KXETH15M-26APR271530-30"",""trade_id"":""17105c1c-2cd2-6c0b-24ba-bd5900005f97"",""yes_price_dollars"":""0.2800""}"
KXETH15M-26APR271530-30,1b0f60db-57cd-5a39-c74d-b92245357745,1777317569,0.27,10.0,no,"{""count_fp"":""10.00"",""created_time"":""2026-04-27T19:19:29.505143Z"",""no_price_dollars"":""0.7300"",""taker_side"":""no"",""ticker"":""KXETH15M-26APR271530-30"",""trade_id"":""1b0f60db-57cd-5a39-c74d-b92245357745"",""yes_price_dollars"":""0.2700""}"
KXETH15M-26APR271530-30,d4d86bf0-22c7-7524-91c1-f16bd03f7327,1777317572,0.24,1.0,no,"{""count_fp"":""1.00"",""created_time"":""2026-04-27T19:19:32.812198Z"",""no_price_dollars"":""0.7600"",""taker_side"":""no"",""ticker"":""KXETH15M-26APR271530-30"",""trade_id"":""d4d86bf0-22c7-7524-91c1-f16bd03f7327"",""yes_price_dollars"":""0.2400""}"
KXETH15M-26APR271530-30,9ee531b1-3e6f-5ed8-a23c-158b64f45deb,1777317583,0.23,15.0,yes,"{""count_fp"":""15.00"",""created_time"":""2026-04-27T19:19:43.635752Z"",""no_price_dollars"":""0.7700"",""taker_side"":""yes"",""ticker"":""KXETH15M-26APR271530-30"",""trade_id"":""9ee531b1-3e6f-5ed8-a23c-158b64f45deb"",""yes_price_dollars"":""0.2300""}"
KXETH15M-26APR271530-30,53c32560-dbd7-5e94-9a84-e371c8584eff,1777317586,0.23,1.18,yes,"{""count_fp"":""1.18"",""created_time"":""2026-04-27T19:19:46.312753Z"",""no_price_dollars"":""0.7700"",""taker_side"":""yes"",""ticker"":""KXETH15M-26APR271530-30"",""trade_id"":""53c32560-dbd7-5e94-9a84-e371c8584eff"",""yes_price_dollars"":""0.2300""}"
KXETH15M-26APR271530-30,6bb93361-df60-7835-4fd9-2a2a65189eda,1777317588,0.22,4.0,no,"{""count_fp"":""4.00"",""created_time"":""2026-04-27T19:19:48.665091Z"",""no_price_dollars"":""0.7800"",""taker_side"":""no"",""ticker"":""KXETH15M-26APR271530-30"",""trade_id"":""6bb93361-df60-7835-4fd9-2a2a65189eda"",""yes_price_dollars"":""0.2200""}"
KXETH15M-26APR271530-30,8d694e0a-b837-6fbc-9f31-fc75ea8f9b57,1777317590,0.22,100.0,yes,"{""count_fp"":""100.00"",""created_time"":""2026-04-27T19:19:50.755948Z"",""no_price_dollars"":""0.7800"",""taker_side"":""yes"",""ticker"":""KXETH15M-26APR271530-30"",""trade_id"":""8d694e0a-b837-6fbc-9f31-fc75ea8f9b57"",""yes_price_dollars"":""0.2200""}"
KXETH15M-26APR271530-30,26920fac-7668-5a4e-bfa5-c7580821837c,1777317592,0.22,10.0,yes,"{""count_fp"":""10.00"",""created_time"":""2026-04-27T19:19:52.858277Z"",""no_price_dollars"":""0.7800"",""taker_side"":""yes"",""ticker"":""KXETH15M-26APR271530-30"",""trade_id"":""26920fac-7668-5a4e-bfa5-c7580821837c"",""yes_price_dollars"":""0.2200""}"
KXETH15M-26APR271530-30,66fa9064-7e44-726a-e541-42908aa5431c,1777317593,0.22,1.03,yes,"{""count_fp"":""1.03"",""created_time"":""2026-04-27T19:19:53.100119Z"",""no_price_dollars"":""0.7800"",""taker_side"":""yes"",""ticker"":""KXETH15M-26APR271530-30"",""trade_id"":""66fa9064-7e44-726a-e541-42908aa5431c"",""yes_price_dollars"":""0.2200""}"
KXETH15M-26APR271530-30,6e54c0c1-c008-6e12-3101-18730ee614ec,1777317594,0.22,3.17,yes,"{""count_fp"":""3.17"",""created_time"":""2026-04-27T19:19:54.131558Z"",""no_price_dollars"":""0.7800"",""taker_side"":""yes"",""ticker"":""KXETH15M-26APR271530-30"",""trade_id"":""6e54c0c1-c008-6e12-3101-18730ee614ec"",""yes_price_dollars"":""0.2200""}"
KXETH15M-26APR271530-30,262c0cfb-f824-71a2-4953-b342b434bcdf,1777317599,0.21,1.0,no,"{""count_fp"":""1.00"",""created_time"":""2026-04-27T19:19:59.963822Z"",""no_price_dollars"":""0.7900"",""taker_side"":""no"",""ticker"":""KXETH15M-26APR271530-30"",""trade_id"":""262c0cfb-f824-71a2-4953-b342b434bcdf"",""yes_price_dollars"":""0.2100""}"
KXETH15M-26APR271530-30,e7b9c044-77bb-7e7e-d12f-b33ecdc381e4,1777317600,0.19,1.0,no,"{""count_fp"":""1.00"",""created_time"":""2026-04-27T19:20:00.724546Z"",""no_price_dollars"":""0.8100"",""taker_side"":""no"",""ticker"":""KXETH15M-26APR271530-30"",""trade_id"":""e7b9c044-77bb-7e7e-d12f-b33ecdc381e4"",""yes_price_dollars"":""0.1900""}"
KXETH15M-26APR271530-30,ae637171-d2a3-44a1-7cad-e8707ff6e8fc,1777317600,0.2,1.0,no,"{""count_fp"":""1.00"",""created_time"":""2026-04-27T19:20:00.391659Z"",""no_price_dollars"":""0.8000"",""taker_side"":""no"",""ticker"":""KXETH15M-26APR271530-30"",""trade_id"":""ae637171-d2a3-44a1-7cad-e8707ff6e8fc"",""yes_price_dollars"":""0.2000""}"
KXETH15M-26APR271530-30,3c0fc3c2-6f58-59dd-d72b-55097e59efe2,1777317603,0.21,221.0,yes,"{""count_fp"":""221.00"",""created_time"":""2026-04-27T19:20:03.926356Z"",""no_price_dollars"":""0.7900"",""taker_side"":""yes"",""ticker"":""KXETH15M-26APR271530-30"",""trade_id"":""3c0fc3c2-6f58-59dd-d72b-55097e59efe2"",""yes_price_dollars"":""0.2100""}"
KXETH15M-26APR271530-30,e8d904b0-9fa8-5a9e-5fff-6932096e83c4,1777317603,0.21,100.0,yes,"{""count_fp"":""100.00"",""created_time"":""2026-04-27T19:20:03.788764Z"",""no_price_dollars"":""0.7900"",""taker_side"":""yes"",""ticker"":""KXETH15M-26APR271530-30"",""trade_id"":""e8d904b0-9fa8-5a9e-5fff-6932096e83c4"",""yes_price_dollars"":""0.2100""}"
KXETH15M-26APR271530-30,e4eb82ed-b962-5e2c-591c-e4824d815f8d,1777317603,0.21,2.0,yes,"{""count_fp"":""2.00"",""created_time"":""2026-04-27T19:20:03.788764Z"",""no_price_dollars"":""0.7900"",""taker_side"":""yes"",""ticker"":""KXETH15M-26APR271530-30"",""trade_id"":""e4eb82ed-b962-5e2c-591c-e4824d815f8d"",""yes_price_dollars"":""0.2100""}"
KXETH15M-26APR271530-30,9c2ca64c-4a81-5e99-4ecf-dcb23b119c8d,1777317603,0.21,9.0,yes,"{""count_fp"":""9.00"",""created_time"":""2026-04-27T19:20:03.788764Z"",""no_price_dollars"":""0.7900"",""taker_side"":""yes"",""ticker"":""KXETH15M-26APR271530-30"",""trade_id"":""9c2ca64c-4a81-5e99-4ecf-dcb23b119c8d"",""yes_price_dollars"":""0.2100""}"
KXETH15M-26APR271530-30,600a8d7b-0b71-49bd-82e8-028ff16a231f,1777317607,0.2,9.0,yes,"{""count_fp"":""9.00"",""created_time"":""2026-04-27T19:20:07.041239Z"",""no_price_dollars"":""0.8000"",""taker_side"":""yes"",""ticker"":""KXETH15M-26APR271530-30"",""trade_id"":""600a8d7b-0b71-49bd-82e8-028ff16a231f"",""yes_price_dollars"":""0.2000""}"
KXETH15M-26APR271530-30,03e1d141-5ee9-4750-8775-a411f0b66fcd,1777317607,0.2,10.0,yes,"{""count_fp"":""10.00"",""created_time"":""2026-04-27T19:20:07.041239Z"",""no_price_dollars"":""0.8000"",""taker_side"":""yes"",""ticker"":""KXETH15M-26APR271530-30"",""trade_id"":""03e1d141-5ee9-4750-8775-a411f0b66fcd"",""yes_price_dollars"":""0.2000""}"
KXETH15M-26APR271530-30,c0703328-071b-77da-1b7a-0ba7d921ac06,1777317610,0.18,1.0,no,"{""count_fp"":""1.00"",""created_time"":""2026-04-27T19:20:10.120305Z"",""no_price_dollars"":""0.8200"",""taker_side"":""no"",""ticker"":""KXETH15M-26APR271530-30"",""trade_id"":""c0703328-071b-77da-1b7a-0ba7d921ac06"",""yes_price_dollars"":""0.1800""}"
KXETH15M-26APR271530-30,bf8d7fc4-a24b-6245-6312-3db7f6d15f50,1777317610,0.19,1.0,no,"{""count_fp"":""1.00"",""created_time"":""2026-04-27T19:20:10.075539Z"",""no_price_dollars"":""0.8100"",""taker_side"":""no"",""ticker"":""KXETH15M-26APR271530-30"",""trade_id"":""bf8d7fc4-a24b-6245-6312-3db7f6d15f50"",""yes_price_dollars"":""0.1900""}"
KXETH15M-26APR271530-30,122dfd1d-f2bd-529c-0ad4-e788a6e26cc1,1777317610,0.2,28.4,yes,"{""count_fp"":""28.40"",""created_time"":""2026-04-27T19:20:10.020214Z"",""no_price_dollars"":""0.8000"",""taker_side"":""yes"",""ticker"":""KXETH15M-26APR271530-30"",""trade_id"":""122dfd1d-f2bd-529c-0ad4-e788a6e26cc1"",""yes_price_dollars"":""0.2000""}"
KXETH15M-26APR271530-30,27feacc6-250f-6a84-87dd-44af98102f1f,1777317611,0.17,1.0,no,"{""count_fp"":""1.00"",""created_time"":""2026-04-27T19:20:11.020563Z"",""no_price_dollars"":""0.8300"",""taker_side"":""no"",""ticker"":""KXETH15M-26APR271530-30"",""trade_id"":""27feacc6-250f-6a84-87dd-44af98102f1f"",""yes_price_dollars"":""0.1700""}"
KXETH15M-26APR271530-30,feb28e2a-2a89-6491-1035-5c993eef1d61,1777317614,0.17,1.0,no,"{""count_fp"":""1.00"",""created_time"":""2026-04-27T19:20:14.539303Z"",""no_price_dollars"":""0.8300"",""taker_side"":""no"",""ticker"":""KXETH15M-26APR271530-30"",""trade_id"":""feb28e2a-2a89-6491-1035-5c993eef1d61"",""yes_price_dollars"":""0.1700""}"
KXETH15M-26APR271530-30,fe123796-de3a-61e0-04ab-6d4e2d0f8504,1777317614,0.17,9.0,no,"{""count_fp"":""9.00"",""created_time"":""2026-04-27T19:20:14.539303Z"",""no_price_dollars"":""0.8300"",""taker_side"":""no"",""ticker"":""KXETH15M-26APR271530-30"",""trade_id"":""fe123796-de3a-61e0-04ab-6d4e2d0f8504"",""yes_price_dollars"":""0.1700""}"
KXETH15M-26APR271530-30,efabd5e5-dc0a-750b-1f06-d24d85135fbc,1777317615,0.16,1.0,no,"{""count_fp"":""1.00"",""created_time"":""2026-04-27T19:20:15.256663Z"",""no_price_dollars"":""0.8400"",""taker_side"":""no"",""ticker"":""KXETH15M-26APR271530-30"",""trade_id"":""efabd5e5-dc0a-750b-1f06-d24d85135fbc"",""yes_price_dollars"":""0.1600""}"
KXETH15M-26APR271530-30,48622763-9804-70c2-14ac-6b7e3882b75f,1777317615,0.16,1.0,no,"{""count_fp"":""1.00"",""created_time"":""2026-04-27T19:20:15.256663Z"",""no_price_dollars"":""0.8400"",""taker_side"":""no"",""ticker"":""KXETH15M-26APR271530-30"",""trade_id"":""48622763-9804-70c2-14ac-6b7e3882b75f"",""yes_price_dollars"":""0.1600""}"
KXETH15M-26APR271530-30,05fa5716-8dee-7a02-1a8d-048d5e80f49c,1777317615,0.16,1.0,no,"{""count_fp"":""1.00"",""created_time"":""2026-04-27T19:20:15.256663Z"",""no_price_dollars"":""0.8400"",""taker_side"":""no"",""ticker"":""KXETH15M-26APR271530-30"",""trade_id"":""05fa5716-8dee-7a02-1a8d-048d5e80f49c"",""yes_price_dollars"":""0.1600""}"
KXETH15M-26APR271530-30,3540c5f2-85e5-6e19-7588-c471848fe37d,1777317616,0.14,10.0,no,"{""count_fp"":""10.00"",""created_time"":""2026-04-27T19:20:16.991661Z"",""no_price_dollars"":""0.8600"",""taker_side"":""no"",""ticker"":""KXETH15M-26APR271530-30"",""trade_id"":""3540c5f2-85e5-6e19-7588-c471848fe37d"",""yes_price_dollars"":""0.1400""}"
KXETH15M-26APR271530-30,aee758e4-a3c9-461d-af7e-00656ec46531,1777317616,0.15,9.11,no,"{""count_fp"":""9.11"",""created_time"":""2026-04-27T19:20:16.427494Z"",""no_price_dollars"":""0.8500"",""taker_side"":""no"",""ticker"":""KXETH15M-26APR271530-30"",""trade_id"":""aee758e4-a3c9-461d-af7e-00656ec46531"",""yes_price_dollars"":""0.1500""}"
KXETH15M-26APR271530-30,8be0b750-cc7e-4b34-b934-05bbe1dc8a3f,1777317616,0.15,0.89,no,"{""count_fp"":""0.89"",""created_time"":""2026-04-27T19:20:16.427494Z"",""no_price_dollars"":""0.8500"",""taker_side"":""no"",""ticker"":""KXETH15M-26APR271530-30"",""trade_id"":""8be0b750-cc7e-4b34-b934-05bbe1dc8a3f"",""yes_price_dollars"":""0.1500""}"
KXETH15M-26APR271530-30,bfff33bd-5289-42c8-6a12-4b3ad4372d7d,1777317617,0.15,95.0,yes,"{""count_fp"":""95.00"",""created_time"":""2026-04-27T19:20:17.720609Z"",""no_price_dollars"":""0.8500"",""taker_side"":""yes"",""ticker"":""KXETH15M-26APR271530-30"",""trade_id"":""bfff33bd-5289-42c8-6a12-4b3ad4372d7d"",""yes_price_dollars"":""0.1500""}"
KXETH15M-26APR271530-30,fb9ca8af-4659-5094-4247-95b7dc3ba1e9,1777317619,0.17,10.0,yes,"{""count_fp"":""10.00"",""created_time"":""2026-04-27T19:20:19.489828Z"",""no_price_dollars"":""0.8300"",""taker_side"":""yes"",""ticker"":""KXETH15M-26APR271530-30"",""trade_id"":""fb9ca8af-4659-5094-4247-95b7dc3ba1e9"",""yes_price_dollars"":""0.1700""}"
KXETH15M-26APR271530-30,b7caa9fa-187d-7ad6-4be7-d09de46697c2,1777317621,0.14,1.0,no,"{""count_fp"":""1.00"",""created_time"":""2026-04-27T19:20:21.634616Z"",""no_price_dollars"":""0.8600"",""taker_side"":""no"",""ticker"":""KXETH15M-26APR271530-30"",""trade_id"":""b7caa9fa-187d-7ad6-4be7-d09de46697c2"",""yes_price_dollars"":""0.1400""}"
KXETH15M-26APR271530-30,f8afc8d2-0b63-5ad8-805d-169270ce5026,1777317625,0.13,2.0,no,"{""count_fp"":""2.00"",""created_time"":""2026-04-27T19:20:25.227479Z"",""no_price_dollars"":""0.8700"",""taker_side"":""no"",""ticker"":""KXETH15M-26APR271530-30"",""trade_id"":""f8afc8d2-0b63-5ad8-805d-169270ce5026"",""yes_price_dollars"":""0.1300""}"
KXETH15M-26APR271530-30,e87ed0a7-0672-521c-9e67-5d5a42b43f31,1777317625,0.13,8.25,no,"{""count_fp"":""8.25"",""created_time"":""2026-04-27T19:20:25.227479Z"",""no_price_dollars"":""0.8700"",""taker_side"":""no"",""ticker"":""KXETH15M-26APR271530-30"",""trade_id"":""e87ed0a7-0672-521c-9e67-5d5a42b43f31"",""yes_price_dollars"":""0.1300""}"
KXETH15M-26APR271530-30,abf3a856-cac1-73d8-8381-323ca1e59675,1777317628,0.12,20.21,yes,"{""count_fp"":""20.21"",""created_time"":""2026-04-27T19:20:28.025596Z"",""no_price_dollars"":""0.8800"",""taker_side"":""yes"",""ticker"":""KXETH15M-26APR271530-30"",""trade_id"":""abf3a856-cac1-73d8-8381-323ca1e59675"",""yes_price_dollars"":""0.1200""}"
KXETH15M-26APR271530-30,8416aa70-18a1-4e20-4d11-827223c7241d,1777317629,0.12,71.35,yes,"{""count_fp"":""71.35"",""created_time"":""2026-04-27T19:20:29.748476Z"",""no_price_dollars"":""0.8800"",""taker_side"":""yes"",""ticker"":""KXETH15M-26APR271530-30"",""trade_id"":""8416aa70-18a1-4e20-4d11-827223c7241d"",""yes_price_dollars"":""0.1200""}"
KXETH15M-26APR271530-30,e9566798-f9bf-4979-d0b8-d9aace4d54b9,1777317630,0.12,3.0,yes,"{""count_fp"":""3.00"",""created_time"":""2026-04-27T19:20:30.418548Z"",""no_price_dollars"":""0.8800"",""taker_side"":""yes"",""ticker"":""KXETH15M-26APR271530-30"",""trade_id"":""e9566798-f9bf-4979-d0b8-d9aace4d54b9"",""yes_price_dollars"":""0.1200""}"
KXETH15M-26APR271530-30,e4585784-d442-456a-ca58-a38e719cc4e6,1777317630,0.15,12.0,yes,"{""count_fp"":""12.00"",""created_time"":""2026-04-27T19:20:30.418548Z"",""no_price_dollars"":""0.8500"",""taker_side"":""yes"",""ticker"":""KXETH15M-26APR271530-30"",""trade_id"":""e4585784-d442-456a-ca58-a38e719cc4e6"",""yes_price_dollars"":""0.1500""}"
KXETH15M-26APR271530-30,d41a82f6-3e58-47bf-e95e-ffdb6ee23ce4,1777317630,0.12,100.0,yes,"{""count_fp"":""100.00"",""created_time"":""2026-04-27T19:20:30.418548Z"",""no_price_dollars"":""0.8800"",""taker_side"":""yes"",""ticker"":""KXETH15M-26APR271530-30"",""trade_id"":""d41a82f6-3e58-47bf-e95e-ffdb6ee23ce4"",""yes_price_dollars"":""0.1200""}"
KXETH15M-26APR271530-30,c25508e5-4cc4-430f-da90-b986f2b79733,1777317630,0.16,5.0,yes,"{""count_fp"":""5.00"",""created_time"":""2026-04-27T19:20:30.418548Z"",""no_price_dollars"":""0.8400"",""taker_side"":""yes"",""ticker"":""KXETH15M-26APR271530-30"",""trade_id"":""c25508e5-4cc4-430f-da90-b986f2b79733"",""yes_price_dollars"":""0.1600""}"
KXETH15M-26APR271530-30,ba90e300-dca6-44a2-e15c-ed6fc1eb0b0c,1777317630,0.13,1.0,yes,"{""count_fp"":""1.00"",""created_time"":""2026-04-27T19:20:30.418548Z"",""no_price_dollars"":""0.8700"",""taker_side"":""yes"",""ticker"":""KXETH15M-26APR271530-30"",""trade_id"":""ba90e300-dca6-44a2-e15c-ed6fc1eb0b0c"",""yes_price_dollars"":""0.1300""}"
KXETH15M-26APR271530-30,a5cbf8e6-c039-4674-dc1f-575e8dba4765,1777317630,0.12,5.0,yes,"{""count_fp"":""5.00"",""created_time"":""2026-04-27T19:20:30.418548Z"",""no_price_dollars"":""0.8800"",""taker_side"":""yes"",""ticker"":""KXETH15M-26APR271530-30"",""trade_id"":""a5cbf8e6-c039-4674-dc1f-575e8dba4765"",""yes_price_dollars"":""0.1200""}"
KXETH15M-26APR271530-30,572e1c46-b2d6-4b28-d6dc-98b3173265a6,1777317630,0.14,5.0,yes,"{""count_fp"":""5.00"",""created_time"":""2026-04-27T19:20:30.418548Z"",""no_price_dollars"":""0.8600"",""taker_side"":""yes"",""ticker"":""KXETH15M-26APR271530-30"",""trade_id"":""572e1c46-b2d6-4b28-d6dc-98b3173265a6"",""yes_price_dollars"":""0.1400""}"
KXETH15M-26APR271530-30,2c6f3ab4-c046-4b05-f1ef-a831c610c37c,1777317630,0.14,10.0,yes,"{""count_fp"":""10.00"",""created_time"":""2026-04-27T19:20:30.418548Z"",""no_price_dollars"":""0.8600"",""taker_side"":""yes"",""ticker"":""KXETH15M-26APR271530-30"",""trade_id"":""2c6f3ab4-c046-4b05-f1ef-a831c610c37c"",""yes_price_dollars"":""0.1400""}"
KXETH15M-26APR271530-30,28f4c1c7-e6fc-45a8-f56c-d834b0e44ff5,1777317630,0.16,336.14,yes,"{""count_fp"":""336.14"",""created_time"":""2026-04-27T19:20:30.418548Z"",""no_price_dollars"":""0.8400"",""taker_side"":""yes"",""ticker"":""KXETH15M-26APR271530-30"",""trade_id"":""28f4c1c7-e6fc-45a8-f56c-d834b0e44ff5"",""yes_price_dollars"":""0.1600""}"
KXETH15M-26APR271530-30,bcd9d5fb-4e72-71f8-7d34-d5b3c01d6d68,1777317634,0.16,14.19,yes,"{""count_fp"":""14.19"",""created_time"":""2026-04-27T19:20:34.586407Z"",""no_price_dollars"":""0.8400"",""taker_side"":""yes"",""ticker"":""KXETH15M-26APR271530-30"",""trade_id"":""bcd9d5fb-4e72-71f8-7d34-d5b3c01d6d68"",""yes_price_dollars"":""0.1600""}"
KXETH15M-26APR271530-30,678cbbbb-32bb-7c5f-795f-b772045f1899,1777317634,0.15,20.0,yes,"{""count_fp"":""20.00"",""created_time"":""2026-04-27T19:20:34.586407Z"",""no_price_dollars"":""0.8500"",""taker_side"":""yes"",""ticker"":""KXETH15M-26APR271530-30"",""trade_id"":""678cbbbb-32bb-7c5f-795f-b772045f1899"",""yes_price_dollars"":""0.1500""}"
KXETH15M-26APR271530-30,6362f619-fae6-7e13-45dd-2a33a8828510,1777317634,0.12,100.0,yes,"{""count_fp"":""100.00"",""created_time"":""2026-04-27T19:20:34.586407Z"",""no_price_dollars"":""0.8800"",""taker_side"":""yes"",""ticker"":""KXETH15M-26APR271530-30"",""trade_id"":""6362f619-fae6-7e13-45dd-2a33a8828510"",""yes_price_dollars"":""0.1200""}"
KXETH15M-26APR271530-30,4d847aae-877a-7bb3-7ba3-c6d3476ad163,1777317634,0.15,19.88,yes,"{""count_fp"":""19.88"",""created_time"":""2026-04-27T19:20:34.586407Z"",""no_price_dollars"":""0.8500"",""taker_side"":""yes"",""ticker"":""KXETH15M-26APR271530-30"",""trade_id"":""4d847aae-877a-7bb3-7ba3-c6d3476ad163"",""yes_price_dollars"":""0.1500""}"
KXETH15M-26APR271530-30,2253ec81-1e43-7085-62e0-3d5df2f1c91c,1777317634,0.14,5.0,yes,"{""count_fp"":""5.00"",""created_time"":""2026-04-27T19:20:34.586407Z"",""no_price_dollars"":""0.8600"",""taker_side"":""yes"",""ticker"":""KXETH15M-26APR271530-30"",""trade_id"":""2253ec81-1e43-7085-62e0-3d5df2f1c91c"",""yes_price_dollars"":""0.1400""}"
KXETH15M-26APR271530-30,1e53b74b-45e4-7218-5cc1-4812f191f3fd,1777317634,0.16,161.86,yes,"{""count_fp"":""161.86"",""created_time"":""2026-04-27T19:20:34.586407Z"",""no_price_dollars"":""0.8400"",""taker_side"":""yes"",""ticker"":""KXETH15M-26APR271530-30"",""trade_id"":""1e53b74b-45e4-7218-5cc1-4812f191f3fd"",""yes_price_dollars"":""0.1600""}"
KXETH15M-26APR271530-30,0b9373dd-d5fa-7440-4bd6-72151cede932,1777317634,0.13,1.0,yes,"{""count_fp"":""1.00"",""created_time"":""2026-04-27T19:20:34.586407Z"",""no_price_dollars"":""0.8700"",""taker_side"":""yes"",""ticker"":""KXETH15M-26APR271530-30"",""trade_id"":""0b9373dd-d5fa-7440-4bd6-72151cede932"",""yes_price_dollars"":""0.1300""}"
KXETH15M-26APR271530-30,c1cc3d25-91dc-49c4-9372-47e3e13e2f78,1777317638,0.11,5.0,no,"{""count_fp"":""5.00"",""created_time"":""2026-04-27T19:20:38.427395Z"",""no_price_dollars"":""0.8900"",""taker_side"":""no"",""ticker"":""KXETH15M-26APR271530-30"",""trade_id"":""c1cc3d25-91dc-49c4-9372-47e3e13e2f78"",""yes_price_dollars"":""0.1100""}"
KXETH15M-26APR271530-30,bf2b720d-2077-427e-8f58-edadf7426875,1777317638,0.11,38.0,no,"{""count_fp"":""38.00"",""created_time"":""2026-04-27T19:20:38.427395Z"",""no_price_dollars"":""0.8900"",""taker_side"":""no"",""ticker"":""KXETH15M-26APR271530-30"",""trade_id"":""bf2b720d-2077-427e-8f58-edadf7426875"",""yes_price_dollars"":""0.1100""}"
KXETH15M-26APR271530-30,b24d7291-2c41-4472-8a18-e67ef08b3ade,1777317638,0.11,1.0,no,"{""count_fp"":""1.00"",""created_time"":""2026-04-27T19:20:38.427395Z"",""no_price_dollars"":""0.8900"",""taker_side"":""no"",""ticker"":""KXETH15M-26APR271530-30"",""trade_id"":""b24d7291-2c41-4472-8a18-e67ef08b3ade"",""yes_price_dollars"":""0.1100""}"
KXETH15M-26APR271530-30,ae213dbb-58e6-40fe-a6f7-89c66cb9e060,1777317638,0.11,1.0,no,"{""count_fp"":""1.00"",""created_time"":""2026-04-27T19:20:38.427395Z"",""no_price_dollars"":""0.8900"",""taker_side"":""no"",""ticker"":""KXETH15M-26APR271530-30"",""trade_id"":""ae213dbb-58e6-40fe-a6f7-89c66cb9e060"",""yes_price_dollars"":""0.1100""}"
KXETH15M-26APR271530-30,20c294ea-08b4-48da-be14-9e4102da13ea,1777317638,0.11,1.0,no,"{""count_fp"":""1.00"",""created_time"":""2026-04-27T19:20:38.427395Z"",""no_price_dollars"":""0.8900"",""taker_side"":""no"",""ticker"":""KXETH15M-26APR271530-30"",""trade_id"":""20c294ea-08b4-48da-be14-9e4102da13ea"",""yes_price_dollars"":""0.1100""}"
KXETH15M-26APR271530-30,4015c1d9-aa90-5c4f-a588-11eee54d8e02,1777317639,0.12,100.0,yes,"{""count_fp"":""100.00"",""created_time"":""2026-04-27T19:20:39.772509Z"",""no_price_dollars"":""0.8800"",""taker_side"":""yes"",""ticker"":""KXETH15M-26APR271530-30"",""trade_id"":""4015c1d9-aa90-5c4f-a588-11eee54d8e02"",""yes_price_dollars"":""0.1200""}"
KXETH15M-26APR271530-30,d1ea8654-197d-7b56-63b4-0346275f597e,1777317639,0.11,10.0,no,"{""count_fp"":""10.00"",""created_time"":""2026-04-27T19:20:39.354155Z"",""no_price_dollars"":""0.8900"",""taker_side"":""no"",""ticker"":""KXETH15M-26APR271530-30"",""trade_id"":""d1ea8654-197d-7b56-63b4-0346275f597e"",""yes_price_dollars"":""0.1100""}"
KXETH15M-26APR271530-30,908e4f64-d575-7179-7d52-e910b8c92339,1777317639,0.11,17.0,no,"{""count_fp"":""17.00"",""created_time"":""2026-04-27T19:20:39.354155Z"",""no_price_dollars"":""0.8900"",""taker_side"":""no"",""ticker"":""KXETH15M-26APR271530-30"",""trade_id"":""908e4f64-d575-7179-7d52-e910b8c92339"",""yes_price_dollars"":""0.1100""}"
KXETH15M-26APR271530-30,9cfbbb5d-c19e-499b-c45e-bf049c0027a9,1777317641,0.12,2.01,yes,"{""count_fp"":""2.01"",""created_time"":""2026-04-27T19:20:41.859161Z"",""no_price_dollars"":""0.8800"",""taker_side"":""yes"",""ticker"":""KXETH15M-26APR271530-30"",""trade_id"":""9cfbbb5d-c19e-499b-c45e-bf049c0027a9"",""yes_price_dollars"":""0.1200""}"
KXETH15M-26APR271530-30,a2ca32ce-3832-66b7-ba43-04b9363246a9,1777317641,0.12,5.0,yes,"{""count_fp"":""5.00"",""created_time"":""2026-04-27T19:20:41.581204Z"",""no_price_dollars"":""0.8800"",""taker_side"":""yes"",""ticker"":""KXETH15M-26APR271530-30"",""trade_id"":""a2ca32ce-3832-66b7-ba43-04b9363246a9"",""yes_price_dollars"":""0.1200""}"
KXETH15M-26APR271530-30,d310d078-9e65-4d95-c15a-edc7369ae9bd,1777317641,0.11,1.11,no,"{""count_fp"":""1.11"",""created_time"":""2026-04-27T19:20:41.356407Z"",""no_price_dollars"":""0.8900"",""taker_side"":""no"",""ticker"":""KXETH15M-26APR271530-30"",""trade_id"":""d310d078-9e65-4d95-c15a-edc7369ae9bd"",""yes_price_dollars"":""0.1100""}"
KXETH15M-26APR271530-30,9d52c05c-4f62-7aba-6d1f-58e500c101bd,1777317644,0.1,15.0,no,"{""count_fp"":""15.00"",""created_time"":""2026-04-27T19:20:44.029974Z"",""no_price_dollars"":""0.9000"",""taker_side"":""no"",""ticker"":""KXETH15M-26APR271530-30"",""trade_id"":""9d52c05c-4f62-7aba-6d1f-58e500c101bd"",""yes_price_dollars"":""0.1000""}"
KXETH15M-26APR271530-30,c6ab7091-a816-4f4b-5e2a-d347041666d5,1777317646,0.11,2.13,yes,"{""count_fp"":""2.13"",""created_time"":""2026-04-27T19:20:46.480231Z"",""no_price_dollars"":""0.8900"",""taker_side"":""yes"",""ticker"":""KXETH15M-26APR271530-30"",""trade_id"":""c6ab7091-a816-4f4b-5e2a-d347041666d5"",""yes_price_dollars"":""0.1100""}"
KXETH15M-26APR271530-30,1e5604ce-e932-425b-7eae-311476f8cb15,1777317651,0.11,97.0,yes,"{""count_fp"":""97.00"",""created_time"":""2026-04-27T19:20:51.026206Z"",""no_price_dollars"":""0.8900"",""taker_side"":""yes"",""ticker"":""KXETH15M-26APR271530-30"",""trade_id"":""1e5604ce-e932-425b-7eae-311476f8cb15"",""yes_price_dollars"":""0.1100""}"
KXETH15M-26APR271530-30,31e39111-3097-7f62-bece-c551fcfa8db3,1777317653,0.13,2.0,yes,"{""count_fp"":""2.00"",""created_time"":""2026-04-27T19:20:53.970955Z"",""no_price_dollars"":""0.8700"",""taker_side"":""yes"",""ticker"":""KXETH15M-26APR271530-30"",""trade_id"":""31e39111-3097-7f62-bece-c551fcfa8db3"",""yes_price_dollars"":""0.1300""}"
KXETH15M-26APR271530-30,2a2fde73-aaae-7fe0-94a1-ecf29cb2a924,1777317653,0.12,100.0,yes,"{""count_fp"":""100.00"",""created_time"":""2026-04-27T19:20:53.770921Z"",""no_price_dollars"":""0.8800"",""taker_side"":""yes"",""ticker"":""KXETH15M-26APR271530-30"",""trade_id"":""2a2fde73-aaae-7fe0-94a1-ecf29cb2a924"",""yes_price_dollars"":""0.1200""}"
KXETH15M-26APR271530-30,b2e2c713-0f30-504b-6f91-5abffdcf67bf,1777317653,0.11,100.0,yes,"{""count_fp"":""100.00"",""created_time"":""2026-04-27T19:20:53.517621Z"",""no_price_dollars"":""0.8900"",""taker_side"":""yes"",""ticker"":""KXETH15M-26APR271530-30"",""trade_id"":""b2e2c713-0f30-504b-6f91-5abffdcf67bf"",""yes_price_dollars"":""0.1100""}"
KXETH15M-26APR271530-30,1dc40b85-d1f7-7bb9-32d4-58073324b6b0,1777317654,0.15,1.0,yes,"{""count_fp"":""1.00"",""created_time"":""2026-04-27T19:20:54.146313Z"",""no_price_dollars"":""0.8500"",""taker_side"":""yes"",""ticker"":""KXETH15M-26APR271530-30"",""trade_id"":""1dc40b85-d1f7-7bb9-32d4-58073324b6b0"",""yes_price_dollars"":""0.1500""}"
KXETH15M-26APR271530-30,9977e500-95c1-7dd9-7219-f304883c8dd5,1777317656,0.15,1.0,no,"{""count_fp"":""1.00"",""created_time"":""2026-04-27T19:20:56.112152Z"",""no_price_dollars"":""0.8500"",""taker_side"":""no"",""ticker"":""KXETH15M-26APR271530-30"",""trade_id"":""9977e500-95c1-7dd9-7219-f304883c8dd5"",""yes_price_dollars"":""0.1500""}"
KXETH15M-26APR271530-30,5f705b9c-8b73-66ab-4853-50f23924d7cb,1777317659,0.16,100.0,yes,"{""count_fp"":""100.00"",""created_time"":""2026-04-27T19:20:59.192537Z"",""no_price_dollars"":""0.8400"",""taker_side"":""yes"",""ticker"":""KXETH15M-26APR271530-30"",""trade_id"":""5f705b9c-8b73-66ab-4853-50f23924d7cb"",""yes_price_dollars"":""0.1600""}"
KXETH15M-26APR271530-30,36b6cf7e-c4fb-7899-ec57-540480992c52,1777317660,0.15,10.0,no,"{""count_fp"":""10.00"",""created_time"":""2026-04-27T19:21:00.986617Z"",""no_price_dollars"":""0.8500"",""taker_side"":""no"",""ticker"":""KXETH15M-26APR271530-30"",""trade_id"":""36b6cf7e-c4fb-7899-ec57-540480992c52"",""yes_price_dollars"":""0.1500""}"
KXETH15M-26APR271530-30,c03333cd-fbfe-6845-dc72-912152bc742c,1777317665,0.15,2.95,yes,"{""count_fp"":""2.95"",""created_time"":""2026-04-27T19:21:05.070423Z"",""no_price_dollars"":""0.8500"",""taker_side"":""yes"",""ticker"":""KXETH15M-26APR271530-30"",""trade_id"":""c03333cd-fbfe-6845-dc72-912152bc742c"",""yes_price_dollars"":""0.1500""}"
KXETH15M-26APR271530-30,956d1fbc-0dca-5c1e-9c6a-bbccd59eff3a,1777317674,0.19,10.0,yes,"{""count_fp"":""10.00"",""created_time"":""2026-04-27T19:21:14.488238Z"",""no_price_dollars"":""0.8100"",""taker_side"":""yes"",""ticker"":""KXETH15M-26APR271530-30"",""trade_id"":""956d1fbc-0dca-5c1e-9c6a-bbccd59eff3a"",""yes_price_dollars"":""0.1900""}"
KXETH15M-26APR271530-30,f326e8ff-8874-48fa-198a-a8e5244aa511,1777317675,0.2,1.95,yes,"{""count_fp"":""1.95"",""created_time"":""2026-04-27T19:21:15.995966Z"",""no_price_dollars"":""0.8000"",""taker_side"":""yes"",""ticker"":""KXETH15M-26APR271530-30"",""trade_id"":""f326e8ff-8874-48fa-198a-a8e5244aa511"",""yes_price_dollars"":""0.2000""}"
KXETH15M-26APR271530-30,5e9dd565-a77e-4d46-0018-c5355d6c9dee,1777317675,0.19,90.0,yes,"{""count_fp"":""90.00"",""created_time"":""2026-04-27T19:21:15.995966Z"",""no_price_dollars"":""0.8100"",""taker_side"":""yes"",""ticker"":""KXETH15M-26APR271530-30"",""trade_id"":""5e9dd565-a77e-4d46-0018-c5355d6c9dee"",""yes_price_dollars"":""0.1900""}"
KXETH15M-26APR271530-30,32f5d401-d7e9-409a-353f-b35b45046011,1777317675,0.2,1.0,yes,"{""count_fp"":""1.00"",""created_time"":""2026-04-27T19:21:15.995966Z"",""no_price_dollars"":""0.8000"",""taker_side"":""yes"",""ticker"":""KXETH15M-26APR271530-30"",""trade_id"":""32f5d401-d7e9-409a-353f-b35b45046011"",""yes_price_dollars"":""0.2000""}"
KXETH15M-26APR271530-30,b1e9951c-ee7f-4479-87a7-ff1468bcedf6,1777317678,0.19,0.74,yes,"{""count_fp"":""0.74"",""created_time"":""2026-04-27T19:21:18.491063Z"",""no_price_dollars"":""0.8100"",""taker_side"":""yes"",""ticker"":""KXETH15M-26APR271530-30"",""trade_id"":""b1e9951c-ee7f-4479-87a7-ff1468bcedf6"",""yes_price_dollars"":""0.1900""}"
KXETH15M-26APR271530-30,6f6fb315-4bab-5d41-8267-506bf9ad20ae,1777317681,0.17,14.94,yes,"{""count_fp"":""14.94"",""created_time"":""2026-04-27T19:21:21.887403Z"",""no_price_dollars"":""0.8300"",""taker_side"":""yes"",""ticker"":""KXETH15M-26APR271530-30"",""trade_id"":""6f6fb315-4bab-5d41-8267-506bf9ad20ae"",""yes_price_dollars"":""0.1700""}"
KXETH15M-26APR271530-30,1f9138f7-c735-7e25-5f43-67958d090de7,1777317681,0.17,10.0,no,"{""count_fp"":""10.00"",""created_time"":""2026-04-27T19:21:21.061879Z"",""no_price_dollars"":""0.8300"",""taker_side"":""no"",""ticker"":""KXETH15M-26APR271530-30"",""trade_id"":""1f9138f7-c735-7e25-5f43-67958d090de7"",""yes_price_dollars"":""0.1700""}"
KXETH15M-26APR271530-30,76775b38-2d3f-6335-62c3-aef7b9990bea,1777317684,0.15,10.0,no,"{""count_fp"":""10.00"",""created_time"":""2026-04-27T19:21:24.734191Z"",""no_price_dollars"":""0.8500"",""taker_side"":""no"",""ticker"":""KXETH15M-26APR271530-30"",""trade_id"":""76775b38-2d3f-6335-62c3-aef7b9990bea"",""yes_price_dollars"":""0.1500""}"
KXETH15M-26APR271530-30,6db6f4a2-4ea4-6dca-7072-7cfc4f6abc81,1777317684,0.16,11.95,no,"{""count_fp"":""11.95"",""created_time"":""2026-04-27T19:21:24.734191Z"",""no_price_dollars"":""0.8400"",""taker_side"":""no"",""ticker"":""KXETH15M-26APR271530-30"",""trade_id"":""6db6f4a2-4ea4-6dca-7072-7cfc4f6abc81"",""yes_price_dollars"":""0.1600""}"
KXETH15M-26APR271530-30,55cf41a5-76d5-6641-649b-7c58d790550b,1777317684,0.15,1.0,no,"{""count_fp"":""1.00"",""created_time"":""2026-04-27T19:21:24.734191Z"",""no_price_dollars"":""0.8500"",""taker_side"":""no"",""ticker"":""KXETH15M-26APR271530-30"",""trade_id"":""55cf41a5-76d5-6641-649b-7c58d790550b"",""yes_price_dollars"":""0.1500""}"
KXETH15M-26APR271530-30,3dd6a65f-407e-69f9-73f4-f3b0139ca8b0,1777317684,0.14,91.04,no,"{""count_fp"":""91.04"",""created_time"":""2026-04-27T19:21:24.734191Z"",""no_price_dollars"":""0.8600"",""taker_side"":""no"",""ticker"":""KXETH15M-26APR271530-30"",""trade_id"":""3dd6a65f-407e-69f9-73f4-f3b0139ca8b0"",""yes_price_dollars"":""0.1400""}"
KXETH15M-26APR271530-30,ecda7791-97bf-5d95-7cb7-7eaf67838f66,1777317684,0.17,15.56,yes,"{""count_fp"":""15.56"",""created_time"":""2026-04-27T19:21:24.429812Z"",""no_price_dollars"":""0.8300"",""taker_side"":""yes"",""ticker"":""KXETH15M-26APR271530-30"",""trade_id"":""ecda7791-97bf-5d95-7cb7-7eaf67838f66"",""yes_price_dollars"":""0.1700""}"
KXETH15M-26APR271530-30,294f5ceb-be7d-702b-a729-3b892aa31e7d,1777317687,0.14,1.0,no,"{""count_fp"":""1.00"",""created_time"":""2026-04-27T19:21:27.414488Z"",""no_price_dollars"":""0.8600"",""taker_side"":""no"",""ticker"":""KXETH15M-26APR271530-30"",""trade_id"":""294f5ceb-be7d-702b-a729-3b892aa31e7d"",""yes_price_dollars"":""0.1400""}"
KXETH15M-26APR271530-30,e11248ef-4272-4513-cebc-6b781198004f,1777317691,0.2,1.0,yes,"{""count_fp"":""1.00"",""created_time"":""2026-04-27T19:21:31.868714Z"",""no_price_dollars"":""0.8000"",""taker_side"":""yes"",""ticker"":""KXETH15M-26APR271530-30"",""trade_id"":""e11248ef-4272-4513-cebc-6b781198004f"",""yes_price_dollars"":""0.2000""}"
KXETH15M-26APR271530-30,dcd92882-a38b-4b59-e3f1-804bca138d62,1777317691,0.17,100.0,yes,"{""count_fp"":""100.00"",""created_time"":""2026-04-27T19:21:31.868714Z"",""no_price_dollars"":""0.8300"",""taker_side"":""yes"",""ticker"":""KXETH15M-26APR271530-30"",""trade_id"":""dcd92882-a38b-4b59-e3f1-804bca138d62"",""yes_price_dollars"":""0.1700""}"
KXETH15M-26APR271530-30,31733073-dd35-487a-e058-b9e960f47075,1777317691,0.17,12.77,yes,"{""count_fp"":""12.77"",""created_time"":""2026-04-27T19:21:31.868714Z"",""no_price_dollars"":""0.8300"",""taker_side"":""yes"",""ticker"":""KXETH15M-26APR271530-30"",""trade_id"":""31733073-dd35-487a-e058-b9e960f47075"",""yes_price_dollars"":""0.1700""}"
KXETH15M-26APR271530-30,b439683e-f33a-6f60-0376-2daf81aa5840,1777317692,0.2,0.23,no,"{""count_fp"":""0.23"",""created_time"":""2026-04-27T19:21:32.097455Z"",""no_price_dollars"":""0.8000"",""taker_side"":""no"",""ticker"":""KXETH15M-26APR271530-30"",""trade_id"":""b439683e-f33a-6f60-0376-2daf81aa5840"",""yes_price_dollars"":""0.2000""}"
KXETH15M-26APR271530-30,83eafac9-131e-6b84-31ed-a6df7cb00bc0,1777317692,0.2,86.0,no,"{""count_fp"":""86.00"",""created_time"":""2026-04-27T19:21:32.000149Z"",""no_price_dollars"":""0.8000"",""taker_side"":""no"",""ticker"":""KXETH15M-26APR271530-30"",""trade_id"":""83eafac9-131e-6b84-31ed-a6df7cb00bc0"",""yes_price_dollars"":""0.2000""}"
KXETH15M-26APR271530-30,336f9a67-c23a-5ce0-1d6f-95bbb1b4f7cb,1777317697,0.18,95.93,yes,"{""count_fp"":""95.93"",""created_time"":""2026-04-27T19:21:37.034388Z"",""no_price_dollars"":""0.8200"",""taker_side"":""yes"",""ticker"":""KXETH15M-26APR271530-30"",""trade_id"":""336f9a67-c23a-5ce0-1d6f-95bbb1b4f7cb"",""yes_price_dollars"":""0.1800""}"
KXETH15M-26APR271530-30,87cc64c1-d516-5800-9a6e-3b27fd4cb03f,1777317698,0.2,24.74,yes,"{""count_fp"":""24.74"",""created_time"":""2026-04-27T19:21:38.167533Z"",""no_price_dollars"":""0.8000"",""taker_side"":""yes"",""ticker"":""KXETH15M-26APR271530-30"",""trade_id"":""87cc64c1-d516-5800-9a6e-3b27fd4cb03f"",""yes_price_dollars"":""0.2000""}"
KXETH15M-26APR271530-30,ce93afe4-c5f9-4744-d313-ac7bdc9da74f,1777317702,0.18,1.0,yes,"{""count_fp"":""1.00"",""created_time"":""2026-04-27T19:21:42.310749Z"",""no_price_dollars"":""0.8200"",""taker_side"":""yes"",""ticker"":""KXETH15M-26APR271530-30"",""trade_id"":""ce93afe4-c5f9-4744-d313-ac7bdc9da74f"",""yes_price_dollars"":""0.1800""}"
KXETH15M-26APR271530-30,c328636e-9b37-5218-4228-f44ca07a159f,1777317703,0.16,1.0,no,"{""count_fp"":""1.00"",""created_time"":""2026-04-27T19:21:43.918133Z"",""no_price_dollars"":""0.8400"",""taker_side"":""no"",""ticker"":""KXETH15M-26APR271530-30"",""trade_id"":""c328636e-9b37-5218-4228-f44ca07a159f"",""yes_price_dollars"":""0.1600""}"
KXETH15M-26APR271530-30,9611dc87-2d50-5dc0-5412-1d51d141f7d5,1777317703,0.17,1.0,no,"{""count_fp"":""1.00"",""created_time"":""2026-04-27T19:21:43.918133Z"",""no_price_dollars"":""0.8300"",""taker_side"":""no"",""ticker"":""KXETH15M-26APR271530-30"",""trade_id"":""9611dc87-2d50-5dc0-5412-1d51d141f7d5"",""yes_price_dollars"":""0.1700""}"
KXETH15M-26APR271530-30,fd9cc020-b639-7bb0-f24d-971972a2aab7,1777317704,0.15,15.76,yes,"{""count_fp"":""15.76"",""created_time"":""2026-04-27T19:21:44.625252Z"",""no_price_dollars"":""0.8500"",""taker_side"":""yes"",""ticker"":""KXETH15M-26APR271530-30"",""trade_id"":""fd9cc020-b639-7bb0-f24d-971972a2aab7"",""yes_price_dollars"":""0.1500""}"
KXETH15M-26APR271530-30,afed0e74-320f-580f-9fcb-f9b7e519d4ca,1777317711,0.12,8.0,no,"{""count_fp"":""8.00"",""created_time"":""2026-04-27T19:21:51.401214Z"",""no_price_dollars"":""0.8800"",""taker_side"":""no"",""ticker"":""KXETH15M-26APR271530-30"",""trade_id"":""afed0e74-320f-580f-9fcb-f9b7e519d4ca"",""yes_price_dollars"":""0.1200""}"
KXETH15M-26APR271530-30,45ebc8df-0c1c-5591-9c8c-083daf9e48c9,1777317711,0.12,1.0,no,"{""count_fp"":""1.00"",""created_time"":""2026-04-27T19:21:51.401214Z"",""no_price_dollars"":""0.8800"",""taker_side"":""no"",""ticker"":""KXETH15M-26APR271530-30"",""trade_id"":""45ebc8df-0c1c-5591-9c8c-083daf9e48c9"",""yes_price_dollars"":""0.1200""}"
KXETH15M-26APR271530-30,717f8549-0cbd-5c64-ace3-e9770865ec73,1777317716,0.12,15.69,yes,"{""count_fp"":""15.69"",""created_time"":""2026-04-27T19:21:56.630439Z"",""no_price_dollars"":""0.8800"",""taker_side"":""yes"",""ticker"":""KXETH15M-26APR271530-30"",""trade_id"":""717f8549-0cbd-5c64-ace3-e9770865ec73"",""yes_price_dollars"":""0.1200""}"
KXETH15M-26APR271530-30,217ab4d3-eb7c-403c-0681-b3a03cc8c4df,1777317720,0.11,5.0,no,"{""count_fp"":""5.00"",""created_time"":""2026-04-27T19:22:00.962124Z"",""no_price_dollars"":""0.8900"",""taker_side"":""no"",""ticker"":""KXETH15M-26APR271530-30"",""trade_id"":""217ab4d3-eb7c-403c-0681-b3a03cc8c4df"",""yes_price_dollars"":""0.1100""}"
KXETH15M-26APR271530-30,963241b5-d144-77ac-01fe-fc985928e673,1777317720,0.11,5.0,no,"{""count_fp"":""5.00"",""created_time"":""2026-04-27T19:22:00.635842Z"",""no_price_dollars"":""0.8900"",""taker_side"":""no"",""ticker"":""KXETH15M-26APR271530-30"",""trade_id"":""963241b5-d144-77ac-01fe-fc985928e673"",""yes_price_dollars"":""0.1100""}"
KXETH15M-26APR271530-30,7180640e-24bd-4168-6694-6a525f5dd3e7,1777317720,0.12,7.84,yes,"{""count_fp"":""7.84"",""created_time"":""2026-04-27T19:22:00.191547Z"",""no_price_dollars"":""0.8800"",""taker_side"":""yes"",""ticker"":""KXETH15M-26APR271530-30"",""trade_id"":""7180640e-24bd-4168-6694-6a525f5dd3e7"",""yes_price_dollars"":""0.1200""}"
KXETH15M-26APR271530-30,ceae0b30-cfe2-4567-eafe-480a533a37e9,1777317723,0.07,29.0,no,"{""count_fp"":""29.00"",""created_time"":""2026-04-27T19:22:03.884733Z"",""no_price_dollars"":""0.9300"",""taker_side"":""no"",""ticker"":""KXETH15M-26APR271530-30"",""trade_id"":""ceae0b30-cfe2-4567-eafe-480a533a37e9"",""yes_price_dollars"":""0.0700""}"
KXETH15M-26APR271530-30,cc0c71b5-38ea-48a1-c981-351530cd3199,1777317723,0.08,1.0,no,"{""count_fp"":""1.00"",""created_time"":""2026-04-27T19:22:03.884733Z"",""no_price_dollars"":""0.9200"",""taker_side"":""no"",""ticker"":""KXETH15M-26APR271530-30"",""trade_id"":""cc0c71b5-38ea-48a1-c981-351530cd3199"",""yes_price_dollars"":""0.0800""}"
KXETH15M-26APR271530-30,ad01813d-cc22-4eb0-f068-04377eba8731,1777317723,0.07,5.0,no,"{""count_fp"":""5.00"",""created_time"":""2026-04-27T19:22:03.884733Z"",""no_price_dollars"":""0.9300"",""taker_side"":""no"",""ticker"":""KXETH15M-26APR271530-30"",""trade_id"":""ad01813d-cc22-4eb0-f068-04377eba8731"",""yes_price_dollars"":""0.0700""}"
KXETH15M-26APR271530-30,9b649109-bd22-46b3-c0b3-de0821d3da41,1777317723,0.06,1.0,no,"{""count_fp"":""1.00"",""created_time"":""2026-04-27T19:22:03.884733Z"",""no_price_dollars"":""0.9400"",""taker_side"":""no"",""ticker"":""KXETH15M-26APR271530-30"",""trade_id"":""9b649109-bd22-46b3-c0b3-de0821d3da41"",""yes_price_dollars"":""0.0600""}"
KXETH15M-26APR271530-30,974bd327-ce2b-419f-fa1f-b4ac5a30c32a,1777317723,0.06,1.0,no,"{""count_fp"":""1.00"",""created_time"":""2026-04-27T19:22:03.884733Z"",""no_price_dollars"":""0.9400"",""taker_side"":""no"",""ticker"":""KXETH15M-26APR271530-30"",""trade_id"":""974bd327-ce2b-419f-fa1f-b4ac5a30c32a"",""yes_price_dollars"":""0.0600""}"
KXETH15M-26APR271530-30,822e8899-0c2a-42f9-cb4d-ffcd4ea21987,1777317723,0.08,6.0,no,"{""count_fp"":""6.00"",""created_time"":""2026-04-27T19:22:03.884733Z"",""no_price_dollars"":""0.9200"",""taker_side"":""no"",""ticker"":""KXETH15M-26APR271530-30"",""trade_id"":""822e8899-0c2a-42f9-cb4d-ffcd4ea21987"",""yes_price_dollars"":""0.0800""}"
KXETH15M-26APR271530-30,74829bc2-d244-4e07-dd33-2b0dd62460a4,1777317723,0.06,8.0,no,"{""count_fp"":""8.00"",""created_time"":""2026-04-27T19:22:03.884733Z"",""no_price_dollars"":""0.9400"",""taker_side"":""no"",""ticker"":""KXETH15M-26APR271530-30"",""trade_id"":""74829bc2-d244-4e07-dd33-2b0dd62460a4"",""yes_price_dollars"":""0.0600""}"
KXETH15M-26APR271530-30,61fd1173-1116-4fc3-ea46-7dee9759fde8,1777317723,0.051,4.96,no,"{""count_fp"":""4.96"",""created_time"":""2026-04-27T19:22:03.884733Z"",""no_price_dollars"":""0.9490"",""taker_side"":""no"",""ticker"":""KXETH15M-26APR271530-30"",""trade_id"":""61fd1173-1116-4fc3-ea46-7dee9759fde8"",""yes_price_dollars"":""0.0510""}"
KXETH15M-26APR271530-30,58b7edfb-49ed-4da1-c679-f636530cd149,1777317723,0.07,1.0,no,"{""count_fp"":""1.00"",""created_time"":""2026-04-27T19:22:03.884733Z"",""no_price_dollars"":""0.9300"",""taker_side"":""no"",""ticker"":""KXETH15M-26APR271530-30"",""trade_id"":""58b7edfb-49ed-4da1-c679-f636530cd149"",""yes_price_dollars"":""0.0700""}"
KXETH15M-26APR271530-30,58a89fa5-a70a-41c2-cdc9-ecacf485331e,1777317723,0.07,8.0,no,"{""count_fp"":""8.00"",""created_time"":""2026-04-27T19:22:03.884733Z"",""no_price_dollars"":""0.9300"",""taker_side"":""no"",""ticker"":""KXETH15M-26APR271530-30"",""trade_id"":""58a89fa5-a70a-41c2-cdc9-ecacf485331e"",""yes_price_dollars"":""0.0700""}"
KXETH15M-26APR271530-30,51c3b705-497f-45da-c87c-122e9e15bb77,1777317723,0.07,4.0,no,"{""count_fp"":""4.00"",""created_time"":""2026-04-27T19:22:03.884733Z"",""no_price_dollars"":""0.9300"",""taker_side"":""no"",""ticker"":""KXETH15M-26APR271530-30"",""trade_id"":""51c3b705-497f-45da-c87c-122e9e15bb77"",""yes_price_dollars"":""0.0700""}"
KXETH15M-26APR271530-30,36d89012-e8ed-4dfa-f376-386c69b38ce0,1777317723,0.06,1.0,no,"{""count_fp"":""1.00"",""created_time"":""2026-04-27T19:22:03.884733Z"",""no_price_dollars"":""0.9400"",""taker_side"":""no"",""ticker"":""KXETH15M-26APR271530-30"",""trade_id"":""36d89012-e8ed-4dfa-f376-386c69b38ce0"",""yes_price_dollars"":""0.0600""}"
KXETH15M-26APR271530-30,28bc1a73-7c2d-40f4-efb5-dfc4ff07cb63,1777317723,0.06,1.0,no,"{""count_fp"":""1.00"",""created_time"":""2026-04-27T19:22:03.884733Z"",""no_price_dollars"":""0.9400"",""taker_side"":""no"",""ticker"":""KXETH15M-26APR271530-30"",""trade_id"":""28bc1a73-7c2d-40f4-efb5-dfc4ff07cb63"",""yes_price_dollars"":""0.0600""}"
KXETH15M-26APR271530-30,153fdb05-1a27-4c16-cdda-a227831dc3f9,1777317723,0.071,17.04,no,"{""count_fp"":""17.04"",""created_time"":""2026-04-27T19:22:03.884733Z"",""no_price_dollars"":""0.9290"",""taker_side"":""no"",""ticker"":""KXETH15M-26APR271530-30"",""trade_id"":""153fdb05-1a27-4c16-cdda-a227831dc3f9"",""yes_price_dollars"":""0.0710""}"
KXETH15M-26APR271530-30,a56e03df-75be-57b4-7e97-1a298ed72289,1777317723,0.09,1.0,no,"{""count_fp"":""1.00"",""created_time"":""2026-04-27T19:22:03.619338Z"",""no_price_dollars"":""0.9100"",""taker_side"":""no"",""ticker"":""KXETH15M-26APR271530-30"",""trade_id"":""a56e03df-75be-57b4-7e97-1a298ed72289"",""yes_price_dollars"":""0.0900""}"
KXETH15M-26APR271530-30,f00b0f22-bf98-7434-507d-3135833c8ee0,1777317723,0.1,4.0,no,"{""count_fp"":""4.00"",""created_time"":""2026-04-27T19:22:03.605116Z"",""no_price_dollars"":""0.9000"",""taker_side"":""no"",""ticker"":""KXETH15M-26APR271530-30"",""trade_id"":""f00b0f22-bf98-7434-507d-3135833c8ee0"",""yes_price_dollars"":""0.1000""}"
KXETH15M-26APR271530-30,e2a5bb37-e6b3-7305-4308-d1b19f91f3de,1777317723,0.09,1.0,no,"{""count_fp"":""1.00"",""created_time"":""2026-04-27T19:22:03.605116Z"",""no_price_dollars"":""0.9100"",""taker_side"":""no"",""ticker"":""KXETH15M-26APR271530-30"",""trade_id"":""e2a5bb37-e6b3-7305-4308-d1b19f91f3de"",""yes_price_dollars"":""0.0900""}"
KXETH15M-26APR271530-30,c0b8ea29-7bba-7318-5740-81320f6f9a0d,1777317723,0.09,3.0,no,"{""count_fp"":""3.00"",""created_time"":""2026-04-27T19:22:03.605116Z"",""no_price_dollars"":""0.9100"",""taker_side"":""no"",""ticker"":""KXETH15M-26APR271530-30"",""trade_id"":""c0b8ea29-7bba-7318-5740-81320f6f9a0d"",""yes_price_dollars"":""0.0900""}"
KXETH15M-26APR271530-30,a16dee0d-6cc2-759b-6cdd-c312059d66c7,1777317723,0.1,2.0,no,"{""count_fp"":""2.00"",""created_time"":""2026-04-27T19:22:03.605116Z"",""no_price_dollars"":""0.9000"",""taker_side"":""no"",""ticker"":""KXETH15M-26APR271530-30"",""trade_id"":""a16dee0d-6cc2-759b-6cdd-c312059d66c7"",""yes_price_dollars"":""0.1000""}"
KXETH15M-26APR271530-30,381634ce-4650-7079-579b-8ad815d0a931,1777317723,0.1,1.0,no,"{""count_fp"":""1.00"",""created_time"":""2026-04-27T19:22:03.605116Z"",""no_price_dollars"":""0.9000"",""taker_side"":""no"",""ticker"":""KXETH15M-26APR271530-30"",""trade_id"":""381634ce-4650-7079-579b-8ad815d0a931"",""yes_price_dollars"":""0.1000""}"
KXETH15M-26APR271530-30,33ab561f-9446-7e2c-7633-8fda23da11b7,1777317723,0.1,1.0,no,"{""count_fp"":""1.00"",""created_time"":""2026-04-27T19:22:03.605116Z"",""no_price_dollars"":""0.9000"",""taker_side"":""no"",""ticker"":""KXETH15M-26APR271530-30"",""trade_id"":""33ab561f-9446-7e2c-7633-8fda23da11b7"",""yes_price_dollars"":""0.1000""}"
KXETH15M-26APR271530-30,0ecfbf6e-3551-4bb0-18b6-72a7b6bb064b,1777317724,0.068,51.0,yes,"{""count_fp"":""51.00"",""created_time"":""2026-04-27T19:22:04.177894Z"",""no_price_dollars"":""0.9320"",""taker_side"":""yes"",""ticker"":""KXETH15M-26APR271530-30"",""trade_id"":""0ecfbf6e-3551-4bb0-18b6-72a7b6bb064b"",""yes_price_dollars"":""0.0680""}"
KXETH15M-26APR271530-30,b0e75f9f-36c6-418e-0770-8dbe0e875747,1777317725,0.068,0.65,yes,"{""count_fp"":""0.65"",""created_time"":""2026-04-27T19:22:05.669794Z"",""no_price_dollars"":""0.9320"",""taker_side"":""yes"",""ticker"":""KXETH15M-26APR271530-30"",""trade_id"":""b0e75f9f-36c6-418e-0770-8dbe0e875747"",""yes_price_dollars"":""0.0680""}"
KXETH15M-26APR271530-30,a7616995-7e36-7e4a-19d1-a2ac86bc42f3,1777317725,0.068,19.0,yes,"{""count_fp"":""19.00"",""created_time"":""2026-04-27T19:22:05.652158Z"",""no_price_dollars"":""0.9320"",""taker_side"":""yes"",""ticker"":""KXETH15M-26APR271530-30"",""trade_id"":""a7616995-7e36-7e4a-19d1-a2ac86bc42f3"",""yes_price_dollars"":""0.0680""}"
KXETH15M-26APR271530-30,00f4678a-ed29-796e-1a53-dd94bf52eeb5,1777317725,0.068,100.0,yes,"{""count_fp"":""100.00"",""created_time"":""2026-04-27T19:22:05.652158Z"",""no_price_dollars"":""0.9320"",""taker_side"":""yes"",""ticker"":""KXETH15M-26APR271530-30"",""trade_id"":""00f4678a-ed29-796e-1a53-dd94bf52eeb5"",""yes_price_dollars"":""0.0680""}"
KXETH15M-26APR271530-30,c6d12625-d1fe-7f5c-4342-3391bda87547,1777317728,0.068,60.0,yes,"{""count_fp"":""60.00"",""created_time"":""2026-04-27T19:22:08.192917Z"",""no_price_dollars"":""0.9320"",""taker_side"":""yes"",""ticker"":""KXETH15M-26APR271530-30"",""trade_id"":""c6d12625-d1fe-7f5c-4342-3391bda87547"",""yes_price_dollars"":""0.0680""}"
KXETH15M-26APR271530-30,513b6cfa-864e-5f20-733d-fc18b5f65b23,1777317729,0.078,32.0,yes,"{""count_fp"":""32.00"",""created_time"":""2026-04-27T19:22:09.355933Z"",""no_price_dollars"":""0.9220"",""taker_side"":""yes"",""ticker"":""KXETH15M-26APR271530-30"",""trade_id"":""513b6cfa-864e-5f20-733d-fc18b5f65b23"",""yes_price_dollars"":""0.0780""}"
KXETH15M-26APR271530-30,a15b246b-72f1-5f73-4135-2a71b0becf8d,1777317732,0.099,14.89,yes,"{""count_fp"":""14.89"",""created_time"":""2026-04-27T19:22:12.216322Z"",""no_price_dollars"":""0.9010"",""taker_side"":""yes"",""ticker"":""KXETH15M-26APR271530-30"",""trade_id"":""a15b246b-72f1-5f73-4135-2a71b0becf8d"",""yes_price_dollars"":""0.0990""}"
KXETH15M-26APR271530-30,927e45eb-279d-5538-662f-48d0e2bccf5b,1777317732,0.082,1.0,yes,"{""count_fp"":""1.00"",""created_time"":""2026-04-27T19:22:12.216322Z"",""no_price_dollars"":""0.9180"",""taker_side"":""yes"",""ticker"":""KXETH15M-26APR271530-30"",""trade_id"":""927e45eb-279d-5538-662f-48d0e2bccf5b"",""yes_price_dollars"":""0.0820""}"
KXETH15M-26APR271530-30,5639b9fa-6b92-56c8-7252-30d204eaabf7,1777317732,0.078,68.0,yes,"{""count_fp"":""68.00"",""created_time"":""2026-04-27T19:22:12.216322Z"",""no_price_dollars"":""0.9220"",""taker_side"":""yes"",""ticker"":""KXETH15M-26APR271530-30"",""trade_id"":""5639b9fa-6b92-56c8-7252-30d204eaabf7"",""yes_price_dollars"":""0.0780""}"
KXETH15M-26APR271530-30,36941665-a9b2-5573-7fcd-f978aa8e47dd,1777317732,0.098,10.0,yes,"{""count_fp"":""10.00"",""created_time"":""2026-04-27T19:22:12.216322Z"",""no_price_dollars"":""0.9020"",""taker_side"":""yes"",""ticker"":""KXETH15M-26APR271530-30"",""trade_id"":""36941665-a9b2-5573-7fcd-f978aa8e47dd"",""yes_price_dollars"":""0.0980""}"
KXETH15M-26APR271530-30,2b281b52-8062-55d8-7639-a1d9e2ac422c,1777317732,0.078,19.86,yes,"{""count_fp"":""19.86"",""created_time"":""2026-04-27T19:22:12.216322Z"",""no_price_dollars"":""0.9220"",""taker_side"":""yes"",""ticker"":""KXETH15M-26APR271530-30"",""trade_id"":""2b281b52-8062-55d8-7639-a1d9e2ac422c"",""yes_price_dollars"":""0.0780""}"
KXETH15M-26APR271530-30,902a1e8e-a913-62e0-1ced-4f63711d04fd,1777317733,0.068,11.92,yes,"{""count_fp"":""11.92"",""created_time"":""2026-04-27T19:22:13.994291Z"",""no_price_dollars"":""0.9320"",""taker_side"":""yes"",""ticker"":""KXETH15M-26APR271530-30"",""trade_id"":""902a1e8e-a913-62e0-1ced-4f63711d04fd"",""yes_price_dollars"":""0.0680""}"
KXETH15M-26APR271530-30,eac7a187-bb93-59d0-20db-85217870fa61,1777317733,0.068,50.0,yes,"{""count_fp"":""50.00"",""created_time"":""2026-04-27T19:22:13.149335Z"",""no_price_dollars"":""0.9320"",""taker_side"":""yes"",""ticker"":""KXETH15M-26APR271530-30"",""trade_id"":""eac7a187-bb93-59d0-20db-85217870fa61"",""yes_price_dollars"":""0.0680""}"
KXETH15M-26APR271530-30,3a9aa6bb-e081-50e5-1385-dde9beaf2e95,1777317734,0.058,57.59,yes,"{""count_fp"":""57.59"",""created_time"":""2026-04-27T19:22:14.820069Z"",""no_price_dollars"":""0.9420"",""taker_side"":""yes"",""ticker"":""KXETH15M-26APR271530-30"",""trade_id"":""3a9aa6bb-e081-50e5-1385-dde9beaf2e95"",""yes_price_dollars"":""0.0580""}"
KXETH15M-26APR271530-30,dd1c07dc-299d-671b-be29-31c5b492314d,1777317734,0.052,4.61,no,"{""count_fp"":""4.61"",""created_time"":""2026-04-27T19:22:14.161431Z"",""no_price_dollars"":""0.9480"",""taker_side"":""no"",""ticker"":""KXETH15M-26APR271530-30"",""trade_id"":""dd1c07dc-299d-671b-be29-31c5b492314d"",""yes_price_dollars"":""0.0520""}"
KXETH15M-26APR271530-30,ae5ab688-b30c-6591-97f8-49ebb8790f1a,1777317734,0.051,10.0,no,"{""count_fp"":""10.00"",""created_time"":""2026-04-27T19:22:14.161431Z"",""no_price_dollars"":""0.9490"",""taker_side"":""no"",""ticker"":""KXETH15M-26APR271530-30"",""trade_id"":""ae5ab688-b30c-6591-97f8-49ebb8790f1a"",""yes_price_dollars"":""0.0510""}"
KXETH15M-26APR271530-30,9a29e803-32f2-6c8c-9cdf-73bf2f2e359a,1777317734,0.05,19.88,no,"{""count_fp"":""19.88"",""created_time"":""2026-04-27T19:22:14.161431Z"",""no_price_dollars"":""0.9500"",""taker_side"":""no"",""ticker"":""KXETH15M-26APR271530-30"",""trade_id"":""9a29e803-32f2-6c8c-9cdf-73bf2f2e359a"",""yes_price_dollars"":""0.0500""}"
KXETH15M-26APR271530-30,9a1a95e2-c3d2-6263-8a67-3d5fd57fa85f,1777317734,0.05,1.0,no,"{""count_fp"":""1.00"",""created_time"":""2026-04-27T19:22:14.161431Z"",""no_price_dollars"":""0.9500"",""taker_side"":""no"",""ticker"":""KXETH15M-26APR271530-30"",""trade_id"":""9a1a95e2-c3d2-6263-8a67-3d5fd57fa85f"",""yes_price_dollars"":""0.0500""}"
KXETH15M-26APR271530-30,65a33244-bb0d-6b4c-89f2-8af7c5536efd,1777317734,0.057,1.0,no,"{""count_fp"":""1.00"",""created_time"":""2026-04-27T19:22:14.161431Z"",""no_price_dollars"":""0.9430"",""taker_side"":""no"",""ticker"":""KXETH15M-26APR271530-30"",""trade_id"":""65a33244-bb0d-6b4c-89f2-8af7c5536efd"",""yes_price_dollars"":""0.0570""}"
KXETH15M-26APR271530-30,2ed2751e-b9f6-6f4c-926c-bc40bf8c81a6,1777317734,0.06,0.23,no,"{""count_fp"":""0.23"",""created_time"":""2026-04-27T19:22:14.161431Z"",""no_price_dollars"":""0.9400"",""taker_side"":""no"",""ticker"":""KXETH15M-26APR271530-30"",""trade_id"":""2ed2751e-b9f6-6f4c-926c-bc40bf8c81a6"",""yes_price_dollars"":""0.0600""}"
