ticker,trade_id,ts,yes_price,count,taker_side,raw_json
KXETH15M-26APR280330-30,eec30443-3241-4035-f3af-04a162489e21,1777360511,0.61,15.95,yes,"{""count_fp"":""15.95"",""created_time"":""2026-04-28T07:15:11.947306Z"",""no_price_dollars"":""0.3900"",""taker_side"":""yes"",""ticker"":""KXETH15M-26APR280330-30"",""trade_id"":""eec30443-3241-4035-f3af-04a162489e21"",""yes_price_dollars"":""0.6100""}"
KXETH15M-26APR280330-30,6f92b969-0100-5b29-8591-e8d5c871ce8a,1777360515,0.54,2.0,no,"{""count_fp"":""2.00"",""created_time"":""2026-04-28T07:15:15.545055Z"",""no_price_dollars"":""0.4600"",""taker_side"":""no"",""ticker"":""KXETH15M-26APR280330-30"",""trade_id"":""6f92b969-0100-5b29-8591-e8d5c871ce8a"",""yes_price_dollars"":""0.5400""}"
KXETH15M-26APR280330-30,120fd9ca-6ba2-4cef-42c0-41f672e1e6a8,1777360524,0.43,34.06,no,"{""count_fp"":""34.06"",""created_time"":""2026-04-28T07:15:24.920499Z"",""no_price_dollars"":""0.5700"",""taker_side"":""no"",""ticker"":""KXETH15M-26APR280330-30"",""trade_id"":""120fd9ca-6ba2-4cef-42c0-41f672e1e6a8"",""yes_price_dollars"":""0.4300""}"
KXETH15M-26APR280330-30,d9c4c46e-1586-6859-e398-bd3171e4dc5d,1777360527,0.46,4.0,yes,"{""count_fp"":""4.00"",""created_time"":""2026-04-28T07:15:27.164933Z"",""no_price_dollars"":""0.5400"",""taker_side"":""yes"",""ticker"":""KXETH15M-26APR280330-30"",""trade_id"":""d9c4c46e-1586-6859-e398-bd3171e4dc5d"",""yes_price_dollars"":""0.4600""}"
KXETH15M-26APR280330-30,b2bf41e9-12be-6045-eb81-56f029cf9499,1777360527,0.45,1.0,yes,"{""count_fp"":""1.00"",""created_time"":""2026-04-28T07:15:27.164933Z"",""no_price_dollars"":""0.5500"",""taker_side"":""yes"",""ticker"":""KXETH15M-26APR280330-30"",""trade_id"":""b2bf41e9-12be-6045-eb81-56f029cf9499"",""yes_price_dollars"":""0.4500""}"
KXETH15M-26APR280330-30,36fd3b13-8bf1-4551-f41b-e48a170370cd,1777360530,0.44,0.43,no,"{""count_fp"":""0.43"",""created_time"":""2026-04-28T07:15:30.983728Z"",""no_price_dollars"":""0.5600"",""taker_side"":""no"",""ticker"":""KXETH15M-26APR280330-30"",""trade_id"":""36fd3b13-8bf1-4551-f41b-e48a170370cd"",""yes_price_dollars"":""0.4400""}"
KXETH15M-26APR280330-30,6b6f461e-6db9-491d-b951-e229c4d94fad,1777360532,0.44,17.0,no,"{""count_fp"":""17.00"",""created_time"":""2026-04-28T07:15:32.961302Z"",""no_price_dollars"":""0.5600"",""taker_side"":""no"",""ticker"":""KXETH15M-26APR280330-30"",""trade_id"":""6b6f461e-6db9-491d-b951-e229c4d94fad"",""yes_price_dollars"":""0.4400""}"
KXETH15M-26APR280330-30,8008db37-0589-62f4-c200-433ed0760e2f,1777360533,0.44,1.0,yes,"{""count_fp"":""1.00"",""created_time"":""2026-04-28T07:15:33.748511Z"",""no_price_dollars"":""0.5600"",""taker_side"":""yes"",""ticker"":""KXETH15M-26APR280330-30"",""trade_id"":""8008db37-0589-62f4-c200-433ed0760e2f"",""yes_price_dollars"":""0.4400""}"
KXETH15M-26APR280330-30,326257ea-76db-4e73-607f-f47d2ac8d8c9,1777360542,0.42,1.0,no,"{""count_fp"":""1.00"",""created_time"":""2026-04-28T07:15:42.170592Z"",""no_price_dollars"":""0.5800"",""taker_side"":""no"",""ticker"":""KXETH15M-26APR280330-30"",""trade_id"":""326257ea-76db-4e73-607f-f47d2ac8d8c9"",""yes_price_dollars"":""0.4200""}"
KXETH15M-26APR280330-30,bea13ffe-1ca3-786f-58a3-358812d9451d,1777360545,0.42,1.65,no,"{""count_fp"":""1.65"",""created_time"":""2026-04-28T07:15:45.353544Z"",""no_price_dollars"":""0.5800"",""taker_side"":""no"",""ticker"":""KXETH15M-26APR280330-30"",""trade_id"":""bea13ffe-1ca3-786f-58a3-358812d9451d"",""yes_price_dollars"":""0.4200""}"
KXETH15M-26APR280330-30,c4fc606d-b216-79bf-ea0a-4ad688cd82c0,1777360556,0.43,17.03,no,"{""count_fp"":""17.03"",""created_time"":""2026-04-28T07:15:56.845649Z"",""no_price_dollars"":""0.5700"",""taker_side"":""no"",""ticker"":""KXETH15M-26APR280330-30"",""trade_id"":""c4fc606d-b216-79bf-ea0a-4ad688cd82c0"",""yes_price_dollars"":""0.4300""}"
KXETH15M-26APR280330-30,b2cef2e7-7109-6820-7a00-6bb565f47c2b,1777360557,0.44,2.43,yes,"{""count_fp"":""2.43"",""created_time"":""2026-04-28T07:15:57.799513Z"",""no_price_dollars"":""0.5600"",""taker_side"":""yes"",""ticker"":""KXETH15M-26APR280330-30"",""trade_id"":""b2cef2e7-7109-6820-7a00-6bb565f47c2b"",""yes_price_dollars"":""0.4400""}"
KXETH15M-26APR280330-30,47b5c05a-686d-6938-73e1-c339f634c86e,1777360557,0.44,1.0,yes,"{""count_fp"":""1.00"",""created_time"":""2026-04-28T07:15:57.799513Z"",""no_price_dollars"":""0.5600"",""taker_side"":""yes"",""ticker"":""KXETH15M-26APR280330-30"",""trade_id"":""47b5c05a-686d-6938-73e1-c339f634c86e"",""yes_price_dollars"":""0.4400""}"
KXETH15M-26APR280330-30,162ae636-aeac-69ec-45b5-5b3714e2f089,1777360557,0.45,9.57,yes,"{""count_fp"":""9.57"",""created_time"":""2026-04-28T07:15:57.799513Z"",""no_price_dollars"":""0.5500"",""taker_side"":""yes"",""ticker"":""KXETH15M-26APR280330-30"",""trade_id"":""162ae636-aeac-69ec-45b5-5b3714e2f089"",""yes_price_dollars"":""0.4500""}"
KXETH15M-26APR280330-30,fa8ce526-679f-6acb-0a61-348e71d00b67,1777360558,0.44,1.0,no,"{""count_fp"":""1.00"",""created_time"":""2026-04-28T07:15:58.545609Z"",""no_price_dollars"":""0.5600"",""taker_side"":""no"",""ticker"":""KXETH15M-26APR280330-30"",""trade_id"":""fa8ce526-679f-6acb-0a61-348e71d00b67"",""yes_price_dollars"":""0.4400""}"
KXETH15M-26APR280330-30,1d61337b-c02e-6953-3878-c7d1aa19a7fc,1777360558,0.44,2.4,no,"{""count_fp"":""2.40"",""created_time"":""2026-04-28T07:15:58.545609Z"",""no_price_dollars"":""0.5600"",""taker_side"":""no"",""ticker"":""KXETH15M-26APR280330-30"",""trade_id"":""1d61337b-c02e-6953-3878-c7d1aa19a7fc"",""yes_price_dollars"":""0.4400""}"
KXETH15M-26APR280330-30,ee4f04c1-ebaf-4141-f87b-947d561d8b19,1777360560,0.43,1.0,no,"{""count_fp"":""1.00"",""created_time"":""2026-04-28T07:16:00.499798Z"",""no_price_dollars"":""0.5700"",""taker_side"":""no"",""ticker"":""KXETH15M-26APR280330-30"",""trade_id"":""ee4f04c1-ebaf-4141-f87b-947d561d8b19"",""yes_price_dollars"":""0.4300""}"
KXETH15M-26APR280330-30,e21a78f6-9a7a-693f-6178-163a1e13d40c,1777360561,0.43,31.0,no,"{""count_fp"":""31.00"",""created_time"":""2026-04-28T07:16:01.902348Z"",""no_price_dollars"":""0.5700"",""taker_side"":""no"",""ticker"":""KXETH15M-26APR280330-30"",""trade_id"":""e21a78f6-9a7a-693f-6178-163a1e13d40c"",""yes_price_dollars"":""0.4300""}"
KXETH15M-26APR280330-30,c51f427c-18f4-5b4f-5e55-8055759a1a67,1777360562,0.42,1.0,no,"{""count_fp"":""1.00"",""created_time"":""2026-04-28T07:16:02.528867Z"",""no_price_dollars"":""0.5800"",""taker_side"":""no"",""ticker"":""KXETH15M-26APR280330-30"",""trade_id"":""c51f427c-18f4-5b4f-5e55-8055759a1a67"",""yes_price_dollars"":""0.4200""}"
KXETH15M-26APR280330-30,6ac16905-fa26-5284-6d0d-180e85e57302,1777360562,0.42,10.0,no,"{""count_fp"":""10.00"",""created_time"":""2026-04-28T07:16:02.528867Z"",""no_price_dollars"":""0.5800"",""taker_side"":""no"",""ticker"":""KXETH15M-26APR280330-30"",""trade_id"":""6ac16905-fa26-5284-6d0d-180e85e57302"",""yes_price_dollars"":""0.4200""}"
KXETH15M-26APR280330-30,07f6867f-9067-5d33-449f-d17449cb0fcb,1777360562,0.42,0.7,no,"{""count_fp"":""0.70"",""created_time"":""2026-04-28T07:16:02.528867Z"",""no_price_dollars"":""0.5800"",""taker_side"":""no"",""ticker"":""KXETH15M-26APR280330-30"",""trade_id"":""07f6867f-9067-5d33-449f-d17449cb0fcb"",""yes_price_dollars"":""0.4200""}"
KXETH15M-26APR280330-30,c663f78b-24ad-501b-1ddb-bea6c2441e2c,1777360564,0.41,0.51,no,"{""count_fp"":""0.51"",""created_time"":""2026-04-28T07:16:04.775351Z"",""no_price_dollars"":""0.5900"",""taker_side"":""no"",""ticker"":""KXETH15M-26APR280330-30"",""trade_id"":""c663f78b-24ad-501b-1ddb-bea6c2441e2c"",""yes_price_dollars"":""0.4100""}"
KXETH15M-26APR280330-30,934a201f-9159-531f-2ec7-14067905b8ac,1777360564,0.41,9.0,no,"{""count_fp"":""9.00"",""created_time"":""2026-04-28T07:16:04.768655Z"",""no_price_dollars"":""0.5900"",""taker_side"":""no"",""ticker"":""KXETH15M-26APR280330-30"",""trade_id"":""934a201f-9159-531f-2ec7-14067905b8ac"",""yes_price_dollars"":""0.4100""}"
KXETH15M-26APR280330-30,4bb92131-90c3-512b-008f-e7b02eeeba6f,1777360564,0.41,37.0,no,"{""count_fp"":""37.00"",""created_time"":""2026-04-28T07:16:04.768655Z"",""no_price_dollars"":""0.5900"",""taker_side"":""no"",""ticker"":""KXETH15M-26APR280330-30"",""trade_id"":""4bb92131-90c3-512b-008f-e7b02eeeba6f"",""yes_price_dollars"":""0.4100""}"
KXETH15M-26APR280330-30,d9730ab0-58eb-66ef-74a9-d354dc6a282f,1777360564,0.41,3.0,no,"{""count_fp"":""3.00"",""created_time"":""2026-04-28T07:16:04.118841Z"",""no_price_dollars"":""0.5900"",""taker_side"":""no"",""ticker"":""KXETH15M-26APR280330-30"",""trade_id"":""d9730ab0-58eb-66ef-74a9-d354dc6a282f"",""yes_price_dollars"":""0.4100""}"
KXETH15M-26APR280330-30,8bbb573b-0a62-40b2-cd0b-79e0e39c8643,1777360565,0.37,1.0,no,"{""count_fp"":""1.00"",""created_time"":""2026-04-28T07:16:05.317958Z"",""no_price_dollars"":""0.6300"",""taker_side"":""no"",""ticker"":""KXETH15M-26APR280330-30"",""trade_id"":""8bbb573b-0a62-40b2-cd0b-79e0e39c8643"",""yes_price_dollars"":""0.3700""}"
KXETH15M-26APR280330-30,2cd9b1df-72e7-575e-dc18-101ba63aaf38,1777360565,0.4,5.0,no,"{""count_fp"":""5.00"",""created_time"":""2026-04-28T07:16:05.199184Z"",""no_price_dollars"":""0.6000"",""taker_side"":""no"",""ticker"":""KXETH15M-26APR280330-30"",""trade_id"":""2cd9b1df-72e7-575e-dc18-101ba63aaf38"",""yes_price_dollars"":""0.4000""}"
KXETH15M-26APR280330-30,c3510b26-e7a3-4e9b-7621-17fa3a27e685,1777360566,0.35,10.0,no,"{""count_fp"":""10.00"",""created_time"":""2026-04-28T07:16:06.489705Z"",""no_price_dollars"":""0.6500"",""taker_side"":""no"",""ticker"":""KXETH15M-26APR280330-30"",""trade_id"":""c3510b26-e7a3-4e9b-7621-17fa3a27e685"",""yes_price_dollars"":""0.3500""}"
KXETH15M-26APR280330-30,ac6627df-cb2e-473a-45af-c2615e1f6274,1777360566,0.36,1.0,no,"{""count_fp"":""1.00"",""created_time"":""2026-04-28T07:16:06.489705Z"",""no_price_dollars"":""0.6400"",""taker_side"":""no"",""ticker"":""KXETH15M-26APR280330-30"",""trade_id"":""ac6627df-cb2e-473a-45af-c2615e1f6274"",""yes_price_dollars"":""0.3600""}"
KXETH15M-26APR280330-30,54e630a4-6f75-4b0c-767c-7b1c61c77c6a,1777360566,0.35,8.91,no,"{""count_fp"":""8.91"",""created_time"":""2026-04-28T07:16:06.489705Z"",""no_price_dollars"":""0.6500"",""taker_side"":""no"",""ticker"":""KXETH15M-26APR280330-30"",""trade_id"":""54e630a4-6f75-4b0c-767c-7b1c61c77c6a"",""yes_price_dollars"":""0.3500""}"
KXETH15M-26APR280330-30,30797a6d-9576-43df-5877-86176fa72d9c,1777360566,0.34,4.09,no,"{""count_fp"":""4.09"",""created_time"":""2026-04-28T07:16:06.489705Z"",""no_price_dollars"":""0.6600"",""taker_side"":""no"",""ticker"":""KXETH15M-26APR280330-30"",""trade_id"":""30797a6d-9576-43df-5877-86176fa72d9c"",""yes_price_dollars"":""0.3400""}"
KXETH15M-26APR280330-30,34cf33c8-0dfe-40f9-8745-398e295ce6f1,1777360567,0.37,10.0,yes,"{""count_fp"":""10.00"",""created_time"":""2026-04-28T07:16:07.540661Z"",""no_price_dollars"":""0.6300"",""taker_side"":""yes"",""ticker"":""KXETH15M-26APR280330-30"",""trade_id"":""34cf33c8-0dfe-40f9-8745-398e295ce6f1"",""yes_price_dollars"":""0.3700""}"
KXETH15M-26APR280330-30,ce99925b-9ddc-6991-057d-71fd4452274e,1777360568,0.35,5.0,no,"{""count_fp"":""5.00"",""created_time"":""2026-04-28T07:16:08.118276Z"",""no_price_dollars"":""0.6500"",""taker_side"":""no"",""ticker"":""KXETH15M-26APR280330-30"",""trade_id"":""ce99925b-9ddc-6991-057d-71fd4452274e"",""yes_price_dollars"":""0.3500""}"
KXETH15M-26APR280330-30,83828fe9-5d6e-6e7f-3254-fd8d1a49bd16,1777360568,0.36,1.0,no,"{""count_fp"":""1.00"",""created_time"":""2026-04-28T07:16:08.118276Z"",""no_price_dollars"":""0.6400"",""taker_side"":""no"",""ticker"":""KXETH15M-26APR280330-30"",""trade_id"":""83828fe9-5d6e-6e7f-3254-fd8d1a49bd16"",""yes_price_dollars"":""0.3600""}"
KXETH15M-26APR280330-30,951c8666-be74-74f9-fe05-4219407f8cba,1777360569,0.35,3.91,no,"{""count_fp"":""3.91"",""created_time"":""2026-04-28T07:16:09.102581Z"",""no_price_dollars"":""0.6500"",""taker_side"":""no"",""ticker"":""KXETH15M-26APR280330-30"",""trade_id"":""951c8666-be74-74f9-fe05-4219407f8cba"",""yes_price_dollars"":""0.3500""}"
KXETH15M-26APR280330-30,032d2223-dc0b-7d62-efce-52d504f49c4e,1777360569,0.35,2.09,no,"{""count_fp"":""2.09"",""created_time"":""2026-04-28T07:16:09.102581Z"",""no_price_dollars"":""0.6500"",""taker_side"":""no"",""ticker"":""KXETH15M-26APR280330-30"",""trade_id"":""032d2223-dc0b-7d62-efce-52d504f49c4e"",""yes_price_dollars"":""0.3500""}"
KXETH15M-26APR280330-30,ccce98d1-26bd-73f2-187d-0efbbed955f8,1777360570,0.35,2.09,no,"{""count_fp"":""2.09"",""created_time"":""2026-04-28T07:16:10.330323Z"",""no_price_dollars"":""0.6500"",""taker_side"":""no"",""ticker"":""KXETH15M-26APR280330-30"",""trade_id"":""ccce98d1-26bd-73f2-187d-0efbbed955f8"",""yes_price_dollars"":""0.3500""}"
KXETH15M-26APR280330-30,4f41e1ff-5ab7-748e-125f-45eada55b712,1777360570,0.35,2.91,no,"{""count_fp"":""2.91"",""created_time"":""2026-04-28T07:16:10.330323Z"",""no_price_dollars"":""0.6500"",""taker_side"":""no"",""ticker"":""KXETH15M-26APR280330-30"",""trade_id"":""4f41e1ff-5ab7-748e-125f-45eada55b712"",""yes_price_dollars"":""0.3500""}"
KXETH15M-26APR280330-30,f9ecb9ca-a94e-6797-2100-b7ff7f286496,1777360577,0.33,10.0,yes,"{""count_fp"":""10.00"",""created_time"":""2026-04-28T07:16:17.511141Z"",""no_price_dollars"":""0.6700"",""taker_side"":""yes"",""ticker"":""KXETH15M-26APR280330-30"",""trade_id"":""f9ecb9ca-a94e-6797-2100-b7ff7f286496"",""yes_price_dollars"":""0.3300""}"
KXETH15M-26APR280330-30,ed691918-f2b2-65f9-2302-ed67b382d1e1,1777360577,0.33,41.09,yes,"{""count_fp"":""41.09"",""created_time"":""2026-04-28T07:16:17.511141Z"",""no_price_dollars"":""0.6700"",""taker_side"":""yes"",""ticker"":""KXETH15M-26APR280330-30"",""trade_id"":""ed691918-f2b2-65f9-2302-ed67b382d1e1"",""yes_price_dollars"":""0.3300""}"
KXETH15M-26APR280330-30,526d782c-277f-5391-1f7f-8981d04f340e,1777360579,0.32,40.0,yes,"{""count_fp"":""40.00"",""created_time"":""2026-04-28T07:16:19.126195Z"",""no_price_dollars"":""0.6800"",""taker_side"":""yes"",""ticker"":""KXETH15M-26APR280330-30"",""trade_id"":""526d782c-277f-5391-1f7f-8981d04f340e"",""yes_price_dollars"":""0.3200""}"
KXETH15M-26APR280330-30,ed5badff-dbe2-7e47-705f-64c98bab4035,1777360582,0.31,1.0,no,"{""count_fp"":""1.00"",""created_time"":""2026-04-28T07:16:22.368848Z"",""no_price_dollars"":""0.6900"",""taker_side"":""no"",""ticker"":""KXETH15M-26APR280330-30"",""trade_id"":""ed5badff-dbe2-7e47-705f-64c98bab4035"",""yes_price_dollars"":""0.3100""}"
KXETH15M-26APR280330-30,c96ad63a-083a-7a70-7118-0402a6910730,1777360582,0.3,1.0,no,"{""count_fp"":""1.00"",""created_time"":""2026-04-28T07:16:22.368848Z"",""no_price_dollars"":""0.7000"",""taker_side"":""no"",""ticker"":""KXETH15M-26APR280330-30"",""trade_id"":""c96ad63a-083a-7a70-7118-0402a6910730"",""yes_price_dollars"":""0.3000""}"
KXETH15M-26APR280330-30,4bc5e37a-0761-7768-45ba-adacbc5df339,1777360582,0.29,1.0,no,"{""count_fp"":""1.00"",""created_time"":""2026-04-28T07:16:22.368848Z"",""no_price_dollars"":""0.7100"",""taker_side"":""no"",""ticker"":""KXETH15M-26APR280330-30"",""trade_id"":""4bc5e37a-0761-7768-45ba-adacbc5df339"",""yes_price_dollars"":""0.2900""}"
KXETH15M-26APR280330-30,4520be45-f098-785d-7a98-f55bbed875ea,1777360582,0.29,6.52,no,"{""count_fp"":""6.52"",""created_time"":""2026-04-28T07:16:22.368848Z"",""no_price_dollars"":""0.7100"",""taker_side"":""no"",""ticker"":""KXETH15M-26APR280330-30"",""trade_id"":""4520be45-f098-785d-7a98-f55bbed875ea"",""yes_price_dollars"":""0.2900""}"
KXETH15M-26APR280330-30,58c12c5a-5350-514d-e59e-d8b92c3efd93,1777360583,0.22,200.0,no,"{""count_fp"":""200.00"",""created_time"":""2026-04-28T07:16:23.740678Z"",""no_price_dollars"":""0.7800"",""taker_side"":""no"",""ticker"":""KXETH15M-26APR280330-30"",""trade_id"":""58c12c5a-5350-514d-e59e-d8b92c3efd93"",""yes_price_dollars"":""0.2200""}"
KXETH15M-26APR280330-30,969dd340-7d29-5ca7-d4e1-75538f8285ac,1777360583,0.22,56.0,no,"{""count_fp"":""56.00"",""created_time"":""2026-04-28T07:16:23.722377Z"",""no_price_dollars"":""0.7800"",""taker_side"":""no"",""ticker"":""KXETH15M-26APR280330-30"",""trade_id"":""969dd340-7d29-5ca7-d4e1-75538f8285ac"",""yes_price_dollars"":""0.2200""}"
KXETH15M-26APR280330-30,35f7002e-1021-5a47-fbcf-83f4dbfcc4cc,1777360583,0.23,144.0,no,"{""count_fp"":""144.00"",""created_time"":""2026-04-28T07:16:23.716839Z"",""no_price_dollars"":""0.7700"",""taker_side"":""no"",""ticker"":""KXETH15M-26APR280330-30"",""trade_id"":""35f7002e-1021-5a47-fbcf-83f4dbfcc4cc"",""yes_price_dollars"":""0.2300""}"
KXETH15M-26APR280330-30,5e499d75-865a-44f0-38be-281a794fe10f,1777360583,0.23,144.0,no,"{""count_fp"":""144.00"",""created_time"":""2026-04-28T07:16:23.708095Z"",""no_price_dollars"":""0.7700"",""taker_side"":""no"",""ticker"":""KXETH15M-26APR280330-30"",""trade_id"":""5e499d75-865a-44f0-38be-281a794fe10f"",""yes_price_dollars"":""0.2300""}"
KXETH15M-26APR280330-30,6e61bbd9-776f-40f3-2ed2-0e0d893d1c81,1777360583,0.24,133.0,no,"{""count_fp"":""133.00"",""created_time"":""2026-04-28T07:16:23.682075Z"",""no_price_dollars"":""0.7600"",""taker_side"":""no"",""ticker"":""KXETH15M-26APR280330-30"",""trade_id"":""6e61bbd9-776f-40f3-2ed2-0e0d893d1c81"",""yes_price_dollars"":""0.2400""}"
KXETH15M-26APR280330-30,70771384-875d-78be-e890-766b878e111c,1777360583,0.22,60.0,no,"{""count_fp"":""60.00"",""created_time"":""2026-04-28T07:16:23.673401Z"",""no_price_dollars"":""0.7800"",""taker_side"":""no"",""ticker"":""KXETH15M-26APR280330-30"",""trade_id"":""70771384-875d-78be-e890-766b878e111c"",""yes_price_dollars"":""0.2200""}"
KXETH15M-26APR280330-30,61eae312-73e6-67fb-c582-ac8e2bfe3d47,1777360583,0.25,133.0,no,"{""count_fp"":""133.00"",""created_time"":""2026-04-28T07:16:23.667149Z"",""no_price_dollars"":""0.7500"",""taker_side"":""no"",""ticker"":""KXETH15M-26APR280330-30"",""trade_id"":""61eae312-73e6-67fb-c582-ac8e2bfe3d47"",""yes_price_dollars"":""0.2500""}"
KXETH15M-26APR280330-30,4164824e-4252-6473-cb23-617c8fdc404a,1777360583,0.23,10.0,no,"{""count_fp"":""10.00"",""created_time"":""2026-04-28T07:16:23.667149Z"",""no_price_dollars"":""0.7700"",""taker_side"":""no"",""ticker"":""KXETH15M-26APR280330-30"",""trade_id"":""4164824e-4252-6473-cb23-617c8fdc404a"",""yes_price_dollars"":""0.2300""}"
KXETH15M-26APR280330-30,3623bc9f-2c8d-695c-cab0-d5a92a62cc10,1777360583,0.25,1.0,no,"{""count_fp"":""1.00"",""created_time"":""2026-04-28T07:16:23.667149Z"",""no_price_dollars"":""0.7500"",""taker_side"":""no"",""ticker"":""KXETH15M-26APR280330-30"",""trade_id"":""3623bc9f-2c8d-695c-cab0-d5a92a62cc10"",""yes_price_dollars"":""0.2500""}"
KXETH15M-26APR280330-30,538321ad-c542-69ce-814b-f1e3430e18fa,1777360583,0.26,10.0,no,"{""count_fp"":""10.00"",""created_time"":""2026-04-28T07:16:23.649207Z"",""no_price_dollars"":""0.7400"",""taker_side"":""no"",""ticker"":""KXETH15M-26APR280330-30"",""trade_id"":""538321ad-c542-69ce-814b-f1e3430e18fa"",""yes_price_dollars"":""0.2600""}"
KXETH15M-26APR280330-30,65542c39-6b74-6bc7-eb4e-ef45ecb8d0c8,1777360584,0.21,10.0,yes,"{""count_fp"":""10.00"",""created_time"":""2026-04-28T07:16:24.341218Z"",""no_price_dollars"":""0.7900"",""taker_side"":""yes"",""ticker"":""KXETH15M-26APR280330-30"",""trade_id"":""65542c39-6b74-6bc7-eb4e-ef45ecb8d0c8"",""yes_price_dollars"":""0.2100""}"
KXETH15M-26APR280330-30,50828b6d-aea1-6fe5-e7be-acf74149f863,1777360584,0.21,10.0,yes,"{""count_fp"":""10.00"",""created_time"":""2026-04-28T07:16:24.341218Z"",""no_price_dollars"":""0.7900"",""taker_side"":""yes"",""ticker"":""KXETH15M-26APR280330-30"",""trade_id"":""50828b6d-aea1-6fe5-e7be-acf74149f863"",""yes_price_dollars"":""0.2100""}"
KXETH15M-26APR280330-30,6a38be73-b522-625c-24f1-425ecb01b5ea,1777360585,0.2,1.0,no,"{""count_fp"":""1.00"",""created_time"":""2026-04-28T07:16:25.132408Z"",""no_price_dollars"":""0.8000"",""taker_side"":""no"",""ticker"":""KXETH15M-26APR280330-30"",""trade_id"":""6a38be73-b522-625c-24f1-425ecb01b5ea"",""yes_price_dollars"":""0.2000""}"
KXETH15M-26APR280330-30,565ec174-f44f-6a8c-0600-4a67f3c9b164,1777360585,0.19,3.0,no,"{""count_fp"":""3.00"",""created_time"":""2026-04-28T07:16:25.132408Z"",""no_price_dollars"":""0.8100"",""taker_side"":""no"",""ticker"":""KXETH15M-26APR280330-30"",""trade_id"":""565ec174-f44f-6a8c-0600-4a67f3c9b164"",""yes_price_dollars"":""0.1900""}"
KXETH15M-26APR280330-30,36225412-4b70-6d4d-3e9e-2ff769ac1d39,1777360585,0.2,10.0,no,"{""count_fp"":""10.00"",""created_time"":""2026-04-28T07:16:25.132408Z"",""no_price_dollars"":""0.8000"",""taker_side"":""no"",""ticker"":""KXETH15M-26APR280330-30"",""trade_id"":""36225412-4b70-6d4d-3e9e-2ff769ac1d39"",""yes_price_dollars"":""0.2000""}"
KXETH15M-26APR280330-30,d2ab8381-4133-4a0a-a043-0d0e1dbd9052,1777360585,0.23,56.89,yes,"{""count_fp"":""56.89"",""created_time"":""2026-04-28T07:16:25.107969Z"",""no_price_dollars"":""0.7700"",""taker_side"":""yes"",""ticker"":""KXETH15M-26APR280330-30"",""trade_id"":""d2ab8381-4133-4a0a-a043-0d0e1dbd9052"",""yes_price_dollars"":""0.2300""}"
KXETH15M-26APR280330-30,a00aeaf9-36f5-48a9-bb28-4a889b1b25c8,1777360585,0.23,1.0,yes,"{""count_fp"":""1.00"",""created_time"":""2026-04-28T07:16:25.107969Z"",""no_price_dollars"":""0.7700"",""taker_side"":""yes"",""ticker"":""KXETH15M-26APR280330-30"",""trade_id"":""a00aeaf9-36f5-48a9-bb28-4a889b1b25c8"",""yes_price_dollars"":""0.2300""}"
KXETH15M-26APR280330-30,2a70fd56-3dc8-68a8-54f6-612fd89320bf,1777360586,0.23,3.0,yes,"{""count_fp"":""3.00"",""created_time"":""2026-04-28T07:16:26.798425Z"",""no_price_dollars"":""0.7700"",""taker_side"":""yes"",""ticker"":""KXETH15M-26APR280330-30"",""trade_id"":""2a70fd56-3dc8-68a8-54f6-612fd89320bf"",""yes_price_dollars"":""0.2300""}"
KXETH15M-26APR280330-30,db0b436f-b2df-7175-8b3b-fbcaa58b363e,1777360586,0.22,542.0,no,"{""count_fp"":""542.00"",""created_time"":""2026-04-28T07:16:26.214355Z"",""no_price_dollars"":""0.7800"",""taker_side"":""no"",""ticker"":""KXETH15M-26APR280330-30"",""trade_id"":""db0b436f-b2df-7175-8b3b-fbcaa58b363e"",""yes_price_dollars"":""0.2200""}"
KXETH15M-26APR280330-30,387d0e3c-5724-7eae-99a7-3d080d45a33b,1777360586,0.22,1.0,no,"{""count_fp"":""1.00"",""created_time"":""2026-04-28T07:16:26.214355Z"",""no_price_dollars"":""0.7800"",""taker_side"":""no"",""ticker"":""KXETH15M-26APR280330-30"",""trade_id"":""387d0e3c-5724-7eae-99a7-3d080d45a33b"",""yes_price_dollars"":""0.2200""}"
KXETH15M-26APR280330-30,21f76a15-4357-6955-aaee-4411ca566d3a,1777360586,0.22,8.0,no,"{""count_fp"":""8.00"",""created_time"":""2026-04-28T07:16:26.105249Z"",""no_price_dollars"":""0.7800"",""taker_side"":""no"",""ticker"":""KXETH15M-26APR280330-30"",""trade_id"":""21f76a15-4357-6955-aaee-4411ca566d3a"",""yes_price_dollars"":""0.2200""}"
KXETH15M-26APR280330-30,9a79bde5-00ee-452a-c487-d64b31098b69,1777360589,0.23,7.0,no,"{""count_fp"":""7.00"",""created_time"":""2026-04-28T07:16:29.111378Z"",""no_price_dollars"":""0.7700"",""taker_side"":""no"",""ticker"":""KXETH15M-26APR280330-30"",""trade_id"":""9a79bde5-00ee-452a-c487-d64b31098b69"",""yes_price_dollars"":""0.2300""}"
KXETH15M-26APR280330-30,2ff10f7b-e98e-5c72-c473-9670f0388be5,1777360590,0.23,6.0,no,"{""count_fp"":""6.00"",""created_time"":""2026-04-28T07:16:30.112861Z"",""no_price_dollars"":""0.7700"",""taker_side"":""no"",""ticker"":""KXETH15M-26APR280330-30"",""trade_id"":""2ff10f7b-e98e-5c72-c473-9670f0388be5"",""yes_price_dollars"":""0.2300""}"
KXETH15M-26APR280330-30,1861a801-caea-7b0a-306f-8c2a29450215,1777360592,0.23,6.0,no,"{""count_fp"":""6.00"",""created_time"":""2026-04-28T07:16:32.085389Z"",""no_price_dollars"":""0.7700"",""taker_side"":""no"",""ticker"":""KXETH15M-26APR280330-30"",""trade_id"":""1861a801-caea-7b0a-306f-8c2a29450215"",""yes_price_dollars"":""0.2300""}"
KXETH15M-26APR280330-30,e5852f20-f49b-7dad-7e20-c7b0066fc65d,1777360593,0.24,1.0,yes,"{""count_fp"":""1.00"",""created_time"":""2026-04-28T07:16:33.780413Z"",""no_price_dollars"":""0.7600"",""taker_side"":""yes"",""ticker"":""KXETH15M-26APR280330-30"",""trade_id"":""e5852f20-f49b-7dad-7e20-c7b0066fc65d"",""yes_price_dollars"":""0.2400""}"
KXETH15M-26APR280330-30,c2b0f52b-8d2d-7c04-4655-ab9bd98459d8,1777360593,0.24,10.0,yes,"{""count_fp"":""10.00"",""created_time"":""2026-04-28T07:16:33.780413Z"",""no_price_dollars"":""0.7600"",""taker_side"":""yes"",""ticker"":""KXETH15M-26APR280330-30"",""trade_id"":""c2b0f52b-8d2d-7c04-4655-ab9bd98459d8"",""yes_price_dollars"":""0.2400""}"
KXETH15M-26APR280330-30,6a189c18-8414-7ce8-a6ca-8612f54e09bc,1777360593,0.23,6.0,no,"{""count_fp"":""6.00"",""created_time"":""2026-04-28T07:16:33.111532Z"",""no_price_dollars"":""0.7700"",""taker_side"":""no"",""ticker"":""KXETH15M-26APR280330-30"",""trade_id"":""6a189c18-8414-7ce8-a6ca-8612f54e09bc"",""yes_price_dollars"":""0.2300""}"
KXETH15M-26APR280330-30,f96896db-3582-6772-25b9-9bf6aaaa307d,1777360594,0.23,1.0,no,"{""count_fp"":""1.00"",""created_time"":""2026-04-28T07:16:34.148508Z"",""no_price_dollars"":""0.7700"",""taker_side"":""no"",""ticker"":""KXETH15M-26APR280330-30"",""trade_id"":""f96896db-3582-6772-25b9-9bf6aaaa307d"",""yes_price_dollars"":""0.2300""}"
KXETH15M-26APR280330-30,f7fa84b4-1f2a-4f82-ea61-228e833ef1dd,1777360596,0.23,1.0,no,"{""count_fp"":""1.00"",""created_time"":""2026-04-28T07:16:36.090216Z"",""no_price_dollars"":""0.7700"",""taker_side"":""no"",""ticker"":""KXETH15M-26APR280330-30"",""trade_id"":""f7fa84b4-1f2a-4f82-ea61-228e833ef1dd"",""yes_price_dollars"":""0.2300""}"
KXETH15M-26APR280330-30,9188cede-2183-718e-cd55-2e2ce3a40888,1777360604,0.22,10.0,no,"{""count_fp"":""10.00"",""created_time"":""2026-04-28T07:16:44.482792Z"",""no_price_dollars"":""0.7800"",""taker_side"":""no"",""ticker"":""KXETH15M-26APR280330-30"",""trade_id"":""9188cede-2183-718e-cd55-2e2ce3a40888"",""yes_price_dollars"":""0.2200""}"
KXETH15M-26APR280330-30,a0e1b183-c2db-4e64-437a-6e7fa75655b0,1777360606,0.19,6.08,no,"{""count_fp"":""6.08"",""created_time"":""2026-04-28T07:16:46.897752Z"",""no_price_dollars"":""0.8100"",""taker_side"":""no"",""ticker"":""KXETH15M-26APR280330-30"",""trade_id"":""a0e1b183-c2db-4e64-437a-6e7fa75655b0"",""yes_price_dollars"":""0.1900""}"
KXETH15M-26APR280330-30,d9f5688a-e62b-51f1-2423-306af44acb42,1777360614,0.21,10.0,yes,"{""count_fp"":""10.00"",""created_time"":""2026-04-28T07:16:54.889298Z"",""no_price_dollars"":""0.7900"",""taker_side"":""yes"",""ticker"":""KXETH15M-26APR280330-30"",""trade_id"":""d9f5688a-e62b-51f1-2423-306af44acb42"",""yes_price_dollars"":""0.2100""}"
KXETH15M-26APR280330-30,3ba5bdc0-53f6-74da-6730-278fbd15dadd,1777360615,0.2,1.0,no,"{""count_fp"":""1.00"",""created_time"":""2026-04-28T07:16:55.576562Z"",""no_price_dollars"":""0.8000"",""taker_side"":""no"",""ticker"":""KXETH15M-26APR280330-30"",""trade_id"":""3ba5bdc0-53f6-74da-6730-278fbd15dadd"",""yes_price_dollars"":""0.2000""}"
KXETH15M-26APR280330-30,899ba6df-7f1c-4f6c-0d3d-a75a92542b31,1777360616,0.21,1.0,yes,"{""count_fp"":""1.00"",""created_time"":""2026-04-28T07:16:56.033447Z"",""no_price_dollars"":""0.7900"",""taker_side"":""yes"",""ticker"":""KXETH15M-26APR280330-30"",""trade_id"":""899ba6df-7f1c-4f6c-0d3d-a75a92542b31"",""yes_price_dollars"":""0.2100""}"
KXETH15M-26APR280330-30,5ecea349-334f-4d41-25f3-4c5c2243521a,1777360616,0.22,40.66,yes,"{""count_fp"":""40.66"",""created_time"":""2026-04-28T07:16:56.033447Z"",""no_price_dollars"":""0.7800"",""taker_side"":""yes"",""ticker"":""KXETH15M-26APR280330-30"",""trade_id"":""5ecea349-334f-4d41-25f3-4c5c2243521a"",""yes_price_dollars"":""0.2200""}"
KXETH15M-26APR280330-30,9a95a05c-a359-591b-a428-319ce4fc4ad5,1777360617,0.23,10.0,yes,"{""count_fp"":""10.00"",""created_time"":""2026-04-28T07:16:57.345653Z"",""no_price_dollars"":""0.7700"",""taker_side"":""yes"",""ticker"":""KXETH15M-26APR280330-30"",""trade_id"":""9a95a05c-a359-591b-a428-319ce4fc4ad5"",""yes_price_dollars"":""0.2300""}"
KXETH15M-26APR280330-30,91f70a89-291b-5a41-9daa-de0b671db608,1777360617,0.22,1.0,yes,"{""count_fp"":""1.00"",""created_time"":""2026-04-28T07:16:57.345653Z"",""no_price_dollars"":""0.7800"",""taker_side"":""yes"",""ticker"":""KXETH15M-26APR280330-30"",""trade_id"":""91f70a89-291b-5a41-9daa-de0b671db608"",""yes_price_dollars"":""0.2200""}"
KXETH15M-26APR280330-30,ee9a18da-1391-4c56-1af7-1cabd61d01f2,1777360620,0.27,10.0,yes,"{""count_fp"":""10.00"",""created_time"":""2026-04-28T07:17:00.214454Z"",""no_price_dollars"":""0.7300"",""taker_side"":""yes"",""ticker"":""KXETH15M-26APR280330-30"",""trade_id"":""ee9a18da-1391-4c56-1af7-1cabd61d01f2"",""yes_price_dollars"":""0.2700""}"
KXETH15M-26APR280330-30,ee7ae3a4-0836-40c2-395d-ae8e8140577d,1777360620,0.26,1.0,yes,"{""count_fp"":""1.00"",""created_time"":""2026-04-28T07:17:00.214454Z"",""no_price_dollars"":""0.7400"",""taker_side"":""yes"",""ticker"":""KXETH15M-26APR280330-30"",""trade_id"":""ee7ae3a4-0836-40c2-395d-ae8e8140577d"",""yes_price_dollars"":""0.2600""}"
KXETH15M-26APR280330-30,ca49af28-886b-506b-13d7-69b9924d18a2,1777360620,0.24,10.0,no,"{""count_fp"":""10.00"",""created_time"":""2026-04-28T07:17:00.115478Z"",""no_price_dollars"":""0.7600"",""taker_side"":""no"",""ticker"":""KXETH15M-26APR280330-30"",""trade_id"":""ca49af28-886b-506b-13d7-69b9924d18a2"",""yes_price_dollars"":""0.2400""}"
KXETH15M-26APR280330-30,21e6cb2a-ca4a-5012-2bd8-af03976efc85,1777360620,0.23,4.0,no,"{""count_fp"":""4.00"",""created_time"":""2026-04-28T07:17:00.115478Z"",""no_price_dollars"":""0.7700"",""taker_side"":""no"",""ticker"":""KXETH15M-26APR280330-30"",""trade_id"":""21e6cb2a-ca4a-5012-2bd8-af03976efc85"",""yes_price_dollars"":""0.2300""}"
KXETH15M-26APR280330-30,0c936f8c-2f9a-63fe-963e-c5ac58e17329,1777360621,0.26,14.0,no,"{""count_fp"":""14.00"",""created_time"":""2026-04-28T07:17:01.099543Z"",""no_price_dollars"":""0.7400"",""taker_side"":""no"",""ticker"":""KXETH15M-26APR280330-30"",""trade_id"":""0c936f8c-2f9a-63fe-963e-c5ac58e17329"",""yes_price_dollars"":""0.2600""}"
KXETH15M-26APR280330-30,e2235ab0-6b3e-54ba-3acd-24694948e9d9,1777360621,0.26,1.0,no,"{""count_fp"":""1.00"",""created_time"":""2026-04-28T07:17:01.008224Z"",""no_price_dollars"":""0.7400"",""taker_side"":""no"",""ticker"":""KXETH15M-26APR280330-30"",""trade_id"":""e2235ab0-6b3e-54ba-3acd-24694948e9d9"",""yes_price_dollars"":""0.2600""}"
KXETH15M-26APR280330-30,dbf6b6f5-67fa-4216-c05d-1a562aedc12d,1777360622,0.24,15.0,no,"{""count_fp"":""15.00"",""created_time"":""2026-04-28T07:17:02.137698Z"",""no_price_dollars"":""0.7600"",""taker_side"":""no"",""ticker"":""KXETH15M-26APR280330-30"",""trade_id"":""dbf6b6f5-67fa-4216-c05d-1a562aedc12d"",""yes_price_dollars"":""0.2400""}"
KXETH15M-26APR280330-30,22ec51cb-fdd0-7f99-0288-1f4b52242c33,1777360624,0.26,1.0,no,"{""count_fp"":""1.00"",""created_time"":""2026-04-28T07:17:04.934139Z"",""no_price_dollars"":""0.7400"",""taker_side"":""no"",""ticker"":""KXETH15M-26APR280330-30"",""trade_id"":""22ec51cb-fdd0-7f99-0288-1f4b52242c33"",""yes_price_dollars"":""0.2600""}"
KXETH15M-26APR280330-30,8e3c8186-cfd3-4c61-5c96-0540c5e723fe,1777360627,0.29,40.0,yes,"{""count_fp"":""40.00"",""created_time"":""2026-04-28T07:17:07.109229Z"",""no_price_dollars"":""0.7100"",""taker_side"":""yes"",""ticker"":""KXETH15M-26APR280330-30"",""trade_id"":""8e3c8186-cfd3-4c61-5c96-0540c5e723fe"",""yes_price_dollars"":""0.2900""}"
KXETH15M-26APR280330-30,f4233f22-3054-40e0-c213-b1931e03fc4f,1777360629,0.32,10.0,yes,"{""count_fp"":""10.00"",""created_time"":""2026-04-28T07:17:09.978639Z"",""no_price_dollars"":""0.6800"",""taker_side"":""yes"",""ticker"":""KXETH15M-26APR280330-30"",""trade_id"":""f4233f22-3054-40e0-c213-b1931e03fc4f"",""yes_price_dollars"":""0.3200""}"
KXETH15M-26APR280330-30,ef0bf43d-32ae-47a4-dd17-d08cb89f59aa,1777360629,0.32,10.0,yes,"{""count_fp"":""10.00"",""created_time"":""2026-04-28T07:17:09.978639Z"",""no_price_dollars"":""0.6800"",""taker_side"":""yes"",""ticker"":""KXETH15M-26APR280330-30"",""trade_id"":""ef0bf43d-32ae-47a4-dd17-d08cb89f59aa"",""yes_price_dollars"":""0.3200""}"
KXETH15M-26APR280330-30,4ca8951b-0644-4a04-c86e-99086a6ce6ae,1777360629,0.32,1.0,yes,"{""count_fp"":""1.00"",""created_time"":""2026-04-28T07:17:09.978639Z"",""no_price_dollars"":""0.6800"",""taker_side"":""yes"",""ticker"":""KXETH15M-26APR280330-30"",""trade_id"":""4ca8951b-0644-4a04-c86e-99086a6ce6ae"",""yes_price_dollars"":""0.3200""}"
KXETH15M-26APR280330-30,16b485e3-524c-446e-cc6c-e47dcda0f9fe,1777360629,0.32,6.0,yes,"{""count_fp"":""6.00"",""created_time"":""2026-04-28T07:17:09.978639Z"",""no_price_dollars"":""0.6800"",""taker_side"":""yes"",""ticker"":""KXETH15M-26APR280330-30"",""trade_id"":""16b485e3-524c-446e-cc6c-e47dcda0f9fe"",""yes_price_dollars"":""0.3200""}"
KXETH15M-26APR280330-30,0b922cff-99fc-4d03-c685-5d03fd6726c6,1777360629,0.3,5.0,yes,"{""count_fp"":""5.00"",""created_time"":""2026-04-28T07:17:09.978639Z"",""no_price_dollars"":""0.7000"",""taker_side"":""yes"",""ticker"":""KXETH15M-26APR280330-30"",""trade_id"":""0b922cff-99fc-4d03-c685-5d03fd6726c6"",""yes_price_dollars"":""0.3000""}"
KXETH15M-26APR280330-30,f5b1ab7f-110a-7196-2592-d84f30abd43d,1777360630,0.31,1.0,no,"{""count_fp"":""1.00"",""created_time"":""2026-04-28T07:17:10.149533Z"",""no_price_dollars"":""0.6900"",""taker_side"":""no"",""ticker"":""KXETH15M-26APR280330-30"",""trade_id"":""f5b1ab7f-110a-7196-2592-d84f30abd43d"",""yes_price_dollars"":""0.3100""}"
KXETH15M-26APR280330-30,07124dd0-7272-6fae-b3af-b9f0f1b5cd49,1777360630,0.31,15.0,no,"{""count_fp"":""15.00"",""created_time"":""2026-04-28T07:17:10.120649Z"",""no_price_dollars"":""0.6900"",""taker_side"":""no"",""ticker"":""KXETH15M-26APR280330-30"",""trade_id"":""07124dd0-7272-6fae-b3af-b9f0f1b5cd49"",""yes_price_dollars"":""0.3100""}"
KXETH15M-26APR280330-30,b3f4c9c4-9127-5955-74de-e6f7462f27e3,1777360631,0.36,9.0,yes,"{""count_fp"":""9.00"",""created_time"":""2026-04-28T07:17:11.967243Z"",""no_price_dollars"":""0.6400"",""taker_side"":""yes"",""ticker"":""KXETH15M-26APR280330-30"",""trade_id"":""b3f4c9c4-9127-5955-74de-e6f7462f27e3"",""yes_price_dollars"":""0.3600""}"
KXETH15M-26APR280330-30,922eb29a-a841-5d4f-6931-0b44deea8c70,1777360631,0.35,1.0,yes,"{""count_fp"":""1.00"",""created_time"":""2026-04-28T07:17:11.967243Z"",""no_price_dollars"":""0.6500"",""taker_side"":""yes"",""ticker"":""KXETH15M-26APR280330-30"",""trade_id"":""922eb29a-a841-5d4f-6931-0b44deea8c70"",""yes_price_dollars"":""0.3500""}"
KXETH15M-26APR280330-30,af9c0df6-6d2e-7a1e-7289-8e70414cae5e,1777360631,0.33,10.0,yes,"{""count_fp"":""10.00"",""created_time"":""2026-04-28T07:17:11.489547Z"",""no_price_dollars"":""0.6700"",""taker_side"":""yes"",""ticker"":""KXETH15M-26APR280330-30"",""trade_id"":""af9c0df6-6d2e-7a1e-7289-8e70414cae5e"",""yes_price_dollars"":""0.3300""}"
KXETH15M-26APR280330-30,4ae01e51-2e87-764f-7e2b-1b46beed88c1,1777360631,0.33,4.0,yes,"{""count_fp"":""4.00"",""created_time"":""2026-04-28T07:17:11.489547Z"",""no_price_dollars"":""0.6700"",""taker_side"":""yes"",""ticker"":""KXETH15M-26APR280330-30"",""trade_id"":""4ae01e51-2e87-764f-7e2b-1b46beed88c1"",""yes_price_dollars"":""0.3300""}"
KXETH15M-26APR280330-30,6d368d8a-18cd-592c-89fc-7e214f2fa8eb,1777360632,0.33,1.0,yes,"{""count_fp"":""1.00"",""created_time"":""2026-04-28T07:17:12.501827Z"",""no_price_dollars"":""0.6700"",""taker_side"":""yes"",""ticker"":""KXETH15M-26APR280330-30"",""trade_id"":""6d368d8a-18cd-592c-89fc-7e214f2fa8eb"",""yes_price_dollars"":""0.3300""}"
KXETH15M-26APR280330-30,3f663dd0-e21e-5856-e74e-3136151c0b91,1777360633,0.31,15.0,no,"{""count_fp"":""15.00"",""created_time"":""2026-04-28T07:17:13.091101Z"",""no_price_dollars"":""0.6900"",""taker_side"":""no"",""ticker"":""KXETH15M-26APR280330-30"",""trade_id"":""3f663dd0-e21e-5856-e74e-3136151c0b91"",""yes_price_dollars"":""0.3100""}"
KXETH15M-26APR280330-30,88a63399-e29a-4986-29da-7eb1aed27da5,1777360635,0.33,1.0,no,"{""count_fp"":""1.00"",""created_time"":""2026-04-28T07:17:15.921646Z"",""no_price_dollars"":""0.6700"",""taker_side"":""no"",""ticker"":""KXETH15M-26APR280330-30"",""trade_id"":""88a63399-e29a-4986-29da-7eb1aed27da5"",""yes_price_dollars"":""0.3300""}"
KXETH15M-26APR280330-30,88fd502b-28be-4472-10f7-b49f0e18ef9d,1777360636,0.33,20.0,no,"{""count_fp"":""20.00"",""created_time"":""2026-04-28T07:17:16.557615Z"",""no_price_dollars"":""0.6700"",""taker_side"":""no"",""ticker"":""KXETH15M-26APR280330-30"",""trade_id"":""88fd502b-28be-4472-10f7-b49f0e18ef9d"",""yes_price_dollars"":""0.3300""}"
KXETH15M-26APR280330-30,91115fd2-949e-4662-f8f7-f8054ee07b21,1777360636,0.33,20.0,no,"{""count_fp"":""20.00"",""created_time"":""2026-04-28T07:17:16.555125Z"",""no_price_dollars"":""0.6700"",""taker_side"":""no"",""ticker"":""KXETH15M-26APR280330-30"",""trade_id"":""91115fd2-949e-4662-f8f7-f8054ee07b21"",""yes_price_dollars"":""0.3300""}"
KXETH15M-26APR280330-30,b203f954-b3da-76e2-a1cb-df16984db37d,1777360638,0.33,24.0,no,"{""count_fp"":""24.00"",""created_time"":""2026-04-28T07:17:18.968412Z"",""no_price_dollars"":""0.6700"",""taker_side"":""no"",""ticker"":""KXETH15M-26APR280330-30"",""trade_id"":""b203f954-b3da-76e2-a1cb-df16984db37d"",""yes_price_dollars"":""0.3300""}"
KXETH15M-26APR280330-30,e21a9e10-d275-5b10-aa97-f2b55d9a3aef,1777360645,0.31,1.0,no,"{""count_fp"":""1.00"",""created_time"":""2026-04-28T07:17:25.986609Z"",""no_price_dollars"":""0.6900"",""taker_side"":""no"",""ticker"":""KXETH15M-26APR280330-30"",""trade_id"":""e21a9e10-d275-5b10-aa97-f2b55d9a3aef"",""yes_price_dollars"":""0.3100""}"
KXETH15M-26APR280330-30,ce8755c6-e389-452d-6ff1-3b11e2ff369a,1777360650,0.35,2.51,yes,"{""count_fp"":""2.51"",""created_time"":""2026-04-28T07:17:30.685434Z"",""no_price_dollars"":""0.6500"",""taker_side"":""yes"",""ticker"":""KXETH15M-26APR280330-30"",""trade_id"":""ce8755c6-e389-452d-6ff1-3b11e2ff369a"",""yes_price_dollars"":""0.3500""}"
KXETH15M-26APR280330-30,a0872814-7654-47b5-683e-6e300f3cf556,1777360650,0.35,10.3,yes,"{""count_fp"":""10.30"",""created_time"":""2026-04-28T07:17:30.685434Z"",""no_price_dollars"":""0.6500"",""taker_side"":""yes"",""ticker"":""KXETH15M-26APR280330-30"",""trade_id"":""a0872814-7654-47b5-683e-6e300f3cf556"",""yes_price_dollars"":""0.3500""}"
KXETH15M-26APR280330-30,914eb9b5-bf84-44a2-5f4f-ef7e8fa36f20,1777360650,0.35,1.0,yes,"{""count_fp"":""1.00"",""created_time"":""2026-04-28T07:17:30.685434Z"",""no_price_dollars"":""0.6500"",""taker_side"":""yes"",""ticker"":""KXETH15M-26APR280330-30"",""trade_id"":""914eb9b5-bf84-44a2-5f4f-ef7e8fa36f20"",""yes_price_dollars"":""0.3500""}"
KXETH15M-26APR280330-30,4d3dc2c7-48d9-75e0-09f3-c7f4c670afe7,1777360652,0.3,10.0,no,"{""count_fp"":""10.00"",""created_time"":""2026-04-28T07:17:32.375919Z"",""no_price_dollars"":""0.7000"",""taker_side"":""no"",""ticker"":""KXETH15M-26APR280330-30"",""trade_id"":""4d3dc2c7-48d9-75e0-09f3-c7f4c670afe7"",""yes_price_dollars"":""0.3000""}"
KXETH15M-26APR280330-30,59435eb2-295d-46c5-5c83-ccfd6efffd1e,1777360654,0.28,100.0,yes,"{""count_fp"":""100.00"",""created_time"":""2026-04-28T07:17:34.440101Z"",""no_price_dollars"":""0.7200"",""taker_side"":""yes"",""ticker"":""KXETH15M-26APR280330-30"",""trade_id"":""59435eb2-295d-46c5-5c83-ccfd6efffd1e"",""yes_price_dollars"":""0.2800""}"
KXETH15M-26APR280330-30,e6cd9729-fd52-7946-ac5e-eb3b93d8045e,1777360658,0.35,1.0,yes,"{""count_fp"":""1.00"",""created_time"":""2026-04-28T07:17:38.282297Z"",""no_price_dollars"":""0.6500"",""taker_side"":""yes"",""ticker"":""KXETH15M-26APR280330-30"",""trade_id"":""e6cd9729-fd52-7946-ac5e-eb3b93d8045e"",""yes_price_dollars"":""0.3500""}"
KXETH15M-26APR280330-30,0407e2c5-f647-7831-8030-4f4c7a586af7,1777360658,0.35,2.4,yes,"{""count_fp"":""2.40"",""created_time"":""2026-04-28T07:17:38.282297Z"",""no_price_dollars"":""0.6500"",""taker_side"":""yes"",""ticker"":""KXETH15M-26APR280330-30"",""trade_id"":""0407e2c5-f647-7831-8030-4f4c7a586af7"",""yes_price_dollars"":""0.3500""}"
KXETH15M-26APR280330-30,8cfa72bb-a48c-7724-30c6-bc8ab57f77b7,1777360660,0.33,1.0,yes,"{""count_fp"":""1.00"",""created_time"":""2026-04-28T07:17:40.649054Z"",""no_price_dollars"":""0.6700"",""taker_side"":""yes"",""ticker"":""KXETH15M-26APR280330-30"",""trade_id"":""8cfa72bb-a48c-7724-30c6-bc8ab57f77b7"",""yes_price_dollars"":""0.3300""}"
KXETH15M-26APR280330-30,faa4a3fe-9fc2-79a6-3333-79e4c2503cdd,1777360664,0.32,1.0,no,"{""count_fp"":""1.00"",""created_time"":""2026-04-28T07:17:44.142812Z"",""no_price_dollars"":""0.6800"",""taker_side"":""no"",""ticker"":""KXETH15M-26APR280330-30"",""trade_id"":""faa4a3fe-9fc2-79a6-3333-79e4c2503cdd"",""yes_price_dollars"":""0.3200""}"
KXETH15M-26APR280330-30,3681c485-bc70-47b0-7244-90072bcc8d87,1777360671,0.32,1.0,no,"{""count_fp"":""1.00"",""created_time"":""2026-04-28T07:17:51.797459Z"",""no_price_dollars"":""0.6800"",""taker_side"":""no"",""ticker"":""KXETH15M-26APR280330-30"",""trade_id"":""3681c485-bc70-47b0-7244-90072bcc8d87"",""yes_price_dollars"":""0.3200""}"
KXETH15M-26APR280330-30,34327863-1d88-4ad8-767c-21b6df6b9f42,1777360671,0.32,10.0,no,"{""count_fp"":""10.00"",""created_time"":""2026-04-28T07:17:51.797459Z"",""no_price_dollars"":""0.6800"",""taker_side"":""no"",""ticker"":""KXETH15M-26APR280330-30"",""trade_id"":""34327863-1d88-4ad8-767c-21b6df6b9f42"",""yes_price_dollars"":""0.3200""}"
KXETH15M-26APR280330-30,187be7ec-c066-471a-4fde-9488d03723b9,1777360671,0.31,4.79,no,"{""count_fp"":""4.79"",""created_time"":""2026-04-28T07:17:51.797459Z"",""no_price_dollars"":""0.6900"",""taker_side"":""no"",""ticker"":""KXETH15M-26APR280330-30"",""trade_id"":""187be7ec-c066-471a-4fde-9488d03723b9"",""yes_price_dollars"":""0.3100""}"
KXETH15M-26APR280330-30,c3327e10-ebf5-75fb-8bab-fc41ed5c37dc,1777360673,0.37,4.2,yes,"{""count_fp"":""4.20"",""created_time"":""2026-04-28T07:17:53.794336Z"",""no_price_dollars"":""0.6300"",""taker_side"":""yes"",""ticker"":""KXETH15M-26APR280330-30"",""trade_id"":""c3327e10-ebf5-75fb-8bab-fc41ed5c37dc"",""yes_price_dollars"":""0.3700""}"
KXETH15M-26APR280330-30,858c9984-4d59-79fc-830b-ce775c45eb32,1777360673,0.37,1.0,yes,"{""count_fp"":""1.00"",""created_time"":""2026-04-28T07:17:53.794336Z"",""no_price_dollars"":""0.6300"",""taker_side"":""yes"",""ticker"":""KXETH15M-26APR280330-30"",""trade_id"":""858c9984-4d59-79fc-830b-ce775c45eb32"",""yes_price_dollars"":""0.3700""}"
KXETH15M-26APR280330-30,f7bf553f-371c-61ac-bd8a-50e861bf88bb,1777360675,0.36,8.0,yes,"{""count_fp"":""8.00"",""created_time"":""2026-04-28T07:17:55.688304Z"",""no_price_dollars"":""0.6400"",""taker_side"":""yes"",""ticker"":""KXETH15M-26APR280330-30"",""trade_id"":""f7bf553f-371c-61ac-bd8a-50e861bf88bb"",""yes_price_dollars"":""0.3600""}"
KXETH15M-26APR280330-30,ec215ce5-b94a-64c2-b543-31db79a4771d,1777360686,0.36,1.0,no,"{""count_fp"":""1.00"",""created_time"":""2026-04-28T07:18:06.782342Z"",""no_price_dollars"":""0.6400"",""taker_side"":""no"",""ticker"":""KXETH15M-26APR280330-30"",""trade_id"":""ec215ce5-b94a-64c2-b543-31db79a4771d"",""yes_price_dollars"":""0.3600""}"
KXETH15M-26APR280330-30,aa99c989-f6aa-7fba-35a6-e98d323e67c1,1777360686,0.36,6.58,no,"{""count_fp"":""6.58"",""created_time"":""2026-04-28T07:18:06.600501Z"",""no_price_dollars"":""0.6400"",""taker_side"":""no"",""ticker"":""KXETH15M-26APR280330-30"",""trade_id"":""aa99c989-f6aa-7fba-35a6-e98d323e67c1"",""yes_price_dollars"":""0.3600""}"
KXETH15M-26APR280330-30,7fb71830-62bb-7df6-0e14-9b1d70f9bdaf,1777360686,0.36,8.66,no,"{""count_fp"":""8.66"",""created_time"":""2026-04-28T07:18:06.600501Z"",""no_price_dollars"":""0.6400"",""taker_side"":""no"",""ticker"":""KXETH15M-26APR280330-30"",""trade_id"":""7fb71830-62bb-7df6-0e14-9b1d70f9bdaf"",""yes_price_dollars"":""0.3600""}"
KXETH15M-26APR280330-30,6a73ed62-93fb-7108-60bb-14d253061bcc,1777360689,0.37,1.29,yes,"{""count_fp"":""1.29"",""created_time"":""2026-04-28T07:18:09.141441Z"",""no_price_dollars"":""0.6300"",""taker_side"":""yes"",""ticker"":""KXETH15M-26APR280330-30"",""trade_id"":""6a73ed62-93fb-7108-60bb-14d253061bcc"",""yes_price_dollars"":""0.3700""}"
KXETH15M-26APR280330-30,d0503dd1-4dd3-5ee8-bc82-75aa4a3a1a23,1777360692,0.4,9.75,no,"{""count_fp"":""9.75"",""created_time"":""2026-04-28T07:18:12.866183Z"",""no_price_dollars"":""0.6000"",""taker_side"":""no"",""ticker"":""KXETH15M-26APR280330-30"",""trade_id"":""d0503dd1-4dd3-5ee8-bc82-75aa4a3a1a23"",""yes_price_dollars"":""0.4000""}"
KXETH15M-26APR280330-30,6d4261c0-c394-595c-b833-bd55d38d1d35,1777360692,0.4,10.0,no,"{""count_fp"":""10.00"",""created_time"":""2026-04-28T07:18:12.866183Z"",""no_price_dollars"":""0.6000"",""taker_side"":""no"",""ticker"":""KXETH15M-26APR280330-30"",""trade_id"":""6d4261c0-c394-595c-b833-bd55d38d1d35"",""yes_price_dollars"":""0.4000""}"
KXETH15M-26APR280330-30,36089a52-0482-525a-8f02-35008487a999,1777360692,0.39,54.25,no,"{""count_fp"":""54.25"",""created_time"":""2026-04-28T07:18:12.866183Z"",""no_price_dollars"":""0.6100"",""taker_side"":""no"",""ticker"":""KXETH15M-26APR280330-30"",""trade_id"":""36089a52-0482-525a-8f02-35008487a999"",""yes_price_dollars"":""0.3900""}"
KXETH15M-26APR280330-30,edcfe5f7-f233-409c-4907-a720f98b34dc,1777360692,0.37,0.71,yes,"{""count_fp"":""0.71"",""created_time"":""2026-04-28T07:18:12.267736Z"",""no_price_dollars"":""0.6300"",""taker_side"":""yes"",""ticker"":""KXETH15M-26APR280330-30"",""trade_id"":""edcfe5f7-f233-409c-4907-a720f98b34dc"",""yes_price_dollars"":""0.3700""}"
KXETH15M-26APR280330-30,aa87d065-e4bb-4601-6214-3966f50973df,1777360692,0.41,10.0,yes,"{""count_fp"":""10.00"",""created_time"":""2026-04-28T07:18:12.267736Z"",""no_price_dollars"":""0.5900"",""taker_side"":""yes"",""ticker"":""KXETH15M-26APR280330-30"",""trade_id"":""aa87d065-e4bb-4601-6214-3966f50973df"",""yes_price_dollars"":""0.4100""}"
KXETH15M-26APR280330-30,5caccb70-bd10-4728-4b40-49d00c62b7ef,1777360692,0.41,99.29,yes,"{""count_fp"":""99.29"",""created_time"":""2026-04-28T07:18:12.267736Z"",""no_price_dollars"":""0.5900"",""taker_side"":""yes"",""ticker"":""KXETH15M-26APR280330-30"",""trade_id"":""5caccb70-bd10-4728-4b40-49d00c62b7ef"",""yes_price_dollars"":""0.4100""}"
KXETH15M-26APR280330-30,3d19c605-1b52-455b-67b3-209947e1b7a3,1777360692,0.41,1.0,yes,"{""count_fp"":""1.00"",""created_time"":""2026-04-28T07:18:12.267736Z"",""no_price_dollars"":""0.5900"",""taker_side"":""yes"",""ticker"":""KXETH15M-26APR280330-30"",""trade_id"":""3d19c605-1b52-455b-67b3-209947e1b7a3"",""yes_price_dollars"":""0.4100""}"
KXETH15M-26APR280330-30,5bfb5894-14a2-7e76-853d-3ebe6fa0df65,1777360693,0.39,1.0,no,"{""count_fp"":""1.00"",""created_time"":""2026-04-28T07:18:13.296116Z"",""no_price_dollars"":""0.6100"",""taker_side"":""no"",""ticker"":""KXETH15M-26APR280330-30"",""trade_id"":""5bfb5894-14a2-7e76-853d-3ebe6fa0df65"",""yes_price_dollars"":""0.3900""}"
KXETH15M-26APR280330-30,3c0b18e9-0d8f-74e7-ce17-959794845528,1777360694,0.43,1.0,yes,"{""count_fp"":""1.00"",""created_time"":""2026-04-28T07:18:14.147684Z"",""no_price_dollars"":""0.5700"",""taker_side"":""yes"",""ticker"":""KXETH15M-26APR280330-30"",""trade_id"":""3c0b18e9-0d8f-74e7-ce17-959794845528"",""yes_price_dollars"":""0.4300""}"
KXETH15M-26APR280330-30,1839d6d1-6f06-66e6-c62f-2096e075fa7d,1777360695,0.42,31.91,no,"{""count_fp"":""31.91"",""created_time"":""2026-04-28T07:18:15.105637Z"",""no_price_dollars"":""0.5800"",""taker_side"":""no"",""ticker"":""KXETH15M-26APR280330-30"",""trade_id"":""1839d6d1-6f06-66e6-c62f-2096e075fa7d"",""yes_price_dollars"":""0.4200""}"
KXETH15M-26APR280330-30,6ff232fb-14f1-7dd7-9ffc-a4847a91bb37,1777360699,0.44,1.0,yes,"{""count_fp"":""1.00"",""created_time"":""2026-04-28T07:18:19.996408Z"",""no_price_dollars"":""0.5600"",""taker_side"":""yes"",""ticker"":""KXETH15M-26APR280330-30"",""trade_id"":""6ff232fb-14f1-7dd7-9ffc-a4847a91bb37"",""yes_price_dollars"":""0.4400""}"
KXETH15M-26APR280330-30,f6f07f2a-feb2-770a-1d58-1ed58b94b74d,1777360699,0.43,39.31,no,"{""count_fp"":""39.31"",""created_time"":""2026-04-28T07:18:19.047268Z"",""no_price_dollars"":""0.5700"",""taker_side"":""no"",""ticker"":""KXETH15M-26APR280330-30"",""trade_id"":""f6f07f2a-feb2-770a-1d58-1ed58b94b74d"",""yes_price_dollars"":""0.4300""}"
KXETH15M-26APR280330-30,d3abc15b-dd4f-7472-2597-4b42005d36cd,1777360699,0.43,10.69,no,"{""count_fp"":""10.69"",""created_time"":""2026-04-28T07:18:19.047268Z"",""no_price_dollars"":""0.5700"",""taker_side"":""no"",""ticker"":""KXETH15M-26APR280330-30"",""trade_id"":""d3abc15b-dd4f-7472-2597-4b42005d36cd"",""yes_price_dollars"":""0.4300""}"
KXETH15M-26APR280330-30,921a365a-002e-71e7-0c0b-cfe9083ff9c8,1777360699,0.43,10.0,no,"{""count_fp"":""10.00"",""created_time"":""2026-04-28T07:18:19.047268Z"",""no_price_dollars"":""0.5700"",""taker_side"":""no"",""ticker"":""KXETH15M-26APR280330-30"",""trade_id"":""921a365a-002e-71e7-0c0b-cfe9083ff9c8"",""yes_price_dollars"":""0.4300""}"
KXETH15M-26APR280330-30,6a769b94-2cee-5fda-e5fd-0fee47d48d7d,1777360708,0.39,68.51,no,"{""count_fp"":""68.51"",""created_time"":""2026-04-28T07:18:28.881221Z"",""no_price_dollars"":""0.6100"",""taker_side"":""no"",""ticker"":""KXETH15M-26APR280330-30"",""trade_id"":""6a769b94-2cee-5fda-e5fd-0fee47d48d7d"",""yes_price_dollars"":""0.3900""}"
KXETH15M-26APR280330-30,1ba11f98-a396-5bce-ed26-3c83798d525f,1777360708,0.4,10.0,no,"{""count_fp"":""10.00"",""created_time"":""2026-04-28T07:18:28.881221Z"",""no_price_dollars"":""0.6000"",""taker_side"":""no"",""ticker"":""KXETH15M-26APR280330-30"",""trade_id"":""1ba11f98-a396-5bce-ed26-3c83798d525f"",""yes_price_dollars"":""0.4000""}"
KXETH15M-26APR280330-30,e2acd7e4-ba6f-7fe6-72f1-a4736608adcf,1777360708,0.41,1.0,no,"{""count_fp"":""1.00"",""created_time"":""2026-04-28T07:18:28.836594Z"",""no_price_dollars"":""0.5900"",""taker_side"":""no"",""ticker"":""KXETH15M-26APR280330-30"",""trade_id"":""e2acd7e4-ba6f-7fe6-72f1-a4736608adcf"",""yes_price_dollars"":""0.4100""}"
KXETH15M-26APR280330-30,b31e8ecb-b388-68c0-90cf-5f070452fa15,1777360708,0.43,1.0,yes,"{""count_fp"":""1.00"",""created_time"":""2026-04-28T07:18:28.444246Z"",""no_price_dollars"":""0.5700"",""taker_side"":""yes"",""ticker"":""KXETH15M-26APR280330-30"",""trade_id"":""b31e8ecb-b388-68c0-90cf-5f070452fa15"",""yes_price_dollars"":""0.4300""}"
KXETH15M-26APR280330-30,ec34bdae-9e94-44f4-e618-5450adb296fb,1777360710,0.42,5.0,yes,"{""count_fp"":""5.00"",""created_time"":""2026-04-28T07:18:30.959051Z"",""no_price_dollars"":""0.5800"",""taker_side"":""yes"",""ticker"":""KXETH15M-26APR280330-30"",""trade_id"":""ec34bdae-9e94-44f4-e618-5450adb296fb"",""yes_price_dollars"":""0.4200""}"
KXETH15M-26APR280330-30,90b2283c-4adc-6e3c-3a49-4597371242bb,1777360711,0.42,24.0,yes,"{""count_fp"":""24.00"",""created_time"":""2026-04-28T07:18:31.217881Z"",""no_price_dollars"":""0.5800"",""taker_side"":""yes"",""ticker"":""KXETH15M-26APR280330-30"",""trade_id"":""90b2283c-4adc-6e3c-3a49-4597371242bb"",""yes_price_dollars"":""0.4200""}"
KXETH15M-26APR280330-30,a49a0498-be3c-4158-5bca-ca12f9efb6b7,1777360712,0.42,100.0,yes,"{""count_fp"":""100.00"",""created_time"":""2026-04-28T07:18:32.616767Z"",""no_price_dollars"":""0.5800"",""taker_side"":""yes"",""ticker"":""KXETH15M-26APR280330-30"",""trade_id"":""a49a0498-be3c-4158-5bca-ca12f9efb6b7"",""yes_price_dollars"":""0.4200""}"
KXETH15M-26APR280330-30,4e034a0b-dc8b-485a-68dc-13a3a485fc87,1777360712,0.42,3.85,yes,"{""count_fp"":""3.85"",""created_time"":""2026-04-28T07:18:32.616767Z"",""no_price_dollars"":""0.5800"",""taker_side"":""yes"",""ticker"":""KXETH15M-26APR280330-30"",""trade_id"":""4e034a0b-dc8b-485a-68dc-13a3a485fc87"",""yes_price_dollars"":""0.4200""}"
KXETH15M-26APR280330-30,3ac71e22-8199-48b7-40ca-060dcb5de697,1777360712,0.42,10.34,yes,"{""count_fp"":""10.34"",""created_time"":""2026-04-28T07:18:32.616767Z"",""no_price_dollars"":""0.5800"",""taker_side"":""yes"",""ticker"":""KXETH15M-26APR280330-30"",""trade_id"":""3ac71e22-8199-48b7-40ca-060dcb5de697"",""yes_price_dollars"":""0.4200""}"
KXETH15M-26APR280330-30,c70de029-e62e-42bb-fd7d-f9a60d47c9e0,1777360722,0.44,1.0,yes,"{""count_fp"":""1.00"",""created_time"":""2026-04-28T07:18:42.933689Z"",""no_price_dollars"":""0.5600"",""taker_side"":""yes"",""ticker"":""KXETH15M-26APR280330-30"",""trade_id"":""c70de029-e62e-42bb-fd7d-f9a60d47c9e0"",""yes_price_dollars"":""0.4400""}"
KXETH15M-26APR280330-30,49dad206-fe16-47ae-e304-0218151b7338,1777360722,0.44,1.18,yes,"{""count_fp"":""1.18"",""created_time"":""2026-04-28T07:18:42.933689Z"",""no_price_dollars"":""0.5600"",""taker_side"":""yes"",""ticker"":""KXETH15M-26APR280330-30"",""trade_id"":""49dad206-fe16-47ae-e304-0218151b7338"",""yes_price_dollars"":""0.4400""}"
KXETH15M-26APR280330-30,65e4b642-9728-61b6-2d2b-0655af73cacd,1777360724,0.42,16.74,no,"{""count_fp"":""16.74"",""created_time"":""2026-04-28T07:18:44.523517Z"",""no_price_dollars"":""0.5800"",""taker_side"":""no"",""ticker"":""KXETH15M-26APR280330-30"",""trade_id"":""65e4b642-9728-61b6-2d2b-0655af73cacd"",""yes_price_dollars"":""0.4200""}"
KXETH15M-26APR280330-30,a540c241-c2e4-756e-01dd-7140fd00a391,1777360724,0.42,1.0,no,"{""count_fp"":""1.00"",""created_time"":""2026-04-28T07:18:44.054238Z"",""no_price_dollars"":""0.5800"",""taker_side"":""no"",""ticker"":""KXETH15M-26APR280330-30"",""trade_id"":""a540c241-c2e4-756e-01dd-7140fd00a391"",""yes_price_dollars"":""0.4200""}"
KXETH15M-26APR280330-30,4f442185-df70-48ca-0a89-3252dc1b9955,1777360727,0.42,0.26,no,"{""count_fp"":""0.26"",""created_time"":""2026-04-28T07:18:47.677565Z"",""no_price_dollars"":""0.5800"",""taker_side"":""no"",""ticker"":""KXETH15M-26APR280330-30"",""trade_id"":""4f442185-df70-48ca-0a89-3252dc1b9955"",""yes_price_dollars"":""0.4200""}"
KXETH15M-26APR280330-30,f7e0645c-c180-7b7a-f108-aa7e220970c5,1777360727,0.42,13.0,no,"{""count_fp"":""13.00"",""created_time"":""2026-04-28T07:18:47.675596Z"",""no_price_dollars"":""0.5800"",""taker_side"":""no"",""ticker"":""KXETH15M-26APR280330-30"",""trade_id"":""f7e0645c-c180-7b7a-f108-aa7e220970c5"",""yes_price_dollars"":""0.4200""}"
KXETH15M-26APR280330-30,783b8e28-16b7-5fdc-f3cd-bd3bd17788f3,1777360728,0.36,10.0,no,"{""count_fp"":""10.00"",""created_time"":""2026-04-28T07:18:48.736691Z"",""no_price_dollars"":""0.6400"",""taker_side"":""no"",""ticker"":""KXETH15M-26APR280330-30"",""trade_id"":""783b8e28-16b7-5fdc-f3cd-bd3bd17788f3"",""yes_price_dollars"":""0.3600""}"
KXETH15M-26APR280330-30,f4cf80a6-c50d-4ec1-9386-96ebbd19de18,1777360729,0.34,1.0,no,"{""count_fp"":""1.00"",""created_time"":""2026-04-28T07:18:49.222861Z"",""no_price_dollars"":""0.6600"",""taker_side"":""no"",""ticker"":""KXETH15M-26APR280330-30"",""trade_id"":""f4cf80a6-c50d-4ec1-9386-96ebbd19de18"",""yes_price_dollars"":""0.3400""}"
KXETH15M-26APR280330-30,bdeaa4d4-0baf-74f9-37ff-86bea820cc1c,1777360731,0.31,1.0,no,"{""count_fp"":""1.00"",""created_time"":""2026-04-28T07:18:51.986781Z"",""no_price_dollars"":""0.6900"",""taker_side"":""no"",""ticker"":""KXETH15M-26APR280330-30"",""trade_id"":""bdeaa4d4-0baf-74f9-37ff-86bea820cc1c"",""yes_price_dollars"":""0.3100""}"
KXETH15M-26APR280330-30,be7374fb-cf26-6976-95c0-8083a72b60d0,1777360738,0.26,15.79,yes,"{""count_fp"":""15.79"",""created_time"":""2026-04-28T07:18:58.829341Z"",""no_price_dollars"":""0.7400"",""taker_side"":""yes"",""ticker"":""KXETH15M-26APR280330-30"",""trade_id"":""be7374fb-cf26-6976-95c0-8083a72b60d0"",""yes_price_dollars"":""0.2600""}"
KXETH15M-26APR280330-30,9eb290b4-ed42-72cc-c74c-ecb84c698110,1777360738,0.26,1.0,no,"{""count_fp"":""1.00"",""created_time"":""2026-04-28T07:18:58.501475Z"",""no_price_dollars"":""0.7400"",""taker_side"":""no"",""ticker"":""KXETH15M-26APR280330-30"",""trade_id"":""9eb290b4-ed42-72cc-c74c-ecb84c698110"",""yes_price_dollars"":""0.2600""}"
KXETH15M-26APR280330-30,4bcabc91-575e-7fd3-d1c9-c81e4e04f13e,1777360738,0.26,10.0,no,"{""count_fp"":""10.00"",""created_time"":""2026-04-28T07:18:58.501475Z"",""no_price_dollars"":""0.7400"",""taker_side"":""no"",""ticker"":""KXETH15M-26APR280330-30"",""trade_id"":""4bcabc91-575e-7fd3-d1c9-c81e4e04f13e"",""yes_price_dollars"":""0.2600""}"
KXETH15M-26APR280330-30,e582fb3b-ea53-5d25-59cd-d77b9dd88144,1777360738,0.27,10.0,no,"{""count_fp"":""10.00"",""created_time"":""2026-04-28T07:18:58.416437Z"",""no_price_dollars"":""0.7300"",""taker_side"":""no"",""ticker"":""KXETH15M-26APR280330-30"",""trade_id"":""e582fb3b-ea53-5d25-59cd-d77b9dd88144"",""yes_price_dollars"":""0.2700""}"
KXETH15M-26APR280330-30,13d8cc38-7c75-531a-6abd-6d2f244468c8,1777360738,0.27,10.0,no,"{""count_fp"":""10.00"",""created_time"":""2026-04-28T07:18:58.416437Z"",""no_price_dollars"":""0.7300"",""taker_side"":""no"",""ticker"":""KXETH15M-26APR280330-30"",""trade_id"":""13d8cc38-7c75-531a-6abd-6d2f244468c8"",""yes_price_dollars"":""0.2700""}"
KXETH15M-26APR280330-30,98a12093-f7c1-7933-3d08-b1610ae0051b,1777360740,0.26,12.48,yes,"{""count_fp"":""12.48"",""created_time"":""2026-04-28T07:19:00.775133Z"",""no_price_dollars"":""0.7400"",""taker_side"":""yes"",""ticker"":""KXETH15M-26APR280330-30"",""trade_id"":""98a12093-f7c1-7933-3d08-b1610ae0051b"",""yes_price_dollars"":""0.2600""}"
KXETH15M-26APR280330-30,27dc8fd7-c457-792b-0792-4fd68afd35ef,1777360740,0.26,4.26,yes,"{""count_fp"":""4.26"",""created_time"":""2026-04-28T07:19:00.775133Z"",""no_price_dollars"":""0.7400"",""taker_side"":""yes"",""ticker"":""KXETH15M-26APR280330-30"",""trade_id"":""27dc8fd7-c457-792b-0792-4fd68afd35ef"",""yes_price_dollars"":""0.2600""}"
KXETH15M-26APR280330-30,a1a7282e-dd3a-4f33-c5d7-523693e8c96b,1777360742,0.22,1.0,no,"{""count_fp"":""1.00"",""created_time"":""2026-04-28T07:19:02.275123Z"",""no_price_dollars"":""0.7800"",""taker_side"":""no"",""ticker"":""KXETH15M-26APR280330-30"",""trade_id"":""a1a7282e-dd3a-4f33-c5d7-523693e8c96b"",""yes_price_dollars"":""0.2200""}"
KXETH15M-26APR280330-30,2e67c1be-beb6-489e-f900-0ffb13078ad9,1777360742,0.21,3.0,no,"{""count_fp"":""3.00"",""created_time"":""2026-04-28T07:19:02.275123Z"",""no_price_dollars"":""0.7900"",""taker_side"":""no"",""ticker"":""KXETH15M-26APR280330-30"",""trade_id"":""2e67c1be-beb6-489e-f900-0ffb13078ad9"",""yes_price_dollars"":""0.2100""}"
KXETH15M-26APR280330-30,d398cd1a-81ea-4318-6ca1-f5baedf48615,1777360744,0.24,1.0,yes,"{""count_fp"":""1.00"",""created_time"":""2026-04-28T07:19:04.758353Z"",""no_price_dollars"":""0.7600"",""taker_side"":""yes"",""ticker"":""KXETH15M-26APR280330-30"",""trade_id"":""d398cd1a-81ea-4318-6ca1-f5baedf48615"",""yes_price_dollars"":""0.2400""}"
KXETH15M-26APR280330-30,b486b6bd-344a-48ee-7a8f-7fca8f212708,1777360744,0.24,10.94,yes,"{""count_fp"":""10.94"",""created_time"":""2026-04-28T07:19:04.758353Z"",""no_price_dollars"":""0.7600"",""taker_side"":""yes"",""ticker"":""KXETH15M-26APR280330-30"",""trade_id"":""b486b6bd-344a-48ee-7a8f-7fca8f212708"",""yes_price_dollars"":""0.2400""}"
KXETH15M-26APR280330-30,4ef6d235-9392-4769-5f1b-ad6c01e411dd,1777360744,0.23,10.0,yes,"{""count_fp"":""10.00"",""created_time"":""2026-04-28T07:19:04.758353Z"",""no_price_dollars"":""0.7700"",""taker_side"":""yes"",""ticker"":""KXETH15M-26APR280330-30"",""trade_id"":""4ef6d235-9392-4769-5f1b-ad6c01e411dd"",""yes_price_dollars"":""0.2300""}"
KXETH15M-26APR280330-30,546b10bc-5389-44d5-c3fa-821a32f4311c,1777360756,0.19,5.2,no,"{""count_fp"":""5.20"",""created_time"":""2026-04-28T07:19:16.483704Z"",""no_price_dollars"":""0.8100"",""taker_side"":""no"",""ticker"":""KXETH15M-26APR280330-30"",""trade_id"":""546b10bc-5389-44d5-c3fa-821a32f4311c"",""yes_price_dollars"":""0.1900""}"
KXETH15M-26APR280330-30,7acd1164-f3ef-40d6-3487-b0f046ad9517,1777360759,0.19,1.0,no,"{""count_fp"":""1.00"",""created_time"":""2026-04-28T07:19:19.647196Z"",""no_price_dollars"":""0.8100"",""taker_side"":""no"",""ticker"":""KXETH15M-26APR280330-30"",""trade_id"":""7acd1164-f3ef-40d6-3487-b0f046ad9517"",""yes_price_dollars"":""0.1900""}"
KXETH15M-26APR280330-30,d76ec5ae-3632-6012-e25f-010515a9e89c,1777360766,0.22,1.0,yes,"{""count_fp"":""1.00"",""created_time"":""2026-04-28T07:19:26.241693Z"",""no_price_dollars"":""0.7800"",""taker_side"":""yes"",""ticker"":""KXETH15M-26APR280330-30"",""trade_id"":""d76ec5ae-3632-6012-e25f-010515a9e89c"",""yes_price_dollars"":""0.2200""}"
KXETH15M-26APR280330-30,91206f8f-3973-7813-c3dc-7b8a398f7977,1777360766,0.21,0.45,yes,"{""count_fp"":""0.45"",""created_time"":""2026-04-28T07:19:26.194531Z"",""no_price_dollars"":""0.7900"",""taker_side"":""yes"",""ticker"":""KXETH15M-26APR280330-30"",""trade_id"":""91206f8f-3973-7813-c3dc-7b8a398f7977"",""yes_price_dollars"":""0.2100""}"
KXETH15M-26APR280330-30,ab442664-86f7-573f-3da9-49b5c446ac41,1777360768,0.21,10.0,yes,"{""count_fp"":""10.00"",""created_time"":""2026-04-28T07:19:28.509312Z"",""no_price_dollars"":""0.7900"",""taker_side"":""yes"",""ticker"":""KXETH15M-26APR280330-30"",""trade_id"":""ab442664-86f7-573f-3da9-49b5c446ac41"",""yes_price_dollars"":""0.2100""}"
KXETH15M-26APR280330-30,8ac785b7-4fc6-49ba-01e7-05b06ec84a01,1777360772,0.3,114.19,no,"{""count_fp"":""114.19"",""created_time"":""2026-04-28T07:19:32.885762Z"",""no_price_dollars"":""0.7000"",""taker_side"":""no"",""ticker"":""KXETH15M-26APR280330-30"",""trade_id"":""8ac785b7-4fc6-49ba-01e7-05b06ec84a01"",""yes_price_dollars"":""0.3000""}"
KXETH15M-26APR280330-30,fe271ba0-48fc-5660-a435-d21e3dd852df,1777360772,0.29,0.28,yes,"{""count_fp"":""0.28"",""created_time"":""2026-04-28T07:19:32.130763Z"",""no_price_dollars"":""0.7100"",""taker_side"":""yes"",""ticker"":""KXETH15M-26APR280330-30"",""trade_id"":""fe271ba0-48fc-5660-a435-d21e3dd852df"",""yes_price_dollars"":""0.2900""}"
KXETH15M-26APR280330-30,f5ca6804-411c-5114-7de4-d24ac20340a7,1777360772,0.29,10.0,yes,"{""count_fp"":""10.00"",""created_time"":""2026-04-28T07:19:32.116426Z"",""no_price_dollars"":""0.7100"",""taker_side"":""yes"",""ticker"":""KXETH15M-26APR280330-30"",""trade_id"":""f5ca6804-411c-5114-7de4-d24ac20340a7"",""yes_price_dollars"":""0.2900""}"
KXETH15M-26APR280330-30,a640b12e-845b-53f3-6c24-a5b440c200dd,1777360772,0.24,1.0,yes,"{""count_fp"":""1.00"",""created_time"":""2026-04-28T07:19:32.116426Z"",""no_price_dollars"":""0.7600"",""taker_side"":""yes"",""ticker"":""KXETH15M-26APR280330-30"",""trade_id"":""a640b12e-845b-53f3-6c24-a5b440c200dd"",""yes_price_dollars"":""0.2400""}"
KXETH15M-26APR280330-30,28c3888e-5812-717e-d252-71f8da901bbd,1777360774,0.41,1.0,no,"{""count_fp"":""1.00"",""created_time"":""2026-04-28T07:19:34.707746Z"",""no_price_dollars"":""0.5900"",""taker_side"":""no"",""ticker"":""KXETH15M-26APR280330-30"",""trade_id"":""28c3888e-5812-717e-d252-71f8da901bbd"",""yes_price_dollars"":""0.4100""}"
KXETH15M-26APR280330-30,6874d33b-5ea7-6734-1001-90cd950e1151,1777360774,0.43,203.0,no,"{""count_fp"":""203.00"",""created_time"":""2026-04-28T07:19:34.670282Z"",""no_price_dollars"":""0.5700"",""taker_side"":""no"",""ticker"":""KXETH15M-26APR280330-30"",""trade_id"":""6874d33b-5ea7-6734-1001-90cd950e1151"",""yes_price_dollars"":""0.4300""}"
KXETH15M-26APR280330-30,35d3c935-10ae-52ea-bc97-4bcd9a84235c,1777360774,0.45,100.0,yes,"{""count_fp"":""100.00"",""created_time"":""2026-04-28T07:19:34.636456Z"",""no_price_dollars"":""0.5500"",""taker_side"":""yes"",""ticker"":""KXETH15M-26APR280330-30"",""trade_id"":""35d3c935-10ae-52ea-bc97-4bcd9a84235c"",""yes_price_dollars"":""0.4500""}"
KXETH15M-26APR280330-30,04e34790-714e-62ee-7e26-efba838431f9,1777360774,0.46,80.0,no,"{""count_fp"":""80.00"",""created_time"":""2026-04-28T07:19:34.372496Z"",""no_price_dollars"":""0.5400"",""taker_side"":""no"",""ticker"":""KXETH15M-26APR280330-30"",""trade_id"":""04e34790-714e-62ee-7e26-efba838431f9"",""yes_price_dollars"":""0.4600""}"
KXETH15M-26APR280330-30,8dd06f5b-b455-7643-2e3b-3d52ee7b2b72,1777360774,0.45,66.0,yes,"{""count_fp"":""66.00"",""created_time"":""2026-04-28T07:19:34.333179Z"",""no_price_dollars"":""0.5500"",""taker_side"":""yes"",""ticker"":""KXETH15M-26APR280330-30"",""trade_id"":""8dd06f5b-b455-7643-2e3b-3d52ee7b2b72"",""yes_price_dollars"":""0.4500""}"
KXETH15M-26APR280330-30,74085397-7b3f-5584-0678-03ad6fa9cfd2,1777360774,0.5,2.0,yes,"{""count_fp"":""2.00"",""created_time"":""2026-04-28T07:19:34.319756Z"",""no_price_dollars"":""0.5000"",""taker_side"":""yes"",""ticker"":""KXETH15M-26APR280330-30"",""trade_id"":""74085397-7b3f-5584-0678-03ad6fa9cfd2"",""yes_price_dollars"":""0.5000""}"
KXETH15M-26APR280330-30,40fa666e-068d-5680-3ff6-5df8c1912405,1777360774,0.5,1.0,yes,"{""count_fp"":""1.00"",""created_time"":""2026-04-28T07:19:34.319756Z"",""no_price_dollars"":""0.5000"",""taker_side"":""yes"",""ticker"":""KXETH15M-26APR280330-30"",""trade_id"":""40fa666e-068d-5680-3ff6-5df8c1912405"",""yes_price_dollars"":""0.5000""}"
KXETH15M-26APR280330-30,f4339faf-2401-792c-2be1-fb6f74d18355,1777360774,0.37,74.63,yes,"{""count_fp"":""74.63"",""created_time"":""2026-04-28T07:19:34.306113Z"",""no_price_dollars"":""0.6300"",""taker_side"":""yes"",""ticker"":""KXETH15M-26APR280330-30"",""trade_id"":""f4339faf-2401-792c-2be1-fb6f74d18355"",""yes_price_dollars"":""0.3700""}"
KXETH15M-26APR280330-30,52f7f5c8-9eaa-7d56-02cc-164fe0418aec,1777360774,0.38,56.37,yes,"{""count_fp"":""56.37"",""created_time"":""2026-04-28T07:19:34.306113Z"",""no_price_dollars"":""0.6200"",""taker_side"":""yes"",""ticker"":""KXETH15M-26APR280330-30"",""trade_id"":""52f7f5c8-9eaa-7d56-02cc-164fe0418aec"",""yes_price_dollars"":""0.3800""}"
KXETH15M-26APR280330-30,29ce77ea-ffd8-778b-06dd-ebf92eee0f75,1777360774,0.38,38.0,yes,"{""count_fp"":""38.00"",""created_time"":""2026-04-28T07:19:34.306113Z"",""no_price_dollars"":""0.6200"",""taker_side"":""yes"",""ticker"":""KXETH15M-26APR280330-30"",""trade_id"":""29ce77ea-ffd8-778b-06dd-ebf92eee0f75"",""yes_price_dollars"":""0.3800""}"
KXETH15M-26APR280330-30,dc6ced17-fd15-44cc-0fa7-9814a1c701a1,1777360774,0.37,160.0,yes,"{""count_fp"":""160.00"",""created_time"":""2026-04-28T07:19:34.301426Z"",""no_price_dollars"":""0.6300"",""taker_side"":""yes"",""ticker"":""KXETH15M-26APR280330-30"",""trade_id"":""dc6ced17-fd15-44cc-0fa7-9814a1c701a1"",""yes_price_dollars"":""0.3700""}"
KXETH15M-26APR280330-30,50245672-3ced-699c-0cdb-70db306d85f9,1777360774,0.37,22.0,yes,"{""count_fp"":""22.00"",""created_time"":""2026-04-28T07:19:34.290194Z"",""no_price_dollars"":""0.6300"",""taker_side"":""yes"",""ticker"":""KXETH15M-26APR280330-30"",""trade_id"":""50245672-3ced-699c-0cdb-70db306d85f9"",""yes_price_dollars"":""0.3700""}"
KXETH15M-26APR280330-30,f2f1c591-dd08-6bbf-716d-75b3974f2e71,1777360774,0.38,12.0,yes,"{""count_fp"":""12.00"",""created_time"":""2026-04-28T07:19:34.288899Z"",""no_price_dollars"":""0.6200"",""taker_side"":""yes"",""ticker"":""KXETH15M-26APR280330-30"",""trade_id"":""f2f1c591-dd08-6bbf-716d-75b3974f2e71"",""yes_price_dollars"":""0.3800""}"
KXETH15M-26APR280330-30,b264d9d4-1764-6a01-540f-b5d6bc4f828d,1777360774,0.37,10.0,yes,"{""count_fp"":""10.00"",""created_time"":""2026-04-28T07:19:34.288899Z"",""no_price_dollars"":""0.6300"",""taker_side"":""yes"",""ticker"":""KXETH15M-26APR280330-30"",""trade_id"":""b264d9d4-1764-6a01-540f-b5d6bc4f828d"",""yes_price_dollars"":""0.3700""}"
KXETH15M-26APR280330-30,39317185-724e-6a9e-22f7-4e426a0dac86,1777360774,0.36,59.0,yes,"{""count_fp"":""59.00"",""created_time"":""2026-04-28T07:19:34.277054Z"",""no_price_dollars"":""0.6400"",""taker_side"":""yes"",""ticker"":""KXETH15M-26APR280330-30"",""trade_id"":""39317185-724e-6a9e-22f7-4e426a0dac86"",""yes_price_dollars"":""0.3600""}"
KXETH15M-26APR280330-30,c137d54a-04cd-4a5d-a975-1b44d1cf8914,1777360774,0.31,2.0,yes,"{""count_fp"":""2.00"",""created_time"":""2026-04-28T07:19:34.270059Z"",""no_price_dollars"":""0.6900"",""taker_side"":""yes"",""ticker"":""KXETH15M-26APR280330-30"",""trade_id"":""c137d54a-04cd-4a5d-a975-1b44d1cf8914"",""yes_price_dollars"":""0.3100""}"
KXETH15M-26APR280330-30,543567f3-12ec-4663-b968-a7b7580b0946,1777360774,0.33,10.0,yes,"{""count_fp"":""10.00"",""created_time"":""2026-04-28T07:19:34.270059Z"",""no_price_dollars"":""0.6700"",""taker_side"":""yes"",""ticker"":""KXETH15M-26APR280330-30"",""trade_id"":""543567f3-12ec-4663-b968-a7b7580b0946"",""yes_price_dollars"":""0.3300""}"
KXETH15M-26APR280330-30,39482292-39e0-6909-5ec2-d32ebf47011f,1777360776,0.38,3.83,no,"{""count_fp"":""3.83"",""created_time"":""2026-04-28T07:19:36.741893Z"",""no_price_dollars"":""0.6200"",""taker_side"":""no"",""ticker"":""KXETH15M-26APR280330-30"",""trade_id"":""39482292-39e0-6909-5ec2-d32ebf47011f"",""yes_price_dollars"":""0.3800""}"
KXETH15M-26APR280330-30,1c5804b2-af0b-764d-d981-5bf1504ccf14,1777360777,0.38,57.89,no,"{""count_fp"":""57.89"",""created_time"":""2026-04-28T07:19:37.725042Z"",""no_price_dollars"":""0.6200"",""taker_side"":""no"",""ticker"":""KXETH15M-26APR280330-30"",""trade_id"":""1c5804b2-af0b-764d-d981-5bf1504ccf14"",""yes_price_dollars"":""0.3800""}"
KXETH15M-26APR280330-30,6e70fec2-3189-7721-59a0-567b5e1d42af,1777360779,0.41,1.0,yes,"{""count_fp"":""1.00"",""created_time"":""2026-04-28T07:19:39.290263Z"",""no_price_dollars"":""0.5900"",""taker_side"":""yes"",""ticker"":""KXETH15M-26APR280330-30"",""trade_id"":""6e70fec2-3189-7721-59a0-567b5e1d42af"",""yes_price_dollars"":""0.4100""}"
KXETH15M-26APR280330-30,49dc2834-7abe-73df-7709-cc32cedc3d72,1777360779,0.43,5.0,yes,"{""count_fp"":""5.00"",""created_time"":""2026-04-28T07:19:39.290263Z"",""no_price_dollars"":""0.5700"",""taker_side"":""yes"",""ticker"":""KXETH15M-26APR280330-30"",""trade_id"":""49dc2834-7abe-73df-7709-cc32cedc3d72"",""yes_price_dollars"":""0.4300""}"
KXETH15M-26APR280330-30,6e179110-8a6b-4c2f-e692-d60884769617,1777360792,0.34,2.0,no,"{""count_fp"":""2.00"",""created_time"":""2026-04-28T07:19:52.442976Z"",""no_price_dollars"":""0.6600"",""taker_side"":""no"",""ticker"":""KXETH15M-26APR280330-30"",""trade_id"":""6e179110-8a6b-4c2f-e692-d60884769617"",""yes_price_dollars"":""0.3400""}"
KXETH15M-26APR280330-30,3de2ad03-311b-45b5-d4d7-416dbbd3b058,1777360792,0.34,12.75,no,"{""count_fp"":""12.75"",""created_time"":""2026-04-28T07:19:52.442976Z"",""no_price_dollars"":""0.6600"",""taker_side"":""no"",""ticker"":""KXETH15M-26APR280330-30"",""trade_id"":""3de2ad03-311b-45b5-d4d7-416dbbd3b058"",""yes_price_dollars"":""0.3400""}"
KXETH15M-26APR280330-30,c082d678-36c3-64a0-88f4-c25cfa3115dc,1777360792,0.36,10.0,yes,"{""count_fp"":""10.00"",""created_time"":""2026-04-28T07:19:52.101036Z"",""no_price_dollars"":""0.6400"",""taker_side"":""yes"",""ticker"":""KXETH15M-26APR280330-30"",""trade_id"":""c082d678-36c3-64a0-88f4-c25cfa3115dc"",""yes_price_dollars"":""0.3600""}"
KXETH15M-26APR280330-30,a686fd50-cf53-6ca3-8ae5-1ff9ff11a2f1,1777360792,0.36,10.0,yes,"{""count_fp"":""10.00"",""created_time"":""2026-04-28T07:19:52.101036Z"",""no_price_dollars"":""0.6400"",""taker_side"":""yes"",""ticker"":""KXETH15M-26APR280330-30"",""trade_id"":""a686fd50-cf53-6ca3-8ae5-1ff9ff11a2f1"",""yes_price_dollars"":""0.3600""}"
KXETH15M-26APR280330-30,58f26a7e-884c-6f53-7741-8643ae1b9824,1777360793,0.34,1.0,no,"{""count_fp"":""1.00"",""created_time"":""2026-04-28T07:19:53.146683Z"",""no_price_dollars"":""0.6600"",""taker_side"":""no"",""ticker"":""KXETH15M-26APR280330-30"",""trade_id"":""58f26a7e-884c-6f53-7741-8643ae1b9824"",""yes_price_dollars"":""0.3400""}"
KXETH15M-26APR280330-30,c915a6db-663d-68ea-2a7f-208f36a6fdba,1777360802,0.34,1.0,no,"{""count_fp"":""1.00"",""created_time"":""2026-04-28T07:20:02.119549Z"",""no_price_dollars"":""0.6600"",""taker_side"":""no"",""ticker"":""KXETH15M-26APR280330-30"",""trade_id"":""c915a6db-663d-68ea-2a7f-208f36a6fdba"",""yes_price_dollars"":""0.3400""}"
KXETH15M-26APR280330-30,c53b35f7-0b5f-6189-10a0-35358178e900,1777360802,0.31,14.51,no,"{""count_fp"":""14.51"",""created_time"":""2026-04-28T07:20:02.119549Z"",""no_price_dollars"":""0.6900"",""taker_side"":""no"",""ticker"":""KXETH15M-26APR280330-30"",""trade_id"":""c53b35f7-0b5f-6189-10a0-35358178e900"",""yes_price_dollars"":""0.3100""}"
KXETH15M-26APR280330-30,36399b74-3438-6195-0d15-29dcc02a66eb,1777360802,0.32,10.0,no,"{""count_fp"":""10.00"",""created_time"":""2026-04-28T07:20:02.119549Z"",""no_price_dollars"":""0.6800"",""taker_side"":""no"",""ticker"":""KXETH15M-26APR280330-30"",""trade_id"":""36399b74-3438-6195-0d15-29dcc02a66eb"",""yes_price_dollars"":""0.3200""}"
KXETH15M-26APR280330-30,2591fcfc-0d1e-653e-241c-9f68e91e4ca8,1777360802,0.31,10.0,no,"{""count_fp"":""10.00"",""created_time"":""2026-04-28T07:20:02.119549Z"",""no_price_dollars"":""0.6900"",""taker_side"":""no"",""ticker"":""KXETH15M-26APR280330-30"",""trade_id"":""2591fcfc-0d1e-653e-241c-9f68e91e4ca8"",""yes_price_dollars"":""0.3100""}"
KXETH15M-26APR280330-30,f32458c9-2bcf-7fa4-c9ad-6645d7b2999a,1777360803,0.31,1.0,no,"{""count_fp"":""1.00"",""created_time"":""2026-04-28T07:20:03.773097Z"",""no_price_dollars"":""0.6900"",""taker_side"":""no"",""ticker"":""KXETH15M-26APR280330-30"",""trade_id"":""f32458c9-2bcf-7fa4-c9ad-6645d7b2999a"",""yes_price_dollars"":""0.3100""}"
KXETH15M-26APR280330-30,79f37e4b-34c6-4c89-f9b1-e089b838ce0d,1777360804,0.27,2.65,no,"{""count_fp"":""2.65"",""created_time"":""2026-04-28T07:20:04.470789Z"",""no_price_dollars"":""0.7300"",""taker_side"":""no"",""ticker"":""KXETH15M-26APR280330-30"",""trade_id"":""79f37e4b-34c6-4c89-f9b1-e089b838ce0d"",""yes_price_dollars"":""0.2700""}"
KXETH15M-26APR280330-30,cac5d1bd-a7bb-54f7-dbb1-3487c6fc8d08,1777360805,0.3,1.0,yes,"{""count_fp"":""1.00"",""created_time"":""2026-04-28T07:20:05.963302Z"",""no_price_dollars"":""0.7000"",""taker_side"":""yes"",""ticker"":""KXETH15M-26APR280330-30"",""trade_id"":""cac5d1bd-a7bb-54f7-dbb1-3487c6fc8d08"",""yes_price_dollars"":""0.3000""}"
KXETH15M-26APR280330-30,a30d4d38-a859-504d-df81-59a20ca96fe6,1777360805,0.32,0.88,yes,"{""count_fp"":""0.88"",""created_time"":""2026-04-28T07:20:05.963302Z"",""no_price_dollars"":""0.6800"",""taker_side"":""yes"",""ticker"":""KXETH15M-26APR280330-30"",""trade_id"":""a30d4d38-a859-504d-df81-59a20ca96fe6"",""yes_price_dollars"":""0.3200""}"
KXETH15M-26APR280330-30,1448bba4-b869-5749-d5c4-5e973fdc342c,1777360805,0.3,60.0,yes,"{""count_fp"":""60.00"",""created_time"":""2026-04-28T07:20:05.963302Z"",""no_price_dollars"":""0.7000"",""taker_side"":""yes"",""ticker"":""KXETH15M-26APR280330-30"",""trade_id"":""1448bba4-b869-5749-d5c4-5e973fdc342c"",""yes_price_dollars"":""0.3000""}"
KXETH15M-26APR280330-30,0be54279-1b8b-7cb5-fbd4-9c5b7af7c97e,1777360810,0.3,1.0,yes,"{""count_fp"":""1.00"",""created_time"":""2026-04-28T07:20:10.721627Z"",""no_price_dollars"":""0.7000"",""taker_side"":""yes"",""ticker"":""KXETH15M-26APR280330-30"",""trade_id"":""0be54279-1b8b-7cb5-fbd4-9c5b7af7c97e"",""yes_price_dollars"":""0.3000""}"
KXETH15M-26APR280330-30,ba4e532e-36ca-5288-0661-e815d73e1e5f,1777360813,0.3,9.0,no,"{""count_fp"":""9.00"",""created_time"":""2026-04-28T07:20:13.512103Z"",""no_price_dollars"":""0.7000"",""taker_side"":""no"",""ticker"":""KXETH15M-26APR280330-30"",""trade_id"":""ba4e532e-36ca-5288-0661-e815d73e1e5f"",""yes_price_dollars"":""0.3000""}"
KXETH15M-26APR280330-30,ac466f0e-f98b-5645-0898-bab10d5cd134,1777360813,0.3,25.97,no,"{""count_fp"":""25.97"",""created_time"":""2026-04-28T07:20:13.512103Z"",""no_price_dollars"":""0.7000"",""taker_side"":""no"",""ticker"":""KXETH15M-26APR280330-30"",""trade_id"":""ac466f0e-f98b-5645-0898-bab10d5cd134"",""yes_price_dollars"":""0.3000""}"
KXETH15M-26APR280330-30,b55a06d7-37f1-78a4-eba9-beb3b34dc2d2,1777360815,0.33,1.0,yes,"{""count_fp"":""1.00"",""created_time"":""2026-04-28T07:20:15.770444Z"",""no_price_dollars"":""0.6700"",""taker_side"":""yes"",""ticker"":""KXETH15M-26APR280330-30"",""trade_id"":""b55a06d7-37f1-78a4-eba9-beb3b34dc2d2"",""yes_price_dollars"":""0.3300""}"
KXETH15M-26APR280330-30,3d06e320-a053-670f-633b-40c778894487,1777360817,0.34,2.0,yes,"{""count_fp"":""2.00"",""created_time"":""2026-04-28T07:20:17.178865Z"",""no_price_dollars"":""0.6600"",""taker_side"":""yes"",""ticker"":""KXETH15M-26APR280330-30"",""trade_id"":""3d06e320-a053-670f-633b-40c778894487"",""yes_price_dollars"":""0.3400""}"
KXETH15M-26APR280330-30,cd68b281-71c9-706a-4be7-be3671308f7d,1777360819,0.37,2.0,yes,"{""count_fp"":""2.00"",""created_time"":""2026-04-28T07:20:19.700892Z"",""no_price_dollars"":""0.6300"",""taker_side"":""yes"",""ticker"":""KXETH15M-26APR280330-30"",""trade_id"":""cd68b281-71c9-706a-4be7-be3671308f7d"",""yes_price_dollars"":""0.3700""}"
KXETH15M-26APR280330-30,7a8101c8-df3e-7b04-5e0b-9dc23e07b643,1777360819,0.38,10.0,yes,"{""count_fp"":""10.00"",""created_time"":""2026-04-28T07:20:19.700892Z"",""no_price_dollars"":""0.6200"",""taker_side"":""yes"",""ticker"":""KXETH15M-26APR280330-30"",""trade_id"":""7a8101c8-df3e-7b04-5e0b-9dc23e07b643"",""yes_price_dollars"":""0.3800""}"
KXETH15M-26APR280330-30,f3e97e57-92d9-6cfd-7be0-839d7ec9f9d2,1777360820,0.39,10.0,yes,"{""count_fp"":""10.00"",""created_time"":""2026-04-28T07:20:20.387026Z"",""no_price_dollars"":""0.6100"",""taker_side"":""yes"",""ticker"":""KXETH15M-26APR280330-30"",""trade_id"":""f3e97e57-92d9-6cfd-7be0-839d7ec9f9d2"",""yes_price_dollars"":""0.3900""}"
KXETH15M-26APR280330-30,ba1c7c7e-7608-72be-15f0-473f7288cf0e,1777360821,0.43,9.47,yes,"{""count_fp"":""9.47"",""created_time"":""2026-04-28T07:20:21.117862Z"",""no_price_dollars"":""0.5700"",""taker_side"":""yes"",""ticker"":""KXETH15M-26APR280330-30"",""trade_id"":""ba1c7c7e-7608-72be-15f0-473f7288cf0e"",""yes_price_dollars"":""0.4300""}"
KXETH15M-26APR280330-30,90dc6fbf-1587-7906-332e-02c86d782cce,1777360821,0.43,10.0,yes,"{""count_fp"":""10.00"",""created_time"":""2026-04-28T07:20:21.117862Z"",""no_price_dollars"":""0.5700"",""taker_side"":""yes"",""ticker"":""KXETH15M-26APR280330-30"",""trade_id"":""90dc6fbf-1587-7906-332e-02c86d782cce"",""yes_price_dollars"":""0.4300""}"
KXETH15M-26APR280330-30,e903cde6-6cdb-7d14-5f2a-1b65a30b1460,1777360823,0.49,10.0,yes,"{""count_fp"":""10.00"",""created_time"":""2026-04-28T07:20:23.921284Z"",""no_price_dollars"":""0.5100"",""taker_side"":""yes"",""ticker"":""KXETH15M-26APR280330-30"",""trade_id"":""e903cde6-6cdb-7d14-5f2a-1b65a30b1460"",""yes_price_dollars"":""0.4900""}"
KXETH15M-26APR280330-30,db8eba0d-1b11-7622-5c82-26be0b982574,1777360823,0.46,1.0,yes,"{""count_fp"":""1.00"",""created_time"":""2026-04-28T07:20:23.921284Z"",""no_price_dollars"":""0.5400"",""taker_side"":""yes"",""ticker"":""KXETH15M-26APR280330-30"",""trade_id"":""db8eba0d-1b11-7622-5c82-26be0b982574"",""yes_price_dollars"":""0.4600""}"
KXETH15M-26APR280330-30,21d668f5-74c1-706f-56b8-12a74c30aacd,1777360823,0.5,37.56,yes,"{""count_fp"":""37.56"",""created_time"":""2026-04-28T07:20:23.921284Z"",""no_price_dollars"":""0.5000"",""taker_side"":""yes"",""ticker"":""KXETH15M-26APR280330-30"",""trade_id"":""21d668f5-74c1-706f-56b8-12a74c30aacd"",""yes_price_dollars"":""0.5000""}"
KXETH15M-26APR280330-30,bad0d662-04d6-7d72-7e53-1e19163e1b71,1777360824,0.43,236.38,no,"{""count_fp"":""236.38"",""created_time"":""2026-04-28T07:20:24.828876Z"",""no_price_dollars"":""0.5700"",""taker_side"":""no"",""ticker"":""KXETH15M-26APR280330-30"",""trade_id"":""bad0d662-04d6-7d72-7e53-1e19163e1b71"",""yes_price_dollars"":""0.4300""}"
KXETH15M-26APR280330-30,b727a517-e6a7-7f51-78e8-c9f7e12d70db,1777360824,0.44,100.0,no,"{""count_fp"":""100.00"",""created_time"":""2026-04-28T07:20:24.828876Z"",""no_price_dollars"":""0.5600"",""taker_side"":""no"",""ticker"":""KXETH15M-26APR280330-30"",""trade_id"":""b727a517-e6a7-7f51-78e8-c9f7e12d70db"",""yes_price_dollars"":""0.4400""}"
KXETH15M-26APR280330-30,ae08d2aa-803a-7691-7fa8-80f358ef5f01,1777360824,0.45,10.0,no,"{""count_fp"":""10.00"",""created_time"":""2026-04-28T07:20:24.828876Z"",""no_price_dollars"":""0.5500"",""taker_side"":""no"",""ticker"":""KXETH15M-26APR280330-30"",""trade_id"":""ae08d2aa-803a-7691-7fa8-80f358ef5f01"",""yes_price_dollars"":""0.4500""}"
KXETH15M-26APR280330-30,41e682bd-1f43-7e49-73b1-8b9d10bd7cf0,1777360824,0.45,10.22,no,"{""count_fp"":""10.22"",""created_time"":""2026-04-28T07:20:24.828876Z"",""no_price_dollars"":""0.5500"",""taker_side"":""no"",""ticker"":""KXETH15M-26APR280330-30"",""trade_id"":""41e682bd-1f43-7e49-73b1-8b9d10bd7cf0"",""yes_price_dollars"":""0.4500""}"
KXETH15M-26APR280330-30,f63a221e-3e5a-580c-5931-c3c5977db79c,1777360827,0.47,1.0,yes,"{""count_fp"":""1.00"",""created_time"":""2026-04-28T07:20:27.151555Z"",""no_price_dollars"":""0.5300"",""taker_side"":""yes"",""ticker"":""KXETH15M-26APR280330-30"",""trade_id"":""f63a221e-3e5a-580c-5931-c3c5977db79c"",""yes_price_dollars"":""0.4700""}"
KXETH15M-26APR280330-30,ffe9992e-69cc-4bfa-bd04-ee508080b96b,1777360829,0.49,9.18,no,"{""count_fp"":""9.18"",""created_time"":""2026-04-28T07:20:29.618975Z"",""no_price_dollars"":""0.5100"",""taker_side"":""no"",""ticker"":""KXETH15M-26APR280330-30"",""trade_id"":""ffe9992e-69cc-4bfa-bd04-ee508080b96b"",""yes_price_dollars"":""0.4900""}"
KXETH15M-26APR280330-30,a2940cb5-f4ea-492c-987d-0cc6fde7a832,1777360829,0.49,8.44,no,"{""count_fp"":""8.44"",""created_time"":""2026-04-28T07:20:29.618975Z"",""no_price_dollars"":""0.5100"",""taker_side"":""no"",""ticker"":""KXETH15M-26APR280330-30"",""trade_id"":""a2940cb5-f4ea-492c-987d-0cc6fde7a832"",""yes_price_dollars"":""0.4900""}"
KXETH15M-26APR280330-30,0c7d2eb7-b006-5e2c-ac33-57f4b89593fe,1777360829,0.49,1.76,no,"{""count_fp"":""1.76"",""created_time"":""2026-04-28T07:20:29.564216Z"",""no_price_dollars"":""0.5100"",""taker_side"":""no"",""ticker"":""KXETH15M-26APR280330-30"",""trade_id"":""0c7d2eb7-b006-5e2c-ac33-57f4b89593fe"",""yes_price_dollars"":""0.4900""}"
KXETH15M-26APR280330-30,9a3eda5f-6075-7c51-a6f6-eeebd775f5d5,1777360829,0.49,1.0,yes,"{""count_fp"":""1.00"",""created_time"":""2026-04-28T07:20:29.083166Z"",""no_price_dollars"":""0.5100"",""taker_side"":""yes"",""ticker"":""KXETH15M-26APR280330-30"",""trade_id"":""9a3eda5f-6075-7c51-a6f6-eeebd775f5d5"",""yes_price_dollars"":""0.4900""}"
KXETH15M-26APR280330-30,915df215-4df3-734a-9e47-bb76c41fd996,1777360829,0.5,10.0,yes,"{""count_fp"":""10.00"",""created_time"":""2026-04-28T07:20:29.083166Z"",""no_price_dollars"":""0.5000"",""taker_side"":""yes"",""ticker"":""KXETH15M-26APR280330-30"",""trade_id"":""915df215-4df3-734a-9e47-bb76c41fd996"",""yes_price_dollars"":""0.5000""}"
KXETH15M-26APR280330-30,16eff2ad-a483-4eb5-f076-7de16ca09222,1777360834,0.45,1.0,no,"{""count_fp"":""1.00"",""created_time"":""2026-04-28T07:20:34.886757Z"",""no_price_dollars"":""0.5500"",""taker_side"":""no"",""ticker"":""KXETH15M-26APR280330-30"",""trade_id"":""16eff2ad-a483-4eb5-f076-7de16ca09222"",""yes_price_dollars"":""0.4500""}"
KXETH15M-26APR280330-30,aee969f9-846c-4515-e147-91710d0c34d4,1777360837,0.5,1.0,yes,"{""count_fp"":""1.00"",""created_time"":""2026-04-28T07:20:37.854125Z"",""no_price_dollars"":""0.5000"",""taker_side"":""yes"",""ticker"":""KXETH15M-26APR280330-30"",""trade_id"":""aee969f9-846c-4515-e147-91710d0c34d4"",""yes_price_dollars"":""0.5000""}"
KXETH15M-26APR280330-30,e6cbd666-2bad-5a6c-5bb3-72c30c8daef8,1777360846,0.51,5.68,yes,"{""count_fp"":""5.68"",""created_time"":""2026-04-28T07:20:46.049498Z"",""no_price_dollars"":""0.4900"",""taker_side"":""yes"",""ticker"":""KXETH15M-26APR280330-30"",""trade_id"":""e6cbd666-2bad-5a6c-5bb3-72c30c8daef8"",""yes_price_dollars"":""0.5100""}"
KXETH15M-26APR280330-30,0f321c2d-d96e-5a55-2002-b2b7dfdd836a,1777360849,0.5,1.0,no,"{""count_fp"":""1.00"",""created_time"":""2026-04-28T07:20:49.785477Z"",""no_price_dollars"":""0.5000"",""taker_side"":""no"",""ticker"":""KXETH15M-26APR280330-30"",""trade_id"":""0f321c2d-d96e-5a55-2002-b2b7dfdd836a"",""yes_price_dollars"":""0.5000""}"
KXETH15M-26APR280330-30,74badfe9-2692-76a2-2be9-81e775033edc,1777360854,0.45,2.49,no,"{""count_fp"":""2.49"",""created_time"":""2026-04-28T07:20:54.846547Z"",""no_price_dollars"":""0.5500"",""taker_side"":""no"",""ticker"":""KXETH15M-26APR280330-30"",""trade_id"":""74badfe9-2692-76a2-2be9-81e775033edc"",""yes_price_dollars"":""0.4500""}"
KXETH15M-26APR280330-30,5036ae88-089e-7572-01b4-7c09e408cd19,1777360854,0.45,1.0,no,"{""count_fp"":""1.00"",""created_time"":""2026-04-28T07:20:54.846547Z"",""no_price_dollars"":""0.5500"",""taker_side"":""no"",""ticker"":""KXETH15M-26APR280330-30"",""trade_id"":""5036ae88-089e-7572-01b4-7c09e408cd19"",""yes_price_dollars"":""0.4500""}"
KXETH15M-26APR280330-30,b82600fe-be18-473e-c5f2-e427cda95421,1777360856,0.47,0.88,no,"{""count_fp"":""0.88"",""created_time"":""2026-04-28T07:20:56.199135Z"",""no_price_dollars"":""0.5300"",""taker_side"":""no"",""ticker"":""KXETH15M-26APR280330-30"",""trade_id"":""b82600fe-be18-473e-c5f2-e427cda95421"",""yes_price_dollars"":""0.4700""}"
KXETH15M-26APR280330-30,5f99cd63-1419-5b50-e01f-dd212dda3a9a,1777360857,0.5,1.0,yes,"{""count_fp"":""1.00"",""created_time"":""2026-04-28T07:20:57.454617Z"",""no_price_dollars"":""0.5000"",""taker_side"":""yes"",""ticker"":""KXETH15M-26APR280330-30"",""trade_id"":""5f99cd63-1419-5b50-e01f-dd212dda3a9a"",""yes_price_dollars"":""0.5000""}"
KXETH15M-26APR280330-30,ab856525-4ffb-6304-7182-ec3aa7bdb2a3,1777360860,0.43,10.0,no,"{""count_fp"":""10.00"",""created_time"":""2026-04-28T07:21:00.858489Z"",""no_price_dollars"":""0.5700"",""taker_side"":""no"",""ticker"":""KXETH15M-26APR280330-30"",""trade_id"":""ab856525-4ffb-6304-7182-ec3aa7bdb2a3"",""yes_price_dollars"":""0.4300""}"
KXETH15M-26APR280330-30,aee2e8b7-e81e-7e86-45c2-20e07d9446c3,1777360866,0.49,9.47,no,"{""count_fp"":""9.47"",""created_time"":""2026-04-28T07:21:06.449165Z"",""no_price_dollars"":""0.5100"",""taker_side"":""no"",""ticker"":""KXETH15M-26APR280330-30"",""trade_id"":""aee2e8b7-e81e-7e86-45c2-20e07d9446c3"",""yes_price_dollars"":""0.4900""}"
KXETH15M-26APR280330-30,36e209be-9a4a-70d5-e8f5-01c91cfd0cf3,1777360869,0.53,1.0,no,"{""count_fp"":""1.00"",""created_time"":""2026-04-28T07:21:09.697875Z"",""no_price_dollars"":""0.4700"",""taker_side"":""no"",""ticker"":""KXETH15M-26APR280330-30"",""trade_id"":""36e209be-9a4a-70d5-e8f5-01c91cfd0cf3"",""yes_price_dollars"":""0.5300""}"
KXETH15M-26APR280330-30,e7c3b324-1204-43c7-d700-62e1c7c02088,1777360871,0.58,9.0,yes,"{""count_fp"":""9.00"",""created_time"":""2026-04-28T07:21:11.704464Z"",""no_price_dollars"":""0.4200"",""taker_side"":""yes"",""ticker"":""KXETH15M-26APR280330-30"",""trade_id"":""e7c3b324-1204-43c7-d700-62e1c7c02088"",""yes_price_dollars"":""0.5800""}"
KXETH15M-26APR280330-30,9bbab6f4-31c5-6804-7f6f-146cf706bec3,1777360873,0.58,1.0,yes,"{""count_fp"":""1.00"",""created_time"":""2026-04-28T07:21:13.123801Z"",""no_price_dollars"":""0.4200"",""taker_side"":""yes"",""ticker"":""KXETH15M-26APR280330-30"",""trade_id"":""9bbab6f4-31c5-6804-7f6f-146cf706bec3"",""yes_price_dollars"":""0.5800""}"
KXETH15M-26APR280330-30,000576d1-8561-6699-459a-9bbd5f338d36,1777360873,0.57,10.0,yes,"{""count_fp"":""10.00"",""created_time"":""2026-04-28T07:21:13.123801Z"",""no_price_dollars"":""0.4300"",""taker_side"":""yes"",""ticker"":""KXETH15M-26APR280330-30"",""trade_id"":""000576d1-8561-6699-459a-9bbd5f338d36"",""yes_price_dollars"":""0.5700""}"
KXETH15M-26APR280330-30,c7925c6d-4080-50c4-012d-4f312d5bd0c7,1777360874,0.55,1.0,no,"{""count_fp"":""1.00"",""created_time"":""2026-04-28T07:21:14.680321Z"",""no_price_dollars"":""0.4500"",""taker_side"":""no"",""ticker"":""KXETH15M-26APR280330-30"",""trade_id"":""c7925c6d-4080-50c4-012d-4f312d5bd0c7"",""yes_price_dollars"":""0.5500""}"
KXETH15M-26APR280330-30,1bf8613b-f90b-77c9-1852-42f529b98d44,1777360877,0.62,10.0,yes,"{""count_fp"":""10.00"",""created_time"":""2026-04-28T07:21:17.740823Z"",""no_price_dollars"":""0.3800"",""taker_side"":""yes"",""ticker"":""KXETH15M-26APR280330-30"",""trade_id"":""1bf8613b-f90b-77c9-1852-42f529b98d44"",""yes_price_dollars"":""0.6200""}"
KXETH15M-26APR280330-30,0a129e99-230b-7513-0815-7e49655fb1bf,1777360877,0.61,0.1,yes,"{""count_fp"":""0.10"",""created_time"":""2026-04-28T07:21:17.740823Z"",""no_price_dollars"":""0.3900"",""taker_side"":""yes"",""ticker"":""KXETH15M-26APR280330-30"",""trade_id"":""0a129e99-230b-7513-0815-7e49655fb1bf"",""yes_price_dollars"":""0.6100""}"
KXETH15M-26APR280330-30,2801e279-dafb-5d3f-af03-ef3ce484ccb3,1777360877,0.61,8.0,yes,"{""count_fp"":""8.00"",""created_time"":""2026-04-28T07:21:17.731567Z"",""no_price_dollars"":""0.3900"",""taker_side"":""yes"",""ticker"":""KXETH15M-26APR280330-30"",""trade_id"":""2801e279-dafb-5d3f-af03-ef3ce484ccb3"",""yes_price_dollars"":""0.6100""}"
KXETH15M-26APR280330-30,14606a6a-36e8-527e-9814-4ab2aed3621a,1777360877,0.61,10.0,yes,"{""count_fp"":""10.00"",""created_time"":""2026-04-28T07:21:17.731567Z"",""no_price_dollars"":""0.3900"",""taker_side"":""yes"",""ticker"":""KXETH15M-26APR280330-30"",""trade_id"":""14606a6a-36e8-527e-9814-4ab2aed3621a"",""yes_price_dollars"":""0.6100""}"
KXETH15M-26APR280330-30,7c0126f8-eb3d-5657-f705-e191895bb039,1777360879,0.61,100.0,yes,"{""count_fp"":""100.00"",""created_time"":""2026-04-28T07:21:19.796578Z"",""no_price_dollars"":""0.3900"",""taker_side"":""yes"",""ticker"":""KXETH15M-26APR280330-30"",""trade_id"":""7c0126f8-eb3d-5657-f705-e191895bb039"",""yes_price_dollars"":""0.6100""}"
KXETH15M-26APR280330-30,27faece3-05bd-6616-3ae5-4018080a2657,1777360879,0.6,1.0,yes,"{""count_fp"":""1.00"",""created_time"":""2026-04-28T07:21:19.779443Z"",""no_price_dollars"":""0.4000"",""taker_side"":""yes"",""ticker"":""KXETH15M-26APR280330-30"",""trade_id"":""27faece3-05bd-6616-3ae5-4018080a2657"",""yes_price_dollars"":""0.6000""}"
KXETH15M-26APR280330-30,d32ffddd-8a13-7542-516b-48393f46b41b,1777360885,0.59,10.8,no,"{""count_fp"":""10.80"",""created_time"":""2026-04-28T07:21:25.434174Z"",""no_price_dollars"":""0.4100"",""taker_side"":""no"",""ticker"":""KXETH15M-26APR280330-30"",""trade_id"":""d32ffddd-8a13-7542-516b-48393f46b41b"",""yes_price_dollars"":""0.5900""}"
KXETH15M-26APR280330-30,b8f564cf-ee68-7a41-6210-86e4f709d384,1777360885,0.59,10.0,no,"{""count_fp"":""10.00"",""created_time"":""2026-04-28T07:21:25.434174Z"",""no_price_dollars"":""0.4100"",""taker_side"":""no"",""ticker"":""KXETH15M-26APR280330-30"",""trade_id"":""b8f564cf-ee68-7a41-6210-86e4f709d384"",""yes_price_dollars"":""0.5900""}"
KXETH15M-26APR280330-30,79868c9b-c008-7f1f-7368-e032e95da8fa,1777360885,0.58,103.21,no,"{""count_fp"":""103.21"",""created_time"":""2026-04-28T07:21:25.434174Z"",""no_price_dollars"":""0.4200"",""taker_side"":""no"",""ticker"":""KXETH15M-26APR280330-30"",""trade_id"":""79868c9b-c008-7f1f-7368-e032e95da8fa"",""yes_price_dollars"":""0.5800""}"
KXETH15M-26APR280330-30,f7332a20-89a0-4c1b-2b70-758ef308fbb6,1777360888,0.62,13.56,no,"{""count_fp"":""13.56"",""created_time"":""2026-04-28T07:21:28.857188Z"",""no_price_dollars"":""0.3800"",""taker_side"":""no"",""ticker"":""KXETH15M-26APR280330-30"",""trade_id"":""f7332a20-89a0-4c1b-2b70-758ef308fbb6"",""yes_price_dollars"":""0.6200""}"
KXETH15M-26APR280330-30,b60d9558-6fef-4d24-257f-b28e89116e6d,1777360888,0.63,10.0,no,"{""count_fp"":""10.00"",""created_time"":""2026-04-28T07:21:28.857188Z"",""no_price_dollars"":""0.3700"",""taker_side"":""no"",""ticker"":""KXETH15M-26APR280330-30"",""trade_id"":""b60d9558-6fef-4d24-257f-b28e89116e6d"",""yes_price_dollars"":""0.6300""}"
KXETH15M-26APR280330-30,27d6e2c7-43dd-4474-30e4-132d68083006,1777360888,0.63,10.0,no,"{""count_fp"":""10.00"",""created_time"":""2026-04-28T07:21:28.857188Z"",""no_price_dollars"":""0.3700"",""taker_side"":""no"",""ticker"":""KXETH15M-26APR280330-30"",""trade_id"":""27d6e2c7-43dd-4474-30e4-132d68083006"",""yes_price_dollars"":""0.6300""}"
KXETH15M-26APR280330-30,05b95877-0de9-4794-172f-3bd755689987,1777360888,0.63,11.16,no,"{""count_fp"":""11.16"",""created_time"":""2026-04-28T07:21:28.857188Z"",""no_price_dollars"":""0.3700"",""taker_side"":""no"",""ticker"":""KXETH15M-26APR280330-30"",""trade_id"":""05b95877-0de9-4794-172f-3bd755689987"",""yes_price_dollars"":""0.6300""}"
KXETH15M-26APR280330-30,b0e238a6-cb0b-6791-2e57-040218107279,1777360889,0.66,3.0,yes,"{""count_fp"":""3.00"",""created_time"":""2026-04-28T07:21:29.987198Z"",""no_price_dollars"":""0.3400"",""taker_side"":""yes"",""ticker"":""KXETH15M-26APR280330-30"",""trade_id"":""b0e238a6-cb0b-6791-2e57-040218107279"",""yes_price_dollars"":""0.6600""}"
KXETH15M-26APR280330-30,aedbe477-cb91-721a-4192-b5f14b083201,1777360892,0.71,1.0,yes,"{""count_fp"":""1.00"",""created_time"":""2026-04-28T07:21:32.832462Z"",""no_price_dollars"":""0.2900"",""taker_side"":""yes"",""ticker"":""KXETH15M-26APR280330-30"",""trade_id"":""aedbe477-cb91-721a-4192-b5f14b083201"",""yes_price_dollars"":""0.7100""}"
KXETH15M-26APR280330-30,fbc24b1b-91b7-48d1-397c-47276f6f3045,1777360892,0.69,10.0,yes,"{""count_fp"":""10.00"",""created_time"":""2026-04-28T07:21:32.738949Z"",""no_price_dollars"":""0.3100"",""taker_side"":""yes"",""ticker"":""KXETH15M-26APR280330-30"",""trade_id"":""fbc24b1b-91b7-48d1-397c-47276f6f3045"",""yes_price_dollars"":""0.6900""}"
KXETH15M-26APR280330-30,389a0f24-ada9-47ee-fcab-036115418b91,1777360893,0.71,2.0,yes,"{""count_fp"":""2.00"",""created_time"":""2026-04-28T07:21:33.767341Z"",""no_price_dollars"":""0.2900"",""taker_side"":""yes"",""ticker"":""KXETH15M-26APR280330-30"",""trade_id"":""389a0f24-ada9-47ee-fcab-036115418b91"",""yes_price_dollars"":""0.7100""}"
KXETH15M-26APR280330-30,2584eca6-3603-4d34-a899-9470e0ff6932,1777360898,0.72,1.0,yes,"{""count_fp"":""1.00"",""created_time"":""2026-04-28T07:21:38.560154Z"",""no_price_dollars"":""0.2800"",""taker_side"":""yes"",""ticker"":""KXETH15M-26APR280330-30"",""trade_id"":""2584eca6-3603-4d34-a899-9470e0ff6932"",""yes_price_dollars"":""0.7200""}"
KXETH15M-26APR280330-30,b675a01e-ac21-64b6-f243-a0e239f7bffd,1777360901,0.72,1.0,yes,"{""count_fp"":""1.00"",""created_time"":""2026-04-28T07:21:41.760998Z"",""no_price_dollars"":""0.2800"",""taker_side"":""yes"",""ticker"":""KXETH15M-26APR280330-30"",""trade_id"":""b675a01e-ac21-64b6-f243-a0e239f7bffd"",""yes_price_dollars"":""0.7200""}"
KXETH15M-26APR280330-30,ae1af7f0-247d-7c4d-e437-717a7aecba91,1777360906,0.68,3.48,no,"{""count_fp"":""3.48"",""created_time"":""2026-04-28T07:21:46.397341Z"",""no_price_dollars"":""0.3200"",""taker_side"":""no"",""ticker"":""KXETH15M-26APR280330-30"",""trade_id"":""ae1af7f0-247d-7c4d-e437-717a7aecba91"",""yes_price_dollars"":""0.6800""}"
KXETH15M-26APR280330-30,cb5df376-875d-5976-0b4b-78cd21be1799,1777360912,0.72,2.0,yes,"{""count_fp"":""2.00"",""created_time"":""2026-04-28T07:21:52.698356Z"",""no_price_dollars"":""0.2800"",""taker_side"":""yes"",""ticker"":""KXETH15M-26APR280330-30"",""trade_id"":""cb5df376-875d-5976-0b4b-78cd21be1799"",""yes_price_dollars"":""0.7200""}"
KXETH15M-26APR280330-30,8dc7d270-bc21-671e-64d0-630e1dcc9bc5,1777360914,0.72,3.0,yes,"{""count_fp"":""3.00"",""created_time"":""2026-04-28T07:21:54.506558Z"",""no_price_dollars"":""0.2800"",""taker_side"":""yes"",""ticker"":""KXETH15M-26APR280330-30"",""trade_id"":""8dc7d270-bc21-671e-64d0-630e1dcc9bc5"",""yes_price_dollars"":""0.7200""}"
KXETH15M-26APR280330-30,5d25f0a6-a32f-59c1-7fbe-c0b59c02a93e,1777360917,0.8,4.0,yes,"{""count_fp"":""4.00"",""created_time"":""2026-04-28T07:21:57.957506Z"",""no_price_dollars"":""0.2000"",""taker_side"":""yes"",""ticker"":""KXETH15M-26APR280330-30"",""trade_id"":""5d25f0a6-a32f-59c1-7fbe-c0b59c02a93e"",""yes_price_dollars"":""0.8000""}"
KXETH15M-26APR280330-30,748c7a55-c9b8-6d4c-3b56-bb166f07cfe9,1777360919,0.78,1.0,no,"{""count_fp"":""1.00"",""created_time"":""2026-04-28T07:21:59.037887Z"",""no_price_dollars"":""0.2200"",""taker_side"":""no"",""ticker"":""KXETH15M-26APR280330-30"",""trade_id"":""748c7a55-c9b8-6d4c-3b56-bb166f07cfe9"",""yes_price_dollars"":""0.7800""}"
KXETH15M-26APR280330-30,b39a8650-43c3-471d-6f69-5cda63b2503e,1777360920,0.77,20.0,yes,"{""count_fp"":""20.00"",""created_time"":""2026-04-28T07:22:00.283616Z"",""no_price_dollars"":""0.2300"",""taker_side"":""yes"",""ticker"":""KXETH15M-26APR280330-30"",""trade_id"":""b39a8650-43c3-471d-6f69-5cda63b2503e"",""yes_price_dollars"":""0.7700""}"
KXETH15M-26APR280330-30,b0621e3e-4113-46b1-79aa-3774ba5afaea,1777360920,0.77,1.0,yes,"{""count_fp"":""1.00"",""created_time"":""2026-04-28T07:22:00.282614Z"",""no_price_dollars"":""0.2300"",""taker_side"":""yes"",""ticker"":""KXETH15M-26APR280330-30"",""trade_id"":""b0621e3e-4113-46b1-79aa-3774ba5afaea"",""yes_price_dollars"":""0.7700""}"
KXETH15M-26APR280330-30,d79e046f-a37f-6b05-90f5-789f6dd3ffca,1777360920,0.77,12.0,yes,"{""count_fp"":""12.00"",""created_time"":""2026-04-28T07:22:00.193409Z"",""no_price_dollars"":""0.2300"",""taker_side"":""yes"",""ticker"":""KXETH15M-26APR280330-30"",""trade_id"":""d79e046f-a37f-6b05-90f5-789f6dd3ffca"",""yes_price_dollars"":""0.7700""}"
KXETH15M-26APR280330-30,5efa3d66-5f4e-5af5-58ed-f77a860de4ec,1777360922,0.75,13.0,no,"{""count_fp"":""13.00"",""created_time"":""2026-04-28T07:22:02.896821Z"",""no_price_dollars"":""0.2500"",""taker_side"":""no"",""ticker"":""KXETH15M-26APR280330-30"",""trade_id"":""5efa3d66-5f4e-5af5-58ed-f77a860de4ec"",""yes_price_dollars"":""0.7500""}"
KXETH15M-26APR280330-30,a8ca9e6d-d096-5abe-68a8-85141d63220a,1777360922,0.76,10.0,no,"{""count_fp"":""10.00"",""created_time"":""2026-04-28T07:22:02.865825Z"",""no_price_dollars"":""0.2400"",""taker_side"":""no"",""ticker"":""KXETH15M-26APR280330-30"",""trade_id"":""a8ca9e6d-d096-5abe-68a8-85141d63220a"",""yes_price_dollars"":""0.7600""}"
KXETH15M-26APR280330-30,df5d1ce5-ea07-6381-7c9d-d8b8b0ade644,1777360922,0.78,17.62,yes,"{""count_fp"":""17.62"",""created_time"":""2026-04-28T07:22:02.351993Z"",""no_price_dollars"":""0.2200"",""taker_side"":""yes"",""ticker"":""KXETH15M-26APR280330-30"",""trade_id"":""df5d1ce5-ea07-6381-7c9d-d8b8b0ade644"",""yes_price_dollars"":""0.7800""}"
KXETH15M-26APR280330-30,aecd6ad7-b447-7dc1-6092-0140c8ff802a,1777360923,0.73,70.0,yes,"{""count_fp"":""70.00"",""created_time"":""2026-04-28T07:22:03.198952Z"",""no_price_dollars"":""0.2700"",""taker_side"":""yes"",""ticker"":""KXETH15M-26APR280330-30"",""trade_id"":""aecd6ad7-b447-7dc1-6092-0140c8ff802a"",""yes_price_dollars"":""0.7300""}"
KXETH15M-26APR280330-30,cd9cbc67-f5c0-7a79-9a47-33e6cce566b8,1777360926,0.71,1.0,yes,"{""count_fp"":""1.00"",""created_time"":""2026-04-28T07:22:06.149226Z"",""no_price_dollars"":""0.2900"",""taker_side"":""yes"",""ticker"":""KXETH15M-26APR280330-30"",""trade_id"":""cd9cbc67-f5c0-7a79-9a47-33e6cce566b8"",""yes_price_dollars"":""0.7100""}"
KXETH15M-26APR280330-30,8d56a950-fb2a-575d-2e4c-63d909555138,1777360928,0.69,1.0,yes,"{""count_fp"":""1.00"",""created_time"":""2026-04-28T07:22:08.149304Z"",""no_price_dollars"":""0.3100"",""taker_side"":""yes"",""ticker"":""KXETH15M-26APR280330-30"",""trade_id"":""8d56a950-fb2a-575d-2e4c-63d909555138"",""yes_price_dollars"":""0.6900""}"
KXETH15M-26APR280330-30,d767ccff-5372-602d-c3e8-8770b13db2a8,1777360929,0.69,114.0,yes,"{""count_fp"":""114.00"",""created_time"":""2026-04-28T07:22:09.141636Z"",""no_price_dollars"":""0.3100"",""taker_side"":""yes"",""ticker"":""KXETH15M-26APR280330-30"",""trade_id"":""d767ccff-5372-602d-c3e8-8770b13db2a8"",""yes_price_dollars"":""0.6900""}"
KXETH15M-26APR280330-30,96c003f6-c2a2-7e61-d88d-50da3403d640,1777360930,0.69,108.0,yes,"{""count_fp"":""108.00"",""created_time"":""2026-04-28T07:22:10.102188Z"",""no_price_dollars"":""0.3100"",""taker_side"":""yes"",""ticker"":""KXETH15M-26APR280330-30"",""trade_id"":""96c003f6-c2a2-7e61-d88d-50da3403d640"",""yes_price_dollars"":""0.6900""}"
KXETH15M-26APR280330-30,eb4a400d-f7de-4c5d-9f0f-552c865c24ac,1777360931,0.69,106.0,yes,"{""count_fp"":""106.00"",""created_time"":""2026-04-28T07:22:11.102326Z"",""no_price_dollars"":""0.3100"",""taker_side"":""yes"",""ticker"":""KXETH15M-26APR280330-30"",""trade_id"":""eb4a400d-f7de-4c5d-9f0f-552c865c24ac"",""yes_price_dollars"":""0.6900""}"
KXETH15M-26APR280330-30,dbdb2afc-74ed-4698-0fd9-dd29d1a3f6ab,1777360932,0.67,1.0,no,"{""count_fp"":""1.00"",""created_time"":""2026-04-28T07:22:12.324945Z"",""no_price_dollars"":""0.3300"",""taker_side"":""no"",""ticker"":""KXETH15M-26APR280330-30"",""trade_id"":""dbdb2afc-74ed-4698-0fd9-dd29d1a3f6ab"",""yes_price_dollars"":""0.6700""}"
KXETH15M-26APR280330-30,bf0c0ba7-d34c-4ce1-2ed5-b5db9f047a11,1777360932,0.67,10.0,no,"{""count_fp"":""10.00"",""created_time"":""2026-04-28T07:22:12.324945Z"",""no_price_dollars"":""0.3300"",""taker_side"":""no"",""ticker"":""KXETH15M-26APR280330-30"",""trade_id"":""bf0c0ba7-d34c-4ce1-2ed5-b5db9f047a11"",""yes_price_dollars"":""0.6700""}"
