ticker,trade_id,ts,yes_price,count,taker_side,raw_json
KXETH15M-26APR271830-30,e5f3d0f3-a419-461c-202d-88d48c88cbc1,1777328107,0.7,1.0,yes,"{""count_fp"":""1.00"",""created_time"":""2026-04-27T22:15:07.615864Z"",""no_price_dollars"":""0.3000"",""taker_side"":""yes"",""ticker"":""KXETH15M-26APR271830-30"",""trade_id"":""e5f3d0f3-a419-461c-202d-88d48c88cbc1"",""yes_price_dollars"":""0.7000""}"
KXETH15M-26APR271830-30,a1a45bed-7281-45f5-3cee-f62c93b188d9,1777328107,0.7,4.0,yes,"{""count_fp"":""4.00"",""created_time"":""2026-04-27T22:15:07.615864Z"",""no_price_dollars"":""0.3000"",""taker_side"":""yes"",""ticker"":""KXETH15M-26APR271830-30"",""trade_id"":""a1a45bed-7281-45f5-3cee-f62c93b188d9"",""yes_price_dollars"":""0.7000""}"
KXETH15M-26APR271830-30,fd5aaa53-21bf-4aa0-0c02-43812704feb0,1777328112,0.58,60.0,no,"{""count_fp"":""60.00"",""created_time"":""2026-04-27T22:15:12.450734Z"",""no_price_dollars"":""0.4200"",""taker_side"":""no"",""ticker"":""KXETH15M-26APR271830-30"",""trade_id"":""fd5aaa53-21bf-4aa0-0c02-43812704feb0"",""yes_price_dollars"":""0.5800""}"
KXETH15M-26APR271830-30,da9b72c8-3093-478a-3615-52ce909419ba,1777328118,0.53,9.0,no,"{""count_fp"":""9.00"",""created_time"":""2026-04-27T22:15:18.340325Z"",""no_price_dollars"":""0.4700"",""taker_side"":""no"",""ticker"":""KXETH15M-26APR271830-30"",""trade_id"":""da9b72c8-3093-478a-3615-52ce909419ba"",""yes_price_dollars"":""0.5300""}"
KXETH15M-26APR271830-30,d33e3c17-9957-4fe1-3476-79607890e2c4,1777328118,0.53,1.0,no,"{""count_fp"":""1.00"",""created_time"":""2026-04-27T22:15:18.340325Z"",""no_price_dollars"":""0.4700"",""taker_side"":""no"",""ticker"":""KXETH15M-26APR271830-30"",""trade_id"":""d33e3c17-9957-4fe1-3476-79607890e2c4"",""yes_price_dollars"":""0.5300""}"
KXETH15M-26APR271830-30,e98f8563-f7a9-5909-f88e-528bd8f6db17,1777328121,0.56,1.0,yes,"{""count_fp"":""1.00"",""created_time"":""2026-04-27T22:15:21.142083Z"",""no_price_dollars"":""0.4400"",""taker_side"":""yes"",""ticker"":""KXETH15M-26APR271830-30"",""trade_id"":""e98f8563-f7a9-5909-f88e-528bd8f6db17"",""yes_price_dollars"":""0.5600""}"
KXETH15M-26APR271830-30,8d1f5526-a119-7d3d-0b56-5364c1762a0b,1777328123,0.56,19.05,yes,"{""count_fp"":""19.05"",""created_time"":""2026-04-27T22:15:23.564748Z"",""no_price_dollars"":""0.4400"",""taker_side"":""yes"",""ticker"":""KXETH15M-26APR271830-30"",""trade_id"":""8d1f5526-a119-7d3d-0b56-5364c1762a0b"",""yes_price_dollars"":""0.5600""}"
KXETH15M-26APR271830-30,e363c032-4cc9-7abd-8a06-e300d785211b,1777328126,0.56,8.0,yes,"{""count_fp"":""8.00"",""created_time"":""2026-04-27T22:15:26.605072Z"",""no_price_dollars"":""0.4400"",""taker_side"":""yes"",""ticker"":""KXETH15M-26APR271830-30"",""trade_id"":""e363c032-4cc9-7abd-8a06-e300d785211b"",""yes_price_dollars"":""0.5600""}"
KXETH15M-26APR271830-30,f1f9f76f-89d1-7a89-4a0d-92aab2905cbf,1777328127,0.56,5.0,yes,"{""count_fp"":""5.00"",""created_time"":""2026-04-27T22:15:27.107483Z"",""no_price_dollars"":""0.4400"",""taker_side"":""yes"",""ticker"":""KXETH15M-26APR271830-30"",""trade_id"":""f1f9f76f-89d1-7a89-4a0d-92aab2905cbf"",""yes_price_dollars"":""0.5600""}"
KXETH15M-26APR271830-30,d65263db-333d-5b79-6c78-b6c3df400257,1777328127,0.56,1.0,yes,"{""count_fp"":""1.00"",""created_time"":""2026-04-27T22:15:27.092336Z"",""no_price_dollars"":""0.4400"",""taker_side"":""yes"",""ticker"":""KXETH15M-26APR271830-30"",""trade_id"":""d65263db-333d-5b79-6c78-b6c3df400257"",""yes_price_dollars"":""0.5600""}"
KXETH15M-26APR271830-30,feaf02cb-2b6a-5841-5a59-10ecd9de075c,1777328132,0.47,100.0,no,"{""count_fp"":""100.00"",""created_time"":""2026-04-27T22:15:32.619916Z"",""no_price_dollars"":""0.5300"",""taker_side"":""no"",""ticker"":""KXETH15M-26APR271830-30"",""trade_id"":""feaf02cb-2b6a-5841-5a59-10ecd9de075c"",""yes_price_dollars"":""0.4700""}"
KXETH15M-26APR271830-30,ecd1b0e1-4b44-551e-5ccb-2b4b129167d6,1777328132,0.46,40.0,no,"{""count_fp"":""40.00"",""created_time"":""2026-04-27T22:15:32.619916Z"",""no_price_dollars"":""0.5400"",""taker_side"":""no"",""ticker"":""KXETH15M-26APR271830-30"",""trade_id"":""ecd1b0e1-4b44-551e-5ccb-2b4b129167d6"",""yes_price_dollars"":""0.4600""}"
KXETH15M-26APR271830-30,a173a23a-48ae-5d2a-461a-330ee50c8ee0,1777328132,0.47,1.0,no,"{""count_fp"":""1.00"",""created_time"":""2026-04-27T22:15:32.619916Z"",""no_price_dollars"":""0.5300"",""taker_side"":""no"",""ticker"":""KXETH15M-26APR271830-30"",""trade_id"":""a173a23a-48ae-5d2a-461a-330ee50c8ee0"",""yes_price_dollars"":""0.4700""}"
KXETH15M-26APR271830-30,1330f121-6b55-5042-8920-8405bc572682,1777328132,0.49,3.0,yes,"{""count_fp"":""3.00"",""created_time"":""2026-04-27T22:15:32.605026Z"",""no_price_dollars"":""0.5100"",""taker_side"":""yes"",""ticker"":""KXETH15M-26APR271830-30"",""trade_id"":""1330f121-6b55-5042-8920-8405bc572682"",""yes_price_dollars"":""0.4900""}"
KXETH15M-26APR271830-30,aaca0711-d3b7-4fa3-428d-785f30b46d44,1777328133,0.45,1.0,no,"{""count_fp"":""1.00"",""created_time"":""2026-04-27T22:15:33.785313Z"",""no_price_dollars"":""0.5500"",""taker_side"":""no"",""ticker"":""KXETH15M-26APR271830-30"",""trade_id"":""aaca0711-d3b7-4fa3-428d-785f30b46d44"",""yes_price_dollars"":""0.4500""}"
KXETH15M-26APR271830-30,76f19726-2a9a-4f77-7e12-0238a193ab39,1777328133,0.45,16.62,no,"{""count_fp"":""16.62"",""created_time"":""2026-04-27T22:15:33.785313Z"",""no_price_dollars"":""0.5500"",""taker_side"":""no"",""ticker"":""KXETH15M-26APR271830-30"",""trade_id"":""76f19726-2a9a-4f77-7e12-0238a193ab39"",""yes_price_dollars"":""0.4500""}"
KXETH15M-26APR271830-30,a599e233-71ff-5562-389a-793f10e4f6ca,1777328133,0.45,1.0,no,"{""count_fp"":""1.00"",""created_time"":""2026-04-27T22:15:33.561642Z"",""no_price_dollars"":""0.5500"",""taker_side"":""no"",""ticker"":""KXETH15M-26APR271830-30"",""trade_id"":""a599e233-71ff-5562-389a-793f10e4f6ca"",""yes_price_dollars"":""0.4500""}"
KXETH15M-26APR271830-30,4b6c5000-edd6-5407-2089-46f5ebe5856d,1777328133,0.43,2.0,no,"{""count_fp"":""2.00"",""created_time"":""2026-04-27T22:15:33.561642Z"",""no_price_dollars"":""0.5700"",""taker_side"":""no"",""ticker"":""KXETH15M-26APR271830-30"",""trade_id"":""4b6c5000-edd6-5407-2089-46f5ebe5856d"",""yes_price_dollars"":""0.4300""}"
KXETH15M-26APR271830-30,62568b7c-ec45-6ac2-9794-37d29a65d0f6,1777328133,0.46,1.0,yes,"{""count_fp"":""1.00"",""created_time"":""2026-04-27T22:15:33.466293Z"",""no_price_dollars"":""0.5400"",""taker_side"":""yes"",""ticker"":""KXETH15M-26APR271830-30"",""trade_id"":""62568b7c-ec45-6ac2-9794-37d29a65d0f6"",""yes_price_dollars"":""0.4600""}"
KXETH15M-26APR271830-30,f658151b-f4a5-57f5-fe0f-b60e59a3fe4e,1777328135,0.44,1.0,no,"{""count_fp"":""1.00"",""created_time"":""2026-04-27T22:15:35.885947Z"",""no_price_dollars"":""0.5600"",""taker_side"":""no"",""ticker"":""KXETH15M-26APR271830-30"",""trade_id"":""f658151b-f4a5-57f5-fe0f-b60e59a3fe4e"",""yes_price_dollars"":""0.4400""}"
KXETH15M-26APR271830-30,63eaaf03-ae2b-5944-e5af-7b7163432dce,1777328135,0.43,100.0,no,"{""count_fp"":""100.00"",""created_time"":""2026-04-27T22:15:35.885947Z"",""no_price_dollars"":""0.5700"",""taker_side"":""no"",""ticker"":""KXETH15M-26APR271830-30"",""trade_id"":""63eaaf03-ae2b-5944-e5af-7b7163432dce"",""yes_price_dollars"":""0.4300""}"
KXETH15M-26APR271830-30,20901c31-4cfa-50db-e061-b1b683c644cb,1777328135,0.45,20.0,yes,"{""count_fp"":""20.00"",""created_time"":""2026-04-27T22:15:35.363474Z"",""no_price_dollars"":""0.5500"",""taker_side"":""yes"",""ticker"":""KXETH15M-26APR271830-30"",""trade_id"":""20901c31-4cfa-50db-e061-b1b683c644cb"",""yes_price_dollars"":""0.4500""}"
KXETH15M-26APR271830-30,8b97a9c8-9c03-572a-4ef0-d6a60d831867,1777328136,0.44,1.0,no,"{""count_fp"":""1.00"",""created_time"":""2026-04-27T22:15:36.392162Z"",""no_price_dollars"":""0.5600"",""taker_side"":""no"",""ticker"":""KXETH15M-26APR271830-30"",""trade_id"":""8b97a9c8-9c03-572a-4ef0-d6a60d831867"",""yes_price_dollars"":""0.4400""}"
KXETH15M-26APR271830-30,4232bdb7-5deb-56d2-7189-209634591a9e,1777328136,0.44,100.0,no,"{""count_fp"":""100.00"",""created_time"":""2026-04-27T22:15:36.392162Z"",""no_price_dollars"":""0.5600"",""taker_side"":""no"",""ticker"":""KXETH15M-26APR271830-30"",""trade_id"":""4232bdb7-5deb-56d2-7189-209634591a9e"",""yes_price_dollars"":""0.4400""}"
KXETH15M-26APR271830-30,d3d96147-06c7-42b2-c360-701b5b363cd7,1777328137,0.44,1.0,no,"{""count_fp"":""1.00"",""created_time"":""2026-04-27T22:15:37.678137Z"",""no_price_dollars"":""0.5600"",""taker_side"":""no"",""ticker"":""KXETH15M-26APR271830-30"",""trade_id"":""d3d96147-06c7-42b2-c360-701b5b363cd7"",""yes_price_dollars"":""0.4400""}"
KXETH15M-26APR271830-30,a6bf9fca-2f73-410a-f78e-93b2975df214,1777328137,0.44,7.23,no,"{""count_fp"":""7.23"",""created_time"":""2026-04-27T22:15:37.678137Z"",""no_price_dollars"":""0.5600"",""taker_side"":""no"",""ticker"":""KXETH15M-26APR271830-30"",""trade_id"":""a6bf9fca-2f73-410a-f78e-93b2975df214"",""yes_price_dollars"":""0.4400""}"
KXETH15M-26APR271830-30,d7dd0abc-45fb-5f04-566c-f4569d5ed995,1777328138,0.44,1.0,no,"{""count_fp"":""1.00"",""created_time"":""2026-04-27T22:15:38.019998Z"",""no_price_dollars"":""0.5600"",""taker_side"":""no"",""ticker"":""KXETH15M-26APR271830-30"",""trade_id"":""d7dd0abc-45fb-5f04-566c-f4569d5ed995"",""yes_price_dollars"":""0.4400""}"
KXETH15M-26APR271830-30,b954a1cb-ee2b-5a0e-68a3-edc803f72718,1777328138,0.44,100.0,no,"{""count_fp"":""100.00"",""created_time"":""2026-04-27T22:15:38.019998Z"",""no_price_dollars"":""0.5600"",""taker_side"":""no"",""ticker"":""KXETH15M-26APR271830-30"",""trade_id"":""b954a1cb-ee2b-5a0e-68a3-edc803f72718"",""yes_price_dollars"":""0.4400""}"
KXETH15M-26APR271830-30,a37fdc45-a342-5d93-a542-dd8eb912b6a3,1777328140,0.45,27.0,yes,"{""count_fp"":""27.00"",""created_time"":""2026-04-27T22:15:40.069911Z"",""no_price_dollars"":""0.5500"",""taker_side"":""yes"",""ticker"":""KXETH15M-26APR271830-30"",""trade_id"":""a37fdc45-a342-5d93-a542-dd8eb912b6a3"",""yes_price_dollars"":""0.4500""}"
KXETH15M-26APR271830-30,c1fb4647-b702-5a3f-d32a-9159dfc92547,1777328140,0.45,17.0,yes,"{""count_fp"":""17.00"",""created_time"":""2026-04-27T22:15:40.040404Z"",""no_price_dollars"":""0.5500"",""taker_side"":""yes"",""ticker"":""KXETH15M-26APR271830-30"",""trade_id"":""c1fb4647-b702-5a3f-d32a-9159dfc92547"",""yes_price_dollars"":""0.4500""}"
KXETH15M-26APR271830-30,ddd37bd6-1c16-47d3-0c31-1010f37e6a8b,1777328146,0.44,38.0,yes,"{""count_fp"":""38.00"",""created_time"":""2026-04-27T22:15:46.688897Z"",""no_price_dollars"":""0.5600"",""taker_side"":""yes"",""ticker"":""KXETH15M-26APR271830-30"",""trade_id"":""ddd37bd6-1c16-47d3-0c31-1010f37e6a8b"",""yes_price_dollars"":""0.4400""}"
KXETH15M-26APR271830-30,90f615c6-c3b6-630f-244c-f4989dfc0614,1777328146,0.43,1.0,no,"{""count_fp"":""1.00"",""created_time"":""2026-04-27T22:15:46.131814Z"",""no_price_dollars"":""0.5700"",""taker_side"":""no"",""ticker"":""KXETH15M-26APR271830-30"",""trade_id"":""90f615c6-c3b6-630f-244c-f4989dfc0614"",""yes_price_dollars"":""0.4300""}"
KXETH15M-26APR271830-30,3030b28d-9fd7-6758-25d6-1670a5c95ebb,1777328146,0.43,100.0,no,"{""count_fp"":""100.00"",""created_time"":""2026-04-27T22:15:46.131814Z"",""no_price_dollars"":""0.5700"",""taker_side"":""no"",""ticker"":""KXETH15M-26APR271830-30"",""trade_id"":""3030b28d-9fd7-6758-25d6-1670a5c95ebb"",""yes_price_dollars"":""0.4300""}"
KXETH15M-26APR271830-30,47e344fd-da90-6913-d5f8-04400931d47b,1777328149,0.44,5.19,no,"{""count_fp"":""5.19"",""created_time"":""2026-04-27T22:15:49.932644Z"",""no_price_dollars"":""0.5600"",""taker_side"":""no"",""ticker"":""KXETH15M-26APR271830-30"",""trade_id"":""47e344fd-da90-6913-d5f8-04400931d47b"",""yes_price_dollars"":""0.4400""}"
KXETH15M-26APR271830-30,b7654415-b82e-5717-d983-80ad7a9607bf,1777328149,0.47,10.18,yes,"{""count_fp"":""10.18"",""created_time"":""2026-04-27T22:15:49.808687Z"",""no_price_dollars"":""0.5300"",""taker_side"":""yes"",""ticker"":""KXETH15M-26APR271830-30"",""trade_id"":""b7654415-b82e-5717-d983-80ad7a9607bf"",""yes_price_dollars"":""0.4700""}"
KXETH15M-26APR271830-30,d8b0605f-beb2-4e5b-65db-1712619d2d6f,1777328150,0.47,51.27,yes,"{""count_fp"":""51.27"",""created_time"":""2026-04-27T22:15:50.475379Z"",""no_price_dollars"":""0.5300"",""taker_side"":""yes"",""ticker"":""KXETH15M-26APR271830-30"",""trade_id"":""d8b0605f-beb2-4e5b-65db-1712619d2d6f"",""yes_price_dollars"":""0.4700""}"
KXETH15M-26APR271830-30,a07d685c-bbec-72df-0409-cfe7840d6746,1777328153,0.45,10.0,no,"{""count_fp"":""10.00"",""created_time"":""2026-04-27T22:15:53.968547Z"",""no_price_dollars"":""0.5500"",""taker_side"":""no"",""ticker"":""KXETH15M-26APR271830-30"",""trade_id"":""a07d685c-bbec-72df-0409-cfe7840d6746"",""yes_price_dollars"":""0.4500""}"
KXETH15M-26APR271830-30,67ca744e-3283-7775-39ca-592d62b70c2e,1777328153,0.45,24.64,no,"{""count_fp"":""24.64"",""created_time"":""2026-04-27T22:15:53.968547Z"",""no_price_dollars"":""0.5500"",""taker_side"":""no"",""ticker"":""KXETH15M-26APR271830-30"",""trade_id"":""67ca744e-3283-7775-39ca-592d62b70c2e"",""yes_price_dollars"":""0.4500""}"
KXETH15M-26APR271830-30,a2f88c8f-f38a-5c87-2d6d-a1adc62054ab,1777328153,0.47,8.0,yes,"{""count_fp"":""8.00"",""created_time"":""2026-04-27T22:15:53.244161Z"",""no_price_dollars"":""0.5300"",""taker_side"":""yes"",""ticker"":""KXETH15M-26APR271830-30"",""trade_id"":""a2f88c8f-f38a-5c87-2d6d-a1adc62054ab"",""yes_price_dollars"":""0.4700""}"
KXETH15M-26APR271830-30,5fcb5246-e0a6-4c0b-eec3-5c088c907d8b,1777328157,0.43,4.42,yes,"{""count_fp"":""4.42"",""created_time"":""2026-04-27T22:15:57.900747Z"",""no_price_dollars"":""0.5700"",""taker_side"":""yes"",""ticker"":""KXETH15M-26APR271830-30"",""trade_id"":""5fcb5246-e0a6-4c0b-eec3-5c088c907d8b"",""yes_price_dollars"":""0.4300""}"
KXETH15M-26APR271830-30,f8dc42f8-ef46-5e3b-45d2-304bed38e2ab,1777328157,0.43,50.0,yes,"{""count_fp"":""50.00"",""created_time"":""2026-04-27T22:15:57.138568Z"",""no_price_dollars"":""0.5700"",""taker_side"":""yes"",""ticker"":""KXETH15M-26APR271830-30"",""trade_id"":""f8dc42f8-ef46-5e3b-45d2-304bed38e2ab"",""yes_price_dollars"":""0.4300""}"
KXETH15M-26APR271830-30,f0f3f380-73e8-4b7f-2dea-9f7329348ab5,1777328158,0.42,10.0,no,"{""count_fp"":""10.00"",""created_time"":""2026-04-27T22:15:58.088674Z"",""no_price_dollars"":""0.5800"",""taker_side"":""no"",""ticker"":""KXETH15M-26APR271830-30"",""trade_id"":""f0f3f380-73e8-4b7f-2dea-9f7329348ab5"",""yes_price_dollars"":""0.4200""}"
KXETH15M-26APR271830-30,5d3e730a-0300-445a-34c2-ac686c783a04,1777328158,0.42,2.0,no,"{""count_fp"":""2.00"",""created_time"":""2026-04-27T22:15:58.088674Z"",""no_price_dollars"":""0.5800"",""taker_side"":""no"",""ticker"":""KXETH15M-26APR271830-30"",""trade_id"":""5d3e730a-0300-445a-34c2-ac686c783a04"",""yes_price_dollars"":""0.4200""}"
KXETH15M-26APR271830-30,b612bd32-67fe-6257-ae12-2990ae962b07,1777328160,0.43,1.0,yes,"{""count_fp"":""1.00"",""created_time"":""2026-04-27T22:16:00.023317Z"",""no_price_dollars"":""0.5700"",""taker_side"":""yes"",""ticker"":""KXETH15M-26APR271830-30"",""trade_id"":""b612bd32-67fe-6257-ae12-2990ae962b07"",""yes_price_dollars"":""0.4300""}"
KXETH15M-26APR271830-30,27a02db7-0c4a-7ddf-4b16-b0a0f859e187,1777328161,0.43,6.0,yes,"{""count_fp"":""6.00"",""created_time"":""2026-04-27T22:16:01.169199Z"",""no_price_dollars"":""0.5700"",""taker_side"":""yes"",""ticker"":""KXETH15M-26APR271830-30"",""trade_id"":""27a02db7-0c4a-7ddf-4b16-b0a0f859e187"",""yes_price_dollars"":""0.4300""}"
KXETH15M-26APR271830-30,ba19ac2b-f0aa-4eb4-a336-4efe58a20e2b,1777328162,0.45,4.0,yes,"{""count_fp"":""4.00"",""created_time"":""2026-04-27T22:16:02.122978Z"",""no_price_dollars"":""0.5500"",""taker_side"":""yes"",""ticker"":""KXETH15M-26APR271830-30"",""trade_id"":""ba19ac2b-f0aa-4eb4-a336-4efe58a20e2b"",""yes_price_dollars"":""0.4500""}"
KXETH15M-26APR271830-30,6f6113a0-f001-4c2e-a34b-e558e3ecd276,1777328162,0.44,2.0,yes,"{""count_fp"":""2.00"",""created_time"":""2026-04-27T22:16:02.122978Z"",""no_price_dollars"":""0.5600"",""taker_side"":""yes"",""ticker"":""KXETH15M-26APR271830-30"",""trade_id"":""6f6113a0-f001-4c2e-a34b-e558e3ecd276"",""yes_price_dollars"":""0.4400""}"
KXETH15M-26APR271830-30,423959db-5f28-4d70-ee77-8a0e13587279,1777328167,0.46,1.0,yes,"{""count_fp"":""1.00"",""created_time"":""2026-04-27T22:16:07.779526Z"",""no_price_dollars"":""0.5400"",""taker_side"":""yes"",""ticker"":""KXETH15M-26APR271830-30"",""trade_id"":""423959db-5f28-4d70-ee77-8a0e13587279"",""yes_price_dollars"":""0.4600""}"
KXETH15M-26APR271830-30,6846783d-3a9a-4805-b94b-5c7c1af54452,1777328170,0.48,9.06,yes,"{""count_fp"":""9.06"",""created_time"":""2026-04-27T22:16:10.222548Z"",""no_price_dollars"":""0.5200"",""taker_side"":""yes"",""ticker"":""KXETH15M-26APR271830-30"",""trade_id"":""6846783d-3a9a-4805-b94b-5c7c1af54452"",""yes_price_dollars"":""0.4800""}"
KXETH15M-26APR271830-30,405ab856-0d79-4589-b018-7cef37a10a34,1777328170,0.47,1.0,yes,"{""count_fp"":""1.00"",""created_time"":""2026-04-27T22:16:10.222548Z"",""no_price_dollars"":""0.5300"",""taker_side"":""yes"",""ticker"":""KXETH15M-26APR271830-30"",""trade_id"":""405ab856-0d79-4589-b018-7cef37a10a34"",""yes_price_dollars"":""0.4700""}"
KXETH15M-26APR271830-30,ed8aa880-e594-7ecf-57a9-e2f21e104f66,1777328173,0.46,9.0,no,"{""count_fp"":""9.00"",""created_time"":""2026-04-27T22:16:13.123493Z"",""no_price_dollars"":""0.5400"",""taker_side"":""no"",""ticker"":""KXETH15M-26APR271830-30"",""trade_id"":""ed8aa880-e594-7ecf-57a9-e2f21e104f66"",""yes_price_dollars"":""0.4600""}"
KXETH15M-26APR271830-30,e902803d-5f1e-7c3c-7c1f-6fd6567bc726,1777328173,0.46,10.0,no,"{""count_fp"":""10.00"",""created_time"":""2026-04-27T22:16:13.123493Z"",""no_price_dollars"":""0.5400"",""taker_side"":""no"",""ticker"":""KXETH15M-26APR271830-30"",""trade_id"":""e902803d-5f1e-7c3c-7c1f-6fd6567bc726"",""yes_price_dollars"":""0.4600""}"
KXETH15M-26APR271830-30,aff7e554-01c7-7805-5a2c-cd9e594b5cc2,1777328173,0.46,100.0,no,"{""count_fp"":""100.00"",""created_time"":""2026-04-27T22:16:13.123493Z"",""no_price_dollars"":""0.5400"",""taker_side"":""no"",""ticker"":""KXETH15M-26APR271830-30"",""trade_id"":""aff7e554-01c7-7805-5a2c-cd9e594b5cc2"",""yes_price_dollars"":""0.4600""}"
KXETH15M-26APR271830-30,940c9ce7-e021-7a9f-725e-09a17d271713,1777328173,0.46,10.0,no,"{""count_fp"":""10.00"",""created_time"":""2026-04-27T22:16:13.123493Z"",""no_price_dollars"":""0.5400"",""taker_side"":""no"",""ticker"":""KXETH15M-26APR271830-30"",""trade_id"":""940c9ce7-e021-7a9f-725e-09a17d271713"",""yes_price_dollars"":""0.4600""}"
KXETH15M-26APR271830-30,27c9d3ae-7b19-7074-67c1-a62d2ca51b15,1777328173,0.44,48.66,no,"{""count_fp"":""48.66"",""created_time"":""2026-04-27T22:16:13.123493Z"",""no_price_dollars"":""0.5600"",""taker_side"":""no"",""ticker"":""KXETH15M-26APR271830-30"",""trade_id"":""27c9d3ae-7b19-7074-67c1-a62d2ca51b15"",""yes_price_dollars"":""0.4400""}"
KXETH15M-26APR271830-30,bd0d3dd0-7f66-7db8-44dc-27153d2f1c48,1777328174,0.45,2.0,no,"{""count_fp"":""2.00"",""created_time"":""2026-04-27T22:16:14.884427Z"",""no_price_dollars"":""0.5500"",""taker_side"":""no"",""ticker"":""KXETH15M-26APR271830-30"",""trade_id"":""bd0d3dd0-7f66-7db8-44dc-27153d2f1c48"",""yes_price_dollars"":""0.4500""}"
KXETH15M-26APR271830-30,16ffd89e-4d9b-78ea-4023-d2f1751907b6,1777328174,0.45,100.0,no,"{""count_fp"":""100.00"",""created_time"":""2026-04-27T22:16:14.884427Z"",""no_price_dollars"":""0.5500"",""taker_side"":""no"",""ticker"":""KXETH15M-26APR271830-30"",""trade_id"":""16ffd89e-4d9b-78ea-4023-d2f1751907b6"",""yes_price_dollars"":""0.4500""}"
KXETH15M-26APR271830-30,9af94978-b16b-6726-a08f-f949c79df1d4,1777328174,0.49,10.0,yes,"{""count_fp"":""10.00"",""created_time"":""2026-04-27T22:16:14.197176Z"",""no_price_dollars"":""0.5100"",""taker_side"":""yes"",""ticker"":""KXETH15M-26APR271830-30"",""trade_id"":""9af94978-b16b-6726-a08f-f949c79df1d4"",""yes_price_dollars"":""0.4900""}"
KXETH15M-26APR271830-30,8cb904bd-3e12-6a8f-945c-4f9974f508eb,1777328174,0.5,35.79,yes,"{""count_fp"":""35.79"",""created_time"":""2026-04-27T22:16:14.197176Z"",""no_price_dollars"":""0.5000"",""taker_side"":""yes"",""ticker"":""KXETH15M-26APR271830-30"",""trade_id"":""8cb904bd-3e12-6a8f-945c-4f9974f508eb"",""yes_price_dollars"":""0.5000""}"
KXETH15M-26APR271830-30,86e4870d-de79-6a45-8a77-c59acd9ae089,1777328174,0.49,1.0,yes,"{""count_fp"":""1.00"",""created_time"":""2026-04-27T22:16:14.197176Z"",""no_price_dollars"":""0.5100"",""taker_side"":""yes"",""ticker"":""KXETH15M-26APR271830-30"",""trade_id"":""86e4870d-de79-6a45-8a77-c59acd9ae089"",""yes_price_dollars"":""0.4900""}"
KXETH15M-26APR271830-30,527bdee8-aef4-658d-9ccf-0ab178dfc1cf,1777328174,0.45,1.0,yes,"{""count_fp"":""1.00"",""created_time"":""2026-04-27T22:16:14.197176Z"",""no_price_dollars"":""0.5500"",""taker_side"":""yes"",""ticker"":""KXETH15M-26APR271830-30"",""trade_id"":""527bdee8-aef4-658d-9ccf-0ab178dfc1cf"",""yes_price_dollars"":""0.4500""}"
KXETH15M-26APR271830-30,5601d757-ca63-77bb-df86-905a20e2fe98,1777328177,0.41,1.62,no,"{""count_fp"":""1.62"",""created_time"":""2026-04-27T22:16:17.404974Z"",""no_price_dollars"":""0.5900"",""taker_side"":""no"",""ticker"":""KXETH15M-26APR271830-30"",""trade_id"":""5601d757-ca63-77bb-df86-905a20e2fe98"",""yes_price_dollars"":""0.4100""}"
KXETH15M-26APR271830-30,ef002fe7-742e-6bff-43c6-d6f242ca7ee3,1777328181,0.45,6.0,yes,"{""count_fp"":""6.00"",""created_time"":""2026-04-27T22:16:21.128646Z"",""no_price_dollars"":""0.5500"",""taker_side"":""yes"",""ticker"":""KXETH15M-26APR271830-30"",""trade_id"":""ef002fe7-742e-6bff-43c6-d6f242ca7ee3"",""yes_price_dollars"":""0.4500""}"
KXETH15M-26APR271830-30,c0a7f138-1f1a-78aa-d941-9022987f7926,1777328193,0.44,10.0,no,"{""count_fp"":""10.00"",""created_time"":""2026-04-27T22:16:33.574236Z"",""no_price_dollars"":""0.5600"",""taker_side"":""no"",""ticker"":""KXETH15M-26APR271830-30"",""trade_id"":""c0a7f138-1f1a-78aa-d941-9022987f7926"",""yes_price_dollars"":""0.4400""}"
KXETH15M-26APR271830-30,b2f25fcd-e6b7-5371-fee2-f7d6494d5fc2,1777328203,0.41,1.0,yes,"{""count_fp"":""1.00"",""created_time"":""2026-04-27T22:16:43.752165Z"",""no_price_dollars"":""0.5900"",""taker_side"":""yes"",""ticker"":""KXETH15M-26APR271830-30"",""trade_id"":""b2f25fcd-e6b7-5371-fee2-f7d6494d5fc2"",""yes_price_dollars"":""0.4100""}"
KXETH15M-26APR271830-30,82bc8890-5416-50f3-fa10-0bed3b301743,1777328203,0.42,32.58,yes,"{""count_fp"":""32.58"",""created_time"":""2026-04-27T22:16:43.752165Z"",""no_price_dollars"":""0.5800"",""taker_side"":""yes"",""ticker"":""KXETH15M-26APR271830-30"",""trade_id"":""82bc8890-5416-50f3-fa10-0bed3b301743"",""yes_price_dollars"":""0.4200""}"
KXETH15M-26APR271830-30,dc69447f-28cb-7c82-69a9-f2fc088ecc68,1777328215,0.41,16.0,no,"{""count_fp"":""16.00"",""created_time"":""2026-04-27T22:16:55.632522Z"",""no_price_dollars"":""0.5900"",""taker_side"":""no"",""ticker"":""KXETH15M-26APR271830-30"",""trade_id"":""dc69447f-28cb-7c82-69a9-f2fc088ecc68"",""yes_price_dollars"":""0.4100""}"
KXETH15M-26APR271830-30,5a6d8ea8-7b13-7668-6c30-ca4e04d2af61,1777328215,0.41,10.0,no,"{""count_fp"":""10.00"",""created_time"":""2026-04-27T22:16:55.632522Z"",""no_price_dollars"":""0.5900"",""taker_side"":""no"",""ticker"":""KXETH15M-26APR271830-30"",""trade_id"":""5a6d8ea8-7b13-7668-6c30-ca4e04d2af61"",""yes_price_dollars"":""0.4100""}"
KXETH15M-26APR271830-30,2af52724-88a4-43d0-ce55-76757800a230,1777328216,0.44,25.25,yes,"{""count_fp"":""25.25"",""created_time"":""2026-04-27T22:16:56.012999Z"",""no_price_dollars"":""0.5600"",""taker_side"":""yes"",""ticker"":""KXETH15M-26APR271830-30"",""trade_id"":""2af52724-88a4-43d0-ce55-76757800a230"",""yes_price_dollars"":""0.4400""}"
KXETH15M-26APR271830-30,1b357b1b-1e9f-4e56-e539-40067b04f8e0,1777328216,0.42,1.0,yes,"{""count_fp"":""1.00"",""created_time"":""2026-04-27T22:16:56.012999Z"",""no_price_dollars"":""0.5800"",""taker_side"":""yes"",""ticker"":""KXETH15M-26APR271830-30"",""trade_id"":""1b357b1b-1e9f-4e56-e539-40067b04f8e0"",""yes_price_dollars"":""0.4200""}"
KXETH15M-26APR271830-30,f4e06656-9b16-52ff-1992-e489b96f08a7,1777328220,0.45,1.0,yes,"{""count_fp"":""1.00"",""created_time"":""2026-04-27T22:17:00.972899Z"",""no_price_dollars"":""0.5500"",""taker_side"":""yes"",""ticker"":""KXETH15M-26APR271830-30"",""trade_id"":""f4e06656-9b16-52ff-1992-e489b96f08a7"",""yes_price_dollars"":""0.4500""}"
KXETH15M-26APR271830-30,408c0ded-b754-557f-2791-1141c1f92202,1777328220,0.44,1.0,yes,"{""count_fp"":""1.00"",""created_time"":""2026-04-27T22:17:00.972899Z"",""no_price_dollars"":""0.5600"",""taker_side"":""yes"",""ticker"":""KXETH15M-26APR271830-30"",""trade_id"":""408c0ded-b754-557f-2791-1141c1f92202"",""yes_price_dollars"":""0.4400""}"
KXETH15M-26APR271830-30,029b1eaf-16cb-596a-1821-2106acb5636e,1777328220,0.45,2.29,yes,"{""count_fp"":""2.29"",""created_time"":""2026-04-27T22:17:00.972899Z"",""no_price_dollars"":""0.5500"",""taker_side"":""yes"",""ticker"":""KXETH15M-26APR271830-30"",""trade_id"":""029b1eaf-16cb-596a-1821-2106acb5636e"",""yes_price_dollars"":""0.4500""}"
KXETH15M-26APR271830-30,52b24220-2802-5cb0-3725-5625972880d0,1777328220,0.41,2.0,no,"{""count_fp"":""2.00"",""created_time"":""2026-04-27T22:17:00.116723Z"",""no_price_dollars"":""0.5900"",""taker_side"":""no"",""ticker"":""KXETH15M-26APR271830-30"",""trade_id"":""52b24220-2802-5cb0-3725-5625972880d0"",""yes_price_dollars"":""0.4100""}"
KXETH15M-26APR271830-30,5ae95a9f-1807-49c2-c886-7d5d01dd8a28,1777328221,0.41,1.0,no,"{""count_fp"":""1.00"",""created_time"":""2026-04-27T22:17:01.650612Z"",""no_price_dollars"":""0.5900"",""taker_side"":""no"",""ticker"":""KXETH15M-26APR271830-30"",""trade_id"":""5ae95a9f-1807-49c2-c886-7d5d01dd8a28"",""yes_price_dollars"":""0.4100""}"
KXETH15M-26APR271830-30,e0f8ed66-d6b8-6ce8-8fd5-151dd19f8547,1777328233,0.5,1.0,yes,"{""count_fp"":""1.00"",""created_time"":""2026-04-27T22:17:13.939663Z"",""no_price_dollars"":""0.5000"",""taker_side"":""yes"",""ticker"":""KXETH15M-26APR271830-30"",""trade_id"":""e0f8ed66-d6b8-6ce8-8fd5-151dd19f8547"",""yes_price_dollars"":""0.5000""}"
KXETH15M-26APR271830-30,5a0f5d8f-43a0-6d14-8faf-bde9f1831b50,1777328233,0.51,33.0,yes,"{""count_fp"":""33.00"",""created_time"":""2026-04-27T22:17:13.939663Z"",""no_price_dollars"":""0.4900"",""taker_side"":""yes"",""ticker"":""KXETH15M-26APR271830-30"",""trade_id"":""5a0f5d8f-43a0-6d14-8faf-bde9f1831b50"",""yes_price_dollars"":""0.5100""}"
KXETH15M-26APR271830-30,6b4f911e-dc2f-5dd9-7239-dc5815bfd1bc,1777328233,0.48,10.0,yes,"{""count_fp"":""10.00"",""created_time"":""2026-04-27T22:17:13.820582Z"",""no_price_dollars"":""0.5200"",""taker_side"":""yes"",""ticker"":""KXETH15M-26APR271830-30"",""trade_id"":""6b4f911e-dc2f-5dd9-7239-dc5815bfd1bc"",""yes_price_dollars"":""0.4800""}"
KXETH15M-26APR271830-30,83791344-4cb3-4a86-d344-4729fefe509e,1777328233,0.45,0.71,yes,"{""count_fp"":""0.71"",""created_time"":""2026-04-27T22:17:13.706238Z"",""no_price_dollars"":""0.5500"",""taker_side"":""yes"",""ticker"":""KXETH15M-26APR271830-30"",""trade_id"":""83791344-4cb3-4a86-d344-4729fefe509e"",""yes_price_dollars"":""0.4500""}"
KXETH15M-26APR271830-30,30797068-e853-5a5e-ef79-d2fb68a432ca,1777328233,0.45,257.0,yes,"{""count_fp"":""257.00"",""created_time"":""2026-04-27T22:17:13.705805Z"",""no_price_dollars"":""0.5500"",""taker_side"":""yes"",""ticker"":""KXETH15M-26APR271830-30"",""trade_id"":""30797068-e853-5a5e-ef79-d2fb68a432ca"",""yes_price_dollars"":""0.4500""}"
KXETH15M-26APR271830-30,78c6f824-8937-598e-a7ab-4729e020775c,1777328234,0.5,9.59,no,"{""count_fp"":""9.59"",""created_time"":""2026-04-27T22:17:14.927719Z"",""no_price_dollars"":""0.5000"",""taker_side"":""no"",""ticker"":""KXETH15M-26APR271830-30"",""trade_id"":""78c6f824-8937-598e-a7ab-4729e020775c"",""yes_price_dollars"":""0.5000""}"
KXETH15M-26APR271830-30,fa956502-9d9a-7833-75c9-7c29597fb46d,1777328235,0.53,1.0,yes,"{""count_fp"":""1.00"",""created_time"":""2026-04-27T22:17:15.518201Z"",""no_price_dollars"":""0.4700"",""taker_side"":""yes"",""ticker"":""KXETH15M-26APR271830-30"",""trade_id"":""fa956502-9d9a-7833-75c9-7c29597fb46d"",""yes_price_dollars"":""0.5300""}"
KXETH15M-26APR271830-30,bf5a687c-575e-7d53-817c-bdb116978365,1777328237,0.53,30.0,yes,"{""count_fp"":""30.00"",""created_time"":""2026-04-27T22:17:17.303035Z"",""no_price_dollars"":""0.4700"",""taker_side"":""yes"",""ticker"":""KXETH15M-26APR271830-30"",""trade_id"":""bf5a687c-575e-7d53-817c-bdb116978365"",""yes_price_dollars"":""0.5300""}"
KXETH15M-26APR271830-30,77e40b57-f3e5-7d99-fac7-9bad8dd70893,1777328239,0.55,165.0,yes,"{""count_fp"":""165.00"",""created_time"":""2026-04-27T22:17:19.396197Z"",""no_price_dollars"":""0.4500"",""taker_side"":""yes"",""ticker"":""KXETH15M-26APR271830-30"",""trade_id"":""77e40b57-f3e5-7d99-fac7-9bad8dd70893"",""yes_price_dollars"":""0.5500""}"
KXETH15M-26APR271830-30,2222a2f5-fdd0-721c-370a-7565b586924c,1777328239,0.54,1.62,yes,"{""count_fp"":""1.62"",""created_time"":""2026-04-27T22:17:19.262415Z"",""no_price_dollars"":""0.4600"",""taker_side"":""yes"",""ticker"":""KXETH15M-26APR271830-30"",""trade_id"":""2222a2f5-fdd0-721c-370a-7565b586924c"",""yes_price_dollars"":""0.5400""}"
KXETH15M-26APR271830-30,34cb5a64-b21b-7260-2024-5789327dc1d5,1777328246,0.58,1.0,yes,"{""count_fp"":""1.00"",""created_time"":""2026-04-27T22:17:26.334912Z"",""no_price_dollars"":""0.4200"",""taker_side"":""yes"",""ticker"":""KXETH15M-26APR271830-30"",""trade_id"":""34cb5a64-b21b-7260-2024-5789327dc1d5"",""yes_price_dollars"":""0.5800""}"
KXETH15M-26APR271830-30,32858c14-22d1-595f-8c85-c8373308b158,1777328246,0.57,10.0,yes,"{""count_fp"":""10.00"",""created_time"":""2026-04-27T22:17:26.307573Z"",""no_price_dollars"":""0.4300"",""taker_side"":""yes"",""ticker"":""KXETH15M-26APR271830-30"",""trade_id"":""32858c14-22d1-595f-8c85-c8373308b158"",""yes_price_dollars"":""0.5700""}"
KXETH15M-26APR271830-30,4a26ffad-389f-5983-676f-c82ee7ea2526,1777328249,0.57,1.0,yes,"{""count_fp"":""1.00"",""created_time"":""2026-04-27T22:17:29.611792Z"",""no_price_dollars"":""0.4300"",""taker_side"":""yes"",""ticker"":""KXETH15M-26APR271830-30"",""trade_id"":""4a26ffad-389f-5983-676f-c82ee7ea2526"",""yes_price_dollars"":""0.5700""}"
KXETH15M-26APR271830-30,019ec403-c982-5df0-60b5-33bad9043afb,1777328249,0.59,2.0,yes,"{""count_fp"":""2.00"",""created_time"":""2026-04-27T22:17:29.611792Z"",""no_price_dollars"":""0.4100"",""taker_side"":""yes"",""ticker"":""KXETH15M-26APR271830-30"",""trade_id"":""019ec403-c982-5df0-60b5-33bad9043afb"",""yes_price_dollars"":""0.5900""}"
KXETH15M-26APR271830-30,bd0f11ba-5085-5410-31a8-7a034fdf2411,1777328249,0.57,90.0,no,"{""count_fp"":""90.00"",""created_time"":""2026-04-27T22:17:29.102745Z"",""no_price_dollars"":""0.4300"",""taker_side"":""no"",""ticker"":""KXETH15M-26APR271830-30"",""trade_id"":""bd0f11ba-5085-5410-31a8-7a034fdf2411"",""yes_price_dollars"":""0.5700""}"
KXETH15M-26APR271830-30,80381102-9f0d-55f0-d6c9-3e7a141390c9,1777328249,0.57,90.0,no,"{""count_fp"":""90.00"",""created_time"":""2026-04-27T22:17:29.093038Z"",""no_price_dollars"":""0.4300"",""taker_side"":""no"",""ticker"":""KXETH15M-26APR271830-30"",""trade_id"":""80381102-9f0d-55f0-d6c9-3e7a141390c9"",""yes_price_dollars"":""0.5700""}"
KXETH15M-26APR271830-30,1c319e12-b72a-75a7-dcdf-83b45e18dd93,1777328257,0.55,1.0,yes,"{""count_fp"":""1.00"",""created_time"":""2026-04-27T22:17:37.049763Z"",""no_price_dollars"":""0.4500"",""taker_side"":""yes"",""ticker"":""KXETH15M-26APR271830-30"",""trade_id"":""1c319e12-b72a-75a7-dcdf-83b45e18dd93"",""yes_price_dollars"":""0.5500""}"
KXETH15M-26APR271830-30,77519ef0-2527-6c9e-b141-89661535c5d7,1777328261,0.53,1.0,yes,"{""count_fp"":""1.00"",""created_time"":""2026-04-27T22:17:41.737461Z"",""no_price_dollars"":""0.4700"",""taker_side"":""yes"",""ticker"":""KXETH15M-26APR271830-30"",""trade_id"":""77519ef0-2527-6c9e-b141-89661535c5d7"",""yes_price_dollars"":""0.5300""}"
KXETH15M-26APR271830-30,30138e7b-b39c-60e6-afa6-aa84421fd00a,1777328261,0.54,1.0,yes,"{""count_fp"":""1.00"",""created_time"":""2026-04-27T22:17:41.737461Z"",""no_price_dollars"":""0.4600"",""taker_side"":""yes"",""ticker"":""KXETH15M-26APR271830-30"",""trade_id"":""30138e7b-b39c-60e6-afa6-aa84421fd00a"",""yes_price_dollars"":""0.5400""}"
KXETH15M-26APR271830-30,d3369b2d-971a-6e37-527b-3d0698e5bbfb,1777328261,0.55,4.28,yes,"{""count_fp"":""4.28"",""created_time"":""2026-04-27T22:17:41.238664Z"",""no_price_dollars"":""0.4500"",""taker_side"":""yes"",""ticker"":""KXETH15M-26APR271830-30"",""trade_id"":""d3369b2d-971a-6e37-527b-3d0698e5bbfb"",""yes_price_dollars"":""0.5500""}"
KXETH15M-26APR271830-30,78d4b59c-5766-62ce-4994-cd1860c0f5e0,1777328261,0.53,1.0,yes,"{""count_fp"":""1.00"",""created_time"":""2026-04-27T22:17:41.238664Z"",""no_price_dollars"":""0.4700"",""taker_side"":""yes"",""ticker"":""KXETH15M-26APR271830-30"",""trade_id"":""78d4b59c-5766-62ce-4994-cd1860c0f5e0"",""yes_price_dollars"":""0.5300""}"
KXETH15M-26APR271830-30,c2946042-b4c0-570c-ba37-c9412c90d92c,1777328263,0.54,7.98,yes,"{""count_fp"":""7.98"",""created_time"":""2026-04-27T22:17:43.384224Z"",""no_price_dollars"":""0.4600"",""taker_side"":""yes"",""ticker"":""KXETH15M-26APR271830-30"",""trade_id"":""c2946042-b4c0-570c-ba37-c9412c90d92c"",""yes_price_dollars"":""0.5400""}"
KXETH15M-26APR271830-30,a8c49121-e6c5-532e-8120-b53d88c8ae14,1777328263,0.53,1.0,yes,"{""count_fp"":""1.00"",""created_time"":""2026-04-27T22:17:43.384224Z"",""no_price_dollars"":""0.4700"",""taker_side"":""yes"",""ticker"":""KXETH15M-26APR271830-30"",""trade_id"":""a8c49121-e6c5-532e-8120-b53d88c8ae14"",""yes_price_dollars"":""0.5300""}"
KXETH15M-26APR271830-30,852172bf-56dc-4c06-04a9-999e063644aa,1777328265,0.52,10.0,no,"{""count_fp"":""10.00"",""created_time"":""2026-04-27T22:17:45.745374Z"",""no_price_dollars"":""0.4800"",""taker_side"":""no"",""ticker"":""KXETH15M-26APR271830-30"",""trade_id"":""852172bf-56dc-4c06-04a9-999e063644aa"",""yes_price_dollars"":""0.5200""}"
KXETH15M-26APR271830-30,1e37a45e-6f56-40b3-f53d-343c0b592832,1777328275,0.55,10.0,yes,"{""count_fp"":""10.00"",""created_time"":""2026-04-27T22:17:55.731364Z"",""no_price_dollars"":""0.4500"",""taker_side"":""yes"",""ticker"":""KXETH15M-26APR271830-30"",""trade_id"":""1e37a45e-6f56-40b3-f53d-343c0b592832"",""yes_price_dollars"":""0.5500""}"
KXETH15M-26APR271830-30,890204fa-2706-69db-e873-436a0af26b87,1777328275,0.51,180.0,yes,"{""count_fp"":""180.00"",""created_time"":""2026-04-27T22:17:55.121471Z"",""no_price_dollars"":""0.4900"",""taker_side"":""yes"",""ticker"":""KXETH15M-26APR271830-30"",""trade_id"":""890204fa-2706-69db-e873-436a0af26b87"",""yes_price_dollars"":""0.5100""}"
KXETH15M-26APR271830-30,17dca6ef-c521-68b4-f362-ec492bbfaeed,1777328276,0.57,19.7,no,"{""count_fp"":""19.70"",""created_time"":""2026-04-27T22:17:56.755001Z"",""no_price_dollars"":""0.4300"",""taker_side"":""no"",""ticker"":""KXETH15M-26APR271830-30"",""trade_id"":""17dca6ef-c521-68b4-f362-ec492bbfaeed"",""yes_price_dollars"":""0.5700""}"
KXETH15M-26APR271830-30,a571c139-0375-55dc-fcc7-8fe421a11a5d,1777328277,0.57,26.25,no,"{""count_fp"":""26.25"",""created_time"":""2026-04-27T22:17:57.825709Z"",""no_price_dollars"":""0.4300"",""taker_side"":""no"",""ticker"":""KXETH15M-26APR271830-30"",""trade_id"":""a571c139-0375-55dc-fcc7-8fe421a11a5d"",""yes_price_dollars"":""0.5700""}"
KXETH15M-26APR271830-30,2f1e1c38-e701-5e64-aef5-4137acfa2abd,1777328277,0.57,236.96,no,"{""count_fp"":""236.96"",""created_time"":""2026-04-27T22:17:57.055274Z"",""no_price_dollars"":""0.4300"",""taker_side"":""no"",""ticker"":""KXETH15M-26APR271830-30"",""trade_id"":""2f1e1c38-e701-5e64-aef5-4137acfa2abd"",""yes_price_dollars"":""0.5700""}"
KXETH15M-26APR271830-30,d4b95eaa-ca5b-63f6-e593-32aa89acb3d8,1777328282,0.53,10.0,no,"{""count_fp"":""10.00"",""created_time"":""2026-04-27T22:18:02.476745Z"",""no_price_dollars"":""0.4700"",""taker_side"":""no"",""ticker"":""KXETH15M-26APR271830-30"",""trade_id"":""d4b95eaa-ca5b-63f6-e593-32aa89acb3d8"",""yes_price_dollars"":""0.5300""}"
KXETH15M-26APR271830-30,a5d94675-1759-720b-d224-aa0924301038,1777328282,0.55,10.0,no,"{""count_fp"":""10.00"",""created_time"":""2026-04-27T22:18:02.465498Z"",""no_price_dollars"":""0.4500"",""taker_side"":""no"",""ticker"":""KXETH15M-26APR271830-30"",""trade_id"":""a5d94675-1759-720b-d224-aa0924301038"",""yes_price_dollars"":""0.5500""}"
KXETH15M-26APR271830-30,d0a785a4-26b2-52d7-8582-82bd104a83eb,1777328283,0.53,17.67,yes,"{""count_fp"":""17.67"",""created_time"":""2026-04-27T22:18:03.695967Z"",""no_price_dollars"":""0.4700"",""taker_side"":""yes"",""ticker"":""KXETH15M-26APR271830-30"",""trade_id"":""d0a785a4-26b2-52d7-8582-82bd104a83eb"",""yes_price_dollars"":""0.5300""}"
KXETH15M-26APR271830-30,6d0702ce-d842-610f-0fc8-d016e6f17fb7,1777328286,0.53,2.0,yes,"{""count_fp"":""2.00"",""created_time"":""2026-04-27T22:18:06.886469Z"",""no_price_dollars"":""0.4700"",""taker_side"":""yes"",""ticker"":""KXETH15M-26APR271830-30"",""trade_id"":""6d0702ce-d842-610f-0fc8-d016e6f17fb7"",""yes_price_dollars"":""0.5300""}"
KXETH15M-26APR271830-30,8ad55dad-7c2a-4603-5b61-6fed307aa673,1777328286,0.53,8.86,yes,"{""count_fp"":""8.86"",""created_time"":""2026-04-27T22:18:06.384737Z"",""no_price_dollars"":""0.4700"",""taker_side"":""yes"",""ticker"":""KXETH15M-26APR271830-30"",""trade_id"":""8ad55dad-7c2a-4603-5b61-6fed307aa673"",""yes_price_dollars"":""0.5300""}"
KXETH15M-26APR271830-30,a331bc14-2c6a-4dcf-c95c-9ab5416a5ceb,1777328288,0.53,1.0,yes,"{""count_fp"":""1.00"",""created_time"":""2026-04-27T22:18:08.312261Z"",""no_price_dollars"":""0.4700"",""taker_side"":""yes"",""ticker"":""KXETH15M-26APR271830-30"",""trade_id"":""a331bc14-2c6a-4dcf-c95c-9ab5416a5ceb"",""yes_price_dollars"":""0.5300""}"
KXETH15M-26APR271830-30,2870dfa4-dfb2-688f-892b-ed520dd2f7e7,1777328289,0.53,5.48,yes,"{""count_fp"":""5.48"",""created_time"":""2026-04-27T22:18:09.708155Z"",""no_price_dollars"":""0.4700"",""taker_side"":""yes"",""ticker"":""KXETH15M-26APR271830-30"",""trade_id"":""2870dfa4-dfb2-688f-892b-ed520dd2f7e7"",""yes_price_dollars"":""0.5300""}"
KXETH15M-26APR271830-30,50d4d681-18fe-5417-8b1e-23dd23ec35ff,1777328289,0.53,3.0,yes,"{""count_fp"":""3.00"",""created_time"":""2026-04-27T22:18:09.312667Z"",""no_price_dollars"":""0.4700"",""taker_side"":""yes"",""ticker"":""KXETH15M-26APR271830-30"",""trade_id"":""50d4d681-18fe-5417-8b1e-23dd23ec35ff"",""yes_price_dollars"":""0.5300""}"
KXETH15M-26APR271830-30,3a6c29bc-ad93-6009-d092-de3c3f1b9993,1777328295,0.62,70.75,yes,"{""count_fp"":""70.75"",""created_time"":""2026-04-27T22:18:15.188949Z"",""no_price_dollars"":""0.3800"",""taker_side"":""yes"",""ticker"":""KXETH15M-26APR271830-30"",""trade_id"":""3a6c29bc-ad93-6009-d092-de3c3f1b9993"",""yes_price_dollars"":""0.6200""}"
KXETH15M-26APR271830-30,ae67e1d5-37dd-4536-3cf6-c65faa1d5eb1,1777328295,0.61,9.25,yes,"{""count_fp"":""9.25"",""created_time"":""2026-04-27T22:18:15.147366Z"",""no_price_dollars"":""0.3900"",""taker_side"":""yes"",""ticker"":""KXETH15M-26APR271830-30"",""trade_id"":""ae67e1d5-37dd-4536-3cf6-c65faa1d5eb1"",""yes_price_dollars"":""0.6100""}"
KXETH15M-26APR271830-30,17a88286-5290-4440-3c6d-e81d5394deb0,1777328295,0.61,1.75,yes,"{""count_fp"":""1.75"",""created_time"":""2026-04-27T22:18:15.147366Z"",""no_price_dollars"":""0.3900"",""taker_side"":""yes"",""ticker"":""KXETH15M-26APR271830-30"",""trade_id"":""17a88286-5290-4440-3c6d-e81d5394deb0"",""yes_price_dollars"":""0.6100""}"
KXETH15M-26APR271830-30,c8f53301-d9bb-5e96-aa5f-8abed6b0d314,1777328295,0.57,10.0,yes,"{""count_fp"":""10.00"",""created_time"":""2026-04-27T22:18:15.099679Z"",""no_price_dollars"":""0.4300"",""taker_side"":""yes"",""ticker"":""KXETH15M-26APR271830-30"",""trade_id"":""c8f53301-d9bb-5e96-aa5f-8abed6b0d314"",""yes_price_dollars"":""0.5700""}"
KXETH15M-26APR271830-30,ebe10d4b-770f-6ea0-4285-d447709bd430,1777328298,0.6,10.0,no,"{""count_fp"":""10.00"",""created_time"":""2026-04-27T22:18:18.428313Z"",""no_price_dollars"":""0.4000"",""taker_side"":""no"",""ticker"":""KXETH15M-26APR271830-30"",""trade_id"":""ebe10d4b-770f-6ea0-4285-d447709bd430"",""yes_price_dollars"":""0.6000""}"
KXETH15M-26APR271830-30,590d3a19-6f96-4b67-dfba-ea1cb6e7df2b,1777328299,0.54,15.38,yes,"{""count_fp"":""15.38"",""created_time"":""2026-04-27T22:18:19.748833Z"",""no_price_dollars"":""0.4600"",""taker_side"":""yes"",""ticker"":""KXETH15M-26APR271830-30"",""trade_id"":""590d3a19-6f96-4b67-dfba-ea1cb6e7df2b"",""yes_price_dollars"":""0.5400""}"
KXETH15M-26APR271830-30,e12327d1-ba26-6233-cb93-a74c758c50df,1777328300,0.54,3.04,yes,"{""count_fp"":""3.04"",""created_time"":""2026-04-27T22:18:20.318181Z"",""no_price_dollars"":""0.4600"",""taker_side"":""yes"",""ticker"":""KXETH15M-26APR271830-30"",""trade_id"":""e12327d1-ba26-6233-cb93-a74c758c50df"",""yes_price_dollars"":""0.5400""}"
KXETH15M-26APR271830-30,5de89a42-d07e-767f-38a1-b5da25ba7e47,1777328302,0.54,3.0,yes,"{""count_fp"":""3.00"",""created_time"":""2026-04-27T22:18:22.038288Z"",""no_price_dollars"":""0.4600"",""taker_side"":""yes"",""ticker"":""KXETH15M-26APR271830-30"",""trade_id"":""5de89a42-d07e-767f-38a1-b5da25ba7e47"",""yes_price_dollars"":""0.5400""}"
KXETH15M-26APR271830-30,c7b7c8f6-9ebb-5ae2-118d-3605c4c5175e,1777328304,0.53,0.25,no,"{""count_fp"":""0.25"",""created_time"":""2026-04-27T22:18:24.935755Z"",""no_price_dollars"":""0.4700"",""taker_side"":""no"",""ticker"":""KXETH15M-26APR271830-30"",""trade_id"":""c7b7c8f6-9ebb-5ae2-118d-3605c4c5175e"",""yes_price_dollars"":""0.5300""}"
KXETH15M-26APR271830-30,71d584b3-1218-53cd-2f72-217a920335af,1777328304,0.53,10.0,no,"{""count_fp"":""10.00"",""created_time"":""2026-04-27T22:18:24.935755Z"",""no_price_dollars"":""0.4700"",""taker_side"":""no"",""ticker"":""KXETH15M-26APR271830-30"",""trade_id"":""71d584b3-1218-53cd-2f72-217a920335af"",""yes_price_dollars"":""0.5300""}"
KXETH15M-26APR271830-30,5f9f1008-583f-53a6-95b8-1155dde2f000,1777328329,0.55,6.11,no,"{""count_fp"":""6.11"",""created_time"":""2026-04-27T22:18:49.376236Z"",""no_price_dollars"":""0.4500"",""taker_side"":""no"",""ticker"":""KXETH15M-26APR271830-30"",""trade_id"":""5f9f1008-583f-53a6-95b8-1155dde2f000"",""yes_price_dollars"":""0.5500""}"
KXETH15M-26APR271830-30,50dc1b3c-1d02-5b36-8749-c9a7f7e96288,1777328329,0.56,10.0,no,"{""count_fp"":""10.00"",""created_time"":""2026-04-27T22:18:49.376236Z"",""no_price_dollars"":""0.4400"",""taker_side"":""no"",""ticker"":""KXETH15M-26APR271830-30"",""trade_id"":""50dc1b3c-1d02-5b36-8749-c9a7f7e96288"",""yes_price_dollars"":""0.5600""}"
KXETH15M-26APR271830-30,21ca2ae3-dcf1-59c5-b36e-4e25ba383f6b,1777328329,0.55,1.0,no,"{""count_fp"":""1.00"",""created_time"":""2026-04-27T22:18:49.376236Z"",""no_price_dollars"":""0.4500"",""taker_side"":""no"",""ticker"":""KXETH15M-26APR271830-30"",""trade_id"":""21ca2ae3-dcf1-59c5-b36e-4e25ba383f6b"",""yes_price_dollars"":""0.5500""}"
KXETH15M-26APR271830-30,0c59db54-0ad8-597d-5151-390943185567,1777328338,0.59,10.0,yes,"{""count_fp"":""10.00"",""created_time"":""2026-04-27T22:18:58.017847Z"",""no_price_dollars"":""0.4100"",""taker_side"":""yes"",""ticker"":""KXETH15M-26APR271830-30"",""trade_id"":""0c59db54-0ad8-597d-5151-390943185567"",""yes_price_dollars"":""0.5900""}"
KXETH15M-26APR271830-30,998aec9f-2891-6d20-0b5a-31ac0fabdf65,1777328339,0.59,16.67,no,"{""count_fp"":""16.67"",""created_time"":""2026-04-27T22:18:59.886465Z"",""no_price_dollars"":""0.4100"",""taker_side"":""no"",""ticker"":""KXETH15M-26APR271830-30"",""trade_id"":""998aec9f-2891-6d20-0b5a-31ac0fabdf65"",""yes_price_dollars"":""0.5900""}"
KXETH15M-26APR271830-30,4bdc7645-b76c-688a-3105-199291506130,1777328339,0.6,1.0,no,"{""count_fp"":""1.00"",""created_time"":""2026-04-27T22:18:59.886465Z"",""no_price_dollars"":""0.4000"",""taker_side"":""no"",""ticker"":""KXETH15M-26APR271830-30"",""trade_id"":""4bdc7645-b76c-688a-3105-199291506130"",""yes_price_dollars"":""0.6000""}"
KXETH15M-26APR271830-30,49aaf04f-a361-49cd-4107-f4ef8815ceb1,1777328341,0.62,1.0,yes,"{""count_fp"":""1.00"",""created_time"":""2026-04-27T22:19:01.717891Z"",""no_price_dollars"":""0.3800"",""taker_side"":""yes"",""ticker"":""KXETH15M-26APR271830-30"",""trade_id"":""49aaf04f-a361-49cd-4107-f4ef8815ceb1"",""yes_price_dollars"":""0.6200""}"
KXETH15M-26APR271830-30,1ece9f7c-5e09-696c-931f-6fec2d758171,1777328341,0.59,34.86,no,"{""count_fp"":""34.86"",""created_time"":""2026-04-27T22:19:01.340232Z"",""no_price_dollars"":""0.4100"",""taker_side"":""no"",""ticker"":""KXETH15M-26APR271830-30"",""trade_id"":""1ece9f7c-5e09-696c-931f-6fec2d758171"",""yes_price_dollars"":""0.5900""}"
KXETH15M-26APR271830-30,e683bea6-0519-54a0-fd10-ba75c4cc28ed,1777328344,0.62,4.0,yes,"{""count_fp"":""4.00"",""created_time"":""2026-04-27T22:19:04.444313Z"",""no_price_dollars"":""0.3800"",""taker_side"":""yes"",""ticker"":""KXETH15M-26APR271830-30"",""trade_id"":""e683bea6-0519-54a0-fd10-ba75c4cc28ed"",""yes_price_dollars"":""0.6200""}"
KXETH15M-26APR271830-30,adc9a2c6-bcd6-5d62-c70b-9c11976758f0,1777328344,0.62,1.0,yes,"{""count_fp"":""1.00"",""created_time"":""2026-04-27T22:19:04.444313Z"",""no_price_dollars"":""0.3800"",""taker_side"":""yes"",""ticker"":""KXETH15M-26APR271830-30"",""trade_id"":""adc9a2c6-bcd6-5d62-c70b-9c11976758f0"",""yes_price_dollars"":""0.6200""}"
KXETH15M-26APR271830-30,53590d2a-325f-5fff-c79b-8820ca5a4505,1777328344,0.62,5.0,yes,"{""count_fp"":""5.00"",""created_time"":""2026-04-27T22:19:04.444313Z"",""no_price_dollars"":""0.3800"",""taker_side"":""yes"",""ticker"":""KXETH15M-26APR271830-30"",""trade_id"":""53590d2a-325f-5fff-c79b-8820ca5a4505"",""yes_price_dollars"":""0.6200""}"
KXETH15M-26APR271830-30,602692ec-09a2-7d59-d39d-eb1de2b3b5f4,1777328352,0.59,4.42,no,"{""count_fp"":""4.42"",""created_time"":""2026-04-27T22:19:12.669907Z"",""no_price_dollars"":""0.4100"",""taker_side"":""no"",""ticker"":""KXETH15M-26APR271830-30"",""trade_id"":""602692ec-09a2-7d59-d39d-eb1de2b3b5f4"",""yes_price_dollars"":""0.5900""}"
KXETH15M-26APR271830-30,fbc8824a-78b5-5b05-3fd5-7468da838577,1777328354,0.62,4.0,yes,"{""count_fp"":""4.00"",""created_time"":""2026-04-27T22:19:14.345758Z"",""no_price_dollars"":""0.3800"",""taker_side"":""yes"",""ticker"":""KXETH15M-26APR271830-30"",""trade_id"":""fbc8824a-78b5-5b05-3fd5-7468da838577"",""yes_price_dollars"":""0.6200""}"
KXETH15M-26APR271830-30,41a1326f-a495-5641-6040-c3545717d758,1777328356,0.61,1.0,yes,"{""count_fp"":""1.00"",""created_time"":""2026-04-27T22:19:16.812149Z"",""no_price_dollars"":""0.3900"",""taker_side"":""yes"",""ticker"":""KXETH15M-26APR271830-30"",""trade_id"":""41a1326f-a495-5641-6040-c3545717d758"",""yes_price_dollars"":""0.6100""}"
KXETH15M-26APR271830-30,3bf84333-e026-6529-4280-390bc4907839,1777328361,0.59,22.05,yes,"{""count_fp"":""22.05"",""created_time"":""2026-04-27T22:19:21.683561Z"",""no_price_dollars"":""0.4100"",""taker_side"":""yes"",""ticker"":""KXETH15M-26APR271830-30"",""trade_id"":""3bf84333-e026-6529-4280-390bc4907839"",""yes_price_dollars"":""0.5900""}"
KXETH15M-26APR271830-30,0da4edd6-e02e-6a9a-6a91-e537ce1dd90e,1777328361,0.57,1.0,yes,"{""count_fp"":""1.00"",""created_time"":""2026-04-27T22:19:21.683561Z"",""no_price_dollars"":""0.4300"",""taker_side"":""yes"",""ticker"":""KXETH15M-26APR271830-30"",""trade_id"":""0da4edd6-e02e-6a9a-6a91-e537ce1dd90e"",""yes_price_dollars"":""0.5700""}"
KXETH15M-26APR271830-30,f3edda21-aa0a-4e09-e857-08d70fdb0708,1777328361,0.61,1.0,yes,"{""count_fp"":""1.00"",""created_time"":""2026-04-27T22:19:21.415585Z"",""no_price_dollars"":""0.3900"",""taker_side"":""yes"",""ticker"":""KXETH15M-26APR271830-30"",""trade_id"":""f3edda21-aa0a-4e09-e857-08d70fdb0708"",""yes_price_dollars"":""0.6100""}"
KXETH15M-26APR271830-30,854c24cf-4b1c-4d00-d563-e424a2ce64d2,1777328361,0.61,37.92,yes,"{""count_fp"":""37.92"",""created_time"":""2026-04-27T22:19:21.415585Z"",""no_price_dollars"":""0.3900"",""taker_side"":""yes"",""ticker"":""KXETH15M-26APR271830-30"",""trade_id"":""854c24cf-4b1c-4d00-d563-e424a2ce64d2"",""yes_price_dollars"":""0.6100""}"
KXETH15M-26APR271830-30,2a844972-ba91-78c2-9b52-423d213aaee8,1777328361,0.58,0.58,no,"{""count_fp"":""0.58"",""created_time"":""2026-04-27T22:19:21.382893Z"",""no_price_dollars"":""0.4200"",""taker_side"":""no"",""ticker"":""KXETH15M-26APR271830-30"",""trade_id"":""2a844972-ba91-78c2-9b52-423d213aaee8"",""yes_price_dollars"":""0.5800""}"
KXETH15M-26APR271830-30,a3a584ef-4ae7-5eab-1f67-5564485766e2,1777328361,0.58,10.0,no,"{""count_fp"":""10.00"",""created_time"":""2026-04-27T22:19:21.381045Z"",""no_price_dollars"":""0.4200"",""taker_side"":""no"",""ticker"":""KXETH15M-26APR271830-30"",""trade_id"":""a3a584ef-4ae7-5eab-1f67-5564485766e2"",""yes_price_dollars"":""0.5800""}"
KXETH15M-26APR271830-30,2638b787-b9c5-5b2e-0367-1f4b47dbac44,1777328361,0.58,4.42,no,"{""count_fp"":""4.42"",""created_time"":""2026-04-27T22:19:21.381045Z"",""no_price_dollars"":""0.4200"",""taker_side"":""no"",""ticker"":""KXETH15M-26APR271830-30"",""trade_id"":""2638b787-b9c5-5b2e-0367-1f4b47dbac44"",""yes_price_dollars"":""0.5800""}"
KXETH15M-26APR271830-30,08957ff6-0fb9-5ac2-3e88-2df40e027b3c,1777328361,0.6,0.58,no,"{""count_fp"":""0.58"",""created_time"":""2026-04-27T22:19:21.381045Z"",""no_price_dollars"":""0.4000"",""taker_side"":""no"",""ticker"":""KXETH15M-26APR271830-30"",""trade_id"":""08957ff6-0fb9-5ac2-3e88-2df40e027b3c"",""yes_price_dollars"":""0.6000""}"
KXETH15M-26APR271830-30,bdeee198-ea46-7795-1f15-def91c2c0cf9,1777328362,0.52,60.0,no,"{""count_fp"":""60.00"",""created_time"":""2026-04-27T22:19:22.886565Z"",""no_price_dollars"":""0.4800"",""taker_side"":""no"",""ticker"":""KXETH15M-26APR271830-30"",""trade_id"":""bdeee198-ea46-7795-1f15-def91c2c0cf9"",""yes_price_dollars"":""0.5200""}"
KXETH15M-26APR271830-30,63b88aa2-1d8f-7d5d-2d18-04cfbb8a4903,1777328362,0.53,10.0,no,"{""count_fp"":""10.00"",""created_time"":""2026-04-27T22:19:22.886565Z"",""no_price_dollars"":""0.4700"",""taker_side"":""no"",""ticker"":""KXETH15M-26APR271830-30"",""trade_id"":""63b88aa2-1d8f-7d5d-2d18-04cfbb8a4903"",""yes_price_dollars"":""0.5300""}"
KXETH15M-26APR271830-30,e2ecefbc-cd18-5f89-61d2-4540e219d9cc,1777328362,0.55,1.0,yes,"{""count_fp"":""1.00"",""created_time"":""2026-04-27T22:19:22.777615Z"",""no_price_dollars"":""0.4500"",""taker_side"":""yes"",""ticker"":""KXETH15M-26APR271830-30"",""trade_id"":""e2ecefbc-cd18-5f89-61d2-4540e219d9cc"",""yes_price_dollars"":""0.5500""}"
KXETH15M-26APR271830-30,587c19c0-162a-54b1-4321-b3268c9371ad,1777328362,0.56,4.0,yes,"{""count_fp"":""4.00"",""created_time"":""2026-04-27T22:19:22.777615Z"",""no_price_dollars"":""0.4400"",""taker_side"":""yes"",""ticker"":""KXETH15M-26APR271830-30"",""trade_id"":""587c19c0-162a-54b1-4321-b3268c9371ad"",""yes_price_dollars"":""0.5600""}"
KXETH15M-26APR271830-30,aaffc883-1e95-5032-1ee9-e5f4ea9b8f9b,1777328365,0.48,86.0,no,"{""count_fp"":""86.00"",""created_time"":""2026-04-27T22:19:25.592671Z"",""no_price_dollars"":""0.5200"",""taker_side"":""no"",""ticker"":""KXETH15M-26APR271830-30"",""trade_id"":""aaffc883-1e95-5032-1ee9-e5f4ea9b8f9b"",""yes_price_dollars"":""0.4800""}"
KXETH15M-26APR271830-30,fb75175c-bd51-79f6-21c9-3510bc0e7857,1777328365,0.48,4.0,no,"{""count_fp"":""4.00"",""created_time"":""2026-04-27T22:19:25.585397Z"",""no_price_dollars"":""0.5200"",""taker_side"":""no"",""ticker"":""KXETH15M-26APR271830-30"",""trade_id"":""fb75175c-bd51-79f6-21c9-3510bc0e7857"",""yes_price_dollars"":""0.4800""}"
KXETH15M-26APR271830-30,485367a4-0c13-7d61-347b-1433e4940645,1777328365,0.48,1.0,no,"{""count_fp"":""1.00"",""created_time"":""2026-04-27T22:19:25.585397Z"",""no_price_dollars"":""0.5200"",""taker_side"":""no"",""ticker"":""KXETH15M-26APR271830-30"",""trade_id"":""485367a4-0c13-7d61-347b-1433e4940645"",""yes_price_dollars"":""0.4800""}"
KXETH15M-26APR271830-30,40068f8d-25f9-7378-119c-5987128351c8,1777328365,0.48,5.0,no,"{""count_fp"":""5.00"",""created_time"":""2026-04-27T22:19:25.585397Z"",""no_price_dollars"":""0.5200"",""taker_side"":""no"",""ticker"":""KXETH15M-26APR271830-30"",""trade_id"":""40068f8d-25f9-7378-119c-5987128351c8"",""yes_price_dollars"":""0.4800""}"
KXETH15M-26APR271830-30,72bf42a0-6790-7048-6778-f60ae78aa7de,1777328370,0.47,9.0,yes,"{""count_fp"":""9.00"",""created_time"":""2026-04-27T22:19:30.761738Z"",""no_price_dollars"":""0.5300"",""taker_side"":""yes"",""ticker"":""KXETH15M-26APR271830-30"",""trade_id"":""72bf42a0-6790-7048-6778-f60ae78aa7de"",""yes_price_dollars"":""0.4700""}"
KXETH15M-26APR271830-30,8f4a89c1-5824-4593-0d45-6d8f1ab37c9f,1777328371,0.46,1.0,no,"{""count_fp"":""1.00"",""created_time"":""2026-04-27T22:19:31.502804Z"",""no_price_dollars"":""0.5400"",""taker_side"":""no"",""ticker"":""KXETH15M-26APR271830-30"",""trade_id"":""8f4a89c1-5824-4593-0d45-6d8f1ab37c9f"",""yes_price_dollars"":""0.4600""}"
KXETH15M-26APR271830-30,8c21afff-d781-4d91-3ec2-d35c36f679c0,1777328371,0.45,7.84,no,"{""count_fp"":""7.84"",""created_time"":""2026-04-27T22:19:31.502804Z"",""no_price_dollars"":""0.5500"",""taker_side"":""no"",""ticker"":""KXETH15M-26APR271830-30"",""trade_id"":""8c21afff-d781-4d91-3ec2-d35c36f679c0"",""yes_price_dollars"":""0.4500""}"
KXETH15M-26APR271830-30,8dfc069d-2089-590a-bdeb-b1e5617d34a0,1777328373,0.4,5.0,yes,"{""count_fp"":""5.00"",""created_time"":""2026-04-27T22:19:33.889504Z"",""no_price_dollars"":""0.6000"",""taker_side"":""yes"",""ticker"":""KXETH15M-26APR271830-30"",""trade_id"":""8dfc069d-2089-590a-bdeb-b1e5617d34a0"",""yes_price_dollars"":""0.4000""}"
KXETH15M-26APR271830-30,e87af50f-cbfd-6831-8528-d73346c2a7cb,1777328373,0.4,5.0,no,"{""count_fp"":""5.00"",""created_time"":""2026-04-27T22:19:33.413214Z"",""no_price_dollars"":""0.6000"",""taker_side"":""no"",""ticker"":""KXETH15M-26APR271830-30"",""trade_id"":""e87af50f-cbfd-6831-8528-d73346c2a7cb"",""yes_price_dollars"":""0.4000""}"
KXETH15M-26APR271830-30,39563baf-acd3-68ed-bed0-441224c2a037,1777328373,0.42,5.0,no,"{""count_fp"":""5.00"",""created_time"":""2026-04-27T22:19:33.413214Z"",""no_price_dollars"":""0.5800"",""taker_side"":""no"",""ticker"":""KXETH15M-26APR271830-30"",""trade_id"":""39563baf-acd3-68ed-bed0-441224c2a037"",""yes_price_dollars"":""0.4200""}"
KXETH15M-26APR271830-30,23e6e5cf-7353-6836-b667-7b9dc024a388,1777328373,0.4,5.0,no,"{""count_fp"":""5.00"",""created_time"":""2026-04-27T22:19:33.413214Z"",""no_price_dollars"":""0.6000"",""taker_side"":""no"",""ticker"":""KXETH15M-26APR271830-30"",""trade_id"":""23e6e5cf-7353-6836-b667-7b9dc024a388"",""yes_price_dollars"":""0.4000""}"
KXETH15M-26APR271830-30,d33e3b86-6baf-4eb3-317b-b64aac3850dc,1777328373,0.42,5.0,no,"{""count_fp"":""5.00"",""created_time"":""2026-04-27T22:19:33.386986Z"",""no_price_dollars"":""0.5800"",""taker_side"":""no"",""ticker"":""KXETH15M-26APR271830-30"",""trade_id"":""d33e3b86-6baf-4eb3-317b-b64aac3850dc"",""yes_price_dollars"":""0.4200""}"
KXETH15M-26APR271830-30,df84f6eb-2553-5f0e-1365-ab38b872d37e,1777328373,0.43,1.0,no,"{""count_fp"":""1.00"",""created_time"":""2026-04-27T22:19:33.303914Z"",""no_price_dollars"":""0.5700"",""taker_side"":""no"",""ticker"":""KXETH15M-26APR271830-30"",""trade_id"":""df84f6eb-2553-5f0e-1365-ab38b872d37e"",""yes_price_dollars"":""0.4300""}"
KXETH15M-26APR271830-30,7c332271-ceee-7ebf-2086-cbd22cb8d38d,1777328373,0.44,5.0,no,"{""count_fp"":""5.00"",""created_time"":""2026-04-27T22:19:33.292665Z"",""no_price_dollars"":""0.5600"",""taker_side"":""no"",""ticker"":""KXETH15M-26APR271830-30"",""trade_id"":""7c332271-ceee-7ebf-2086-cbd22cb8d38d"",""yes_price_dollars"":""0.4400""}"
KXETH15M-26APR271830-30,4226104f-bb7a-72eb-0bf3-a907e189f22e,1777328373,0.45,1.0,no,"{""count_fp"":""1.00"",""created_time"":""2026-04-27T22:19:33.292665Z"",""no_price_dollars"":""0.5500"",""taker_side"":""no"",""ticker"":""KXETH15M-26APR271830-30"",""trade_id"":""4226104f-bb7a-72eb-0bf3-a907e189f22e"",""yes_price_dollars"":""0.4500""}"
KXETH15M-26APR271830-30,2b1aac8a-f58d-6eb2-a82a-5f722d24f090,1777328374,0.4,78.0,yes,"{""count_fp"":""78.00"",""created_time"":""2026-04-27T22:19:34.746375Z"",""no_price_dollars"":""0.6000"",""taker_side"":""yes"",""ticker"":""KXETH15M-26APR271830-30"",""trade_id"":""2b1aac8a-f58d-6eb2-a82a-5f722d24f090"",""yes_price_dollars"":""0.4000""}"
KXETH15M-26APR271830-30,9269528e-a6f9-786a-eb25-08b5487ad364,1777328374,0.4,52.0,yes,"{""count_fp"":""52.00"",""created_time"":""2026-04-27T22:19:34.109349Z"",""no_price_dollars"":""0.6000"",""taker_side"":""yes"",""ticker"":""KXETH15M-26APR271830-30"",""trade_id"":""9269528e-a6f9-786a-eb25-08b5487ad364"",""yes_price_dollars"":""0.4000""}"
KXETH15M-26APR271830-30,00a5368a-38d1-71be-be2f-222383966b0c,1777328374,0.4,70.0,yes,"{""count_fp"":""70.00"",""created_time"":""2026-04-27T22:19:34.062134Z"",""no_price_dollars"":""0.6000"",""taker_side"":""yes"",""ticker"":""KXETH15M-26APR271830-30"",""trade_id"":""00a5368a-38d1-71be-be2f-222383966b0c"",""yes_price_dollars"":""0.4000""}"
KXETH15M-26APR271830-30,731893be-8f71-504a-083f-32728e2c93c8,1777328375,0.4,45.0,yes,"{""count_fp"":""45.00"",""created_time"":""2026-04-27T22:19:35.087652Z"",""no_price_dollars"":""0.6000"",""taker_side"":""yes"",""ticker"":""KXETH15M-26APR271830-30"",""trade_id"":""731893be-8f71-504a-083f-32728e2c93c8"",""yes_price_dollars"":""0.4000""}"
KXETH15M-26APR271830-30,3a04e2a4-cc0d-6e82-5be3-f871aafb1558,1777328376,0.4,42.0,yes,"{""count_fp"":""42.00"",""created_time"":""2026-04-27T22:19:36.101515Z"",""no_price_dollars"":""0.6000"",""taker_side"":""yes"",""ticker"":""KXETH15M-26APR271830-30"",""trade_id"":""3a04e2a4-cc0d-6e82-5be3-f871aafb1558"",""yes_price_dollars"":""0.4000""}"
KXETH15M-26APR271830-30,8b1f6cc9-1789-5806-3520-5645bcf78c50,1777328377,0.4,1.0,yes,"{""count_fp"":""1.00"",""created_time"":""2026-04-27T22:19:37.622783Z"",""no_price_dollars"":""0.6000"",""taker_side"":""yes"",""ticker"":""KXETH15M-26APR271830-30"",""trade_id"":""8b1f6cc9-1789-5806-3520-5645bcf78c50"",""yes_price_dollars"":""0.4000""}"
KXETH15M-26APR271830-30,e4fe6574-88cb-7e96-11e8-8f706fce80b8,1777328378,0.38,22.92,no,"{""count_fp"":""22.92"",""created_time"":""2026-04-27T22:19:38.746306Z"",""no_price_dollars"":""0.6200"",""taker_side"":""no"",""ticker"":""KXETH15M-26APR271830-30"",""trade_id"":""e4fe6574-88cb-7e96-11e8-8f706fce80b8"",""yes_price_dollars"":""0.3800""}"
KXETH15M-26APR271830-30,2cf01b96-79ef-7790-03d0-4e91e4f17d08,1777328378,0.38,5.0,no,"{""count_fp"":""5.00"",""created_time"":""2026-04-27T22:19:38.746306Z"",""no_price_dollars"":""0.6200"",""taker_side"":""no"",""ticker"":""KXETH15M-26APR271830-30"",""trade_id"":""2cf01b96-79ef-7790-03d0-4e91e4f17d08"",""yes_price_dollars"":""0.3800""}"
KXETH15M-26APR271830-30,22d17bc5-0848-74f3-21c0-0b2b63c2bc36,1777328378,0.39,1.0,no,"{""count_fp"":""1.00"",""created_time"":""2026-04-27T22:19:38.746306Z"",""no_price_dollars"":""0.6100"",""taker_side"":""no"",""ticker"":""KXETH15M-26APR271830-30"",""trade_id"":""22d17bc5-0848-74f3-21c0-0b2b63c2bc36"",""yes_price_dollars"":""0.3900""}"
KXETH15M-26APR271830-30,0ae077b4-d7b5-7a23-2054-d58f8e1f206f,1777328378,0.39,10.0,no,"{""count_fp"":""10.00"",""created_time"":""2026-04-27T22:19:38.746306Z"",""no_price_dollars"":""0.6100"",""taker_side"":""no"",""ticker"":""KXETH15M-26APR271830-30"",""trade_id"":""0ae077b4-d7b5-7a23-2054-d58f8e1f206f"",""yes_price_dollars"":""0.3900""}"
KXETH15M-26APR271830-30,af85256f-04e1-538a-1201-ee32bdda8b10,1777328379,0.4,177.66,yes,"{""count_fp"":""177.66"",""created_time"":""2026-04-27T22:19:39.040216Z"",""no_price_dollars"":""0.6000"",""taker_side"":""yes"",""ticker"":""KXETH15M-26APR271830-30"",""trade_id"":""af85256f-04e1-538a-1201-ee32bdda8b10"",""yes_price_dollars"":""0.4000""}"
KXETH15M-26APR271830-30,cef62ddc-01a5-6666-2c2b-b922c9e395a4,1777328380,0.4,39.0,yes,"{""count_fp"":""39.00"",""created_time"":""2026-04-27T22:19:40.132202Z"",""no_price_dollars"":""0.6000"",""taker_side"":""yes"",""ticker"":""KXETH15M-26APR271830-30"",""trade_id"":""cef62ddc-01a5-6666-2c2b-b922c9e395a4"",""yes_price_dollars"":""0.4000""}"
KXETH15M-26APR271830-30,f1ebe30f-c6d1-5a0e-37f3-86e7356b0119,1777328394,0.5,10.0,yes,"{""count_fp"":""10.00"",""created_time"":""2026-04-27T22:19:54.634727Z"",""no_price_dollars"":""0.5000"",""taker_side"":""yes"",""ticker"":""KXETH15M-26APR271830-30"",""trade_id"":""f1ebe30f-c6d1-5a0e-37f3-86e7356b0119"",""yes_price_dollars"":""0.5000""}"
KXETH15M-26APR271830-30,c83c4420-4b5d-577a-0cf5-4d64ed769db8,1777328394,0.5,30.0,yes,"{""count_fp"":""30.00"",""created_time"":""2026-04-27T22:19:54.634727Z"",""no_price_dollars"":""0.5000"",""taker_side"":""yes"",""ticker"":""KXETH15M-26APR271830-30"",""trade_id"":""c83c4420-4b5d-577a-0cf5-4d64ed769db8"",""yes_price_dollars"":""0.5000""}"
KXETH15M-26APR271830-30,3469081e-0189-4882-93e6-467632f30c21,1777328404,0.47,8.0,no,"{""count_fp"":""8.00"",""created_time"":""2026-04-27T22:20:04.109213Z"",""no_price_dollars"":""0.5300"",""taker_side"":""no"",""ticker"":""KXETH15M-26APR271830-30"",""trade_id"":""3469081e-0189-4882-93e6-467632f30c21"",""yes_price_dollars"":""0.4700""}"
KXETH15M-26APR271830-30,fffcb490-8e1a-446d-1c87-80ee1221bf3e,1777328405,0.5,3.0,yes,"{""count_fp"":""3.00"",""created_time"":""2026-04-27T22:20:05.005008Z"",""no_price_dollars"":""0.5000"",""taker_side"":""yes"",""ticker"":""KXETH15M-26APR271830-30"",""trade_id"":""fffcb490-8e1a-446d-1c87-80ee1221bf3e"",""yes_price_dollars"":""0.5000""}"
KXETH15M-26APR271830-30,935c2900-d6c2-42c9-5cd6-810b8306540e,1777328407,0.5,1.0,yes,"{""count_fp"":""1.00"",""created_time"":""2026-04-27T22:20:07.108095Z"",""no_price_dollars"":""0.5000"",""taker_side"":""yes"",""ticker"":""KXETH15M-26APR271830-30"",""trade_id"":""935c2900-d6c2-42c9-5cd6-810b8306540e"",""yes_price_dollars"":""0.5000""}"
KXETH15M-26APR271830-30,cba3b7c5-05b9-4533-849d-1267b7e1776b,1777328418,0.48,4.0,no,"{""count_fp"":""4.00"",""created_time"":""2026-04-27T22:20:18.485032Z"",""no_price_dollars"":""0.5200"",""taker_side"":""no"",""ticker"":""KXETH15M-26APR271830-30"",""trade_id"":""cba3b7c5-05b9-4533-849d-1267b7e1776b"",""yes_price_dollars"":""0.4800""}"
KXETH15M-26APR271830-30,7a70288e-f97b-7ab4-7bad-b09883f66e90,1777328419,0.47,0.74,no,"{""count_fp"":""0.74"",""created_time"":""2026-04-27T22:20:19.373034Z"",""no_price_dollars"":""0.5300"",""taker_side"":""no"",""ticker"":""KXETH15M-26APR271830-30"",""trade_id"":""7a70288e-f97b-7ab4-7bad-b09883f66e90"",""yes_price_dollars"":""0.4700""}"
KXETH15M-26APR271830-30,57dc2309-2b65-7ceb-69df-e2568031e354,1777328419,0.47,1.0,no,"{""count_fp"":""1.00"",""created_time"":""2026-04-27T22:20:19.373034Z"",""no_price_dollars"":""0.5300"",""taker_side"":""no"",""ticker"":""KXETH15M-26APR271830-30"",""trade_id"":""57dc2309-2b65-7ceb-69df-e2568031e354"",""yes_price_dollars"":""0.4700""}"
KXETH15M-26APR271830-30,ec73f381-b1f3-7292-90c4-d302fa584756,1777328420,0.5,1.0,yes,"{""count_fp"":""1.00"",""created_time"":""2026-04-27T22:20:20.317594Z"",""no_price_dollars"":""0.5000"",""taker_side"":""yes"",""ticker"":""KXETH15M-26APR271830-30"",""trade_id"":""ec73f381-b1f3-7292-90c4-d302fa584756"",""yes_price_dollars"":""0.5000""}"
KXETH15M-26APR271830-30,7ac8db0f-71fe-7770-823e-6b7e15724c99,1777328422,0.49,1.0,yes,"{""count_fp"":""1.00"",""created_time"":""2026-04-27T22:20:22.898068Z"",""no_price_dollars"":""0.5100"",""taker_side"":""yes"",""ticker"":""KXETH15M-26APR271830-30"",""trade_id"":""7ac8db0f-71fe-7770-823e-6b7e15724c99"",""yes_price_dollars"":""0.4900""}"
KXETH15M-26APR271830-30,740b4800-cd0f-776d-a5ad-19a8fee02fc5,1777328422,0.5,4.0,yes,"{""count_fp"":""4.00"",""created_time"":""2026-04-27T22:20:22.898068Z"",""no_price_dollars"":""0.5000"",""taker_side"":""yes"",""ticker"":""KXETH15M-26APR271830-30"",""trade_id"":""740b4800-cd0f-776d-a5ad-19a8fee02fc5"",""yes_price_dollars"":""0.5000""}"
KXETH15M-26APR271830-30,c4dd5a4a-d8d0-4a1c-1104-800a936190a2,1777328423,0.48,0.41,no,"{""count_fp"":""0.41"",""created_time"":""2026-04-27T22:20:23.383166Z"",""no_price_dollars"":""0.5200"",""taker_side"":""no"",""ticker"":""KXETH15M-26APR271830-30"",""trade_id"":""c4dd5a4a-d8d0-4a1c-1104-800a936190a2"",""yes_price_dollars"":""0.4800""}"
KXETH15M-26APR271830-30,6276734c-a3c0-41c0-b0d1-96d939d03d7a,1777328423,0.48,10.0,no,"{""count_fp"":""10.00"",""created_time"":""2026-04-27T22:20:23.355533Z"",""no_price_dollars"":""0.5200"",""taker_side"":""no"",""ticker"":""KXETH15M-26APR271830-30"",""trade_id"":""6276734c-a3c0-41c0-b0d1-96d939d03d7a"",""yes_price_dollars"":""0.4800""}"
KXETH15M-26APR271830-30,11782080-1034-4c06-a717-aaeee1a0f10e,1777328423,0.48,10.0,no,"{""count_fp"":""10.00"",""created_time"":""2026-04-27T22:20:23.355533Z"",""no_price_dollars"":""0.5200"",""taker_side"":""no"",""ticker"":""KXETH15M-26APR271830-30"",""trade_id"":""11782080-1034-4c06-a717-aaeee1a0f10e"",""yes_price_dollars"":""0.4800""}"
KXETH15M-26APR271830-30,f0c95841-c605-6e92-6f6f-9a000ea6cd78,1777328434,0.48,6.03,yes,"{""count_fp"":""6.03"",""created_time"":""2026-04-27T22:20:34.607873Z"",""no_price_dollars"":""0.5200"",""taker_side"":""yes"",""ticker"":""KXETH15M-26APR271830-30"",""trade_id"":""f0c95841-c605-6e92-6f6f-9a000ea6cd78"",""yes_price_dollars"":""0.4800""}"
KXETH15M-26APR271830-30,b496f4dd-ddb5-79da-0a40-e7ec61335d8c,1777328444,0.48,1.99,yes,"{""count_fp"":""1.99"",""created_time"":""2026-04-27T22:20:44.545228Z"",""no_price_dollars"":""0.5200"",""taker_side"":""yes"",""ticker"":""KXETH15M-26APR271830-30"",""trade_id"":""b496f4dd-ddb5-79da-0a40-e7ec61335d8c"",""yes_price_dollars"":""0.4800""}"
KXETH15M-26APR271830-30,ad9d2223-d128-779e-0edf-dd9e73108965,1777328448,0.4,10.0,no,"{""count_fp"":""10.00"",""created_time"":""2026-04-27T22:20:48.550751Z"",""no_price_dollars"":""0.6000"",""taker_side"":""no"",""ticker"":""KXETH15M-26APR271830-30"",""trade_id"":""ad9d2223-d128-779e-0edf-dd9e73108965"",""yes_price_dollars"":""0.4000""}"
KXETH15M-26APR271830-30,46adff5a-40f0-758d-38b6-620513f5e6b3,1777328448,0.42,18.26,no,"{""count_fp"":""18.26"",""created_time"":""2026-04-27T22:20:48.550751Z"",""no_price_dollars"":""0.5800"",""taker_side"":""no"",""ticker"":""KXETH15M-26APR271830-30"",""trade_id"":""46adff5a-40f0-758d-38b6-620513f5e6b3"",""yes_price_dollars"":""0.4200""}"
KXETH15M-26APR271830-30,90686918-2be0-78e9-9a53-b862c2017a63,1777328448,0.42,10.0,no,"{""count_fp"":""10.00"",""created_time"":""2026-04-27T22:20:48.521781Z"",""no_price_dollars"":""0.5800"",""taker_side"":""no"",""ticker"":""KXETH15M-26APR271830-30"",""trade_id"":""90686918-2be0-78e9-9a53-b862c2017a63"",""yes_price_dollars"":""0.4200""}"
KXETH15M-26APR271830-30,f809d520-2734-4965-d194-13ab95bcb28b,1777328448,0.42,9.74,no,"{""count_fp"":""9.74"",""created_time"":""2026-04-27T22:20:48.518424Z"",""no_price_dollars"":""0.5800"",""taker_side"":""no"",""ticker"":""KXETH15M-26APR271830-30"",""trade_id"":""f809d520-2734-4965-d194-13ab95bcb28b"",""yes_price_dollars"":""0.4200""}"
KXETH15M-26APR271830-30,8562942d-2354-44d0-e20a-da2960c4c6f7,1777328448,0.43,0.26,no,"{""count_fp"":""0.26"",""created_time"":""2026-04-27T22:20:48.518424Z"",""no_price_dollars"":""0.5700"",""taker_side"":""no"",""ticker"":""KXETH15M-26APR271830-30"",""trade_id"":""8562942d-2354-44d0-e20a-da2960c4c6f7"",""yes_price_dollars"":""0.4300""}"
KXETH15M-26APR271830-30,e19f6022-1b57-66c0-20f3-b1f85d23aaf8,1777328448,0.47,0.26,no,"{""count_fp"":""0.26"",""created_time"":""2026-04-27T22:20:48.504633Z"",""no_price_dollars"":""0.5300"",""taker_side"":""no"",""ticker"":""KXETH15M-26APR271830-30"",""trade_id"":""e19f6022-1b57-66c0-20f3-b1f85d23aaf8"",""yes_price_dollars"":""0.4700""}"
KXETH15M-26APR271830-30,10d7c6b4-8f90-6914-1a1f-3ce297d2d367,1777328448,0.43,9.74,no,"{""count_fp"":""9.74"",""created_time"":""2026-04-27T22:20:48.504633Z"",""no_price_dollars"":""0.5700"",""taker_side"":""no"",""ticker"":""KXETH15M-26APR271830-30"",""trade_id"":""10d7c6b4-8f90-6914-1a1f-3ce297d2d367"",""yes_price_dollars"":""0.4300""}"
KXETH15M-26APR271830-30,3f877e40-2481-47f9-aad4-105a4e3ddfd2,1777328451,0.39,8.84,yes,"{""count_fp"":""8.84"",""created_time"":""2026-04-27T22:20:51.708293Z"",""no_price_dollars"":""0.6100"",""taker_side"":""yes"",""ticker"":""KXETH15M-26APR271830-30"",""trade_id"":""3f877e40-2481-47f9-aad4-105a4e3ddfd2"",""yes_price_dollars"":""0.3900""}"
KXETH15M-26APR271830-30,6c422ca0-94f8-6528-a265-d82d2dd61796,1777328453,0.4,1.0,yes,"{""count_fp"":""1.00"",""created_time"":""2026-04-27T22:20:53.316759Z"",""no_price_dollars"":""0.6000"",""taker_side"":""yes"",""ticker"":""KXETH15M-26APR271830-30"",""trade_id"":""6c422ca0-94f8-6528-a265-d82d2dd61796"",""yes_price_dollars"":""0.4000""}"
KXETH15M-26APR271830-30,1e2c6f2d-28ed-6a62-4e3d-db3ef76a1a34,1777328455,0.39,1.0,yes,"{""count_fp"":""1.00"",""created_time"":""2026-04-27T22:20:55.811442Z"",""no_price_dollars"":""0.6100"",""taker_side"":""yes"",""ticker"":""KXETH15M-26APR271830-30"",""trade_id"":""1e2c6f2d-28ed-6a62-4e3d-db3ef76a1a34"",""yes_price_dollars"":""0.3900""}"
KXETH15M-26APR271830-30,647884ec-0988-4325-665c-a6b9942ecd64,1777328459,0.37,3.04,no,"{""count_fp"":""3.04"",""created_time"":""2026-04-27T22:20:59.198931Z"",""no_price_dollars"":""0.6300"",""taker_side"":""no"",""ticker"":""KXETH15M-26APR271830-30"",""trade_id"":""647884ec-0988-4325-665c-a6b9942ecd64"",""yes_price_dollars"":""0.3700""}"
KXETH15M-26APR271830-30,7fc606d7-c89c-6618-f4f3-bf39a5978387,1777328460,0.38,2.0,no,"{""count_fp"":""2.00"",""created_time"":""2026-04-27T22:21:00.406314Z"",""no_price_dollars"":""0.6200"",""taker_side"":""no"",""ticker"":""KXETH15M-26APR271830-30"",""trade_id"":""7fc606d7-c89c-6618-f4f3-bf39a5978387"",""yes_price_dollars"":""0.3800""}"
KXETH15M-26APR271830-30,dc61f8f3-cc59-45bf-be32-dfcada2d9305,1777328466,0.41,60.0,yes,"{""count_fp"":""60.00"",""created_time"":""2026-04-27T22:21:06.811301Z"",""no_price_dollars"":""0.5900"",""taker_side"":""yes"",""ticker"":""KXETH15M-26APR271830-30"",""trade_id"":""dc61f8f3-cc59-45bf-be32-dfcada2d9305"",""yes_price_dollars"":""0.4100""}"
KXETH15M-26APR271830-30,94fa8bae-5942-4c19-994e-a2a7dfa0a823,1777328466,0.41,1.0,yes,"{""count_fp"":""1.00"",""created_time"":""2026-04-27T22:21:06.811301Z"",""no_price_dollars"":""0.5900"",""taker_side"":""yes"",""ticker"":""KXETH15M-26APR271830-30"",""trade_id"":""94fa8bae-5942-4c19-994e-a2a7dfa0a823"",""yes_price_dollars"":""0.4100""}"
KXETH15M-26APR271830-30,2be70118-9a81-4192-8329-01e6226f5062,1777328466,0.4,0.4,yes,"{""count_fp"":""0.40"",""created_time"":""2026-04-27T22:21:06.811301Z"",""no_price_dollars"":""0.6000"",""taker_side"":""yes"",""ticker"":""KXETH15M-26APR271830-30"",""trade_id"":""2be70118-9a81-4192-8329-01e6226f5062"",""yes_price_dollars"":""0.4000""}"
KXETH15M-26APR271830-30,ebbaeb47-8b2d-5812-f0af-0f4fdcd5daa6,1777328466,0.4,41.0,yes,"{""count_fp"":""41.00"",""created_time"":""2026-04-27T22:21:06.811271Z"",""no_price_dollars"":""0.6000"",""taker_side"":""yes"",""ticker"":""KXETH15M-26APR271830-30"",""trade_id"":""ebbaeb47-8b2d-5812-f0af-0f4fdcd5daa6"",""yes_price_dollars"":""0.4000""}"
KXETH15M-26APR271830-30,a1386873-c524-7c1a-7759-311dbd08e8ca,1777328467,0.44,10.0,yes,"{""count_fp"":""10.00"",""created_time"":""2026-04-27T22:21:07.275161Z"",""no_price_dollars"":""0.5600"",""taker_side"":""yes"",""ticker"":""KXETH15M-26APR271830-30"",""trade_id"":""a1386873-c524-7c1a-7759-311dbd08e8ca"",""yes_price_dollars"":""0.4400""}"
KXETH15M-26APR271830-30,788cf928-c6d6-73b5-7829-ff058ab814fd,1777328467,0.44,5.0,yes,"{""count_fp"":""5.00"",""created_time"":""2026-04-27T22:21:07.275161Z"",""no_price_dollars"":""0.5600"",""taker_side"":""yes"",""ticker"":""KXETH15M-26APR271830-30"",""trade_id"":""788cf928-c6d6-73b5-7829-ff058ab814fd"",""yes_price_dollars"":""0.4400""}"
KXETH15M-26APR271830-30,39c6f1a0-462c-5934-6739-4430fdd66feb,1777328468,0.43,1.7,no,"{""count_fp"":""1.70"",""created_time"":""2026-04-27T22:21:08.162889Z"",""no_price_dollars"":""0.5700"",""taker_side"":""no"",""ticker"":""KXETH15M-26APR271830-30"",""trade_id"":""39c6f1a0-462c-5934-6739-4430fdd66feb"",""yes_price_dollars"":""0.4300""}"
KXETH15M-26APR271830-30,3c996880-dfe4-66d8-446e-9797beabf47f,1777328472,0.44,34.64,no,"{""count_fp"":""34.64"",""created_time"":""2026-04-27T22:21:12.524558Z"",""no_price_dollars"":""0.5600"",""taker_side"":""no"",""ticker"":""KXETH15M-26APR271830-30"",""trade_id"":""3c996880-dfe4-66d8-446e-9797beabf47f"",""yes_price_dollars"":""0.4400""}"
KXETH15M-26APR271830-30,9200ccde-8aa0-445c-6e7d-31d079d4358b,1777328475,0.5,60.0,no,"{""count_fp"":""60.00"",""created_time"":""2026-04-27T22:21:15.524339Z"",""no_price_dollars"":""0.5000"",""taker_side"":""no"",""ticker"":""KXETH15M-26APR271830-30"",""trade_id"":""9200ccde-8aa0-445c-6e7d-31d079d4358b"",""yes_price_dollars"":""0.5000""}"
KXETH15M-26APR271830-30,d924aa89-1ba5-47c5-850d-4df0684970f7,1777328475,0.49,1.0,yes,"{""count_fp"":""1.00"",""created_time"":""2026-04-27T22:21:15.459606Z"",""no_price_dollars"":""0.5100"",""taker_side"":""yes"",""ticker"":""KXETH15M-26APR271830-30"",""trade_id"":""d924aa89-1ba5-47c5-850d-4df0684970f7"",""yes_price_dollars"":""0.4900""}"
KXETH15M-26APR271830-30,a8e26c74-8700-6afc-6b02-3d972a8815ab,1777328476,0.51,1.9,no,"{""count_fp"":""1.90"",""created_time"":""2026-04-27T22:21:16.112437Z"",""no_price_dollars"":""0.4900"",""taker_side"":""no"",""ticker"":""KXETH15M-26APR271830-30"",""trade_id"":""a8e26c74-8700-6afc-6b02-3d972a8815ab"",""yes_price_dollars"":""0.5100""}"
KXETH15M-26APR271830-30,c64b67f2-4af5-52d8-bd84-62262812f4ce,1777328478,0.56,2.0,yes,"{""count_fp"":""2.00"",""created_time"":""2026-04-27T22:21:18.744267Z"",""no_price_dollars"":""0.4400"",""taker_side"":""yes"",""ticker"":""KXETH15M-26APR271830-30"",""trade_id"":""c64b67f2-4af5-52d8-bd84-62262812f4ce"",""yes_price_dollars"":""0.5600""}"
KXETH15M-26APR271830-30,7639d8d7-5829-54e7-a6c9-b02f096a1aa3,1777328478,0.54,1.0,yes,"{""count_fp"":""1.00"",""created_time"":""2026-04-27T22:21:18.744267Z"",""no_price_dollars"":""0.4600"",""taker_side"":""yes"",""ticker"":""KXETH15M-26APR271830-30"",""trade_id"":""7639d8d7-5829-54e7-a6c9-b02f096a1aa3"",""yes_price_dollars"":""0.5400""}"
KXETH15M-26APR271830-30,b4123d5f-3b78-5e08-ad9d-6c3d2891983a,1777328479,0.55,1.0,yes,"{""count_fp"":""1.00"",""created_time"":""2026-04-27T22:21:19.128115Z"",""no_price_dollars"":""0.4500"",""taker_side"":""yes"",""ticker"":""KXETH15M-26APR271830-30"",""trade_id"":""b4123d5f-3b78-5e08-ad9d-6c3d2891983a"",""yes_price_dollars"":""0.5500""}"
KXETH15M-26APR271830-30,86759b04-c5a2-42fd-d67e-de219837eabe,1777328480,0.56,5.0,yes,"{""count_fp"":""5.00"",""created_time"":""2026-04-27T22:21:20.608921Z"",""no_price_dollars"":""0.4400"",""taker_side"":""yes"",""ticker"":""KXETH15M-26APR271830-30"",""trade_id"":""86759b04-c5a2-42fd-d67e-de219837eabe"",""yes_price_dollars"":""0.5600""}"
KXETH15M-26APR271830-30,3ba30b9b-0cfb-48c1-ee35-c0c19f8ab148,1777328480,0.57,90.0,yes,"{""count_fp"":""90.00"",""created_time"":""2026-04-27T22:21:20.608921Z"",""no_price_dollars"":""0.4300"",""taker_side"":""yes"",""ticker"":""KXETH15M-26APR271830-30"",""trade_id"":""3ba30b9b-0cfb-48c1-ee35-c0c19f8ab148"",""yes_price_dollars"":""0.5700""}"
KXETH15M-26APR271830-30,b9297462-aa48-52ac-e53c-74010448dc1f,1777328480,0.55,6.0,no,"{""count_fp"":""6.00"",""created_time"":""2026-04-27T22:21:20.012595Z"",""no_price_dollars"":""0.4500"",""taker_side"":""no"",""ticker"":""KXETH15M-26APR271830-30"",""trade_id"":""b9297462-aa48-52ac-e53c-74010448dc1f"",""yes_price_dollars"":""0.5500""}"
KXETH15M-26APR271830-30,03da1786-e1c5-70c9-a17a-f289431382ed,1777328485,0.52,2.1,no,"{""count_fp"":""2.10"",""created_time"":""2026-04-27T22:21:25.619971Z"",""no_price_dollars"":""0.4800"",""taker_side"":""no"",""ticker"":""KXETH15M-26APR271830-30"",""trade_id"":""03da1786-e1c5-70c9-a17a-f289431382ed"",""yes_price_dollars"":""0.5200""}"
KXETH15M-26APR271830-30,f4489a3e-fb23-6264-7991-2c1f8ccf0143,1777328485,0.53,10.7,no,"{""count_fp"":""10.70"",""created_time"":""2026-04-27T22:21:25.106711Z"",""no_price_dollars"":""0.4700"",""taker_side"":""no"",""ticker"":""KXETH15M-26APR271830-30"",""trade_id"":""f4489a3e-fb23-6264-7991-2c1f8ccf0143"",""yes_price_dollars"":""0.5300""}"
KXETH15M-26APR271830-30,2d151ff3-004e-6d25-51fe-5838eceb8cea,1777328485,0.54,10.0,no,"{""count_fp"":""10.00"",""created_time"":""2026-04-27T22:21:25.106711Z"",""no_price_dollars"":""0.4600"",""taker_side"":""no"",""ticker"":""KXETH15M-26APR271830-30"",""trade_id"":""2d151ff3-004e-6d25-51fe-5838eceb8cea"",""yes_price_dollars"":""0.5400""}"
KXETH15M-26APR271830-30,baf6657d-31fc-557f-54d1-0bb73719f376,1777328486,0.52,1.0,yes,"{""count_fp"":""1.00"",""created_time"":""2026-04-27T22:21:26.810881Z"",""no_price_dollars"":""0.4800"",""taker_side"":""yes"",""ticker"":""KXETH15M-26APR271830-30"",""trade_id"":""baf6657d-31fc-557f-54d1-0bb73719f376"",""yes_price_dollars"":""0.5200""}"
KXETH15M-26APR271830-30,7353cff2-1dbe-4dbc-89f4-d125c3e9e1c9,1777328495,0.49,3.04,no,"{""count_fp"":""3.04"",""created_time"":""2026-04-27T22:21:35.702359Z"",""no_price_dollars"":""0.5100"",""taker_side"":""no"",""ticker"":""KXETH15M-26APR271830-30"",""trade_id"":""7353cff2-1dbe-4dbc-89f4-d125c3e9e1c9"",""yes_price_dollars"":""0.4900""}"
KXETH15M-26APR271830-30,7442232b-8373-4308-98c2-7e8d6b8ea7a3,1777328496,0.48,4.78,no,"{""count_fp"":""4.78"",""created_time"":""2026-04-27T22:21:36.411505Z"",""no_price_dollars"":""0.5200"",""taker_side"":""no"",""ticker"":""KXETH15M-26APR271830-30"",""trade_id"":""7442232b-8373-4308-98c2-7e8d6b8ea7a3"",""yes_price_dollars"":""0.4800""}"
KXETH15M-26APR271830-30,665f2712-8937-45ea-a973-d1d033442879,1777328496,0.49,90.0,no,"{""count_fp"":""90.00"",""created_time"":""2026-04-27T22:21:36.411505Z"",""no_price_dollars"":""0.5100"",""taker_side"":""no"",""ticker"":""KXETH15M-26APR271830-30"",""trade_id"":""665f2712-8937-45ea-a973-d1d033442879"",""yes_price_dollars"":""0.4900""}"
KXETH15M-26APR271830-30,c9cbe165-f881-4351-74ce-f7d4a9f45096,1777328500,0.49,1.0,no,"{""count_fp"":""1.00"",""created_time"":""2026-04-27T22:21:40.991748Z"",""no_price_dollars"":""0.5100"",""taker_side"":""no"",""ticker"":""KXETH15M-26APR271830-30"",""trade_id"":""c9cbe165-f881-4351-74ce-f7d4a9f45096"",""yes_price_dollars"":""0.4900""}"
KXETH15M-26APR271830-30,6222c84a-70b7-428c-7021-9a92ea9513a7,1777328500,0.49,19.64,no,"{""count_fp"":""19.64"",""created_time"":""2026-04-27T22:21:40.991748Z"",""no_price_dollars"":""0.5100"",""taker_side"":""no"",""ticker"":""KXETH15M-26APR271830-30"",""trade_id"":""6222c84a-70b7-428c-7021-9a92ea9513a7"",""yes_price_dollars"":""0.4900""}"
KXETH15M-26APR271830-30,ce1ee2bb-64f7-699c-54c2-793e2a23524b,1777328501,0.49,17.6,no,"{""count_fp"":""17.60"",""created_time"":""2026-04-27T22:21:41.426741Z"",""no_price_dollars"":""0.5100"",""taker_side"":""no"",""ticker"":""KXETH15M-26APR271830-30"",""trade_id"":""ce1ee2bb-64f7-699c-54c2-793e2a23524b"",""yes_price_dollars"":""0.4900""}"
KXETH15M-26APR271830-30,3bc6b850-5c38-60ee-7f77-d39944cf8fb2,1777328501,0.49,1.0,no,"{""count_fp"":""1.00"",""created_time"":""2026-04-27T22:21:41.426741Z"",""no_price_dollars"":""0.5100"",""taker_side"":""no"",""ticker"":""KXETH15M-26APR271830-30"",""trade_id"":""3bc6b850-5c38-60ee-7f77-d39944cf8fb2"",""yes_price_dollars"":""0.4900""}"
KXETH15M-26APR271830-30,4c2d8122-0fac-4ce5-c0e5-4b260de8e3ce,1777328504,0.51,10.0,yes,"{""count_fp"":""10.00"",""created_time"":""2026-04-27T22:21:44.490176Z"",""no_price_dollars"":""0.4900"",""taker_side"":""yes"",""ticker"":""KXETH15M-26APR271830-30"",""trade_id"":""4c2d8122-0fac-4ce5-c0e5-4b260de8e3ce"",""yes_price_dollars"":""0.5100""}"
KXETH15M-26APR271830-30,7d9ecf6f-e70c-4f49-efc8-7f4bf581b837,1777328512,0.54,5.0,yes,"{""count_fp"":""5.00"",""created_time"":""2026-04-27T22:21:52.993613Z"",""no_price_dollars"":""0.4600"",""taker_side"":""yes"",""ticker"":""KXETH15M-26APR271830-30"",""trade_id"":""7d9ecf6f-e70c-4f49-efc8-7f4bf581b837"",""yes_price_dollars"":""0.5400""}"
KXETH15M-26APR271830-30,a93b1ae6-10e6-503b-a03c-fef36f20946d,1777328513,0.56,5.0,yes,"{""count_fp"":""5.00"",""created_time"":""2026-04-27T22:21:53.012771Z"",""no_price_dollars"":""0.4400"",""taker_side"":""yes"",""ticker"":""KXETH15M-26APR271830-30"",""trade_id"":""a93b1ae6-10e6-503b-a03c-fef36f20946d"",""yes_price_dollars"":""0.5600""}"
KXETH15M-26APR271830-30,87ac69b8-8125-50ed-2846-5b0aa329c4ad,1777328514,0.55,5.84,no,"{""count_fp"":""5.84"",""created_time"":""2026-04-27T22:21:54.404233Z"",""no_price_dollars"":""0.4500"",""taker_side"":""no"",""ticker"":""KXETH15M-26APR271830-30"",""trade_id"":""87ac69b8-8125-50ed-2846-5b0aa329c4ad"",""yes_price_dollars"":""0.5500""}"
KXETH15M-26APR271830-30,9f31cdd3-f6c1-40c6-ab11-f12c97afbf68,1777328521,0.57,8.37,yes,"{""count_fp"":""8.37"",""created_time"":""2026-04-27T22:22:01.943671Z"",""no_price_dollars"":""0.4300"",""taker_side"":""yes"",""ticker"":""KXETH15M-26APR271830-30"",""trade_id"":""9f31cdd3-f6c1-40c6-ab11-f12c97afbf68"",""yes_price_dollars"":""0.5700""}"
KXETH15M-26APR271830-30,f6e60e1c-6dc9-4b9e-fe07-5c1da5095058,1777328521,0.57,1.0,yes,"{""count_fp"":""1.00"",""created_time"":""2026-04-27T22:22:01.809852Z"",""no_price_dollars"":""0.4300"",""taker_side"":""yes"",""ticker"":""KXETH15M-26APR271830-30"",""trade_id"":""f6e60e1c-6dc9-4b9e-fe07-5c1da5095058"",""yes_price_dollars"":""0.5700""}"
KXETH15M-26APR271830-30,59fec0b0-f6d9-728d-e2aa-5ab9beb9b5b1,1777328530,0.55,26.0,no,"{""count_fp"":""26.00"",""created_time"":""2026-04-27T22:22:10.818834Z"",""no_price_dollars"":""0.4500"",""taker_side"":""no"",""ticker"":""KXETH15M-26APR271830-30"",""trade_id"":""59fec0b0-f6d9-728d-e2aa-5ab9beb9b5b1"",""yes_price_dollars"":""0.5500""}"
KXETH15M-26APR271830-30,17b18016-fd8d-5612-ec81-633fe9b29354,1777328531,0.57,17.03,yes,"{""count_fp"":""17.03"",""created_time"":""2026-04-27T22:22:11.748443Z"",""no_price_dollars"":""0.4300"",""taker_side"":""yes"",""ticker"":""KXETH15M-26APR271830-30"",""trade_id"":""17b18016-fd8d-5612-ec81-633fe9b29354"",""yes_price_dollars"":""0.5700""}"
KXETH15M-26APR271830-30,b0fbc44a-043d-79c5-e759-00ae93f50555,1777328531,0.55,10.0,no,"{""count_fp"":""10.00"",""created_time"":""2026-04-27T22:22:11.738542Z"",""no_price_dollars"":""0.4500"",""taker_side"":""no"",""ticker"":""KXETH15M-26APR271830-30"",""trade_id"":""b0fbc44a-043d-79c5-e759-00ae93f50555"",""yes_price_dollars"":""0.5500""}"
KXETH15M-26APR271830-30,aa9d2298-d88d-5c12-9751-e604fe205e88,1777328534,0.57,3.0,yes,"{""count_fp"":""3.00"",""created_time"":""2026-04-27T22:22:14.193069Z"",""no_price_dollars"":""0.4300"",""taker_side"":""yes"",""ticker"":""KXETH15M-26APR271830-30"",""trade_id"":""aa9d2298-d88d-5c12-9751-e604fe205e88"",""yes_price_dollars"":""0.5700""}"
KXETH15M-26APR271830-30,07d1b2e2-8f01-7266-d365-e5fae9af5b44,1777328535,0.57,25.0,yes,"{""count_fp"":""25.00"",""created_time"":""2026-04-27T22:22:15.286796Z"",""no_price_dollars"":""0.4300"",""taker_side"":""yes"",""ticker"":""KXETH15M-26APR271830-30"",""trade_id"":""07d1b2e2-8f01-7266-d365-e5fae9af5b44"",""yes_price_dollars"":""0.5700""}"
KXETH15M-26APR271830-30,69e302c2-010d-4cba-fee5-c826436a7798,1777328537,0.57,42.57,yes,"{""count_fp"":""42.57"",""created_time"":""2026-04-27T22:22:17.954833Z"",""no_price_dollars"":""0.4300"",""taker_side"":""yes"",""ticker"":""KXETH15M-26APR271830-30"",""trade_id"":""69e302c2-010d-4cba-fee5-c826436a7798"",""yes_price_dollars"":""0.5700""}"
KXETH15M-26APR271830-30,3c59d4d4-c2aa-7c77-59dd-5e9e5272ad0a,1777328537,0.56,5.0,no,"{""count_fp"":""5.00"",""created_time"":""2026-04-27T22:22:17.800967Z"",""no_price_dollars"":""0.4400"",""taker_side"":""no"",""ticker"":""KXETH15M-26APR271830-30"",""trade_id"":""3c59d4d4-c2aa-7c77-59dd-5e9e5272ad0a"",""yes_price_dollars"":""0.5600""}"
KXETH15M-26APR271830-30,2d4fc4ee-5f81-7bf1-7e4f-0027146b97e5,1777328537,0.56,16.0,no,"{""count_fp"":""16.00"",""created_time"":""2026-04-27T22:22:17.800967Z"",""no_price_dollars"":""0.4400"",""taker_side"":""no"",""ticker"":""KXETH15M-26APR271830-30"",""trade_id"":""2d4fc4ee-5f81-7bf1-7e4f-0027146b97e5"",""yes_price_dollars"":""0.5600""}"
KXETH15M-26APR271830-30,d1b461ac-cd65-73c2-c983-5d7c526adb84,1777328538,0.57,33.88,yes,"{""count_fp"":""33.88"",""created_time"":""2026-04-27T22:22:18.613693Z"",""no_price_dollars"":""0.4300"",""taker_side"":""yes"",""ticker"":""KXETH15M-26APR271830-30"",""trade_id"":""d1b461ac-cd65-73c2-c983-5d7c526adb84"",""yes_price_dollars"":""0.5700""}"
KXETH15M-26APR271830-30,446f9e84-b3bd-5cde-b88e-840be0eb09cc,1777328539,0.57,5.1,yes,"{""count_fp"":""5.10"",""created_time"":""2026-04-27T22:22:19.963696Z"",""no_price_dollars"":""0.4300"",""taker_side"":""yes"",""ticker"":""KXETH15M-26APR271830-30"",""trade_id"":""446f9e84-b3bd-5cde-b88e-840be0eb09cc"",""yes_price_dollars"":""0.5700""}"
KXETH15M-26APR271830-30,6abb714d-b471-7515-6b43-3faa0e09537d,1777328539,0.55,0.06,no,"{""count_fp"":""0.06"",""created_time"":""2026-04-27T22:22:19.857618Z"",""no_price_dollars"":""0.4500"",""taker_side"":""no"",""ticker"":""KXETH15M-26APR271830-30"",""trade_id"":""6abb714d-b471-7515-6b43-3faa0e09537d"",""yes_price_dollars"":""0.5500""}"
KXETH15M-26APR271830-30,22003b2c-5f04-6c85-1c29-408e40f3567f,1777328540,0.55,25.0,no,"{""count_fp"":""25.00"",""created_time"":""2026-04-27T22:22:20.047321Z"",""no_price_dollars"":""0.4500"",""taker_side"":""no"",""ticker"":""KXETH15M-26APR271830-30"",""trade_id"":""22003b2c-5f04-6c85-1c29-408e40f3567f"",""yes_price_dollars"":""0.5500""}"
KXETH15M-26APR271830-30,fef71251-c625-7092-f5ca-c9f2d4125bb0,1777328543,0.56,3.0,yes,"{""count_fp"":""3.00"",""created_time"":""2026-04-27T22:22:23.529537Z"",""no_price_dollars"":""0.4400"",""taker_side"":""yes"",""ticker"":""KXETH15M-26APR271830-30"",""trade_id"":""fef71251-c625-7092-f5ca-c9f2d4125bb0"",""yes_price_dollars"":""0.5600""}"
KXETH15M-26APR271830-30,ca0ab12b-2a09-792a-dc14-7f05b08325d0,1777328543,0.56,17.32,yes,"{""count_fp"":""17.32"",""created_time"":""2026-04-27T22:22:23.085733Z"",""no_price_dollars"":""0.4400"",""taker_side"":""yes"",""ticker"":""KXETH15M-26APR271830-30"",""trade_id"":""ca0ab12b-2a09-792a-dc14-7f05b08325d0"",""yes_price_dollars"":""0.5600""}"
KXETH15M-26APR271830-30,6aeb4f4d-985d-6606-8397-a89b558a125c,1777328549,0.56,0.17,yes,"{""count_fp"":""0.17"",""created_time"":""2026-04-27T22:22:29.102463Z"",""no_price_dollars"":""0.4400"",""taker_side"":""yes"",""ticker"":""KXETH15M-26APR271830-30"",""trade_id"":""6aeb4f4d-985d-6606-8397-a89b558a125c"",""yes_price_dollars"":""0.5600""}"
KXETH15M-26APR271830-30,162a5874-d4d5-42a2-bfec-4b7eb38c8064,1777328551,0.56,10.69,yes,"{""count_fp"":""10.69"",""created_time"":""2026-04-27T22:22:31.510134Z"",""no_price_dollars"":""0.4400"",""taker_side"":""yes"",""ticker"":""KXETH15M-26APR271830-30"",""trade_id"":""162a5874-d4d5-42a2-bfec-4b7eb38c8064"",""yes_price_dollars"":""0.5600""}"
KXETH15M-26APR271830-30,750511e3-e36d-48e2-d172-2cf827dae94c,1777328554,0.56,1.0,yes,"{""count_fp"":""1.00"",""created_time"":""2026-04-27T22:22:34.810213Z"",""no_price_dollars"":""0.4400"",""taker_side"":""yes"",""ticker"":""KXETH15M-26APR271830-30"",""trade_id"":""750511e3-e36d-48e2-d172-2cf827dae94c"",""yes_price_dollars"":""0.5600""}"
KXETH15M-26APR271830-30,b6c998d2-3d99-6aae-da50-b90681b55120,1777328560,0.56,81.42,yes,"{""count_fp"":""81.42"",""created_time"":""2026-04-27T22:22:40.326092Z"",""no_price_dollars"":""0.4400"",""taker_side"":""yes"",""ticker"":""KXETH15M-26APR271830-30"",""trade_id"":""b6c998d2-3d99-6aae-da50-b90681b55120"",""yes_price_dollars"":""0.5600""}"
KXETH15M-26APR271830-30,e9cb1ddb-7eb9-6c1a-4559-2adabf698a94,1777328570,0.56,5.84,yes,"{""count_fp"":""5.84"",""created_time"":""2026-04-27T22:22:50.412923Z"",""no_price_dollars"":""0.4400"",""taker_side"":""yes"",""ticker"":""KXETH15M-26APR271830-30"",""trade_id"":""e9cb1ddb-7eb9-6c1a-4559-2adabf698a94"",""yes_price_dollars"":""0.5600""}"
KXETH15M-26APR271830-30,5f157f95-bd56-461c-4a57-1c05e6066ef1,1777328578,0.39,1.0,no,"{""count_fp"":""1.00"",""created_time"":""2026-04-27T22:22:58.735474Z"",""no_price_dollars"":""0.6100"",""taker_side"":""no"",""ticker"":""KXETH15M-26APR271830-30"",""trade_id"":""5f157f95-bd56-461c-4a57-1c05e6066ef1"",""yes_price_dollars"":""0.3900""}"
KXETH15M-26APR271830-30,46ebd16d-464f-453f-8a76-af9cbad5b046,1777328578,0.43,50.0,yes,"{""count_fp"":""50.00"",""created_time"":""2026-04-27T22:22:58.643564Z"",""no_price_dollars"":""0.5700"",""taker_side"":""yes"",""ticker"":""KXETH15M-26APR271830-30"",""trade_id"":""46ebd16d-464f-453f-8a76-af9cbad5b046"",""yes_price_dollars"":""0.4300""}"
KXETH15M-26APR271830-30,b65b1a4c-70ce-6a10-ef21-6448e75b5342,1777328578,0.41,41.0,no,"{""count_fp"":""41.00"",""created_time"":""2026-04-27T22:22:58.484891Z"",""no_price_dollars"":""0.5900"",""taker_side"":""no"",""ticker"":""KXETH15M-26APR271830-30"",""trade_id"":""b65b1a4c-70ce-6a10-ef21-6448e75b5342"",""yes_price_dollars"":""0.4100""}"
KXETH15M-26APR271830-30,316143e6-4d32-6021-e685-0a26b3088e34,1777328578,0.42,5.0,no,"{""count_fp"":""5.00"",""created_time"":""2026-04-27T22:22:58.484891Z"",""no_price_dollars"":""0.5800"",""taker_side"":""no"",""ticker"":""KXETH15M-26APR271830-30"",""trade_id"":""316143e6-4d32-6021-e685-0a26b3088e34"",""yes_price_dollars"":""0.4200""}"
KXETH15M-26APR271830-30,f69f658a-b41b-48af-8daa-7cb0cef54bd2,1777328578,0.43,14.0,no,"{""count_fp"":""14.00"",""created_time"":""2026-04-27T22:22:58.440801Z"",""no_price_dollars"":""0.5700"",""taker_side"":""no"",""ticker"":""KXETH15M-26APR271830-30"",""trade_id"":""f69f658a-b41b-48af-8daa-7cb0cef54bd2"",""yes_price_dollars"":""0.4300""}"
KXETH15M-26APR271830-30,d56ee506-69e4-4ccb-b43e-818f4e1d5d0c,1777328578,0.43,40.0,no,"{""count_fp"":""40.00"",""created_time"":""2026-04-27T22:22:58.440801Z"",""no_price_dollars"":""0.5700"",""taker_side"":""no"",""ticker"":""KXETH15M-26APR271830-30"",""trade_id"":""d56ee506-69e4-4ccb-b43e-818f4e1d5d0c"",""yes_price_dollars"":""0.4300""}"
KXETH15M-26APR271830-30,2233d990-29a9-4602-9458-c9d8080f0eb2,1777328578,0.43,1.0,no,"{""count_fp"":""1.00"",""created_time"":""2026-04-27T22:22:58.440801Z"",""no_price_dollars"":""0.5700"",""taker_side"":""no"",""ticker"":""KXETH15M-26APR271830-30"",""trade_id"":""2233d990-29a9-4602-9458-c9d8080f0eb2"",""yes_price_dollars"":""0.4300""}"
KXETH15M-26APR271830-30,24dc657c-46bc-51e7-92d7-16cba6750150,1777328578,0.43,15.0,no,"{""count_fp"":""15.00"",""created_time"":""2026-04-27T22:22:58.435454Z"",""no_price_dollars"":""0.5700"",""taker_side"":""no"",""ticker"":""KXETH15M-26APR271830-30"",""trade_id"":""24dc657c-46bc-51e7-92d7-16cba6750150"",""yes_price_dollars"":""0.4300""}"
KXETH15M-26APR271830-30,157c93f0-15a6-52f1-a499-8f7aa6c7f073,1777328578,0.44,40.0,no,"{""count_fp"":""40.00"",""created_time"":""2026-04-27T22:22:58.435454Z"",""no_price_dollars"":""0.5600"",""taker_side"":""no"",""ticker"":""KXETH15M-26APR271830-30"",""trade_id"":""157c93f0-15a6-52f1-a499-8f7aa6c7f073"",""yes_price_dollars"":""0.4400""}"
KXETH15M-26APR271830-30,55d53f0e-45ae-4071-53aa-bf43ca0be498,1777328578,0.45,5.0,no,"{""count_fp"":""5.00"",""created_time"":""2026-04-27T22:22:58.424233Z"",""no_price_dollars"":""0.5500"",""taker_side"":""no"",""ticker"":""KXETH15M-26APR271830-30"",""trade_id"":""55d53f0e-45ae-4071-53aa-bf43ca0be498"",""yes_price_dollars"":""0.4500""}"
KXETH15M-26APR271830-30,f4f41f0e-6f06-67ea-ba3c-f329b9587490,1777328578,0.45,5.0,no,"{""count_fp"":""5.00"",""created_time"":""2026-04-27T22:22:58.373466Z"",""no_price_dollars"":""0.5500"",""taker_side"":""no"",""ticker"":""KXETH15M-26APR271830-30"",""trade_id"":""f4f41f0e-6f06-67ea-ba3c-f329b9587490"",""yes_price_dollars"":""0.4500""}"
KXETH15M-26APR271830-30,c5068f12-a59b-67b9-96bf-8905014137e8,1777328578,0.46,20.0,no,"{""count_fp"":""20.00"",""created_time"":""2026-04-27T22:22:58.373466Z"",""no_price_dollars"":""0.5400"",""taker_side"":""no"",""ticker"":""KXETH15M-26APR271830-30"",""trade_id"":""c5068f12-a59b-67b9-96bf-8905014137e8"",""yes_price_dollars"":""0.4600""}"
KXETH15M-26APR271830-30,3362762e-05c1-631a-a59d-1f1fb12957e8,1777328578,0.48,5.0,no,"{""count_fp"":""5.00"",""created_time"":""2026-04-27T22:22:58.373466Z"",""no_price_dollars"":""0.5200"",""taker_side"":""no"",""ticker"":""KXETH15M-26APR271830-30"",""trade_id"":""3362762e-05c1-631a-a59d-1f1fb12957e8"",""yes_price_dollars"":""0.4800""}"
KXETH15M-26APR271830-30,8b15e56e-8335-4376-d0cf-7b9b84bfda30,1777328578,0.5,10.0,yes,"{""count_fp"":""10.00"",""created_time"":""2026-04-27T22:22:58.344834Z"",""no_price_dollars"":""0.5000"",""taker_side"":""yes"",""ticker"":""KXETH15M-26APR271830-30"",""trade_id"":""8b15e56e-8335-4376-d0cf-7b9b84bfda30"",""yes_price_dollars"":""0.5000""}"
KXETH15M-26APR271830-30,9d28e51f-02cf-4055-110e-580133224220,1777328578,0.46,15.0,no,"{""count_fp"":""15.00"",""created_time"":""2026-04-27T22:22:58.333705Z"",""no_price_dollars"":""0.5400"",""taker_side"":""no"",""ticker"":""KXETH15M-26APR271830-30"",""trade_id"":""9d28e51f-02cf-4055-110e-580133224220"",""yes_price_dollars"":""0.4600""}"
KXETH15M-26APR271830-30,0ba6dd37-bcd7-42ed-a3aa-a8a6b6d560c8,1777328578,0.46,15.0,no,"{""count_fp"":""15.00"",""created_time"":""2026-04-27T22:22:58.333212Z"",""no_price_dollars"":""0.5400"",""taker_side"":""no"",""ticker"":""KXETH15M-26APR271830-30"",""trade_id"":""0ba6dd37-bcd7-42ed-a3aa-a8a6b6d560c8"",""yes_price_dollars"":""0.4600""}"
KXETH15M-26APR271830-30,c499cf3c-fc0a-6cd8-c558-3c8dc5abb169,1777328578,0.48,1.0,no,"{""count_fp"":""1.00"",""created_time"":""2026-04-27T22:22:58.317874Z"",""no_price_dollars"":""0.5200"",""taker_side"":""no"",""ticker"":""KXETH15M-26APR271830-30"",""trade_id"":""c499cf3c-fc0a-6cd8-c558-3c8dc5abb169"",""yes_price_dollars"":""0.4800""}"
KXETH15M-26APR271830-30,9145bfa5-f163-69c7-db64-eb6e87a41046,1777328578,0.48,5.0,no,"{""count_fp"":""5.00"",""created_time"":""2026-04-27T22:22:58.317874Z"",""no_price_dollars"":""0.5200"",""taker_side"":""no"",""ticker"":""KXETH15M-26APR271830-30"",""trade_id"":""9145bfa5-f163-69c7-db64-eb6e87a41046"",""yes_price_dollars"":""0.4800""}"
KXETH15M-26APR271830-30,9fd453ea-e51f-6df1-ac09-278f96e4d058,1777328578,0.49,10.0,no,"{""count_fp"":""10.00"",""created_time"":""2026-04-27T22:22:58.316535Z"",""no_price_dollars"":""0.5100"",""taker_side"":""no"",""ticker"":""KXETH15M-26APR271830-30"",""trade_id"":""9fd453ea-e51f-6df1-ac09-278f96e4d058"",""yes_price_dollars"":""0.4900""}"
KXETH15M-26APR271830-30,e52aa626-c770-45cf-4da8-41bd7854ed69,1777328578,0.51,1.0,no,"{""count_fp"":""1.00"",""created_time"":""2026-04-27T22:22:58.266642Z"",""no_price_dollars"":""0.4900"",""taker_side"":""no"",""ticker"":""KXETH15M-26APR271830-30"",""trade_id"":""e52aa626-c770-45cf-4da8-41bd7854ed69"",""yes_price_dollars"":""0.5100""}"
KXETH15M-26APR271830-30,2520e3a8-03fc-4e86-690f-f83fab5bc0b2,1777328578,0.51,5.0,no,"{""count_fp"":""5.00"",""created_time"":""2026-04-27T22:22:58.266642Z"",""no_price_dollars"":""0.4900"",""taker_side"":""no"",""ticker"":""KXETH15M-26APR271830-30"",""trade_id"":""2520e3a8-03fc-4e86-690f-f83fab5bc0b2"",""yes_price_dollars"":""0.5100""}"
KXETH15M-26APR271830-30,d5fc06d7-ba27-73b3-4bde-baa4b94676e9,1777328578,0.52,22.0,no,"{""count_fp"":""22.00"",""created_time"":""2026-04-27T22:22:58.237344Z"",""no_price_dollars"":""0.4800"",""taker_side"":""no"",""ticker"":""KXETH15M-26APR271830-30"",""trade_id"":""d5fc06d7-ba27-73b3-4bde-baa4b94676e9"",""yes_price_dollars"":""0.5200""}"
KXETH15M-26APR271830-30,365c19d8-6ba2-7bfe-6c8e-716b142749c7,1777328578,0.53,10.0,no,"{""count_fp"":""10.00"",""created_time"":""2026-04-27T22:22:58.237344Z"",""no_price_dollars"":""0.4700"",""taker_side"":""no"",""ticker"":""KXETH15M-26APR271830-30"",""trade_id"":""365c19d8-6ba2-7bfe-6c8e-716b142749c7"",""yes_price_dollars"":""0.5300""}"
KXETH15M-26APR271830-30,09fcfc89-4634-49dd-8fdd-fb535bc43dbf,1777328578,0.54,24.0,no,"{""count_fp"":""24.00"",""created_time"":""2026-04-27T22:22:58.231054Z"",""no_price_dollars"":""0.4600"",""taker_side"":""no"",""ticker"":""KXETH15M-26APR271830-30"",""trade_id"":""09fcfc89-4634-49dd-8fdd-fb535bc43dbf"",""yes_price_dollars"":""0.5400""}"
KXETH15M-26APR271830-30,bd8607ec-bb2c-7741-1388-a2690ff2dde2,1777328579,0.39,1.0,no,"{""count_fp"":""1.00"",""created_time"":""2026-04-27T22:22:59.178382Z"",""no_price_dollars"":""0.6100"",""taker_side"":""no"",""ticker"":""KXETH15M-26APR271830-30"",""trade_id"":""bd8607ec-bb2c-7741-1388-a2690ff2dde2"",""yes_price_dollars"":""0.3900""}"
KXETH15M-26APR271830-30,6ba39093-88c1-740e-19e5-a35e1759028c,1777328579,0.4,11.0,yes,"{""count_fp"":""11.00"",""created_time"":""2026-04-27T22:22:59.016893Z"",""no_price_dollars"":""0.6000"",""taker_side"":""yes"",""ticker"":""KXETH15M-26APR271830-30"",""trade_id"":""6ba39093-88c1-740e-19e5-a35e1759028c"",""yes_price_dollars"":""0.4000""}"
KXETH15M-26APR271830-30,ddf33952-e751-6bde-4598-1465fc58f674,1777328580,0.4,94.78,yes,"{""count_fp"":""94.78"",""created_time"":""2026-04-27T22:23:00.587739Z"",""no_price_dollars"":""0.6000"",""taker_side"":""yes"",""ticker"":""KXETH15M-26APR271830-30"",""trade_id"":""ddf33952-e751-6bde-4598-1465fc58f674"",""yes_price_dollars"":""0.4000""}"
KXETH15M-26APR271830-30,0968b1c3-1789-660a-9eee-5d6606363648,1777328580,0.4,5.75,yes,"{""count_fp"":""5.75"",""created_time"":""2026-04-27T22:23:00.226041Z"",""no_price_dollars"":""0.6000"",""taker_side"":""yes"",""ticker"":""KXETH15M-26APR271830-30"",""trade_id"":""0968b1c3-1789-660a-9eee-5d6606363648"",""yes_price_dollars"":""0.4000""}"
KXETH15M-26APR271830-30,73bc4115-bc01-5432-141a-c7e7e572ec54,1777328580,0.4,0.21,yes,"{""count_fp"":""0.21"",""created_time"":""2026-04-27T22:23:00.113035Z"",""no_price_dollars"":""0.6000"",""taker_side"":""yes"",""ticker"":""KXETH15M-26APR271830-30"",""trade_id"":""73bc4115-bc01-5432-141a-c7e7e572ec54"",""yes_price_dollars"":""0.4000""}"
KXETH15M-26APR271830-30,356e01b7-8fad-6772-5323-d593acffbe84,1777328580,0.4,127.0,yes,"{""count_fp"":""127.00"",""created_time"":""2026-04-27T22:23:00.093927Z"",""no_price_dollars"":""0.6000"",""taker_side"":""yes"",""ticker"":""KXETH15M-26APR271830-30"",""trade_id"":""356e01b7-8fad-6772-5323-d593acffbe84"",""yes_price_dollars"":""0.4000""}"
KXETH15M-26APR271830-30,1b7a902c-705d-5852-5f16-e1d9820c9b2c,1777328580,0.4,39.79,yes,"{""count_fp"":""39.79"",""created_time"":""2026-04-27T22:23:00.083878Z"",""no_price_dollars"":""0.6000"",""taker_side"":""yes"",""ticker"":""KXETH15M-26APR271830-30"",""trade_id"":""1b7a902c-705d-5852-5f16-e1d9820c9b2c"",""yes_price_dollars"":""0.4000""}"
KXETH15M-26APR271830-30,27b763a8-51cd-61f2-8b6c-d6689b5a2c00,1777328581,0.38,1.0,yes,"{""count_fp"":""1.00"",""created_time"":""2026-04-27T22:23:01.811563Z"",""no_price_dollars"":""0.6200"",""taker_side"":""yes"",""ticker"":""KXETH15M-26APR271830-30"",""trade_id"":""27b763a8-51cd-61f2-8b6c-d6689b5a2c00"",""yes_price_dollars"":""0.3800""}"
KXETH15M-26APR271830-30,845346ca-1b14-581c-8422-d2bffc58cbdd,1777328581,0.39,5.0,no,"{""count_fp"":""5.00"",""created_time"":""2026-04-27T22:23:01.130759Z"",""no_price_dollars"":""0.6100"",""taker_side"":""no"",""ticker"":""KXETH15M-26APR271830-30"",""trade_id"":""845346ca-1b14-581c-8422-d2bffc58cbdd"",""yes_price_dollars"":""0.3900""}"
KXETH15M-26APR271830-30,7ce0e616-7ad4-5b51-85c2-4b09eabf9b68,1777328581,0.38,1.0,no,"{""count_fp"":""1.00"",""created_time"":""2026-04-27T22:23:01.130759Z"",""no_price_dollars"":""0.6200"",""taker_side"":""no"",""ticker"":""KXETH15M-26APR271830-30"",""trade_id"":""7ce0e616-7ad4-5b51-85c2-4b09eabf9b68"",""yes_price_dollars"":""0.3800""}"
KXETH15M-26APR271830-30,ce015eee-b6d1-718e-a57b-5d2001d7da84,1777328582,0.38,5.02,yes,"{""count_fp"":""5.02"",""created_time"":""2026-04-27T22:23:02.600494Z"",""no_price_dollars"":""0.6200"",""taker_side"":""yes"",""ticker"":""KXETH15M-26APR271830-30"",""trade_id"":""ce015eee-b6d1-718e-a57b-5d2001d7da84"",""yes_price_dollars"":""0.3800""}"
KXETH15M-26APR271830-30,62d311af-5fe1-6b26-2daa-fae679a12224,1777328582,0.38,50.0,yes,"{""count_fp"":""50.00"",""created_time"":""2026-04-27T22:23:02.513044Z"",""no_price_dollars"":""0.6200"",""taker_side"":""yes"",""ticker"":""KXETH15M-26APR271830-30"",""trade_id"":""62d311af-5fe1-6b26-2daa-fae679a12224"",""yes_price_dollars"":""0.3800""}"
KXETH15M-26APR271830-30,81e43a67-4c65-4802-334a-a24a31ad6c84,1777328583,0.38,7.0,yes,"{""count_fp"":""7.00"",""created_time"":""2026-04-27T22:23:03.804053Z"",""no_price_dollars"":""0.6200"",""taker_side"":""yes"",""ticker"":""KXETH15M-26APR271830-30"",""trade_id"":""81e43a67-4c65-4802-334a-a24a31ad6c84"",""yes_price_dollars"":""0.3800""}"
