ticker,trade_id,ts,yes_price,count,taker_side,raw_json
KXETH15M-26APR272315-15,b14328bd-7781-63f6-52de-54b1dab8ffd9,1777345214,0.43,10.0,no,"{""count_fp"":""10.00"",""created_time"":""2026-04-28T03:00:14.956506Z"",""no_price_dollars"":""0.5700"",""taker_side"":""no"",""ticker"":""KXETH15M-26APR272315-15"",""trade_id"":""b14328bd-7781-63f6-52de-54b1dab8ffd9"",""yes_price_dollars"":""0.4300""}"
KXETH15M-26APR272315-15,8e38d8b1-02cb-6b01-41f8-b1d87c7f3c09,1777345214,0.42,31.19,no,"{""count_fp"":""31.19"",""created_time"":""2026-04-28T03:00:14.956506Z"",""no_price_dollars"":""0.5800"",""taker_side"":""no"",""ticker"":""KXETH15M-26APR272315-15"",""trade_id"":""8e38d8b1-02cb-6b01-41f8-b1d87c7f3c09"",""yes_price_dollars"":""0.4200""}"
KXETH15M-26APR272315-15,eb38165e-645f-5ce9-8da1-e5d3e2718c45,1777345216,0.42,5.0,no,"{""count_fp"":""5.00"",""created_time"":""2026-04-28T03:00:16.088945Z"",""no_price_dollars"":""0.5800"",""taker_side"":""no"",""ticker"":""KXETH15M-26APR272315-15"",""trade_id"":""eb38165e-645f-5ce9-8da1-e5d3e2718c45"",""yes_price_dollars"":""0.4200""}"
KXETH15M-26APR272315-15,db46d7af-30f1-67a9-8a69-7055e784799f,1777345217,0.43,50.0,no,"{""count_fp"":""50.00"",""created_time"":""2026-04-28T03:00:17.556467Z"",""no_price_dollars"":""0.5700"",""taker_side"":""no"",""ticker"":""KXETH15M-26APR272315-15"",""trade_id"":""db46d7af-30f1-67a9-8a69-7055e784799f"",""yes_price_dollars"":""0.4300""}"
KXETH15M-26APR272315-15,cddd37fa-bc63-65e9-8352-9f08b6000b0e,1777345217,0.43,124.19,no,"{""count_fp"":""124.19"",""created_time"":""2026-04-28T03:00:17.556467Z"",""no_price_dollars"":""0.5700"",""taker_side"":""no"",""ticker"":""KXETH15M-26APR272315-15"",""trade_id"":""cddd37fa-bc63-65e9-8352-9f08b6000b0e"",""yes_price_dollars"":""0.4300""}"
KXETH15M-26APR272315-15,30c94260-42cb-6d55-ad01-c906e1dee739,1777345217,0.43,1.81,no,"{""count_fp"":""1.81"",""created_time"":""2026-04-28T03:00:17.556467Z"",""no_price_dollars"":""0.5700"",""taker_side"":""no"",""ticker"":""KXETH15M-26APR272315-15"",""trade_id"":""30c94260-42cb-6d55-ad01-c906e1dee739"",""yes_price_dollars"":""0.4300""}"
KXETH15M-26APR272315-15,200905c2-a191-6908-8a86-3796b6a6e824,1777345217,0.43,10.0,no,"{""count_fp"":""10.00"",""created_time"":""2026-04-28T03:00:17.556467Z"",""no_price_dollars"":""0.5700"",""taker_side"":""no"",""ticker"":""KXETH15M-26APR272315-15"",""trade_id"":""200905c2-a191-6908-8a86-3796b6a6e824"",""yes_price_dollars"":""0.4300""}"
KXETH15M-26APR272315-15,070e2d36-031b-693d-a29d-d2ed477b81bd,1777345217,0.42,22.0,no,"{""count_fp"":""22.00"",""created_time"":""2026-04-28T03:00:17.216257Z"",""no_price_dollars"":""0.5800"",""taker_side"":""no"",""ticker"":""KXETH15M-26APR272315-15"",""trade_id"":""070e2d36-031b-693d-a29d-d2ed477b81bd"",""yes_price_dollars"":""0.4200""}"
KXETH15M-26APR272315-15,2ce99ab7-a233-49c5-ef59-d6c9dba0449a,1777345218,0.47,0.2,yes,"{""count_fp"":""0.20"",""created_time"":""2026-04-28T03:00:18.861699Z"",""no_price_dollars"":""0.5300"",""taker_side"":""yes"",""ticker"":""KXETH15M-26APR272315-15"",""trade_id"":""2ce99ab7-a233-49c5-ef59-d6c9dba0449a"",""yes_price_dollars"":""0.4700""}"
KXETH15M-26APR272315-15,69d8dbdd-b7b3-4b19-5fdb-8c486c3237ce,1777345218,0.47,1.0,yes,"{""count_fp"":""1.00"",""created_time"":""2026-04-28T03:00:18.138314Z"",""no_price_dollars"":""0.5300"",""taker_side"":""yes"",""ticker"":""KXETH15M-26APR272315-15"",""trade_id"":""69d8dbdd-b7b3-4b19-5fdb-8c486c3237ce"",""yes_price_dollars"":""0.4700""}"
KXETH15M-26APR272315-15,a58aed01-b7cf-695d-1e7e-690e84b3ba8a,1777345220,0.47,1.0,yes,"{""count_fp"":""1.00"",""created_time"":""2026-04-28T03:00:20.770325Z"",""no_price_dollars"":""0.5300"",""taker_side"":""yes"",""ticker"":""KXETH15M-26APR272315-15"",""trade_id"":""a58aed01-b7cf-695d-1e7e-690e84b3ba8a"",""yes_price_dollars"":""0.4700""}"
KXETH15M-26APR272315-15,f202a642-0d03-7509-a6ff-057dc5d89575,1777345231,0.45,825.0,yes,"{""count_fp"":""825.00"",""created_time"":""2026-04-28T03:00:31.458329Z"",""no_price_dollars"":""0.5500"",""taker_side"":""yes"",""ticker"":""KXETH15M-26APR272315-15"",""trade_id"":""f202a642-0d03-7509-a6ff-057dc5d89575"",""yes_price_dollars"":""0.4500""}"
KXETH15M-26APR272315-15,efea051e-f66b-7b2d-9167-555783a896d3,1777345231,0.47,66.76,yes,"{""count_fp"":""66.76"",""created_time"":""2026-04-28T03:00:31.458329Z"",""no_price_dollars"":""0.5300"",""taker_side"":""yes"",""ticker"":""KXETH15M-26APR272315-15"",""trade_id"":""efea051e-f66b-7b2d-9167-555783a896d3"",""yes_price_dollars"":""0.4700""}"
KXETH15M-26APR272315-15,a68f7550-7f2f-7e59-beef-66a41fb9f55a,1777345231,0.47,37.8,yes,"{""count_fp"":""37.80"",""created_time"":""2026-04-28T03:00:31.458329Z"",""no_price_dollars"":""0.5300"",""taker_side"":""yes"",""ticker"":""KXETH15M-26APR272315-15"",""trade_id"":""a68f7550-7f2f-7e59-beef-66a41fb9f55a"",""yes_price_dollars"":""0.4700""}"
KXETH15M-26APR272315-15,7bb6cc84-c8e0-7c61-945f-0fc7c3a43d97,1777345231,0.46,100.0,yes,"{""count_fp"":""100.00"",""created_time"":""2026-04-28T03:00:31.458329Z"",""no_price_dollars"":""0.5400"",""taker_side"":""yes"",""ticker"":""KXETH15M-26APR272315-15"",""trade_id"":""7bb6cc84-c8e0-7c61-945f-0fc7c3a43d97"",""yes_price_dollars"":""0.4600""}"
KXETH15M-26APR272315-15,70565d37-2ad1-74a9-88d2-55551b5dbf3f,1777345231,0.45,10.0,yes,"{""count_fp"":""10.00"",""created_time"":""2026-04-28T03:00:31.458329Z"",""no_price_dollars"":""0.5500"",""taker_side"":""yes"",""ticker"":""KXETH15M-26APR272315-15"",""trade_id"":""70565d37-2ad1-74a9-88d2-55551b5dbf3f"",""yes_price_dollars"":""0.4500""}"
KXETH15M-26APR272315-15,3da90479-e09d-734e-8c35-7dd999a5a0a2,1777345231,0.45,2.0,yes,"{""count_fp"":""2.00"",""created_time"":""2026-04-28T03:00:31.458329Z"",""no_price_dollars"":""0.5500"",""taker_side"":""yes"",""ticker"":""KXETH15M-26APR272315-15"",""trade_id"":""3da90479-e09d-734e-8c35-7dd999a5a0a2"",""yes_price_dollars"":""0.4500""}"
KXETH15M-26APR272315-15,6b655664-1a15-64da-0565-2f36179cf38b,1777345235,0.44,1.0,no,"{""count_fp"":""1.00"",""created_time"":""2026-04-28T03:00:35.921849Z"",""no_price_dollars"":""0.5600"",""taker_side"":""no"",""ticker"":""KXETH15M-26APR272315-15"",""trade_id"":""6b655664-1a15-64da-0565-2f36179cf38b"",""yes_price_dollars"":""0.4400""}"
KXETH15M-26APR272315-15,6b89226b-d306-6f2c-dd3c-14300adba177,1777345239,0.46,0.35,no,"{""count_fp"":""0.35"",""created_time"":""2026-04-28T03:00:39.333634Z"",""no_price_dollars"":""0.5400"",""taker_side"":""no"",""ticker"":""KXETH15M-26APR272315-15"",""trade_id"":""6b89226b-d306-6f2c-dd3c-14300adba177"",""yes_price_dollars"":""0.4600""}"
KXETH15M-26APR272315-15,f3faa3d2-a77b-7589-a0bb-0768ece54d2a,1777345242,0.46,1.35,no,"{""count_fp"":""1.35"",""created_time"":""2026-04-28T03:00:42.501058Z"",""no_price_dollars"":""0.5400"",""taker_side"":""no"",""ticker"":""KXETH15M-26APR272315-15"",""trade_id"":""f3faa3d2-a77b-7589-a0bb-0768ece54d2a"",""yes_price_dollars"":""0.4600""}"
KXETH15M-26APR272315-15,8fb6caab-dbba-7bc4-82f3-57671b7e8b8f,1777345242,0.46,0.65,no,"{""count_fp"":""0.65"",""created_time"":""2026-04-28T03:00:42.501058Z"",""no_price_dollars"":""0.5400"",""taker_side"":""no"",""ticker"":""KXETH15M-26APR272315-15"",""trade_id"":""8fb6caab-dbba-7bc4-82f3-57671b7e8b8f"",""yes_price_dollars"":""0.4600""}"
KXETH15M-26APR272315-15,391e351a-1b07-4f49-7420-25d7dfa252de,1777345243,0.46,26.91,no,"{""count_fp"":""26.91"",""created_time"":""2026-04-28T03:00:43.567479Z"",""no_price_dollars"":""0.5400"",""taker_side"":""no"",""ticker"":""KXETH15M-26APR272315-15"",""trade_id"":""391e351a-1b07-4f49-7420-25d7dfa252de"",""yes_price_dollars"":""0.4600""}"
KXETH15M-26APR272315-15,9ca7b3b8-25b6-507b-97af-baa30c7f677a,1777345246,0.5,10.0,yes,"{""count_fp"":""10.00"",""created_time"":""2026-04-28T03:00:46.032234Z"",""no_price_dollars"":""0.5000"",""taker_side"":""yes"",""ticker"":""KXETH15M-26APR272315-15"",""trade_id"":""9ca7b3b8-25b6-507b-97af-baa30c7f677a"",""yes_price_dollars"":""0.5000""}"
KXETH15M-26APR272315-15,63c84fd3-3d55-5118-8e0f-356ce9a65bff,1777345246,0.51,84.78,yes,"{""count_fp"":""84.78"",""created_time"":""2026-04-28T03:00:46.032234Z"",""no_price_dollars"":""0.4900"",""taker_side"":""yes"",""ticker"":""KXETH15M-26APR272315-15"",""trade_id"":""63c84fd3-3d55-5118-8e0f-356ce9a65bff"",""yes_price_dollars"":""0.5100""}"
KXETH15M-26APR272315-15,137e334b-10c1-5d1c-a4b7-9d8f735fb68b,1777345247,0.51,11.37,yes,"{""count_fp"":""11.37"",""created_time"":""2026-04-28T03:00:47.339971Z"",""no_price_dollars"":""0.4900"",""taker_side"":""yes"",""ticker"":""KXETH15M-26APR272315-15"",""trade_id"":""137e334b-10c1-5d1c-a4b7-9d8f735fb68b"",""yes_price_dollars"":""0.5100""}"
KXETH15M-26APR272315-15,efe5dfa5-bc3b-44c1-ee7c-39fc77d2d9aa,1777345250,0.46,0.25,no,"{""count_fp"":""0.25"",""created_time"":""2026-04-28T03:00:50.384259Z"",""no_price_dollars"":""0.5400"",""taker_side"":""no"",""ticker"":""KXETH15M-26APR272315-15"",""trade_id"":""efe5dfa5-bc3b-44c1-ee7c-39fc77d2d9aa"",""yes_price_dollars"":""0.4600""}"
KXETH15M-26APR272315-15,2eddf595-07c9-54d4-02ba-8eb622031ec7,1777345252,0.51,1.89,yes,"{""count_fp"":""1.89"",""created_time"":""2026-04-28T03:00:52.986247Z"",""no_price_dollars"":""0.4900"",""taker_side"":""yes"",""ticker"":""KXETH15M-26APR272315-15"",""trade_id"":""2eddf595-07c9-54d4-02ba-8eb622031ec7"",""yes_price_dollars"":""0.5100""}"
KXETH15M-26APR272315-15,f69da16c-e9f7-5335-3b10-de400cebd0d6,1777345254,0.46,1.0,no,"{""count_fp"":""1.00"",""created_time"":""2026-04-28T03:00:54.700814Z"",""no_price_dollars"":""0.5400"",""taker_side"":""no"",""ticker"":""KXETH15M-26APR272315-15"",""trade_id"":""f69da16c-e9f7-5335-3b10-de400cebd0d6"",""yes_price_dollars"":""0.4600""}"
KXETH15M-26APR272315-15,c1bc7ba2-d74f-6289-2918-b8c5df8b77e0,1777345261,0.48,56.76,no,"{""count_fp"":""56.76"",""created_time"":""2026-04-28T03:01:01.698576Z"",""no_price_dollars"":""0.5200"",""taker_side"":""no"",""ticker"":""KXETH15M-26APR272315-15"",""trade_id"":""c1bc7ba2-d74f-6289-2918-b8c5df8b77e0"",""yes_price_dollars"":""0.4800""}"
KXETH15M-26APR272315-15,9bcba7e8-84ad-6980-28a7-5bfbfb09ccf1,1777345261,0.48,10.0,no,"{""count_fp"":""10.00"",""created_time"":""2026-04-28T03:01:01.698576Z"",""no_price_dollars"":""0.5200"",""taker_side"":""no"",""ticker"":""KXETH15M-26APR272315-15"",""trade_id"":""9bcba7e8-84ad-6980-28a7-5bfbfb09ccf1"",""yes_price_dollars"":""0.4800""}"
KXETH15M-26APR272315-15,19904105-a52f-671d-2185-df4d28875762,1777345261,0.48,106.81,no,"{""count_fp"":""106.81"",""created_time"":""2026-04-28T03:01:01.698576Z"",""no_price_dollars"":""0.5200"",""taker_side"":""no"",""ticker"":""KXETH15M-26APR272315-15"",""trade_id"":""19904105-a52f-671d-2185-df4d28875762"",""yes_price_dollars"":""0.4800""}"
KXETH15M-26APR272315-15,f1310203-1211-44d2-4b3a-bf7771b4789b,1777345262,0.52,0.19,yes,"{""count_fp"":""0.19"",""created_time"":""2026-04-28T03:01:02.673339Z"",""no_price_dollars"":""0.4800"",""taker_side"":""yes"",""ticker"":""KXETH15M-26APR272315-15"",""trade_id"":""f1310203-1211-44d2-4b3a-bf7771b4789b"",""yes_price_dollars"":""0.5200""}"
KXETH15M-26APR272315-15,61658566-4d1b-6c3d-f5ff-b0f774c4fc32,1777345264,0.48,38.0,no,"{""count_fp"":""38.00"",""created_time"":""2026-04-28T03:01:04.157622Z"",""no_price_dollars"":""0.5200"",""taker_side"":""no"",""ticker"":""KXETH15M-26APR272315-15"",""trade_id"":""61658566-4d1b-6c3d-f5ff-b0f774c4fc32"",""yes_price_dollars"":""0.4800""}"
KXETH15M-26APR272315-15,17ddf9dd-1479-5cc4-7bc8-20f00a06bd63,1777345273,0.51,1.0,yes,"{""count_fp"":""1.00"",""created_time"":""2026-04-28T03:01:13.482931Z"",""no_price_dollars"":""0.4900"",""taker_side"":""yes"",""ticker"":""KXETH15M-26APR272315-15"",""trade_id"":""17ddf9dd-1479-5cc4-7bc8-20f00a06bd63"",""yes_price_dollars"":""0.5100""}"
KXETH15M-26APR272315-15,afc383fb-be54-607f-a788-3e416c7b996d,1777345273,0.51,0.35,yes,"{""count_fp"":""0.35"",""created_time"":""2026-04-28T03:01:13.248056Z"",""no_price_dollars"":""0.4900"",""taker_side"":""yes"",""ticker"":""KXETH15M-26APR272315-15"",""trade_id"":""afc383fb-be54-607f-a788-3e416c7b996d"",""yes_price_dollars"":""0.5100""}"
KXETH15M-26APR272315-15,80f82bb7-c175-7254-4487-3f1e14f60aa7,1777345274,0.51,1.32,yes,"{""count_fp"":""1.32"",""created_time"":""2026-04-28T03:01:14.703989Z"",""no_price_dollars"":""0.4900"",""taker_side"":""yes"",""ticker"":""KXETH15M-26APR272315-15"",""trade_id"":""80f82bb7-c175-7254-4487-3f1e14f60aa7"",""yes_price_dollars"":""0.5100""}"
KXETH15M-26APR272315-15,dc17e607-faf3-5241-0a44-f10229e82d8e,1777345281,0.43,22.9,no,"{""count_fp"":""22.90"",""created_time"":""2026-04-28T03:01:21.170139Z"",""no_price_dollars"":""0.5700"",""taker_side"":""no"",""ticker"":""KXETH15M-26APR272315-15"",""trade_id"":""dc17e607-faf3-5241-0a44-f10229e82d8e"",""yes_price_dollars"":""0.4300""}"
KXETH15M-26APR272315-15,acf8ebf4-f6c9-501d-17cf-40cdc50ce78e,1777345281,0.45,10.0,no,"{""count_fp"":""10.00"",""created_time"":""2026-04-28T03:01:21.170139Z"",""no_price_dollars"":""0.5500"",""taker_side"":""no"",""ticker"":""KXETH15M-26APR272315-15"",""trade_id"":""acf8ebf4-f6c9-501d-17cf-40cdc50ce78e"",""yes_price_dollars"":""0.4500""}"
KXETH15M-26APR272315-15,43e6a598-0f1e-5c17-3e41-4a124436f370,1777345281,0.43,10.0,no,"{""count_fp"":""10.00"",""created_time"":""2026-04-28T03:01:21.170139Z"",""no_price_dollars"":""0.5700"",""taker_side"":""no"",""ticker"":""KXETH15M-26APR272315-15"",""trade_id"":""43e6a598-0f1e-5c17-3e41-4a124436f370"",""yes_price_dollars"":""0.4300""}"
KXETH15M-26APR272315-15,fade00ad-d3f4-758a-f9db-4cfaf60fe09e,1777345285,0.47,0.32,yes,"{""count_fp"":""0.32"",""created_time"":""2026-04-28T03:01:25.388836Z"",""no_price_dollars"":""0.5300"",""taker_side"":""yes"",""ticker"":""KXETH15M-26APR272315-15"",""trade_id"":""fade00ad-d3f4-758a-f9db-4cfaf60fe09e"",""yes_price_dollars"":""0.4700""}"
KXETH15M-26APR272315-15,37bd7d3d-18d2-643e-63c3-ebc961bed394,1777345285,0.45,2.13,yes,"{""count_fp"":""2.13"",""created_time"":""2026-04-28T03:01:25.317264Z"",""no_price_dollars"":""0.5500"",""taker_side"":""yes"",""ticker"":""KXETH15M-26APR272315-15"",""trade_id"":""37bd7d3d-18d2-643e-63c3-ebc961bed394"",""yes_price_dollars"":""0.4500""}"
KXETH15M-26APR272315-15,a00bdfb6-293a-44e7-aaf6-547e738b1b58,1777345288,0.42,5.0,no,"{""count_fp"":""5.00"",""created_time"":""2026-04-28T03:01:28.692273Z"",""no_price_dollars"":""0.5800"",""taker_side"":""no"",""ticker"":""KXETH15M-26APR272315-15"",""trade_id"":""a00bdfb6-293a-44e7-aaf6-547e738b1b58"",""yes_price_dollars"":""0.4200""}"
KXETH15M-26APR272315-15,47169ed9-5ef0-78df-64f8-e89487a27bed,1777345290,0.45,1.0,yes,"{""count_fp"":""1.00"",""created_time"":""2026-04-28T03:01:30.147327Z"",""no_price_dollars"":""0.5500"",""taker_side"":""yes"",""ticker"":""KXETH15M-26APR272315-15"",""trade_id"":""47169ed9-5ef0-78df-64f8-e89487a27bed"",""yes_price_dollars"":""0.4500""}"
KXETH15M-26APR272315-15,d4a6de38-9eb9-76cc-c9a9-69aa0f0fec2b,1777345291,0.45,2.0,yes,"{""count_fp"":""2.00"",""created_time"":""2026-04-28T03:01:31.551815Z"",""no_price_dollars"":""0.5500"",""taker_side"":""yes"",""ticker"":""KXETH15M-26APR272315-15"",""trade_id"":""d4a6de38-9eb9-76cc-c9a9-69aa0f0fec2b"",""yes_price_dollars"":""0.4500""}"
KXETH15M-26APR272315-15,50c0b4b5-1d49-6960-61e1-21a74ea8c1c3,1777345292,0.45,3.0,yes,"{""count_fp"":""3.00"",""created_time"":""2026-04-28T03:01:32.710505Z"",""no_price_dollars"":""0.5500"",""taker_side"":""yes"",""ticker"":""KXETH15M-26APR272315-15"",""trade_id"":""50c0b4b5-1d49-6960-61e1-21a74ea8c1c3"",""yes_price_dollars"":""0.4500""}"
KXETH15M-26APR272315-15,f150ba03-7c4e-7829-4637-112d0187b74d,1777345298,0.41,1.0,no,"{""count_fp"":""1.00"",""created_time"":""2026-04-28T03:01:38.379874Z"",""no_price_dollars"":""0.5900"",""taker_side"":""no"",""ticker"":""KXETH15M-26APR272315-15"",""trade_id"":""f150ba03-7c4e-7829-4637-112d0187b74d"",""yes_price_dollars"":""0.4100""}"
KXETH15M-26APR272315-15,90a20155-ad4b-7cfc-37b3-c48a33df7dc5,1777345300,0.39,2.13,no,"{""count_fp"":""2.13"",""created_time"":""2026-04-28T03:01:40.029361Z"",""no_price_dollars"":""0.6100"",""taker_side"":""no"",""ticker"":""KXETH15M-26APR272315-15"",""trade_id"":""90a20155-ad4b-7cfc-37b3-c48a33df7dc5"",""yes_price_dollars"":""0.3900""}"
KXETH15M-26APR272315-15,9933a7f7-93af-4aed-9476-1141955b3dd8,1777345306,0.37,1.59,no,"{""count_fp"":""1.59"",""created_time"":""2026-04-28T03:01:46.980938Z"",""no_price_dollars"":""0.6300"",""taker_side"":""no"",""ticker"":""KXETH15M-26APR272315-15"",""trade_id"":""9933a7f7-93af-4aed-9476-1141955b3dd8"",""yes_price_dollars"":""0.3700""}"
KXETH15M-26APR272315-15,40592834-a5e3-4ad1-b124-d0c72795a44e,1777345306,0.37,29.35,no,"{""count_fp"":""29.35"",""created_time"":""2026-04-28T03:01:46.980938Z"",""no_price_dollars"":""0.6300"",""taker_side"":""no"",""ticker"":""KXETH15M-26APR272315-15"",""trade_id"":""40592834-a5e3-4ad1-b124-d0c72795a44e"",""yes_price_dollars"":""0.3700""}"
KXETH15M-26APR272315-15,fb687096-454e-6270-a6f8-94f2daf45872,1777345307,0.38,10.0,no,"{""count_fp"":""10.00"",""created_time"":""2026-04-28T03:01:47.776443Z"",""no_price_dollars"":""0.6200"",""taker_side"":""no"",""ticker"":""KXETH15M-26APR272315-15"",""trade_id"":""fb687096-454e-6270-a6f8-94f2daf45872"",""yes_price_dollars"":""0.3800""}"
KXETH15M-26APR272315-15,2a83c803-d16b-53ff-4d33-75d3afc884a3,1777345313,0.39,10.0,yes,"{""count_fp"":""10.00"",""created_time"":""2026-04-28T03:01:53.952282Z"",""no_price_dollars"":""0.6100"",""taker_side"":""yes"",""ticker"":""KXETH15M-26APR272315-15"",""trade_id"":""2a83c803-d16b-53ff-4d33-75d3afc884a3"",""yes_price_dollars"":""0.3900""}"
KXETH15M-26APR272315-15,518e17b8-b88b-6feb-9c88-00d2701ca2c4,1777345314,0.36,7.62,no,"{""count_fp"":""7.62"",""created_time"":""2026-04-28T03:01:54.824908Z"",""no_price_dollars"":""0.6400"",""taker_side"":""no"",""ticker"":""KXETH15M-26APR272315-15"",""trade_id"":""518e17b8-b88b-6feb-9c88-00d2701ca2c4"",""yes_price_dollars"":""0.3600""}"
KXETH15M-26APR272315-15,4005f5c2-cc5f-5cbe-dea5-9e48110d56c3,1777345317,0.36,1.0,no,"{""count_fp"":""1.00"",""created_time"":""2026-04-28T03:01:57.416803Z"",""no_price_dollars"":""0.6400"",""taker_side"":""no"",""ticker"":""KXETH15M-26APR272315-15"",""trade_id"":""4005f5c2-cc5f-5cbe-dea5-9e48110d56c3"",""yes_price_dollars"":""0.3600""}"
KXETH15M-26APR272315-15,ed7e9a63-a2df-6b66-8651-4ede2795748b,1777345317,0.36,1.0,no,"{""count_fp"":""1.00"",""created_time"":""2026-04-28T03:01:57.249237Z"",""no_price_dollars"":""0.6400"",""taker_side"":""no"",""ticker"":""KXETH15M-26APR272315-15"",""trade_id"":""ed7e9a63-a2df-6b66-8651-4ede2795748b"",""yes_price_dollars"":""0.3600""}"
KXETH15M-26APR272315-15,62147c47-864d-630d-1c6c-9941936fc334,1777345322,0.39,10.0,yes,"{""count_fp"":""10.00"",""created_time"":""2026-04-28T03:02:02.957512Z"",""no_price_dollars"":""0.6100"",""taker_side"":""yes"",""ticker"":""KXETH15M-26APR272315-15"",""trade_id"":""62147c47-864d-630d-1c6c-9941936fc334"",""yes_price_dollars"":""0.3900""}"
KXETH15M-26APR272315-15,56ae790a-0f00-62e4-1b65-ab3288632db2,1777345322,0.37,2.0,yes,"{""count_fp"":""2.00"",""created_time"":""2026-04-28T03:02:02.957512Z"",""no_price_dollars"":""0.6300"",""taker_side"":""yes"",""ticker"":""KXETH15M-26APR272315-15"",""trade_id"":""56ae790a-0f00-62e4-1b65-ab3288632db2"",""yes_price_dollars"":""0.3700""}"
KXETH15M-26APR272315-15,179b6da2-6b9b-60e3-1802-6af28555f62b,1777345322,0.39,2.69,yes,"{""count_fp"":""2.69"",""created_time"":""2026-04-28T03:02:02.957512Z"",""no_price_dollars"":""0.6100"",""taker_side"":""yes"",""ticker"":""KXETH15M-26APR272315-15"",""trade_id"":""179b6da2-6b9b-60e3-1802-6af28555f62b"",""yes_price_dollars"":""0.3900""}"
KXETH15M-26APR272315-15,b6e06f69-cabf-6c76-5dfd-b387c7980251,1777345322,0.36,10.0,no,"{""count_fp"":""10.00"",""created_time"":""2026-04-28T03:02:02.105919Z"",""no_price_dollars"":""0.6400"",""taker_side"":""no"",""ticker"":""KXETH15M-26APR272315-15"",""trade_id"":""b6e06f69-cabf-6c76-5dfd-b387c7980251"",""yes_price_dollars"":""0.3600""}"
KXETH15M-26APR272315-15,5bca7fc5-0207-6b69-6a5b-b0a176eead26,1777345322,0.36,63.99,no,"{""count_fp"":""63.99"",""created_time"":""2026-04-28T03:02:02.105919Z"",""no_price_dollars"":""0.6400"",""taker_side"":""no"",""ticker"":""KXETH15M-26APR272315-15"",""trade_id"":""5bca7fc5-0207-6b69-6a5b-b0a176eead26"",""yes_price_dollars"":""0.3600""}"
KXETH15M-26APR272315-15,951a209c-2f79-7487-02ec-da87c7a8e751,1777345327,0.4,1.19,yes,"{""count_fp"":""1.19"",""created_time"":""2026-04-28T03:02:07.277658Z"",""no_price_dollars"":""0.6000"",""taker_side"":""yes"",""ticker"":""KXETH15M-26APR272315-15"",""trade_id"":""951a209c-2f79-7487-02ec-da87c7a8e751"",""yes_price_dollars"":""0.4000""}"
KXETH15M-26APR272315-15,3e518653-e6e4-4bd4-0b30-a31f429ebf3f,1777345328,0.36,7.62,no,"{""count_fp"":""7.62"",""created_time"":""2026-04-28T03:02:08.888545Z"",""no_price_dollars"":""0.6400"",""taker_side"":""no"",""ticker"":""KXETH15M-26APR272315-15"",""trade_id"":""3e518653-e6e4-4bd4-0b30-a31f429ebf3f"",""yes_price_dollars"":""0.3600""}"
KXETH15M-26APR272315-15,98603fab-e996-65ad-7bc3-949b241d299a,1777345332,0.38,4.97,yes,"{""count_fp"":""4.97"",""created_time"":""2026-04-28T03:02:12.390814Z"",""no_price_dollars"":""0.6200"",""taker_side"":""yes"",""ticker"":""KXETH15M-26APR272315-15"",""trade_id"":""98603fab-e996-65ad-7bc3-949b241d299a"",""yes_price_dollars"":""0.3800""}"
KXETH15M-26APR272315-15,7060c864-f532-5fb4-0993-ff7205c55c6d,1777345335,0.36,1.0,no,"{""count_fp"":""1.00"",""created_time"":""2026-04-28T03:02:15.650749Z"",""no_price_dollars"":""0.6400"",""taker_side"":""no"",""ticker"":""KXETH15M-26APR272315-15"",""trade_id"":""7060c864-f532-5fb4-0993-ff7205c55c6d"",""yes_price_dollars"":""0.3600""}"
KXETH15M-26APR272315-15,5ad3f9e2-f3ed-6ef4-45ab-2f3e8ceec0b6,1777345341,0.37,5.17,yes,"{""count_fp"":""5.17"",""created_time"":""2026-04-28T03:02:21.001114Z"",""no_price_dollars"":""0.6300"",""taker_side"":""yes"",""ticker"":""KXETH15M-26APR272315-15"",""trade_id"":""5ad3f9e2-f3ed-6ef4-45ab-2f3e8ceec0b6"",""yes_price_dollars"":""0.3700""}"
KXETH15M-26APR272315-15,d5c5393a-3833-710d-1d74-43409a73340e,1777345342,0.34,1.47,no,"{""count_fp"":""1.47"",""created_time"":""2026-04-28T03:02:22.496443Z"",""no_price_dollars"":""0.6600"",""taker_side"":""no"",""ticker"":""KXETH15M-26APR272315-15"",""trade_id"":""d5c5393a-3833-710d-1d74-43409a73340e"",""yes_price_dollars"":""0.3400""}"
KXETH15M-26APR272315-15,e826db09-f047-409d-24c2-2109f293727e,1777345343,0.33,1.47,no,"{""count_fp"":""1.47"",""created_time"":""2026-04-28T03:02:23.036482Z"",""no_price_dollars"":""0.6700"",""taker_side"":""no"",""ticker"":""KXETH15M-26APR272315-15"",""trade_id"":""e826db09-f047-409d-24c2-2109f293727e"",""yes_price_dollars"":""0.3300""}"
KXETH15M-26APR272315-15,beca7b52-eacd-4907-e7e3-72d0d1a4c922,1777345353,0.35,13.29,yes,"{""count_fp"":""13.29"",""created_time"":""2026-04-28T03:02:33.944941Z"",""no_price_dollars"":""0.6500"",""taker_side"":""yes"",""ticker"":""KXETH15M-26APR272315-15"",""trade_id"":""beca7b52-eacd-4907-e7e3-72d0d1a4c922"",""yes_price_dollars"":""0.3500""}"
KXETH15M-26APR272315-15,d9807d7b-6182-4e31-a527-54f49dcadb3d,1777345353,0.35,10.0,yes,"{""count_fp"":""10.00"",""created_time"":""2026-04-28T03:02:33.178772Z"",""no_price_dollars"":""0.6500"",""taker_side"":""yes"",""ticker"":""KXETH15M-26APR272315-15"",""trade_id"":""d9807d7b-6182-4e31-a527-54f49dcadb3d"",""yes_price_dollars"":""0.3500""}"
KXETH15M-26APR272315-15,6c471633-377d-4f0c-bc77-2c2874e8928a,1777345353,0.36,2.84,yes,"{""count_fp"":""2.84"",""created_time"":""2026-04-28T03:02:33.178772Z"",""no_price_dollars"":""0.6400"",""taker_side"":""yes"",""ticker"":""KXETH15M-26APR272315-15"",""trade_id"":""6c471633-377d-4f0c-bc77-2c2874e8928a"",""yes_price_dollars"":""0.3600""}"
KXETH15M-26APR272315-15,99e0f267-8350-46fe-eab6-7a9d43798d26,1777345355,0.34,25.46,yes,"{""count_fp"":""25.46"",""created_time"":""2026-04-28T03:02:35.804794Z"",""no_price_dollars"":""0.6600"",""taker_side"":""yes"",""ticker"":""KXETH15M-26APR272315-15"",""trade_id"":""99e0f267-8350-46fe-eab6-7a9d43798d26"",""yes_price_dollars"":""0.3400""}"
KXETH15M-26APR272315-15,e1d69f94-4f69-424d-5cc9-973a2e1fb768,1777345359,0.34,5.0,yes,"{""count_fp"":""5.00"",""created_time"":""2026-04-28T03:02:39.754297Z"",""no_price_dollars"":""0.6600"",""taker_side"":""yes"",""ticker"":""KXETH15M-26APR272315-15"",""trade_id"":""e1d69f94-4f69-424d-5cc9-973a2e1fb768"",""yes_price_dollars"":""0.3400""}"
KXETH15M-26APR272315-15,6bc8ed42-568e-46e7-7a3f-02233883adba,1777345359,0.35,10.0,yes,"{""count_fp"":""10.00"",""created_time"":""2026-04-28T03:02:39.754297Z"",""no_price_dollars"":""0.6500"",""taker_side"":""yes"",""ticker"":""KXETH15M-26APR272315-15"",""trade_id"":""6bc8ed42-568e-46e7-7a3f-02233883adba"",""yes_price_dollars"":""0.3500""}"
KXETH15M-26APR272315-15,2608bc49-a0b9-4f5a-6620-310e43c6e435,1777345359,0.34,28.0,yes,"{""count_fp"":""28.00"",""created_time"":""2026-04-28T03:02:39.754297Z"",""no_price_dollars"":""0.6600"",""taker_side"":""yes"",""ticker"":""KXETH15M-26APR272315-15"",""trade_id"":""2608bc49-a0b9-4f5a-6620-310e43c6e435"",""yes_price_dollars"":""0.3400""}"
KXETH15M-26APR272315-15,1f0faa11-9384-4426-7a9c-8ae74aa46202,1777345359,0.33,100.0,yes,"{""count_fp"":""100.00"",""created_time"":""2026-04-28T03:02:39.754297Z"",""no_price_dollars"":""0.6700"",""taker_side"":""yes"",""ticker"":""KXETH15M-26APR272315-15"",""trade_id"":""1f0faa11-9384-4426-7a9c-8ae74aa46202"",""yes_price_dollars"":""0.3300""}"
KXETH15M-26APR272315-15,0a6c6c2e-a7c1-42f4-4a45-08e0039ed65b,1777345359,0.36,129.58,yes,"{""count_fp"":""129.58"",""created_time"":""2026-04-28T03:02:39.754297Z"",""no_price_dollars"":""0.6400"",""taker_side"":""yes"",""ticker"":""KXETH15M-26APR272315-15"",""trade_id"":""0a6c6c2e-a7c1-42f4-4a45-08e0039ed65b"",""yes_price_dollars"":""0.3600""}"
KXETH15M-26APR272315-15,61b0d045-2f47-6e95-4ce2-7e842f6f290e,1777345360,0.26,190.0,no,"{""count_fp"":""190.00"",""created_time"":""2026-04-28T03:02:40.616583Z"",""no_price_dollars"":""0.7400"",""taker_side"":""no"",""ticker"":""KXETH15M-26APR272315-15"",""trade_id"":""61b0d045-2f47-6e95-4ce2-7e842f6f290e"",""yes_price_dollars"":""0.2600""}"
KXETH15M-26APR272315-15,25ec0fc7-2f3c-6d39-46eb-03e3ab9d2f35,1777345360,0.27,10.0,no,"{""count_fp"":""10.00"",""created_time"":""2026-04-28T03:02:40.616583Z"",""no_price_dollars"":""0.7300"",""taker_side"":""no"",""ticker"":""KXETH15M-26APR272315-15"",""trade_id"":""25ec0fc7-2f3c-6d39-46eb-03e3ab9d2f35"",""yes_price_dollars"":""0.2700""}"
KXETH15M-26APR272315-15,ce3c4a57-dcef-7202-89c1-734d71be1af4,1777345360,0.3,10.0,no,"{""count_fp"":""10.00"",""created_time"":""2026-04-28T03:02:40.458717Z"",""no_price_dollars"":""0.7000"",""taker_side"":""no"",""ticker"":""KXETH15M-26APR272315-15"",""trade_id"":""ce3c4a57-dcef-7202-89c1-734d71be1af4"",""yes_price_dollars"":""0.3000""}"
KXETH15M-26APR272315-15,aa419a3f-0e35-7e48-b330-548d44d36669,1777345360,0.3,1.0,no,"{""count_fp"":""1.00"",""created_time"":""2026-04-28T03:02:40.458717Z"",""no_price_dollars"":""0.7000"",""taker_side"":""no"",""ticker"":""KXETH15M-26APR272315-15"",""trade_id"":""aa419a3f-0e35-7e48-b330-548d44d36669"",""yes_price_dollars"":""0.3000""}"
KXETH15M-26APR272315-15,34ce593a-b60b-73ce-a831-676dab152736,1777345360,0.3,60.0,no,"{""count_fp"":""60.00"",""created_time"":""2026-04-28T03:02:40.458717Z"",""no_price_dollars"":""0.7000"",""taker_side"":""no"",""ticker"":""KXETH15M-26APR272315-15"",""trade_id"":""34ce593a-b60b-73ce-a831-676dab152736"",""yes_price_dollars"":""0.3000""}"
KXETH15M-26APR272315-15,18dc2d5e-9650-7036-bb85-5ea397efde0f,1777345360,0.3,2.0,no,"{""count_fp"":""2.00"",""created_time"":""2026-04-28T03:02:40.458717Z"",""no_price_dollars"":""0.7000"",""taker_side"":""no"",""ticker"":""KXETH15M-26APR272315-15"",""trade_id"":""18dc2d5e-9650-7036-bb85-5ea397efde0f"",""yes_price_dollars"":""0.3000""}"
KXETH15M-26APR272315-15,825f342b-08c1-42e4-9b22-10618d3c31cf,1777345360,0.35,5.0,yes,"{""count_fp"":""5.00"",""created_time"":""2026-04-28T03:02:40.392301Z"",""no_price_dollars"":""0.6500"",""taker_side"":""yes"",""ticker"":""KXETH15M-26APR272315-15"",""trade_id"":""825f342b-08c1-42e4-9b22-10618d3c31cf"",""yes_price_dollars"":""0.3500""}"
KXETH15M-26APR272315-15,aa411715-d2c7-5551-3996-8f62d5cf41de,1777345361,0.26,3.0,no,"{""count_fp"":""3.00"",""created_time"":""2026-04-28T03:02:41.905155Z"",""no_price_dollars"":""0.7400"",""taker_side"":""no"",""ticker"":""KXETH15M-26APR272315-15"",""trade_id"":""aa411715-d2c7-5551-3996-8f62d5cf41de"",""yes_price_dollars"":""0.2600""}"
KXETH15M-26APR272315-15,953e736c-ce33-6b9d-2fae-46a8902211f6,1777345366,0.26,2.65,no,"{""count_fp"":""2.65"",""created_time"":""2026-04-28T03:02:46.087641Z"",""no_price_dollars"":""0.7400"",""taker_side"":""no"",""ticker"":""KXETH15M-26APR272315-15"",""trade_id"":""953e736c-ce33-6b9d-2fae-46a8902211f6"",""yes_price_dollars"":""0.2600""}"
KXETH15M-26APR272315-15,063a4fd0-3cdf-5811-b0f8-35718629b1c7,1777345367,0.29,6.0,yes,"{""count_fp"":""6.00"",""created_time"":""2026-04-28T03:02:47.656947Z"",""no_price_dollars"":""0.7100"",""taker_side"":""yes"",""ticker"":""KXETH15M-26APR272315-15"",""trade_id"":""063a4fd0-3cdf-5811-b0f8-35718629b1c7"",""yes_price_dollars"":""0.2900""}"
KXETH15M-26APR272315-15,d9dfc20b-20bb-7086-d4c5-83e22f25a64d,1777345370,0.28,1.0,no,"{""count_fp"":""1.00"",""created_time"":""2026-04-28T03:02:50.369887Z"",""no_price_dollars"":""0.7200"",""taker_side"":""no"",""ticker"":""KXETH15M-26APR272315-15"",""trade_id"":""d9dfc20b-20bb-7086-d4c5-83e22f25a64d"",""yes_price_dollars"":""0.2800""}"
KXETH15M-26APR272315-15,7ceddc6e-4377-7fc2-8570-d64c889acc01,1777345373,0.28,2.0,no,"{""count_fp"":""2.00"",""created_time"":""2026-04-28T03:02:53.523261Z"",""no_price_dollars"":""0.7200"",""taker_side"":""no"",""ticker"":""KXETH15M-26APR272315-15"",""trade_id"":""7ceddc6e-4377-7fc2-8570-d64c889acc01"",""yes_price_dollars"":""0.2800""}"
KXETH15M-26APR272315-15,44f19030-b3d4-423e-3ec5-148aacabe6ae,1777345381,0.27,1.0,no,"{""count_fp"":""1.00"",""created_time"":""2026-04-28T03:03:01.913357Z"",""no_price_dollars"":""0.7300"",""taker_side"":""no"",""ticker"":""KXETH15M-26APR272315-15"",""trade_id"":""44f19030-b3d4-423e-3ec5-148aacabe6ae"",""yes_price_dollars"":""0.2700""}"
KXETH15M-26APR272315-15,bf9eac08-34c5-5b57-d266-4179b3a8d548,1777345388,0.25,3.0,no,"{""count_fp"":""3.00"",""created_time"":""2026-04-28T03:03:08.031677Z"",""no_price_dollars"":""0.7500"",""taker_side"":""no"",""ticker"":""KXETH15M-26APR272315-15"",""trade_id"":""bf9eac08-34c5-5b57-d266-4179b3a8d548"",""yes_price_dollars"":""0.2500""}"
KXETH15M-26APR272315-15,96dc75d6-d935-5104-faa2-18ea13891f8d,1777345388,0.25,2.0,no,"{""count_fp"":""2.00"",""created_time"":""2026-04-28T03:03:08.031677Z"",""no_price_dollars"":""0.7500"",""taker_side"":""no"",""ticker"":""KXETH15M-26APR272315-15"",""trade_id"":""96dc75d6-d935-5104-faa2-18ea13891f8d"",""yes_price_dollars"":""0.2500""}"
KXETH15M-26APR272315-15,b17e3c37-06f7-67a1-7fbb-8ef1be4f0da3,1777345390,0.26,3.65,yes,"{""count_fp"":""3.65"",""created_time"":""2026-04-28T03:03:10.538427Z"",""no_price_dollars"":""0.7400"",""taker_side"":""yes"",""ticker"":""KXETH15M-26APR272315-15"",""trade_id"":""b17e3c37-06f7-67a1-7fbb-8ef1be4f0da3"",""yes_price_dollars"":""0.2600""}"
KXETH15M-26APR272315-15,6810ca8f-8a87-7869-b0a5-043eaa711aef,1777345393,0.26,36.56,yes,"{""count_fp"":""36.56"",""created_time"":""2026-04-28T03:03:13.839766Z"",""no_price_dollars"":""0.7400"",""taker_side"":""yes"",""ticker"":""KXETH15M-26APR272315-15"",""trade_id"":""6810ca8f-8a87-7869-b0a5-043eaa711aef"",""yes_price_dollars"":""0.2600""}"
KXETH15M-26APR272315-15,ea304caa-0b31-7da3-b7ab-0c0655003b90,1777345394,0.25,3.0,no,"{""count_fp"":""3.00"",""created_time"":""2026-04-28T03:03:14.808431Z"",""no_price_dollars"":""0.7500"",""taker_side"":""no"",""ticker"":""KXETH15M-26APR272315-15"",""trade_id"":""ea304caa-0b31-7da3-b7ab-0c0655003b90"",""yes_price_dollars"":""0.2500""}"
KXETH15M-26APR272315-15,b686930e-18c2-7a00-a8e5-b196f78742bb,1777345394,0.22,34.75,no,"{""count_fp"":""34.75"",""created_time"":""2026-04-28T03:03:14.808431Z"",""no_price_dollars"":""0.7800"",""taker_side"":""no"",""ticker"":""KXETH15M-26APR272315-15"",""trade_id"":""b686930e-18c2-7a00-a8e5-b196f78742bb"",""yes_price_dollars"":""0.2200""}"
KXETH15M-26APR272315-15,1e1c4f1f-dbbb-75b1-e083-c797a5bb4543,1777345394,0.26,0.73,yes,"{""count_fp"":""0.73"",""created_time"":""2026-04-28T03:03:14.284037Z"",""no_price_dollars"":""0.7400"",""taker_side"":""yes"",""ticker"":""KXETH15M-26APR272315-15"",""trade_id"":""1e1c4f1f-dbbb-75b1-e083-c797a5bb4543"",""yes_price_dollars"":""0.2600""}"
KXETH15M-26APR272315-15,676087ae-d3f2-5d94-2e03-e2f70332670f,1777345397,0.22,24.0,no,"{""count_fp"":""24.00"",""created_time"":""2026-04-28T03:03:17.964984Z"",""no_price_dollars"":""0.7800"",""taker_side"":""no"",""ticker"":""KXETH15M-26APR272315-15"",""trade_id"":""676087ae-d3f2-5d94-2e03-e2f70332670f"",""yes_price_dollars"":""0.2200""}"
KXETH15M-26APR272315-15,62b24538-709e-7b4c-194a-cbb9c07e9e2f,1777345397,0.22,1.19,no,"{""count_fp"":""1.19"",""created_time"":""2026-04-28T03:03:17.838776Z"",""no_price_dollars"":""0.7800"",""taker_side"":""no"",""ticker"":""KXETH15M-26APR272315-15"",""trade_id"":""62b24538-709e-7b4c-194a-cbb9c07e9e2f"",""yes_price_dollars"":""0.2200""}"
KXETH15M-26APR272315-15,c91474c5-3b83-6d81-02ff-414cf2c6a8c7,1777345398,0.22,25.98,yes,"{""count_fp"":""25.98"",""created_time"":""2026-04-28T03:03:18.251418Z"",""no_price_dollars"":""0.7800"",""taker_side"":""yes"",""ticker"":""KXETH15M-26APR272315-15"",""trade_id"":""c91474c5-3b83-6d81-02ff-414cf2c6a8c7"",""yes_price_dollars"":""0.2200""}"
KXETH15M-26APR272315-15,d1293e29-f2d8-456e-fa23-8cbbb9ca3227,1777345400,0.2,1.0,no,"{""count_fp"":""1.00"",""created_time"":""2026-04-28T03:03:20.744936Z"",""no_price_dollars"":""0.8000"",""taker_side"":""no"",""ticker"":""KXETH15M-26APR272315-15"",""trade_id"":""d1293e29-f2d8-456e-fa23-8cbbb9ca3227"",""yes_price_dollars"":""0.2000""}"
KXETH15M-26APR272315-15,6f76f272-4864-4b06-c4e2-8bdfe8cae9ad,1777345400,0.2,4.1,no,"{""count_fp"":""4.10"",""created_time"":""2026-04-28T03:03:20.744936Z"",""no_price_dollars"":""0.8000"",""taker_side"":""no"",""ticker"":""KXETH15M-26APR272315-15"",""trade_id"":""6f76f272-4864-4b06-c4e2-8bdfe8cae9ad"",""yes_price_dollars"":""0.2000""}"
KXETH15M-26APR272315-15,f26b2b23-f9b3-5615-86b7-41b46e61ac3b,1777345401,0.2,60.0,yes,"{""count_fp"":""60.00"",""created_time"":""2026-04-28T03:03:21.563129Z"",""no_price_dollars"":""0.8000"",""taker_side"":""yes"",""ticker"":""KXETH15M-26APR272315-15"",""trade_id"":""f26b2b23-f9b3-5615-86b7-41b46e61ac3b"",""yes_price_dollars"":""0.2000""}"
KXETH15M-26APR272315-15,e338f526-0502-7f6c-7f14-166d7ce634d7,1777345401,0.2,0.06,no,"{""count_fp"":""0.06"",""created_time"":""2026-04-28T03:03:21.488713Z"",""no_price_dollars"":""0.8000"",""taker_side"":""no"",""ticker"":""KXETH15M-26APR272315-15"",""trade_id"":""e338f526-0502-7f6c-7f14-166d7ce634d7"",""yes_price_dollars"":""0.2000""}"
KXETH15M-26APR272315-15,7c0e0302-cfbb-7641-4efc-b79897ebd1aa,1777345401,0.19,0.94,no,"{""count_fp"":""0.94"",""created_time"":""2026-04-28T03:03:21.488713Z"",""no_price_dollars"":""0.8100"",""taker_side"":""no"",""ticker"":""KXETH15M-26APR272315-15"",""trade_id"":""7c0e0302-cfbb-7641-4efc-b79897ebd1aa"",""yes_price_dollars"":""0.1900""}"
KXETH15M-26APR272315-15,1f3a5cb0-fb2b-6b69-ee4a-6ec49f48c813,1777345401,0.21,1.68,yes,"{""count_fp"":""1.68"",""created_time"":""2026-04-28T03:03:21.315464Z"",""no_price_dollars"":""0.7900"",""taker_side"":""yes"",""ticker"":""KXETH15M-26APR272315-15"",""trade_id"":""1f3a5cb0-fb2b-6b69-ee4a-6ec49f48c813"",""yes_price_dollars"":""0.2100""}"
KXETH15M-26APR272315-15,7bcf5721-3ec1-5f19-a04f-13a7a0aedda9,1777345403,0.2,10.0,yes,"{""count_fp"":""10.00"",""created_time"":""2026-04-28T03:03:23.773177Z"",""no_price_dollars"":""0.8000"",""taker_side"":""yes"",""ticker"":""KXETH15M-26APR272315-15"",""trade_id"":""7bcf5721-3ec1-5f19-a04f-13a7a0aedda9"",""yes_price_dollars"":""0.2000""}"
KXETH15M-26APR272315-15,e4c6d098-f7bd-6ce1-e4bd-37c93ed40f55,1777345403,0.2,30.94,yes,"{""count_fp"":""30.94"",""created_time"":""2026-04-28T03:03:23.132109Z"",""no_price_dollars"":""0.8000"",""taker_side"":""yes"",""ticker"":""KXETH15M-26APR272315-15"",""trade_id"":""e4c6d098-f7bd-6ce1-e4bd-37c93ed40f55"",""yes_price_dollars"":""0.2000""}"
KXETH15M-26APR272315-15,20c2d648-db07-4479-e46e-6c754962570e,1777345405,0.18,2.4,no,"{""count_fp"":""2.40"",""created_time"":""2026-04-28T03:03:25.325218Z"",""no_price_dollars"":""0.8200"",""taker_side"":""no"",""ticker"":""KXETH15M-26APR272315-15"",""trade_id"":""20c2d648-db07-4479-e46e-6c754962570e"",""yes_price_dollars"":""0.1800""}"
KXETH15M-26APR272315-15,03750c5c-cd7a-70f7-b316-bb044bfd95d2,1777345405,0.18,1.0,no,"{""count_fp"":""1.00"",""created_time"":""2026-04-28T03:03:25.202125Z"",""no_price_dollars"":""0.8200"",""taker_side"":""no"",""ticker"":""KXETH15M-26APR272315-15"",""trade_id"":""03750c5c-cd7a-70f7-b316-bb044bfd95d2"",""yes_price_dollars"":""0.1800""}"
KXETH15M-26APR272315-15,80509b51-b7cd-5d01-2210-9a68f833f6c1,1777345407,0.2,2.0,yes,"{""count_fp"":""2.00"",""created_time"":""2026-04-28T03:03:27.847002Z"",""no_price_dollars"":""0.8000"",""taker_side"":""yes"",""ticker"":""KXETH15M-26APR272315-15"",""trade_id"":""80509b51-b7cd-5d01-2210-9a68f833f6c1"",""yes_price_dollars"":""0.2000""}"
KXETH15M-26APR272315-15,e0385f5f-9173-7375-49db-567313995e42,1777345412,0.19,3.0,no,"{""count_fp"":""3.00"",""created_time"":""2026-04-28T03:03:32.971315Z"",""no_price_dollars"":""0.8100"",""taker_side"":""no"",""ticker"":""KXETH15M-26APR272315-15"",""trade_id"":""e0385f5f-9173-7375-49db-567313995e42"",""yes_price_dollars"":""0.1900""}"
KXETH15M-26APR272315-15,aa5f6c63-b460-4af7-3fdf-955538dd2a11,1777345416,0.25,113.0,yes,"{""count_fp"":""113.00"",""created_time"":""2026-04-28T03:03:36.835588Z"",""no_price_dollars"":""0.7500"",""taker_side"":""yes"",""ticker"":""KXETH15M-26APR272315-15"",""trade_id"":""aa5f6c63-b460-4af7-3fdf-955538dd2a11"",""yes_price_dollars"":""0.2500""}"
KXETH15M-26APR272315-15,c65aeb58-96f7-4649-eb6e-009a1a902efa,1777345421,0.26,13.1,no,"{""count_fp"":""13.10"",""created_time"":""2026-04-28T03:03:41.335202Z"",""no_price_dollars"":""0.7400"",""taker_side"":""no"",""ticker"":""KXETH15M-26APR272315-15"",""trade_id"":""c65aeb58-96f7-4649-eb6e-009a1a902efa"",""yes_price_dollars"":""0.2600""}"
KXETH15M-26APR272315-15,d1c2fe45-d167-449d-f85e-72bf52aa7cfa,1777345423,0.26,33.17,no,"{""count_fp"":""33.17"",""created_time"":""2026-04-28T03:03:43.915243Z"",""no_price_dollars"":""0.7400"",""taker_side"":""no"",""ticker"":""KXETH15M-26APR272315-15"",""trade_id"":""d1c2fe45-d167-449d-f85e-72bf52aa7cfa"",""yes_price_dollars"":""0.2600""}"
KXETH15M-26APR272315-15,fe1024ec-5315-4d61-0c18-9cd192b04ef9,1777345426,0.26,3.65,yes,"{""count_fp"":""3.65"",""created_time"":""2026-04-28T03:03:46.732254Z"",""no_price_dollars"":""0.7400"",""taker_side"":""yes"",""ticker"":""KXETH15M-26APR272315-15"",""trade_id"":""fe1024ec-5315-4d61-0c18-9cd192b04ef9"",""yes_price_dollars"":""0.2600""}"
KXETH15M-26APR272315-15,2954aacf-3f81-548f-e169-8c602c4d1b0b,1777345426,0.25,4.0,no,"{""count_fp"":""4.00"",""created_time"":""2026-04-28T03:03:46.193664Z"",""no_price_dollars"":""0.7500"",""taker_side"":""no"",""ticker"":""KXETH15M-26APR272315-15"",""trade_id"":""2954aacf-3f81-548f-e169-8c602c4d1b0b"",""yes_price_dollars"":""0.2500""}"
KXETH15M-26APR272315-15,cdc01de4-2209-4178-52dd-43c8c91e96e3,1777345427,0.29,61.39,yes,"{""count_fp"":""61.39"",""created_time"":""2026-04-28T03:03:47.302976Z"",""no_price_dollars"":""0.7100"",""taker_side"":""yes"",""ticker"":""KXETH15M-26APR272315-15"",""trade_id"":""cdc01de4-2209-4178-52dd-43c8c91e96e3"",""yes_price_dollars"":""0.2900""}"
KXETH15M-26APR272315-15,4d98ee8c-1930-4e0e-76fa-c52e44a3c22d,1777345427,0.27,10.0,yes,"{""count_fp"":""10.00"",""created_time"":""2026-04-28T03:03:47.302976Z"",""no_price_dollars"":""0.7300"",""taker_side"":""yes"",""ticker"":""KXETH15M-26APR272315-15"",""trade_id"":""4d98ee8c-1930-4e0e-76fa-c52e44a3c22d"",""yes_price_dollars"":""0.2700""}"
KXETH15M-26APR272315-15,410fdc55-1165-4861-4a9b-2f89914346ed,1777345427,0.26,100.0,yes,"{""count_fp"":""100.00"",""created_time"":""2026-04-28T03:03:47.302976Z"",""no_price_dollars"":""0.7400"",""taker_side"":""yes"",""ticker"":""KXETH15M-26APR272315-15"",""trade_id"":""410fdc55-1165-4861-4a9b-2f89914346ed"",""yes_price_dollars"":""0.2600""}"
KXETH15M-26APR272315-15,3f408def-f40e-4204-549f-948c287fbf50,1777345427,0.28,25.0,yes,"{""count_fp"":""25.00"",""created_time"":""2026-04-28T03:03:47.302976Z"",""no_price_dollars"":""0.7200"",""taker_side"":""yes"",""ticker"":""KXETH15M-26APR272315-15"",""trade_id"":""3f408def-f40e-4204-549f-948c287fbf50"",""yes_price_dollars"":""0.2800""}"
KXETH15M-26APR272315-15,f291dfce-b9d4-59c6-e3b2-80953ef15e62,1777345428,0.24,5.0,no,"{""count_fp"":""5.00"",""created_time"":""2026-04-28T03:03:48.633747Z"",""no_price_dollars"":""0.7600"",""taker_side"":""no"",""ticker"":""KXETH15M-26APR272315-15"",""trade_id"":""f291dfce-b9d4-59c6-e3b2-80953ef15e62"",""yes_price_dollars"":""0.2400""}"
KXETH15M-26APR272315-15,b5b8ea30-194f-6ec5-a4b2-9aa11484a27e,1777345433,0.23,1.0,no,"{""count_fp"":""1.00"",""created_time"":""2026-04-28T03:03:53.149159Z"",""no_price_dollars"":""0.7700"",""taker_side"":""no"",""ticker"":""KXETH15M-26APR272315-15"",""trade_id"":""b5b8ea30-194f-6ec5-a4b2-9aa11484a27e"",""yes_price_dollars"":""0.2300""}"
KXETH15M-26APR272315-15,1189a5d1-b42b-665f-1037-bb1af89e7fdc,1777345434,0.26,33.17,yes,"{""count_fp"":""33.17"",""created_time"":""2026-04-28T03:03:54.881759Z"",""no_price_dollars"":""0.7400"",""taker_side"":""yes"",""ticker"":""KXETH15M-26APR272315-15"",""trade_id"":""1189a5d1-b42b-665f-1037-bb1af89e7fdc"",""yes_price_dollars"":""0.2600""}"
KXETH15M-26APR272315-15,f8464155-5c9b-5983-8c23-7530879a061c,1777345436,0.26,36.56,yes,"{""count_fp"":""36.56"",""created_time"":""2026-04-28T03:03:56.976848Z"",""no_price_dollars"":""0.7400"",""taker_side"":""yes"",""ticker"":""KXETH15M-26APR272315-15"",""trade_id"":""f8464155-5c9b-5983-8c23-7530879a061c"",""yes_price_dollars"":""0.2600""}"
KXETH15M-26APR272315-15,0bb511b4-976b-601f-f0b2-98660b511c2f,1777345443,0.28,10.0,yes,"{""count_fp"":""10.00"",""created_time"":""2026-04-28T03:04:03.748117Z"",""no_price_dollars"":""0.7200"",""taker_side"":""yes"",""ticker"":""KXETH15M-26APR272315-15"",""trade_id"":""0bb511b4-976b-601f-f0b2-98660b511c2f"",""yes_price_dollars"":""0.2800""}"
KXETH15M-26APR272315-15,c56d9d59-96d7-4eb5-e4d9-8351a0ad225c,1777345443,0.26,2.0,yes,"{""count_fp"":""2.00"",""created_time"":""2026-04-28T03:04:03.282957Z"",""no_price_dollars"":""0.7400"",""taker_side"":""yes"",""ticker"":""KXETH15M-26APR272315-15"",""trade_id"":""c56d9d59-96d7-4eb5-e4d9-8351a0ad225c"",""yes_price_dollars"":""0.2600""}"
KXETH15M-26APR272315-15,a832a830-f2b7-4807-d513-45c55a2a5828,1777345443,0.26,100.0,yes,"{""count_fp"":""100.00"",""created_time"":""2026-04-28T03:04:03.282957Z"",""no_price_dollars"":""0.7400"",""taker_side"":""yes"",""ticker"":""KXETH15M-26APR272315-15"",""trade_id"":""a832a830-f2b7-4807-d513-45c55a2a5828"",""yes_price_dollars"":""0.2600""}"
KXETH15M-26APR272315-15,e84b60d3-6034-491a-73ed-b3984ea55656,1777345443,0.25,10.0,no,"{""count_fp"":""10.00"",""created_time"":""2026-04-28T03:04:03.119063Z"",""no_price_dollars"":""0.7500"",""taker_side"":""no"",""ticker"":""KXETH15M-26APR272315-15"",""trade_id"":""e84b60d3-6034-491a-73ed-b3984ea55656"",""yes_price_dollars"":""0.2500""}"
KXETH15M-26APR272315-15,67d3c81f-e4c9-41ac-4d6f-8c5d3515d88b,1777345443,0.23,10.0,no,"{""count_fp"":""10.00"",""created_time"":""2026-04-28T03:04:03.119063Z"",""no_price_dollars"":""0.7700"",""taker_side"":""no"",""ticker"":""KXETH15M-26APR272315-15"",""trade_id"":""67d3c81f-e4c9-41ac-4d6f-8c5d3515d88b"",""yes_price_dollars"":""0.2300""}"
KXETH15M-26APR272315-15,6fc8e224-7423-654b-95e7-aab724a2a842,1777345444,0.33,1.0,yes,"{""count_fp"":""1.00"",""created_time"":""2026-04-28T03:04:04.803591Z"",""no_price_dollars"":""0.6700"",""taker_side"":""yes"",""ticker"":""KXETH15M-26APR272315-15"",""trade_id"":""6fc8e224-7423-654b-95e7-aab724a2a842"",""yes_price_dollars"":""0.3300""}"
KXETH15M-26APR272315-15,58b06f3b-77b1-611c-5308-1bf83a3361d1,1777345444,0.31,40.0,yes,"{""count_fp"":""40.00"",""created_time"":""2026-04-28T03:04:04.085005Z"",""no_price_dollars"":""0.6900"",""taker_side"":""yes"",""ticker"":""KXETH15M-26APR272315-15"",""trade_id"":""58b06f3b-77b1-611c-5308-1bf83a3361d1"",""yes_price_dollars"":""0.3100""}"
KXETH15M-26APR272315-15,fda2fd53-3e1d-61ec-6d55-d1ffcbc70f7d,1777345446,0.33,8.68,yes,"{""count_fp"":""8.68"",""created_time"":""2026-04-28T03:04:06.677314Z"",""no_price_dollars"":""0.6700"",""taker_side"":""yes"",""ticker"":""KXETH15M-26APR272315-15"",""trade_id"":""fda2fd53-3e1d-61ec-6d55-d1ffcbc70f7d"",""yes_price_dollars"":""0.3300""}"
KXETH15M-26APR272315-15,3b226f62-5c3b-574c-73b6-ee5738a3031b,1777345449,0.28,7.62,yes,"{""count_fp"":""7.62"",""created_time"":""2026-04-28T03:04:09.902806Z"",""no_price_dollars"":""0.7200"",""taker_side"":""yes"",""ticker"":""KXETH15M-26APR272315-15"",""trade_id"":""3b226f62-5c3b-574c-73b6-ee5738a3031b"",""yes_price_dollars"":""0.2800""}"
KXETH15M-26APR272315-15,ff39462f-c671-4aa0-7306-5d0ad610986f,1777345454,0.24,40.39,yes,"{""count_fp"":""40.39"",""created_time"":""2026-04-28T03:04:14.420524Z"",""no_price_dollars"":""0.7600"",""taker_side"":""yes"",""ticker"":""KXETH15M-26APR272315-15"",""trade_id"":""ff39462f-c671-4aa0-7306-5d0ad610986f"",""yes_price_dollars"":""0.2400""}"
KXETH15M-26APR272315-15,f6c2147d-bd42-45d2-7808-3a651b037afc,1777345454,0.23,25.0,yes,"{""count_fp"":""25.00"",""created_time"":""2026-04-28T03:04:14.420524Z"",""no_price_dollars"":""0.7700"",""taker_side"":""yes"",""ticker"":""KXETH15M-26APR272315-15"",""trade_id"":""f6c2147d-bd42-45d2-7808-3a651b037afc"",""yes_price_dollars"":""0.2300""}"
KXETH15M-26APR272315-15,c2549107-ca57-4fcb-4fa0-718481e2afd6,1777345454,0.22,98.18,yes,"{""count_fp"":""98.18"",""created_time"":""2026-04-28T03:04:14.420524Z"",""no_price_dollars"":""0.7800"",""taker_side"":""yes"",""ticker"":""KXETH15M-26APR272315-15"",""trade_id"":""c2549107-ca57-4fcb-4fa0-718481e2afd6"",""yes_price_dollars"":""0.2200""}"
KXETH15M-26APR272315-15,938a5367-8a92-462a-6690-be8ab6b73d7b,1777345454,0.23,10.0,yes,"{""count_fp"":""10.00"",""created_time"":""2026-04-28T03:04:14.420524Z"",""no_price_dollars"":""0.7700"",""taker_side"":""yes"",""ticker"":""KXETH15M-26APR272315-15"",""trade_id"":""938a5367-8a92-462a-6690-be8ab6b73d7b"",""yes_price_dollars"":""0.2300""}"
KXETH15M-26APR272315-15,bc919cbc-c82f-697f-028f-31fef87f8d0a,1777345454,0.22,1.82,yes,"{""count_fp"":""1.82"",""created_time"":""2026-04-28T03:04:14.342001Z"",""no_price_dollars"":""0.7800"",""taker_side"":""yes"",""ticker"":""KXETH15M-26APR272315-15"",""trade_id"":""bc919cbc-c82f-697f-028f-31fef87f8d0a"",""yes_price_dollars"":""0.2200""}"
KXETH15M-26APR272315-15,9c31cae2-ff92-6b12-31e2-df56d5b1d234,1777345458,0.23,1.9,yes,"{""count_fp"":""1.90"",""created_time"":""2026-04-28T03:04:18.113808Z"",""no_price_dollars"":""0.7700"",""taker_side"":""yes"",""ticker"":""KXETH15M-26APR272315-15"",""trade_id"":""9c31cae2-ff92-6b12-31e2-df56d5b1d234"",""yes_price_dollars"":""0.2300""}"
KXETH15M-26APR272315-15,ed084281-f132-5b6c-d8aa-2f77ffc191ff,1777345463,0.24,8.0,yes,"{""count_fp"":""8.00"",""created_time"":""2026-04-28T03:04:23.551978Z"",""no_price_dollars"":""0.7600"",""taker_side"":""yes"",""ticker"":""KXETH15M-26APR272315-15"",""trade_id"":""ed084281-f132-5b6c-d8aa-2f77ffc191ff"",""yes_price_dollars"":""0.2400""}"
KXETH15M-26APR272315-15,94b2d869-2652-5d2a-95b4-f4230b95d000,1777345465,0.24,2.05,yes,"{""count_fp"":""2.05"",""created_time"":""2026-04-28T03:04:25.393814Z"",""no_price_dollars"":""0.7600"",""taker_side"":""yes"",""ticker"":""KXETH15M-26APR272315-15"",""trade_id"":""94b2d869-2652-5d2a-95b4-f4230b95d000"",""yes_price_dollars"":""0.2400""}"
KXETH15M-26APR272315-15,523b1c60-d2f2-5da8-87e3-0b2e1b8fa507,1777345465,0.24,1.0,yes,"{""count_fp"":""1.00"",""created_time"":""2026-04-28T03:04:25.393814Z"",""no_price_dollars"":""0.7600"",""taker_side"":""yes"",""ticker"":""KXETH15M-26APR272315-15"",""trade_id"":""523b1c60-d2f2-5da8-87e3-0b2e1b8fa507"",""yes_price_dollars"":""0.2400""}"
KXETH15M-26APR272315-15,35ff0aa4-b686-680a-e29e-4596774edb10,1777345467,0.25,7.62,yes,"{""count_fp"":""7.62"",""created_time"":""2026-04-28T03:04:27.258332Z"",""no_price_dollars"":""0.7500"",""taker_side"":""yes"",""ticker"":""KXETH15M-26APR272315-15"",""trade_id"":""35ff0aa4-b686-680a-e29e-4596774edb10"",""yes_price_dollars"":""0.2500""}"
KXETH15M-26APR272315-15,313f9c67-0f1e-61aa-5dde-6401a2e9d760,1777345470,0.23,3.8,yes,"{""count_fp"":""3.80"",""created_time"":""2026-04-28T03:04:30.166469Z"",""no_price_dollars"":""0.7700"",""taker_side"":""yes"",""ticker"":""KXETH15M-26APR272315-15"",""trade_id"":""313f9c67-0f1e-61aa-5dde-6401a2e9d760"",""yes_price_dollars"":""0.2300""}"
KXETH15M-26APR272315-15,30af855f-fbd6-4406-3799-fe52d34bfe8c,1777345471,0.23,19.0,yes,"{""count_fp"":""19.00"",""created_time"":""2026-04-28T03:04:31.920527Z"",""no_price_dollars"":""0.7700"",""taker_side"":""yes"",""ticker"":""KXETH15M-26APR272315-15"",""trade_id"":""30af855f-fbd6-4406-3799-fe52d34bfe8c"",""yes_price_dollars"":""0.2300""}"
KXETH15M-26APR272315-15,ee8be5e6-966c-526f-b645-c8a143fa8bc6,1777345472,0.2,10.0,no,"{""count_fp"":""10.00"",""created_time"":""2026-04-28T03:04:32.402164Z"",""no_price_dollars"":""0.8000"",""taker_side"":""no"",""ticker"":""KXETH15M-26APR272315-15"",""trade_id"":""ee8be5e6-966c-526f-b645-c8a143fa8bc6"",""yes_price_dollars"":""0.2000""}"
KXETH15M-26APR272315-15,c8b1a22e-beed-5c0a-9ef8-9561533cb583,1777345472,0.19,11.0,no,"{""count_fp"":""11.00"",""created_time"":""2026-04-28T03:04:32.402164Z"",""no_price_dollars"":""0.8100"",""taker_side"":""no"",""ticker"":""KXETH15M-26APR272315-15"",""trade_id"":""c8b1a22e-beed-5c0a-9ef8-9561533cb583"",""yes_price_dollars"":""0.1900""}"
KXETH15M-26APR272315-15,f89cb6a8-cbaa-65ba-22a5-d516016c3f0c,1777345473,0.21,12.37,yes,"{""count_fp"":""12.37"",""created_time"":""2026-04-28T03:04:33.288362Z"",""no_price_dollars"":""0.7900"",""taker_side"":""yes"",""ticker"":""KXETH15M-26APR272315-15"",""trade_id"":""f89cb6a8-cbaa-65ba-22a5-d516016c3f0c"",""yes_price_dollars"":""0.2100""}"
KXETH15M-26APR272315-15,04c89053-6faa-7ca4-6c5d-944e163fec19,1777345477,0.18,4.95,yes,"{""count_fp"":""4.95"",""created_time"":""2026-04-28T03:04:37.219247Z"",""no_price_dollars"":""0.8200"",""taker_side"":""yes"",""ticker"":""KXETH15M-26APR272315-15"",""trade_id"":""04c89053-6faa-7ca4-6c5d-944e163fec19"",""yes_price_dollars"":""0.1800""}"
KXETH15M-26APR272315-15,52a23e04-c2bc-7774-8979-fbcdd9e9ea2b,1777345480,0.18,5.25,yes,"{""count_fp"":""5.25"",""created_time"":""2026-04-28T03:04:40.431187Z"",""no_price_dollars"":""0.8200"",""taker_side"":""yes"",""ticker"":""KXETH15M-26APR272315-15"",""trade_id"":""52a23e04-c2bc-7774-8979-fbcdd9e9ea2b"",""yes_price_dollars"":""0.1800""}"
KXETH15M-26APR272315-15,c9dad3d7-9a4c-71d0-f6e6-b01b413b9267,1777345480,0.18,5.25,yes,"{""count_fp"":""5.25"",""created_time"":""2026-04-28T03:04:40.089379Z"",""no_price_dollars"":""0.8200"",""taker_side"":""yes"",""ticker"":""KXETH15M-26APR272315-15"",""trade_id"":""c9dad3d7-9a4c-71d0-f6e6-b01b413b9267"",""yes_price_dollars"":""0.1800""}"
KXETH15M-26APR272315-15,5174b6f5-3f74-650c-cd49-3f45a2c5b63f,1777345487,0.19,4.71,yes,"{""count_fp"":""4.71"",""created_time"":""2026-04-28T03:04:47.212969Z"",""no_price_dollars"":""0.8100"",""taker_side"":""yes"",""ticker"":""KXETH15M-26APR272315-15"",""trade_id"":""5174b6f5-3f74-650c-cd49-3f45a2c5b63f"",""yes_price_dollars"":""0.1900""}"
KXETH15M-26APR272315-15,96dfac1b-f494-6330-269e-d29218429f33,1777345487,0.19,4.51,yes,"{""count_fp"":""4.51"",""created_time"":""2026-04-28T03:04:47.162694Z"",""no_price_dollars"":""0.8100"",""taker_side"":""yes"",""ticker"":""KXETH15M-26APR272315-15"",""trade_id"":""96dfac1b-f494-6330-269e-d29218429f33"",""yes_price_dollars"":""0.1900""}"
KXETH15M-26APR272315-15,802f3543-d4c5-4114-d70a-37bdb917a502,1777345491,0.17,5.0,no,"{""count_fp"":""5.00"",""created_time"":""2026-04-28T03:04:51.435917Z"",""no_price_dollars"":""0.8300"",""taker_side"":""no"",""ticker"":""KXETH15M-26APR272315-15"",""trade_id"":""802f3543-d4c5-4114-d70a-37bdb917a502"",""yes_price_dollars"":""0.1700""}"
KXETH15M-26APR272315-15,84cf0418-13ec-7081-e4a7-bf87c1a4db6c,1777345494,0.16,1.0,no,"{""count_fp"":""1.00"",""created_time"":""2026-04-28T03:04:54.388852Z"",""no_price_dollars"":""0.8400"",""taker_side"":""no"",""ticker"":""KXETH15M-26APR272315-15"",""trade_id"":""84cf0418-13ec-7081-e4a7-bf87c1a4db6c"",""yes_price_dollars"":""0.1600""}"
KXETH15M-26APR272315-15,5b211375-0ab7-72ba-d6d6-35e2d892b008,1777345494,0.15,0.82,no,"{""count_fp"":""0.82"",""created_time"":""2026-04-28T03:04:54.388852Z"",""no_price_dollars"":""0.8500"",""taker_side"":""no"",""ticker"":""KXETH15M-26APR272315-15"",""trade_id"":""5b211375-0ab7-72ba-d6d6-35e2d892b008"",""yes_price_dollars"":""0.1500""}"
KXETH15M-26APR272315-15,2a9dfeb9-e97c-404c-b6bb-ddd1350b98d7,1777345495,0.18,100.0,yes,"{""count_fp"":""100.00"",""created_time"":""2026-04-28T03:04:55.064378Z"",""no_price_dollars"":""0.8200"",""taker_side"":""yes"",""ticker"":""KXETH15M-26APR272315-15"",""trade_id"":""2a9dfeb9-e97c-404c-b6bb-ddd1350b98d7"",""yes_price_dollars"":""0.1800""}"
KXETH15M-26APR272315-15,1ed42a96-cdca-4c3e-b422-f994ef0d861e,1777345495,0.19,4.78,yes,"{""count_fp"":""4.78"",""created_time"":""2026-04-28T03:04:55.064378Z"",""no_price_dollars"":""0.8100"",""taker_side"":""yes"",""ticker"":""KXETH15M-26APR272315-15"",""trade_id"":""1ed42a96-cdca-4c3e-b422-f994ef0d861e"",""yes_price_dollars"":""0.1900""}"
KXETH15M-26APR272315-15,d79108dc-2db4-67fe-229d-3f812bb20678,1777345497,0.18,5.25,yes,"{""count_fp"":""5.25"",""created_time"":""2026-04-28T03:04:57.528785Z"",""no_price_dollars"":""0.8200"",""taker_side"":""yes"",""ticker"":""KXETH15M-26APR272315-15"",""trade_id"":""d79108dc-2db4-67fe-229d-3f812bb20678"",""yes_price_dollars"":""0.1800""}"
KXETH15M-26APR272315-15,f76d0df1-8813-7e30-5f1f-a75940d63cf2,1777345498,0.15,8.0,no,"{""count_fp"":""8.00"",""created_time"":""2026-04-28T03:04:58.631Z"",""no_price_dollars"":""0.8500"",""taker_side"":""no"",""ticker"":""KXETH15M-26APR272315-15"",""trade_id"":""f76d0df1-8813-7e30-5f1f-a75940d63cf2"",""yes_price_dollars"":""0.1500""}"
KXETH15M-26APR272315-15,4087f65e-ff82-5eac-b560-286b1e104a2b,1777345499,0.17,78.8,yes,"{""count_fp"":""78.80"",""created_time"":""2026-04-28T03:04:59.606156Z"",""no_price_dollars"":""0.8300"",""taker_side"":""yes"",""ticker"":""KXETH15M-26APR272315-15"",""trade_id"":""4087f65e-ff82-5eac-b560-286b1e104a2b"",""yes_price_dollars"":""0.1700""}"
KXETH15M-26APR272315-15,3b199938-5011-446e-32d3-e0bc7f45ac79,1777345500,0.15,1.0,no,"{""count_fp"":""1.00"",""created_time"":""2026-04-28T03:05:00.153931Z"",""no_price_dollars"":""0.8500"",""taker_side"":""no"",""ticker"":""KXETH15M-26APR272315-15"",""trade_id"":""3b199938-5011-446e-32d3-e0bc7f45ac79"",""yes_price_dollars"":""0.1500""}"
KXETH15M-26APR272315-15,493927d7-3ef5-5727-030a-8f6adad79f41,1777345501,0.14,10.0,no,"{""count_fp"":""10.00"",""created_time"":""2026-04-28T03:05:01.450911Z"",""no_price_dollars"":""0.8600"",""taker_side"":""no"",""ticker"":""KXETH15M-26APR272315-15"",""trade_id"":""493927d7-3ef5-5727-030a-8f6adad79f41"",""yes_price_dollars"":""0.1400""}"
KXETH15M-26APR272315-15,93d4f3c8-167e-5dcc-22c7-02d72e908883,1777345501,0.17,27.0,yes,"{""count_fp"":""27.00"",""created_time"":""2026-04-28T03:05:01.049285Z"",""no_price_dollars"":""0.8300"",""taker_side"":""yes"",""ticker"":""KXETH15M-26APR272315-15"",""trade_id"":""93d4f3c8-167e-5dcc-22c7-02d72e908883"",""yes_price_dollars"":""0.1700""}"
KXETH15M-26APR272315-15,b7ffa322-832b-62a2-37fd-52b9c0bd288b,1777345502,0.13,10.0,no,"{""count_fp"":""10.00"",""created_time"":""2026-04-28T03:05:02.456446Z"",""no_price_dollars"":""0.8700"",""taker_side"":""no"",""ticker"":""KXETH15M-26APR272315-15"",""trade_id"":""b7ffa322-832b-62a2-37fd-52b9c0bd288b"",""yes_price_dollars"":""0.1300""}"
KXETH15M-26APR272315-15,c56363ac-8b81-7aa9-e2c7-71eb4d9164e5,1777345503,0.13,6.0,no,"{""count_fp"":""6.00"",""created_time"":""2026-04-28T03:05:03.138084Z"",""no_price_dollars"":""0.8700"",""taker_side"":""no"",""ticker"":""KXETH15M-26APR272315-15"",""trade_id"":""c56363ac-8b81-7aa9-e2c7-71eb4d9164e5"",""yes_price_dollars"":""0.1300""}"
KXETH15M-26APR272315-15,5e0a177e-b5b0-7488-fd14-346cf8ef0dba,1777345503,0.12,52.0,no,"{""count_fp"":""52.00"",""created_time"":""2026-04-28T03:05:03.138084Z"",""no_price_dollars"":""0.8800"",""taker_side"":""no"",""ticker"":""KXETH15M-26APR272315-15"",""trade_id"":""5e0a177e-b5b0-7488-fd14-346cf8ef0dba"",""yes_price_dollars"":""0.1200""}"
KXETH15M-26APR272315-15,d708d654-e1e2-66cc-f8fd-898e5fe3e5a6,1777345504,0.15,38.5,yes,"{""count_fp"":""38.50"",""created_time"":""2026-04-28T03:05:04.644288Z"",""no_price_dollars"":""0.8500"",""taker_side"":""yes"",""ticker"":""KXETH15M-26APR272315-15"",""trade_id"":""d708d654-e1e2-66cc-f8fd-898e5fe3e5a6"",""yes_price_dollars"":""0.1500""}"
KXETH15M-26APR272315-15,d7d0b749-3f78-5c37-5043-80dc753fc89e,1777345518,0.18,7.22,no,"{""count_fp"":""7.22"",""created_time"":""2026-04-28T03:05:18.945867Z"",""no_price_dollars"":""0.8200"",""taker_side"":""no"",""ticker"":""KXETH15M-26APR272315-15"",""trade_id"":""d7d0b749-3f78-5c37-5043-80dc753fc89e"",""yes_price_dollars"":""0.1800""}"
KXETH15M-26APR272315-15,74f457b6-a13a-5d25-b762-40492f6bc9cd,1777345521,0.21,9.65,no,"{""count_fp"":""9.65"",""created_time"":""2026-04-28T03:05:21.242097Z"",""no_price_dollars"":""0.7900"",""taker_side"":""no"",""ticker"":""KXETH15M-26APR272315-15"",""trade_id"":""74f457b6-a13a-5d25-b762-40492f6bc9cd"",""yes_price_dollars"":""0.2100""}"
KXETH15M-26APR272315-15,4dab1bce-5e5f-5cdb-93a8-de19722a7e09,1777345521,0.21,10.0,no,"{""count_fp"":""10.00"",""created_time"":""2026-04-28T03:05:21.242097Z"",""no_price_dollars"":""0.7900"",""taker_side"":""no"",""ticker"":""KXETH15M-26APR272315-15"",""trade_id"":""4dab1bce-5e5f-5cdb-93a8-de19722a7e09"",""yes_price_dollars"":""0.2100""}"
KXETH15M-26APR272315-15,0b1f961e-a5ee-539d-9125-21f9db09ba1b,1777345521,0.21,10.0,no,"{""count_fp"":""10.00"",""created_time"":""2026-04-28T03:05:21.242097Z"",""no_price_dollars"":""0.7900"",""taker_side"":""no"",""ticker"":""KXETH15M-26APR272315-15"",""trade_id"":""0b1f961e-a5ee-539d-9125-21f9db09ba1b"",""yes_price_dollars"":""0.2100""}"
KXETH15M-26APR272315-15,e0766c37-00eb-5678-0267-9ccd9079f505,1777345528,0.24,1.0,no,"{""count_fp"":""1.00"",""created_time"":""2026-04-28T03:05:28.323775Z"",""no_price_dollars"":""0.7600"",""taker_side"":""no"",""ticker"":""KXETH15M-26APR272315-15"",""trade_id"":""e0766c37-00eb-5678-0267-9ccd9079f505"",""yes_price_dollars"":""0.2400""}"
KXETH15M-26APR272315-15,626b8362-0370-7718-6598-7f238fc018b1,1777345530,0.24,10.0,yes,"{""count_fp"":""10.00"",""created_time"":""2026-04-28T03:05:30.341006Z"",""no_price_dollars"":""0.7600"",""taker_side"":""yes"",""ticker"":""KXETH15M-26APR272315-15"",""trade_id"":""626b8362-0370-7718-6598-7f238fc018b1"",""yes_price_dollars"":""0.2400""}"
KXETH15M-26APR272315-15,5d4329d2-2cc5-7b6c-691c-3507a49e9c93,1777345530,0.25,0.02,yes,"{""count_fp"":""0.02"",""created_time"":""2026-04-28T03:05:30.341006Z"",""no_price_dollars"":""0.7500"",""taker_side"":""yes"",""ticker"":""KXETH15M-26APR272315-15"",""trade_id"":""5d4329d2-2cc5-7b6c-691c-3507a49e9c93"",""yes_price_dollars"":""0.2500""}"
KXETH15M-26APR272315-15,07c1e773-bc45-71f3-55d1-71bdce22df84,1777345530,0.25,8.0,yes,"{""count_fp"":""8.00"",""created_time"":""2026-04-28T03:05:30.341006Z"",""no_price_dollars"":""0.7500"",""taker_side"":""yes"",""ticker"":""KXETH15M-26APR272315-15"",""trade_id"":""07c1e773-bc45-71f3-55d1-71bdce22df84"",""yes_price_dollars"":""0.2500""}"
KXETH15M-26APR272315-15,d95d873b-4e1b-5102-c9ff-d9202671a828,1777345533,0.16,143.0,no,"{""count_fp"":""143.00"",""created_time"":""2026-04-28T03:05:33.899666Z"",""no_price_dollars"":""0.8400"",""taker_side"":""no"",""ticker"":""KXETH15M-26APR272315-15"",""trade_id"":""d95d873b-4e1b-5102-c9ff-d9202671a828"",""yes_price_dollars"":""0.1600""}"
KXETH15M-26APR272315-15,3b88d24e-07a4-5593-96db-2e8ae25d5b24,1777345533,0.17,39.66,no,"{""count_fp"":""39.66"",""created_time"":""2026-04-28T03:05:33.810115Z"",""no_price_dollars"":""0.8300"",""taker_side"":""no"",""ticker"":""KXETH15M-26APR272315-15"",""trade_id"":""3b88d24e-07a4-5593-96db-2e8ae25d5b24"",""yes_price_dollars"":""0.1700""}"
KXETH15M-26APR272315-15,e1c8e738-84c4-77af-fe2d-1c83cd718f70,1777345533,0.17,153.0,no,"{""count_fp"":""153.00"",""created_time"":""2026-04-28T03:05:33.795472Z"",""no_price_dollars"":""0.8300"",""taker_side"":""no"",""ticker"":""KXETH15M-26APR272315-15"",""trade_id"":""e1c8e738-84c4-77af-fe2d-1c83cd718f70"",""yes_price_dollars"":""0.1700""}"
KXETH15M-26APR272315-15,d7b43d46-271f-4219-f267-c19843651f73,1777345533,0.19,133.0,no,"{""count_fp"":""133.00"",""created_time"":""2026-04-28T03:05:33.772525Z"",""no_price_dollars"":""0.8100"",""taker_side"":""no"",""ticker"":""KXETH15M-26APR272315-15"",""trade_id"":""d7b43d46-271f-4219-f267-c19843651f73"",""yes_price_dollars"":""0.1900""}"
KXETH15M-26APR272315-15,c336f401-a5b1-401f-d309-b46d5b37da66,1777345533,0.19,10.0,no,"{""count_fp"":""10.00"",""created_time"":""2026-04-28T03:05:33.772525Z"",""no_price_dollars"":""0.8100"",""taker_side"":""no"",""ticker"":""KXETH15M-26APR272315-15"",""trade_id"":""c336f401-a5b1-401f-d309-b46d5b37da66"",""yes_price_dollars"":""0.1900""}"
KXETH15M-26APR272315-15,903a6765-bddc-5000-389e-f46636c9546a,1777345535,0.13,5.25,yes,"{""count_fp"":""5.25"",""created_time"":""2026-04-28T03:05:35.704845Z"",""no_price_dollars"":""0.8700"",""taker_side"":""yes"",""ticker"":""KXETH15M-26APR272315-15"",""trade_id"":""903a6765-bddc-5000-389e-f46636c9546a"",""yes_price_dollars"":""0.1300""}"
KXETH15M-26APR272315-15,3964c434-8720-5128-1fbc-df1972f586d2,1777345535,0.13,1.0,yes,"{""count_fp"":""1.00"",""created_time"":""2026-04-28T03:05:35.704845Z"",""no_price_dollars"":""0.8700"",""taker_side"":""yes"",""ticker"":""KXETH15M-26APR272315-15"",""trade_id"":""3964c434-8720-5128-1fbc-df1972f586d2"",""yes_price_dollars"":""0.1300""}"
KXETH15M-26APR272315-15,1511817c-f74c-6eed-d848-bb1199d3a310,1777345537,0.12,10.0,yes,"{""count_fp"":""10.00"",""created_time"":""2026-04-28T03:05:37.146307Z"",""no_price_dollars"":""0.8800"",""taker_side"":""yes"",""ticker"":""KXETH15M-26APR272315-15"",""trade_id"":""1511817c-f74c-6eed-d848-bb1199d3a310"",""yes_price_dollars"":""0.1200""}"
KXETH15M-26APR272315-15,86045030-5d9b-4cb0-02e8-95fadf55b902,1777345538,0.12,12.0,yes,"{""count_fp"":""12.00"",""created_time"":""2026-04-28T03:05:38.639338Z"",""no_price_dollars"":""0.8800"",""taker_side"":""yes"",""ticker"":""KXETH15M-26APR272315-15"",""trade_id"":""86045030-5d9b-4cb0-02e8-95fadf55b902"",""yes_price_dollars"":""0.1200""}"
KXETH15M-26APR272315-15,ac5c33b2-5826-4b76-5833-8a78cf2aac39,1777345539,0.11,5.0,no,"{""count_fp"":""5.00"",""created_time"":""2026-04-28T03:05:39.714823Z"",""no_price_dollars"":""0.8900"",""taker_side"":""no"",""ticker"":""KXETH15M-26APR272315-15"",""trade_id"":""ac5c33b2-5826-4b76-5833-8a78cf2aac39"",""yes_price_dollars"":""0.1100""}"
KXETH15M-26APR272315-15,0db71b36-fc3f-4986-4eb8-99ff1a7e5f42,1777345539,0.11,1.0,no,"{""count_fp"":""1.00"",""created_time"":""2026-04-28T03:05:39.714823Z"",""no_price_dollars"":""0.8900"",""taker_side"":""no"",""ticker"":""KXETH15M-26APR272315-15"",""trade_id"":""0db71b36-fc3f-4986-4eb8-99ff1a7e5f42"",""yes_price_dollars"":""0.1100""}"
KXETH15M-26APR272315-15,f6d7e9aa-10b9-5d55-1366-6a3d6445e818,1777345540,0.08,1.0,no,"{""count_fp"":""1.00"",""created_time"":""2026-04-28T03:05:40.168537Z"",""no_price_dollars"":""0.9200"",""taker_side"":""no"",""ticker"":""KXETH15M-26APR272315-15"",""trade_id"":""f6d7e9aa-10b9-5d55-1366-6a3d6445e818"",""yes_price_dollars"":""0.0800""}"
KXETH15M-26APR272315-15,c6870554-2d02-5e45-06c9-c5c3ea669a0e,1777345540,0.081,10.0,no,"{""count_fp"":""10.00"",""created_time"":""2026-04-28T03:05:40.168537Z"",""no_price_dollars"":""0.9190"",""taker_side"":""no"",""ticker"":""KXETH15M-26APR272315-15"",""trade_id"":""c6870554-2d02-5e45-06c9-c5c3ea669a0e"",""yes_price_dollars"":""0.0810""}"
KXETH15M-26APR272315-15,a93682d0-4b3a-5aa2-1a6e-f003a6bff194,1777345540,0.1,4.0,no,"{""count_fp"":""4.00"",""created_time"":""2026-04-28T03:05:40.168537Z"",""no_price_dollars"":""0.9000"",""taker_side"":""no"",""ticker"":""KXETH15M-26APR272315-15"",""trade_id"":""a93682d0-4b3a-5aa2-1a6e-f003a6bff194"",""yes_price_dollars"":""0.1000""}"
KXETH15M-26APR272315-15,8ba22772-ea73-5195-0069-6587926db214,1777345540,0.08,3.0,no,"{""count_fp"":""3.00"",""created_time"":""2026-04-28T03:05:40.168537Z"",""no_price_dollars"":""0.9200"",""taker_side"":""no"",""ticker"":""KXETH15M-26APR272315-15"",""trade_id"":""8ba22772-ea73-5195-0069-6587926db214"",""yes_price_dollars"":""0.0800""}"
KXETH15M-26APR272315-15,7bde495a-be38-539c-3096-5486cfa302af,1777345540,0.09,3.0,no,"{""count_fp"":""3.00"",""created_time"":""2026-04-28T03:05:40.168537Z"",""no_price_dollars"":""0.9100"",""taker_side"":""no"",""ticker"":""KXETH15M-26APR272315-15"",""trade_id"":""7bde495a-be38-539c-3096-5486cfa302af"",""yes_price_dollars"":""0.0900""}"
KXETH15M-26APR272315-15,79930eb3-c9b3-5502-02f2-9ffc4551cde9,1777345540,0.09,1.0,no,"{""count_fp"":""1.00"",""created_time"":""2026-04-28T03:05:40.168537Z"",""no_price_dollars"":""0.9100"",""taker_side"":""no"",""ticker"":""KXETH15M-26APR272315-15"",""trade_id"":""79930eb3-c9b3-5502-02f2-9ffc4551cde9"",""yes_price_dollars"":""0.0900""}"
KXETH15M-26APR272315-15,7531c924-a87d-5278-2a04-e68460e1ffff,1777345540,0.09,4.0,no,"{""count_fp"":""4.00"",""created_time"":""2026-04-28T03:05:40.168537Z"",""no_price_dollars"":""0.9100"",""taker_side"":""no"",""ticker"":""KXETH15M-26APR272315-15"",""trade_id"":""7531c924-a87d-5278-2a04-e68460e1ffff"",""yes_price_dollars"":""0.0900""}"
KXETH15M-26APR272315-15,57c502ca-ed79-5fd9-0f19-6e5b81c2739d,1777345540,0.08,6.0,no,"{""count_fp"":""6.00"",""created_time"":""2026-04-28T03:05:40.168537Z"",""no_price_dollars"":""0.9200"",""taker_side"":""no"",""ticker"":""KXETH15M-26APR272315-15"",""trade_id"":""57c502ca-ed79-5fd9-0f19-6e5b81c2739d"",""yes_price_dollars"":""0.0800""}"
KXETH15M-26APR272315-15,50f2f8a3-c716-51c1-34d8-720d29ad8f62,1777345540,0.1,1.0,no,"{""count_fp"":""1.00"",""created_time"":""2026-04-28T03:05:40.168537Z"",""no_price_dollars"":""0.9000"",""taker_side"":""no"",""ticker"":""KXETH15M-26APR272315-15"",""trade_id"":""50f2f8a3-c716-51c1-34d8-720d29ad8f62"",""yes_price_dollars"":""0.1000""}"
KXETH15M-26APR272315-15,25af2a2f-029e-5ba1-2f71-e1d8274c8eda,1777345540,0.1,3.0,no,"{""count_fp"":""3.00"",""created_time"":""2026-04-28T03:05:40.168537Z"",""no_price_dollars"":""0.9000"",""taker_side"":""no"",""ticker"":""KXETH15M-26APR272315-15"",""trade_id"":""25af2a2f-029e-5ba1-2f71-e1d8274c8eda"",""yes_price_dollars"":""0.1000""}"
KXETH15M-26APR272315-15,0d3208f3-aee4-5059-00d6-1bac45aa5bea,1777345540,0.1,1.0,no,"{""count_fp"":""1.00"",""created_time"":""2026-04-28T03:05:40.168537Z"",""no_price_dollars"":""0.9000"",""taker_side"":""no"",""ticker"":""KXETH15M-26APR272315-15"",""trade_id"":""0d3208f3-aee4-5059-00d6-1bac45aa5bea"",""yes_price_dollars"":""0.1000""}"
KXETH15M-26APR272315-15,0686725b-db51-5593-2bce-867aff8b0341,1777345540,0.08,1.0,no,"{""count_fp"":""1.00"",""created_time"":""2026-04-28T03:05:40.168537Z"",""no_price_dollars"":""0.9200"",""taker_side"":""no"",""ticker"":""KXETH15M-26APR272315-15"",""trade_id"":""0686725b-db51-5593-2bce-867aff8b0341"",""yes_price_dollars"":""0.0800""}"
KXETH15M-26APR272315-15,ba6adc94-77c2-47a1-7671-dc210c5f0fb2,1777345554,0.1,4.7,yes,"{""count_fp"":""4.70"",""created_time"":""2026-04-28T03:05:54.934344Z"",""no_price_dollars"":""0.9000"",""taker_side"":""yes"",""ticker"":""KXETH15M-26APR272315-15"",""trade_id"":""ba6adc94-77c2-47a1-7671-dc210c5f0fb2"",""yes_price_dollars"":""0.1000""}"
KXETH15M-26APR272315-15,cf3c9f10-e0d4-618f-2744-83b22d7e2310,1777345554,0.07,0.53,no,"{""count_fp"":""0.53"",""created_time"":""2026-04-28T03:05:54.141054Z"",""no_price_dollars"":""0.9300"",""taker_side"":""no"",""ticker"":""KXETH15M-26APR272315-15"",""trade_id"":""cf3c9f10-e0d4-618f-2744-83b22d7e2310"",""yes_price_dollars"":""0.0700""}"
KXETH15M-26APR272315-15,487d95fc-875c-735f-5cd2-f98010f51080,1777345564,0.12,29.0,no,"{""count_fp"":""29.00"",""created_time"":""2026-04-28T03:06:04.949162Z"",""no_price_dollars"":""0.8800"",""taker_side"":""no"",""ticker"":""KXETH15M-26APR272315-15"",""trade_id"":""487d95fc-875c-735f-5cd2-f98010f51080"",""yes_price_dollars"":""0.1200""}"
KXETH15M-26APR272315-15,1769ea00-9be0-7e0d-5960-967033065f21,1777345564,0.12,10.0,no,"{""count_fp"":""10.00"",""created_time"":""2026-04-28T03:06:04.949162Z"",""no_price_dollars"":""0.8800"",""taker_side"":""no"",""ticker"":""KXETH15M-26APR272315-15"",""trade_id"":""1769ea00-9be0-7e0d-5960-967033065f21"",""yes_price_dollars"":""0.1200""}"
KXETH15M-26APR272315-15,fc111b24-4504-6e8e-87d1-e3e3f3e36b4d,1777345564,0.13,7.25,yes,"{""count_fp"":""7.25"",""created_time"":""2026-04-28T03:06:04.498618Z"",""no_price_dollars"":""0.8700"",""taker_side"":""yes"",""ticker"":""KXETH15M-26APR272315-15"",""trade_id"":""fc111b24-4504-6e8e-87d1-e3e3f3e36b4d"",""yes_price_dollars"":""0.1300""}"
KXETH15M-26APR272315-15,874cd670-a874-6112-4930-7511921b22cd,1777345566,0.13,1.0,yes,"{""count_fp"":""1.00"",""created_time"":""2026-04-28T03:06:06.647866Z"",""no_price_dollars"":""0.8700"",""taker_side"":""yes"",""ticker"":""KXETH15M-26APR272315-15"",""trade_id"":""874cd670-a874-6112-4930-7511921b22cd"",""yes_price_dollars"":""0.1300""}"
KXETH15M-26APR272315-15,690b794f-d990-64ff-f1fd-1817dfb1a908,1777345567,0.1,1.0,no,"{""count_fp"":""1.00"",""created_time"":""2026-04-28T03:06:07.244613Z"",""no_price_dollars"":""0.9000"",""taker_side"":""no"",""ticker"":""KXETH15M-26APR272315-15"",""trade_id"":""690b794f-d990-64ff-f1fd-1817dfb1a908"",""yes_price_dollars"":""0.1000""}"
KXETH15M-26APR272315-15,a3f88297-8be8-6afa-f8ee-8d48b88009a1,1777345568,0.13,72.5,yes,"{""count_fp"":""72.50"",""created_time"":""2026-04-28T03:06:08.157099Z"",""no_price_dollars"":""0.8700"",""taker_side"":""yes"",""ticker"":""KXETH15M-26APR272315-15"",""trade_id"":""a3f88297-8be8-6afa-f8ee-8d48b88009a1"",""yes_price_dollars"":""0.1300""}"
KXETH15M-26APR272315-15,0d84052c-a9e0-588a-bf37-653d73b344cd,1777345569,0.13,5.8,yes,"{""count_fp"":""5.80"",""created_time"":""2026-04-28T03:06:09.665436Z"",""no_price_dollars"":""0.8700"",""taker_side"":""yes"",""ticker"":""KXETH15M-26APR272315-15"",""trade_id"":""0d84052c-a9e0-588a-bf37-653d73b344cd"",""yes_price_dollars"":""0.1300""}"
KXETH15M-26APR272315-15,ca49bcfb-2ff8-7e8a-9360-6471f4524e15,1777345569,0.13,7.23,yes,"{""count_fp"":""7.23"",""created_time"":""2026-04-28T03:06:09.525475Z"",""no_price_dollars"":""0.8700"",""taker_side"":""yes"",""ticker"":""KXETH15M-26APR272315-15"",""trade_id"":""ca49bcfb-2ff8-7e8a-9360-6471f4524e15"",""yes_price_dollars"":""0.1300""}"
KXETH15M-26APR272315-15,938ec5ff-7264-735b-20cd-edd948f2c61c,1777345570,0.1,0.73,no,"{""count_fp"":""0.73"",""created_time"":""2026-04-28T03:06:10.629658Z"",""no_price_dollars"":""0.9000"",""taker_side"":""no"",""ticker"":""KXETH15M-26APR272315-15"",""trade_id"":""938ec5ff-7264-735b-20cd-edd948f2c61c"",""yes_price_dollars"":""0.1000""}"
KXETH15M-26APR272315-15,d9d358e4-78b8-63a3-5c22-f47407369dc0,1777345574,0.1,1.1,no,"{""count_fp"":""1.10"",""created_time"":""2026-04-28T03:06:14.595571Z"",""no_price_dollars"":""0.9000"",""taker_side"":""no"",""ticker"":""KXETH15M-26APR272315-15"",""trade_id"":""d9d358e4-78b8-63a3-5c22-f47407369dc0"",""yes_price_dollars"":""0.1000""}"
KXETH15M-26APR272315-15,fca8489a-def4-6d6c-bc97-09d540fa0ad8,1777345580,0.1,1.0,yes,"{""count_fp"":""1.00"",""created_time"":""2026-04-28T03:06:20.852272Z"",""no_price_dollars"":""0.9000"",""taker_side"":""yes"",""ticker"":""KXETH15M-26APR272315-15"",""trade_id"":""fca8489a-def4-6d6c-bc97-09d540fa0ad8"",""yes_price_dollars"":""0.1000""}"
KXETH15M-26APR272315-15,90877706-4c30-65b5-b776-4b00795362ac,1777345580,0.11,10.0,yes,"{""count_fp"":""10.00"",""created_time"":""2026-04-28T03:06:20.852272Z"",""no_price_dollars"":""0.8900"",""taker_side"":""yes"",""ticker"":""KXETH15M-26APR272315-15"",""trade_id"":""90877706-4c30-65b5-b776-4b00795362ac"",""yes_price_dollars"":""0.1100""}"
KXETH15M-26APR272315-15,8f921cce-d434-698e-b798-b9d8dca26900,1777345580,0.09,5.0,yes,"{""count_fp"":""5.00"",""created_time"":""2026-04-28T03:06:20.852272Z"",""no_price_dollars"":""0.9100"",""taker_side"":""yes"",""ticker"":""KXETH15M-26APR272315-15"",""trade_id"":""8f921cce-d434-698e-b798-b9d8dca26900"",""yes_price_dollars"":""0.0900""}"
KXETH15M-26APR272315-15,80835fe7-fee3-69a3-95b2-97bc47ee9807,1777345580,0.11,10.0,yes,"{""count_fp"":""10.00"",""created_time"":""2026-04-28T03:06:20.852272Z"",""no_price_dollars"":""0.8900"",""taker_side"":""yes"",""ticker"":""KXETH15M-26APR272315-15"",""trade_id"":""80835fe7-fee3-69a3-95b2-97bc47ee9807"",""yes_price_dollars"":""0.1100""}"
KXETH15M-26APR272315-15,40fc77f6-18e2-6f56-bafe-ecd0c8d2478a,1777345580,0.12,13.38,yes,"{""count_fp"":""13.38"",""created_time"":""2026-04-28T03:06:20.852272Z"",""no_price_dollars"":""0.8800"",""taker_side"":""yes"",""ticker"":""KXETH15M-26APR272315-15"",""trade_id"":""40fc77f6-18e2-6f56-bafe-ecd0c8d2478a"",""yes_price_dollars"":""0.1200""}"
KXETH15M-26APR272315-15,6a01671f-3a94-584a-70be-2d8fab26b420,1777345583,0.072,2.14,no,"{""count_fp"":""2.14"",""created_time"":""2026-04-28T03:06:23.652621Z"",""no_price_dollars"":""0.9280"",""taker_side"":""no"",""ticker"":""KXETH15M-26APR272315-15"",""trade_id"":""6a01671f-3a94-584a-70be-2d8fab26b420"",""yes_price_dollars"":""0.0720""}"
KXETH15M-26APR272315-15,d83fbc8b-2073-4c3a-9c2f-48a997c9f11c,1777345597,0.11,4.27,yes,"{""count_fp"":""4.27"",""created_time"":""2026-04-28T03:06:37.721085Z"",""no_price_dollars"":""0.8900"",""taker_side"":""yes"",""ticker"":""KXETH15M-26APR272315-15"",""trade_id"":""d83fbc8b-2073-4c3a-9c2f-48a997c9f11c"",""yes_price_dollars"":""0.1100""}"
KXETH15M-26APR272315-15,1f6982c0-dcc8-6f27-53bc-f6333ec29b48,1777345598,0.08,36.0,no,"{""count_fp"":""36.00"",""created_time"":""2026-04-28T03:06:38.984101Z"",""no_price_dollars"":""0.9200"",""taker_side"":""no"",""ticker"":""KXETH15M-26APR272315-15"",""trade_id"":""1f6982c0-dcc8-6f27-53bc-f6333ec29b48"",""yes_price_dollars"":""0.0800""}"
KXETH15M-26APR272315-15,f9c51ce2-e504-59d2-0a2f-262e41385713,1777345607,0.087,10.0,yes,"{""count_fp"":""10.00"",""created_time"":""2026-04-28T03:06:47.382727Z"",""no_price_dollars"":""0.9130"",""taker_side"":""yes"",""ticker"":""KXETH15M-26APR272315-15"",""trade_id"":""f9c51ce2-e504-59d2-0a2f-262e41385713"",""yes_price_dollars"":""0.0870""}"
KXETH15M-26APR272315-15,a82e5531-6b04-5198-26a4-dde186a2f14f,1777345607,0.091,11.02,yes,"{""count_fp"":""11.02"",""created_time"":""2026-04-28T03:06:47.382727Z"",""no_price_dollars"":""0.9090"",""taker_side"":""yes"",""ticker"":""KXETH15M-26APR272315-15"",""trade_id"":""a82e5531-6b04-5198-26a4-dde186a2f14f"",""yes_price_dollars"":""0.0910""}"
KXETH15M-26APR272315-15,be32ebb5-88b6-7e60-5d69-f0faceb5d8d9,1777345620,0.061,3.0,no,"{""count_fp"":""3.00"",""created_time"":""2026-04-28T03:07:00.893806Z"",""no_price_dollars"":""0.9390"",""taker_side"":""no"",""ticker"":""KXETH15M-26APR272315-15"",""trade_id"":""be32ebb5-88b6-7e60-5d69-f0faceb5d8d9"",""yes_price_dollars"":""0.0610""}"
KXETH15M-26APR272315-15,0bbbbbd3-a104-64a2-9fbf-a8c3d2be08f3,1777345625,0.063,10.6,no,"{""count_fp"":""10.60"",""created_time"":""2026-04-28T03:07:05.215626Z"",""no_price_dollars"":""0.9370"",""taker_side"":""no"",""ticker"":""KXETH15M-26APR272315-15"",""trade_id"":""0bbbbbd3-a104-64a2-9fbf-a8c3d2be08f3"",""yes_price_dollars"":""0.0630""}"
KXETH15M-26APR272315-15,1976f6d8-8fa4-4d20-4167-354a57c63f57,1777345630,0.061,1.05,no,"{""count_fp"":""1.05"",""created_time"":""2026-04-28T03:07:10.205778Z"",""no_price_dollars"":""0.9390"",""taker_side"":""no"",""ticker"":""KXETH15M-26APR272315-15"",""trade_id"":""1976f6d8-8fa4-4d20-4167-354a57c63f57"",""yes_price_dollars"":""0.0610""}"
KXETH15M-26APR272315-15,1e077363-75dd-6b59-408b-69abd095d351,1777345632,0.075,12.56,yes,"{""count_fp"":""12.56"",""created_time"":""2026-04-28T03:07:12.136394Z"",""no_price_dollars"":""0.9250"",""taker_side"":""yes"",""ticker"":""KXETH15M-26APR272315-15"",""trade_id"":""1e077363-75dd-6b59-408b-69abd095d351"",""yes_price_dollars"":""0.0750""}"
KXETH15M-26APR272315-15,d4c213f8-d076-7a08-4539-e1846b19b17a,1777345636,0.06,1.0,no,"{""count_fp"":""1.00"",""created_time"":""2026-04-28T03:07:16.791206Z"",""no_price_dollars"":""0.9400"",""taker_side"":""no"",""ticker"":""KXETH15M-26APR272315-15"",""trade_id"":""d4c213f8-d076-7a08-4539-e1846b19b17a"",""yes_price_dollars"":""0.0600""}"
KXETH15M-26APR272315-15,84317a34-507f-76cc-5a10-2dffbc806bea,1777345636,0.06,1.0,no,"{""count_fp"":""1.00"",""created_time"":""2026-04-28T03:07:16.791206Z"",""no_price_dollars"":""0.9400"",""taker_side"":""no"",""ticker"":""KXETH15M-26APR272315-15"",""trade_id"":""84317a34-507f-76cc-5a10-2dffbc806bea"",""yes_price_dollars"":""0.0600""}"
KXETH15M-26APR272315-15,5b46a30d-f2ff-7c3c-6d13-19567854cdf9,1777345636,0.06,0.3,no,"{""count_fp"":""0.30"",""created_time"":""2026-04-28T03:07:16.791206Z"",""no_price_dollars"":""0.9400"",""taker_side"":""no"",""ticker"":""KXETH15M-26APR272315-15"",""trade_id"":""5b46a30d-f2ff-7c3c-6d13-19567854cdf9"",""yes_price_dollars"":""0.0600""}"
KXETH15M-26APR272315-15,18db27f5-148d-74c2-70e1-4f657788a3df,1777345636,0.06,3.0,no,"{""count_fp"":""3.00"",""created_time"":""2026-04-28T03:07:16.791206Z"",""no_price_dollars"":""0.9400"",""taker_side"":""no"",""ticker"":""KXETH15M-26APR272315-15"",""trade_id"":""18db27f5-148d-74c2-70e1-4f657788a3df"",""yes_price_dollars"":""0.0600""}"
KXETH15M-26APR272315-15,e94dc04e-60d9-4492-6687-2277ff07c453,1777345637,0.06,3.0,no,"{""count_fp"":""3.00"",""created_time"":""2026-04-28T03:07:17.145413Z"",""no_price_dollars"":""0.9400"",""taker_side"":""no"",""ticker"":""KXETH15M-26APR272315-15"",""trade_id"":""e94dc04e-60d9-4492-6687-2277ff07c453"",""yes_price_dollars"":""0.0600""}"
KXETH15M-26APR272315-15,d098fa42-a1a3-4afc-6fee-42bac2bbc4a5,1777345637,0.06,0.7,no,"{""count_fp"":""0.70"",""created_time"":""2026-04-28T03:07:17.145413Z"",""no_price_dollars"":""0.9400"",""taker_side"":""no"",""ticker"":""KXETH15M-26APR272315-15"",""trade_id"":""d098fa42-a1a3-4afc-6fee-42bac2bbc4a5"",""yes_price_dollars"":""0.0600""}"
KXETH15M-26APR272315-15,cffd365e-bd36-62de-fe7c-7851121a2455,1777345641,0.05,1.0,no,"{""count_fp"":""1.00"",""created_time"":""2026-04-28T03:07:21.079329Z"",""no_price_dollars"":""0.9500"",""taker_side"":""no"",""ticker"":""KXETH15M-26APR272315-15"",""trade_id"":""cffd365e-bd36-62de-fe7c-7851121a2455"",""yes_price_dollars"":""0.0500""}"
KXETH15M-26APR272315-15,94207620-2621-6200-d161-a0342e01767a,1777345641,0.05,3.0,no,"{""count_fp"":""3.00"",""created_time"":""2026-04-28T03:07:21.079329Z"",""no_price_dollars"":""0.9500"",""taker_side"":""no"",""ticker"":""KXETH15M-26APR272315-15"",""trade_id"":""94207620-2621-6200-d161-a0342e01767a"",""yes_price_dollars"":""0.0500""}"
KXETH15M-26APR272315-15,efed8b32-dbae-7086-1e12-16e745d14ace,1777345661,0.05,72.0,no,"{""count_fp"":""72.00"",""created_time"":""2026-04-28T03:07:41.720622Z"",""no_price_dollars"":""0.9500"",""taker_side"":""no"",""ticker"":""KXETH15M-26APR272315-15"",""trade_id"":""efed8b32-dbae-7086-1e12-16e745d14ace"",""yes_price_dollars"":""0.0500""}"
KXETH15M-26APR272315-15,a8aaa3d7-296f-7604-04c1-fd42da392078,1777345661,0.05,5.0,no,"{""count_fp"":""5.00"",""created_time"":""2026-04-28T03:07:41.720622Z"",""no_price_dollars"":""0.9500"",""taker_side"":""no"",""ticker"":""KXETH15M-26APR272315-15"",""trade_id"":""a8aaa3d7-296f-7604-04c1-fd42da392078"",""yes_price_dollars"":""0.0500""}"
KXETH15M-26APR272315-15,713fbb61-1fa9-737a-23a2-3b5a4cb6ffe1,1777345661,0.05,4.0,no,"{""count_fp"":""4.00"",""created_time"":""2026-04-28T03:07:41.720622Z"",""no_price_dollars"":""0.9500"",""taker_side"":""no"",""ticker"":""KXETH15M-26APR272315-15"",""trade_id"":""713fbb61-1fa9-737a-23a2-3b5a4cb6ffe1"",""yes_price_dollars"":""0.0500""}"
KXETH15M-26APR272315-15,45bf8724-453e-7e28-11bc-d4a5fc14cc26,1777345661,0.05,1.0,no,"{""count_fp"":""1.00"",""created_time"":""2026-04-28T03:07:41.720622Z"",""no_price_dollars"":""0.9500"",""taker_side"":""no"",""ticker"":""KXETH15M-26APR272315-15"",""trade_id"":""45bf8724-453e-7e28-11bc-d4a5fc14cc26"",""yes_price_dollars"":""0.0500""}"
KXETH15M-26APR272315-15,2e482d4e-2652-7639-0266-fdbd8e4addd6,1777345661,0.05,7.0,no,"{""count_fp"":""7.00"",""created_time"":""2026-04-28T03:07:41.720622Z"",""no_price_dollars"":""0.9500"",""taker_side"":""no"",""ticker"":""KXETH15M-26APR272315-15"",""trade_id"":""2e482d4e-2652-7639-0266-fdbd8e4addd6"",""yes_price_dollars"":""0.0500""}"
KXETH15M-26APR272315-15,2b07250d-88be-7cd1-2e94-074556677d26,1777345661,0.05,7.0,no,"{""count_fp"":""7.00"",""created_time"":""2026-04-28T03:07:41.720622Z"",""no_price_dollars"":""0.9500"",""taker_side"":""no"",""ticker"":""KXETH15M-26APR272315-15"",""trade_id"":""2b07250d-88be-7cd1-2e94-074556677d26"",""yes_price_dollars"":""0.0500""}"
KXETH15M-26APR272315-15,239560d4-d30f-4e60-999d-d9a6109accf4,1777345662,0.049,5.97,yes,"{""count_fp"":""5.97"",""created_time"":""2026-04-28T03:07:42.782434Z"",""no_price_dollars"":""0.9510"",""taker_side"":""yes"",""ticker"":""KXETH15M-26APR272315-15"",""trade_id"":""239560d4-d30f-4e60-999d-d9a6109accf4"",""yes_price_dollars"":""0.0490""}"
KXETH15M-26APR272315-15,c6ecb01d-dcf4-75e8-c8c8-bf7b6b4eb8fa,1777345662,0.04,1.0,no,"{""count_fp"":""1.00"",""created_time"":""2026-04-28T03:07:42.095446Z"",""no_price_dollars"":""0.9600"",""taker_side"":""no"",""ticker"":""KXETH15M-26APR272315-15"",""trade_id"":""c6ecb01d-dcf4-75e8-c8c8-bf7b6b4eb8fa"",""yes_price_dollars"":""0.0400""}"
KXETH15M-26APR272315-15,a1ae767a-dee2-71ed-e1d5-bc839dca35f1,1777345662,0.04,1.0,no,"{""count_fp"":""1.00"",""created_time"":""2026-04-28T03:07:42.095446Z"",""no_price_dollars"":""0.9600"",""taker_side"":""no"",""ticker"":""KXETH15M-26APR272315-15"",""trade_id"":""a1ae767a-dee2-71ed-e1d5-bc839dca35f1"",""yes_price_dollars"":""0.0400""}"
KXETH15M-26APR272315-15,804e8ecf-8fad-60d2-2e46-c88642bf90e9,1777345662,0.05,1.0,no,"{""count_fp"":""1.00"",""created_time"":""2026-04-28T03:07:42.085551Z"",""no_price_dollars"":""0.9500"",""taker_side"":""no"",""ticker"":""KXETH15M-26APR272315-15"",""trade_id"":""804e8ecf-8fad-60d2-2e46-c88642bf90e9"",""yes_price_dollars"":""0.0500""}"
KXETH15M-26APR272315-15,d816f6f4-bc41-7aea-5053-a4127cdfea39,1777345664,0.03,1.0,no,"{""count_fp"":""1.00"",""created_time"":""2026-04-28T03:07:44.665705Z"",""no_price_dollars"":""0.9700"",""taker_side"":""no"",""ticker"":""KXETH15M-26APR272315-15"",""trade_id"":""d816f6f4-bc41-7aea-5053-a4127cdfea39"",""yes_price_dollars"":""0.0300""}"
KXETH15M-26APR272315-15,c543ea52-633f-727e-70c0-57eb660edb36,1777345664,0.03,1.0,no,"{""count_fp"":""1.00"",""created_time"":""2026-04-28T03:07:44.665705Z"",""no_price_dollars"":""0.9700"",""taker_side"":""no"",""ticker"":""KXETH15M-26APR272315-15"",""trade_id"":""c543ea52-633f-727e-70c0-57eb660edb36"",""yes_price_dollars"":""0.0300""}"
KXETH15M-26APR272315-15,6894dc4f-5027-7042-6746-f20b3b3e186a,1777345664,0.03,1.0,no,"{""count_fp"":""1.00"",""created_time"":""2026-04-28T03:07:44.665705Z"",""no_price_dollars"":""0.9700"",""taker_side"":""no"",""ticker"":""KXETH15M-26APR272315-15"",""trade_id"":""6894dc4f-5027-7042-6746-f20b3b3e186a"",""yes_price_dollars"":""0.0300""}"
KXETH15M-26APR272315-15,21d624a7-fa77-7e33-757e-6b9f7c84f260,1777345664,0.03,80.0,no,"{""count_fp"":""80.00"",""created_time"":""2026-04-28T03:07:44.665705Z"",""no_price_dollars"":""0.9700"",""taker_side"":""no"",""ticker"":""KXETH15M-26APR272315-15"",""trade_id"":""21d624a7-fa77-7e33-757e-6b9f7c84f260"",""yes_price_dollars"":""0.0300""}"
KXETH15M-26APR272315-15,4f690496-48a8-7f63-4bb5-681aa26bbeea,1777345664,0.033,1.0,no,"{""count_fp"":""1.00"",""created_time"":""2026-04-28T03:07:44.609325Z"",""no_price_dollars"":""0.9670"",""taker_side"":""no"",""ticker"":""KXETH15M-26APR272315-15"",""trade_id"":""4f690496-48a8-7f63-4bb5-681aa26bbeea"",""yes_price_dollars"":""0.0330""}"
KXETH15M-26APR272315-15,d196bf0a-c1ce-4bfc-638f-2504f5ea8ad8,1777345664,0.05,20.0,yes,"{""count_fp"":""20.00"",""created_time"":""2026-04-28T03:07:44.060142Z"",""no_price_dollars"":""0.9500"",""taker_side"":""yes"",""ticker"":""KXETH15M-26APR272315-15"",""trade_id"":""d196bf0a-c1ce-4bfc-638f-2504f5ea8ad8"",""yes_price_dollars"":""0.0500""}"
KXETH15M-26APR272315-15,9cccdbcc-0436-44f0-64d7-fd2fa8947396,1777345664,0.05,5.0,yes,"{""count_fp"":""5.00"",""created_time"":""2026-04-28T03:07:44.060142Z"",""no_price_dollars"":""0.9500"",""taker_side"":""yes"",""ticker"":""KXETH15M-26APR272315-15"",""trade_id"":""9cccdbcc-0436-44f0-64d7-fd2fa8947396"",""yes_price_dollars"":""0.0500""}"
KXETH15M-26APR272315-15,8423ffe8-adca-44a1-53ac-8c8a4e5a202b,1777345664,0.048,10.0,yes,"{""count_fp"":""10.00"",""created_time"":""2026-04-28T03:07:44.060142Z"",""no_price_dollars"":""0.9520"",""taker_side"":""yes"",""ticker"":""KXETH15M-26APR272315-15"",""trade_id"":""8423ffe8-adca-44a1-53ac-8c8a4e5a202b"",""yes_price_dollars"":""0.0480""}"
KXETH15M-26APR272315-15,458f015e-2ccc-4c99-739c-2be90c849814,1777345664,0.05,33.88,yes,"{""count_fp"":""33.88"",""created_time"":""2026-04-28T03:07:44.060142Z"",""no_price_dollars"":""0.9500"",""taker_side"":""yes"",""ticker"":""KXETH15M-26APR272315-15"",""trade_id"":""458f015e-2ccc-4c99-739c-2be90c849814"",""yes_price_dollars"":""0.0500""}"
KXETH15M-26APR272315-15,de4306cd-e2bd-736d-fb5c-18584d6615fd,1777345665,0.021,103.0,no,"{""count_fp"":""103.00"",""created_time"":""2026-04-28T03:07:45.117674Z"",""no_price_dollars"":""0.9790"",""taker_side"":""no"",""ticker"":""KXETH15M-26APR272315-15"",""trade_id"":""de4306cd-e2bd-736d-fb5c-18584d6615fd"",""yes_price_dollars"":""0.0210""}"
KXETH15M-26APR272315-15,7d348515-1dcf-7ebc-cd7e-0346e24915b2,1777345665,0.021,1.0,no,"{""count_fp"":""1.00"",""created_time"":""2026-04-28T03:07:45.117674Z"",""no_price_dollars"":""0.9790"",""taker_side"":""no"",""ticker"":""KXETH15M-26APR272315-15"",""trade_id"":""7d348515-1dcf-7ebc-cd7e-0346e24915b2"",""yes_price_dollars"":""0.0210""}"
KXETH15M-26APR272315-15,1e86ca25-50b6-79c1-cdd5-418f0c4b1fed,1777345665,0.022,100.0,no,"{""count_fp"":""100.00"",""created_time"":""2026-04-28T03:07:45.117674Z"",""no_price_dollars"":""0.9780"",""taker_side"":""no"",""ticker"":""KXETH15M-26APR272315-15"",""trade_id"":""1e86ca25-50b6-79c1-cdd5-418f0c4b1fed"",""yes_price_dollars"":""0.0220""}"
KXETH15M-26APR272315-15,0f7c4503-d9aa-73a2-da14-0998b70d9ae8,1777345665,0.02,1.0,no,"{""count_fp"":""1.00"",""created_time"":""2026-04-28T03:07:45.117674Z"",""no_price_dollars"":""0.9800"",""taker_side"":""no"",""ticker"":""KXETH15M-26APR272315-15"",""trade_id"":""0f7c4503-d9aa-73a2-da14-0998b70d9ae8"",""yes_price_dollars"":""0.0200""}"
KXETH15M-26APR272315-15,0cf28ec6-0c11-7293-e475-7c5da703dd81,1777345665,0.02,33.0,no,"{""count_fp"":""33.00"",""created_time"":""2026-04-28T03:07:45.117674Z"",""no_price_dollars"":""0.9800"",""taker_side"":""no"",""ticker"":""KXETH15M-26APR272315-15"",""trade_id"":""0cf28ec6-0c11-7293-e475-7c5da703dd81"",""yes_price_dollars"":""0.0200""}"
KXETH15M-26APR272315-15,5b6ad0d1-ae3e-6f22-d54f-c1c22faae58e,1777345667,0.018,1.0,no,"{""count_fp"":""1.00"",""created_time"":""2026-04-28T03:07:47.079953Z"",""no_price_dollars"":""0.9820"",""taker_side"":""no"",""ticker"":""KXETH15M-26APR272315-15"",""trade_id"":""5b6ad0d1-ae3e-6f22-d54f-c1c22faae58e"",""yes_price_dollars"":""0.0180""}"
KXETH15M-26APR272315-15,5a7d4db9-5c9c-618d-ebff-2ce79f148e03,1777345667,0.014,1.0,no,"{""count_fp"":""1.00"",""created_time"":""2026-04-28T03:07:47.079953Z"",""no_price_dollars"":""0.9860"",""taker_side"":""no"",""ticker"":""KXETH15M-26APR272315-15"",""trade_id"":""5a7d4db9-5c9c-618d-ebff-2ce79f148e03"",""yes_price_dollars"":""0.0140""}"
KXETH15M-26APR272315-15,437cd107-c6a3-663d-c7f9-740e6dd8855d,1777345667,0.015,1.0,no,"{""count_fp"":""1.00"",""created_time"":""2026-04-28T03:07:47.079953Z"",""no_price_dollars"":""0.9850"",""taker_side"":""no"",""ticker"":""KXETH15M-26APR272315-15"",""trade_id"":""437cd107-c6a3-663d-c7f9-740e6dd8855d"",""yes_price_dollars"":""0.0150""}"
KXETH15M-26APR272315-15,c1ae02a4-872b-4763-8516-51d97244bb21,1777345668,0.02,45.0,yes,"{""count_fp"":""45.00"",""created_time"":""2026-04-28T03:07:48.140891Z"",""no_price_dollars"":""0.9800"",""taker_side"":""yes"",""ticker"":""KXETH15M-26APR272315-15"",""trade_id"":""c1ae02a4-872b-4763-8516-51d97244bb21"",""yes_price_dollars"":""0.0200""}"
KXETH15M-26APR272315-15,c80c1472-c27b-5527-47b3-b2933ded287d,1777345669,0.02,44.0,yes,"{""count_fp"":""44.00"",""created_time"":""2026-04-28T03:07:49.122093Z"",""no_price_dollars"":""0.9800"",""taker_side"":""yes"",""ticker"":""KXETH15M-26APR272315-15"",""trade_id"":""c80c1472-c27b-5527-47b3-b2933ded287d"",""yes_price_dollars"":""0.0200""}"
KXETH15M-26APR272315-15,2612534d-5af1-698d-026c-c4230e6f0c57,1777345671,0.03,1.47,yes,"{""count_fp"":""1.47"",""created_time"":""2026-04-28T03:07:51.493053Z"",""no_price_dollars"":""0.9700"",""taker_side"":""yes"",""ticker"":""KXETH15M-26APR272315-15"",""trade_id"":""2612534d-5af1-698d-026c-c4230e6f0c57"",""yes_price_dollars"":""0.0300""}"
KXETH15M-26APR272315-15,b5a084f4-c704-4008-5dc9-3066b4afa15e,1777345672,0.021,1.01,no,"{""count_fp"":""1.01"",""created_time"":""2026-04-28T03:07:52.289922Z"",""no_price_dollars"":""0.9790"",""taker_side"":""no"",""ticker"":""KXETH15M-26APR272315-15"",""trade_id"":""b5a084f4-c704-4008-5dc9-3066b4afa15e"",""yes_price_dollars"":""0.0210""}"
KXETH15M-26APR272315-15,c43f488e-0208-5f33-a588-824831a6a223,1777345673,0.023,1.0,no,"{""count_fp"":""1.00"",""created_time"":""2026-04-28T03:07:53.205909Z"",""no_price_dollars"":""0.9770"",""taker_side"":""no"",""ticker"":""KXETH15M-26APR272315-15"",""trade_id"":""c43f488e-0208-5f33-a588-824831a6a223"",""yes_price_dollars"":""0.0230""}"
KXETH15M-26APR272315-15,5fc77cb8-a82d-4eb9-2fdb-d2acd7f549c7,1777345680,0.03,20.0,yes,"{""count_fp"":""20.00"",""created_time"":""2026-04-28T03:08:00.171652Z"",""no_price_dollars"":""0.9700"",""taker_side"":""yes"",""ticker"":""KXETH15M-26APR272315-15"",""trade_id"":""5fc77cb8-a82d-4eb9-2fdb-d2acd7f549c7"",""yes_price_dollars"":""0.0300""}"
KXETH15M-26APR272315-15,3095f4bd-8265-69a9-7f8f-68024af2640f,1777345681,0.03,5.5,yes,"{""count_fp"":""5.50"",""created_time"":""2026-04-28T03:08:01.996836Z"",""no_price_dollars"":""0.9700"",""taker_side"":""yes"",""ticker"":""KXETH15M-26APR272315-15"",""trade_id"":""3095f4bd-8265-69a9-7f8f-68024af2640f"",""yes_price_dollars"":""0.0300""}"
KXETH15M-26APR272315-15,960bf726-08db-4e8e-8ce5-f1d0201e1b64,1777345683,0.022,1.01,no,"{""count_fp"":""1.01"",""created_time"":""2026-04-28T03:08:03.990047Z"",""no_price_dollars"":""0.9780"",""taker_side"":""no"",""ticker"":""KXETH15M-26APR272315-15"",""trade_id"":""960bf726-08db-4e8e-8ce5-f1d0201e1b64"",""yes_price_dollars"":""0.0220""}"
KXETH15M-26APR272315-15,1f9fe6c0-2d92-5213-a4a8-0c8ba833ec81,1777345688,0.024,1.0,no,"{""count_fp"":""1.00"",""created_time"":""2026-04-28T03:08:08.754387Z"",""no_price_dollars"":""0.9760"",""taker_side"":""no"",""ticker"":""KXETH15M-26APR272315-15"",""trade_id"":""1f9fe6c0-2d92-5213-a4a8-0c8ba833ec81"",""yes_price_dollars"":""0.0240""}"
KXETH15M-26APR272315-15,c42600a2-1b9a-49b8-1e3b-129f5e259e8d,1777345695,0.02,44.0,no,"{""count_fp"":""44.00"",""created_time"":""2026-04-28T03:08:15.109348Z"",""no_price_dollars"":""0.9800"",""taker_side"":""no"",""ticker"":""KXETH15M-26APR272315-15"",""trade_id"":""c42600a2-1b9a-49b8-1e3b-129f5e259e8d"",""yes_price_dollars"":""0.0200""}"
KXETH15M-26APR272315-15,5d789022-ccd7-514e-eb9d-d7b8b128dc7b,1777345696,0.014,3.0,no,"{""count_fp"":""3.00"",""created_time"":""2026-04-28T03:08:16.311226Z"",""no_price_dollars"":""0.9860"",""taker_side"":""no"",""ticker"":""KXETH15M-26APR272315-15"",""trade_id"":""5d789022-ccd7-514e-eb9d-d7b8b128dc7b"",""yes_price_dollars"":""0.0140""}"
KXETH15M-26APR272315-15,b438cb68-3e57-5a32-5654-99af1dea260f,1777345696,0.014,2.0,no,"{""count_fp"":""2.00"",""created_time"":""2026-04-28T03:08:16.265164Z"",""no_price_dollars"":""0.9860"",""taker_side"":""no"",""ticker"":""KXETH15M-26APR272315-15"",""trade_id"":""b438cb68-3e57-5a32-5654-99af1dea260f"",""yes_price_dollars"":""0.0140""}"
KXETH15M-26APR272315-15,0e772e42-787b-4306-7ff8-c7a1e5811d9b,1777345696,0.014,3.0,no,"{""count_fp"":""3.00"",""created_time"":""2026-04-28T03:08:16.217151Z"",""no_price_dollars"":""0.9860"",""taker_side"":""no"",""ticker"":""KXETH15M-26APR272315-15"",""trade_id"":""0e772e42-787b-4306-7ff8-c7a1e5811d9b"",""yes_price_dollars"":""0.0140""}"
KXETH15M-26APR272315-15,ff277cc6-f02a-7045-5c5e-4963ba0d13d4,1777345696,0.011,68.0,no,"{""count_fp"":""68.00"",""created_time"":""2026-04-28T03:08:16.141078Z"",""no_price_dollars"":""0.9890"",""taker_side"":""no"",""ticker"":""KXETH15M-26APR272315-15"",""trade_id"":""ff277cc6-f02a-7045-5c5e-4963ba0d13d4"",""yes_price_dollars"":""0.0110""}"
KXETH15M-26APR272315-15,f46e7144-7f7e-7960-706a-a7596e4fa71e,1777345696,0.01,2.0,no,"{""count_fp"":""2.00"",""created_time"":""2026-04-28T03:08:16.141078Z"",""no_price_dollars"":""0.9900"",""taker_side"":""no"",""ticker"":""KXETH15M-26APR272315-15"",""trade_id"":""f46e7144-7f7e-7960-706a-a7596e4fa71e"",""yes_price_dollars"":""0.0100""}"
KXETH15M-26APR272315-15,e3164122-d7c1-7f39-7ea9-00fba657cf2a,1777345696,0.013,1.0,no,"{""count_fp"":""1.00"",""created_time"":""2026-04-28T03:08:16.141078Z"",""no_price_dollars"":""0.9870"",""taker_side"":""no"",""ticker"":""KXETH15M-26APR272315-15"",""trade_id"":""e3164122-d7c1-7f39-7ea9-00fba657cf2a"",""yes_price_dollars"":""0.0130""}"
KXETH15M-26APR272315-15,9a1824d4-ffbd-7a36-5fc7-717e81dddbee,1777345696,0.01,10.0,no,"{""count_fp"":""10.00"",""created_time"":""2026-04-28T03:08:16.141078Z"",""no_price_dollars"":""0.9900"",""taker_side"":""no"",""ticker"":""KXETH15M-26APR272315-15"",""trade_id"":""9a1824d4-ffbd-7a36-5fc7-717e81dddbee"",""yes_price_dollars"":""0.0100""}"
KXETH15M-26APR272315-15,96e387dd-cb32-7c4b-5418-463b6d4b7a8b,1777345696,0.012,1.0,no,"{""count_fp"":""1.00"",""created_time"":""2026-04-28T03:08:16.141078Z"",""no_price_dollars"":""0.9880"",""taker_side"":""no"",""ticker"":""KXETH15M-26APR272315-15"",""trade_id"":""96e387dd-cb32-7c4b-5418-463b6d4b7a8b"",""yes_price_dollars"":""0.0120""}"
KXETH15M-26APR272315-15,8087f97b-9d3c-7b77-557f-b0dc00d5d4d4,1777345696,0.011,1.0,no,"{""count_fp"":""1.00"",""created_time"":""2026-04-28T03:08:16.141078Z"",""no_price_dollars"":""0.9890"",""taker_side"":""no"",""ticker"":""KXETH15M-26APR272315-15"",""trade_id"":""8087f97b-9d3c-7b77-557f-b0dc00d5d4d4"",""yes_price_dollars"":""0.0110""}"
KXETH15M-26APR272315-15,6288fab9-06e0-7f3d-7c87-5db14f16848d,1777345696,0.01,1.0,no,"{""count_fp"":""1.00"",""created_time"":""2026-04-28T03:08:16.141078Z"",""no_price_dollars"":""0.9900"",""taker_side"":""no"",""ticker"":""KXETH15M-26APR272315-15"",""trade_id"":""6288fab9-06e0-7f3d-7c87-5db14f16848d"",""yes_price_dollars"":""0.0100""}"
KXETH15M-26APR272315-15,3b87e3e2-df26-7e36-5c02-3febf285cca6,1777345696,0.01,1.0,no,"{""count_fp"":""1.00"",""created_time"":""2026-04-28T03:08:16.141078Z"",""no_price_dollars"":""0.9900"",""taker_side"":""no"",""ticker"":""KXETH15M-26APR272315-15"",""trade_id"":""3b87e3e2-df26-7e36-5c02-3febf285cca6"",""yes_price_dollars"":""0.0100""}"
KXETH15M-26APR272315-15,39f14704-64c8-7dbe-7426-d13056a4af06,1777345696,0.013,256.0,no,"{""count_fp"":""256.00"",""created_time"":""2026-04-28T03:08:16.141078Z"",""no_price_dollars"":""0.9870"",""taker_side"":""no"",""ticker"":""KXETH15M-26APR272315-15"",""trade_id"":""39f14704-64c8-7dbe-7426-d13056a4af06"",""yes_price_dollars"":""0.0130""}"
KXETH15M-26APR272315-15,1462c8f4-6a8a-779f-56e5-d0b6668471e0,1777345696,0.01,10.0,no,"{""count_fp"":""10.00"",""created_time"":""2026-04-28T03:08:16.141078Z"",""no_price_dollars"":""0.9900"",""taker_side"":""no"",""ticker"":""KXETH15M-26APR272315-15"",""trade_id"":""1462c8f4-6a8a-779f-56e5-d0b6668471e0"",""yes_price_dollars"":""0.0100""}"
KXETH15M-26APR272315-15,20245d3e-d286-7334-0a42-0ba129d9fb2c,1777345698,0.012,172.0,no,"{""count_fp"":""172.00"",""created_time"":""2026-04-28T03:08:18.143567Z"",""no_price_dollars"":""0.9880"",""taker_side"":""no"",""ticker"":""KXETH15M-26APR272315-15"",""trade_id"":""20245d3e-d286-7334-0a42-0ba129d9fb2c"",""yes_price_dollars"":""0.0120""}"
KXETH15M-26APR272315-15,ed25a55a-91a5-67d3-25f6-0e085f283d1a,1777345704,0.012,1.0,no,"{""count_fp"":""1.00"",""created_time"":""2026-04-28T03:08:24.931269Z"",""no_price_dollars"":""0.9880"",""taker_side"":""no"",""ticker"":""KXETH15M-26APR272315-15"",""trade_id"":""ed25a55a-91a5-67d3-25f6-0e085f283d1a"",""yes_price_dollars"":""0.0120""}"
KXETH15M-26APR272315-15,3118156e-70cf-55df-2461-1bfe26fb1e92,1777345707,0.019,4.0,yes,"{""count_fp"":""4.00"",""created_time"":""2026-04-28T03:08:27.788252Z"",""no_price_dollars"":""0.9810"",""taker_side"":""yes"",""ticker"":""KXETH15M-26APR272315-15"",""trade_id"":""3118156e-70cf-55df-2461-1bfe26fb1e92"",""yes_price_dollars"":""0.0190""}"
KXETH15M-26APR272315-15,0221dbf7-33e2-504e-2bd9-534ea11a488e,1777345707,0.02,1.1,yes,"{""count_fp"":""1.10"",""created_time"":""2026-04-28T03:08:27.788252Z"",""no_price_dollars"":""0.9800"",""taker_side"":""yes"",""ticker"":""KXETH15M-26APR272315-15"",""trade_id"":""0221dbf7-33e2-504e-2bd9-534ea11a488e"",""yes_price_dollars"":""0.0200""}"
KXETH15M-26APR272315-15,fa6a6c20-c10b-409e-7d20-4c9a6a600cbb,1777345713,0.02,3.0,yes,"{""count_fp"":""3.00"",""created_time"":""2026-04-28T03:08:33.477282Z"",""no_price_dollars"":""0.9800"",""taker_side"":""yes"",""ticker"":""KXETH15M-26APR272315-15"",""trade_id"":""fa6a6c20-c10b-409e-7d20-4c9a6a600cbb"",""yes_price_dollars"":""0.0200""}"
KXETH15M-26APR272315-15,ed8f38ce-e218-42c8-6236-1812b828f828,1777345713,0.02,43.0,yes,"{""count_fp"":""43.00"",""created_time"":""2026-04-28T03:08:33.477282Z"",""no_price_dollars"":""0.9800"",""taker_side"":""yes"",""ticker"":""KXETH15M-26APR272315-15"",""trade_id"":""ed8f38ce-e218-42c8-6236-1812b828f828"",""yes_price_dollars"":""0.0200""}"
KXETH15M-26APR272315-15,dd15d1d7-dc76-49d1-59f8-5a4d71397bc3,1777345713,0.019,3.0,yes,"{""count_fp"":""3.00"",""created_time"":""2026-04-28T03:08:33.477282Z"",""no_price_dollars"":""0.9810"",""taker_side"":""yes"",""ticker"":""KXETH15M-26APR272315-15"",""trade_id"":""dd15d1d7-dc76-49d1-59f8-5a4d71397bc3"",""yes_price_dollars"":""0.0190""}"
KXETH15M-26APR272315-15,b23c328f-8d60-47cc-7988-1e7ed4bc5cd7,1777345713,0.021,26.6,yes,"{""count_fp"":""26.60"",""created_time"":""2026-04-28T03:08:33.477282Z"",""no_price_dollars"":""0.9790"",""taker_side"":""yes"",""ticker"":""KXETH15M-26APR272315-15"",""trade_id"":""b23c328f-8d60-47cc-7988-1e7ed4bc5cd7"",""yes_price_dollars"":""0.0210""}"
KXETH15M-26APR272315-15,5e4497ba-23c0-402c-5327-d0438f7579d9,1777345713,0.02,1.0,yes,"{""count_fp"":""1.00"",""created_time"":""2026-04-28T03:08:33.477282Z"",""no_price_dollars"":""0.9800"",""taker_side"":""yes"",""ticker"":""KXETH15M-26APR272315-15"",""trade_id"":""5e4497ba-23c0-402c-5327-d0438f7579d9"",""yes_price_dollars"":""0.0200""}"
KXETH15M-26APR272315-15,5150b4be-188a-4d62-76a1-e352605f5ba6,1777345713,0.02,8.9,yes,"{""count_fp"":""8.90"",""created_time"":""2026-04-28T03:08:33.477282Z"",""no_price_dollars"":""0.9800"",""taker_side"":""yes"",""ticker"":""KXETH15M-26APR272315-15"",""trade_id"":""5150b4be-188a-4d62-76a1-e352605f5ba6"",""yes_price_dollars"":""0.0200""}"
