ticker,trade_id,ts,yes_price,count,taker_side,raw_json
KXETH15M-26APR281415-15,f147b780-0d38-4626-0b86-21a4d098a38d,1777399207,0.37,5.03,no,"{""count_fp"":""5.03"",""created_time"":""2026-04-28T18:00:07.738701Z"",""no_price_dollars"":""0.6300"",""taker_side"":""no"",""ticker"":""KXETH15M-26APR281415-15"",""trade_id"":""f147b780-0d38-4626-0b86-21a4d098a38d"",""yes_price_dollars"":""0.3700""}"
KXETH15M-26APR281415-15,19f57b16-f94a-4923-00bc-78c771153eed,1777399207,0.39,60.0,no,"{""count_fp"":""60.00"",""created_time"":""2026-04-28T18:00:07.738701Z"",""no_price_dollars"":""0.6100"",""taker_side"":""no"",""ticker"":""KXETH15M-26APR281415-15"",""trade_id"":""19f57b16-f94a-4923-00bc-78c771153eed"",""yes_price_dollars"":""0.3900""}"
KXETH15M-26APR281415-15,1c5abfb2-a2ee-5f98-1b31-62843554347d,1777399214,0.5,5.0,no,"{""count_fp"":""5.00"",""created_time"":""2026-04-28T18:00:14.461588Z"",""no_price_dollars"":""0.5000"",""taker_side"":""no"",""ticker"":""KXETH15M-26APR281415-15"",""trade_id"":""1c5abfb2-a2ee-5f98-1b31-62843554347d"",""yes_price_dollars"":""0.5000""}"
KXETH15M-26APR281415-15,6a47790f-154d-6e0c-6fc3-088e7ceba7af,1777399217,0.51,19.69,no,"{""count_fp"":""19.69"",""created_time"":""2026-04-28T18:00:17.959018Z"",""no_price_dollars"":""0.4900"",""taker_side"":""no"",""ticker"":""KXETH15M-26APR281415-15"",""trade_id"":""6a47790f-154d-6e0c-6fc3-088e7ceba7af"",""yes_price_dollars"":""0.5100""}"
KXETH15M-26APR281415-15,67b345e3-ee4b-43ba-c266-27959b11e421,1777399220,0.51,59.11,no,"{""count_fp"":""59.11"",""created_time"":""2026-04-28T18:00:20.376714Z"",""no_price_dollars"":""0.4900"",""taker_side"":""no"",""ticker"":""KXETH15M-26APR281415-15"",""trade_id"":""67b345e3-ee4b-43ba-c266-27959b11e421"",""yes_price_dollars"":""0.5100""}"
KXETH15M-26APR281415-15,a8579bf4-a9bb-710e-4ccf-0db7d3ed7ea3,1777399222,0.48,2.0,yes,"{""count_fp"":""2.00"",""created_time"":""2026-04-28T18:00:22.135293Z"",""no_price_dollars"":""0.5200"",""taker_side"":""yes"",""ticker"":""KXETH15M-26APR281415-15"",""trade_id"":""a8579bf4-a9bb-710e-4ccf-0db7d3ed7ea3"",""yes_price_dollars"":""0.4800""}"
KXETH15M-26APR281415-15,4aefa603-6f76-5815-4161-eaa874247c09,1777399224,0.45,3.0,no,"{""count_fp"":""3.00"",""created_time"":""2026-04-28T18:00:24.367653Z"",""no_price_dollars"":""0.5500"",""taker_side"":""no"",""ticker"":""KXETH15M-26APR281415-15"",""trade_id"":""4aefa603-6f76-5815-4161-eaa874247c09"",""yes_price_dollars"":""0.4500""}"
KXETH15M-26APR281415-15,69eb6e67-d3b7-49bb-0520-0c57074ce44d,1777399225,0.43,1.0,no,"{""count_fp"":""1.00"",""created_time"":""2026-04-28T18:00:25.282106Z"",""no_price_dollars"":""0.5700"",""taker_side"":""no"",""ticker"":""KXETH15M-26APR281415-15"",""trade_id"":""69eb6e67-d3b7-49bb-0520-0c57074ce44d"",""yes_price_dollars"":""0.4300""}"
KXETH15M-26APR281415-15,2aec40a9-6e84-726f-7c19-14839bdc6356,1777399226,0.43,40.0,yes,"{""count_fp"":""40.00"",""created_time"":""2026-04-28T18:00:26.899032Z"",""no_price_dollars"":""0.5700"",""taker_side"":""yes"",""ticker"":""KXETH15M-26APR281415-15"",""trade_id"":""2aec40a9-6e84-726f-7c19-14839bdc6356"",""yes_price_dollars"":""0.4300""}"
KXETH15M-26APR281415-15,ca1db7da-8e62-7d26-20e8-48ee2d716086,1777399229,0.4,5.0,no,"{""count_fp"":""5.00"",""created_time"":""2026-04-28T18:00:29.079182Z"",""no_price_dollars"":""0.6000"",""taker_side"":""no"",""ticker"":""KXETH15M-26APR281415-15"",""trade_id"":""ca1db7da-8e62-7d26-20e8-48ee2d716086"",""yes_price_dollars"":""0.4000""}"
KXETH15M-26APR281415-15,67853e6a-c3f8-5d1a-c6fa-4f4b3bfb0653,1777399232,0.45,10.69,yes,"{""count_fp"":""10.69"",""created_time"":""2026-04-28T18:00:32.788826Z"",""no_price_dollars"":""0.5500"",""taker_side"":""yes"",""ticker"":""KXETH15M-26APR281415-15"",""trade_id"":""67853e6a-c3f8-5d1a-c6fa-4f4b3bfb0653"",""yes_price_dollars"":""0.4500""}"
KXETH15M-26APR281415-15,883c5f50-316a-6592-499a-c9c1c51d9262,1777399232,0.4,10.0,no,"{""count_fp"":""10.00"",""created_time"":""2026-04-28T18:00:32.116463Z"",""no_price_dollars"":""0.6000"",""taker_side"":""no"",""ticker"":""KXETH15M-26APR281415-15"",""trade_id"":""883c5f50-316a-6592-499a-c9c1c51d9262"",""yes_price_dollars"":""0.4000""}"
KXETH15M-26APR281415-15,5198ec8a-7ac6-67f2-75ae-2d3d48101a34,1777399232,0.43,5.0,no,"{""count_fp"":""5.00"",""created_time"":""2026-04-28T18:00:32.116463Z"",""no_price_dollars"":""0.5700"",""taker_side"":""no"",""ticker"":""KXETH15M-26APR281415-15"",""trade_id"":""5198ec8a-7ac6-67f2-75ae-2d3d48101a34"",""yes_price_dollars"":""0.4300""}"
KXETH15M-26APR281415-15,2b980032-ac87-67f6-7286-653f16f6bb31,1777399232,0.4,25.0,no,"{""count_fp"":""25.00"",""created_time"":""2026-04-28T18:00:32.116463Z"",""no_price_dollars"":""0.6000"",""taker_side"":""no"",""ticker"":""KXETH15M-26APR281415-15"",""trade_id"":""2b980032-ac87-67f6-7286-653f16f6bb31"",""yes_price_dollars"":""0.4000""}"
KXETH15M-26APR281415-15,e9c5e8ff-d756-5748-4188-a9c9c2f8e26d,1777399235,0.45,2.79,yes,"{""count_fp"":""2.79"",""created_time"":""2026-04-28T18:00:35.418155Z"",""no_price_dollars"":""0.5500"",""taker_side"":""yes"",""ticker"":""KXETH15M-26APR281415-15"",""trade_id"":""e9c5e8ff-d756-5748-4188-a9c9c2f8e26d"",""yes_price_dollars"":""0.4500""}"
KXETH15M-26APR281415-15,271184c8-e274-503a-6a9b-ff374f1f0687,1777399235,0.45,0.21,yes,"{""count_fp"":""0.21"",""created_time"":""2026-04-28T18:00:35.418155Z"",""no_price_dollars"":""0.5500"",""taker_side"":""yes"",""ticker"":""KXETH15M-26APR281415-15"",""trade_id"":""271184c8-e274-503a-6a9b-ff374f1f0687"",""yes_price_dollars"":""0.4500""}"
KXETH15M-26APR281415-15,f883c983-d4d0-4f70-f332-58f428bb08d1,1777399241,0.4,5.0,no,"{""count_fp"":""5.00"",""created_time"":""2026-04-28T18:00:41.040581Z"",""no_price_dollars"":""0.6000"",""taker_side"":""no"",""ticker"":""KXETH15M-26APR281415-15"",""trade_id"":""f883c983-d4d0-4f70-f332-58f428bb08d1"",""yes_price_dollars"":""0.4000""}"
KXETH15M-26APR281415-15,5e0070be-3c7e-41ae-deba-a060361516f9,1777399241,0.41,1.0,no,"{""count_fp"":""1.00"",""created_time"":""2026-04-28T18:00:41.038Z"",""no_price_dollars"":""0.5900"",""taker_side"":""no"",""ticker"":""KXETH15M-26APR281415-15"",""trade_id"":""5e0070be-3c7e-41ae-deba-a060361516f9"",""yes_price_dollars"":""0.4100""}"
KXETH15M-26APR281415-15,1a52ca0b-8479-7fb3-3739-82e37297123a,1777399248,0.39,6.0,no,"{""count_fp"":""6.00"",""created_time"":""2026-04-28T18:00:48.412467Z"",""no_price_dollars"":""0.6100"",""taker_side"":""no"",""ticker"":""KXETH15M-26APR281415-15"",""trade_id"":""1a52ca0b-8479-7fb3-3739-82e37297123a"",""yes_price_dollars"":""0.3900""}"
KXETH15M-26APR281415-15,2dfab101-0090-7881-ae4b-6fba85b1f4f8,1777399251,0.35,3.15,no,"{""count_fp"":""3.15"",""created_time"":""2026-04-28T18:00:51.062008Z"",""no_price_dollars"":""0.6500"",""taker_side"":""no"",""ticker"":""KXETH15M-26APR281415-15"",""trade_id"":""2dfab101-0090-7881-ae4b-6fba85b1f4f8"",""yes_price_dollars"":""0.3500""}"
KXETH15M-26APR281415-15,0b76446c-8f97-7d29-89d9-0d9067339021,1777399251,0.37,2.0,no,"{""count_fp"":""2.00"",""created_time"":""2026-04-28T18:00:51.062008Z"",""no_price_dollars"":""0.6300"",""taker_side"":""no"",""ticker"":""KXETH15M-26APR281415-15"",""trade_id"":""0b76446c-8f97-7d29-89d9-0d9067339021"",""yes_price_dollars"":""0.3700""}"
KXETH15M-26APR281415-15,09026ae9-f756-7097-87fd-59ca59214fd4,1777399251,0.36,10.0,no,"{""count_fp"":""10.00"",""created_time"":""2026-04-28T18:00:51.062008Z"",""no_price_dollars"":""0.6400"",""taker_side"":""no"",""ticker"":""KXETH15M-26APR281415-15"",""trade_id"":""09026ae9-f756-7097-87fd-59ca59214fd4"",""yes_price_dollars"":""0.3600""}"
KXETH15M-26APR281415-15,654d4540-39c8-6bc1-a081-a79e0beba16c,1777399253,0.35,4.5,no,"{""count_fp"":""4.50"",""created_time"":""2026-04-28T18:00:53.973924Z"",""no_price_dollars"":""0.6500"",""taker_side"":""no"",""ticker"":""KXETH15M-26APR281415-15"",""trade_id"":""654d4540-39c8-6bc1-a081-a79e0beba16c"",""yes_price_dollars"":""0.3500""}"
KXETH15M-26APR281415-15,42162f2e-d59b-5ff0-d142-cd92cd703ea5,1777399265,0.35,10.0,no,"{""count_fp"":""10.00"",""created_time"":""2026-04-28T18:01:05.660085Z"",""no_price_dollars"":""0.6500"",""taker_side"":""no"",""ticker"":""KXETH15M-26APR281415-15"",""trade_id"":""42162f2e-d59b-5ff0-d142-cd92cd703ea5"",""yes_price_dollars"":""0.3500""}"
KXETH15M-26APR281415-15,cce01b1f-53f6-6999-e555-c97ad4daae22,1777399266,0.35,7.71,no,"{""count_fp"":""7.71"",""created_time"":""2026-04-28T18:01:06.945858Z"",""no_price_dollars"":""0.6500"",""taker_side"":""no"",""ticker"":""KXETH15M-26APR281415-15"",""trade_id"":""cce01b1f-53f6-6999-e555-c97ad4daae22"",""yes_price_dollars"":""0.3500""}"
KXETH15M-26APR281415-15,a0277fc2-3b1d-6eaa-cc46-a1f89d8b70c4,1777399266,0.36,1.0,no,"{""count_fp"":""1.00"",""created_time"":""2026-04-28T18:01:06.945858Z"",""no_price_dollars"":""0.6400"",""taker_side"":""no"",""ticker"":""KXETH15M-26APR281415-15"",""trade_id"":""a0277fc2-3b1d-6eaa-cc46-a1f89d8b70c4"",""yes_price_dollars"":""0.3600""}"
KXETH15M-26APR281415-15,268c81d3-0312-6b20-fff3-7e424a7fbc89,1777399266,0.34,30.29,no,"{""count_fp"":""30.29"",""created_time"":""2026-04-28T18:01:06.945858Z"",""no_price_dollars"":""0.6600"",""taker_side"":""no"",""ticker"":""KXETH15M-26APR281415-15"",""trade_id"":""268c81d3-0312-6b20-fff3-7e424a7fbc89"",""yes_price_dollars"":""0.3400""}"
KXETH15M-26APR281415-15,c25275dd-c51d-60ad-345a-2c25faecc07d,1777399276,0.37,1.0,yes,"{""count_fp"":""1.00"",""created_time"":""2026-04-28T18:01:16.498474Z"",""no_price_dollars"":""0.6300"",""taker_side"":""yes"",""ticker"":""KXETH15M-26APR281415-15"",""trade_id"":""c25275dd-c51d-60ad-345a-2c25faecc07d"",""yes_price_dollars"":""0.3700""}"
KXETH15M-26APR281415-15,bb58101e-a5e7-639d-25c7-3264acd21755,1777399276,0.38,2.0,yes,"{""count_fp"":""2.00"",""created_time"":""2026-04-28T18:01:16.498474Z"",""no_price_dollars"":""0.6200"",""taker_side"":""yes"",""ticker"":""KXETH15M-26APR281415-15"",""trade_id"":""bb58101e-a5e7-639d-25c7-3264acd21755"",""yes_price_dollars"":""0.3800""}"
KXETH15M-26APR281415-15,8f04da09-30ce-6f83-281a-91297ccad2b5,1777399276,0.38,5.0,yes,"{""count_fp"":""5.00"",""created_time"":""2026-04-28T18:01:16.498474Z"",""no_price_dollars"":""0.6200"",""taker_side"":""yes"",""ticker"":""KXETH15M-26APR281415-15"",""trade_id"":""8f04da09-30ce-6f83-281a-91297ccad2b5"",""yes_price_dollars"":""0.3800""}"
KXETH15M-26APR281415-15,3f29975d-72bb-6e5e-3eed-8c4157793d89,1777399276,0.38,15.0,yes,"{""count_fp"":""15.00"",""created_time"":""2026-04-28T18:01:16.498474Z"",""no_price_dollars"":""0.6200"",""taker_side"":""yes"",""ticker"":""KXETH15M-26APR281415-15"",""trade_id"":""3f29975d-72bb-6e5e-3eed-8c4157793d89"",""yes_price_dollars"":""0.3800""}"
KXETH15M-26APR281415-15,1a8d1540-996e-7ee8-b87e-84f7b899bb79,1777399277,0.41,7.0,no,"{""count_fp"":""7.00"",""created_time"":""2026-04-28T18:01:17.991579Z"",""no_price_dollars"":""0.5900"",""taker_side"":""no"",""ticker"":""KXETH15M-26APR281415-15"",""trade_id"":""1a8d1540-996e-7ee8-b87e-84f7b899bb79"",""yes_price_dollars"":""0.4100""}"
KXETH15M-26APR281415-15,83a4c6f6-21c2-5b54-a93f-1e922184ff39,1777399277,0.41,10.0,yes,"{""count_fp"":""10.00"",""created_time"":""2026-04-28T18:01:17.733451Z"",""no_price_dollars"":""0.5900"",""taker_side"":""yes"",""ticker"":""KXETH15M-26APR281415-15"",""trade_id"":""83a4c6f6-21c2-5b54-a93f-1e922184ff39"",""yes_price_dollars"":""0.4100""}"
KXETH15M-26APR281415-15,77beb588-1144-53df-99b4-f3c2368f0910,1777399277,0.4,2.0,yes,"{""count_fp"":""2.00"",""created_time"":""2026-04-28T18:01:17.733451Z"",""no_price_dollars"":""0.6000"",""taker_side"":""yes"",""ticker"":""KXETH15M-26APR281415-15"",""trade_id"":""77beb588-1144-53df-99b4-f3c2368f0910"",""yes_price_dollars"":""0.4000""}"
KXETH15M-26APR281415-15,233de8e4-b79e-6a14-2c69-e2a9168421a5,1777399278,0.41,1.0,no,"{""count_fp"":""1.00"",""created_time"":""2026-04-28T18:01:18.740371Z"",""no_price_dollars"":""0.5900"",""taker_side"":""no"",""ticker"":""KXETH15M-26APR281415-15"",""trade_id"":""233de8e4-b79e-6a14-2c69-e2a9168421a5"",""yes_price_dollars"":""0.4100""}"
KXETH15M-26APR281415-15,4e4dc7af-08fa-6f54-1b26-7ba15b01499d,1777399278,0.41,1.0,no,"{""count_fp"":""1.00"",""created_time"":""2026-04-28T18:01:18.355467Z"",""no_price_dollars"":""0.5900"",""taker_side"":""no"",""ticker"":""KXETH15M-26APR281415-15"",""trade_id"":""4e4dc7af-08fa-6f54-1b26-7ba15b01499d"",""yes_price_dollars"":""0.4100""}"
KXETH15M-26APR281415-15,f348bdd2-210e-4fe8-5397-9db1a666e451,1777399282,0.41,7.97,no,"{""count_fp"":""7.97"",""created_time"":""2026-04-28T18:01:22.317398Z"",""no_price_dollars"":""0.5900"",""taker_side"":""no"",""ticker"":""KXETH15M-26APR281415-15"",""trade_id"":""f348bdd2-210e-4fe8-5397-9db1a666e451"",""yes_price_dollars"":""0.4100""}"
KXETH15M-26APR281415-15,71f11623-3f26-4130-574a-8e46c05ec20d,1777399285,0.41,8.23,no,"{""count_fp"":""8.23"",""created_time"":""2026-04-28T18:01:25.292621Z"",""no_price_dollars"":""0.5900"",""taker_side"":""no"",""ticker"":""KXETH15M-26APR281415-15"",""trade_id"":""71f11623-3f26-4130-574a-8e46c05ec20d"",""yes_price_dollars"":""0.4100""}"
KXETH15M-26APR281415-15,fe7c7f88-3239-7f5e-adf3-b5f0f2d11654,1777399295,0.4,5.0,yes,"{""count_fp"":""5.00"",""created_time"":""2026-04-28T18:01:35.161255Z"",""no_price_dollars"":""0.6000"",""taker_side"":""yes"",""ticker"":""KXETH15M-26APR281415-15"",""trade_id"":""fe7c7f88-3239-7f5e-adf3-b5f0f2d11654"",""yes_price_dollars"":""0.4000""}"
KXETH15M-26APR281415-15,4d3072cc-8754-7eec-abd2-29182ed2f775,1777399295,0.41,2.0,yes,"{""count_fp"":""2.00"",""created_time"":""2026-04-28T18:01:35.161255Z"",""no_price_dollars"":""0.5900"",""taker_side"":""yes"",""ticker"":""KXETH15M-26APR281415-15"",""trade_id"":""4d3072cc-8754-7eec-abd2-29182ed2f775"",""yes_price_dollars"":""0.4100""}"
KXETH15M-26APR281415-15,44117f8c-69f8-72b7-b81b-6e7a83c75b90,1777399295,0.41,5.0,yes,"{""count_fp"":""5.00"",""created_time"":""2026-04-28T18:01:35.161255Z"",""no_price_dollars"":""0.5900"",""taker_side"":""yes"",""ticker"":""KXETH15M-26APR281415-15"",""trade_id"":""44117f8c-69f8-72b7-b81b-6e7a83c75b90"",""yes_price_dollars"":""0.4100""}"
KXETH15M-26APR281415-15,298ff462-720c-43a4-0703-dbe87da4188d,1777399309,0.47,10.0,yes,"{""count_fp"":""10.00"",""created_time"":""2026-04-28T18:01:49.937342Z"",""no_price_dollars"":""0.5300"",""taker_side"":""yes"",""ticker"":""KXETH15M-26APR281415-15"",""trade_id"":""298ff462-720c-43a4-0703-dbe87da4188d"",""yes_price_dollars"":""0.4700""}"
KXETH15M-26APR281415-15,a40ab936-2daf-7da7-0aea-2b0a260b003b,1777399309,0.42,5.0,yes,"{""count_fp"":""5.00"",""created_time"":""2026-04-28T18:01:49.218975Z"",""no_price_dollars"":""0.5800"",""taker_side"":""yes"",""ticker"":""KXETH15M-26APR281415-15"",""trade_id"":""a40ab936-2daf-7da7-0aea-2b0a260b003b"",""yes_price_dollars"":""0.4200""}"
KXETH15M-26APR281415-15,6e03689b-d193-435a-d43b-7ee99f6ccd99,1777399314,0.5,4.66,yes,"{""count_fp"":""4.66"",""created_time"":""2026-04-28T18:01:54.258564Z"",""no_price_dollars"":""0.5000"",""taker_side"":""yes"",""ticker"":""KXETH15M-26APR281415-15"",""trade_id"":""6e03689b-d193-435a-d43b-7ee99f6ccd99"",""yes_price_dollars"":""0.5000""}"
KXETH15M-26APR281415-15,6718a438-5cea-4a9d-e5d8-2c2ffcc28f65,1777399314,0.48,5.0,yes,"{""count_fp"":""5.00"",""created_time"":""2026-04-28T18:01:54.258564Z"",""no_price_dollars"":""0.5200"",""taker_side"":""yes"",""ticker"":""KXETH15M-26APR281415-15"",""trade_id"":""6718a438-5cea-4a9d-e5d8-2c2ffcc28f65"",""yes_price_dollars"":""0.4800""}"
KXETH15M-26APR281415-15,6e55ca6f-b2bf-765b-d5b0-43047a190368,1777399319,0.53,10.0,yes,"{""count_fp"":""10.00"",""created_time"":""2026-04-28T18:01:59.154364Z"",""no_price_dollars"":""0.4700"",""taker_side"":""yes"",""ticker"":""KXETH15M-26APR281415-15"",""trade_id"":""6e55ca6f-b2bf-765b-d5b0-43047a190368"",""yes_price_dollars"":""0.5300""}"
KXETH15M-26APR281415-15,68912741-4f69-75a4-eb34-fa20b3d04248,1777399319,0.5,5.0,yes,"{""count_fp"":""5.00"",""created_time"":""2026-04-28T18:01:59.154364Z"",""no_price_dollars"":""0.5000"",""taker_side"":""yes"",""ticker"":""KXETH15M-26APR281415-15"",""trade_id"":""68912741-4f69-75a4-eb34-fa20b3d04248"",""yes_price_dollars"":""0.5000""}"
KXETH15M-26APR281415-15,5b526328-3626-733a-fc79-4e05ebc67b53,1777399319,0.54,4.35,yes,"{""count_fp"":""4.35"",""created_time"":""2026-04-28T18:01:59.154364Z"",""no_price_dollars"":""0.4600"",""taker_side"":""yes"",""ticker"":""KXETH15M-26APR281415-15"",""trade_id"":""5b526328-3626-733a-fc79-4e05ebc67b53"",""yes_price_dollars"":""0.5400""}"
KXETH15M-26APR281415-15,3a0119a5-68cb-7762-d1be-9b576c391cd9,1777399319,0.5,0.34,yes,"{""count_fp"":""0.34"",""created_time"":""2026-04-28T18:01:59.154364Z"",""no_price_dollars"":""0.5000"",""taker_side"":""yes"",""ticker"":""KXETH15M-26APR281415-15"",""trade_id"":""3a0119a5-68cb-7762-d1be-9b576c391cd9"",""yes_price_dollars"":""0.5000""}"
KXETH15M-26APR281415-15,489d0740-2fc4-425b-812c-6fea7169ff8e,1777399320,0.52,1.0,yes,"{""count_fp"":""1.00"",""created_time"":""2026-04-28T18:02:00.520038Z"",""no_price_dollars"":""0.4800"",""taker_side"":""yes"",""ticker"":""KXETH15M-26APR281415-15"",""trade_id"":""489d0740-2fc4-425b-812c-6fea7169ff8e"",""yes_price_dollars"":""0.5200""}"
KXETH15M-26APR281415-15,afe8fc60-b028-4298-cc6d-e772e8a1b005,1777399321,0.51,5.0,no,"{""count_fp"":""5.00"",""created_time"":""2026-04-28T18:02:01.198694Z"",""no_price_dollars"":""0.4900"",""taker_side"":""no"",""ticker"":""KXETH15M-26APR281415-15"",""trade_id"":""afe8fc60-b028-4298-cc6d-e772e8a1b005"",""yes_price_dollars"":""0.5100""}"
KXETH15M-26APR281415-15,65bf47bd-1cd4-463f-1fd9-096307da7d9a,1777399321,0.52,1.0,yes,"{""count_fp"":""1.00"",""created_time"":""2026-04-28T18:02:01.000019Z"",""no_price_dollars"":""0.4800"",""taker_side"":""yes"",""ticker"":""KXETH15M-26APR281415-15"",""trade_id"":""65bf47bd-1cd4-463f-1fd9-096307da7d9a"",""yes_price_dollars"":""0.5200""}"
KXETH15M-26APR281415-15,e2f32534-9cb9-6dc7-05a3-63de04802f10,1777399325,0.48,5.0,yes,"{""count_fp"":""5.00"",""created_time"":""2026-04-28T18:02:05.023737Z"",""no_price_dollars"":""0.5200"",""taker_side"":""yes"",""ticker"":""KXETH15M-26APR281415-15"",""trade_id"":""e2f32534-9cb9-6dc7-05a3-63de04802f10"",""yes_price_dollars"":""0.4800""}"
KXETH15M-26APR281415-15,d0fcf1fa-0ede-690e-137a-030d6c505b9f,1777399325,0.5,10.0,yes,"{""count_fp"":""10.00"",""created_time"":""2026-04-28T18:02:05.023737Z"",""no_price_dollars"":""0.5000"",""taker_side"":""yes"",""ticker"":""KXETH15M-26APR281415-15"",""trade_id"":""d0fcf1fa-0ede-690e-137a-030d6c505b9f"",""yes_price_dollars"":""0.5000""}"
KXETH15M-26APR281415-15,7faa6ae3-8402-6854-0392-95593d516b35,1777399325,0.5,10.0,yes,"{""count_fp"":""10.00"",""created_time"":""2026-04-28T18:02:05.023737Z"",""no_price_dollars"":""0.5000"",""taker_side"":""yes"",""ticker"":""KXETH15M-26APR281415-15"",""trade_id"":""7faa6ae3-8402-6854-0392-95593d516b35"",""yes_price_dollars"":""0.5000""}"
KXETH15M-26APR281415-15,d67abf26-268f-6ea6-4a61-57724e92dc58,1777399326,0.49,1.0,yes,"{""count_fp"":""1.00"",""created_time"":""2026-04-28T18:02:06.037616Z"",""no_price_dollars"":""0.5100"",""taker_side"":""yes"",""ticker"":""KXETH15M-26APR281415-15"",""trade_id"":""d67abf26-268f-6ea6-4a61-57724e92dc58"",""yes_price_dollars"":""0.4900""}"
KXETH15M-26APR281415-15,d1a8d70f-db16-6865-5aac-bd2f10915295,1777399326,0.5,10.4,yes,"{""count_fp"":""10.40"",""created_time"":""2026-04-28T18:02:06.037616Z"",""no_price_dollars"":""0.5000"",""taker_side"":""yes"",""ticker"":""KXETH15M-26APR281415-15"",""trade_id"":""d1a8d70f-db16-6865-5aac-bd2f10915295"",""yes_price_dollars"":""0.5000""}"
KXETH15M-26APR281415-15,5865cb10-46a8-600f-53fb-fbf1ddeba404,1777399326,0.49,5.0,yes,"{""count_fp"":""5.00"",""created_time"":""2026-04-28T18:02:06.037616Z"",""no_price_dollars"":""0.5100"",""taker_side"":""yes"",""ticker"":""KXETH15M-26APR281415-15"",""trade_id"":""5865cb10-46a8-600f-53fb-fbf1ddeba404"",""yes_price_dollars"":""0.4900""}"
KXETH15M-26APR281415-15,02a76738-01d4-69f3-5e55-7c355289f806,1777399326,0.51,2.55,yes,"{""count_fp"":""2.55"",""created_time"":""2026-04-28T18:02:06.037616Z"",""no_price_dollars"":""0.4900"",""taker_side"":""yes"",""ticker"":""KXETH15M-26APR281415-15"",""trade_id"":""02a76738-01d4-69f3-5e55-7c355289f806"",""yes_price_dollars"":""0.5100""}"
KXETH15M-26APR281415-15,7c342354-2fea-54f7-23e8-ceaf8b0fae84,1777399327,0.47,1.0,no,"{""count_fp"":""1.00"",""created_time"":""2026-04-28T18:02:07.701671Z"",""no_price_dollars"":""0.5300"",""taker_side"":""no"",""ticker"":""KXETH15M-26APR281415-15"",""trade_id"":""7c342354-2fea-54f7-23e8-ceaf8b0fae84"",""yes_price_dollars"":""0.4700""}"
KXETH15M-26APR281415-15,3a84f55e-c8b8-5af2-1bd6-79ee2a24b686,1777399327,0.47,4.31,no,"{""count_fp"":""4.31"",""created_time"":""2026-04-28T18:02:07.701671Z"",""no_price_dollars"":""0.5300"",""taker_side"":""no"",""ticker"":""KXETH15M-26APR281415-15"",""trade_id"":""3a84f55e-c8b8-5af2-1bd6-79ee2a24b686"",""yes_price_dollars"":""0.4700""}"
KXETH15M-26APR281415-15,bd3ee3b6-03f4-7eeb-d63d-0a18b5d1ec6a,1777399328,0.51,1.89,yes,"{""count_fp"":""1.89"",""created_time"":""2026-04-28T18:02:08.788605Z"",""no_price_dollars"":""0.4900"",""taker_side"":""yes"",""ticker"":""KXETH15M-26APR281415-15"",""trade_id"":""bd3ee3b6-03f4-7eeb-d63d-0a18b5d1ec6a"",""yes_price_dollars"":""0.5100""}"
KXETH15M-26APR281415-15,da9f814a-ab93-7629-a59e-c999310fbaaf,1777399328,0.5,5.0,yes,"{""count_fp"":""5.00"",""created_time"":""2026-04-28T18:02:08.239547Z"",""no_price_dollars"":""0.5000"",""taker_side"":""yes"",""ticker"":""KXETH15M-26APR281415-15"",""trade_id"":""da9f814a-ab93-7629-a59e-c999310fbaaf"",""yes_price_dollars"":""0.5000""}"
KXETH15M-26APR281415-15,7d2ea232-cde0-7ca3-9d7f-5952c2544fde,1777399328,0.51,28.03,yes,"{""count_fp"":""28.03"",""created_time"":""2026-04-28T18:02:08.239547Z"",""no_price_dollars"":""0.4900"",""taker_side"":""yes"",""ticker"":""KXETH15M-26APR281415-15"",""trade_id"":""7d2ea232-cde0-7ca3-9d7f-5952c2544fde"",""yes_price_dollars"":""0.5100""}"
KXETH15M-26APR281415-15,3709403d-07e8-62e6-7489-148812030616,1777399342,0.42,10.0,no,"{""count_fp"":""10.00"",""created_time"":""2026-04-28T18:02:22.198075Z"",""no_price_dollars"":""0.5800"",""taker_side"":""no"",""ticker"":""KXETH15M-26APR281415-15"",""trade_id"":""3709403d-07e8-62e6-7489-148812030616"",""yes_price_dollars"":""0.4200""}"
KXETH15M-26APR281415-15,746176b9-8b67-6b80-ac31-9cdbadc8a9d1,1777399343,0.37,10.0,no,"{""count_fp"":""10.00"",""created_time"":""2026-04-28T18:02:23.677758Z"",""no_price_dollars"":""0.6300"",""taker_side"":""no"",""ticker"":""KXETH15M-26APR281415-15"",""trade_id"":""746176b9-8b67-6b80-ac31-9cdbadc8a9d1"",""yes_price_dollars"":""0.3700""}"
KXETH15M-26APR281415-15,623d0223-606a-6ef9-0fa3-258b2406066e,1777399343,0.39,40.0,no,"{""count_fp"":""40.00"",""created_time"":""2026-04-28T18:02:23.520697Z"",""no_price_dollars"":""0.6100"",""taker_side"":""no"",""ticker"":""KXETH15M-26APR281415-15"",""trade_id"":""623d0223-606a-6ef9-0fa3-258b2406066e"",""yes_price_dollars"":""0.3900""}"
KXETH15M-26APR281415-15,1c284d38-6eea-6428-3db3-2fae960be3b8,1777399343,0.39,10.0,no,"{""count_fp"":""10.00"",""created_time"":""2026-04-28T18:02:23.520697Z"",""no_price_dollars"":""0.6100"",""taker_side"":""no"",""ticker"":""KXETH15M-26APR281415-15"",""trade_id"":""1c284d38-6eea-6428-3db3-2fae960be3b8"",""yes_price_dollars"":""0.3900""}"
KXETH15M-26APR281415-15,55d8d8e4-b1be-6643-18b9-dbfd6793df0e,1777399343,0.42,10.0,no,"{""count_fp"":""10.00"",""created_time"":""2026-04-28T18:02:23.156123Z"",""no_price_dollars"":""0.5800"",""taker_side"":""no"",""ticker"":""KXETH15M-26APR281415-15"",""trade_id"":""55d8d8e4-b1be-6643-18b9-dbfd6793df0e"",""yes_price_dollars"":""0.4200""}"
KXETH15M-26APR281415-15,699a2110-07ba-5964-936a-94703e98bbb7,1777399344,0.34,9.54,no,"{""count_fp"":""9.54"",""created_time"":""2026-04-28T18:02:24.595087Z"",""no_price_dollars"":""0.6600"",""taker_side"":""no"",""ticker"":""KXETH15M-26APR281415-15"",""trade_id"":""699a2110-07ba-5964-936a-94703e98bbb7"",""yes_price_dollars"":""0.3400""}"
KXETH15M-26APR281415-15,0565dbc4-627b-595a-be5a-362c44804263,1777399344,0.36,5.0,no,"{""count_fp"":""5.00"",""created_time"":""2026-04-28T18:02:24.595087Z"",""no_price_dollars"":""0.6400"",""taker_side"":""no"",""ticker"":""KXETH15M-26APR281415-15"",""trade_id"":""0565dbc4-627b-595a-be5a-362c44804263"",""yes_price_dollars"":""0.3600""}"
KXETH15M-26APR281415-15,7d4e25a8-72ee-6c1a-6b3d-c72300e6965f,1777399344,0.37,10.0,yes,"{""count_fp"":""10.00"",""created_time"":""2026-04-28T18:02:24.428744Z"",""no_price_dollars"":""0.6300"",""taker_side"":""yes"",""ticker"":""KXETH15M-26APR281415-15"",""trade_id"":""7d4e25a8-72ee-6c1a-6b3d-c72300e6965f"",""yes_price_dollars"":""0.3700""}"
KXETH15M-26APR281415-15,6c1cb412-8b20-6f73-5c5d-cd5a2ae48372,1777399344,0.38,30.06,yes,"{""count_fp"":""30.06"",""created_time"":""2026-04-28T18:02:24.428744Z"",""no_price_dollars"":""0.6200"",""taker_side"":""yes"",""ticker"":""KXETH15M-26APR281415-15"",""trade_id"":""6c1cb412-8b20-6f73-5c5d-cd5a2ae48372"",""yes_price_dollars"":""0.3800""}"
KXETH15M-26APR281415-15,f5cfeaa2-a50e-57e3-d436-4756d3e091e9,1777399345,0.34,5.0,no,"{""count_fp"":""5.00"",""created_time"":""2026-04-28T18:02:25.011731Z"",""no_price_dollars"":""0.6600"",""taker_side"":""no"",""ticker"":""KXETH15M-26APR281415-15"",""trade_id"":""f5cfeaa2-a50e-57e3-d436-4756d3e091e9"",""yes_price_dollars"":""0.3400""}"
KXETH15M-26APR281415-15,7f5ba572-43d4-64cb-54c7-4ae11627706d,1777399351,0.4,10.0,yes,"{""count_fp"":""10.00"",""created_time"":""2026-04-28T18:02:31.584902Z"",""no_price_dollars"":""0.6000"",""taker_side"":""yes"",""ticker"":""KXETH15M-26APR281415-15"",""trade_id"":""7f5ba572-43d4-64cb-54c7-4ae11627706d"",""yes_price_dollars"":""0.4000""}"
KXETH15M-26APR281415-15,edd79761-08ce-5900-b1bf-3b0d5b1ee78f,1777399351,0.39,10.0,yes,"{""count_fp"":""10.00"",""created_time"":""2026-04-28T18:02:31.583049Z"",""no_price_dollars"":""0.6100"",""taker_side"":""yes"",""ticker"":""KXETH15M-26APR281415-15"",""trade_id"":""edd79761-08ce-5900-b1bf-3b0d5b1ee78f"",""yes_price_dollars"":""0.3900""}"
KXETH15M-26APR281415-15,6e13aa5b-d8f4-46c8-de5e-335f79c855cf,1777399354,0.39,3.0,no,"{""count_fp"":""3.00"",""created_time"":""2026-04-28T18:02:34.242561Z"",""no_price_dollars"":""0.6100"",""taker_side"":""no"",""ticker"":""KXETH15M-26APR281415-15"",""trade_id"":""6e13aa5b-d8f4-46c8-de5e-335f79c855cf"",""yes_price_dollars"":""0.3900""}"
KXETH15M-26APR281415-15,cb6c405a-95ec-613f-5a2e-fe353cd15369,1777399358,0.38,0.04,no,"{""count_fp"":""0.04"",""created_time"":""2026-04-28T18:02:38.780931Z"",""no_price_dollars"":""0.6200"",""taker_side"":""no"",""ticker"":""KXETH15M-26APR281415-15"",""trade_id"":""cb6c405a-95ec-613f-5a2e-fe353cd15369"",""yes_price_dollars"":""0.3800""}"
KXETH15M-26APR281415-15,baa32fc7-3c95-5baa-fcb8-2bd8cb9e521d,1777399359,0.41,2.23,yes,"{""count_fp"":""2.23"",""created_time"":""2026-04-28T18:02:39.078732Z"",""no_price_dollars"":""0.5900"",""taker_side"":""yes"",""ticker"":""KXETH15M-26APR281415-15"",""trade_id"":""baa32fc7-3c95-5baa-fcb8-2bd8cb9e521d"",""yes_price_dollars"":""0.4100""}"
KXETH15M-26APR281415-15,de6d8d18-87fb-72aa-dbef-2f2a60eac865,1777399361,0.41,10.0,yes,"{""count_fp"":""10.00"",""created_time"":""2026-04-28T18:02:41.032028Z"",""no_price_dollars"":""0.5900"",""taker_side"":""yes"",""ticker"":""KXETH15M-26APR281415-15"",""trade_id"":""de6d8d18-87fb-72aa-dbef-2f2a60eac865"",""yes_price_dollars"":""0.4100""}"
KXETH15M-26APR281415-15,885d8de1-4c34-7dce-f1c2-62ec8eab1c1d,1777399361,0.41,5.0,yes,"{""count_fp"":""5.00"",""created_time"":""2026-04-28T18:02:41.032028Z"",""no_price_dollars"":""0.5900"",""taker_side"":""yes"",""ticker"":""KXETH15M-26APR281415-15"",""trade_id"":""885d8de1-4c34-7dce-f1c2-62ec8eab1c1d"",""yes_price_dollars"":""0.4100""}"
KXETH15M-26APR281415-15,2c56a68d-e670-7d2f-c15e-cb889307f225,1777399361,0.42,7.56,yes,"{""count_fp"":""7.56"",""created_time"":""2026-04-28T18:02:41.032028Z"",""no_price_dollars"":""0.5800"",""taker_side"":""yes"",""ticker"":""KXETH15M-26APR281415-15"",""trade_id"":""2c56a68d-e670-7d2f-c15e-cb889307f225"",""yes_price_dollars"":""0.4200""}"
KXETH15M-26APR281415-15,ad00ca80-f796-50b9-2105-35285970a696,1777399364,0.38,10.0,no,"{""count_fp"":""10.00"",""created_time"":""2026-04-28T18:02:44.888525Z"",""no_price_dollars"":""0.6200"",""taker_side"":""no"",""ticker"":""KXETH15M-26APR281415-15"",""trade_id"":""ad00ca80-f796-50b9-2105-35285970a696"",""yes_price_dollars"":""0.3800""}"
KXETH15M-26APR281415-15,a783da24-2d01-5617-0d0d-53a06c68e48e,1777399364,0.38,5.71,no,"{""count_fp"":""5.71"",""created_time"":""2026-04-28T18:02:44.888525Z"",""no_price_dollars"":""0.6200"",""taker_side"":""no"",""ticker"":""KXETH15M-26APR281415-15"",""trade_id"":""a783da24-2d01-5617-0d0d-53a06c68e48e"",""yes_price_dollars"":""0.3800""}"
KXETH15M-26APR281415-15,c7897d9c-8048-425f-7f1f-f857203b3959,1777399369,0.38,15.22,yes,"{""count_fp"":""15.22"",""created_time"":""2026-04-28T18:02:49.394083Z"",""no_price_dollars"":""0.6200"",""taker_side"":""yes"",""ticker"":""KXETH15M-26APR281415-15"",""trade_id"":""c7897d9c-8048-425f-7f1f-f857203b3959"",""yes_price_dollars"":""0.3800""}"
KXETH15M-26APR281415-15,29f852fc-69f2-48be-73bd-aaacf2d8b8cb,1777399369,0.37,10.0,yes,"{""count_fp"":""10.00"",""created_time"":""2026-04-28T18:02:49.394083Z"",""no_price_dollars"":""0.6300"",""taker_side"":""yes"",""ticker"":""KXETH15M-26APR281415-15"",""trade_id"":""29f852fc-69f2-48be-73bd-aaacf2d8b8cb"",""yes_price_dollars"":""0.3700""}"
KXETH15M-26APR281415-15,948d56d0-7e8d-46d3-6c50-24f13ef90f12,1777399370,0.35,5.0,no,"{""count_fp"":""5.00"",""created_time"":""2026-04-28T18:02:50.318231Z"",""no_price_dollars"":""0.6500"",""taker_side"":""no"",""ticker"":""KXETH15M-26APR281415-15"",""trade_id"":""948d56d0-7e8d-46d3-6c50-24f13ef90f12"",""yes_price_dollars"":""0.3500""}"
KXETH15M-26APR281415-15,3bf01205-a650-4ea8-41bd-cd5615ade60b,1777399370,0.33,37.61,no,"{""count_fp"":""37.61"",""created_time"":""2026-04-28T18:02:50.318231Z"",""no_price_dollars"":""0.6700"",""taker_side"":""no"",""ticker"":""KXETH15M-26APR281415-15"",""trade_id"":""3bf01205-a650-4ea8-41bd-cd5615ade60b"",""yes_price_dollars"":""0.3300""}"
KXETH15M-26APR281415-15,cce93d58-10e9-581f-2254-801f8a92178a,1777399370,0.35,5.0,no,"{""count_fp"":""5.00"",""created_time"":""2026-04-28T18:02:50.313334Z"",""no_price_dollars"":""0.6500"",""taker_side"":""no"",""ticker"":""KXETH15M-26APR281415-15"",""trade_id"":""cce93d58-10e9-581f-2254-801f8a92178a"",""yes_price_dollars"":""0.3500""}"
KXETH15M-26APR281415-15,98f1a066-141b-5b62-0a7e-b821cd55780a,1777399370,0.35,10.0,no,"{""count_fp"":""10.00"",""created_time"":""2026-04-28T18:02:50.313334Z"",""no_price_dollars"":""0.6500"",""taker_side"":""no"",""ticker"":""KXETH15M-26APR281415-15"",""trade_id"":""98f1a066-141b-5b62-0a7e-b821cd55780a"",""yes_price_dollars"":""0.3500""}"
KXETH15M-26APR281415-15,43d4c587-09a5-5a0f-048f-75fceb75f972,1777399370,0.35,5.0,no,"{""count_fp"":""5.00"",""created_time"":""2026-04-28T18:02:50.313334Z"",""no_price_dollars"":""0.6500"",""taker_side"":""no"",""ticker"":""KXETH15M-26APR281415-15"",""trade_id"":""43d4c587-09a5-5a0f-048f-75fceb75f972"",""yes_price_dollars"":""0.3500""}"
KXETH15M-26APR281415-15,fb16856a-d03f-5c88-0d0f-370c011a7cab,1777399373,0.35,10.0,yes,"{""count_fp"":""10.00"",""created_time"":""2026-04-28T18:02:53.113434Z"",""no_price_dollars"":""0.6500"",""taker_side"":""yes"",""ticker"":""KXETH15M-26APR281415-15"",""trade_id"":""fb16856a-d03f-5c88-0d0f-370c011a7cab"",""yes_price_dollars"":""0.3500""}"
KXETH15M-26APR281415-15,70606efa-ef44-5a2a-30f3-c329968b528f,1777399373,0.34,5.0,yes,"{""count_fp"":""5.00"",""created_time"":""2026-04-28T18:02:53.113434Z"",""no_price_dollars"":""0.6600"",""taker_side"":""yes"",""ticker"":""KXETH15M-26APR281415-15"",""trade_id"":""70606efa-ef44-5a2a-30f3-c329968b528f"",""yes_price_dollars"":""0.3400""}"
KXETH15M-26APR281415-15,660d81a9-cb58-5377-22b5-6ba90a2d0cb9,1777399373,0.36,25.0,yes,"{""count_fp"":""25.00"",""created_time"":""2026-04-28T18:02:53.113434Z"",""no_price_dollars"":""0.6400"",""taker_side"":""yes"",""ticker"":""KXETH15M-26APR281415-15"",""trade_id"":""660d81a9-cb58-5377-22b5-6ba90a2d0cb9"",""yes_price_dollars"":""0.3600""}"
KXETH15M-26APR281415-15,13b74d8f-7cc7-535d-0011-9974189d1b03,1777399374,0.43,1.0,yes,"{""count_fp"":""1.00"",""created_time"":""2026-04-28T18:02:54.905053Z"",""no_price_dollars"":""0.5700"",""taker_side"":""yes"",""ticker"":""KXETH15M-26APR281415-15"",""trade_id"":""13b74d8f-7cc7-535d-0011-9974189d1b03"",""yes_price_dollars"":""0.4300""}"
KXETH15M-26APR281415-15,9c59f8bf-ee41-4890-322f-7c2b95c504a4,1777399374,0.43,9.0,no,"{""count_fp"":""9.00"",""created_time"":""2026-04-28T18:02:54.878343Z"",""no_price_dollars"":""0.5700"",""taker_side"":""no"",""ticker"":""KXETH15M-26APR281415-15"",""trade_id"":""9c59f8bf-ee41-4890-322f-7c2b95c504a4"",""yes_price_dollars"":""0.4300""}"
KXETH15M-26APR281415-15,bdd5e230-d263-7d6c-d479-61b456a0142e,1777399374,0.43,10.0,no,"{""count_fp"":""10.00"",""created_time"":""2026-04-28T18:02:54.836635Z"",""no_price_dollars"":""0.5700"",""taker_side"":""no"",""ticker"":""KXETH15M-26APR281415-15"",""trade_id"":""bdd5e230-d263-7d6c-d479-61b456a0142e"",""yes_price_dollars"":""0.4300""}"
KXETH15M-26APR281415-15,ef6ae5f5-d860-7419-b28f-f72332851239,1777399374,0.42,25.26,yes,"{""count_fp"":""25.26"",""created_time"":""2026-04-28T18:02:54.603019Z"",""no_price_dollars"":""0.5800"",""taker_side"":""yes"",""ticker"":""KXETH15M-26APR281415-15"",""trade_id"":""ef6ae5f5-d860-7419-b28f-f72332851239"",""yes_price_dollars"":""0.4200""}"
KXETH15M-26APR281415-15,f0470d22-805c-6895-e59d-ab900a8bcb79,1777399374,0.42,65.0,yes,"{""count_fp"":""65.00"",""created_time"":""2026-04-28T18:02:54.586218Z"",""no_price_dollars"":""0.5800"",""taker_side"":""yes"",""ticker"":""KXETH15M-26APR281415-15"",""trade_id"":""f0470d22-805c-6895-e59d-ab900a8bcb79"",""yes_price_dollars"":""0.4200""}"
KXETH15M-26APR281415-15,30ce1432-a663-7537-8557-7a1786640d46,1777399374,0.42,20.0,yes,"{""count_fp"":""20.00"",""created_time"":""2026-04-28T18:02:54.578564Z"",""no_price_dollars"":""0.5800"",""taker_side"":""yes"",""ticker"":""KXETH15M-26APR281415-15"",""trade_id"":""30ce1432-a663-7537-8557-7a1786640d46"",""yes_price_dollars"":""0.4200""}"
KXETH15M-26APR281415-15,6a69f6aa-8d94-789c-3d04-7fc5e3817eb7,1777399374,0.41,60.0,yes,"{""count_fp"":""60.00"",""created_time"":""2026-04-28T18:02:54.548794Z"",""no_price_dollars"":""0.5900"",""taker_side"":""yes"",""ticker"":""KXETH15M-26APR281415-15"",""trade_id"":""6a69f6aa-8d94-789c-3d04-7fc5e3817eb7"",""yes_price_dollars"":""0.4100""}"
KXETH15M-26APR281415-15,8ded9651-2584-6cd0-8b74-b854551c09fe,1777399374,0.38,5.0,yes,"{""count_fp"":""5.00"",""created_time"":""2026-04-28T18:02:54.536361Z"",""no_price_dollars"":""0.6200"",""taker_side"":""yes"",""ticker"":""KXETH15M-26APR281415-15"",""trade_id"":""8ded9651-2584-6cd0-8b74-b854551c09fe"",""yes_price_dollars"":""0.3800""}"
KXETH15M-26APR281415-15,df863e03-3196-6f4b-df8b-7cec425be4ed,1777399384,0.49,10.0,no,"{""count_fp"":""10.00"",""created_time"":""2026-04-28T18:03:04.243671Z"",""no_price_dollars"":""0.5100"",""taker_side"":""no"",""ticker"":""KXETH15M-26APR281415-15"",""trade_id"":""df863e03-3196-6f4b-df8b-7cec425be4ed"",""yes_price_dollars"":""0.4900""}"
KXETH15M-26APR281415-15,5fc5c4dc-10ff-6917-d043-2f54204bc569,1777399384,0.48,1.0,no,"{""count_fp"":""1.00"",""created_time"":""2026-04-28T18:03:04.243671Z"",""no_price_dollars"":""0.5200"",""taker_side"":""no"",""ticker"":""KXETH15M-26APR281415-15"",""trade_id"":""5fc5c4dc-10ff-6917-d043-2f54204bc569"",""yes_price_dollars"":""0.4800""}"
KXETH15M-26APR281415-15,52461731-c3f9-64ab-d5ea-04b41e7a55b0,1777399384,0.48,7.19,no,"{""count_fp"":""7.19"",""created_time"":""2026-04-28T18:03:04.243671Z"",""no_price_dollars"":""0.5200"",""taker_side"":""no"",""ticker"":""KXETH15M-26APR281415-15"",""trade_id"":""52461731-c3f9-64ab-d5ea-04b41e7a55b0"",""yes_price_dollars"":""0.4800""}"
KXETH15M-26APR281415-15,ababa8ac-8bbf-4b10-9fbf-20a2a25db0af,1777399388,0.49,1.0,no,"{""count_fp"":""1.00"",""created_time"":""2026-04-28T18:03:08.140924Z"",""no_price_dollars"":""0.5100"",""taker_side"":""no"",""ticker"":""KXETH15M-26APR281415-15"",""trade_id"":""ababa8ac-8bbf-4b10-9fbf-20a2a25db0af"",""yes_price_dollars"":""0.4900""}"
KXETH15M-26APR281415-15,6f4f4e5d-00fc-4730-800c-72c1cd8d135f,1777399388,0.47,39.51,no,"{""count_fp"":""39.51"",""created_time"":""2026-04-28T18:03:08.140924Z"",""no_price_dollars"":""0.5300"",""taker_side"":""no"",""ticker"":""KXETH15M-26APR281415-15"",""trade_id"":""6f4f4e5d-00fc-4730-800c-72c1cd8d135f"",""yes_price_dollars"":""0.4700""}"
KXETH15M-26APR281415-15,3cd1c31b-7151-4881-b068-f9e4daff0d94,1777399388,0.48,9.49,no,"{""count_fp"":""9.49"",""created_time"":""2026-04-28T18:03:08.140924Z"",""no_price_dollars"":""0.5200"",""taker_side"":""no"",""ticker"":""KXETH15M-26APR281415-15"",""trade_id"":""3cd1c31b-7151-4881-b068-f9e4daff0d94"",""yes_price_dollars"":""0.4800""}"
KXETH15M-26APR281415-15,0649315a-4da1-7022-9896-c313e88cb227,1777399389,0.54,30.0,yes,"{""count_fp"":""30.00"",""created_time"":""2026-04-28T18:03:09.910823Z"",""no_price_dollars"":""0.4600"",""taker_side"":""yes"",""ticker"":""KXETH15M-26APR281415-15"",""trade_id"":""0649315a-4da1-7022-9896-c313e88cb227"",""yes_price_dollars"":""0.5400""}"
KXETH15M-26APR281415-15,a12f7e04-d569-71fe-05cd-be465a7235c7,1777399389,0.54,30.0,yes,"{""count_fp"":""30.00"",""created_time"":""2026-04-28T18:03:09.905018Z"",""no_price_dollars"":""0.4600"",""taker_side"":""yes"",""ticker"":""KXETH15M-26APR281415-15"",""trade_id"":""a12f7e04-d569-71fe-05cd-be465a7235c7"",""yes_price_dollars"":""0.5400""}"
KXETH15M-26APR281415-15,cd6d8a00-a4e4-5893-2e83-9206bd1d0d3d,1777399389,0.53,30.0,yes,"{""count_fp"":""30.00"",""created_time"":""2026-04-28T18:03:09.891452Z"",""no_price_dollars"":""0.4700"",""taker_side"":""yes"",""ticker"":""KXETH15M-26APR281415-15"",""trade_id"":""cd6d8a00-a4e4-5893-2e83-9206bd1d0d3d"",""yes_price_dollars"":""0.5300""}"
KXETH15M-26APR281415-15,74537b5e-e24e-7e2c-7188-c1e0bd0b5795,1777399389,0.5,10.0,yes,"{""count_fp"":""10.00"",""created_time"":""2026-04-28T18:03:09.877123Z"",""no_price_dollars"":""0.5000"",""taker_side"":""yes"",""ticker"":""KXETH15M-26APR281415-15"",""trade_id"":""74537b5e-e24e-7e2c-7188-c1e0bd0b5795"",""yes_price_dollars"":""0.5000""}"
KXETH15M-26APR281415-15,56a35d91-fcee-70ab-5f4b-76cc03c8af86,1777399389,0.5,1.0,yes,"{""count_fp"":""1.00"",""created_time"":""2026-04-28T18:03:09.877123Z"",""no_price_dollars"":""0.5000"",""taker_side"":""yes"",""ticker"":""KXETH15M-26APR281415-15"",""trade_id"":""56a35d91-fcee-70ab-5f4b-76cc03c8af86"",""yes_price_dollars"":""0.5000""}"
KXETH15M-26APR281415-15,00fa4d59-8423-721a-5f53-7a36aef15c0f,1777399389,0.51,19.0,yes,"{""count_fp"":""19.00"",""created_time"":""2026-04-28T18:03:09.877123Z"",""no_price_dollars"":""0.4900"",""taker_side"":""yes"",""ticker"":""KXETH15M-26APR281415-15"",""trade_id"":""00fa4d59-8423-721a-5f53-7a36aef15c0f"",""yes_price_dollars"":""0.5100""}"
KXETH15M-26APR281415-15,82e47634-5deb-645e-d521-578ae0fcbe11,1777399389,0.48,5.0,yes,"{""count_fp"":""5.00"",""created_time"":""2026-04-28T18:03:09.264852Z"",""no_price_dollars"":""0.5200"",""taker_side"":""yes"",""ticker"":""KXETH15M-26APR281415-15"",""trade_id"":""82e47634-5deb-645e-d521-578ae0fcbe11"",""yes_price_dollars"":""0.4800""}"
KXETH15M-26APR281415-15,f34482d4-1b40-5dd0-6a3e-2324833e389d,1777399400,0.49,0.26,no,"{""count_fp"":""0.26"",""created_time"":""2026-04-28T18:03:20.737193Z"",""no_price_dollars"":""0.5100"",""taker_side"":""no"",""ticker"":""KXETH15M-26APR281415-15"",""trade_id"":""f34482d4-1b40-5dd0-6a3e-2324833e389d"",""yes_price_dollars"":""0.4900""}"
KXETH15M-26APR281415-15,4e511262-af08-5b1b-3b10-be4b3c5980d1,1777399401,0.5,36.53,yes,"{""count_fp"":""36.53"",""created_time"":""2026-04-28T18:03:21.177089Z"",""no_price_dollars"":""0.5000"",""taker_side"":""yes"",""ticker"":""KXETH15M-26APR281415-15"",""trade_id"":""4e511262-af08-5b1b-3b10-be4b3c5980d1"",""yes_price_dollars"":""0.5000""}"
KXETH15M-26APR281415-15,25cf8ff9-8070-7acf-6b56-d591d0546f7e,1777399405,0.45,2.47,yes,"{""count_fp"":""2.47"",""created_time"":""2026-04-28T18:03:25.206042Z"",""no_price_dollars"":""0.5500"",""taker_side"":""yes"",""ticker"":""KXETH15M-26APR281415-15"",""trade_id"":""25cf8ff9-8070-7acf-6b56-d591d0546f7e"",""yes_price_dollars"":""0.4500""}"
KXETH15M-26APR281415-15,f1177fd0-bd2c-4cbf-e4d3-54ef26e93014,1777399405,0.45,0.74,no,"{""count_fp"":""0.74"",""created_time"":""2026-04-28T18:03:25.139342Z"",""no_price_dollars"":""0.5500"",""taker_side"":""no"",""ticker"":""KXETH15M-26APR281415-15"",""trade_id"":""f1177fd0-bd2c-4cbf-e4d3-54ef26e93014"",""yes_price_dollars"":""0.4500""}"
KXETH15M-26APR281415-15,bac595fe-05d8-45cc-4290-15aa2f1dc34d,1777399405,0.49,4.74,no,"{""count_fp"":""4.74"",""created_time"":""2026-04-28T18:03:25.107556Z"",""no_price_dollars"":""0.5100"",""taker_side"":""no"",""ticker"":""KXETH15M-26APR281415-15"",""trade_id"":""bac595fe-05d8-45cc-4290-15aa2f1dc34d"",""yes_price_dollars"":""0.4900""}"
KXETH15M-26APR281415-15,263247b9-1cdc-4df7-79f5-1223d06874a4,1777399405,0.45,9.26,no,"{""count_fp"":""9.26"",""created_time"":""2026-04-28T18:03:25.107556Z"",""no_price_dollars"":""0.5500"",""taker_side"":""no"",""ticker"":""KXETH15M-26APR281415-15"",""trade_id"":""263247b9-1cdc-4df7-79f5-1223d06874a4"",""yes_price_dollars"":""0.4500""}"
KXETH15M-26APR281415-15,cee1ba30-f0b5-7913-d566-0031ceb688be,1777399413,0.47,2.0,yes,"{""count_fp"":""2.00"",""created_time"":""2026-04-28T18:03:33.981366Z"",""no_price_dollars"":""0.5300"",""taker_side"":""yes"",""ticker"":""KXETH15M-26APR281415-15"",""trade_id"":""cee1ba30-f0b5-7913-d566-0031ceb688be"",""yes_price_dollars"":""0.4700""}"
KXETH15M-26APR281415-15,3aab7179-3349-48f7-e705-6f5c8a05ec1e,1777399414,0.48,3.0,yes,"{""count_fp"":""3.00"",""created_time"":""2026-04-28T18:03:34.225121Z"",""no_price_dollars"":""0.5200"",""taker_side"":""yes"",""ticker"":""KXETH15M-26APR281415-15"",""trade_id"":""3aab7179-3349-48f7-e705-6f5c8a05ec1e"",""yes_price_dollars"":""0.4800""}"
KXETH15M-26APR281415-15,b84ca01d-0058-4b0a-631e-3829d7dca1ee,1777399416,0.51,1.0,yes,"{""count_fp"":""1.00"",""created_time"":""2026-04-28T18:03:36.235708Z"",""no_price_dollars"":""0.4900"",""taker_side"":""yes"",""ticker"":""KXETH15M-26APR281415-15"",""trade_id"":""b84ca01d-0058-4b0a-631e-3829d7dca1ee"",""yes_price_dollars"":""0.5100""}"
KXETH15M-26APR281415-15,ccf546c3-2607-5c90-149c-6c8de70b15b4,1777399420,0.57,2.0,yes,"{""count_fp"":""2.00"",""created_time"":""2026-04-28T18:03:40.423056Z"",""no_price_dollars"":""0.4300"",""taker_side"":""yes"",""ticker"":""KXETH15M-26APR281415-15"",""trade_id"":""ccf546c3-2607-5c90-149c-6c8de70b15b4"",""yes_price_dollars"":""0.5700""}"
KXETH15M-26APR281415-15,31b5d787-3f16-4bf6-e7dc-1aa6cfbf30df,1777399423,0.52,8.97,no,"{""count_fp"":""8.97"",""created_time"":""2026-04-28T18:03:43.131966Z"",""no_price_dollars"":""0.4800"",""taker_side"":""no"",""ticker"":""KXETH15M-26APR281415-15"",""trade_id"":""31b5d787-3f16-4bf6-e7dc-1aa6cfbf30df"",""yes_price_dollars"":""0.5200""}"
KXETH15M-26APR281415-15,4c7f5681-5a18-69cc-6b35-324262609d0f,1777399425,0.51,10.0,no,"{""count_fp"":""10.00"",""created_time"":""2026-04-28T18:03:45.916182Z"",""no_price_dollars"":""0.4900"",""taker_side"":""no"",""ticker"":""KXETH15M-26APR281415-15"",""trade_id"":""4c7f5681-5a18-69cc-6b35-324262609d0f"",""yes_price_dollars"":""0.5100""}"
KXETH15M-26APR281415-15,2a2b3903-cabe-6208-4f97-ff54be1a4b88,1777399425,0.51,40.0,no,"{""count_fp"":""40.00"",""created_time"":""2026-04-28T18:03:45.916182Z"",""no_price_dollars"":""0.4900"",""taker_side"":""no"",""ticker"":""KXETH15M-26APR281415-15"",""trade_id"":""2a2b3903-cabe-6208-4f97-ff54be1a4b88"",""yes_price_dollars"":""0.5100""}"
KXETH15M-26APR281415-15,e39961b2-a6d5-6159-6a10-e87ef5b848e7,1777399429,0.56,20.0,yes,"{""count_fp"":""20.00"",""created_time"":""2026-04-28T18:03:49.949986Z"",""no_price_dollars"":""0.4400"",""taker_side"":""yes"",""ticker"":""KXETH15M-26APR281415-15"",""trade_id"":""e39961b2-a6d5-6159-6a10-e87ef5b848e7"",""yes_price_dollars"":""0.5600""}"
KXETH15M-26APR281415-15,c7510c42-942f-6b0b-5d48-cdebd22bf36e,1777399429,0.55,80.0,yes,"{""count_fp"":""80.00"",""created_time"":""2026-04-28T18:03:49.949986Z"",""no_price_dollars"":""0.4500"",""taker_side"":""yes"",""ticker"":""KXETH15M-26APR281415-15"",""trade_id"":""c7510c42-942f-6b0b-5d48-cdebd22bf36e"",""yes_price_dollars"":""0.5500""}"
KXETH15M-26APR281415-15,6e2166d3-d638-5ad1-00a7-d11eefdb7b70,1777399429,0.53,80.0,yes,"{""count_fp"":""80.00"",""created_time"":""2026-04-28T18:03:49.935956Z"",""no_price_dollars"":""0.4700"",""taker_side"":""yes"",""ticker"":""KXETH15M-26APR281415-15"",""trade_id"":""6e2166d3-d638-5ad1-00a7-d11eefdb7b70"",""yes_price_dollars"":""0.5300""}"
KXETH15M-26APR281415-15,f48feaef-ae7f-77b4-d244-5afb781eb96e,1777399429,0.55,60.0,yes,"{""count_fp"":""60.00"",""created_time"":""2026-04-28T18:03:49.929395Z"",""no_price_dollars"":""0.4500"",""taker_side"":""yes"",""ticker"":""KXETH15M-26APR281415-15"",""trade_id"":""f48feaef-ae7f-77b4-d244-5afb781eb96e"",""yes_price_dollars"":""0.5500""}"
KXETH15M-26APR281415-15,040cc1d8-0d13-55a4-6658-e0e20f74ea88,1777399429,0.51,10.0,yes,"{""count_fp"":""10.00"",""created_time"":""2026-04-28T18:03:49.917305Z"",""no_price_dollars"":""0.4900"",""taker_side"":""yes"",""ticker"":""KXETH15M-26APR281415-15"",""trade_id"":""040cc1d8-0d13-55a4-6658-e0e20f74ea88"",""yes_price_dollars"":""0.5100""}"
KXETH15M-26APR281415-15,65e1d3af-968a-6555-7df0-6b07e0006dcc,1777399429,0.48,10.0,yes,"{""count_fp"":""10.00"",""created_time"":""2026-04-28T18:03:49.563978Z"",""no_price_dollars"":""0.5200"",""taker_side"":""yes"",""ticker"":""KXETH15M-26APR281415-15"",""trade_id"":""65e1d3af-968a-6555-7df0-6b07e0006dcc"",""yes_price_dollars"":""0.4800""}"
KXETH15M-26APR281415-15,3869cb62-b328-6cbb-6ecb-381651289e5a,1777399429,0.48,9.79,yes,"{""count_fp"":""9.79"",""created_time"":""2026-04-28T18:03:49.563978Z"",""no_price_dollars"":""0.5200"",""taker_side"":""yes"",""ticker"":""KXETH15M-26APR281415-15"",""trade_id"":""3869cb62-b328-6cbb-6ecb-381651289e5a"",""yes_price_dollars"":""0.4800""}"
KXETH15M-26APR281415-15,eda62fa4-51e8-4bec-4320-a41dcc4da393,1777399430,0.66,1.0,yes,"{""count_fp"":""1.00"",""created_time"":""2026-04-28T18:03:50.968219Z"",""no_price_dollars"":""0.3400"",""taker_side"":""yes"",""ticker"":""KXETH15M-26APR281415-15"",""trade_id"":""eda62fa4-51e8-4bec-4320-a41dcc4da393"",""yes_price_dollars"":""0.6600""}"
KXETH15M-26APR281415-15,ab1b5c58-46eb-7ff6-52f1-d780e0f27e2f,1777399432,0.6,4.0,no,"{""count_fp"":""4.00"",""created_time"":""2026-04-28T18:03:52.023498Z"",""no_price_dollars"":""0.4000"",""taker_side"":""no"",""ticker"":""KXETH15M-26APR281415-15"",""trade_id"":""ab1b5c58-46eb-7ff6-52f1-d780e0f27e2f"",""yes_price_dollars"":""0.6000""}"
KXETH15M-26APR281415-15,d54c1fcf-f2b4-788c-69cc-ad961e14582b,1777399432,0.66,5.0,yes,"{""count_fp"":""5.00"",""created_time"":""2026-04-28T18:03:52.013972Z"",""no_price_dollars"":""0.3400"",""taker_side"":""yes"",""ticker"":""KXETH15M-26APR281415-15"",""trade_id"":""d54c1fcf-f2b4-788c-69cc-ad961e14582b"",""yes_price_dollars"":""0.6600""}"
KXETH15M-26APR281415-15,41eb431f-d79e-7642-b4a3-90fb19cb2cea,1777399434,0.61,5.0,yes,"{""count_fp"":""5.00"",""created_time"":""2026-04-28T18:03:54.973218Z"",""no_price_dollars"":""0.3900"",""taker_side"":""yes"",""ticker"":""KXETH15M-26APR281415-15"",""trade_id"":""41eb431f-d79e-7642-b4a3-90fb19cb2cea"",""yes_price_dollars"":""0.6100""}"
KXETH15M-26APR281415-15,40eea1f2-2484-473c-902b-ecf8a13f629f,1777399434,0.6,10.0,no,"{""count_fp"":""10.00"",""created_time"":""2026-04-28T18:03:54.937345Z"",""no_price_dollars"":""0.4000"",""taker_side"":""no"",""ticker"":""KXETH15M-26APR281415-15"",""trade_id"":""40eea1f2-2484-473c-902b-ecf8a13f629f"",""yes_price_dollars"":""0.6000""}"
KXETH15M-26APR281415-15,ea843855-205c-7291-acb1-cc2519804f2b,1777399435,0.62,3.0,yes,"{""count_fp"":""3.00"",""created_time"":""2026-04-28T18:03:55.927598Z"",""no_price_dollars"":""0.3800"",""taker_side"":""yes"",""ticker"":""KXETH15M-26APR281415-15"",""trade_id"":""ea843855-205c-7291-acb1-cc2519804f2b"",""yes_price_dollars"":""0.6200""}"
KXETH15M-26APR281415-15,06ce22c8-a6fe-5844-6ee3-e2099e435027,1777399437,0.59,2.0,no,"{""count_fp"":""2.00"",""created_time"":""2026-04-28T18:03:57.563938Z"",""no_price_dollars"":""0.4100"",""taker_side"":""no"",""ticker"":""KXETH15M-26APR281415-15"",""trade_id"":""06ce22c8-a6fe-5844-6ee3-e2099e435027"",""yes_price_dollars"":""0.5900""}"
KXETH15M-26APR281415-15,f69fec20-35c6-6b30-e1af-ad3a598eb8cf,1777399438,0.59,15.22,no,"{""count_fp"":""15.22"",""created_time"":""2026-04-28T18:03:58.388595Z"",""no_price_dollars"":""0.4100"",""taker_side"":""no"",""ticker"":""KXETH15M-26APR281415-15"",""trade_id"":""f69fec20-35c6-6b30-e1af-ad3a598eb8cf"",""yes_price_dollars"":""0.5900""}"
KXETH15M-26APR281415-15,b64ded58-fe4c-6311-f892-0c7136904121,1777399438,0.6,10.0,no,"{""count_fp"":""10.00"",""created_time"":""2026-04-28T18:03:58.388595Z"",""no_price_dollars"":""0.4000"",""taker_side"":""no"",""ticker"":""KXETH15M-26APR281415-15"",""trade_id"":""b64ded58-fe4c-6311-f892-0c7136904121"",""yes_price_dollars"":""0.6000""}"
KXETH15M-26APR281415-15,89996449-4648-7ed4-ca40-cfccb11a2a0f,1777399440,0.59,10.0,no,"{""count_fp"":""10.00"",""created_time"":""2026-04-28T18:04:00.973292Z"",""no_price_dollars"":""0.4100"",""taker_side"":""no"",""ticker"":""KXETH15M-26APR281415-15"",""trade_id"":""89996449-4648-7ed4-ca40-cfccb11a2a0f"",""yes_price_dollars"":""0.5900""}"
KXETH15M-26APR281415-15,a149ba0f-a02c-5943-375a-eadff38cd2ae,1777399441,0.66,10.15,yes,"{""count_fp"":""10.15"",""created_time"":""2026-04-28T18:04:01.466486Z"",""no_price_dollars"":""0.3400"",""taker_side"":""yes"",""ticker"":""KXETH15M-26APR281415-15"",""trade_id"":""a149ba0f-a02c-5943-375a-eadff38cd2ae"",""yes_price_dollars"":""0.6600""}"
KXETH15M-26APR281415-15,5d792d0d-5f18-5a92-195b-14ceb199b468,1777399441,0.66,5.0,yes,"{""count_fp"":""5.00"",""created_time"":""2026-04-28T18:04:01.466486Z"",""no_price_dollars"":""0.3400"",""taker_side"":""yes"",""ticker"":""KXETH15M-26APR281415-15"",""trade_id"":""5d792d0d-5f18-5a92-195b-14ceb199b468"",""yes_price_dollars"":""0.6600""}"
KXETH15M-26APR281415-15,431e753e-b8fc-4036-e12e-332bf584cd65,1777399443,0.65,3.0,no,"{""count_fp"":""3.00"",""created_time"":""2026-04-28T18:04:03.969199Z"",""no_price_dollars"":""0.3500"",""taker_side"":""no"",""ticker"":""KXETH15M-26APR281415-15"",""trade_id"":""431e753e-b8fc-4036-e12e-332bf584cd65"",""yes_price_dollars"":""0.6500""}"
KXETH15M-26APR281415-15,888efe92-4741-4449-0a64-aca629b0eb4b,1777399443,0.66,1.47,yes,"{""count_fp"":""1.47"",""created_time"":""2026-04-28T18:04:03.550526Z"",""no_price_dollars"":""0.3400"",""taker_side"":""yes"",""ticker"":""KXETH15M-26APR281415-15"",""trade_id"":""888efe92-4741-4449-0a64-aca629b0eb4b"",""yes_price_dollars"":""0.6600""}"
KXETH15M-26APR281415-15,09373671-6f56-78d8-0fad-c0236f4114b7,1777399444,0.65,9.83,no,"{""count_fp"":""9.83"",""created_time"":""2026-04-28T18:04:04.726203Z"",""no_price_dollars"":""0.3500"",""taker_side"":""no"",""ticker"":""KXETH15M-26APR281415-15"",""trade_id"":""09373671-6f56-78d8-0fad-c0236f4114b7"",""yes_price_dollars"":""0.6500""}"
KXETH15M-26APR281415-15,043308b8-8b5a-4c24-6bc5-355adbdbe2c6,1777399444,0.66,4.43,yes,"{""count_fp"":""4.43"",""created_time"":""2026-04-28T18:04:04.125871Z"",""no_price_dollars"":""0.3400"",""taker_side"":""yes"",""ticker"":""KXETH15M-26APR281415-15"",""trade_id"":""043308b8-8b5a-4c24-6bc5-355adbdbe2c6"",""yes_price_dollars"":""0.6600""}"
KXETH15M-26APR281415-15,3ac6a5f6-4a72-4faa-84dc-595f372565e7,1777399446,0.68,1.0,yes,"{""count_fp"":""1.00"",""created_time"":""2026-04-28T18:04:06.503531Z"",""no_price_dollars"":""0.3200"",""taker_side"":""yes"",""ticker"":""KXETH15M-26APR281415-15"",""trade_id"":""3ac6a5f6-4a72-4faa-84dc-595f372565e7"",""yes_price_dollars"":""0.6800""}"
KXETH15M-26APR281415-15,3db5ab64-1aa3-44d7-5a77-1891e739d6ff,1777399448,0.65,1.0,no,"{""count_fp"":""1.00"",""created_time"":""2026-04-28T18:04:08.452686Z"",""no_price_dollars"":""0.3500"",""taker_side"":""no"",""ticker"":""KXETH15M-26APR281415-15"",""trade_id"":""3db5ab64-1aa3-44d7-5a77-1891e739d6ff"",""yes_price_dollars"":""0.6500""}"
KXETH15M-26APR281415-15,a7ee7011-dc80-75b7-d83c-e93ae827c72a,1777399449,0.69,0.19,yes,"{""count_fp"":""0.19"",""created_time"":""2026-04-28T18:04:09.751905Z"",""no_price_dollars"":""0.3100"",""taker_side"":""yes"",""ticker"":""KXETH15M-26APR281415-15"",""trade_id"":""a7ee7011-dc80-75b7-d83c-e93ae827c72a"",""yes_price_dollars"":""0.6900""}"
KXETH15M-26APR281415-15,cfecb758-cf60-7f27-9104-8eb09c925eb6,1777399449,0.69,5.0,yes,"{""count_fp"":""5.00"",""created_time"":""2026-04-28T18:04:09.715375Z"",""no_price_dollars"":""0.3100"",""taker_side"":""yes"",""ticker"":""KXETH15M-26APR281415-15"",""trade_id"":""cfecb758-cf60-7f27-9104-8eb09c925eb6"",""yes_price_dollars"":""0.6900""}"
KXETH15M-26APR281415-15,8b175d0d-0d77-668c-d468-a20e62a04c4d,1777399450,0.66,10.0,no,"{""count_fp"":""10.00"",""created_time"":""2026-04-28T18:04:10.894722Z"",""no_price_dollars"":""0.3400"",""taker_side"":""no"",""ticker"":""KXETH15M-26APR281415-15"",""trade_id"":""8b175d0d-0d77-668c-d468-a20e62a04c4d"",""yes_price_dollars"":""0.6600""}"
KXETH15M-26APR281415-15,0a2ec7c9-8556-5708-1b25-e4cbce4b54d3,1777399454,0.68,19.79,no,"{""count_fp"":""19.79"",""created_time"":""2026-04-28T18:04:14.513228Z"",""no_price_dollars"":""0.3200"",""taker_side"":""no"",""ticker"":""KXETH15M-26APR281415-15"",""trade_id"":""0a2ec7c9-8556-5708-1b25-e4cbce4b54d3"",""yes_price_dollars"":""0.6800""}"
KXETH15M-26APR281415-15,9da0dd41-3110-7023-4ad8-4cd4ff707df8,1777399459,0.68,10.0,no,"{""count_fp"":""10.00"",""created_time"":""2026-04-28T18:04:19.963637Z"",""no_price_dollars"":""0.3200"",""taker_side"":""no"",""ticker"":""KXETH15M-26APR281415-15"",""trade_id"":""9da0dd41-3110-7023-4ad8-4cd4ff707df8"",""yes_price_dollars"":""0.6800""}"
KXETH15M-26APR281415-15,8067dfae-2fce-7bac-41ea-f2432c82a9ef,1777399459,0.68,4.74,no,"{""count_fp"":""4.74"",""created_time"":""2026-04-28T18:04:19.963637Z"",""no_price_dollars"":""0.3200"",""taker_side"":""no"",""ticker"":""KXETH15M-26APR281415-15"",""trade_id"":""8067dfae-2fce-7bac-41ea-f2432c82a9ef"",""yes_price_dollars"":""0.6800""}"
KXETH15M-26APR281415-15,ceef833b-4014-7d4d-95a4-3e0d21cc502a,1777399459,0.7,8.0,yes,"{""count_fp"":""8.00"",""created_time"":""2026-04-28T18:04:19.122561Z"",""no_price_dollars"":""0.3000"",""taker_side"":""yes"",""ticker"":""KXETH15M-26APR281415-15"",""trade_id"":""ceef833b-4014-7d4d-95a4-3e0d21cc502a"",""yes_price_dollars"":""0.7000""}"
KXETH15M-26APR281415-15,7041d85a-aa3d-7b6b-bc40-007f728becaa,1777399459,0.7,1.0,yes,"{""count_fp"":""1.00"",""created_time"":""2026-04-28T18:04:19.122561Z"",""no_price_dollars"":""0.3000"",""taker_side"":""yes"",""ticker"":""KXETH15M-26APR281415-15"",""trade_id"":""7041d85a-aa3d-7b6b-bc40-007f728becaa"",""yes_price_dollars"":""0.7000""}"
KXETH15M-26APR281415-15,05483c85-f97e-7718-90b3-ed5efeed1a2e,1777399459,0.7,1.0,yes,"{""count_fp"":""1.00"",""created_time"":""2026-04-28T18:04:19.122561Z"",""no_price_dollars"":""0.3000"",""taker_side"":""yes"",""ticker"":""KXETH15M-26APR281415-15"",""trade_id"":""05483c85-f97e-7718-90b3-ed5efeed1a2e"",""yes_price_dollars"":""0.7000""}"
KXETH15M-26APR281415-15,d3e0af1b-36bd-51f6-6990-7b7e09a1d5ea,1777399464,0.71,0.69,yes,"{""count_fp"":""0.69"",""created_time"":""2026-04-28T18:04:24.501971Z"",""no_price_dollars"":""0.2900"",""taker_side"":""yes"",""ticker"":""KXETH15M-26APR281415-15"",""trade_id"":""d3e0af1b-36bd-51f6-6990-7b7e09a1d5ea"",""yes_price_dollars"":""0.7100""}"
KXETH15M-26APR281415-15,92626c43-7e1d-577a-bbfa-8e8ae481d7be,1777399464,0.71,41.08,yes,"{""count_fp"":""41.08"",""created_time"":""2026-04-28T18:04:24.485294Z"",""no_price_dollars"":""0.2900"",""taker_side"":""yes"",""ticker"":""KXETH15M-26APR281415-15"",""trade_id"":""92626c43-7e1d-577a-bbfa-8e8ae481d7be"",""yes_price_dollars"":""0.7100""}"
KXETH15M-26APR281415-15,5fe8f999-4792-44c0-77a7-e7b87a19a087,1777399465,0.68,5.0,no,"{""count_fp"":""5.00"",""created_time"":""2026-04-28T18:04:25.428195Z"",""no_price_dollars"":""0.3200"",""taker_side"":""no"",""ticker"":""KXETH15M-26APR281415-15"",""trade_id"":""5fe8f999-4792-44c0-77a7-e7b87a19a087"",""yes_price_dollars"":""0.6800""}"
KXETH15M-26APR281415-15,2a90d28e-8c7b-489e-6df7-c0c29715c5bb,1777399465,0.68,10.0,no,"{""count_fp"":""10.00"",""created_time"":""2026-04-28T18:04:25.428195Z"",""no_price_dollars"":""0.3200"",""taker_side"":""no"",""ticker"":""KXETH15M-26APR281415-15"",""trade_id"":""2a90d28e-8c7b-489e-6df7-c0c29715c5bb"",""yes_price_dollars"":""0.6800""}"
KXETH15M-26APR281415-15,febd5ddd-261d-79ca-b563-33e697e302c2,1777399466,0.71,3.0,yes,"{""count_fp"":""3.00"",""created_time"":""2026-04-28T18:04:26.904187Z"",""no_price_dollars"":""0.2900"",""taker_side"":""yes"",""ticker"":""KXETH15M-26APR281415-15"",""trade_id"":""febd5ddd-261d-79ca-b563-33e697e302c2"",""yes_price_dollars"":""0.7100""}"
KXETH15M-26APR281415-15,0d21c2dd-dbe1-65e6-6e4f-a04a30ece28a,1777399466,0.71,6.5,yes,"{""count_fp"":""6.50"",""created_time"":""2026-04-28T18:04:26.675721Z"",""no_price_dollars"":""0.2900"",""taker_side"":""yes"",""ticker"":""KXETH15M-26APR281415-15"",""trade_id"":""0d21c2dd-dbe1-65e6-6e4f-a04a30ece28a"",""yes_price_dollars"":""0.7100""}"
KXETH15M-26APR281415-15,b00b0fb0-8800-5880-0c5a-3fa72a32f107,1777399469,0.74,60.0,yes,"{""count_fp"":""60.00"",""created_time"":""2026-04-28T18:04:29.601201Z"",""no_price_dollars"":""0.2600"",""taker_side"":""yes"",""ticker"":""KXETH15M-26APR281415-15"",""trade_id"":""b00b0fb0-8800-5880-0c5a-3fa72a32f107"",""yes_price_dollars"":""0.7400""}"
KXETH15M-26APR281415-15,f955fb0b-8c35-677e-265b-16231d80a03b,1777399469,0.73,5.0,yes,"{""count_fp"":""5.00"",""created_time"":""2026-04-28T18:04:29.580806Z"",""no_price_dollars"":""0.2700"",""taker_side"":""yes"",""ticker"":""KXETH15M-26APR281415-15"",""trade_id"":""f955fb0b-8c35-677e-265b-16231d80a03b"",""yes_price_dollars"":""0.7300""}"
KXETH15M-26APR281415-15,cae2220e-8374-41dc-0acd-a245e04373f3,1777399469,0.71,10.0,yes,"{""count_fp"":""10.00"",""created_time"":""2026-04-28T18:04:29.564Z"",""no_price_dollars"":""0.2900"",""taker_side"":""yes"",""ticker"":""KXETH15M-26APR281415-15"",""trade_id"":""cae2220e-8374-41dc-0acd-a245e04373f3"",""yes_price_dollars"":""0.7100""}"
KXETH15M-26APR281415-15,339debae-47a4-4585-3e21-e2fc9978f8d5,1777399469,0.71,10.0,yes,"{""count_fp"":""10.00"",""created_time"":""2026-04-28T18:04:29.564Z"",""no_price_dollars"":""0.2900"",""taker_side"":""yes"",""ticker"":""KXETH15M-26APR281415-15"",""trade_id"":""339debae-47a4-4585-3e21-e2fc9978f8d5"",""yes_price_dollars"":""0.7100""}"
KXETH15M-26APR281415-15,c44f3b2c-8e80-56b2-6db3-94e049443e2b,1777399473,0.74,10.0,no,"{""count_fp"":""10.00"",""created_time"":""2026-04-28T18:04:33.947481Z"",""no_price_dollars"":""0.2600"",""taker_side"":""no"",""ticker"":""KXETH15M-26APR281415-15"",""trade_id"":""c44f3b2c-8e80-56b2-6db3-94e049443e2b"",""yes_price_dollars"":""0.7400""}"
KXETH15M-26APR281415-15,69b059f0-eb6e-5ca6-41e3-20c0cc0a2ba3,1777399473,0.74,10.0,no,"{""count_fp"":""10.00"",""created_time"":""2026-04-28T18:04:33.947481Z"",""no_price_dollars"":""0.2600"",""taker_side"":""no"",""ticker"":""KXETH15M-26APR281415-15"",""trade_id"":""69b059f0-eb6e-5ca6-41e3-20c0cc0a2ba3"",""yes_price_dollars"":""0.7400""}"
KXETH15M-26APR281415-15,06539b75-7d3a-55e8-46d1-c6e4669c14f7,1777399473,0.74,53.13,no,"{""count_fp"":""53.13"",""created_time"":""2026-04-28T18:04:33.947481Z"",""no_price_dollars"":""0.2600"",""taker_side"":""no"",""ticker"":""KXETH15M-26APR281415-15"",""trade_id"":""06539b75-7d3a-55e8-46d1-c6e4669c14f7"",""yes_price_dollars"":""0.7400""}"
KXETH15M-26APR281415-15,d14a3cf4-e5ad-6539-fe43-f27fe8978b90,1777399474,0.75,1.0,yes,"{""count_fp"":""1.00"",""created_time"":""2026-04-28T18:04:34.519804Z"",""no_price_dollars"":""0.2500"",""taker_side"":""yes"",""ticker"":""KXETH15M-26APR281415-15"",""trade_id"":""d14a3cf4-e5ad-6539-fe43-f27fe8978b90"",""yes_price_dollars"":""0.7500""}"
KXETH15M-26APR281415-15,835d27f2-d040-6e52-cc8f-594cf2034a16,1777399474,0.77,1.0,yes,"{""count_fp"":""1.00"",""created_time"":""2026-04-28T18:04:34.519804Z"",""no_price_dollars"":""0.2300"",""taker_side"":""yes"",""ticker"":""KXETH15M-26APR281415-15"",""trade_id"":""835d27f2-d040-6e52-cc8f-594cf2034a16"",""yes_price_dollars"":""0.7700""}"
KXETH15M-26APR281415-15,61ea4811-94b8-6968-caaf-ecf06a6209a7,1777399474,0.76,1.0,yes,"{""count_fp"":""1.00"",""created_time"":""2026-04-28T18:04:34.519804Z"",""no_price_dollars"":""0.2400"",""taker_side"":""yes"",""ticker"":""KXETH15M-26APR281415-15"",""trade_id"":""61ea4811-94b8-6968-caaf-ecf06a6209a7"",""yes_price_dollars"":""0.7600""}"
KXETH15M-26APR281415-15,28380049-4b55-62b3-cfdc-2c59b591276b,1777399474,0.77,3.4,yes,"{""count_fp"":""3.40"",""created_time"":""2026-04-28T18:04:34.519804Z"",""no_price_dollars"":""0.2300"",""taker_side"":""yes"",""ticker"":""KXETH15M-26APR281415-15"",""trade_id"":""28380049-4b55-62b3-cfdc-2c59b591276b"",""yes_price_dollars"":""0.7700""}"
KXETH15M-26APR281415-15,ca480e02-e138-62a0-f4e6-785b42930443,1777399477,0.73,17.61,no,"{""count_fp"":""17.61"",""created_time"":""2026-04-28T18:04:37.474137Z"",""no_price_dollars"":""0.2700"",""taker_side"":""no"",""ticker"":""KXETH15M-26APR281415-15"",""trade_id"":""ca480e02-e138-62a0-f4e6-785b42930443"",""yes_price_dollars"":""0.7300""}"
KXETH15M-26APR281415-15,f462d38e-8b1e-7c3e-58f2-f61cdb46e2c0,1777399479,0.84,10.0,yes,"{""count_fp"":""10.00"",""created_time"":""2026-04-28T18:04:39.509851Z"",""no_price_dollars"":""0.1600"",""taker_side"":""yes"",""ticker"":""KXETH15M-26APR281415-15"",""trade_id"":""f462d38e-8b1e-7c3e-58f2-f61cdb46e2c0"",""yes_price_dollars"":""0.8400""}"
KXETH15M-26APR281415-15,e9c57842-50bf-7742-478f-c94145db6657,1777399479,0.82,1.0,yes,"{""count_fp"":""1.00"",""created_time"":""2026-04-28T18:04:39.509851Z"",""no_price_dollars"":""0.1800"",""taker_side"":""yes"",""ticker"":""KXETH15M-26APR281415-15"",""trade_id"":""e9c57842-50bf-7742-478f-c94145db6657"",""yes_price_dollars"":""0.8200""}"
KXETH15M-26APR281415-15,c7be1b0a-17cf-73a2-7008-c63a089d48bd,1777399479,0.8,10.0,yes,"{""count_fp"":""10.00"",""created_time"":""2026-04-28T18:04:39.509851Z"",""no_price_dollars"":""0.2000"",""taker_side"":""yes"",""ticker"":""KXETH15M-26APR281415-15"",""trade_id"":""c7be1b0a-17cf-73a2-7008-c63a089d48bd"",""yes_price_dollars"":""0.8000""}"
KXETH15M-26APR281415-15,c0e15da4-5d94-7a36-6662-b7bb37a779c6,1777399479,0.81,1.0,yes,"{""count_fp"":""1.00"",""created_time"":""2026-04-28T18:04:39.509851Z"",""no_price_dollars"":""0.1900"",""taker_side"":""yes"",""ticker"":""KXETH15M-26APR281415-15"",""trade_id"":""c0e15da4-5d94-7a36-6662-b7bb37a779c6"",""yes_price_dollars"":""0.8100""}"
KXETH15M-26APR281415-15,b7d163be-83e5-7346-74f0-d761152cca60,1777399479,0.79,1.0,yes,"{""count_fp"":""1.00"",""created_time"":""2026-04-28T18:04:39.509851Z"",""no_price_dollars"":""0.2100"",""taker_side"":""yes"",""ticker"":""KXETH15M-26APR281415-15"",""trade_id"":""b7d163be-83e5-7346-74f0-d761152cca60"",""yes_price_dollars"":""0.7900""}"
KXETH15M-26APR281415-15,b503c589-809e-7a9f-7bc7-f42fb4965b7f,1777399479,0.84,1.0,yes,"{""count_fp"":""1.00"",""created_time"":""2026-04-28T18:04:39.509851Z"",""no_price_dollars"":""0.1600"",""taker_side"":""yes"",""ticker"":""KXETH15M-26APR281415-15"",""trade_id"":""b503c589-809e-7a9f-7bc7-f42fb4965b7f"",""yes_price_dollars"":""0.8400""}"
KXETH15M-26APR281415-15,a3e0ceb9-96f8-7b45-7c5e-f2dd035e4612,1777399479,0.78,5.0,yes,"{""count_fp"":""5.00"",""created_time"":""2026-04-28T18:04:39.509851Z"",""no_price_dollars"":""0.2200"",""taker_side"":""yes"",""ticker"":""KXETH15M-26APR281415-15"",""trade_id"":""a3e0ceb9-96f8-7b45-7c5e-f2dd035e4612"",""yes_price_dollars"":""0.7800""}"
KXETH15M-26APR281415-15,97310b83-2441-71f7-420a-97f9f60ad24c,1777399479,0.83,6.0,yes,"{""count_fp"":""6.00"",""created_time"":""2026-04-28T18:04:39.509851Z"",""no_price_dollars"":""0.1700"",""taker_side"":""yes"",""ticker"":""KXETH15M-26APR281415-15"",""trade_id"":""97310b83-2441-71f7-420a-97f9f60ad24c"",""yes_price_dollars"":""0.8300""}"
KXETH15M-26APR281415-15,96fb1dd1-337c-757d-60a4-bae50049a318,1777399479,0.8,1.0,yes,"{""count_fp"":""1.00"",""created_time"":""2026-04-28T18:04:39.509851Z"",""no_price_dollars"":""0.2000"",""taker_side"":""yes"",""ticker"":""KXETH15M-26APR281415-15"",""trade_id"":""96fb1dd1-337c-757d-60a4-bae50049a318"",""yes_price_dollars"":""0.8000""}"
KXETH15M-26APR281415-15,81e40d0f-e685-7a1e-728c-3ffdbe1d47ba,1777399479,0.79,550.73,yes,"{""count_fp"":""550.73"",""created_time"":""2026-04-28T18:04:39.509851Z"",""no_price_dollars"":""0.2100"",""taker_side"":""yes"",""ticker"":""KXETH15M-26APR281415-15"",""trade_id"":""81e40d0f-e685-7a1e-728c-3ffdbe1d47ba"",""yes_price_dollars"":""0.7900""}"
KXETH15M-26APR281415-15,79f4bc88-2105-7c8b-5ceb-d4b96b3f1ba3,1777399479,0.79,10.0,yes,"{""count_fp"":""10.00"",""created_time"":""2026-04-28T18:04:39.509851Z"",""no_price_dollars"":""0.2100"",""taker_side"":""yes"",""ticker"":""KXETH15M-26APR281415-15"",""trade_id"":""79f4bc88-2105-7c8b-5ceb-d4b96b3f1ba3"",""yes_price_dollars"":""0.7900""}"
KXETH15M-26APR281415-15,76f68a40-3c8c-7049-59cc-bef64bce922b,1777399479,0.83,1.0,yes,"{""count_fp"":""1.00"",""created_time"":""2026-04-28T18:04:39.509851Z"",""no_price_dollars"":""0.1700"",""taker_side"":""yes"",""ticker"":""KXETH15M-26APR281415-15"",""trade_id"":""76f68a40-3c8c-7049-59cc-bef64bce922b"",""yes_price_dollars"":""0.8300""}"
KXETH15M-26APR281415-15,76812e7d-205c-7645-5224-84959bcf568e,1777399479,0.81,60.0,yes,"{""count_fp"":""60.00"",""created_time"":""2026-04-28T18:04:39.509851Z"",""no_price_dollars"":""0.1900"",""taker_side"":""yes"",""ticker"":""KXETH15M-26APR281415-15"",""trade_id"":""76812e7d-205c-7645-5224-84959bcf568e"",""yes_price_dollars"":""0.8100""}"
KXETH15M-26APR281415-15,6fca9dde-e61d-7676-5404-e6e05e893b09,1777399479,0.81,5.0,yes,"{""count_fp"":""5.00"",""created_time"":""2026-04-28T18:04:39.509851Z"",""no_price_dollars"":""0.1900"",""taker_side"":""yes"",""ticker"":""KXETH15M-26APR281415-15"",""trade_id"":""6fca9dde-e61d-7676-5404-e6e05e893b09"",""yes_price_dollars"":""0.8100""}"
KXETH15M-26APR281415-15,6a04d09c-1349-7660-57c3-354706691cd9,1777399479,0.81,10.0,yes,"{""count_fp"":""10.00"",""created_time"":""2026-04-28T18:04:39.509851Z"",""no_price_dollars"":""0.1900"",""taker_side"":""yes"",""ticker"":""KXETH15M-26APR281415-15"",""trade_id"":""6a04d09c-1349-7660-57c3-354706691cd9"",""yes_price_dollars"":""0.8100""}"
KXETH15M-26APR281415-15,3c738a61-f784-7dfa-7514-c792fa1fcce8,1777399479,0.78,9.54,yes,"{""count_fp"":""9.54"",""created_time"":""2026-04-28T18:04:39.509851Z"",""no_price_dollars"":""0.2200"",""taker_side"":""yes"",""ticker"":""KXETH15M-26APR281415-15"",""trade_id"":""3c738a61-f784-7dfa-7514-c792fa1fcce8"",""yes_price_dollars"":""0.7800""}"
KXETH15M-26APR281415-15,23ba4b4d-6e4c-7dd1-4c68-d8e67c836648,1777399479,0.8,200.0,yes,"{""count_fp"":""200.00"",""created_time"":""2026-04-28T18:04:39.509851Z"",""no_price_dollars"":""0.2000"",""taker_side"":""yes"",""ticker"":""KXETH15M-26APR281415-15"",""trade_id"":""23ba4b4d-6e4c-7dd1-4c68-d8e67c836648"",""yes_price_dollars"":""0.8000""}"
KXETH15M-26APR281415-15,165cce27-fb8c-7426-51ec-8063ded7e622,1777399479,0.78,1.0,yes,"{""count_fp"":""1.00"",""created_time"":""2026-04-28T18:04:39.509851Z"",""no_price_dollars"":""0.2200"",""taker_side"":""yes"",""ticker"":""KXETH15M-26APR281415-15"",""trade_id"":""165cce27-fb8c-7426-51ec-8063ded7e622"",""yes_price_dollars"":""0.7800""}"
KXETH15M-26APR281415-15,0c73bfb7-19c9-716c-4e57-503a502d848a,1777399479,0.84,1.0,yes,"{""count_fp"":""1.00"",""created_time"":""2026-04-28T18:04:39.509851Z"",""no_price_dollars"":""0.1600"",""taker_side"":""yes"",""ticker"":""KXETH15M-26APR281415-15"",""trade_id"":""0c73bfb7-19c9-716c-4e57-503a502d848a"",""yes_price_dollars"":""0.8400""}"
KXETH15M-26APR281415-15,072af902-67a7-7a43-7cb3-0f48b0392eae,1777399479,0.83,34.0,yes,"{""count_fp"":""34.00"",""created_time"":""2026-04-28T18:04:39.509851Z"",""no_price_dollars"":""0.1700"",""taker_side"":""yes"",""ticker"":""KXETH15M-26APR281415-15"",""trade_id"":""072af902-67a7-7a43-7cb3-0f48b0392eae"",""yes_price_dollars"":""0.8300""}"
KXETH15M-26APR281415-15,6c3e7e52-4916-7fb7-6931-b193623a6b91,1777399482,0.78,5.0,no,"{""count_fp"":""5.00"",""created_time"":""2026-04-28T18:04:42.435193Z"",""no_price_dollars"":""0.2200"",""taker_side"":""no"",""ticker"":""KXETH15M-26APR281415-15"",""trade_id"":""6c3e7e52-4916-7fb7-6931-b193623a6b91"",""yes_price_dollars"":""0.7800""}"
KXETH15M-26APR281415-15,b0be6554-fb49-5c1c-91bf-8667eb3ab5ab,1777399486,0.77,7.95,no,"{""count_fp"":""7.95"",""created_time"":""2026-04-28T18:04:46.119012Z"",""no_price_dollars"":""0.2300"",""taker_side"":""no"",""ticker"":""KXETH15M-26APR281415-15"",""trade_id"":""b0be6554-fb49-5c1c-91bf-8667eb3ab5ab"",""yes_price_dollars"":""0.7700""}"
KXETH15M-26APR281415-15,52fae6d9-f577-56af-815e-8ebad907ecab,1777399486,0.77,10.0,no,"{""count_fp"":""10.00"",""created_time"":""2026-04-28T18:04:46.119012Z"",""no_price_dollars"":""0.2300"",""taker_side"":""no"",""ticker"":""KXETH15M-26APR281415-15"",""trade_id"":""52fae6d9-f577-56af-815e-8ebad907ecab"",""yes_price_dollars"":""0.7700""}"
KXETH15M-26APR281415-15,1a80e3f8-8ec9-5931-b772-a9dcd2c9db23,1777399486,0.78,1.0,no,"{""count_fp"":""1.00"",""created_time"":""2026-04-28T18:04:46.119012Z"",""no_price_dollars"":""0.2200"",""taker_side"":""no"",""ticker"":""KXETH15M-26APR281415-15"",""trade_id"":""1a80e3f8-8ec9-5931-b772-a9dcd2c9db23"",""yes_price_dollars"":""0.7800""}"
KXETH15M-26APR281415-15,eb165ace-ed96-6493-e12f-0a124af0c62f,1777399492,0.77,1.0,no,"{""count_fp"":""1.00"",""created_time"":""2026-04-28T18:04:52.928954Z"",""no_price_dollars"":""0.2300"",""taker_side"":""no"",""ticker"":""KXETH15M-26APR281415-15"",""trade_id"":""eb165ace-ed96-6493-e12f-0a124af0c62f"",""yes_price_dollars"":""0.7700""}"
KXETH15M-26APR281415-15,33294c7c-a501-66df-e3e9-cc2742d7e318,1777399492,0.76,1.0,no,"{""count_fp"":""1.00"",""created_time"":""2026-04-28T18:04:52.928954Z"",""no_price_dollars"":""0.2400"",""taker_side"":""no"",""ticker"":""KXETH15M-26APR281415-15"",""trade_id"":""33294c7c-a501-66df-e3e9-cc2742d7e318"",""yes_price_dollars"":""0.7600""}"
KXETH15M-26APR281415-15,37a9cc39-df50-790c-4f01-8e648dfe53df,1777399493,0.74,96.0,no,"{""count_fp"":""96.00"",""created_time"":""2026-04-28T18:04:53.791175Z"",""no_price_dollars"":""0.2600"",""taker_side"":""no"",""ticker"":""KXETH15M-26APR281415-15"",""trade_id"":""37a9cc39-df50-790c-4f01-8e648dfe53df"",""yes_price_dollars"":""0.7400""}"
KXETH15M-26APR281415-15,d087f437-dbaa-68cb-fbf5-336eac11cc59,1777399494,0.8,150.39,yes,"{""count_fp"":""150.39"",""created_time"":""2026-04-28T18:04:54.322286Z"",""no_price_dollars"":""0.2000"",""taker_side"":""yes"",""ticker"":""KXETH15M-26APR281415-15"",""trade_id"":""d087f437-dbaa-68cb-fbf5-336eac11cc59"",""yes_price_dollars"":""0.8000""}"
KXETH15M-26APR281415-15,d73b698b-f76f-7697-0284-ec06a3fde0e8,1777399498,0.76,10.13,no,"{""count_fp"":""10.13"",""created_time"":""2026-04-28T18:04:58.861873Z"",""no_price_dollars"":""0.2400"",""taker_side"":""no"",""ticker"":""KXETH15M-26APR281415-15"",""trade_id"":""d73b698b-f76f-7697-0284-ec06a3fde0e8"",""yes_price_dollars"":""0.7600""}"
KXETH15M-26APR281415-15,30d71b7b-56c1-71f3-23f0-25cd4f66f3bc,1777399498,0.76,9.65,no,"{""count_fp"":""9.65"",""created_time"":""2026-04-28T18:04:58.861873Z"",""no_price_dollars"":""0.2400"",""taker_side"":""no"",""ticker"":""KXETH15M-26APR281415-15"",""trade_id"":""30d71b7b-56c1-71f3-23f0-25cd4f66f3bc"",""yes_price_dollars"":""0.7600""}"
KXETH15M-26APR281415-15,f2df482b-bab1-4452-a792-5b6acc180b9d,1777399500,0.77,1.0,yes,"{""count_fp"":""1.00"",""created_time"":""2026-04-28T18:05:00.106797Z"",""no_price_dollars"":""0.2300"",""taker_side"":""yes"",""ticker"":""KXETH15M-26APR281415-15"",""trade_id"":""f2df482b-bab1-4452-a792-5b6acc180b9d"",""yes_price_dollars"":""0.7700""}"
KXETH15M-26APR281415-15,61cec373-b47b-7ffa-2c7f-771c2a75789a,1777399503,0.76,10.0,no,"{""count_fp"":""10.00"",""created_time"":""2026-04-28T18:05:03.970991Z"",""no_price_dollars"":""0.2400"",""taker_side"":""no"",""ticker"":""KXETH15M-26APR281415-15"",""trade_id"":""61cec373-b47b-7ffa-2c7f-771c2a75789a"",""yes_price_dollars"":""0.7600""}"
KXETH15M-26APR281415-15,4477c6c7-2f6c-7324-213b-78e4d3966fcb,1777399503,0.76,290.0,no,"{""count_fp"":""290.00"",""created_time"":""2026-04-28T18:05:03.970991Z"",""no_price_dollars"":""0.2400"",""taker_side"":""no"",""ticker"":""KXETH15M-26APR281415-15"",""trade_id"":""4477c6c7-2f6c-7324-213b-78e4d3966fcb"",""yes_price_dollars"":""0.7600""}"
KXETH15M-26APR281415-15,23c3d6ea-5bf1-60b6-3edb-e3dfe8b8fcb1,1777399504,0.77,2.0,yes,"{""count_fp"":""2.00"",""created_time"":""2026-04-28T18:05:04.894687Z"",""no_price_dollars"":""0.2300"",""taker_side"":""yes"",""ticker"":""KXETH15M-26APR281415-15"",""trade_id"":""23c3d6ea-5bf1-60b6-3edb-e3dfe8b8fcb1"",""yes_price_dollars"":""0.7700""}"
KXETH15M-26APR281415-15,071e3602-442b-610d-3366-00dafb805392,1777399504,0.81,2.5,yes,"{""count_fp"":""2.50"",""created_time"":""2026-04-28T18:05:04.894687Z"",""no_price_dollars"":""0.1900"",""taker_side"":""yes"",""ticker"":""KXETH15M-26APR281415-15"",""trade_id"":""071e3602-442b-610d-3366-00dafb805392"",""yes_price_dollars"":""0.8100""}"
KXETH15M-26APR281415-15,77565e18-34a0-6e46-188a-1cd73679ec80,1777399508,0.8,10.0,yes,"{""count_fp"":""10.00"",""created_time"":""2026-04-28T18:05:08.725932Z"",""no_price_dollars"":""0.2000"",""taker_side"":""yes"",""ticker"":""KXETH15M-26APR281415-15"",""trade_id"":""77565e18-34a0-6e46-188a-1cd73679ec80"",""yes_price_dollars"":""0.8000""}"
KXETH15M-26APR281415-15,705b4bbc-64ba-6b4b-3675-a3cd5e34b33d,1777399508,0.81,1.0,yes,"{""count_fp"":""1.00"",""created_time"":""2026-04-28T18:05:08.725932Z"",""no_price_dollars"":""0.1900"",""taker_side"":""yes"",""ticker"":""KXETH15M-26APR281415-15"",""trade_id"":""705b4bbc-64ba-6b4b-3675-a3cd5e34b33d"",""yes_price_dollars"":""0.8100""}"
KXETH15M-26APR281415-15,e3da8c5b-6915-7ee7-0411-c94d02f98448,1777399509,0.77,31.26,no,"{""count_fp"":""31.26"",""created_time"":""2026-04-28T18:05:09.334855Z"",""no_price_dollars"":""0.2300"",""taker_side"":""no"",""ticker"":""KXETH15M-26APR281415-15"",""trade_id"":""e3da8c5b-6915-7ee7-0411-c94d02f98448"",""yes_price_dollars"":""0.7700""}"
KXETH15M-26APR281415-15,922d2eb8-10c1-7409-0006-87c8031b564e,1777399509,0.77,10.0,no,"{""count_fp"":""10.00"",""created_time"":""2026-04-28T18:05:09.334855Z"",""no_price_dollars"":""0.2300"",""taker_side"":""no"",""ticker"":""KXETH15M-26APR281415-15"",""trade_id"":""922d2eb8-10c1-7409-0006-87c8031b564e"",""yes_price_dollars"":""0.7700""}"
KXETH15M-26APR281415-15,fdd6bebc-05b5-78f0-b243-ecf8bcf2f7d7,1777399511,0.77,10.0,no,"{""count_fp"":""10.00"",""created_time"":""2026-04-28T18:05:11.133809Z"",""no_price_dollars"":""0.2300"",""taker_side"":""no"",""ticker"":""KXETH15M-26APR281415-15"",""trade_id"":""fdd6bebc-05b5-78f0-b243-ecf8bcf2f7d7"",""yes_price_dollars"":""0.7700""}"
KXETH15M-26APR281415-15,8ab62ced-360d-7543-be2c-e00565ba4a2c,1777399511,0.77,12.56,no,"{""count_fp"":""12.56"",""created_time"":""2026-04-28T18:05:11.133809Z"",""no_price_dollars"":""0.2300"",""taker_side"":""no"",""ticker"":""KXETH15M-26APR281415-15"",""trade_id"":""8ab62ced-360d-7543-be2c-e00565ba4a2c"",""yes_price_dollars"":""0.7700""}"
KXETH15M-26APR281415-15,7894434b-102a-7b59-2a94-6f1620462a7b,1777399512,0.78,3.0,no,"{""count_fp"":""3.00"",""created_time"":""2026-04-28T18:05:12.140226Z"",""no_price_dollars"":""0.2200"",""taker_side"":""no"",""ticker"":""KXETH15M-26APR281415-15"",""trade_id"":""7894434b-102a-7b59-2a94-6f1620462a7b"",""yes_price_dollars"":""0.7800""}"
KXETH15M-26APR281415-15,2d93675a-f81c-509b-190f-53f8023e50fc,1777399514,0.8,6.16,yes,"{""count_fp"":""6.16"",""created_time"":""2026-04-28T18:05:14.416606Z"",""no_price_dollars"":""0.2000"",""taker_side"":""yes"",""ticker"":""KXETH15M-26APR281415-15"",""trade_id"":""2d93675a-f81c-509b-190f-53f8023e50fc"",""yes_price_dollars"":""0.8000""}"
KXETH15M-26APR281415-15,e8e5899e-383f-5420-62de-b2329d9c16a3,1777399515,0.81,10.0,yes,"{""count_fp"":""10.00"",""created_time"":""2026-04-28T18:05:15.195432Z"",""no_price_dollars"":""0.1900"",""taker_side"":""yes"",""ticker"":""KXETH15M-26APR281415-15"",""trade_id"":""e8e5899e-383f-5420-62de-b2329d9c16a3"",""yes_price_dollars"":""0.8100""}"
KXETH15M-26APR281415-15,7536d218-37a1-57f5-78eb-a0d85418ca0c,1777399515,0.81,5.0,yes,"{""count_fp"":""5.00"",""created_time"":""2026-04-28T18:05:15.195432Z"",""no_price_dollars"":""0.1900"",""taker_side"":""yes"",""ticker"":""KXETH15M-26APR281415-15"",""trade_id"":""7536d218-37a1-57f5-78eb-a0d85418ca0c"",""yes_price_dollars"":""0.8100""}"
KXETH15M-26APR281415-15,6ee7e536-975a-5f02-64bf-def5d5691372,1777399515,0.81,6.84,yes,"{""count_fp"":""6.84"",""created_time"":""2026-04-28T18:05:15.195432Z"",""no_price_dollars"":""0.1900"",""taker_side"":""yes"",""ticker"":""KXETH15M-26APR281415-15"",""trade_id"":""6ee7e536-975a-5f02-64bf-def5d5691372"",""yes_price_dollars"":""0.8100""}"
KXETH15M-26APR281415-15,4241d317-d171-5b40-425c-3f8910b9078c,1777399515,0.8,2.0,yes,"{""count_fp"":""2.00"",""created_time"":""2026-04-28T18:05:15.195432Z"",""no_price_dollars"":""0.2000"",""taker_side"":""yes"",""ticker"":""KXETH15M-26APR281415-15"",""trade_id"":""4241d317-d171-5b40-425c-3f8910b9078c"",""yes_price_dollars"":""0.8000""}"
KXETH15M-26APR281415-15,2193e30d-1d4e-5127-7d92-a97bd79ec099,1777399515,0.82,2.16,yes,"{""count_fp"":""2.16"",""created_time"":""2026-04-28T18:05:15.195432Z"",""no_price_dollars"":""0.1800"",""taker_side"":""yes"",""ticker"":""KXETH15M-26APR281415-15"",""trade_id"":""2193e30d-1d4e-5127-7d92-a97bd79ec099"",""yes_price_dollars"":""0.8200""}"
KXETH15M-26APR281415-15,f2495507-49ec-491e-a32f-2032407c23ec,1777399519,0.83,4.0,yes,"{""count_fp"":""4.00"",""created_time"":""2026-04-28T18:05:19.465595Z"",""no_price_dollars"":""0.1700"",""taker_side"":""yes"",""ticker"":""KXETH15M-26APR281415-15"",""trade_id"":""f2495507-49ec-491e-a32f-2032407c23ec"",""yes_price_dollars"":""0.8300""}"
KXETH15M-26APR281415-15,033b2d48-1ce0-43ba-b9fd-db06d9bace26,1777399519,0.81,5.0,yes,"{""count_fp"":""5.00"",""created_time"":""2026-04-28T18:05:19.465595Z"",""no_price_dollars"":""0.1900"",""taker_side"":""yes"",""ticker"":""KXETH15M-26APR281415-15"",""trade_id"":""033b2d48-1ce0-43ba-b9fd-db06d9bace26"",""yes_price_dollars"":""0.8100""}"
KXETH15M-26APR281415-15,2ab238a8-76e8-6d2a-eb08-091f5a76595b,1777399520,0.83,5.0,yes,"{""count_fp"":""5.00"",""created_time"":""2026-04-28T18:05:20.864948Z"",""no_price_dollars"":""0.1700"",""taker_side"":""yes"",""ticker"":""KXETH15M-26APR281415-15"",""trade_id"":""2ab238a8-76e8-6d2a-eb08-091f5a76595b"",""yes_price_dollars"":""0.8300""}"
KXETH15M-26APR281415-15,32ea617a-08bf-4d1d-358b-74cae51fb72f,1777399520,0.82,5.0,yes,"{""count_fp"":""5.00"",""created_time"":""2026-04-28T18:05:20.283992Z"",""no_price_dollars"":""0.1800"",""taker_side"":""yes"",""ticker"":""KXETH15M-26APR281415-15"",""trade_id"":""32ea617a-08bf-4d1d-358b-74cae51fb72f"",""yes_price_dollars"":""0.8200""}"
KXETH15M-26APR281415-15,2f16c0f1-fb3c-403b-03ac-e71ac415e81c,1777399520,0.84,5.0,yes,"{""count_fp"":""5.00"",""created_time"":""2026-04-28T18:05:20.283992Z"",""no_price_dollars"":""0.1600"",""taker_side"":""yes"",""ticker"":""KXETH15M-26APR281415-15"",""trade_id"":""2f16c0f1-fb3c-403b-03ac-e71ac415e81c"",""yes_price_dollars"":""0.8400""}"
KXETH15M-26APR281415-15,e249cd7f-25ad-6973-4f29-67584cc065ac,1777399522,0.84,6.11,no,"{""count_fp"":""6.11"",""created_time"":""2026-04-28T18:05:22.309737Z"",""no_price_dollars"":""0.1600"",""taker_side"":""no"",""ticker"":""KXETH15M-26APR281415-15"",""trade_id"":""e249cd7f-25ad-6973-4f29-67584cc065ac"",""yes_price_dollars"":""0.8400""}"
KXETH15M-26APR281415-15,964314c7-da46-64cd-448e-35238033ac7e,1777399522,0.84,5.0,no,"{""count_fp"":""5.00"",""created_time"":""2026-04-28T18:05:22.309737Z"",""no_price_dollars"":""0.1600"",""taker_side"":""no"",""ticker"":""KXETH15M-26APR281415-15"",""trade_id"":""964314c7-da46-64cd-448e-35238033ac7e"",""yes_price_dollars"":""0.8400""}"
KXETH15M-26APR281415-15,688ab41b-d6a5-4578-e2dc-b6ef3165a17c,1777399522,0.84,5.0,yes,"{""count_fp"":""5.00"",""created_time"":""2026-04-28T18:05:22.101859Z"",""no_price_dollars"":""0.1600"",""taker_side"":""yes"",""ticker"":""KXETH15M-26APR281415-15"",""trade_id"":""688ab41b-d6a5-4578-e2dc-b6ef3165a17c"",""yes_price_dollars"":""0.8400""}"
KXETH15M-26APR281415-15,4053c58b-4513-66dc-7b3f-e254efbcecad,1777399525,0.85,1.0,yes,"{""count_fp"":""1.00"",""created_time"":""2026-04-28T18:05:25.552114Z"",""no_price_dollars"":""0.1500"",""taker_side"":""yes"",""ticker"":""KXETH15M-26APR281415-15"",""trade_id"":""4053c58b-4513-66dc-7b3f-e254efbcecad"",""yes_price_dollars"":""0.8500""}"
KXETH15M-26APR281415-15,6da31345-aee6-77df-9841-93b5b99234ed,1777399526,0.86,17.02,yes,"{""count_fp"":""17.02"",""created_time"":""2026-04-28T18:05:26.039666Z"",""no_price_dollars"":""0.1400"",""taker_side"":""yes"",""ticker"":""KXETH15M-26APR281415-15"",""trade_id"":""6da31345-aee6-77df-9841-93b5b99234ed"",""yes_price_dollars"":""0.8600""}"
KXETH15M-26APR281415-15,3e9b7f6c-64a3-7b5c-b799-46e96693fd30,1777399527,0.83,10.0,no,"{""count_fp"":""10.00"",""created_time"":""2026-04-28T18:05:27.089904Z"",""no_price_dollars"":""0.1700"",""taker_side"":""no"",""ticker"":""KXETH15M-26APR281415-15"",""trade_id"":""3e9b7f6c-64a3-7b5c-b799-46e96693fd30"",""yes_price_dollars"":""0.8300""}"
KXETH15M-26APR281415-15,f9a9383e-8f52-4ddf-86ce-36d873f34349,1777399538,0.86,550.43,yes,"{""count_fp"":""550.43"",""created_time"":""2026-04-28T18:05:38.998622Z"",""no_price_dollars"":""0.1400"",""taker_side"":""yes"",""ticker"":""KXETH15M-26APR281415-15"",""trade_id"":""f9a9383e-8f52-4ddf-86ce-36d873f34349"",""yes_price_dollars"":""0.8600""}"
KXETH15M-26APR281415-15,ef1e249a-f651-48b6-b151-1f2dd2698524,1777399538,0.85,5.0,yes,"{""count_fp"":""5.00"",""created_time"":""2026-04-28T18:05:38.998622Z"",""no_price_dollars"":""0.1500"",""taker_side"":""yes"",""ticker"":""KXETH15M-26APR281415-15"",""trade_id"":""ef1e249a-f651-48b6-b151-1f2dd2698524"",""yes_price_dollars"":""0.8500""}"
KXETH15M-26APR281415-15,2d7695f9-63e8-469a-83fe-d4d436883b16,1777399538,0.85,10.0,yes,"{""count_fp"":""10.00"",""created_time"":""2026-04-28T18:05:38.998622Z"",""no_price_dollars"":""0.1500"",""taker_side"":""yes"",""ticker"":""KXETH15M-26APR281415-15"",""trade_id"":""2d7695f9-63e8-469a-83fe-d4d436883b16"",""yes_price_dollars"":""0.8500""}"
KXETH15M-26APR281415-15,161ba2be-3f59-4fc0-ad4d-5c9733c237e8,1777399538,0.85,8.66,yes,"{""count_fp"":""8.66"",""created_time"":""2026-04-28T18:05:38.998622Z"",""no_price_dollars"":""0.1500"",""taker_side"":""yes"",""ticker"":""KXETH15M-26APR281415-15"",""trade_id"":""161ba2be-3f59-4fc0-ad4d-5c9733c237e8"",""yes_price_dollars"":""0.8500""}"
KXETH15M-26APR281415-15,f3ded98d-6ffa-597b-1e0d-3fe4b11d0075,1777399543,0.87,0.4,yes,"{""count_fp"":""0.40"",""created_time"":""2026-04-28T18:05:43.108311Z"",""no_price_dollars"":""0.1300"",""taker_side"":""yes"",""ticker"":""KXETH15M-26APR281415-15"",""trade_id"":""f3ded98d-6ffa-597b-1e0d-3fe4b11d0075"",""yes_price_dollars"":""0.8700""}"
KXETH15M-26APR281415-15,d7230cda-ec86-7b2a-7a8a-184176d08e7c,1777399543,0.87,1.0,yes,"{""count_fp"":""1.00"",""created_time"":""2026-04-28T18:05:43.099855Z"",""no_price_dollars"":""0.1300"",""taker_side"":""yes"",""ticker"":""KXETH15M-26APR281415-15"",""trade_id"":""d7230cda-ec86-7b2a-7a8a-184176d08e7c"",""yes_price_dollars"":""0.8700""}"
KXETH15M-26APR281415-15,88c61529-408b-7888-5677-c4e3fe297c47,1777399543,0.85,5.0,yes,"{""count_fp"":""5.00"",""created_time"":""2026-04-28T18:05:43.099855Z"",""no_price_dollars"":""0.1500"",""taker_side"":""yes"",""ticker"":""KXETH15M-26APR281415-15"",""trade_id"":""88c61529-408b-7888-5677-c4e3fe297c47"",""yes_price_dollars"":""0.8500""}"
KXETH15M-26APR281415-15,384e22fa-b576-7652-685d-60f274915b5c,1777399543,0.87,9.0,yes,"{""count_fp"":""9.00"",""created_time"":""2026-04-28T18:05:43.099855Z"",""no_price_dollars"":""0.1300"",""taker_side"":""yes"",""ticker"":""KXETH15M-26APR281415-15"",""trade_id"":""384e22fa-b576-7652-685d-60f274915b5c"",""yes_price_dollars"":""0.8700""}"
KXETH15M-26APR281415-15,371a7824-4ae6-7acf-6dc2-622707ad6b29,1777399543,0.87,6.0,yes,"{""count_fp"":""6.00"",""created_time"":""2026-04-28T18:05:43.099855Z"",""no_price_dollars"":""0.1300"",""taker_side"":""yes"",""ticker"":""KXETH15M-26APR281415-15"",""trade_id"":""371a7824-4ae6-7acf-6dc2-622707ad6b29"",""yes_price_dollars"":""0.8700""}"
KXETH15M-26APR281415-15,a24c64c3-6176-5169-95f0-a662f27157f1,1777399545,0.87,10.0,yes,"{""count_fp"":""10.00"",""created_time"":""2026-04-28T18:05:45.135176Z"",""no_price_dollars"":""0.1300"",""taker_side"":""yes"",""ticker"":""KXETH15M-26APR281415-15"",""trade_id"":""a24c64c3-6176-5169-95f0-a662f27157f1"",""yes_price_dollars"":""0.8700""}"
KXETH15M-26APR281415-15,7e0fdfff-3232-54b1-93ce-05fb02a162a5,1777399545,0.87,315.26,yes,"{""count_fp"":""315.26"",""created_time"":""2026-04-28T18:05:45.135176Z"",""no_price_dollars"":""0.1300"",""taker_side"":""yes"",""ticker"":""KXETH15M-26APR281415-15"",""trade_id"":""7e0fdfff-3232-54b1-93ce-05fb02a162a5"",""yes_price_dollars"":""0.8700""}"
KXETH15M-26APR281415-15,7cdbe17e-5481-567d-b414-fa21f1c820d3,1777399545,0.87,10.0,yes,"{""count_fp"":""10.00"",""created_time"":""2026-04-28T18:05:45.135176Z"",""no_price_dollars"":""0.1300"",""taker_side"":""yes"",""ticker"":""KXETH15M-26APR281415-15"",""trade_id"":""7cdbe17e-5481-567d-b414-fa21f1c820d3"",""yes_price_dollars"":""0.8700""}"
KXETH15M-26APR281415-15,ac2909a6-a951-7877-aac0-4ba1724e4483,1777399560,0.87,3.0,yes,"{""count_fp"":""3.00"",""created_time"":""2026-04-28T18:06:00.604483Z"",""no_price_dollars"":""0.1300"",""taker_side"":""yes"",""ticker"":""KXETH15M-26APR281415-15"",""trade_id"":""ac2909a6-a951-7877-aac0-4ba1724e4483"",""yes_price_dollars"":""0.8700""}"
KXETH15M-26APR281415-15,2ceb3eb7-16ea-7de6-9557-702cd2db271d,1777399560,0.88,8.0,yes,"{""count_fp"":""8.00"",""created_time"":""2026-04-28T18:06:00.604483Z"",""no_price_dollars"":""0.1200"",""taker_side"":""yes"",""ticker"":""KXETH15M-26APR281415-15"",""trade_id"":""2ceb3eb7-16ea-7de6-9557-702cd2db271d"",""yes_price_dollars"":""0.8800""}"
KXETH15M-26APR281415-15,628d8851-64b7-7bf5-9dc7-c7dea699e46d,1777399563,0.86,2.0,yes,"{""count_fp"":""2.00"",""created_time"":""2026-04-28T18:06:03.393701Z"",""no_price_dollars"":""0.1400"",""taker_side"":""yes"",""ticker"":""KXETH15M-26APR281415-15"",""trade_id"":""628d8851-64b7-7bf5-9dc7-c7dea699e46d"",""yes_price_dollars"":""0.8600""}"
KXETH15M-26APR281415-15,3e1acf41-e71b-5a25-32fb-181e3490fd51,1777399563,0.86,1.0,yes,"{""count_fp"":""1.00"",""created_time"":""2026-04-28T18:06:03.233064Z"",""no_price_dollars"":""0.1400"",""taker_side"":""yes"",""ticker"":""KXETH15M-26APR281415-15"",""trade_id"":""3e1acf41-e71b-5a25-32fb-181e3490fd51"",""yes_price_dollars"":""0.8600""}"
KXETH15M-26APR281415-15,27782dd6-d331-53b2-183c-0c7a2bc19c2b,1777399568,0.86,5.0,yes,"{""count_fp"":""5.00"",""created_time"":""2026-04-28T18:06:08.104804Z"",""no_price_dollars"":""0.1400"",""taker_side"":""yes"",""ticker"":""KXETH15M-26APR281415-15"",""trade_id"":""27782dd6-d331-53b2-183c-0c7a2bc19c2b"",""yes_price_dollars"":""0.8600""}"
KXETH15M-26APR281415-15,c8f5ffc4-546a-456d-f304-6140953099a5,1777399568,0.82,11.39,no,"{""count_fp"":""11.39"",""created_time"":""2026-04-28T18:06:08.094177Z"",""no_price_dollars"":""0.1800"",""taker_side"":""no"",""ticker"":""KXETH15M-26APR281415-15"",""trade_id"":""c8f5ffc4-546a-456d-f304-6140953099a5"",""yes_price_dollars"":""0.8200""}"
KXETH15M-26APR281415-15,4e8934b8-ef5f-4def-e0f4-ca1355473086,1777399568,0.82,10.0,no,"{""count_fp"":""10.00"",""created_time"":""2026-04-28T18:06:08.094177Z"",""no_price_dollars"":""0.1800"",""taker_side"":""no"",""ticker"":""KXETH15M-26APR281415-15"",""trade_id"":""4e8934b8-ef5f-4def-e0f4-ca1355473086"",""yes_price_dollars"":""0.8200""}"
KXETH15M-26APR281415-15,5722895c-3482-5165-5af2-96ecc0350d9d,1777399569,0.88,3.0,yes,"{""count_fp"":""3.00"",""created_time"":""2026-04-28T18:06:09.069149Z"",""no_price_dollars"":""0.1200"",""taker_side"":""yes"",""ticker"":""KXETH15M-26APR281415-15"",""trade_id"":""5722895c-3482-5165-5af2-96ecc0350d9d"",""yes_price_dollars"":""0.8800""}"
KXETH15M-26APR281415-15,642e7099-e108-62b0-bd37-224081008990,1777399575,0.88,1.67,yes,"{""count_fp"":""1.67"",""created_time"":""2026-04-28T18:06:15.105704Z"",""no_price_dollars"":""0.1200"",""taker_side"":""yes"",""ticker"":""KXETH15M-26APR281415-15"",""trade_id"":""642e7099-e108-62b0-bd37-224081008990"",""yes_price_dollars"":""0.8800""}"
KXETH15M-26APR281415-15,18b4b84c-ea57-7548-2de4-f91f0c9875e4,1777399576,0.84,4.0,yes,"{""count_fp"":""4.00"",""created_time"":""2026-04-28T18:06:16.915644Z"",""no_price_dollars"":""0.1600"",""taker_side"":""yes"",""ticker"":""KXETH15M-26APR281415-15"",""trade_id"":""18b4b84c-ea57-7548-2de4-f91f0c9875e4"",""yes_price_dollars"":""0.8400""}"
KXETH15M-26APR281415-15,fe8adee4-aaf7-5244-d06e-7562efe73d3c,1777399578,0.85,1.0,yes,"{""count_fp"":""1.00"",""created_time"":""2026-04-28T18:06:18.140252Z"",""no_price_dollars"":""0.1500"",""taker_side"":""yes"",""ticker"":""KXETH15M-26APR281415-15"",""trade_id"":""fe8adee4-aaf7-5244-d06e-7562efe73d3c"",""yes_price_dollars"":""0.8500""}"
KXETH15M-26APR281415-15,59b17527-7e4e-65fd-85f9-c86cc7902985,1777399582,0.8,9.83,yes,"{""count_fp"":""9.83"",""created_time"":""2026-04-28T18:06:22.611388Z"",""no_price_dollars"":""0.2000"",""taker_side"":""yes"",""ticker"":""KXETH15M-26APR281415-15"",""trade_id"":""59b17527-7e4e-65fd-85f9-c86cc7902985"",""yes_price_dollars"":""0.8000""}"
KXETH15M-26APR281415-15,4abcc394-cdc5-6b12-9ff8-bef5d9f6a4de,1777399582,0.79,10.0,yes,"{""count_fp"":""10.00"",""created_time"":""2026-04-28T18:06:22.611388Z"",""no_price_dollars"":""0.2100"",""taker_side"":""yes"",""ticker"":""KXETH15M-26APR281415-15"",""trade_id"":""4abcc394-cdc5-6b12-9ff8-bef5d9f6a4de"",""yes_price_dollars"":""0.7900""}"
KXETH15M-26APR281415-15,48cf36f2-17f2-6ce6-b4ce-1d0b824cfaa5,1777399582,0.78,5.0,yes,"{""count_fp"":""5.00"",""created_time"":""2026-04-28T18:06:22.611388Z"",""no_price_dollars"":""0.2200"",""taker_side"":""yes"",""ticker"":""KXETH15M-26APR281415-15"",""trade_id"":""48cf36f2-17f2-6ce6-b4ce-1d0b824cfaa5"",""yes_price_dollars"":""0.7800""}"
KXETH15M-26APR281415-15,ea9475e2-c6b2-6a67-cd0f-20ed4910eb5e,1777399588,0.76,7.76,yes,"{""count_fp"":""7.76"",""created_time"":""2026-04-28T18:06:28.012973Z"",""no_price_dollars"":""0.2400"",""taker_side"":""yes"",""ticker"":""KXETH15M-26APR281415-15"",""trade_id"":""ea9475e2-c6b2-6a67-cd0f-20ed4910eb5e"",""yes_price_dollars"":""0.7600""}"
KXETH15M-26APR281415-15,cdd00521-ee5f-7807-a3b5-eaea2f5cf4c3,1777399590,0.76,5.0,yes,"{""count_fp"":""5.00"",""created_time"":""2026-04-28T18:06:30.084636Z"",""no_price_dollars"":""0.2400"",""taker_side"":""yes"",""ticker"":""KXETH15M-26APR281415-15"",""trade_id"":""cdd00521-ee5f-7807-a3b5-eaea2f5cf4c3"",""yes_price_dollars"":""0.7600""}"
KXETH15M-26APR281415-15,8a449472-e08e-7f8e-b45b-1a0dac089e9f,1777399590,0.76,34.0,yes,"{""count_fp"":""34.00"",""created_time"":""2026-04-28T18:06:30.084636Z"",""no_price_dollars"":""0.2400"",""taker_side"":""yes"",""ticker"":""KXETH15M-26APR281415-15"",""trade_id"":""8a449472-e08e-7f8e-b45b-1a0dac089e9f"",""yes_price_dollars"":""0.7600""}"
KXETH15M-26APR281415-15,d2efe20c-1016-7df1-b9a4-9d3636120bf9,1777399591,0.76,3.0,yes,"{""count_fp"":""3.00"",""created_time"":""2026-04-28T18:06:31.456351Z"",""no_price_dollars"":""0.2400"",""taker_side"":""yes"",""ticker"":""KXETH15M-26APR281415-15"",""trade_id"":""d2efe20c-1016-7df1-b9a4-9d3636120bf9"",""yes_price_dollars"":""0.7600""}"
KXETH15M-26APR281415-15,238312dc-c6bb-7214-a6a9-9e2b2366cfd5,1777399598,0.69,5.0,no,"{""count_fp"":""5.00"",""created_time"":""2026-04-28T18:06:38.893773Z"",""no_price_dollars"":""0.3100"",""taker_side"":""no"",""ticker"":""KXETH15M-26APR281415-15"",""trade_id"":""238312dc-c6bb-7214-a6a9-9e2b2366cfd5"",""yes_price_dollars"":""0.6900""}"
KXETH15M-26APR281415-15,fda30cc4-11b8-589d-527c-2ce050f960cc,1777399600,0.72,10.0,yes,"{""count_fp"":""10.00"",""created_time"":""2026-04-28T18:06:40.150733Z"",""no_price_dollars"":""0.2800"",""taker_side"":""yes"",""ticker"":""KXETH15M-26APR281415-15"",""trade_id"":""fda30cc4-11b8-589d-527c-2ce050f960cc"",""yes_price_dollars"":""0.7200""}"
KXETH15M-26APR281415-15,f8127c6a-8a84-55e2-62a2-987558e973f4,1777399600,0.72,5.0,yes,"{""count_fp"":""5.00"",""created_time"":""2026-04-28T18:06:40.150733Z"",""no_price_dollars"":""0.2800"",""taker_side"":""yes"",""ticker"":""KXETH15M-26APR281415-15"",""trade_id"":""f8127c6a-8a84-55e2-62a2-987558e973f4"",""yes_price_dollars"":""0.7200""}"
KXETH15M-26APR281415-15,6b4ae0df-c83e-5bcd-5d60-198bbafeff41,1777399600,0.73,3.0,yes,"{""count_fp"":""3.00"",""created_time"":""2026-04-28T18:06:40.150733Z"",""no_price_dollars"":""0.2700"",""taker_side"":""yes"",""ticker"":""KXETH15M-26APR281415-15"",""trade_id"":""6b4ae0df-c83e-5bcd-5d60-198bbafeff41"",""yes_price_dollars"":""0.7300""}"
KXETH15M-26APR281415-15,62f0c797-9772-5d53-90e5-7bed2c8d6732,1777399603,0.72,4.26,yes,"{""count_fp"":""4.26"",""created_time"":""2026-04-28T18:06:43.834458Z"",""no_price_dollars"":""0.2800"",""taker_side"":""yes"",""ticker"":""KXETH15M-26APR281415-15"",""trade_id"":""62f0c797-9772-5d53-90e5-7bed2c8d6732"",""yes_price_dollars"":""0.7200""}"
KXETH15M-26APR281415-15,2bd341a1-d682-54bf-8ab2-d984e4131e15,1777399603,0.72,6.85,yes,"{""count_fp"":""6.85"",""created_time"":""2026-04-28T18:06:43.834458Z"",""no_price_dollars"":""0.2800"",""taker_side"":""yes"",""ticker"":""KXETH15M-26APR281415-15"",""trade_id"":""2bd341a1-d682-54bf-8ab2-d984e4131e15"",""yes_price_dollars"":""0.7200""}"
KXETH15M-26APR281415-15,61771f40-d73a-666f-6242-437b91e216e2,1777399603,0.72,0.74,yes,"{""count_fp"":""0.74"",""created_time"":""2026-04-28T18:06:43.700311Z"",""no_price_dollars"":""0.2800"",""taker_side"":""yes"",""ticker"":""KXETH15M-26APR281415-15"",""trade_id"":""61771f40-d73a-666f-6242-437b91e216e2"",""yes_price_dollars"":""0.7200""}"
KXETH15M-26APR281415-15,b44b1475-862b-4a74-1af7-8a3dba65951d,1777399607,0.69,3.07,no,"{""count_fp"":""3.07"",""created_time"":""2026-04-28T18:06:47.040523Z"",""no_price_dollars"":""0.3100"",""taker_side"":""no"",""ticker"":""KXETH15M-26APR281415-15"",""trade_id"":""b44b1475-862b-4a74-1af7-8a3dba65951d"",""yes_price_dollars"":""0.6900""}"
KXETH15M-26APR281415-15,43251d38-4393-554c-79b6-9345fd714d15,1777399610,0.69,3.0,no,"{""count_fp"":""3.00"",""created_time"":""2026-04-28T18:06:50.430645Z"",""no_price_dollars"":""0.3100"",""taker_side"":""no"",""ticker"":""KXETH15M-26APR281415-15"",""trade_id"":""43251d38-4393-554c-79b6-9345fd714d15"",""yes_price_dollars"":""0.6900""}"
KXETH15M-26APR281415-15,e26c0619-a9e9-5192-7c28-4ed0302a6cb5,1777399613,0.71,5.0,yes,"{""count_fp"":""5.00"",""created_time"":""2026-04-28T18:06:53.593132Z"",""no_price_dollars"":""0.2900"",""taker_side"":""yes"",""ticker"":""KXETH15M-26APR281415-15"",""trade_id"":""e26c0619-a9e9-5192-7c28-4ed0302a6cb5"",""yes_price_dollars"":""0.7100""}"
KXETH15M-26APR281415-15,97f44a13-b080-560d-7b27-227f2ff74923,1777399613,0.72,1.81,yes,"{""count_fp"":""1.81"",""created_time"":""2026-04-28T18:06:53.593132Z"",""no_price_dollars"":""0.2800"",""taker_side"":""yes"",""ticker"":""KXETH15M-26APR281415-15"",""trade_id"":""97f44a13-b080-560d-7b27-227f2ff74923"",""yes_price_dollars"":""0.7200""}"
KXETH15M-26APR281415-15,02264a98-a25f-7c4c-0cd8-63003d9f8291,1777399615,0.69,3.0,no,"{""count_fp"":""3.00"",""created_time"":""2026-04-28T18:06:55.749792Z"",""no_price_dollars"":""0.3100"",""taker_side"":""no"",""ticker"":""KXETH15M-26APR281415-15"",""trade_id"":""02264a98-a25f-7c4c-0cd8-63003d9f8291"",""yes_price_dollars"":""0.6900""}"
KXETH15M-26APR281415-15,5eab3432-e79f-5efc-a4a5-5733a6195fdd,1777399616,0.69,16.0,no,"{""count_fp"":""16.00"",""created_time"":""2026-04-28T18:06:56.266422Z"",""no_price_dollars"":""0.3100"",""taker_side"":""no"",""ticker"":""KXETH15M-26APR281415-15"",""trade_id"":""5eab3432-e79f-5efc-a4a5-5733a6195fdd"",""yes_price_dollars"":""0.6900""}"
KXETH15M-26APR281415-15,373b4272-549e-489a-0c1d-c00b2f96cc98,1777399620,0.69,0.93,no,"{""count_fp"":""0.93"",""created_time"":""2026-04-28T18:07:00.871664Z"",""no_price_dollars"":""0.3100"",""taker_side"":""no"",""ticker"":""KXETH15M-26APR281415-15"",""trade_id"":""373b4272-549e-489a-0c1d-c00b2f96cc98"",""yes_price_dollars"":""0.6900""}"
KXETH15M-26APR281415-15,c09c9c59-a473-754c-c68b-014a7e0c861d,1777399620,0.69,113.93,no,"{""count_fp"":""113.93"",""created_time"":""2026-04-28T18:07:00.856554Z"",""no_price_dollars"":""0.3100"",""taker_side"":""no"",""ticker"":""KXETH15M-26APR281415-15"",""trade_id"":""c09c9c59-a473-754c-c68b-014a7e0c861d"",""yes_price_dollars"":""0.6900""}"
KXETH15M-26APR281415-15,b1c5c0fc-ebca-7d72-c147-fd20a70df5c0,1777399620,0.69,4.07,no,"{""count_fp"":""4.07"",""created_time"":""2026-04-28T18:07:00.856554Z"",""no_price_dollars"":""0.3100"",""taker_side"":""no"",""ticker"":""KXETH15M-26APR281415-15"",""trade_id"":""b1c5c0fc-ebca-7d72-c147-fd20a70df5c0"",""yes_price_dollars"":""0.6900""}"
KXETH15M-26APR281415-15,9e6dd0e5-49f6-6ed3-59b1-d8b90d0f05f5,1777399620,0.71,53.15,yes,"{""count_fp"":""53.15"",""created_time"":""2026-04-28T18:07:00.326204Z"",""no_price_dollars"":""0.2900"",""taker_side"":""yes"",""ticker"":""KXETH15M-26APR281415-15"",""trade_id"":""9e6dd0e5-49f6-6ed3-59b1-d8b90d0f05f5"",""yes_price_dollars"":""0.7100""}"
KXETH15M-26APR281415-15,7b3e1d55-face-6e0d-5212-91c90304bdc9,1777399620,0.73,36.85,yes,"{""count_fp"":""36.85"",""created_time"":""2026-04-28T18:07:00.326204Z"",""no_price_dollars"":""0.2700"",""taker_side"":""yes"",""ticker"":""KXETH15M-26APR281415-15"",""trade_id"":""7b3e1d55-face-6e0d-5212-91c90304bdc9"",""yes_price_dollars"":""0.7300""}"
KXETH15M-26APR281415-15,669a0740-5b9f-640d-7433-943eb4509d72,1777399620,0.71,10.0,yes,"{""count_fp"":""10.00"",""created_time"":""2026-04-28T18:07:00.326204Z"",""no_price_dollars"":""0.2900"",""taker_side"":""yes"",""ticker"":""KXETH15M-26APR281415-15"",""trade_id"":""669a0740-5b9f-640d-7433-943eb4509d72"",""yes_price_dollars"":""0.7100""}"
KXETH15M-26APR281415-15,96d813ae-7beb-6b9b-5bc0-f8d290161711,1777399621,0.55,1.0,no,"{""count_fp"":""1.00"",""created_time"":""2026-04-28T18:07:01.946108Z"",""no_price_dollars"":""0.4500"",""taker_side"":""no"",""ticker"":""KXETH15M-26APR281415-15"",""trade_id"":""96d813ae-7beb-6b9b-5bc0-f8d290161711"",""yes_price_dollars"":""0.5500""}"
KXETH15M-26APR281415-15,1ffc7016-c17a-6665-5620-1760cd356dba,1777399621,0.55,10.0,no,"{""count_fp"":""10.00"",""created_time"":""2026-04-28T18:07:01.946108Z"",""no_price_dollars"":""0.4500"",""taker_side"":""no"",""ticker"":""KXETH15M-26APR281415-15"",""trade_id"":""1ffc7016-c17a-6665-5620-1760cd356dba"",""yes_price_dollars"":""0.5500""}"
KXETH15M-26APR281415-15,a74f8186-d1c0-4f51-8194-1cf4dee8a56c,1777399621,0.61,5.0,no,"{""count_fp"":""5.00"",""created_time"":""2026-04-28T18:07:01.559458Z"",""no_price_dollars"":""0.3900"",""taker_side"":""no"",""ticker"":""KXETH15M-26APR281415-15"",""trade_id"":""a74f8186-d1c0-4f51-8194-1cf4dee8a56c"",""yes_price_dollars"":""0.6100""}"
KXETH15M-26APR281415-15,99d4a8ea-c07f-4f47-8eb8-f950588474fd,1777399621,0.55,5.0,no,"{""count_fp"":""5.00"",""created_time"":""2026-04-28T18:07:01.559458Z"",""no_price_dollars"":""0.4500"",""taker_side"":""no"",""ticker"":""KXETH15M-26APR281415-15"",""trade_id"":""99d4a8ea-c07f-4f47-8eb8-f950588474fd"",""yes_price_dollars"":""0.5500""}"
