ticker,trade_id,ts,yes_price,count,taker_side,raw_json
KXETH15M-26APR280145-45,bbc3e6bc-fa83-4644-1623-c4da9484cc8b,1777354211,0.5,80.0,no,"{""count_fp"":""80.00"",""created_time"":""2026-04-28T05:30:11.180467Z"",""no_price_dollars"":""0.5000"",""taker_side"":""no"",""ticker"":""KXETH15M-26APR280145-45"",""trade_id"":""bbc3e6bc-fa83-4644-1623-c4da9484cc8b"",""yes_price_dollars"":""0.5000""}"
KXETH15M-26APR280145-45,07b43b36-f1d1-476c-2e78-c2555aa3fee1,1777354211,0.46,1.0,no,"{""count_fp"":""1.00"",""created_time"":""2026-04-28T05:30:11.180467Z"",""no_price_dollars"":""0.5400"",""taker_side"":""no"",""ticker"":""KXETH15M-26APR280145-45"",""trade_id"":""07b43b36-f1d1-476c-2e78-c2555aa3fee1"",""yes_price_dollars"":""0.4600""}"
KXETH15M-26APR280145-45,a550ae9d-dc61-6329-ac6c-b682a03d7558,1777354211,0.51,1.0,no,"{""count_fp"":""1.00"",""created_time"":""2026-04-28T05:30:11.159404Z"",""no_price_dollars"":""0.4900"",""taker_side"":""no"",""ticker"":""KXETH15M-26APR280145-45"",""trade_id"":""a550ae9d-dc61-6329-ac6c-b682a03d7558"",""yes_price_dollars"":""0.5100""}"
KXETH15M-26APR280145-45,5390910e-977f-6fcc-ab86-93cfb02ba283,1777354211,0.51,4.0,no,"{""count_fp"":""4.00"",""created_time"":""2026-04-28T05:30:11.159404Z"",""no_price_dollars"":""0.4900"",""taker_side"":""no"",""ticker"":""KXETH15M-26APR280145-45"",""trade_id"":""5390910e-977f-6fcc-ab86-93cfb02ba283"",""yes_price_dollars"":""0.5100""}"
KXETH15M-26APR280145-45,dd257a65-4074-57eb-e529-46a0977b2c59,1777354217,0.48,1.0,no,"{""count_fp"":""1.00"",""created_time"":""2026-04-28T05:30:17.862059Z"",""no_price_dollars"":""0.5200"",""taker_side"":""no"",""ticker"":""KXETH15M-26APR280145-45"",""trade_id"":""dd257a65-4074-57eb-e529-46a0977b2c59"",""yes_price_dollars"":""0.4800""}"
KXETH15M-26APR280145-45,34e4b18c-9299-42d8-22b4-65617dfc2b51,1777354218,0.4,1.0,no,"{""count_fp"":""1.00"",""created_time"":""2026-04-28T05:30:18.712877Z"",""no_price_dollars"":""0.6000"",""taker_side"":""no"",""ticker"":""KXETH15M-26APR280145-45"",""trade_id"":""34e4b18c-9299-42d8-22b4-65617dfc2b51"",""yes_price_dollars"":""0.4000""}"
KXETH15M-26APR280145-45,5f26e3ba-de56-6955-4cd9-924d17d5b649,1777354222,0.46,1.0,no,"{""count_fp"":""1.00"",""created_time"":""2026-04-28T05:30:22.933995Z"",""no_price_dollars"":""0.5400"",""taker_side"":""no"",""ticker"":""KXETH15M-26APR280145-45"",""trade_id"":""5f26e3ba-de56-6955-4cd9-924d17d5b649"",""yes_price_dollars"":""0.4600""}"
KXETH15M-26APR280145-45,2c6f9afb-f97e-6066-40f8-75e1cfaf8c3b,1777354222,0.43,5.0,no,"{""count_fp"":""5.00"",""created_time"":""2026-04-28T05:30:22.933995Z"",""no_price_dollars"":""0.5700"",""taker_side"":""no"",""ticker"":""KXETH15M-26APR280145-45"",""trade_id"":""2c6f9afb-f97e-6066-40f8-75e1cfaf8c3b"",""yes_price_dollars"":""0.4300""}"
KXETH15M-26APR280145-45,d07f77d0-2fe2-67a4-8a87-577d809715e0,1777354228,0.49,1.0,no,"{""count_fp"":""1.00"",""created_time"":""2026-04-28T05:30:28.864884Z"",""no_price_dollars"":""0.5100"",""taker_side"":""no"",""ticker"":""KXETH15M-26APR280145-45"",""trade_id"":""d07f77d0-2fe2-67a4-8a87-577d809715e0"",""yes_price_dollars"":""0.4900""}"
KXETH15M-26APR280145-45,cce15fde-b3a8-6fce-9b14-33fa366eff84,1777354228,0.46,1.0,no,"{""count_fp"":""1.00"",""created_time"":""2026-04-28T05:30:28.864884Z"",""no_price_dollars"":""0.5400"",""taker_side"":""no"",""ticker"":""KXETH15M-26APR280145-45"",""trade_id"":""cce15fde-b3a8-6fce-9b14-33fa366eff84"",""yes_price_dollars"":""0.4600""}"
KXETH15M-26APR280145-45,bb88a767-c569-791a-a286-d08e062785c3,1777354234,0.5,1.86,yes,"{""count_fp"":""1.86"",""created_time"":""2026-04-28T05:30:34.137356Z"",""no_price_dollars"":""0.5000"",""taker_side"":""yes"",""ticker"":""KXETH15M-26APR280145-45"",""trade_id"":""bb88a767-c569-791a-a286-d08e062785c3"",""yes_price_dollars"":""0.5000""}"
KXETH15M-26APR280145-45,82049f36-89e4-75d5-9821-ba471ed69c4e,1777354234,0.5,2.0,yes,"{""count_fp"":""2.00"",""created_time"":""2026-04-28T05:30:34.137356Z"",""no_price_dollars"":""0.5000"",""taker_side"":""yes"",""ticker"":""KXETH15M-26APR280145-45"",""trade_id"":""82049f36-89e4-75d5-9821-ba471ed69c4e"",""yes_price_dollars"":""0.5000""}"
KXETH15M-26APR280145-45,e9de39df-e3d7-6637-eb0a-0f5703a20c55,1777354237,0.5,0.14,yes,"{""count_fp"":""0.14"",""created_time"":""2026-04-28T05:30:37.828675Z"",""no_price_dollars"":""0.5000"",""taker_side"":""yes"",""ticker"":""KXETH15M-26APR280145-45"",""trade_id"":""e9de39df-e3d7-6637-eb0a-0f5703a20c55"",""yes_price_dollars"":""0.5000""}"
KXETH15M-26APR280145-45,6fa90246-b973-7323-f867-b6398d770549,1777354237,0.5,0.86,yes,"{""count_fp"":""0.86"",""created_time"":""2026-04-28T05:30:37.808276Z"",""no_price_dollars"":""0.5000"",""taker_side"":""yes"",""ticker"":""KXETH15M-26APR280145-45"",""trade_id"":""6fa90246-b973-7323-f867-b6398d770549"",""yes_price_dollars"":""0.5000""}"
KXETH15M-26APR280145-45,6d1e607f-7ee8-7dde-f7f0-8166cd0ba2b4,1777354237,0.5,10.0,yes,"{""count_fp"":""10.00"",""created_time"":""2026-04-28T05:30:37.808276Z"",""no_price_dollars"":""0.5000"",""taker_side"":""yes"",""ticker"":""KXETH15M-26APR280145-45"",""trade_id"":""6d1e607f-7ee8-7dde-f7f0-8166cd0ba2b4"",""yes_price_dollars"":""0.5000""}"
KXETH15M-26APR280145-45,359a49b9-9c9d-7a5e-fe19-0407315f48cf,1777354237,0.5,14.14,yes,"{""count_fp"":""14.14"",""created_time"":""2026-04-28T05:30:37.808276Z"",""no_price_dollars"":""0.5000"",""taker_side"":""yes"",""ticker"":""KXETH15M-26APR280145-45"",""trade_id"":""359a49b9-9c9d-7a5e-fe19-0407315f48cf"",""yes_price_dollars"":""0.5000""}"
KXETH15M-26APR280145-45,9b630275-7114-726f-6352-89ee4882e722,1777354238,0.54,1.0,no,"{""count_fp"":""1.00"",""created_time"":""2026-04-28T05:30:38.309054Z"",""no_price_dollars"":""0.4600"",""taker_side"":""no"",""ticker"":""KXETH15M-26APR280145-45"",""trade_id"":""9b630275-7114-726f-6352-89ee4882e722"",""yes_price_dollars"":""0.5400""}"
KXETH15M-26APR280145-45,f1f6b3d6-ff70-53a2-7756-e0964c672541,1777354242,0.51,1.0,no,"{""count_fp"":""1.00"",""created_time"":""2026-04-28T05:30:42.711091Z"",""no_price_dollars"":""0.4900"",""taker_side"":""no"",""ticker"":""KXETH15M-26APR280145-45"",""trade_id"":""f1f6b3d6-ff70-53a2-7756-e0964c672541"",""yes_price_dollars"":""0.5100""}"
KXETH15M-26APR280145-45,e1df17c0-4549-5ca4-59f8-c2e43f99fdb1,1777354242,0.49,75.52,no,"{""count_fp"":""75.52"",""created_time"":""2026-04-28T05:30:42.711091Z"",""no_price_dollars"":""0.5100"",""taker_side"":""no"",""ticker"":""KXETH15M-26APR280145-45"",""trade_id"":""e1df17c0-4549-5ca4-59f8-c2e43f99fdb1"",""yes_price_dollars"":""0.4900""}"
KXETH15M-26APR280145-45,b539387b-abfe-57ce-6df4-37c6496967c3,1777354242,0.5,4.0,no,"{""count_fp"":""4.00"",""created_time"":""2026-04-28T05:30:42.711091Z"",""no_price_dollars"":""0.5000"",""taker_side"":""no"",""ticker"":""KXETH15M-26APR280145-45"",""trade_id"":""b539387b-abfe-57ce-6df4-37c6496967c3"",""yes_price_dollars"":""0.5000""}"
KXETH15M-26APR280145-45,75b60f08-045c-591a-4fea-1c60d994c710,1777354242,0.5,100.0,no,"{""count_fp"":""100.00"",""created_time"":""2026-04-28T05:30:42.711091Z"",""no_price_dollars"":""0.5000"",""taker_side"":""no"",""ticker"":""KXETH15M-26APR280145-45"",""trade_id"":""75b60f08-045c-591a-4fea-1c60d994c710"",""yes_price_dollars"":""0.5000""}"
KXETH15M-26APR280145-45,04847ec8-5627-5913-40ba-b565b999717e,1777354242,0.51,10.98,no,"{""count_fp"":""10.98"",""created_time"":""2026-04-28T05:30:42.711091Z"",""no_price_dollars"":""0.4900"",""taker_side"":""no"",""ticker"":""KXETH15M-26APR280145-45"",""trade_id"":""04847ec8-5627-5913-40ba-b565b999717e"",""yes_price_dollars"":""0.5100""}"
KXETH15M-26APR280145-45,40ff19d1-4c1d-692e-5313-0e4867fe878a,1777354243,0.54,1.93,yes,"{""count_fp"":""1.93"",""created_time"":""2026-04-28T05:30:43.287508Z"",""no_price_dollars"":""0.4600"",""taker_side"":""yes"",""ticker"":""KXETH15M-26APR280145-45"",""trade_id"":""40ff19d1-4c1d-692e-5313-0e4867fe878a"",""yes_price_dollars"":""0.5400""}"
KXETH15M-26APR280145-45,21d67f1d-d17c-6fa1-7f95-86b6633d73f9,1777354243,0.52,11.0,yes,"{""count_fp"":""11.00"",""created_time"":""2026-04-28T05:30:43.287508Z"",""no_price_dollars"":""0.4800"",""taker_side"":""yes"",""ticker"":""KXETH15M-26APR280145-45"",""trade_id"":""21d67f1d-d17c-6fa1-7f95-86b6633d73f9"",""yes_price_dollars"":""0.5200""}"
KXETH15M-26APR280145-45,2ed0e746-e66b-5fab-5d84-e359198c11e3,1777354244,0.53,1.0,no,"{""count_fp"":""1.00"",""created_time"":""2026-04-28T05:30:44.944469Z"",""no_price_dollars"":""0.4700"",""taker_side"":""no"",""ticker"":""KXETH15M-26APR280145-45"",""trade_id"":""2ed0e746-e66b-5fab-5d84-e359198c11e3"",""yes_price_dollars"":""0.5300""}"
KXETH15M-26APR280145-45,c4989f59-132d-764f-0341-91ada4fdf767,1777354245,0.54,10.0,yes,"{""count_fp"":""10.00"",""created_time"":""2026-04-28T05:30:45.990378Z"",""no_price_dollars"":""0.4600"",""taker_side"":""yes"",""ticker"":""KXETH15M-26APR280145-45"",""trade_id"":""c4989f59-132d-764f-0341-91ada4fdf767"",""yes_price_dollars"":""0.5400""}"
KXETH15M-26APR280145-45,904f805a-fcd6-7302-131e-bd2407a97b31,1777354245,0.55,11.7,yes,"{""count_fp"":""11.70"",""created_time"":""2026-04-28T05:30:45.990378Z"",""no_price_dollars"":""0.4500"",""taker_side"":""yes"",""ticker"":""KXETH15M-26APR280145-45"",""trade_id"":""904f805a-fcd6-7302-131e-bd2407a97b31"",""yes_price_dollars"":""0.5500""}"
KXETH15M-26APR280145-45,7f302a12-c568-73e7-3936-54a2fa42d190,1777354245,0.54,10.21,yes,"{""count_fp"":""10.21"",""created_time"":""2026-04-28T05:30:45.990378Z"",""no_price_dollars"":""0.4600"",""taker_side"":""yes"",""ticker"":""KXETH15M-26APR280145-45"",""trade_id"":""7f302a12-c568-73e7-3936-54a2fa42d190"",""yes_price_dollars"":""0.5400""}"
KXETH15M-26APR280145-45,4b307dfe-169d-702a-3d0c-844aa2b239ce,1777354245,0.54,3.57,yes,"{""count_fp"":""3.57"",""created_time"":""2026-04-28T05:30:45.990378Z"",""no_price_dollars"":""0.4600"",""taker_side"":""yes"",""ticker"":""KXETH15M-26APR280145-45"",""trade_id"":""4b307dfe-169d-702a-3d0c-844aa2b239ce"",""yes_price_dollars"":""0.5400""}"
KXETH15M-26APR280145-45,ed803dd0-d8d1-7195-7a8f-d43772ea69db,1777354246,0.53,1.0,no,"{""count_fp"":""1.00"",""created_time"":""2026-04-28T05:30:46.410926Z"",""no_price_dollars"":""0.4700"",""taker_side"":""no"",""ticker"":""KXETH15M-26APR280145-45"",""trade_id"":""ed803dd0-d8d1-7195-7a8f-d43772ea69db"",""yes_price_dollars"":""0.5300""}"
KXETH15M-26APR280145-45,11baa9cd-bcdc-764c-77b3-b9210617977e,1777354246,0.51,4.5,no,"{""count_fp"":""4.50"",""created_time"":""2026-04-28T05:30:46.410926Z"",""no_price_dollars"":""0.4900"",""taker_side"":""no"",""ticker"":""KXETH15M-26APR280145-45"",""trade_id"":""11baa9cd-bcdc-764c-77b3-b9210617977e"",""yes_price_dollars"":""0.5100""}"
KXETH15M-26APR280145-45,683f3cf5-6e87-516b-0497-30a8e952729e,1777354248,0.53,8.0,no,"{""count_fp"":""8.00"",""created_time"":""2026-04-28T05:30:48.661828Z"",""no_price_dollars"":""0.4700"",""taker_side"":""no"",""ticker"":""KXETH15M-26APR280145-45"",""trade_id"":""683f3cf5-6e87-516b-0497-30a8e952729e"",""yes_price_dollars"":""0.5300""}"
KXETH15M-26APR280145-45,49346b78-dfd1-5c37-017d-5c2b6aa56480,1777354248,0.54,1.0,no,"{""count_fp"":""1.00"",""created_time"":""2026-04-28T05:30:48.661828Z"",""no_price_dollars"":""0.4600"",""taker_side"":""no"",""ticker"":""KXETH15M-26APR280145-45"",""trade_id"":""49346b78-dfd1-5c37-017d-5c2b6aa56480"",""yes_price_dollars"":""0.5400""}"
KXETH15M-26APR280145-45,ba2075a6-320a-7f22-24f1-ce8f7d369e91,1777354251,0.56,16.91,yes,"{""count_fp"":""16.91"",""created_time"":""2026-04-28T05:30:51.608261Z"",""no_price_dollars"":""0.4400"",""taker_side"":""yes"",""ticker"":""KXETH15M-26APR280145-45"",""trade_id"":""ba2075a6-320a-7f22-24f1-ce8f7d369e91"",""yes_price_dollars"":""0.5600""}"
KXETH15M-26APR280145-45,c6ed8c87-e88a-6c10-2b46-f3233d812f99,1777354252,0.55,10.18,no,"{""count_fp"":""10.18"",""created_time"":""2026-04-28T05:30:52.978706Z"",""no_price_dollars"":""0.4500"",""taker_side"":""no"",""ticker"":""KXETH15M-26APR280145-45"",""trade_id"":""c6ed8c87-e88a-6c10-2b46-f3233d812f99"",""yes_price_dollars"":""0.5500""}"
KXETH15M-26APR280145-45,4ac38a26-8903-629f-224f-5b3d4ebda78e,1777354252,0.55,1.0,no,"{""count_fp"":""1.00"",""created_time"":""2026-04-28T05:30:52.978706Z"",""no_price_dollars"":""0.4500"",""taker_side"":""no"",""ticker"":""KXETH15M-26APR280145-45"",""trade_id"":""4ac38a26-8903-629f-224f-5b3d4ebda78e"",""yes_price_dollars"":""0.5500""}"
KXETH15M-26APR280145-45,0ef793d9-a08b-616b-140b-cea44814cd26,1777354252,0.54,27.82,no,"{""count_fp"":""27.82"",""created_time"":""2026-04-28T05:30:52.978706Z"",""no_price_dollars"":""0.4600"",""taker_side"":""no"",""ticker"":""KXETH15M-26APR280145-45"",""trade_id"":""0ef793d9-a08b-616b-140b-cea44814cd26"",""yes_price_dollars"":""0.5400""}"
KXETH15M-26APR280145-45,8671526d-0f0c-4a7e-8d4b-f57866252be9,1777354254,0.54,1.65,no,"{""count_fp"":""1.65"",""created_time"":""2026-04-28T05:30:54.671994Z"",""no_price_dollars"":""0.4600"",""taker_side"":""no"",""ticker"":""KXETH15M-26APR280145-45"",""trade_id"":""8671526d-0f0c-4a7e-8d4b-f57866252be9"",""yes_price_dollars"":""0.5400""}"
KXETH15M-26APR280145-45,8c90adcc-055e-4e1c-63f0-0002bab70ce0,1777354259,0.54,0.35,no,"{""count_fp"":""0.35"",""created_time"":""2026-04-28T05:30:59.697019Z"",""no_price_dollars"":""0.4600"",""taker_side"":""no"",""ticker"":""KXETH15M-26APR280145-45"",""trade_id"":""8c90adcc-055e-4e1c-63f0-0002bab70ce0"",""yes_price_dollars"":""0.5400""}"
KXETH15M-26APR280145-45,a9922643-9d22-491c-eb01-cc5f6d73804c,1777354261,0.54,0.65,no,"{""count_fp"":""0.65"",""created_time"":""2026-04-28T05:31:01.663154Z"",""no_price_dollars"":""0.4600"",""taker_side"":""no"",""ticker"":""KXETH15M-26APR280145-45"",""trade_id"":""a9922643-9d22-491c-eb01-cc5f6d73804c"",""yes_price_dollars"":""0.5400""}"
KXETH15M-26APR280145-45,6aaecb90-fd72-6d26-6f91-c60cb4dd8657,1777354262,0.51,10.0,no,"{""count_fp"":""10.00"",""created_time"":""2026-04-28T05:31:02.328516Z"",""no_price_dollars"":""0.4900"",""taker_side"":""no"",""ticker"":""KXETH15M-26APR280145-45"",""trade_id"":""6aaecb90-fd72-6d26-6f91-c60cb4dd8657"",""yes_price_dollars"":""0.5100""}"
KXETH15M-26APR280145-45,cde487be-cb2b-7c7b-77f8-24cf75845d6c,1777354263,0.51,29.0,yes,"{""count_fp"":""29.00"",""created_time"":""2026-04-28T05:31:03.921449Z"",""no_price_dollars"":""0.4900"",""taker_side"":""yes"",""ticker"":""KXETH15M-26APR280145-45"",""trade_id"":""cde487be-cb2b-7c7b-77f8-24cf75845d6c"",""yes_price_dollars"":""0.5100""}"
KXETH15M-26APR280145-45,9d239a66-cf8f-67bb-503e-5d53b39af370,1777354263,0.51,1.0,yes,"{""count_fp"":""1.00"",""created_time"":""2026-04-28T05:31:03.821106Z"",""no_price_dollars"":""0.4900"",""taker_side"":""yes"",""ticker"":""KXETH15M-26APR280145-45"",""trade_id"":""9d239a66-cf8f-67bb-503e-5d53b39af370"",""yes_price_dollars"":""0.5100""}"
KXETH15M-26APR280145-45,d678b2a0-807e-575a-626a-af342aa9900f,1777354267,0.5,1.0,no,"{""count_fp"":""1.00"",""created_time"":""2026-04-28T05:31:07.612056Z"",""no_price_dollars"":""0.5000"",""taker_side"":""no"",""ticker"":""KXETH15M-26APR280145-45"",""trade_id"":""d678b2a0-807e-575a-626a-af342aa9900f"",""yes_price_dollars"":""0.5000""}"
KXETH15M-26APR280145-45,637d21cd-0b6f-5cad-53bb-f03f45f02fc2,1777354267,0.5,39.0,no,"{""count_fp"":""39.00"",""created_time"":""2026-04-28T05:31:07.612056Z"",""no_price_dollars"":""0.5000"",""taker_side"":""no"",""ticker"":""KXETH15M-26APR280145-45"",""trade_id"":""637d21cd-0b6f-5cad-53bb-f03f45f02fc2"",""yes_price_dollars"":""0.5000""}"
KXETH15M-26APR280145-45,ff4aeb8f-de2b-735b-7c72-659927cce61e,1777354268,0.49,19.8,no,"{""count_fp"":""19.80"",""created_time"":""2026-04-28T05:31:08.650142Z"",""no_price_dollars"":""0.5100"",""taker_side"":""no"",""ticker"":""KXETH15M-26APR280145-45"",""trade_id"":""ff4aeb8f-de2b-735b-7c72-659927cce61e"",""yes_price_dollars"":""0.4900""}"
KXETH15M-26APR280145-45,9e43fa39-b886-7b2e-7078-0195cca8db13,1777354268,0.5,10.0,no,"{""count_fp"":""10.00"",""created_time"":""2026-04-28T05:31:08.650142Z"",""no_price_dollars"":""0.5000"",""taker_side"":""no"",""ticker"":""KXETH15M-26APR280145-45"",""trade_id"":""9e43fa39-b886-7b2e-7078-0195cca8db13"",""yes_price_dollars"":""0.5000""}"
KXETH15M-26APR280145-45,6707fbd0-c314-7c3d-50be-c37d4c59eb6a,1777354268,0.49,10.0,no,"{""count_fp"":""10.00"",""created_time"":""2026-04-28T05:31:08.650142Z"",""no_price_dollars"":""0.5100"",""taker_side"":""no"",""ticker"":""KXETH15M-26APR280145-45"",""trade_id"":""6707fbd0-c314-7c3d-50be-c37d4c59eb6a"",""yes_price_dollars"":""0.4900""}"
KXETH15M-26APR280145-45,1872651c-afac-7a53-762c-81cc21cc3062,1777354268,0.49,10.2,no,"{""count_fp"":""10.20"",""created_time"":""2026-04-28T05:31:08.650142Z"",""no_price_dollars"":""0.5100"",""taker_side"":""no"",""ticker"":""KXETH15M-26APR280145-45"",""trade_id"":""1872651c-afac-7a53-762c-81cc21cc3062"",""yes_price_dollars"":""0.4900""}"
KXETH15M-26APR280145-45,9199cc9c-d52a-40d6-2964-3984e3310d05,1777354269,0.48,5.0,no,"{""count_fp"":""5.00"",""created_time"":""2026-04-28T05:31:09.426706Z"",""no_price_dollars"":""0.5200"",""taker_side"":""no"",""ticker"":""KXETH15M-26APR280145-45"",""trade_id"":""9199cc9c-d52a-40d6-2964-3984e3310d05"",""yes_price_dollars"":""0.4800""}"
KXETH15M-26APR280145-45,c0f98922-021c-4f27-1680-1d676df23f69,1777354272,0.49,2.0,yes,"{""count_fp"":""2.00"",""created_time"":""2026-04-28T05:31:12.043878Z"",""no_price_dollars"":""0.5100"",""taker_side"":""yes"",""ticker"":""KXETH15M-26APR280145-45"",""trade_id"":""c0f98922-021c-4f27-1680-1d676df23f69"",""yes_price_dollars"":""0.4900""}"
KXETH15M-26APR280145-45,39166099-c1aa-67ae-d1d4-5e336bff5529,1777354278,0.48,2.0,no,"{""count_fp"":""2.00"",""created_time"":""2026-04-28T05:31:18.589725Z"",""no_price_dollars"":""0.5200"",""taker_side"":""no"",""ticker"":""KXETH15M-26APR280145-45"",""trade_id"":""39166099-c1aa-67ae-d1d4-5e336bff5529"",""yes_price_dollars"":""0.4800""}"
KXETH15M-26APR280145-45,f35bcaf9-b3b6-6266-dbac-eca88771aa31,1777354279,0.48,2.0,no,"{""count_fp"":""2.00"",""created_time"":""2026-04-28T05:31:19.561654Z"",""no_price_dollars"":""0.5200"",""taker_side"":""no"",""ticker"":""KXETH15M-26APR280145-45"",""trade_id"":""f35bcaf9-b3b6-6266-dbac-eca88771aa31"",""yes_price_dollars"":""0.4800""}"
KXETH15M-26APR280145-45,dbda34aa-7930-41f8-4a15-d3d0e6da7211,1777354280,0.51,3.0,yes,"{""count_fp"":""3.00"",""created_time"":""2026-04-28T05:31:20.048818Z"",""no_price_dollars"":""0.4900"",""taker_side"":""yes"",""ticker"":""KXETH15M-26APR280145-45"",""trade_id"":""dbda34aa-7930-41f8-4a15-d3d0e6da7211"",""yes_price_dollars"":""0.5100""}"
KXETH15M-26APR280145-45,d277f59f-67f3-45af-521f-5e465f35d0b5,1777354280,0.5,9.4,yes,"{""count_fp"":""9.40"",""created_time"":""2026-04-28T05:31:20.048818Z"",""no_price_dollars"":""0.5000"",""taker_side"":""yes"",""ticker"":""KXETH15M-26APR280145-45"",""trade_id"":""d277f59f-67f3-45af-521f-5e465f35d0b5"",""yes_price_dollars"":""0.5000""}"
KXETH15M-26APR280145-45,7d927770-90c2-446e-5299-baffdbd6ebdf,1777354280,0.49,2.0,yes,"{""count_fp"":""2.00"",""created_time"":""2026-04-28T05:31:20.048818Z"",""no_price_dollars"":""0.5100"",""taker_side"":""yes"",""ticker"":""KXETH15M-26APR280145-45"",""trade_id"":""7d927770-90c2-446e-5299-baffdbd6ebdf"",""yes_price_dollars"":""0.4900""}"
KXETH15M-26APR280145-45,0711be2d-5a4e-4666-6907-3a50c6f2b091,1777354280,0.51,14.27,yes,"{""count_fp"":""14.27"",""created_time"":""2026-04-28T05:31:20.048818Z"",""no_price_dollars"":""0.4900"",""taker_side"":""yes"",""ticker"":""KXETH15M-26APR280145-45"",""trade_id"":""0711be2d-5a4e-4666-6907-3a50c6f2b091"",""yes_price_dollars"":""0.5100""}"
KXETH15M-26APR280145-45,afd8a730-b77e-7b5e-d39b-f5455b06eedd,1777354281,0.48,16.0,no,"{""count_fp"":""16.00"",""created_time"":""2026-04-28T05:31:21.079201Z"",""no_price_dollars"":""0.5200"",""taker_side"":""no"",""ticker"":""KXETH15M-26APR280145-45"",""trade_id"":""afd8a730-b77e-7b5e-d39b-f5455b06eedd"",""yes_price_dollars"":""0.4800""}"
KXETH15M-26APR280145-45,715d6924-f612-4a7a-5109-78cedf4e40cd,1777354283,0.48,2.0,no,"{""count_fp"":""2.00"",""created_time"":""2026-04-28T05:31:23.934677Z"",""no_price_dollars"":""0.5200"",""taker_side"":""no"",""ticker"":""KXETH15M-26APR280145-45"",""trade_id"":""715d6924-f612-4a7a-5109-78cedf4e40cd"",""yes_price_dollars"":""0.4800""}"
KXETH15M-26APR280145-45,18f18d6c-fc16-44da-dfe2-15992616aac9,1777354283,0.48,2.0,no,"{""count_fp"":""2.00"",""created_time"":""2026-04-28T05:31:23.138305Z"",""no_price_dollars"":""0.5200"",""taker_side"":""no"",""ticker"":""KXETH15M-26APR280145-45"",""trade_id"":""18f18d6c-fc16-44da-dfe2-15992616aac9"",""yes_price_dollars"":""0.4800""}"
KXETH15M-26APR280145-45,6b4b6c8d-eda2-7b4e-ae1d-d0601f297335,1777354284,0.48,7.0,no,"{""count_fp"":""7.00"",""created_time"":""2026-04-28T05:31:24.705047Z"",""no_price_dollars"":""0.5200"",""taker_side"":""no"",""ticker"":""KXETH15M-26APR280145-45"",""trade_id"":""6b4b6c8d-eda2-7b4e-ae1d-d0601f297335"",""yes_price_dollars"":""0.4800""}"
KXETH15M-26APR280145-45,497a6023-0992-77aa-bd65-83dcac593731,1777354285,0.48,0.22,no,"{""count_fp"":""0.22"",""created_time"":""2026-04-28T05:31:25.373615Z"",""no_price_dollars"":""0.5200"",""taker_side"":""no"",""ticker"":""KXETH15M-26APR280145-45"",""trade_id"":""497a6023-0992-77aa-bd65-83dcac593731"",""yes_price_dollars"":""0.4800""}"
KXETH15M-26APR280145-45,5c4c55e6-eb9a-43b2-cd58-e7e1e148e789,1777354285,0.48,83.0,no,"{""count_fp"":""83.00"",""created_time"":""2026-04-28T05:31:25.350826Z"",""no_price_dollars"":""0.5200"",""taker_side"":""no"",""ticker"":""KXETH15M-26APR280145-45"",""trade_id"":""5c4c55e6-eb9a-43b2-cd58-e7e1e148e789"",""yes_price_dollars"":""0.4800""}"
KXETH15M-26APR280145-45,af04f394-b09e-514e-1818-a9e92bc69665,1777354285,0.48,10.0,no,"{""count_fp"":""10.00"",""created_time"":""2026-04-28T05:31:25.128339Z"",""no_price_dollars"":""0.5200"",""taker_side"":""no"",""ticker"":""KXETH15M-26APR280145-45"",""trade_id"":""af04f394-b09e-514e-1818-a9e92bc69665"",""yes_price_dollars"":""0.4800""}"
KXETH15M-26APR280145-45,adc9baa3-5e1b-7e9b-7298-efca3dac7fea,1777354286,0.44,19.0,no,"{""count_fp"":""19.00"",""created_time"":""2026-04-28T05:31:26.771603Z"",""no_price_dollars"":""0.5600"",""taker_side"":""no"",""ticker"":""KXETH15M-26APR280145-45"",""trade_id"":""adc9baa3-5e1b-7e9b-7298-efca3dac7fea"",""yes_price_dollars"":""0.4400""}"
KXETH15M-26APR280145-45,8da61c95-988d-7808-647d-65962a9cd647,1777354286,0.45,10.0,no,"{""count_fp"":""10.00"",""created_time"":""2026-04-28T05:31:26.771603Z"",""no_price_dollars"":""0.5500"",""taker_side"":""no"",""ticker"":""KXETH15M-26APR280145-45"",""trade_id"":""8da61c95-988d-7808-647d-65962a9cd647"",""yes_price_dollars"":""0.4500""}"
KXETH15M-26APR280145-45,85f3280f-cec4-7f07-7913-15f94d01ede7,1777354286,0.44,1.0,no,"{""count_fp"":""1.00"",""created_time"":""2026-04-28T05:31:26.771603Z"",""no_price_dollars"":""0.5600"",""taker_side"":""no"",""ticker"":""KXETH15M-26APR280145-45"",""trade_id"":""85f3280f-cec4-7f07-7913-15f94d01ede7"",""yes_price_dollars"":""0.4400""}"
KXETH15M-26APR280145-45,58a837f2-2256-786b-528f-5ae262c72371,1777354286,0.44,10.0,no,"{""count_fp"":""10.00"",""created_time"":""2026-04-28T05:31:26.771603Z"",""no_price_dollars"":""0.5600"",""taker_side"":""no"",""ticker"":""KXETH15M-26APR280145-45"",""trade_id"":""58a837f2-2256-786b-528f-5ae262c72371"",""yes_price_dollars"":""0.4400""}"
KXETH15M-26APR280145-45,fcc72fe9-975a-58a9-d85c-452efbc10960,1777354289,0.44,2.0,no,"{""count_fp"":""2.00"",""created_time"":""2026-04-28T05:31:29.263685Z"",""no_price_dollars"":""0.5600"",""taker_side"":""no"",""ticker"":""KXETH15M-26APR280145-45"",""trade_id"":""fcc72fe9-975a-58a9-d85c-452efbc10960"",""yes_price_dollars"":""0.4400""}"
KXETH15M-26APR280145-45,4057117b-4a0b-4089-11e0-acea9b34fe0d,1777354290,0.4,1.0,no,"{""count_fp"":""1.00"",""created_time"":""2026-04-28T05:31:30.347178Z"",""no_price_dollars"":""0.6000"",""taker_side"":""no"",""ticker"":""KXETH15M-26APR280145-45"",""trade_id"":""4057117b-4a0b-4089-11e0-acea9b34fe0d"",""yes_price_dollars"":""0.4000""}"
KXETH15M-26APR280145-45,f4a05e0c-c53a-751b-b04f-10fe6911714d,1777354297,0.44,0.32,no,"{""count_fp"":""0.32"",""created_time"":""2026-04-28T05:31:37.376497Z"",""no_price_dollars"":""0.5600"",""taker_side"":""no"",""ticker"":""KXETH15M-26APR280145-45"",""trade_id"":""f4a05e0c-c53a-751b-b04f-10fe6911714d"",""yes_price_dollars"":""0.4400""}"
KXETH15M-26APR280145-45,daf09c38-07d6-4d51-857a-17e138796cd2,1777354297,0.44,2.0,yes,"{""count_fp"":""2.00"",""created_time"":""2026-04-28T05:31:37.143209Z"",""no_price_dollars"":""0.5600"",""taker_side"":""yes"",""ticker"":""KXETH15M-26APR280145-45"",""trade_id"":""daf09c38-07d6-4d51-857a-17e138796cd2"",""yes_price_dollars"":""0.4400""}"
KXETH15M-26APR280145-45,99c13c2b-1ea0-4919-b083-2c4ab412d90e,1777354297,0.44,2.0,yes,"{""count_fp"":""2.00"",""created_time"":""2026-04-28T05:31:37.143209Z"",""no_price_dollars"":""0.5600"",""taker_side"":""yes"",""ticker"":""KXETH15M-26APR280145-45"",""trade_id"":""99c13c2b-1ea0-4919-b083-2c4ab412d90e"",""yes_price_dollars"":""0.4400""}"
KXETH15M-26APR280145-45,4ba1246a-cf9d-4b4f-82d6-5ad6f7d71e68,1777354297,0.44,10.0,yes,"{""count_fp"":""10.00"",""created_time"":""2026-04-28T05:31:37.143209Z"",""no_price_dollars"":""0.5600"",""taker_side"":""yes"",""ticker"":""KXETH15M-26APR280145-45"",""trade_id"":""4ba1246a-cf9d-4b4f-82d6-5ad6f7d71e68"",""yes_price_dollars"":""0.4400""}"
KXETH15M-26APR280145-45,55d1bc75-4363-6f79-669d-4a2b3725467d,1777354301,0.43,1.0,no,"{""count_fp"":""1.00"",""created_time"":""2026-04-28T05:31:41.871003Z"",""no_price_dollars"":""0.5700"",""taker_side"":""no"",""ticker"":""KXETH15M-26APR280145-45"",""trade_id"":""55d1bc75-4363-6f79-669d-4a2b3725467d"",""yes_price_dollars"":""0.4300""}"
KXETH15M-26APR280145-45,b9e425ca-c7c0-6003-1101-5bc3c31729d6,1777354301,0.43,3.0,no,"{""count_fp"":""3.00"",""created_time"":""2026-04-28T05:31:41.770125Z"",""no_price_dollars"":""0.5700"",""taker_side"":""no"",""ticker"":""KXETH15M-26APR280145-45"",""trade_id"":""b9e425ca-c7c0-6003-1101-5bc3c31729d6"",""yes_price_dollars"":""0.4300""}"
KXETH15M-26APR280145-45,b8f28e48-d017-7dfb-4127-84e8838bf4b9,1777354306,0.46,1.0,no,"{""count_fp"":""1.00"",""created_time"":""2026-04-28T05:31:46.250026Z"",""no_price_dollars"":""0.5400"",""taker_side"":""no"",""ticker"":""KXETH15M-26APR280145-45"",""trade_id"":""b8f28e48-d017-7dfb-4127-84e8838bf4b9"",""yes_price_dollars"":""0.4600""}"
KXETH15M-26APR280145-45,877c7259-5e75-7f47-62b3-254022531b13,1777354306,0.46,2.46,no,"{""count_fp"":""2.46"",""created_time"":""2026-04-28T05:31:46.250026Z"",""no_price_dollars"":""0.5400"",""taker_side"":""no"",""ticker"":""KXETH15M-26APR280145-45"",""trade_id"":""877c7259-5e75-7f47-62b3-254022531b13"",""yes_price_dollars"":""0.4600""}"
KXETH15M-26APR280145-45,039b53e6-b55a-4ead-5214-69daff0b7e95,1777354307,0.51,1.0,yes,"{""count_fp"":""1.00"",""created_time"":""2026-04-28T05:31:47.823654Z"",""no_price_dollars"":""0.4900"",""taker_side"":""yes"",""ticker"":""KXETH15M-26APR280145-45"",""trade_id"":""039b53e6-b55a-4ead-5214-69daff0b7e95"",""yes_price_dollars"":""0.5100""}"
KXETH15M-26APR280145-45,ba964906-182d-55f0-f4b9-026effab6324,1777354309,0.51,8.47,yes,"{""count_fp"":""8.47"",""created_time"":""2026-04-28T05:31:49.718273Z"",""no_price_dollars"":""0.4900"",""taker_side"":""yes"",""ticker"":""KXETH15M-26APR280145-45"",""trade_id"":""ba964906-182d-55f0-f4b9-026effab6324"",""yes_price_dollars"":""0.5100""}"
KXETH15M-26APR280145-45,16b4f99c-4ecb-5490-f327-f485779b80fa,1777354309,0.5,10.0,yes,"{""count_fp"":""10.00"",""created_time"":""2026-04-28T05:31:49.718273Z"",""no_price_dollars"":""0.5000"",""taker_side"":""yes"",""ticker"":""KXETH15M-26APR280145-45"",""trade_id"":""16b4f99c-4ecb-5490-f327-f485779b80fa"",""yes_price_dollars"":""0.5000""}"
KXETH15M-26APR280145-45,7504230b-27e8-7bc9-e483-42d5a590f81c,1777354314,0.51,1.86,yes,"{""count_fp"":""1.86"",""created_time"":""2026-04-28T05:31:54.497699Z"",""no_price_dollars"":""0.4900"",""taker_side"":""yes"",""ticker"":""KXETH15M-26APR280145-45"",""trade_id"":""7504230b-27e8-7bc9-e483-42d5a590f81c"",""yes_price_dollars"":""0.5100""}"
KXETH15M-26APR280145-45,40f456a5-778e-4cbe-4b3a-9080f3d5c357,1777354316,0.47,1.37,no,"{""count_fp"":""1.37"",""created_time"":""2026-04-28T05:31:56.183168Z"",""no_price_dollars"":""0.5300"",""taker_side"":""no"",""ticker"":""KXETH15M-26APR280145-45"",""trade_id"":""40f456a5-778e-4cbe-4b3a-9080f3d5c357"",""yes_price_dollars"":""0.4700""}"
KXETH15M-26APR280145-45,f35d8460-2a83-78eb-760a-81b4b8dba4e9,1777354317,0.51,10.0,yes,"{""count_fp"":""10.00"",""created_time"":""2026-04-28T05:31:57.043605Z"",""no_price_dollars"":""0.4900"",""taker_side"":""yes"",""ticker"":""KXETH15M-26APR280145-45"",""trade_id"":""f35d8460-2a83-78eb-760a-81b4b8dba4e9"",""yes_price_dollars"":""0.5100""}"
KXETH15M-26APR280145-45,ae21f162-8c3a-7bfe-42b3-ee46828f76c9,1777354317,0.52,110.16,yes,"{""count_fp"":""110.16"",""created_time"":""2026-04-28T05:31:57.043605Z"",""no_price_dollars"":""0.4800"",""taker_side"":""yes"",""ticker"":""KXETH15M-26APR280145-45"",""trade_id"":""ae21f162-8c3a-7bfe-42b3-ee46828f76c9"",""yes_price_dollars"":""0.5200""}"
KXETH15M-26APR280145-45,69c3de17-873b-7096-58f0-353f56b5e926,1777354317,0.51,9.59,yes,"{""count_fp"":""9.59"",""created_time"":""2026-04-28T05:31:57.043605Z"",""no_price_dollars"":""0.4900"",""taker_side"":""yes"",""ticker"":""KXETH15M-26APR280145-45"",""trade_id"":""69c3de17-873b-7096-58f0-353f56b5e926"",""yes_price_dollars"":""0.5100""}"
KXETH15M-26APR280145-45,5ca3febb-d99b-747e-6c22-86b9a31a06ea,1777354317,0.51,0.14,yes,"{""count_fp"":""0.14"",""created_time"":""2026-04-28T05:31:57.043605Z"",""no_price_dollars"":""0.4900"",""taker_side"":""yes"",""ticker"":""KXETH15M-26APR280145-45"",""trade_id"":""5ca3febb-d99b-747e-6c22-86b9a31a06ea"",""yes_price_dollars"":""0.5100""}"
KXETH15M-26APR280145-45,54ef1d8c-262c-78f1-60cf-5a3d7e6d1db3,1777354317,0.51,10.0,yes,"{""count_fp"":""10.00"",""created_time"":""2026-04-28T05:31:57.043605Z"",""no_price_dollars"":""0.4900"",""taker_side"":""yes"",""ticker"":""KXETH15M-26APR280145-45"",""trade_id"":""54ef1d8c-262c-78f1-60cf-5a3d7e6d1db3"",""yes_price_dollars"":""0.5100""}"
KXETH15M-26APR280145-45,ecfb869f-36d6-7cb6-dbad-213b95673da1,1777354320,0.52,1.0,yes,"{""count_fp"":""1.00"",""created_time"":""2026-04-28T05:32:00.349537Z"",""no_price_dollars"":""0.4800"",""taker_side"":""yes"",""ticker"":""KXETH15M-26APR280145-45"",""trade_id"":""ecfb869f-36d6-7cb6-dbad-213b95673da1"",""yes_price_dollars"":""0.5200""}"
KXETH15M-26APR280145-45,ab39e10d-d3a1-6b5e-f6ca-f958f64aa5ae,1777354320,0.48,1.0,no,"{""count_fp"":""1.00"",""created_time"":""2026-04-28T05:32:00.186705Z"",""no_price_dollars"":""0.5200"",""taker_side"":""no"",""ticker"":""KXETH15M-26APR280145-45"",""trade_id"":""ab39e10d-d3a1-6b5e-f6ca-f958f64aa5ae"",""yes_price_dollars"":""0.4800""}"
KXETH15M-26APR280145-45,046014bb-ee4d-5f6a-8002-39dcd9d628fa,1777354321,0.47,5.0,no,"{""count_fp"":""5.00"",""created_time"":""2026-04-28T05:32:01.954492Z"",""no_price_dollars"":""0.5300"",""taker_side"":""no"",""ticker"":""KXETH15M-26APR280145-45"",""trade_id"":""046014bb-ee4d-5f6a-8002-39dcd9d628fa"",""yes_price_dollars"":""0.4700""}"
KXETH15M-26APR280145-45,1e5d1b85-51cc-5b13-88ba-08c506e0102c,1777354322,0.45,5.0,no,"{""count_fp"":""5.00"",""created_time"":""2026-04-28T05:32:02.900234Z"",""no_price_dollars"":""0.5500"",""taker_side"":""no"",""ticker"":""KXETH15M-26APR280145-45"",""trade_id"":""1e5d1b85-51cc-5b13-88ba-08c506e0102c"",""yes_price_dollars"":""0.4500""}"
KXETH15M-26APR280145-45,399706d3-a9be-5f92-3d4a-7495dd868d65,1777354322,0.49,139.54,yes,"{""count_fp"":""139.54"",""created_time"":""2026-04-28T05:32:02.548137Z"",""no_price_dollars"":""0.5100"",""taker_side"":""yes"",""ticker"":""KXETH15M-26APR280145-45"",""trade_id"":""399706d3-a9be-5f92-3d4a-7495dd868d65"",""yes_price_dollars"":""0.4900""}"
KXETH15M-26APR280145-45,7291e1ee-8474-661c-eda7-e97599b495e8,1777354324,0.43,1.0,no,"{""count_fp"":""1.00"",""created_time"":""2026-04-28T05:32:04.213121Z"",""no_price_dollars"":""0.5700"",""taker_side"":""no"",""ticker"":""KXETH15M-26APR280145-45"",""trade_id"":""7291e1ee-8474-661c-eda7-e97599b495e8"",""yes_price_dollars"":""0.4300""}"
KXETH15M-26APR280145-45,1abc0e52-d759-69b2-f824-4a7cbbfbe386,1777354324,0.44,10.0,no,"{""count_fp"":""10.00"",""created_time"":""2026-04-28T05:32:04.213121Z"",""no_price_dollars"":""0.5600"",""taker_side"":""no"",""ticker"":""KXETH15M-26APR280145-45"",""trade_id"":""1abc0e52-d759-69b2-f824-4a7cbbfbe386"",""yes_price_dollars"":""0.4400""}"
KXETH15M-26APR280145-45,f00e76e6-d892-4327-86c4-d81057f372d5,1777354325,0.44,2.0,no,"{""count_fp"":""2.00"",""created_time"":""2026-04-28T05:32:05.671097Z"",""no_price_dollars"":""0.5600"",""taker_side"":""no"",""ticker"":""KXETH15M-26APR280145-45"",""trade_id"":""f00e76e6-d892-4327-86c4-d81057f372d5"",""yes_price_dollars"":""0.4400""}"
KXETH15M-26APR280145-45,2149e0ef-6564-4e4b-a96c-7efc5abdb9dc,1777354325,0.43,3.0,no,"{""count_fp"":""3.00"",""created_time"":""2026-04-28T05:32:05.671097Z"",""no_price_dollars"":""0.5700"",""taker_side"":""no"",""ticker"":""KXETH15M-26APR280145-45"",""trade_id"":""2149e0ef-6564-4e4b-a96c-7efc5abdb9dc"",""yes_price_dollars"":""0.4300""}"
KXETH15M-26APR280145-45,e3d16351-aed2-5496-fdb9-feec19656cd1,1777354328,0.47,1.65,yes,"{""count_fp"":""1.65"",""created_time"":""2026-04-28T05:32:08.840087Z"",""no_price_dollars"":""0.5300"",""taker_side"":""yes"",""ticker"":""KXETH15M-26APR280145-45"",""trade_id"":""e3d16351-aed2-5496-fdb9-feec19656cd1"",""yes_price_dollars"":""0.4700""}"
KXETH15M-26APR280145-45,4c8ea256-f8fe-6b06-85c2-827c0fe6fd61,1777354328,0.47,20.51,yes,"{""count_fp"":""20.51"",""created_time"":""2026-04-28T05:32:08.791785Z"",""no_price_dollars"":""0.5300"",""taker_side"":""yes"",""ticker"":""KXETH15M-26APR280145-45"",""trade_id"":""4c8ea256-f8fe-6b06-85c2-827c0fe6fd61"",""yes_price_dollars"":""0.4700""}"
KXETH15M-26APR280145-45,73531b85-ee39-7d05-f48c-72c81e0aa826,1777354331,0.42,10.0,no,"{""count_fp"":""10.00"",""created_time"":""2026-04-28T05:32:11.284606Z"",""no_price_dollars"":""0.5800"",""taker_side"":""no"",""ticker"":""KXETH15M-26APR280145-45"",""trade_id"":""73531b85-ee39-7d05-f48c-72c81e0aa826"",""yes_price_dollars"":""0.4200""}"
KXETH15M-26APR280145-45,f7172a1c-9f68-670d-8d8a-9f504484752d,1777354334,0.44,8.68,yes,"{""count_fp"":""8.68"",""created_time"":""2026-04-28T05:32:14.273205Z"",""no_price_dollars"":""0.5600"",""taker_side"":""yes"",""ticker"":""KXETH15M-26APR280145-45"",""trade_id"":""f7172a1c-9f68-670d-8d8a-9f504484752d"",""yes_price_dollars"":""0.4400""}"
KXETH15M-26APR280145-45,4b899584-803f-6c4f-978e-dd1b84837d1f,1777354334,0.44,2.0,yes,"{""count_fp"":""2.00"",""created_time"":""2026-04-28T05:32:14.273205Z"",""no_price_dollars"":""0.5600"",""taker_side"":""yes"",""ticker"":""KXETH15M-26APR280145-45"",""trade_id"":""4b899584-803f-6c4f-978e-dd1b84837d1f"",""yes_price_dollars"":""0.4400""}"
KXETH15M-26APR280145-45,2eceac22-d14b-542b-f485-6e83c0deacf2,1777354341,0.39,3.0,no,"{""count_fp"":""3.00"",""created_time"":""2026-04-28T05:32:21.713357Z"",""no_price_dollars"":""0.6100"",""taker_side"":""no"",""ticker"":""KXETH15M-26APR280145-45"",""trade_id"":""2eceac22-d14b-542b-f485-6e83c0deacf2"",""yes_price_dollars"":""0.3900""}"
KXETH15M-26APR280145-45,32d67721-c73f-7d5b-26fa-3093edb23c6a,1777354344,0.39,2.0,no,"{""count_fp"":""2.00"",""created_time"":""2026-04-28T05:32:24.257197Z"",""no_price_dollars"":""0.6100"",""taker_side"":""no"",""ticker"":""KXETH15M-26APR280145-45"",""trade_id"":""32d67721-c73f-7d5b-26fa-3093edb23c6a"",""yes_price_dollars"":""0.3900""}"
KXETH15M-26APR280145-45,739433bf-ac99-5561-c4da-62e57f0fd504,1777354348,0.42,10.0,no,"{""count_fp"":""10.00"",""created_time"":""2026-04-28T05:32:28.376909Z"",""no_price_dollars"":""0.5800"",""taker_side"":""no"",""ticker"":""KXETH15M-26APR280145-45"",""trade_id"":""739433bf-ac99-5561-c4da-62e57f0fd504"",""yes_price_dollars"":""0.4200""}"
KXETH15M-26APR280145-45,a7a7becc-c085-7a5f-91ca-7125c5d62133,1777354350,0.43,40.19,no,"{""count_fp"":""40.19"",""created_time"":""2026-04-28T05:32:30.757348Z"",""no_price_dollars"":""0.5700"",""taker_side"":""no"",""ticker"":""KXETH15M-26APR280145-45"",""trade_id"":""a7a7becc-c085-7a5f-91ca-7125c5d62133"",""yes_price_dollars"":""0.4300""}"
KXETH15M-26APR280145-45,6510fb40-8f52-71cc-82ad-1be8b51991ad,1777354350,0.43,1.0,no,"{""count_fp"":""1.00"",""created_time"":""2026-04-28T05:32:30.757348Z"",""no_price_dollars"":""0.5700"",""taker_side"":""no"",""ticker"":""KXETH15M-26APR280145-45"",""trade_id"":""6510fb40-8f52-71cc-82ad-1be8b51991ad"",""yes_price_dollars"":""0.4300""}"
KXETH15M-26APR280145-45,7f6cef32-aec9-7177-1946-31512754f053,1777354351,0.43,2.0,no,"{""count_fp"":""2.00"",""created_time"":""2026-04-28T05:32:31.495489Z"",""no_price_dollars"":""0.5700"",""taker_side"":""no"",""ticker"":""KXETH15M-26APR280145-45"",""trade_id"":""7f6cef32-aec9-7177-1946-31512754f053"",""yes_price_dollars"":""0.4300""}"
KXETH15M-26APR280145-45,fff7b15d-f52d-4c07-9367-7c2496fcbd2f,1777354353,0.43,21.0,no,"{""count_fp"":""21.00"",""created_time"":""2026-04-28T05:32:33.385142Z"",""no_price_dollars"":""0.5700"",""taker_side"":""no"",""ticker"":""KXETH15M-26APR280145-45"",""trade_id"":""fff7b15d-f52d-4c07-9367-7c2496fcbd2f"",""yes_price_dollars"":""0.4300""}"
KXETH15M-26APR280145-45,e0b4c143-2a1d-51b0-c611-2ef22bbb34a5,1777354358,0.47,1.0,no,"{""count_fp"":""1.00"",""created_time"":""2026-04-28T05:32:38.148043Z"",""no_price_dollars"":""0.5300"",""taker_side"":""no"",""ticker"":""KXETH15M-26APR280145-45"",""trade_id"":""e0b4c143-2a1d-51b0-c611-2ef22bbb34a5"",""yes_price_dollars"":""0.4700""}"
KXETH15M-26APR280145-45,e9575bed-9541-52e4-a5c5-c17a1847e6bf,1777354361,0.5,40.0,yes,"{""count_fp"":""40.00"",""created_time"":""2026-04-28T05:32:41.051951Z"",""no_price_dollars"":""0.5000"",""taker_side"":""yes"",""ticker"":""KXETH15M-26APR280145-45"",""trade_id"":""e9575bed-9541-52e4-a5c5-c17a1847e6bf"",""yes_price_dollars"":""0.5000""}"
KXETH15M-26APR280145-45,c1d1d481-f9d1-503c-8340-38a9b6eb91a9,1777354361,0.5,10.0,yes,"{""count_fp"":""10.00"",""created_time"":""2026-04-28T05:32:41.051951Z"",""no_price_dollars"":""0.5000"",""taker_side"":""yes"",""ticker"":""KXETH15M-26APR280145-45"",""trade_id"":""c1d1d481-f9d1-503c-8340-38a9b6eb91a9"",""yes_price_dollars"":""0.5000""}"
KXETH15M-26APR280145-45,3e5f3b24-6075-5aec-a230-99c51d6749ef,1777354361,0.48,1.0,yes,"{""count_fp"":""1.00"",""created_time"":""2026-04-28T05:32:41.051951Z"",""no_price_dollars"":""0.5200"",""taker_side"":""yes"",""ticker"":""KXETH15M-26APR280145-45"",""trade_id"":""3e5f3b24-6075-5aec-a230-99c51d6749ef"",""yes_price_dollars"":""0.4800""}"
KXETH15M-26APR280145-45,debddc17-261c-4408-34c3-3bb9d8f50c70,1777354362,0.53,10.0,yes,"{""count_fp"":""10.00"",""created_time"":""2026-04-28T05:32:42.549334Z"",""no_price_dollars"":""0.4700"",""taker_side"":""yes"",""ticker"":""KXETH15M-26APR280145-45"",""trade_id"":""debddc17-261c-4408-34c3-3bb9d8f50c70"",""yes_price_dollars"":""0.5300""}"
KXETH15M-26APR280145-45,cab2ddac-dfad-7568-f6e3-10be996a1291,1777354363,0.52,3.0,no,"{""count_fp"":""3.00"",""created_time"":""2026-04-28T05:32:43.662316Z"",""no_price_dollars"":""0.4800"",""taker_side"":""no"",""ticker"":""KXETH15M-26APR280145-45"",""trade_id"":""cab2ddac-dfad-7568-f6e3-10be996a1291"",""yes_price_dollars"":""0.5200""}"
KXETH15M-26APR280145-45,a3cc7a37-8639-7d2e-1e8d-87aba6cf89e5,1777354364,0.54,1.0,yes,"{""count_fp"":""1.00"",""created_time"":""2026-04-28T05:32:44.596523Z"",""no_price_dollars"":""0.4600"",""taker_side"":""yes"",""ticker"":""KXETH15M-26APR280145-45"",""trade_id"":""a3cc7a37-8639-7d2e-1e8d-87aba6cf89e5"",""yes_price_dollars"":""0.5400""}"
KXETH15M-26APR280145-45,7b96ab8b-35e7-517f-759d-2b974cc19fae,1777354367,0.45,7.0,no,"{""count_fp"":""7.00"",""created_time"":""2026-04-28T05:32:47.512413Z"",""no_price_dollars"":""0.5500"",""taker_side"":""no"",""ticker"":""KXETH15M-26APR280145-45"",""trade_id"":""7b96ab8b-35e7-517f-759d-2b974cc19fae"",""yes_price_dollars"":""0.4500""}"
KXETH15M-26APR280145-45,f9b8fa26-2f69-55a7-714d-2abe0a0675fb,1777354373,0.45,14.0,no,"{""count_fp"":""14.00"",""created_time"":""2026-04-28T05:32:53.215907Z"",""no_price_dollars"":""0.5500"",""taker_side"":""no"",""ticker"":""KXETH15M-26APR280145-45"",""trade_id"":""f9b8fa26-2f69-55a7-714d-2abe0a0675fb"",""yes_price_dollars"":""0.4500""}"
KXETH15M-26APR280145-45,c6944140-83cc-5b9f-79e9-4c8e0cccbbbd,1777354373,0.46,10.0,no,"{""count_fp"":""10.00"",""created_time"":""2026-04-28T05:32:53.215907Z"",""no_price_dollars"":""0.5400"",""taker_side"":""no"",""ticker"":""KXETH15M-26APR280145-45"",""trade_id"":""c6944140-83cc-5b9f-79e9-4c8e0cccbbbd"",""yes_price_dollars"":""0.4600""}"
KXETH15M-26APR280145-45,faae9053-f1bb-601f-ba9c-8c285420dbce,1777354375,0.43,1.0,no,"{""count_fp"":""1.00"",""created_time"":""2026-04-28T05:32:55.219422Z"",""no_price_dollars"":""0.5700"",""taker_side"":""no"",""ticker"":""KXETH15M-26APR280145-45"",""trade_id"":""faae9053-f1bb-601f-ba9c-8c285420dbce"",""yes_price_dollars"":""0.4300""}"
KXETH15M-26APR280145-45,c79b94b3-179a-6316-256e-e66c23187491,1777354375,0.49,3.62,yes,"{""count_fp"":""3.62"",""created_time"":""2026-04-28T05:32:55.107682Z"",""no_price_dollars"":""0.5100"",""taker_side"":""yes"",""ticker"":""KXETH15M-26APR280145-45"",""trade_id"":""c79b94b3-179a-6316-256e-e66c23187491"",""yes_price_dollars"":""0.4900""}"
KXETH15M-26APR280145-45,abe5348a-27ef-67ac-2e02-a29627c5dfa8,1777354375,0.48,10.0,yes,"{""count_fp"":""10.00"",""created_time"":""2026-04-28T05:32:55.107682Z"",""no_price_dollars"":""0.5200"",""taker_side"":""yes"",""ticker"":""KXETH15M-26APR280145-45"",""trade_id"":""abe5348a-27ef-67ac-2e02-a29627c5dfa8"",""yes_price_dollars"":""0.4800""}"
KXETH15M-26APR280145-45,93ceea6e-295d-67ea-3169-4adcf1ea0b09,1777354375,0.48,10.38,yes,"{""count_fp"":""10.38"",""created_time"":""2026-04-28T05:32:55.107682Z"",""no_price_dollars"":""0.5200"",""taker_side"":""yes"",""ticker"":""KXETH15M-26APR280145-45"",""trade_id"":""93ceea6e-295d-67ea-3169-4adcf1ea0b09"",""yes_price_dollars"":""0.4800""}"
KXETH15M-26APR280145-45,be213446-9e35-5a60-7657-d8da038f0a45,1777354377,0.47,3.4,no,"{""count_fp"":""3.40"",""created_time"":""2026-04-28T05:32:57.901267Z"",""no_price_dollars"":""0.5300"",""taker_side"":""no"",""ticker"":""KXETH15M-26APR280145-45"",""trade_id"":""be213446-9e35-5a60-7657-d8da038f0a45"",""yes_price_dollars"":""0.4700""}"
KXETH15M-26APR280145-45,bbd487d9-0a1d-6e24-3243-dc7a22bf6845,1777354377,0.47,1.0,no,"{""count_fp"":""1.00"",""created_time"":""2026-04-28T05:32:57.308168Z"",""no_price_dollars"":""0.5300"",""taker_side"":""no"",""ticker"":""KXETH15M-26APR280145-45"",""trade_id"":""bbd487d9-0a1d-6e24-3243-dc7a22bf6845"",""yes_price_dollars"":""0.4700""}"
KXETH15M-26APR280145-45,3c6ae92c-529f-760a-7977-c7483254e08f,1777354380,0.53,1.0,yes,"{""count_fp"":""1.00"",""created_time"":""2026-04-28T05:33:00.393589Z"",""no_price_dollars"":""0.4700"",""taker_side"":""yes"",""ticker"":""KXETH15M-26APR280145-45"",""trade_id"":""3c6ae92c-529f-760a-7977-c7483254e08f"",""yes_price_dollars"":""0.5300""}"
KXETH15M-26APR280145-45,c621229a-db9e-6bff-7e78-fff719b2ff8b,1777354384,0.47,1.0,no,"{""count_fp"":""1.00"",""created_time"":""2026-04-28T05:33:04.760118Z"",""no_price_dollars"":""0.5300"",""taker_side"":""no"",""ticker"":""KXETH15M-26APR280145-45"",""trade_id"":""c621229a-db9e-6bff-7e78-fff719b2ff8b"",""yes_price_dollars"":""0.4700""}"
KXETH15M-26APR280145-45,4a01aae7-d879-75a8-d6e1-bafd2f64cacd,1777354387,0.49,1.25,no,"{""count_fp"":""1.25"",""created_time"":""2026-04-28T05:33:07.597957Z"",""no_price_dollars"":""0.5100"",""taker_side"":""no"",""ticker"":""KXETH15M-26APR280145-45"",""trade_id"":""4a01aae7-d879-75a8-d6e1-bafd2f64cacd"",""yes_price_dollars"":""0.4900""}"
KXETH15M-26APR280145-45,eb431e40-5f44-492d-95c2-93e55897b9c1,1777354390,0.45,1.0,no,"{""count_fp"":""1.00"",""created_time"":""2026-04-28T05:33:10.330921Z"",""no_price_dollars"":""0.5500"",""taker_side"":""no"",""ticker"":""KXETH15M-26APR280145-45"",""trade_id"":""eb431e40-5f44-492d-95c2-93e55897b9c1"",""yes_price_dollars"":""0.4500""}"
KXETH15M-26APR280145-45,d25c16df-eb5f-4887-bddd-1d395397f73a,1777354390,0.47,10.0,no,"{""count_fp"":""10.00"",""created_time"":""2026-04-28T05:33:10.330921Z"",""no_price_dollars"":""0.5300"",""taker_side"":""no"",""ticker"":""KXETH15M-26APR280145-45"",""trade_id"":""d25c16df-eb5f-4887-bddd-1d395397f73a"",""yes_price_dollars"":""0.4700""}"
KXETH15M-26APR280145-45,c63004f9-2380-45a7-8411-44fdd0d4c30a,1777354390,0.49,10.2,no,"{""count_fp"":""10.20"",""created_time"":""2026-04-28T05:33:10.330921Z"",""no_price_dollars"":""0.5100"",""taker_side"":""no"",""ticker"":""KXETH15M-26APR280145-45"",""trade_id"":""c63004f9-2380-45a7-8411-44fdd0d4c30a"",""yes_price_dollars"":""0.4900""}"
KXETH15M-26APR280145-45,c55674ff-0238-4c64-831f-e584217be5b3,1777354390,0.47,80.0,no,"{""count_fp"":""80.00"",""created_time"":""2026-04-28T05:33:10.330921Z"",""no_price_dollars"":""0.5300"",""taker_side"":""no"",""ticker"":""KXETH15M-26APR280145-45"",""trade_id"":""c55674ff-0238-4c64-831f-e584217be5b3"",""yes_price_dollars"":""0.4700""}"
KXETH15M-26APR280145-45,b5fa331f-4af6-4178-a58e-cae217fd847e,1777354390,0.47,10.0,no,"{""count_fp"":""10.00"",""created_time"":""2026-04-28T05:33:10.330921Z"",""no_price_dollars"":""0.5300"",""taker_side"":""no"",""ticker"":""KXETH15M-26APR280145-45"",""trade_id"":""b5fa331f-4af6-4178-a58e-cae217fd847e"",""yes_price_dollars"":""0.4700""}"
KXETH15M-26APR280145-45,9d4f53aa-2b35-4863-a935-94c475fa925b,1777354390,0.46,1.0,no,"{""count_fp"":""1.00"",""created_time"":""2026-04-28T05:33:10.330921Z"",""no_price_dollars"":""0.5400"",""taker_side"":""no"",""ticker"":""KXETH15M-26APR280145-45"",""trade_id"":""9d4f53aa-2b35-4863-a935-94c475fa925b"",""yes_price_dollars"":""0.4600""}"
KXETH15M-26APR280145-45,959683a4-8805-43b4-bd78-cd98a7ab21e1,1777354390,0.49,100.0,no,"{""count_fp"":""100.00"",""created_time"":""2026-04-28T05:33:10.330921Z"",""no_price_dollars"":""0.5100"",""taker_side"":""no"",""ticker"":""KXETH15M-26APR280145-45"",""trade_id"":""959683a4-8805-43b4-bd78-cd98a7ab21e1"",""yes_price_dollars"":""0.4900""}"
KXETH15M-26APR280145-45,8283dd47-26b2-4bf8-83e9-438a302b38a5,1777354390,0.45,6.02,no,"{""count_fp"":""6.02"",""created_time"":""2026-04-28T05:33:10.330921Z"",""no_price_dollars"":""0.5500"",""taker_side"":""no"",""ticker"":""KXETH15M-26APR280145-45"",""trade_id"":""8283dd47-26b2-4bf8-83e9-438a302b38a5"",""yes_price_dollars"":""0.4500""}"
KXETH15M-26APR280145-45,6f6fa994-8f61-4e6c-97c7-fe98ff0d4ec5,1777354390,0.49,548.83,no,"{""count_fp"":""548.83"",""created_time"":""2026-04-28T05:33:10.330921Z"",""no_price_dollars"":""0.5100"",""taker_side"":""no"",""ticker"":""KXETH15M-26APR280145-45"",""trade_id"":""6f6fa994-8f61-4e6c-97c7-fe98ff0d4ec5"",""yes_price_dollars"":""0.4900""}"
KXETH15M-26APR280145-45,a476a3e2-d9a0-554f-6299-a38a59b4d4fb,1777354391,0.48,2.0,no,"{""count_fp"":""2.00"",""created_time"":""2026-04-28T05:33:11.526568Z"",""no_price_dollars"":""0.5200"",""taker_side"":""no"",""ticker"":""KXETH15M-26APR280145-45"",""trade_id"":""a476a3e2-d9a0-554f-6299-a38a59b4d4fb"",""yes_price_dollars"":""0.4800""}"
KXETH15M-26APR280145-45,10f79394-914c-709b-675f-35b399c0d8e0,1777354393,0.49,2.0,no,"{""count_fp"":""2.00"",""created_time"":""2026-04-28T05:33:13.630344Z"",""no_price_dollars"":""0.5100"",""taker_side"":""no"",""ticker"":""KXETH15M-26APR280145-45"",""trade_id"":""10f79394-914c-709b-675f-35b399c0d8e0"",""yes_price_dollars"":""0.4900""}"
KXETH15M-26APR280145-45,59dc144c-c595-42cf-9277-60935b0f8842,1777354396,0.48,20.0,no,"{""count_fp"":""20.00"",""created_time"":""2026-04-28T05:33:16.093775Z"",""no_price_dollars"":""0.5200"",""taker_side"":""no"",""ticker"":""KXETH15M-26APR280145-45"",""trade_id"":""59dc144c-c595-42cf-9277-60935b0f8842"",""yes_price_dollars"":""0.4800""}"
KXETH15M-26APR280145-45,c461163c-1981-6e3b-a897-bef5bdab1a02,1777354396,0.48,20.0,no,"{""count_fp"":""20.00"",""created_time"":""2026-04-28T05:33:16.086802Z"",""no_price_dollars"":""0.5200"",""taker_side"":""no"",""ticker"":""KXETH15M-26APR280145-45"",""trade_id"":""c461163c-1981-6e3b-a897-bef5bdab1a02"",""yes_price_dollars"":""0.4800""}"
KXETH15M-26APR280145-45,8fcc5f1f-a0b1-6beb-2888-fbb0e16d59ea,1777354396,0.48,2.0,no,"{""count_fp"":""2.00"",""created_time"":""2026-04-28T05:33:16.053834Z"",""no_price_dollars"":""0.5200"",""taker_side"":""no"",""ticker"":""KXETH15M-26APR280145-45"",""trade_id"":""8fcc5f1f-a0b1-6beb-2888-fbb0e16d59ea"",""yes_price_dollars"":""0.4800""}"
KXETH15M-26APR280145-45,a9101991-adb9-4643-5004-0275d6f4984e,1777354398,0.48,2.0,no,"{""count_fp"":""2.00"",""created_time"":""2026-04-28T05:33:18.605319Z"",""no_price_dollars"":""0.5200"",""taker_side"":""no"",""ticker"":""KXETH15M-26APR280145-45"",""trade_id"":""a9101991-adb9-4643-5004-0275d6f4984e"",""yes_price_dollars"":""0.4800""}"
KXETH15M-26APR280145-45,baede8ae-c164-5e07-d9e9-ca14ec7dedd0,1777354398,0.52,1.86,yes,"{""count_fp"":""1.86"",""created_time"":""2026-04-28T05:33:18.572076Z"",""no_price_dollars"":""0.4800"",""taker_side"":""yes"",""ticker"":""KXETH15M-26APR280145-45"",""trade_id"":""baede8ae-c164-5e07-d9e9-ca14ec7dedd0"",""yes_price_dollars"":""0.5200""}"
KXETH15M-26APR280145-45,77f1be45-2b1f-6b7e-f510-e8ea033b47f1,1777354399,0.48,2.0,no,"{""count_fp"":""2.00"",""created_time"":""2026-04-28T05:33:19.936681Z"",""no_price_dollars"":""0.5200"",""taker_side"":""no"",""ticker"":""KXETH15M-26APR280145-45"",""trade_id"":""77f1be45-2b1f-6b7e-f510-e8ea033b47f1"",""yes_price_dollars"":""0.4800""}"
KXETH15M-26APR280145-45,ebe49cf6-a055-45c7-51b7-1c757a9ab81e,1777354402,0.45,550.0,no,"{""count_fp"":""550.00"",""created_time"":""2026-04-28T05:33:22.054904Z"",""no_price_dollars"":""0.5500"",""taker_side"":""no"",""ticker"":""KXETH15M-26APR280145-45"",""trade_id"":""ebe49cf6-a055-45c7-51b7-1c757a9ab81e"",""yes_price_dollars"":""0.4500""}"
KXETH15M-26APR280145-45,c4720ee7-f996-4c60-5ac2-41ee3b389289,1777354402,0.43,53.98,no,"{""count_fp"":""53.98"",""created_time"":""2026-04-28T05:33:22.054904Z"",""no_price_dollars"":""0.5700"",""taker_side"":""no"",""ticker"":""KXETH15M-26APR280145-45"",""trade_id"":""c4720ee7-f996-4c60-5ac2-41ee3b389289"",""yes_price_dollars"":""0.4300""}"
KXETH15M-26APR280145-45,b771fcae-bd9b-45f4-623e-d8b4584d6a83,1777354402,0.41,1.0,no,"{""count_fp"":""1.00"",""created_time"":""2026-04-28T05:33:22.054904Z"",""no_price_dollars"":""0.5900"",""taker_side"":""no"",""ticker"":""KXETH15M-26APR280145-45"",""trade_id"":""b771fcae-bd9b-45f4-623e-d8b4584d6a83"",""yes_price_dollars"":""0.4100""}"
KXETH15M-26APR280145-45,adfba37a-ae69-4409-777d-24ad1e7d1abf,1777354402,0.37,6.52,no,"{""count_fp"":""6.52"",""created_time"":""2026-04-28T05:33:22.054904Z"",""no_price_dollars"":""0.6300"",""taker_side"":""no"",""ticker"":""KXETH15M-26APR280145-45"",""trade_id"":""adfba37a-ae69-4409-777d-24ad1e7d1abf"",""yes_price_dollars"":""0.3700""}"
KXETH15M-26APR280145-45,925ceebc-3292-4876-5ed0-cbf99e922a93,1777354402,0.46,10.0,no,"{""count_fp"":""10.00"",""created_time"":""2026-04-28T05:33:22.054904Z"",""no_price_dollars"":""0.5400"",""taker_side"":""no"",""ticker"":""KXETH15M-26APR280145-45"",""trade_id"":""925ceebc-3292-4876-5ed0-cbf99e922a93"",""yes_price_dollars"":""0.4600""}"
KXETH15M-26APR280145-45,855fff84-7c82-460b-5e77-758787115e59,1777354402,0.44,80.0,no,"{""count_fp"":""80.00"",""created_time"":""2026-04-28T05:33:22.054904Z"",""no_price_dollars"":""0.5600"",""taker_side"":""no"",""ticker"":""KXETH15M-26APR280145-45"",""trade_id"":""855fff84-7c82-460b-5e77-758787115e59"",""yes_price_dollars"":""0.4400""}"
KXETH15M-26APR280145-45,751ba5e7-b131-404d-6afd-4207ae9b7e47,1777354402,0.41,50.0,no,"{""count_fp"":""50.00"",""created_time"":""2026-04-28T05:33:22.054904Z"",""no_price_dollars"":""0.5900"",""taker_side"":""no"",""ticker"":""KXETH15M-26APR280145-45"",""trade_id"":""751ba5e7-b131-404d-6afd-4207ae9b7e47"",""yes_price_dollars"":""0.4100""}"
KXETH15M-26APR280145-45,27062ba4-bb0b-414d-579e-3e0bed6b62e9,1777354402,0.46,10.0,no,"{""count_fp"":""10.00"",""created_time"":""2026-04-28T05:33:22.054904Z"",""no_price_dollars"":""0.5400"",""taker_side"":""no"",""ticker"":""KXETH15M-26APR280145-45"",""trade_id"":""27062ba4-bb0b-414d-579e-3e0bed6b62e9"",""yes_price_dollars"":""0.4600""}"
KXETH15M-26APR280145-45,2103081c-7f52-4636-6de4-4c71cabe9b98,1777354402,0.44,10.0,no,"{""count_fp"":""10.00"",""created_time"":""2026-04-28T05:33:22.054904Z"",""no_price_dollars"":""0.5600"",""taker_side"":""no"",""ticker"":""KXETH15M-26APR280145-45"",""trade_id"":""2103081c-7f52-4636-6de4-4c71cabe9b98"",""yes_price_dollars"":""0.4400""}"
KXETH15M-26APR280145-45,1ff3f4a9-6578-4bfb-6bfe-d51ad4f036dc,1777354402,0.46,100.0,no,"{""count_fp"":""100.00"",""created_time"":""2026-04-28T05:33:22.054904Z"",""no_price_dollars"":""0.5400"",""taker_side"":""no"",""ticker"":""KXETH15M-26APR280145-45"",""trade_id"":""1ff3f4a9-6578-4bfb-6bfe-d51ad4f036dc"",""yes_price_dollars"":""0.4600""}"
KXETH15M-26APR280145-45,fad8ad00-9cef-706a-b919-42eb30e0c47c,1777354406,0.45,10.0,no,"{""count_fp"":""10.00"",""created_time"":""2026-04-28T05:33:26.605226Z"",""no_price_dollars"":""0.5500"",""taker_side"":""no"",""ticker"":""KXETH15M-26APR280145-45"",""trade_id"":""fad8ad00-9cef-706a-b919-42eb30e0c47c"",""yes_price_dollars"":""0.4500""}"
KXETH15M-26APR280145-45,f525c204-c06c-78f4-8152-b2affe9fca34,1777354406,0.45,72.68,no,"{""count_fp"":""72.68"",""created_time"":""2026-04-28T05:33:26.605226Z"",""no_price_dollars"":""0.5500"",""taker_side"":""no"",""ticker"":""KXETH15M-26APR280145-45"",""trade_id"":""f525c204-c06c-78f4-8152-b2affe9fca34"",""yes_price_dollars"":""0.4500""}"
KXETH15M-26APR280145-45,a76899b2-4c35-71c0-aed3-959c7727e03f,1777354406,0.45,4.0,no,"{""count_fp"":""4.00"",""created_time"":""2026-04-28T05:33:26.605226Z"",""no_price_dollars"":""0.5500"",""taker_side"":""no"",""ticker"":""KXETH15M-26APR280145-45"",""trade_id"":""a76899b2-4c35-71c0-aed3-959c7727e03f"",""yes_price_dollars"":""0.4500""}"
KXETH15M-26APR280145-45,e4397fbc-eb5b-5923-103e-15e3b6e676cc,1777354418,0.48,6.0,yes,"{""count_fp"":""6.00"",""created_time"":""2026-04-28T05:33:38.102088Z"",""no_price_dollars"":""0.5200"",""taker_side"":""yes"",""ticker"":""KXETH15M-26APR280145-45"",""trade_id"":""e4397fbc-eb5b-5923-103e-15e3b6e676cc"",""yes_price_dollars"":""0.4800""}"
KXETH15M-26APR280145-45,8cae717d-bd1a-5359-03c7-d87913575936,1777354418,0.47,2.0,yes,"{""count_fp"":""2.00"",""created_time"":""2026-04-28T05:33:38.102088Z"",""no_price_dollars"":""0.5300"",""taker_side"":""yes"",""ticker"":""KXETH15M-26APR280145-45"",""trade_id"":""8cae717d-bd1a-5359-03c7-d87913575936"",""yes_price_dollars"":""0.4700""}"
KXETH15M-26APR280145-45,8980637d-2e90-5a17-2899-a513a25d95b1,1777354418,0.47,10.0,yes,"{""count_fp"":""10.00"",""created_time"":""2026-04-28T05:33:38.102088Z"",""no_price_dollars"":""0.5300"",""taker_side"":""yes"",""ticker"":""KXETH15M-26APR280145-45"",""trade_id"":""8980637d-2e90-5a17-2899-a513a25d95b1"",""yes_price_dollars"":""0.4700""}"
KXETH15M-26APR280145-45,5596ea8b-47fc-55d0-12fc-cc5ffa28d7d9,1777354418,0.44,2.0,yes,"{""count_fp"":""2.00"",""created_time"":""2026-04-28T05:33:38.102088Z"",""no_price_dollars"":""0.5600"",""taker_side"":""yes"",""ticker"":""KXETH15M-26APR280145-45"",""trade_id"":""5596ea8b-47fc-55d0-12fc-cc5ffa28d7d9"",""yes_price_dollars"":""0.4400""}"
KXETH15M-26APR280145-45,222e5bed-95ea-5e0b-0c76-6bc27641a735,1777354418,0.47,2.0,yes,"{""count_fp"":""2.00"",""created_time"":""2026-04-28T05:33:38.102088Z"",""no_price_dollars"":""0.5300"",""taker_side"":""yes"",""ticker"":""KXETH15M-26APR280145-45"",""trade_id"":""222e5bed-95ea-5e0b-0c76-6bc27641a735"",""yes_price_dollars"":""0.4700""}"
KXETH15M-26APR280145-45,1a179a65-d45d-52aa-150c-c61f6ce08008,1777354418,0.47,2.0,yes,"{""count_fp"":""2.00"",""created_time"":""2026-04-28T05:33:38.102088Z"",""no_price_dollars"":""0.5300"",""taker_side"":""yes"",""ticker"":""KXETH15M-26APR280145-45"",""trade_id"":""1a179a65-d45d-52aa-150c-c61f6ce08008"",""yes_price_dollars"":""0.4700""}"
KXETH15M-26APR280145-45,f82eed52-3ea2-6649-77e9-7953b86e5e3f,1777354421,0.52,10.0,yes,"{""count_fp"":""10.00"",""created_time"":""2026-04-28T05:33:41.080075Z"",""no_price_dollars"":""0.4800"",""taker_side"":""yes"",""ticker"":""KXETH15M-26APR280145-45"",""trade_id"":""f82eed52-3ea2-6649-77e9-7953b86e5e3f"",""yes_price_dollars"":""0.5200""}"
KXETH15M-26APR280145-45,beb05765-fc13-69ff-6f84-e9ffba69154d,1777354421,0.52,10.0,yes,"{""count_fp"":""10.00"",""created_time"":""2026-04-28T05:33:41.080075Z"",""no_price_dollars"":""0.4800"",""taker_side"":""yes"",""ticker"":""KXETH15M-26APR280145-45"",""trade_id"":""beb05765-fc13-69ff-6f84-e9ffba69154d"",""yes_price_dollars"":""0.5200""}"
KXETH15M-26APR280145-45,9533a082-bcae-6e48-e7df-66d621efed2c,1777354423,0.53,1.0,no,"{""count_fp"":""1.00"",""created_time"":""2026-04-28T05:33:43.690054Z"",""no_price_dollars"":""0.4700"",""taker_side"":""no"",""ticker"":""KXETH15M-26APR280145-45"",""trade_id"":""9533a082-bcae-6e48-e7df-66d621efed2c"",""yes_price_dollars"":""0.5300""}"
KXETH15M-26APR280145-45,e8f5d99b-cef0-6620-eb7c-f54745d9e74c,1777354426,0.53,3.1,no,"{""count_fp"":""3.10"",""created_time"":""2026-04-28T05:33:46.071845Z"",""no_price_dollars"":""0.4700"",""taker_side"":""no"",""ticker"":""KXETH15M-26APR280145-45"",""trade_id"":""e8f5d99b-cef0-6620-eb7c-f54745d9e74c"",""yes_price_dollars"":""0.5300""}"
KXETH15M-26APR280145-45,22f2031b-a479-6104-fff2-d5676d61a5e4,1777354426,0.53,1.0,no,"{""count_fp"":""1.00"",""created_time"":""2026-04-28T05:33:46.071845Z"",""no_price_dollars"":""0.4700"",""taker_side"":""no"",""ticker"":""KXETH15M-26APR280145-45"",""trade_id"":""22f2031b-a479-6104-fff2-d5676d61a5e4"",""yes_price_dollars"":""0.5300""}"
KXETH15M-26APR280145-45,b8a6fb96-2b7f-4d34-d970-3065da079148,1777354428,0.53,10.0,yes,"{""count_fp"":""10.00"",""created_time"":""2026-04-28T05:33:48.188353Z"",""no_price_dollars"":""0.4700"",""taker_side"":""yes"",""ticker"":""KXETH15M-26APR280145-45"",""trade_id"":""b8a6fb96-2b7f-4d34-d970-3065da079148"",""yes_price_dollars"":""0.5300""}"
KXETH15M-26APR280145-45,4a4aeed7-86dd-4b85-cb16-4b565104a498,1777354428,0.53,10.0,yes,"{""count_fp"":""10.00"",""created_time"":""2026-04-28T05:33:48.188353Z"",""no_price_dollars"":""0.4700"",""taker_side"":""yes"",""ticker"":""KXETH15M-26APR280145-45"",""trade_id"":""4a4aeed7-86dd-4b85-cb16-4b565104a498"",""yes_price_dollars"":""0.5300""}"
KXETH15M-26APR280145-45,21099c37-ee7a-442e-ffac-4f6445c7c2b5,1777354428,0.53,339.33,yes,"{""count_fp"":""339.33"",""created_time"":""2026-04-28T05:33:48.188353Z"",""no_price_dollars"":""0.4700"",""taker_side"":""yes"",""ticker"":""KXETH15M-26APR280145-45"",""trade_id"":""21099c37-ee7a-442e-ffac-4f6445c7c2b5"",""yes_price_dollars"":""0.5300""}"
KXETH15M-26APR280145-45,34319ebf-3aaa-5498-bc10-a2e345509680,1777354430,0.5,1.0,no,"{""count_fp"":""1.00"",""created_time"":""2026-04-28T05:33:50.041554Z"",""no_price_dollars"":""0.5000"",""taker_side"":""no"",""ticker"":""KXETH15M-26APR280145-45"",""trade_id"":""34319ebf-3aaa-5498-bc10-a2e345509680"",""yes_price_dollars"":""0.5000""}"
KXETH15M-26APR280145-45,abbda730-03e4-414c-545f-392181d7aad0,1777354431,0.5,1.0,no,"{""count_fp"":""1.00"",""created_time"":""2026-04-28T05:33:51.773869Z"",""no_price_dollars"":""0.5000"",""taker_side"":""no"",""ticker"":""KXETH15M-26APR280145-45"",""trade_id"":""abbda730-03e4-414c-545f-392181d7aad0"",""yes_price_dollars"":""0.5000""}"
KXETH15M-26APR280145-45,43ebf6d5-10b0-6a13-3ebe-48a706be1a02,1777354431,0.52,0.17,yes,"{""count_fp"":""0.17"",""created_time"":""2026-04-28T05:33:51.506107Z"",""no_price_dollars"":""0.4800"",""taker_side"":""yes"",""ticker"":""KXETH15M-26APR280145-45"",""trade_id"":""43ebf6d5-10b0-6a13-3ebe-48a706be1a02"",""yes_price_dollars"":""0.5200""}"
KXETH15M-26APR280145-45,d60aade0-095f-4a91-5064-672402d9120d,1777354435,0.5,1.93,no,"{""count_fp"":""1.93"",""created_time"":""2026-04-28T05:33:55.106121Z"",""no_price_dollars"":""0.5000"",""taker_side"":""no"",""ticker"":""KXETH15M-26APR280145-45"",""trade_id"":""d60aade0-095f-4a91-5064-672402d9120d"",""yes_price_dollars"":""0.5000""}"
KXETH15M-26APR280145-45,619a3ad8-3cea-5810-d4e6-c4fb397aa9cc,1777354436,0.51,2.0,no,"{""count_fp"":""2.00"",""created_time"":""2026-04-28T05:33:56.851137Z"",""no_price_dollars"":""0.4900"",""taker_side"":""no"",""ticker"":""KXETH15M-26APR280145-45"",""trade_id"":""619a3ad8-3cea-5810-d4e6-c4fb397aa9cc"",""yes_price_dollars"":""0.5100""}"
KXETH15M-26APR280145-45,05b9e8fb-ef54-412c-12df-d767f94460ac,1777354440,0.49,2.0,no,"{""count_fp"":""2.00"",""created_time"":""2026-04-28T05:34:00.731242Z"",""no_price_dollars"":""0.5100"",""taker_side"":""no"",""ticker"":""KXETH15M-26APR280145-45"",""trade_id"":""05b9e8fb-ef54-412c-12df-d767f94460ac"",""yes_price_dollars"":""0.4900""}"
KXETH15M-26APR280145-45,52d5ad7e-9a64-63c0-055a-36b494130eec,1777354441,0.49,2.0,no,"{""count_fp"":""2.00"",""created_time"":""2026-04-28T05:34:01.398447Z"",""no_price_dollars"":""0.5100"",""taker_side"":""no"",""ticker"":""KXETH15M-26APR280145-45"",""trade_id"":""52d5ad7e-9a64-63c0-055a-36b494130eec"",""yes_price_dollars"":""0.4900""}"
KXETH15M-26APR280145-45,f7721741-83c3-74ef-964a-85f8b7676db0,1777354452,0.46,10.0,no,"{""count_fp"":""10.00"",""created_time"":""2026-04-28T05:34:12.777752Z"",""no_price_dollars"":""0.5400"",""taker_side"":""no"",""ticker"":""KXETH15M-26APR280145-45"",""trade_id"":""f7721741-83c3-74ef-964a-85f8b7676db0"",""yes_price_dollars"":""0.4600""}"
KXETH15M-26APR280145-45,6da62d1b-18f6-573c-57a8-46c66704a41c,1777354452,0.47,10.0,no,"{""count_fp"":""10.00"",""created_time"":""2026-04-28T05:34:12.763661Z"",""no_price_dollars"":""0.5300"",""taker_side"":""no"",""ticker"":""KXETH15M-26APR280145-45"",""trade_id"":""6da62d1b-18f6-573c-57a8-46c66704a41c"",""yes_price_dollars"":""0.4700""}"
KXETH15M-26APR280145-45,287a52c4-a275-5992-f0a4-8eecf0a2ff05,1777354453,0.4,10.0,no,"{""count_fp"":""10.00"",""created_time"":""2026-04-28T05:34:13.144318Z"",""no_price_dollars"":""0.6000"",""taker_side"":""no"",""ticker"":""KXETH15M-26APR280145-45"",""trade_id"":""287a52c4-a275-5992-f0a4-8eecf0a2ff05"",""yes_price_dollars"":""0.4000""}"
KXETH15M-26APR280145-45,88c1fdb4-c99f-4ab9-81d9-91926dcebdaa,1777354455,0.43,1.0,no,"{""count_fp"":""1.00"",""created_time"":""2026-04-28T05:34:15.049297Z"",""no_price_dollars"":""0.5700"",""taker_side"":""no"",""ticker"":""KXETH15M-26APR280145-45"",""trade_id"":""88c1fdb4-c99f-4ab9-81d9-91926dcebdaa"",""yes_price_dollars"":""0.4300""}"
KXETH15M-26APR280145-45,330c5d40-6488-6c3c-a033-54e6a0a4f2f1,1777354462,0.49,1.0,yes,"{""count_fp"":""1.00"",""created_time"":""2026-04-28T05:34:22.379997Z"",""no_price_dollars"":""0.5100"",""taker_side"":""yes"",""ticker"":""KXETH15M-26APR280145-45"",""trade_id"":""330c5d40-6488-6c3c-a033-54e6a0a4f2f1"",""yes_price_dollars"":""0.4900""}"
KXETH15M-26APR280145-45,3316e06b-ad03-613e-4762-acaa70e33458,1777354465,0.44,2.0,no,"{""count_fp"":""2.00"",""created_time"":""2026-04-28T05:34:25.851985Z"",""no_price_dollars"":""0.5600"",""taker_side"":""no"",""ticker"":""KXETH15M-26APR280145-45"",""trade_id"":""3316e06b-ad03-613e-4762-acaa70e33458"",""yes_price_dollars"":""0.4400""}"
KXETH15M-26APR280145-45,356a3f80-5025-441e-d333-677331914268,1777354465,0.48,1.0,yes,"{""count_fp"":""1.00"",""created_time"":""2026-04-28T05:34:25.687626Z"",""no_price_dollars"":""0.5200"",""taker_side"":""yes"",""ticker"":""KXETH15M-26APR280145-45"",""trade_id"":""356a3f80-5025-441e-d333-677331914268"",""yes_price_dollars"":""0.4800""}"
KXETH15M-26APR280145-45,9998acb7-002a-5640-99dc-7618fb395b8e,1777354468,0.41,10.0,no,"{""count_fp"":""10.00"",""created_time"":""2026-04-28T05:34:28.296291Z"",""no_price_dollars"":""0.5900"",""taker_side"":""no"",""ticker"":""KXETH15M-26APR280145-45"",""trade_id"":""9998acb7-002a-5640-99dc-7618fb395b8e"",""yes_price_dollars"":""0.4100""}"
KXETH15M-26APR280145-45,96ba08a0-531f-4964-8c50-51e417df7853,1777354471,0.38,1.0,yes,"{""count_fp"":""1.00"",""created_time"":""2026-04-28T05:34:31.727226Z"",""no_price_dollars"":""0.6200"",""taker_side"":""yes"",""ticker"":""KXETH15M-26APR280145-45"",""trade_id"":""96ba08a0-531f-4964-8c50-51e417df7853"",""yes_price_dollars"":""0.3800""}"
KXETH15M-26APR280145-45,47424226-78bd-6731-b50d-17b2483b4aca,1777354475,0.41,2.34,yes,"{""count_fp"":""2.34"",""created_time"":""2026-04-28T05:34:35.191547Z"",""no_price_dollars"":""0.5900"",""taker_side"":""yes"",""ticker"":""KXETH15M-26APR280145-45"",""trade_id"":""47424226-78bd-6731-b50d-17b2483b4aca"",""yes_price_dollars"":""0.4100""}"
KXETH15M-26APR280145-45,d26bee6b-438f-5e02-b9f8-ec7eccd1dbe6,1777354476,0.38,0.04,no,"{""count_fp"":""0.04"",""created_time"":""2026-04-28T05:34:36.682772Z"",""no_price_dollars"":""0.6200"",""taker_side"":""no"",""ticker"":""KXETH15M-26APR280145-45"",""trade_id"":""d26bee6b-438f-5e02-b9f8-ec7eccd1dbe6"",""yes_price_dollars"":""0.3800""}"
KXETH15M-26APR280145-45,62163b59-5520-52cf-b23f-e37ce02933f0,1777354476,0.39,1.96,no,"{""count_fp"":""1.96"",""created_time"":""2026-04-28T05:34:36.682772Z"",""no_price_dollars"":""0.6100"",""taker_side"":""no"",""ticker"":""KXETH15M-26APR280145-45"",""trade_id"":""62163b59-5520-52cf-b23f-e37ce02933f0"",""yes_price_dollars"":""0.3900""}"
KXETH15M-26APR280145-45,bf426b73-92b4-5eff-2f10-fb8420b8cee8,1777354476,0.39,3.04,no,"{""count_fp"":""3.04"",""created_time"":""2026-04-28T05:34:36.625627Z"",""no_price_dollars"":""0.6100"",""taker_side"":""no"",""ticker"":""KXETH15M-26APR280145-45"",""trade_id"":""bf426b73-92b4-5eff-2f10-fb8420b8cee8"",""yes_price_dollars"":""0.3900""}"
KXETH15M-26APR280145-45,5c010c12-6924-64f0-a3c4-a1fd71d2bf4d,1777354477,0.41,1.0,yes,"{""count_fp"":""1.00"",""created_time"":""2026-04-28T05:34:37.904014Z"",""no_price_dollars"":""0.5900"",""taker_side"":""yes"",""ticker"":""KXETH15M-26APR280145-45"",""trade_id"":""5c010c12-6924-64f0-a3c4-a1fd71d2bf4d"",""yes_price_dollars"":""0.4100""}"
KXETH15M-26APR280145-45,81c48e07-a341-5570-ef76-f2be3c29f23e,1777354486,0.36,1.0,no,"{""count_fp"":""1.00"",""created_time"":""2026-04-28T05:34:46.211306Z"",""no_price_dollars"":""0.6400"",""taker_side"":""no"",""ticker"":""KXETH15M-26APR280145-45"",""trade_id"":""81c48e07-a341-5570-ef76-f2be3c29f23e"",""yes_price_dollars"":""0.3600""}"
KXETH15M-26APR280145-45,663d5836-7374-653b-2fe0-3ac0c2bf574c,1777354486,0.39,1.22,yes,"{""count_fp"":""1.22"",""created_time"":""2026-04-28T05:34:46.187838Z"",""no_price_dollars"":""0.6100"",""taker_side"":""yes"",""ticker"":""KXETH15M-26APR280145-45"",""trade_id"":""663d5836-7374-653b-2fe0-3ac0c2bf574c"",""yes_price_dollars"":""0.3900""}"
KXETH15M-26APR280145-45,01976d12-9c37-5058-ed16-c29d9ffdd1e4,1777354491,0.36,6.0,no,"{""count_fp"":""6.00"",""created_time"":""2026-04-28T05:34:51.445338Z"",""no_price_dollars"":""0.6400"",""taker_side"":""no"",""ticker"":""KXETH15M-26APR280145-45"",""trade_id"":""01976d12-9c37-5058-ed16-c29d9ffdd1e4"",""yes_price_dollars"":""0.3600""}"
KXETH15M-26APR280145-45,4b06d7eb-2e18-66d1-e0ff-78ac2e6f0aa9,1777354499,0.39,12.17,yes,"{""count_fp"":""12.17"",""created_time"":""2026-04-28T05:34:59.178641Z"",""no_price_dollars"":""0.6100"",""taker_side"":""yes"",""ticker"":""KXETH15M-26APR280145-45"",""trade_id"":""4b06d7eb-2e18-66d1-e0ff-78ac2e6f0aa9"",""yes_price_dollars"":""0.3900""}"
KXETH15M-26APR280145-45,0314a697-bc03-4244-5f65-1e8c1e993843,1777354500,0.36,50.0,yes,"{""count_fp"":""50.00"",""created_time"":""2026-04-28T05:35:00.709622Z"",""no_price_dollars"":""0.6400"",""taker_side"":""yes"",""ticker"":""KXETH15M-26APR280145-45"",""trade_id"":""0314a697-bc03-4244-5f65-1e8c1e993843"",""yes_price_dollars"":""0.3600""}"
KXETH15M-26APR280145-45,5d38cb29-af66-6a55-1feb-bfc6b014f64b,1777354500,0.35,2.0,no,"{""count_fp"":""2.00"",""created_time"":""2026-04-28T05:35:00.648525Z"",""no_price_dollars"":""0.6500"",""taker_side"":""no"",""ticker"":""KXETH15M-26APR280145-45"",""trade_id"":""5d38cb29-af66-6a55-1feb-bfc6b014f64b"",""yes_price_dollars"":""0.3500""}"
KXETH15M-26APR280145-45,86a901f7-76a8-5745-816f-379bba69083b,1777354503,0.36,1.0,no,"{""count_fp"":""1.00"",""created_time"":""2026-04-28T05:35:03.117636Z"",""no_price_dollars"":""0.6400"",""taker_side"":""no"",""ticker"":""KXETH15M-26APR280145-45"",""trade_id"":""86a901f7-76a8-5745-816f-379bba69083b"",""yes_price_dollars"":""0.3600""}"
KXETH15M-26APR280145-45,08566623-107b-5aaa-cc17-0b5bf6f700f0,1777354507,0.38,0.47,yes,"{""count_fp"":""0.47"",""created_time"":""2026-04-28T05:35:07.176764Z"",""no_price_dollars"":""0.6200"",""taker_side"":""yes"",""ticker"":""KXETH15M-26APR280145-45"",""trade_id"":""08566623-107b-5aaa-cc17-0b5bf6f700f0"",""yes_price_dollars"":""0.3800""}"
KXETH15M-26APR280145-45,75653006-e6db-5f70-4928-4460f0004c18,1777354515,0.35,1.0,no,"{""count_fp"":""1.00"",""created_time"":""2026-04-28T05:35:15.749679Z"",""no_price_dollars"":""0.6500"",""taker_side"":""no"",""ticker"":""KXETH15M-26APR280145-45"",""trade_id"":""75653006-e6db-5f70-4928-4460f0004c18"",""yes_price_dollars"":""0.3500""}"
KXETH15M-26APR280145-45,2636535d-3e60-59de-5167-750768c7d4de,1777354515,0.34,0.48,no,"{""count_fp"":""0.48"",""created_time"":""2026-04-28T05:35:15.749679Z"",""no_price_dollars"":""0.6600"",""taker_side"":""no"",""ticker"":""KXETH15M-26APR280145-45"",""trade_id"":""2636535d-3e60-59de-5167-750768c7d4de"",""yes_price_dollars"":""0.3400""}"
KXETH15M-26APR280145-45,b5e188d0-bce1-71ee-4c33-448848698029,1777354517,0.35,1.0,yes,"{""count_fp"":""1.00"",""created_time"":""2026-04-28T05:35:17.346156Z"",""no_price_dollars"":""0.6500"",""taker_side"":""yes"",""ticker"":""KXETH15M-26APR280145-45"",""trade_id"":""b5e188d0-bce1-71ee-4c33-448848698029"",""yes_price_dollars"":""0.3500""}"
KXETH15M-26APR280145-45,ba5f8a60-3adf-5df1-e118-fb6e6b688aec,1777354518,0.36,1.0,yes,"{""count_fp"":""1.00"",""created_time"":""2026-04-28T05:35:18.455473Z"",""no_price_dollars"":""0.6400"",""taker_side"":""yes"",""ticker"":""KXETH15M-26APR280145-45"",""trade_id"":""ba5f8a60-3adf-5df1-e118-fb6e6b688aec"",""yes_price_dollars"":""0.3600""}"
KXETH15M-26APR280145-45,23120cce-87de-51eb-f34e-83d5886c2b41,1777354518,0.36,0.33,yes,"{""count_fp"":""0.33"",""created_time"":""2026-04-28T05:35:18.455473Z"",""no_price_dollars"":""0.6400"",""taker_side"":""yes"",""ticker"":""KXETH15M-26APR280145-45"",""trade_id"":""23120cce-87de-51eb-f34e-83d5886c2b41"",""yes_price_dollars"":""0.3600""}"
KXETH15M-26APR280145-45,572dd410-eb6d-63b4-3cae-7594ae6d955e,1777354519,0.35,5.0,no,"{""count_fp"":""5.00"",""created_time"":""2026-04-28T05:35:19.511739Z"",""no_price_dollars"":""0.6500"",""taker_side"":""no"",""ticker"":""KXETH15M-26APR280145-45"",""trade_id"":""572dd410-eb6d-63b4-3cae-7594ae6d955e"",""yes_price_dollars"":""0.3500""}"
KXETH15M-26APR280145-45,f0263db6-cff9-6b78-a8b7-c81935109966,1777354519,0.35,1.0,no,"{""count_fp"":""1.00"",""created_time"":""2026-04-28T05:35:19.151756Z"",""no_price_dollars"":""0.6500"",""taker_side"":""no"",""ticker"":""KXETH15M-26APR280145-45"",""trade_id"":""f0263db6-cff9-6b78-a8b7-c81935109966"",""yes_price_dollars"":""0.3500""}"
KXETH15M-26APR280145-45,d541d3ac-c355-50e7-58d2-aa16f91faddd,1777354520,0.3,2.0,no,"{""count_fp"":""2.00"",""created_time"":""2026-04-28T05:35:20.004287Z"",""no_price_dollars"":""0.7000"",""taker_side"":""no"",""ticker"":""KXETH15M-26APR280145-45"",""trade_id"":""d541d3ac-c355-50e7-58d2-aa16f91faddd"",""yes_price_dollars"":""0.3000""}"
KXETH15M-26APR280145-45,9914e024-7084-5fc0-46b0-a586742cdccd,1777354520,0.3,3.0,no,"{""count_fp"":""3.00"",""created_time"":""2026-04-28T05:35:20.004287Z"",""no_price_dollars"":""0.7000"",""taker_side"":""no"",""ticker"":""KXETH15M-26APR280145-45"",""trade_id"":""9914e024-7084-5fc0-46b0-a586742cdccd"",""yes_price_dollars"":""0.3000""}"
KXETH15M-26APR280145-45,fa7da5df-666b-58e4-ed0d-609398a282cb,1777354526,0.32,5.0,no,"{""count_fp"":""5.00"",""created_time"":""2026-04-28T05:35:26.866551Z"",""no_price_dollars"":""0.6800"",""taker_side"":""no"",""ticker"":""KXETH15M-26APR280145-45"",""trade_id"":""fa7da5df-666b-58e4-ed0d-609398a282cb"",""yes_price_dollars"":""0.3200""}"
KXETH15M-26APR280145-45,7b0fef21-459b-5509-3ba5-e2f6f65a5a29,1777354527,0.32,2.0,yes,"{""count_fp"":""2.00"",""created_time"":""2026-04-28T05:35:27.781124Z"",""no_price_dollars"":""0.6800"",""taker_side"":""yes"",""ticker"":""KXETH15M-26APR280145-45"",""trade_id"":""7b0fef21-459b-5509-3ba5-e2f6f65a5a29"",""yes_price_dollars"":""0.3200""}"
KXETH15M-26APR280145-45,6c9d3e10-a255-52fd-03c8-580421091f2e,1777354527,0.31,1.0,yes,"{""count_fp"":""1.00"",""created_time"":""2026-04-28T05:35:27.781124Z"",""no_price_dollars"":""0.6900"",""taker_side"":""yes"",""ticker"":""KXETH15M-26APR280145-45"",""trade_id"":""6c9d3e10-a255-52fd-03c8-580421091f2e"",""yes_price_dollars"":""0.3100""}"
KXETH15M-26APR280145-45,c64cf8da-2ccb-4128-a9f8-fc7d88bc070b,1777354529,0.29,0.17,no,"{""count_fp"":""0.17"",""created_time"":""2026-04-28T05:35:29.340768Z"",""no_price_dollars"":""0.7100"",""taker_side"":""no"",""ticker"":""KXETH15M-26APR280145-45"",""trade_id"":""c64cf8da-2ccb-4128-a9f8-fc7d88bc070b"",""yes_price_dollars"":""0.2900""}"
KXETH15M-26APR280145-45,1268293d-4b1e-4db4-8368-ecb34ffee57d,1777354529,0.28,0.83,no,"{""count_fp"":""0.83"",""created_time"":""2026-04-28T05:35:29.340768Z"",""no_price_dollars"":""0.7200"",""taker_side"":""no"",""ticker"":""KXETH15M-26APR280145-45"",""trade_id"":""1268293d-4b1e-4db4-8368-ecb34ffee57d"",""yes_price_dollars"":""0.2800""}"
KXETH15M-26APR280145-45,205baaf0-cac9-41d4-9336-0431a217f233,1777354531,0.3,1.0,yes,"{""count_fp"":""1.00"",""created_time"":""2026-04-28T05:35:31.519356Z"",""no_price_dollars"":""0.7000"",""taker_side"":""yes"",""ticker"":""KXETH15M-26APR280145-45"",""trade_id"":""205baaf0-cac9-41d4-9336-0431a217f233"",""yes_price_dollars"":""0.3000""}"
KXETH15M-26APR280145-45,dcd34a83-0fd6-6b4c-a16e-012f31b44589,1777354534,0.28,0.17,no,"{""count_fp"":""0.17"",""created_time"":""2026-04-28T05:35:34.156934Z"",""no_price_dollars"":""0.7200"",""taker_side"":""no"",""ticker"":""KXETH15M-26APR280145-45"",""trade_id"":""dcd34a83-0fd6-6b4c-a16e-012f31b44589"",""yes_price_dollars"":""0.2800""}"
KXETH15M-26APR280145-45,7801dfd5-9bce-6854-f4b5-3866859315cd,1777354534,0.28,59.0,no,"{""count_fp"":""59.00"",""created_time"":""2026-04-28T05:35:34.151609Z"",""no_price_dollars"":""0.7200"",""taker_side"":""no"",""ticker"":""KXETH15M-26APR280145-45"",""trade_id"":""7801dfd5-9bce-6854-f4b5-3866859315cd"",""yes_price_dollars"":""0.2800""}"
KXETH15M-26APR280145-45,70f05e01-194f-40f0-a994-724d3cc668fb,1777354535,0.23,9.56,no,"{""count_fp"":""9.56"",""created_time"":""2026-04-28T05:35:35.607024Z"",""no_price_dollars"":""0.7700"",""taker_side"":""no"",""ticker"":""KXETH15M-26APR280145-45"",""trade_id"":""70f05e01-194f-40f0-a994-724d3cc668fb"",""yes_price_dollars"":""0.2300""}"
KXETH15M-26APR280145-45,5ae60213-1c16-4888-9ece-f2f9a85a6f53,1777354535,0.23,10.0,no,"{""count_fp"":""10.00"",""created_time"":""2026-04-28T05:35:35.607024Z"",""no_price_dollars"":""0.7700"",""taker_side"":""no"",""ticker"":""KXETH15M-26APR280145-45"",""trade_id"":""5ae60213-1c16-4888-9ece-f2f9a85a6f53"",""yes_price_dollars"":""0.2300""}"
KXETH15M-26APR280145-45,d19876fe-f47a-6aac-39e8-d315422a7dea,1777354538,0.19,1.0,no,"{""count_fp"":""1.00"",""created_time"":""2026-04-28T05:35:38.095743Z"",""no_price_dollars"":""0.8100"",""taker_side"":""no"",""ticker"":""KXETH15M-26APR280145-45"",""trade_id"":""d19876fe-f47a-6aac-39e8-d315422a7dea"",""yes_price_dollars"":""0.1900""}"
KXETH15M-26APR280145-45,a6d5707d-b76b-45c6-dc4a-6f1eafae7eb3,1777354539,0.13,1.0,no,"{""count_fp"":""1.00"",""created_time"":""2026-04-28T05:35:39.762485Z"",""no_price_dollars"":""0.8700"",""taker_side"":""no"",""ticker"":""KXETH15M-26APR280145-45"",""trade_id"":""a6d5707d-b76b-45c6-dc4a-6f1eafae7eb3"",""yes_price_dollars"":""0.1300""}"
KXETH15M-26APR280145-45,85906210-dce0-7592-f182-cab6b196611f,1777354539,0.16,10.0,no,"{""count_fp"":""10.00"",""created_time"":""2026-04-28T05:35:39.148155Z"",""no_price_dollars"":""0.8400"",""taker_side"":""no"",""ticker"":""KXETH15M-26APR280145-45"",""trade_id"":""85906210-dce0-7592-f182-cab6b196611f"",""yes_price_dollars"":""0.1600""}"
KXETH15M-26APR280145-45,70d0f8ef-a766-74d6-f908-fb3605ab21c6,1777354539,0.16,10.0,no,"{""count_fp"":""10.00"",""created_time"":""2026-04-28T05:35:39.148155Z"",""no_price_dollars"":""0.8400"",""taker_side"":""no"",""ticker"":""KXETH15M-26APR280145-45"",""trade_id"":""70d0f8ef-a766-74d6-f908-fb3605ab21c6"",""yes_price_dollars"":""0.1600""}"
KXETH15M-26APR280145-45,5a156869-3fd2-7dc3-e2bf-cf6fbc33caab,1777354539,0.16,1.0,no,"{""count_fp"":""1.00"",""created_time"":""2026-04-28T05:35:39.148155Z"",""no_price_dollars"":""0.8400"",""taker_side"":""no"",""ticker"":""KXETH15M-26APR280145-45"",""trade_id"":""5a156869-3fd2-7dc3-e2bf-cf6fbc33caab"",""yes_price_dollars"":""0.1600""}"
KXETH15M-26APR280145-45,0db0d260-decf-78e6-c22b-412c99602434,1777354539,0.16,1.0,no,"{""count_fp"":""1.00"",""created_time"":""2026-04-28T05:35:39.148155Z"",""no_price_dollars"":""0.8400"",""taker_side"":""no"",""ticker"":""KXETH15M-26APR280145-45"",""trade_id"":""0db0d260-decf-78e6-c22b-412c99602434"",""yes_price_dollars"":""0.1600""}"
KXETH15M-26APR280145-45,7f7ee3e7-f446-4a63-2cc3-7f960058b02e,1777354539,0.17,6.0,no,"{""count_fp"":""6.00"",""created_time"":""2026-04-28T05:35:39.083921Z"",""no_price_dollars"":""0.8300"",""taker_side"":""no"",""ticker"":""KXETH15M-26APR280145-45"",""trade_id"":""7f7ee3e7-f446-4a63-2cc3-7f960058b02e"",""yes_price_dollars"":""0.1700""}"
KXETH15M-26APR280145-45,1cc78740-e9e2-4f5a-311d-74433828a818,1777354539,0.17,34.0,no,"{""count_fp"":""34.00"",""created_time"":""2026-04-28T05:35:39.083921Z"",""no_price_dollars"":""0.8300"",""taker_side"":""no"",""ticker"":""KXETH15M-26APR280145-45"",""trade_id"":""1cc78740-e9e2-4f5a-311d-74433828a818"",""yes_price_dollars"":""0.1700""}"
KXETH15M-26APR280145-45,b68e7077-ae3f-57af-b554-aea7ffc07de5,1777354540,0.14,1.0,yes,"{""count_fp"":""1.00"",""created_time"":""2026-04-28T05:35:40.061188Z"",""no_price_dollars"":""0.8600"",""taker_side"":""yes"",""ticker"":""KXETH15M-26APR280145-45"",""trade_id"":""b68e7077-ae3f-57af-b554-aea7ffc07de5"",""yes_price_dollars"":""0.1400""}"
KXETH15M-26APR280145-45,8c432cfd-3b55-51c8-9ea4-675ffd4befa8,1777354546,0.15,0.25,yes,"{""count_fp"":""0.25"",""created_time"":""2026-04-28T05:35:46.493982Z"",""no_price_dollars"":""0.8500"",""taker_side"":""yes"",""ticker"":""KXETH15M-26APR280145-45"",""trade_id"":""8c432cfd-3b55-51c8-9ea4-675ffd4befa8"",""yes_price_dollars"":""0.1500""}"
KXETH15M-26APR280145-45,6b0d65db-2217-5046-a499-6a7b859ab046,1777354546,0.14,1.0,yes,"{""count_fp"":""1.00"",""created_time"":""2026-04-28T05:35:46.493982Z"",""no_price_dollars"":""0.8600"",""taker_side"":""yes"",""ticker"":""KXETH15M-26APR280145-45"",""trade_id"":""6b0d65db-2217-5046-a499-6a7b859ab046"",""yes_price_dollars"":""0.1400""}"
KXETH15M-26APR280145-45,f1a4f18f-4471-4c02-5180-dc3a5ec656fc,1777354547,0.15,10.0,yes,"{""count_fp"":""10.00"",""created_time"":""2026-04-28T05:35:47.057251Z"",""no_price_dollars"":""0.8500"",""taker_side"":""yes"",""ticker"":""KXETH15M-26APR280145-45"",""trade_id"":""f1a4f18f-4471-4c02-5180-dc3a5ec656fc"",""yes_price_dollars"":""0.1500""}"
KXETH15M-26APR280145-45,a75a4de3-0da4-4ae2-5841-03e02d53023c,1777354547,0.14,1.0,yes,"{""count_fp"":""1.00"",""created_time"":""2026-04-28T05:35:47.057251Z"",""no_price_dollars"":""0.8600"",""taker_side"":""yes"",""ticker"":""KXETH15M-26APR280145-45"",""trade_id"":""a75a4de3-0da4-4ae2-5841-03e02d53023c"",""yes_price_dollars"":""0.1400""}"
KXETH15M-26APR280145-45,6488be33-4af7-4020-7f80-18ec79354a27,1777354547,0.16,492.88,yes,"{""count_fp"":""492.88"",""created_time"":""2026-04-28T05:35:47.057251Z"",""no_price_dollars"":""0.8400"",""taker_side"":""yes"",""ticker"":""KXETH15M-26APR280145-45"",""trade_id"":""6488be33-4af7-4020-7f80-18ec79354a27"",""yes_price_dollars"":""0.1600""}"
KXETH15M-26APR280145-45,07abe94f-7b9e-692d-2bda-bf008bb142e2,1777354551,0.13,1.0,no,"{""count_fp"":""1.00"",""created_time"":""2026-04-28T05:35:51.151487Z"",""no_price_dollars"":""0.8700"",""taker_side"":""no"",""ticker"":""KXETH15M-26APR280145-45"",""trade_id"":""07abe94f-7b9e-692d-2bda-bf008bb142e2"",""yes_price_dollars"":""0.1300""}"
KXETH15M-26APR280145-45,0bb3c9b7-6f8e-5ac1-26c4-0fe32d1da21e,1777354553,0.13,1.0,no,"{""count_fp"":""1.00"",""created_time"":""2026-04-28T05:35:53.150228Z"",""no_price_dollars"":""0.8700"",""taker_side"":""no"",""ticker"":""KXETH15M-26APR280145-45"",""trade_id"":""0bb3c9b7-6f8e-5ac1-26c4-0fe32d1da21e"",""yes_price_dollars"":""0.1300""}"
KXETH15M-26APR280145-45,25ce2b0f-3812-4f99-0b4f-51cc9fe94f7a,1777354553,0.13,14.0,no,"{""count_fp"":""14.00"",""created_time"":""2026-04-28T05:35:53.127173Z"",""no_price_dollars"":""0.8700"",""taker_side"":""no"",""ticker"":""KXETH15M-26APR280145-45"",""trade_id"":""25ce2b0f-3812-4f99-0b4f-51cc9fe94f7a"",""yes_price_dollars"":""0.1300""}"
KXETH15M-26APR280145-45,bec3ee6d-ec42-5825-575f-61d017d288f6,1777354555,0.13,8.0,no,"{""count_fp"":""8.00"",""created_time"":""2026-04-28T05:35:55.227731Z"",""no_price_dollars"":""0.8700"",""taker_side"":""no"",""ticker"":""KXETH15M-26APR280145-45"",""trade_id"":""bec3ee6d-ec42-5825-575f-61d017d288f6"",""yes_price_dollars"":""0.1300""}"
KXETH15M-26APR280145-45,7968738e-919a-75dd-7366-e34aaaea7d12,1777354557,0.13,22.0,no,"{""count_fp"":""22.00"",""created_time"":""2026-04-28T05:35:57.880835Z"",""no_price_dollars"":""0.8700"",""taker_side"":""no"",""ticker"":""KXETH15M-26APR280145-45"",""trade_id"":""7968738e-919a-75dd-7366-e34aaaea7d12"",""yes_price_dollars"":""0.1300""}"
KXETH15M-26APR280145-45,6d3e0872-b8f4-773a-87bf-b6436657d683,1777354558,0.14,0.67,yes,"{""count_fp"":""0.67"",""created_time"":""2026-04-28T05:35:58.835263Z"",""no_price_dollars"":""0.8600"",""taker_side"":""yes"",""ticker"":""KXETH15M-26APR280145-45"",""trade_id"":""6d3e0872-b8f4-773a-87bf-b6436657d683"",""yes_price_dollars"":""0.1400""}"
KXETH15M-26APR280145-45,b700af67-896a-78e5-4eb7-577f98104b1a,1777354558,0.13,15.0,no,"{""count_fp"":""15.00"",""created_time"":""2026-04-28T05:35:58.591988Z"",""no_price_dollars"":""0.8700"",""taker_side"":""no"",""ticker"":""KXETH15M-26APR280145-45"",""trade_id"":""b700af67-896a-78e5-4eb7-577f98104b1a"",""yes_price_dollars"":""0.1300""}"
KXETH15M-26APR280145-45,da60019f-322e-5529-4601-861d752a1fe2,1777354558,0.13,20.0,no,"{""count_fp"":""20.00"",""created_time"":""2026-04-28T05:35:58.512404Z"",""no_price_dollars"":""0.8700"",""taker_side"":""no"",""ticker"":""KXETH15M-26APR280145-45"",""trade_id"":""da60019f-322e-5529-4601-861d752a1fe2"",""yes_price_dollars"":""0.1300""}"
KXETH15M-26APR280145-45,7b7dd6ef-74b0-559d-a49f-03af3264b685,1777354559,0.14,39.15,yes,"{""count_fp"":""39.15"",""created_time"":""2026-04-28T05:35:59.805181Z"",""no_price_dollars"":""0.8600"",""taker_side"":""yes"",""ticker"":""KXETH15M-26APR280145-45"",""trade_id"":""7b7dd6ef-74b0-559d-a49f-03af3264b685"",""yes_price_dollars"":""0.1400""}"
KXETH15M-26APR280145-45,7178ee32-c838-5775-983a-a9898ef75b50,1777354559,0.14,2.04,yes,"{""count_fp"":""2.04"",""created_time"":""2026-04-28T05:35:59.805181Z"",""no_price_dollars"":""0.8600"",""taker_side"":""yes"",""ticker"":""KXETH15M-26APR280145-45"",""trade_id"":""7178ee32-c838-5775-983a-a9898ef75b50"",""yes_price_dollars"":""0.1400""}"
KXETH15M-26APR280145-45,c662a756-6677-6842-41de-fdbfa0750fec,1777354559,0.14,6.73,yes,"{""count_fp"":""6.73"",""created_time"":""2026-04-28T05:35:59.171556Z"",""no_price_dollars"":""0.8600"",""taker_side"":""yes"",""ticker"":""KXETH15M-26APR280145-45"",""trade_id"":""c662a756-6677-6842-41de-fdbfa0750fec"",""yes_price_dollars"":""0.1400""}"
KXETH15M-26APR280145-45,b0d8678f-b1a6-65b9-379e-299db98ec392,1777354560,0.13,8.0,no,"{""count_fp"":""8.00"",""created_time"":""2026-04-28T05:36:00.391337Z"",""no_price_dollars"":""0.8700"",""taker_side"":""no"",""ticker"":""KXETH15M-26APR280145-45"",""trade_id"":""b0d8678f-b1a6-65b9-379e-299db98ec392"",""yes_price_dollars"":""0.1300""}"
KXETH15M-26APR280145-45,9ae49f0c-7111-76d8-8be1-d24ff2cd27fb,1777354561,0.14,0.62,yes,"{""count_fp"":""0.62"",""created_time"":""2026-04-28T05:36:01.542795Z"",""no_price_dollars"":""0.8600"",""taker_side"":""yes"",""ticker"":""KXETH15M-26APR280145-45"",""trade_id"":""9ae49f0c-7111-76d8-8be1-d24ff2cd27fb"",""yes_price_dollars"":""0.1400""}"
KXETH15M-26APR280145-45,903417ab-da1c-7c3e-91e1-850cb5d47e51,1777354561,0.14,1.0,yes,"{""count_fp"":""1.00"",""created_time"":""2026-04-28T05:36:01.542795Z"",""no_price_dollars"":""0.8600"",""taker_side"":""yes"",""ticker"":""KXETH15M-26APR280145-45"",""trade_id"":""903417ab-da1c-7c3e-91e1-850cb5d47e51"",""yes_price_dollars"":""0.1400""}"
KXETH15M-26APR280145-45,6858483a-c29a-429d-069e-f92d141cc956,1777354563,0.13,36.0,no,"{""count_fp"":""36.00"",""created_time"":""2026-04-28T05:36:03.977648Z"",""no_price_dollars"":""0.8700"",""taker_side"":""no"",""ticker"":""KXETH15M-26APR280145-45"",""trade_id"":""6858483a-c29a-429d-069e-f92d141cc956"",""yes_price_dollars"":""0.1300""}"
KXETH15M-26APR280145-45,abdad115-bd22-5a71-54e1-4c50d20932da,1777354566,0.13,1.13,no,"{""count_fp"":""1.13"",""created_time"":""2026-04-28T05:36:06.130665Z"",""no_price_dollars"":""0.8700"",""taker_side"":""no"",""ticker"":""KXETH15M-26APR280145-45"",""trade_id"":""abdad115-bd22-5a71-54e1-4c50d20932da"",""yes_price_dollars"":""0.1300""}"
KXETH15M-26APR280145-45,7584e3d6-0466-7cd1-858b-8211425638be,1777354569,0.13,46.0,no,"{""count_fp"":""46.00"",""created_time"":""2026-04-28T05:36:09.554877Z"",""no_price_dollars"":""0.8700"",""taker_side"":""no"",""ticker"":""KXETH15M-26APR280145-45"",""trade_id"":""7584e3d6-0466-7cd1-858b-8211425638be"",""yes_price_dollars"":""0.1300""}"
KXETH15M-26APR280145-45,0c039e20-0256-5b49-e6df-63194b48624a,1777354569,0.13,40.0,no,"{""count_fp"":""40.00"",""created_time"":""2026-04-28T05:36:09.092089Z"",""no_price_dollars"":""0.8700"",""taker_side"":""no"",""ticker"":""KXETH15M-26APR280145-45"",""trade_id"":""0c039e20-0256-5b49-e6df-63194b48624a"",""yes_price_dollars"":""0.1300""}"
KXETH15M-26APR280145-45,e83b6d95-b3a2-5195-e41c-bc84dd96e39e,1777354570,0.13,24.0,no,"{""count_fp"":""24.00"",""created_time"":""2026-04-28T05:36:10.275552Z"",""no_price_dollars"":""0.8700"",""taker_side"":""no"",""ticker"":""KXETH15M-26APR280145-45"",""trade_id"":""e83b6d95-b3a2-5195-e41c-bc84dd96e39e"",""yes_price_dollars"":""0.1300""}"
KXETH15M-26APR280145-45,3bd7b005-144a-58ad-c782-3176e5fe1022,1777354570,0.13,90.0,no,"{""count_fp"":""90.00"",""created_time"":""2026-04-28T05:36:10.117441Z"",""no_price_dollars"":""0.8700"",""taker_side"":""no"",""ticker"":""KXETH15M-26APR280145-45"",""trade_id"":""3bd7b005-144a-58ad-c782-3176e5fe1022"",""yes_price_dollars"":""0.1300""}"
KXETH15M-26APR280145-45,8c110284-cd09-74dd-1894-86a6132c0715,1777354571,0.13,200.0,yes,"{""count_fp"":""200.00"",""created_time"":""2026-04-28T05:36:11.923269Z"",""no_price_dollars"":""0.8700"",""taker_side"":""yes"",""ticker"":""KXETH15M-26APR280145-45"",""trade_id"":""8c110284-cd09-74dd-1894-86a6132c0715"",""yes_price_dollars"":""0.1300""}"
KXETH15M-26APR280145-45,162eb876-3b04-7809-a23f-2c3a2412c5dc,1777354571,0.12,0.38,yes,"{""count_fp"":""0.38"",""created_time"":""2026-04-28T05:36:11.904824Z"",""no_price_dollars"":""0.8800"",""taker_side"":""yes"",""ticker"":""KXETH15M-26APR280145-45"",""trade_id"":""162eb876-3b04-7809-a23f-2c3a2412c5dc"",""yes_price_dollars"":""0.1200""}"
KXETH15M-26APR280145-45,61ab83f1-6ce3-630a-5cc5-99cb13d8ad56,1777354571,0.12,1.0,yes,"{""count_fp"":""1.00"",""created_time"":""2026-04-28T05:36:11.903842Z"",""no_price_dollars"":""0.8800"",""taker_side"":""yes"",""ticker"":""KXETH15M-26APR280145-45"",""trade_id"":""61ab83f1-6ce3-630a-5cc5-99cb13d8ad56"",""yes_price_dollars"":""0.1200""}"
KXETH15M-26APR280145-45,5b0f1445-5910-6f79-6f47-bb43bdce981c,1777354571,0.12,9.62,yes,"{""count_fp"":""9.62"",""created_time"":""2026-04-28T05:36:11.903842Z"",""no_price_dollars"":""0.8800"",""taker_side"":""yes"",""ticker"":""KXETH15M-26APR280145-45"",""trade_id"":""5b0f1445-5910-6f79-6f47-bb43bdce981c"",""yes_price_dollars"":""0.1200""}"
KXETH15M-26APR280145-45,10fca8d5-2f29-6f9c-5d1d-8208e21d7b3f,1777354571,0.12,59.38,yes,"{""count_fp"":""59.38"",""created_time"":""2026-04-28T05:36:11.903842Z"",""no_price_dollars"":""0.8800"",""taker_side"":""yes"",""ticker"":""KXETH15M-26APR280145-45"",""trade_id"":""10fca8d5-2f29-6f9c-5d1d-8208e21d7b3f"",""yes_price_dollars"":""0.1200""}"
KXETH15M-26APR280145-45,eb2c38b0-0fc5-40c2-d84e-0094c11acd23,1777354571,0.12,10.08,no,"{""count_fp"":""10.08"",""created_time"":""2026-04-28T05:36:11.120301Z"",""no_price_dollars"":""0.8800"",""taker_side"":""no"",""ticker"":""KXETH15M-26APR280145-45"",""trade_id"":""eb2c38b0-0fc5-40c2-d84e-0094c11acd23"",""yes_price_dollars"":""0.1200""}"
KXETH15M-26APR280145-45,d939ba76-684a-4fa1-fe8a-e9d6d568198a,1777354571,0.13,41.87,no,"{""count_fp"":""41.87"",""created_time"":""2026-04-28T05:36:11.120301Z"",""no_price_dollars"":""0.8700"",""taker_side"":""no"",""ticker"":""KXETH15M-26APR280145-45"",""trade_id"":""d939ba76-684a-4fa1-fe8a-e9d6d568198a"",""yes_price_dollars"":""0.1300""}"
KXETH15M-26APR280145-45,5a54127a-f715-57b6-6552-74d0e0312c66,1777354572,0.11,27.0,no,"{""count_fp"":""27.00"",""created_time"":""2026-04-28T05:36:12.976619Z"",""no_price_dollars"":""0.8900"",""taker_side"":""no"",""ticker"":""KXETH15M-26APR280145-45"",""trade_id"":""5a54127a-f715-57b6-6552-74d0e0312c66"",""yes_price_dollars"":""0.1100""}"
KXETH15M-26APR280145-45,91a91366-4ecb-60a2-b40a-2d94dd3ddeee,1777354572,0.11,1.0,no,"{""count_fp"":""1.00"",""created_time"":""2026-04-28T05:36:12.675431Z"",""no_price_dollars"":""0.8900"",""taker_side"":""no"",""ticker"":""KXETH15M-26APR280145-45"",""trade_id"":""91a91366-4ecb-60a2-b40a-2d94dd3ddeee"",""yes_price_dollars"":""0.1100""}"
KXETH15M-26APR280145-45,21e35c7f-3cbd-6bf6-a760-3023e069d55e,1777354572,0.11,9.0,no,"{""count_fp"":""9.00"",""created_time"":""2026-04-28T05:36:12.675431Z"",""no_price_dollars"":""0.8900"",""taker_side"":""no"",""ticker"":""KXETH15M-26APR280145-45"",""trade_id"":""21e35c7f-3cbd-6bf6-a760-3023e069d55e"",""yes_price_dollars"":""0.1100""}"
KXETH15M-26APR280145-45,f85960c7-f951-5f76-12b8-d130721f5b9a,1777354573,0.11,10.0,no,"{""count_fp"":""10.00"",""created_time"":""2026-04-28T05:36:13.874487Z"",""no_price_dollars"":""0.8900"",""taker_side"":""no"",""ticker"":""KXETH15M-26APR280145-45"",""trade_id"":""f85960c7-f951-5f76-12b8-d130721f5b9a"",""yes_price_dollars"":""0.1100""}"
KXETH15M-26APR280145-45,cef8b9cb-82b9-7086-9f9f-35adc1c7f0a6,1777354573,0.11,10.0,no,"{""count_fp"":""10.00"",""created_time"":""2026-04-28T05:36:13.242182Z"",""no_price_dollars"":""0.8900"",""taker_side"":""no"",""ticker"":""KXETH15M-26APR280145-45"",""trade_id"":""cef8b9cb-82b9-7086-9f9f-35adc1c7f0a6"",""yes_price_dollars"":""0.1100""}"
KXETH15M-26APR280145-45,2190a5ac-2115-52f2-dee9-2ad90feb2bbe,1777354576,0.11,18.0,no,"{""count_fp"":""18.00"",""created_time"":""2026-04-28T05:36:16.565885Z"",""no_price_dollars"":""0.8900"",""taker_side"":""no"",""ticker"":""KXETH15M-26APR280145-45"",""trade_id"":""2190a5ac-2115-52f2-dee9-2ad90feb2bbe"",""yes_price_dollars"":""0.1100""}"
KXETH15M-26APR280145-45,f3a0f8a6-12cb-5114-630c-591c28c2d54f,1777354577,0.12,1.0,yes,"{""count_fp"":""1.00"",""created_time"":""2026-04-28T05:36:17.718712Z"",""no_price_dollars"":""0.8800"",""taker_side"":""yes"",""ticker"":""KXETH15M-26APR280145-45"",""trade_id"":""f3a0f8a6-12cb-5114-630c-591c28c2d54f"",""yes_price_dollars"":""0.1200""}"
KXETH15M-26APR280145-45,6681ec12-9a38-563a-752b-a0d30a2306aa,1777354577,0.12,2.49,yes,"{""count_fp"":""2.49"",""created_time"":""2026-04-28T05:36:17.718712Z"",""no_price_dollars"":""0.8800"",""taker_side"":""yes"",""ticker"":""KXETH15M-26APR280145-45"",""trade_id"":""6681ec12-9a38-563a-752b-a0d30a2306aa"",""yes_price_dollars"":""0.1200""}"
KXETH15M-26APR280145-45,d8293457-e875-6819-82e6-f7d59f43288f,1777354578,0.1,1.0,no,"{""count_fp"":""1.00"",""created_time"":""2026-04-28T05:36:18.082329Z"",""no_price_dollars"":""0.9000"",""taker_side"":""no"",""ticker"":""KXETH15M-26APR280145-45"",""trade_id"":""d8293457-e875-6819-82e6-f7d59f43288f"",""yes_price_dollars"":""0.1000""}"
KXETH15M-26APR280145-45,b161bf82-6594-6b2a-ac11-7bbd91fe3bd0,1777354578,0.1,4.0,no,"{""count_fp"":""4.00"",""created_time"":""2026-04-28T05:36:18.082329Z"",""no_price_dollars"":""0.9000"",""taker_side"":""no"",""ticker"":""KXETH15M-26APR280145-45"",""trade_id"":""b161bf82-6594-6b2a-ac11-7bbd91fe3bd0"",""yes_price_dollars"":""0.1000""}"
KXETH15M-26APR280145-45,aeaa053e-19c0-68ac-85ec-468d625fe83e,1777354578,0.11,1.0,no,"{""count_fp"":""1.00"",""created_time"":""2026-04-28T05:36:18.082329Z"",""no_price_dollars"":""0.8900"",""taker_side"":""no"",""ticker"":""KXETH15M-26APR280145-45"",""trade_id"":""aeaa053e-19c0-68ac-85ec-468d625fe83e"",""yes_price_dollars"":""0.1100""}"
KXETH15M-26APR280145-45,60a43138-9e7e-659a-a83f-42a0c3f44bc0,1777354578,0.1,1.0,no,"{""count_fp"":""1.00"",""created_time"":""2026-04-28T05:36:18.082329Z"",""no_price_dollars"":""0.9000"",""taker_side"":""no"",""ticker"":""KXETH15M-26APR280145-45"",""trade_id"":""60a43138-9e7e-659a-a83f-42a0c3f44bc0"",""yes_price_dollars"":""0.1000""}"
KXETH15M-26APR280145-45,5bf8a9e9-a9ef-65f6-9a45-3d4ae83ddd89,1777354578,0.09,4.0,no,"{""count_fp"":""4.00"",""created_time"":""2026-04-28T05:36:18.082329Z"",""no_price_dollars"":""0.9100"",""taker_side"":""no"",""ticker"":""KXETH15M-26APR280145-45"",""trade_id"":""5bf8a9e9-a9ef-65f6-9a45-3d4ae83ddd89"",""yes_price_dollars"":""0.0900""}"
KXETH15M-26APR280145-45,3af7264a-b7d7-6cc1-a318-34d162d96bc5,1777354578,0.1,3.0,no,"{""count_fp"":""3.00"",""created_time"":""2026-04-28T05:36:18.082329Z"",""no_price_dollars"":""0.9000"",""taker_side"":""no"",""ticker"":""KXETH15M-26APR280145-45"",""trade_id"":""3af7264a-b7d7-6cc1-a318-34d162d96bc5"",""yes_price_dollars"":""0.1000""}"
KXETH15M-26APR280145-45,33eeb0d9-4eb4-6568-84c1-e06be8e621b1,1777354578,0.09,1.0,no,"{""count_fp"":""1.00"",""created_time"":""2026-04-28T05:36:18.082329Z"",""no_price_dollars"":""0.9100"",""taker_side"":""no"",""ticker"":""KXETH15M-26APR280145-45"",""trade_id"":""33eeb0d9-4eb4-6568-84c1-e06be8e621b1"",""yes_price_dollars"":""0.0900""}"
KXETH15M-26APR280145-45,1cb9ecac-675e-63df-8810-0f9b42ece914,1777354578,0.09,3.0,no,"{""count_fp"":""3.00"",""created_time"":""2026-04-28T05:36:18.082329Z"",""no_price_dollars"":""0.9100"",""taker_side"":""no"",""ticker"":""KXETH15M-26APR280145-45"",""trade_id"":""1cb9ecac-675e-63df-8810-0f9b42ece914"",""yes_price_dollars"":""0.0900""}"
KXETH15M-26APR280145-45,e6c1495e-8344-7cef-dc5e-809e3b0e6551,1777354585,0.1,1.0,yes,"{""count_fp"":""1.00"",""created_time"":""2026-04-28T05:36:25.195477Z"",""no_price_dollars"":""0.9000"",""taker_side"":""yes"",""ticker"":""KXETH15M-26APR280145-45"",""trade_id"":""e6c1495e-8344-7cef-dc5e-809e3b0e6551"",""yes_price_dollars"":""0.1000""}"
KXETH15M-26APR280145-45,570d87f6-cf32-785d-ebe6-8152d1b52452,1777354585,0.11,10.0,yes,"{""count_fp"":""10.00"",""created_time"":""2026-04-28T05:36:25.195477Z"",""no_price_dollars"":""0.8900"",""taker_side"":""yes"",""ticker"":""KXETH15M-26APR280145-45"",""trade_id"":""570d87f6-cf32-785d-ebe6-8152d1b52452"",""yes_price_dollars"":""0.1100""}"
KXETH15M-26APR280145-45,f10392f8-be21-4a14-4025-9009c2f30611,1777354589,0.13,100.0,yes,"{""count_fp"":""100.00"",""created_time"":""2026-04-28T05:36:29.490458Z"",""no_price_dollars"":""0.8700"",""taker_side"":""yes"",""ticker"":""KXETH15M-26APR280145-45"",""trade_id"":""f10392f8-be21-4a14-4025-9009c2f30611"",""yes_price_dollars"":""0.1300""}"
KXETH15M-26APR280145-45,d86dee5b-45e0-402a-4f00-e487eb0ac836,1777354589,0.12,10.0,yes,"{""count_fp"":""10.00"",""created_time"":""2026-04-28T05:36:29.490458Z"",""no_price_dollars"":""0.8800"",""taker_side"":""yes"",""ticker"":""KXETH15M-26APR280145-45"",""trade_id"":""d86dee5b-45e0-402a-4f00-e487eb0ac836"",""yes_price_dollars"":""0.1200""}"
KXETH15M-26APR280145-45,b32705f4-0c17-4805-760a-c0108efe3098,1777354589,0.14,3.0,yes,"{""count_fp"":""3.00"",""created_time"":""2026-04-28T05:36:29.490458Z"",""no_price_dollars"":""0.8600"",""taker_side"":""yes"",""ticker"":""KXETH15M-26APR280145-45"",""trade_id"":""b32705f4-0c17-4805-760a-c0108efe3098"",""yes_price_dollars"":""0.1400""}"
KXETH15M-26APR280145-45,95c8957d-784e-4107-7eac-18740210a172,1777354589,0.14,60.0,yes,"{""count_fp"":""60.00"",""created_time"":""2026-04-28T05:36:29.490458Z"",""no_price_dollars"":""0.8600"",""taker_side"":""yes"",""ticker"":""KXETH15M-26APR280145-45"",""trade_id"":""95c8957d-784e-4107-7eac-18740210a172"",""yes_price_dollars"":""0.1400""}"
KXETH15M-26APR280145-45,54e18d71-c9db-439d-5a60-2d81efdac828,1777354589,0.15,10.0,yes,"{""count_fp"":""10.00"",""created_time"":""2026-04-28T05:36:29.490458Z"",""no_price_dollars"":""0.8500"",""taker_side"":""yes"",""ticker"":""KXETH15M-26APR280145-45"",""trade_id"":""54e18d71-c9db-439d-5a60-2d81efdac828"",""yes_price_dollars"":""0.1500""}"
KXETH15M-26APR280145-45,52d1e3fc-96e7-4b7f-43ad-6a30331305b1,1777354589,0.13,10.0,yes,"{""count_fp"":""10.00"",""created_time"":""2026-04-28T05:36:29.490458Z"",""no_price_dollars"":""0.8700"",""taker_side"":""yes"",""ticker"":""KXETH15M-26APR280145-45"",""trade_id"":""52d1e3fc-96e7-4b7f-43ad-6a30331305b1"",""yes_price_dollars"":""0.1300""}"
KXETH15M-26APR280145-45,50de2a5d-1feb-4b26-5833-e0feb6ac7d91,1777354589,0.11,5.0,yes,"{""count_fp"":""5.00"",""created_time"":""2026-04-28T05:36:29.490458Z"",""no_price_dollars"":""0.8900"",""taker_side"":""yes"",""ticker"":""KXETH15M-26APR280145-45"",""trade_id"":""50de2a5d-1feb-4b26-5833-e0feb6ac7d91"",""yes_price_dollars"":""0.1100""}"
KXETH15M-26APR280145-45,46c9908d-83d7-470f-51ee-857f5e309c79,1777354589,0.15,8.0,yes,"{""count_fp"":""8.00"",""created_time"":""2026-04-28T05:36:29.490458Z"",""no_price_dollars"":""0.8500"",""taker_side"":""yes"",""ticker"":""KXETH15M-26APR280145-45"",""trade_id"":""46c9908d-83d7-470f-51ee-857f5e309c79"",""yes_price_dollars"":""0.1500""}"
KXETH15M-26APR280145-45,4515b585-23e3-4cc8-791f-6e32c92e6ab3,1777354589,0.15,132.83,yes,"{""count_fp"":""132.83"",""created_time"":""2026-04-28T05:36:29.490458Z"",""no_price_dollars"":""0.8500"",""taker_side"":""yes"",""ticker"":""KXETH15M-26APR280145-45"",""trade_id"":""4515b585-23e3-4cc8-791f-6e32c92e6ab3"",""yes_price_dollars"":""0.1500""}"
KXETH15M-26APR280145-45,19a9da7e-9d4e-47db-60a4-ec40bdfaff22,1777354589,0.1,1.0,yes,"{""count_fp"":""1.00"",""created_time"":""2026-04-28T05:36:29.490458Z"",""no_price_dollars"":""0.9000"",""taker_side"":""yes"",""ticker"":""KXETH15M-26APR280145-45"",""trade_id"":""19a9da7e-9d4e-47db-60a4-ec40bdfaff22"",""yes_price_dollars"":""0.1000""}"
KXETH15M-26APR280145-45,dcd65a63-39bc-6fed-9020-d6c43e842c30,1777354603,0.079,1.0,yes,"{""count_fp"":""1.00"",""created_time"":""2026-04-28T05:36:43.799557Z"",""no_price_dollars"":""0.9210"",""taker_side"":""yes"",""ticker"":""KXETH15M-26APR280145-45"",""trade_id"":""dcd65a63-39bc-6fed-9020-d6c43e842c30"",""yes_price_dollars"":""0.0790""}"
KXETH15M-26APR280145-45,a67f4a3a-eb08-64d8-ba08-3c433ba9e9cc,1777354603,0.088,85.2,yes,"{""count_fp"":""85.20"",""created_time"":""2026-04-28T05:36:43.799557Z"",""no_price_dollars"":""0.9120"",""taker_side"":""yes"",""ticker"":""KXETH15M-26APR280145-45"",""trade_id"":""a67f4a3a-eb08-64d8-ba08-3c433ba9e9cc"",""yes_price_dollars"":""0.0880""}"
KXETH15M-26APR280145-45,88d92ca8-6965-6a29-905f-645d56a65bb0,1777354603,0.087,10.0,yes,"{""count_fp"":""10.00"",""created_time"":""2026-04-28T05:36:43.799557Z"",""no_price_dollars"":""0.9130"",""taker_side"":""yes"",""ticker"":""KXETH15M-26APR280145-45"",""trade_id"":""88d92ca8-6965-6a29-905f-645d56a65bb0"",""yes_price_dollars"":""0.0870""}"
KXETH15M-26APR280145-45,a9044647-f8d0-4fa0-2f24-a2be9cc3821c,1777354604,0.088,5.86,yes,"{""count_fp"":""5.86"",""created_time"":""2026-04-28T05:36:44.045713Z"",""no_price_dollars"":""0.9120"",""taker_side"":""yes"",""ticker"":""KXETH15M-26APR280145-45"",""trade_id"":""a9044647-f8d0-4fa0-2f24-a2be9cc3821c"",""yes_price_dollars"":""0.0880""}"
