ticker,trade_id,ts,yes_price,count,taker_side,raw_json
KXETH15M-26APR271730-30,f47ed8ad-5e03-6af1-17c3-280251859d76,1777324508,0.54,18.0,yes,"{""count_fp"":""18.00"",""created_time"":""2026-04-27T21:15:08.435253Z"",""no_price_dollars"":""0.4600"",""taker_side"":""yes"",""ticker"":""KXETH15M-26APR271730-30"",""trade_id"":""f47ed8ad-5e03-6af1-17c3-280251859d76"",""yes_price_dollars"":""0.5400""}"
KXETH15M-26APR271730-30,997af49c-6415-6cd2-1513-a455f229fb40,1777324508,0.54,50.0,yes,"{""count_fp"":""50.00"",""created_time"":""2026-04-27T21:15:08.435253Z"",""no_price_dollars"":""0.4600"",""taker_side"":""yes"",""ticker"":""KXETH15M-26APR271730-30"",""trade_id"":""997af49c-6415-6cd2-1513-a455f229fb40"",""yes_price_dollars"":""0.5400""}"
KXETH15M-26APR271730-30,742eb705-1268-5656-340f-c0029afade85,1777324508,0.5,1.0,no,"{""count_fp"":""1.00"",""created_time"":""2026-04-27T21:15:08.274959Z"",""no_price_dollars"":""0.5000"",""taker_side"":""no"",""ticker"":""KXETH15M-26APR271730-30"",""trade_id"":""742eb705-1268-5656-340f-c0029afade85"",""yes_price_dollars"":""0.5000""}"
KXETH15M-26APR271730-30,8c686f22-3be9-50d5-54c8-5dc91733bc86,1777324509,0.52,0.41,yes,"{""count_fp"":""0.41"",""created_time"":""2026-04-27T21:15:09.721745Z"",""no_price_dollars"":""0.4800"",""taker_side"":""yes"",""ticker"":""KXETH15M-26APR271730-30"",""trade_id"":""8c686f22-3be9-50d5-54c8-5dc91733bc86"",""yes_price_dollars"":""0.5200""}"
KXETH15M-26APR271730-30,225827e5-6732-5658-7daf-c0aedf9f1059,1777324509,0.51,9.59,yes,"{""count_fp"":""9.59"",""created_time"":""2026-04-27T21:15:09.721745Z"",""no_price_dollars"":""0.4900"",""taker_side"":""yes"",""ticker"":""KXETH15M-26APR271730-30"",""trade_id"":""225827e5-6732-5658-7daf-c0aedf9f1059"",""yes_price_dollars"":""0.5100""}"
KXETH15M-26APR271730-30,bd1b256a-4163-7091-15cc-2abb5a207e82,1777324510,0.51,1.0,yes,"{""count_fp"":""1.00"",""created_time"":""2026-04-27T21:15:10.648851Z"",""no_price_dollars"":""0.4900"",""taker_side"":""yes"",""ticker"":""KXETH15M-26APR271730-30"",""trade_id"":""bd1b256a-4163-7091-15cc-2abb5a207e82"",""yes_price_dollars"":""0.5100""}"
KXETH15M-26APR271730-30,c4cb4b85-4ea4-50c8-ee50-fb41e0d6f7f5,1777324512,0.46,9.0,yes,"{""count_fp"":""9.00"",""created_time"":""2026-04-27T21:15:12.430354Z"",""no_price_dollars"":""0.5400"",""taker_side"":""yes"",""ticker"":""KXETH15M-26APR271730-30"",""trade_id"":""c4cb4b85-4ea4-50c8-ee50-fb41e0d6f7f5"",""yes_price_dollars"":""0.4600""}"
KXETH15M-26APR271730-30,e048fd39-28e7-72b5-254b-b0fc22359ab2,1777324517,0.44,5.0,yes,"{""count_fp"":""5.00"",""created_time"":""2026-04-27T21:15:17.023225Z"",""no_price_dollars"":""0.5600"",""taker_side"":""yes"",""ticker"":""KXETH15M-26APR271730-30"",""trade_id"":""e048fd39-28e7-72b5-254b-b0fc22359ab2"",""yes_price_dollars"":""0.4400""}"
KXETH15M-26APR271730-30,57f7fdaa-a61c-4717-afad-6b5bfb4259ab,1777324519,0.44,21.86,yes,"{""count_fp"":""21.86"",""created_time"":""2026-04-27T21:15:19.352623Z"",""no_price_dollars"":""0.5600"",""taker_side"":""yes"",""ticker"":""KXETH15M-26APR271730-30"",""trade_id"":""57f7fdaa-a61c-4717-afad-6b5bfb4259ab"",""yes_price_dollars"":""0.4400""}"
KXETH15M-26APR271730-30,e5c479b6-4047-72e8-133d-57b291b20d7a,1777324526,0.42,9.03,no,"{""count_fp"":""9.03"",""created_time"":""2026-04-27T21:15:26.753301Z"",""no_price_dollars"":""0.5800"",""taker_side"":""no"",""ticker"":""KXETH15M-26APR271730-30"",""trade_id"":""e5c479b6-4047-72e8-133d-57b291b20d7a"",""yes_price_dollars"":""0.4200""}"
KXETH15M-26APR271730-30,84fac487-14a6-799f-3499-051b8233ed0c,1777324526,0.42,1.0,no,"{""count_fp"":""1.00"",""created_time"":""2026-04-27T21:15:26.753301Z"",""no_price_dollars"":""0.5800"",""taker_side"":""no"",""ticker"":""KXETH15M-26APR271730-30"",""trade_id"":""84fac487-14a6-799f-3499-051b8233ed0c"",""yes_price_dollars"":""0.4200""}"
KXETH15M-26APR271730-30,863b638b-ed63-40e5-db67-ef1c5a9a3faa,1777324529,0.43,40.25,yes,"{""count_fp"":""40.25"",""created_time"":""2026-04-27T21:15:29.507468Z"",""no_price_dollars"":""0.5700"",""taker_side"":""yes"",""ticker"":""KXETH15M-26APR271730-30"",""trade_id"":""863b638b-ed63-40e5-db67-ef1c5a9a3faa"",""yes_price_dollars"":""0.4300""}"
KXETH15M-26APR271730-30,f57c6047-ce8c-54bf-4b9f-43aad373044f,1777324530,0.43,2.19,yes,"{""count_fp"":""2.19"",""created_time"":""2026-04-27T21:15:30.218413Z"",""no_price_dollars"":""0.5700"",""taker_side"":""yes"",""ticker"":""KXETH15M-26APR271730-30"",""trade_id"":""f57c6047-ce8c-54bf-4b9f-43aad373044f"",""yes_price_dollars"":""0.4300""}"
KXETH15M-26APR271730-30,e2c19e88-1f2f-5a95-4ac6-2953804115ae,1777324530,0.43,6.75,yes,"{""count_fp"":""6.75"",""created_time"":""2026-04-27T21:15:30.218413Z"",""no_price_dollars"":""0.5700"",""taker_side"":""yes"",""ticker"":""KXETH15M-26APR271730-30"",""trade_id"":""e2c19e88-1f2f-5a95-4ac6-2953804115ae"",""yes_price_dollars"":""0.4300""}"
KXETH15M-26APR271730-30,84651f66-c9ea-79ca-9472-734a9e7873c2,1777324535,0.41,1.0,no,"{""count_fp"":""1.00"",""created_time"":""2026-04-27T21:15:35.759162Z"",""no_price_dollars"":""0.5900"",""taker_side"":""no"",""ticker"":""KXETH15M-26APR271730-30"",""trade_id"":""84651f66-c9ea-79ca-9472-734a9e7873c2"",""yes_price_dollars"":""0.4100""}"
KXETH15M-26APR271730-30,a7faa09a-75c6-6633-e555-d06184543dc5,1777324535,0.42,1.0,no,"{""count_fp"":""1.00"",""created_time"":""2026-04-27T21:15:35.354139Z"",""no_price_dollars"":""0.5800"",""taker_side"":""no"",""ticker"":""KXETH15M-26APR271730-30"",""trade_id"":""a7faa09a-75c6-6633-e555-d06184543dc5"",""yes_price_dollars"":""0.4200""}"
KXETH15M-26APR271730-30,308647c3-9a06-6586-e95a-b23990203472,1777324535,0.41,15.48,no,"{""count_fp"":""15.48"",""created_time"":""2026-04-27T21:15:35.354139Z"",""no_price_dollars"":""0.5900"",""taker_side"":""no"",""ticker"":""KXETH15M-26APR271730-30"",""trade_id"":""308647c3-9a06-6586-e95a-b23990203472"",""yes_price_dollars"":""0.4100""}"
KXETH15M-26APR271730-30,339bf02e-013c-7277-8175-4c33aa1a8b5b,1777324536,0.43,33.54,yes,"{""count_fp"":""33.54"",""created_time"":""2026-04-27T21:15:36.434541Z"",""no_price_dollars"":""0.5700"",""taker_side"":""yes"",""ticker"":""KXETH15M-26APR271730-30"",""trade_id"":""339bf02e-013c-7277-8175-4c33aa1a8b5b"",""yes_price_dollars"":""0.4300""}"
KXETH15M-26APR271730-30,dc793c71-1e6a-702a-452b-e197fba823ca,1777324539,0.41,3.0,no,"{""count_fp"":""3.00"",""created_time"":""2026-04-27T21:15:39.765512Z"",""no_price_dollars"":""0.5900"",""taker_side"":""no"",""ticker"":""KXETH15M-26APR271730-30"",""trade_id"":""dc793c71-1e6a-702a-452b-e197fba823ca"",""yes_price_dollars"":""0.4100""}"
KXETH15M-26APR271730-30,18c636ef-58e6-4156-bdc1-384a0d17c536,1777324539,0.41,1.0,no,"{""count_fp"":""1.00"",""created_time"":""2026-04-27T21:15:39.229199Z"",""no_price_dollars"":""0.5900"",""taker_side"":""no"",""ticker"":""KXETH15M-26APR271730-30"",""trade_id"":""18c636ef-58e6-4156-bdc1-384a0d17c536"",""yes_price_dollars"":""0.4100""}"
KXETH15M-26APR271730-30,fd472853-9b4a-43c4-2187-4f77d5f39a50,1777324544,0.42,0.82,yes,"{""count_fp"":""0.82"",""created_time"":""2026-04-27T21:15:44.689213Z"",""no_price_dollars"":""0.5800"",""taker_side"":""yes"",""ticker"":""KXETH15M-26APR271730-30"",""trade_id"":""fd472853-9b4a-43c4-2187-4f77d5f39a50"",""yes_price_dollars"":""0.4200""}"
KXETH15M-26APR271730-30,e358ee4a-2ece-60f4-2b56-8fb62d0acef0,1777324545,0.42,3.0,yes,"{""count_fp"":""3.00"",""created_time"":""2026-04-27T21:15:45.926832Z"",""no_price_dollars"":""0.5800"",""taker_side"":""yes"",""ticker"":""KXETH15M-26APR271730-30"",""trade_id"":""e358ee4a-2ece-60f4-2b56-8fb62d0acef0"",""yes_price_dollars"":""0.4200""}"
KXETH15M-26APR271730-30,20d7183c-613e-7128-c028-622d47ecbfb4,1777324545,0.42,11.0,yes,"{""count_fp"":""11.00"",""created_time"":""2026-04-27T21:15:45.910285Z"",""no_price_dollars"":""0.5800"",""taker_side"":""yes"",""ticker"":""KXETH15M-26APR271730-30"",""trade_id"":""20d7183c-613e-7128-c028-622d47ecbfb4"",""yes_price_dollars"":""0.4200""}"
KXETH15M-26APR271730-30,6a12b2a8-bd0a-784c-4b96-9edfabb7c818,1777324545,0.42,3.04,yes,"{""count_fp"":""3.04"",""created_time"":""2026-04-27T21:15:45.447874Z"",""no_price_dollars"":""0.5800"",""taker_side"":""yes"",""ticker"":""KXETH15M-26APR271730-30"",""trade_id"":""6a12b2a8-bd0a-784c-4b96-9edfabb7c818"",""yes_price_dollars"":""0.4200""}"
KXETH15M-26APR271730-30,332702f6-c846-4712-236b-39167f58bcba,1777324545,0.41,8.23,no,"{""count_fp"":""8.23"",""created_time"":""2026-04-27T21:15:45.347361Z"",""no_price_dollars"":""0.5900"",""taker_side"":""no"",""ticker"":""KXETH15M-26APR271730-30"",""trade_id"":""332702f6-c846-4712-236b-39167f58bcba"",""yes_price_dollars"":""0.4100""}"
KXETH15M-26APR271730-30,50bc8082-3780-66b7-f462-aa1d11a0a617,1777324546,0.42,7.86,yes,"{""count_fp"":""7.86"",""created_time"":""2026-04-27T21:15:46.036354Z"",""no_price_dollars"":""0.5800"",""taker_side"":""yes"",""ticker"":""KXETH15M-26APR271730-30"",""trade_id"":""50bc8082-3780-66b7-f462-aa1d11a0a617"",""yes_price_dollars"":""0.4200""}"
KXETH15M-26APR271730-30,27ddc0a9-5b4a-6f48-e437-6cc82e95ed5c,1777324546,0.42,42.14,yes,"{""count_fp"":""42.14"",""created_time"":""2026-04-27T21:15:46.036354Z"",""no_price_dollars"":""0.5800"",""taker_side"":""yes"",""ticker"":""KXETH15M-26APR271730-30"",""trade_id"":""27ddc0a9-5b4a-6f48-e437-6cc82e95ed5c"",""yes_price_dollars"":""0.4200""}"
KXETH15M-26APR271730-30,45aba1d0-f426-527e-47d2-b369bc22062a,1777324549,0.41,2.0,no,"{""count_fp"":""2.00"",""created_time"":""2026-04-27T21:15:49.511866Z"",""no_price_dollars"":""0.5900"",""taker_side"":""no"",""ticker"":""KXETH15M-26APR271730-30"",""trade_id"":""45aba1d0-f426-527e-47d2-b369bc22062a"",""yes_price_dollars"":""0.4100""}"
KXETH15M-26APR271730-30,8e946e3d-f2ce-5ffe-5a1a-df21eae5777e,1777324556,0.41,0.29,no,"{""count_fp"":""0.29"",""created_time"":""2026-04-27T21:15:56.093428Z"",""no_price_dollars"":""0.5900"",""taker_side"":""no"",""ticker"":""KXETH15M-26APR271730-30"",""trade_id"":""8e946e3d-f2ce-5ffe-5a1a-df21eae5777e"",""yes_price_dollars"":""0.4100""}"
KXETH15M-26APR271730-30,31e5042c-40aa-48ce-9ecb-92e29c9f758a,1777324556,0.41,9.0,no,"{""count_fp"":""9.00"",""created_time"":""2026-04-27T21:15:56.088318Z"",""no_price_dollars"":""0.5900"",""taker_side"":""no"",""ticker"":""KXETH15M-26APR271730-30"",""trade_id"":""31e5042c-40aa-48ce-9ecb-92e29c9f758a"",""yes_price_dollars"":""0.4100""}"
KXETH15M-26APR271730-30,ccd6a596-a2c0-55f8-f39a-1afc37d7665e,1777324559,0.38,1.0,no,"{""count_fp"":""1.00"",""created_time"":""2026-04-27T21:15:59.037882Z"",""no_price_dollars"":""0.6200"",""taker_side"":""no"",""ticker"":""KXETH15M-26APR271730-30"",""trade_id"":""ccd6a596-a2c0-55f8-f39a-1afc37d7665e"",""yes_price_dollars"":""0.3800""}"
KXETH15M-26APR271730-30,e731549e-b083-7fd0-319a-222ddb5fe57e,1777324560,0.35,19.0,no,"{""count_fp"":""19.00"",""created_time"":""2026-04-27T21:16:00.368479Z"",""no_price_dollars"":""0.6500"",""taker_side"":""no"",""ticker"":""KXETH15M-26APR271730-30"",""trade_id"":""e731549e-b083-7fd0-319a-222ddb5fe57e"",""yes_price_dollars"":""0.3500""}"
KXETH15M-26APR271730-30,b6990c95-f8b6-76bc-3ced-259e6de9a1ff,1777324560,0.37,1.0,no,"{""count_fp"":""1.00"",""created_time"":""2026-04-27T21:16:00.368479Z"",""no_price_dollars"":""0.6300"",""taker_side"":""no"",""ticker"":""KXETH15M-26APR271730-30"",""trade_id"":""b6990c95-f8b6-76bc-3ced-259e6de9a1ff"",""yes_price_dollars"":""0.3700""}"
KXETH15M-26APR271730-30,c81dfa54-d1aa-53d1-ecf2-4e23a5f0bd2f,1777324567,0.36,10.0,yes,"{""count_fp"":""10.00"",""created_time"":""2026-04-27T21:16:07.853211Z"",""no_price_dollars"":""0.6400"",""taker_side"":""yes"",""ticker"":""KXETH15M-26APR271730-30"",""trade_id"":""c81dfa54-d1aa-53d1-ecf2-4e23a5f0bd2f"",""yes_price_dollars"":""0.3600""}"
KXETH15M-26APR271730-30,535fd98b-76d1-5a9a-f930-f74c97bcbf13,1777324567,0.36,0.63,yes,"{""count_fp"":""0.63"",""created_time"":""2026-04-27T21:16:07.853211Z"",""no_price_dollars"":""0.6400"",""taker_side"":""yes"",""ticker"":""KXETH15M-26APR271730-30"",""trade_id"":""535fd98b-76d1-5a9a-f930-f74c97bcbf13"",""yes_price_dollars"":""0.3600""}"
KXETH15M-26APR271730-30,52403775-799c-7337-5b36-7bedae8cc873,1777324568,0.37,10.0,yes,"{""count_fp"":""10.00"",""created_time"":""2026-04-27T21:16:08.128844Z"",""no_price_dollars"":""0.6300"",""taker_side"":""yes"",""ticker"":""KXETH15M-26APR271730-30"",""trade_id"":""52403775-799c-7337-5b36-7bedae8cc873"",""yes_price_dollars"":""0.3700""}"
KXETH15M-26APR271730-30,ebe870d5-467f-4f44-9a26-9947a1c43b66,1777324569,0.36,1.0,no,"{""count_fp"":""1.00"",""created_time"":""2026-04-27T21:16:09.332091Z"",""no_price_dollars"":""0.6400"",""taker_side"":""no"",""ticker"":""KXETH15M-26APR271730-30"",""trade_id"":""ebe870d5-467f-4f44-9a26-9947a1c43b66"",""yes_price_dollars"":""0.3600""}"
KXETH15M-26APR271730-30,5d5c077a-4c00-73eb-21f3-c40e9f310f9b,1777324570,0.37,38.82,yes,"{""count_fp"":""38.82"",""created_time"":""2026-04-27T21:16:10.911503Z"",""no_price_dollars"":""0.6300"",""taker_side"":""yes"",""ticker"":""KXETH15M-26APR271730-30"",""trade_id"":""5d5c077a-4c00-73eb-21f3-c40e9f310f9b"",""yes_price_dollars"":""0.3700""}"
KXETH15M-26APR271730-30,fe76d525-49af-76d0-07bc-db376620f3d5,1777324573,0.37,100.0,yes,"{""count_fp"":""100.00"",""created_time"":""2026-04-27T21:16:13.278549Z"",""no_price_dollars"":""0.6300"",""taker_side"":""yes"",""ticker"":""KXETH15M-26APR271730-30"",""trade_id"":""fe76d525-49af-76d0-07bc-db376620f3d5"",""yes_price_dollars"":""0.3700""}"
KXETH15M-26APR271730-30,a7f825ce-9375-7b62-3204-1b0b4175125b,1777324573,0.37,69.0,yes,"{""count_fp"":""69.00"",""created_time"":""2026-04-27T21:16:13.278549Z"",""no_price_dollars"":""0.6300"",""taker_side"":""yes"",""ticker"":""KXETH15M-26APR271730-30"",""trade_id"":""a7f825ce-9375-7b62-3204-1b0b4175125b"",""yes_price_dollars"":""0.3700""}"
KXETH15M-26APR271730-30,332ec43c-75c1-7ca4-2f40-827c22db2b41,1777324573,0.37,10.0,yes,"{""count_fp"":""10.00"",""created_time"":""2026-04-27T21:16:13.278549Z"",""no_price_dollars"":""0.6300"",""taker_side"":""yes"",""ticker"":""KXETH15M-26APR271730-30"",""trade_id"":""332ec43c-75c1-7ca4-2f40-827c22db2b41"",""yes_price_dollars"":""0.3700""}"
KXETH15M-26APR271730-30,735ee47d-ae5b-4134-3f3d-df82d499ad18,1777324579,0.39,1.0,no,"{""count_fp"":""1.00"",""created_time"":""2026-04-27T21:16:19.642079Z"",""no_price_dollars"":""0.6100"",""taker_side"":""no"",""ticker"":""KXETH15M-26APR271730-30"",""trade_id"":""735ee47d-ae5b-4134-3f3d-df82d499ad18"",""yes_price_dollars"":""0.3900""}"
KXETH15M-26APR271730-30,21d8ce68-7da7-4fb8-35df-4da9636b33ca,1777324579,0.39,2.0,no,"{""count_fp"":""2.00"",""created_time"":""2026-04-27T21:16:19.642079Z"",""no_price_dollars"":""0.6100"",""taker_side"":""no"",""ticker"":""KXETH15M-26APR271730-30"",""trade_id"":""21d8ce68-7da7-4fb8-35df-4da9636b33ca"",""yes_price_dollars"":""0.3900""}"
KXETH15M-26APR271730-30,d69a7c32-5c0a-79a4-ff1b-7fe6c0b7c22a,1777324585,0.4,0.23,yes,"{""count_fp"":""0.23"",""created_time"":""2026-04-27T21:16:25.466788Z"",""no_price_dollars"":""0.6000"",""taker_side"":""yes"",""ticker"":""KXETH15M-26APR271730-30"",""trade_id"":""d69a7c32-5c0a-79a4-ff1b-7fe6c0b7c22a"",""yes_price_dollars"":""0.4000""}"
KXETH15M-26APR271730-30,8cdd6646-390a-7afc-57a7-19a0f28fd9fe,1777324586,0.4,23.99,yes,"{""count_fp"":""23.99"",""created_time"":""2026-04-27T21:16:26.884622Z"",""no_price_dollars"":""0.6000"",""taker_side"":""yes"",""ticker"":""KXETH15M-26APR271730-30"",""trade_id"":""8cdd6646-390a-7afc-57a7-19a0f28fd9fe"",""yes_price_dollars"":""0.4000""}"
KXETH15M-26APR271730-30,f9416291-0b5a-670d-d6d2-d43dfcc765ba,1777324587,0.4,9.63,yes,"{""count_fp"":""9.63"",""created_time"":""2026-04-27T21:16:27.916378Z"",""no_price_dollars"":""0.6000"",""taker_side"":""yes"",""ticker"":""KXETH15M-26APR271730-30"",""trade_id"":""f9416291-0b5a-670d-d6d2-d43dfcc765ba"",""yes_price_dollars"":""0.4000""}"
KXETH15M-26APR271730-30,3a0097a2-e76d-6a3e-d7d9-5e25c0659807,1777324587,0.4,0.37,yes,"{""count_fp"":""0.37"",""created_time"":""2026-04-27T21:16:27.916378Z"",""no_price_dollars"":""0.6000"",""taker_side"":""yes"",""ticker"":""KXETH15M-26APR271730-30"",""trade_id"":""3a0097a2-e76d-6a3e-d7d9-5e25c0659807"",""yes_price_dollars"":""0.4000""}"
KXETH15M-26APR271730-30,5d274051-1512-527c-a166-d17513211a8d,1777324588,0.41,70.0,yes,"{""count_fp"":""70.00"",""created_time"":""2026-04-27T21:16:28.393639Z"",""no_price_dollars"":""0.5900"",""taker_side"":""yes"",""ticker"":""KXETH15M-26APR271730-30"",""trade_id"":""5d274051-1512-527c-a166-d17513211a8d"",""yes_price_dollars"":""0.4100""}"
KXETH15M-26APR271730-30,245a915e-ae52-589b-907e-e6c350d37ed4,1777324588,0.41,2.0,yes,"{""count_fp"":""2.00"",""created_time"":""2026-04-27T21:16:28.393639Z"",""no_price_dollars"":""0.5900"",""taker_side"":""yes"",""ticker"":""KXETH15M-26APR271730-30"",""trade_id"":""245a915e-ae52-589b-907e-e6c350d37ed4"",""yes_price_dollars"":""0.4100""}"
KXETH15M-26APR271730-30,2810a5e7-0d39-7509-bc9e-84511aa79a54,1777324593,0.43,1.0,no,"{""count_fp"":""1.00"",""created_time"":""2026-04-27T21:16:33.891954Z"",""no_price_dollars"":""0.5700"",""taker_side"":""no"",""ticker"":""KXETH15M-26APR271730-30"",""trade_id"":""2810a5e7-0d39-7509-bc9e-84511aa79a54"",""yes_price_dollars"":""0.4300""}"
KXETH15M-26APR271730-30,3ff45d40-0c03-7f28-0d0c-8034149d5706,1777324594,0.43,0.85,no,"{""count_fp"":""0.85"",""created_time"":""2026-04-27T21:16:34.945891Z"",""no_price_dollars"":""0.5700"",""taker_side"":""no"",""ticker"":""KXETH15M-26APR271730-30"",""trade_id"":""3ff45d40-0c03-7f28-0d0c-8034149d5706"",""yes_price_dollars"":""0.4300""}"
KXETH15M-26APR271730-30,dae5d15f-a12f-5538-2b03-d89df145876a,1777324595,0.43,25.0,no,"{""count_fp"":""25.00"",""created_time"":""2026-04-27T21:16:35.953425Z"",""no_price_dollars"":""0.5700"",""taker_side"":""no"",""ticker"":""KXETH15M-26APR271730-30"",""trade_id"":""dae5d15f-a12f-5538-2b03-d89df145876a"",""yes_price_dollars"":""0.4300""}"
KXETH15M-26APR271730-30,450744ef-bae6-4620-dcd7-16468ad85ba2,1777324595,0.45,20.39,yes,"{""count_fp"":""20.39"",""created_time"":""2026-04-27T21:16:35.686569Z"",""no_price_dollars"":""0.5500"",""taker_side"":""yes"",""ticker"":""KXETH15M-26APR271730-30"",""trade_id"":""450744ef-bae6-4620-dcd7-16468ad85ba2"",""yes_price_dollars"":""0.4500""}"
KXETH15M-26APR271730-30,2378eda5-daba-4022-f326-4f8a6a784c51,1777324595,0.45,1.0,yes,"{""count_fp"":""1.00"",""created_time"":""2026-04-27T21:16:35.686569Z"",""no_price_dollars"":""0.5500"",""taker_side"":""yes"",""ticker"":""KXETH15M-26APR271730-30"",""trade_id"":""2378eda5-daba-4022-f326-4f8a6a784c51"",""yes_price_dollars"":""0.4500""}"
KXETH15M-26APR271730-30,f6aaaeb7-fc1f-5814-11cd-9a38d895af5e,1777324596,0.43,20.0,no,"{""count_fp"":""20.00"",""created_time"":""2026-04-27T21:16:36.215427Z"",""no_price_dollars"":""0.5700"",""taker_side"":""no"",""ticker"":""KXETH15M-26APR271730-30"",""trade_id"":""f6aaaeb7-fc1f-5814-11cd-9a38d895af5e"",""yes_price_dollars"":""0.4300""}"
KXETH15M-26APR271730-30,f57ede98-2e92-5d04-fe92-0c1865c63e8a,1777324598,0.45,4.27,yes,"{""count_fp"":""4.27"",""created_time"":""2026-04-27T21:16:38.466464Z"",""no_price_dollars"":""0.5500"",""taker_side"":""yes"",""ticker"":""KXETH15M-26APR271730-30"",""trade_id"":""f57ede98-2e92-5d04-fe92-0c1865c63e8a"",""yes_price_dollars"":""0.4500""}"
KXETH15M-26APR271730-30,77de4f88-d73f-5d57-a512-b8da863c3230,1777324600,0.46,10.0,yes,"{""count_fp"":""10.00"",""created_time"":""2026-04-27T21:16:40.697419Z"",""no_price_dollars"":""0.5400"",""taker_side"":""yes"",""ticker"":""KXETH15M-26APR271730-30"",""trade_id"":""77de4f88-d73f-5d57-a512-b8da863c3230"",""yes_price_dollars"":""0.4600""}"
KXETH15M-26APR271730-30,6a275f52-5e16-5d4f-b767-4afddd52dadd,1777324600,0.47,19.58,yes,"{""count_fp"":""19.58"",""created_time"":""2026-04-27T21:16:40.697419Z"",""no_price_dollars"":""0.5300"",""taker_side"":""yes"",""ticker"":""KXETH15M-26APR271730-30"",""trade_id"":""6a275f52-5e16-5d4f-b767-4afddd52dadd"",""yes_price_dollars"":""0.4700""}"
KXETH15M-26APR271730-30,5ca752e7-e708-5d74-a29c-a1ede68507e1,1777324600,0.45,1.0,yes,"{""count_fp"":""1.00"",""created_time"":""2026-04-27T21:16:40.697419Z"",""no_price_dollars"":""0.5500"",""taker_side"":""yes"",""ticker"":""KXETH15M-26APR271730-30"",""trade_id"":""5ca752e7-e708-5d74-a29c-a1ede68507e1"",""yes_price_dollars"":""0.4500""}"
KXETH15M-26APR271730-30,51562979-51fe-57e8-b2e7-a226f2f4ab5e,1777324600,0.45,75.34,yes,"{""count_fp"":""75.34"",""created_time"":""2026-04-27T21:16:40.697419Z"",""no_price_dollars"":""0.5500"",""taker_side"":""yes"",""ticker"":""KXETH15M-26APR271730-30"",""trade_id"":""51562979-51fe-57e8-b2e7-a226f2f4ab5e"",""yes_price_dollars"":""0.4500""}"
KXETH15M-26APR271730-30,d4a97fa5-437a-4c34-a878-770ea1172d58,1777324604,0.47,5.86,yes,"{""count_fp"":""5.86"",""created_time"":""2026-04-27T21:16:44.526119Z"",""no_price_dollars"":""0.5300"",""taker_side"":""yes"",""ticker"":""KXETH15M-26APR271730-30"",""trade_id"":""d4a97fa5-437a-4c34-a878-770ea1172d58"",""yes_price_dollars"":""0.4700""}"
KXETH15M-26APR271730-30,a0d780b6-45ff-4725-9a17-daa4055cc8d4,1777324604,0.44,100.0,yes,"{""count_fp"":""100.00"",""created_time"":""2026-04-27T21:16:44.526119Z"",""no_price_dollars"":""0.5600"",""taker_side"":""yes"",""ticker"":""KXETH15M-26APR271730-30"",""trade_id"":""a0d780b6-45ff-4725-9a17-daa4055cc8d4"",""yes_price_dollars"":""0.4400""}"
KXETH15M-26APR271730-30,10c50ab8-6e36-4fb9-8ef9-3a852534d80d,1777324604,0.45,1.0,yes,"{""count_fp"":""1.00"",""created_time"":""2026-04-27T21:16:44.526119Z"",""no_price_dollars"":""0.5500"",""taker_side"":""yes"",""ticker"":""KXETH15M-26APR271730-30"",""trade_id"":""10c50ab8-6e36-4fb9-8ef9-3a852534d80d"",""yes_price_dollars"":""0.4500""}"
KXETH15M-26APR271730-30,6b87cea8-27be-6492-b1b2-4c96e303a587,1777324608,0.44,76.06,yes,"{""count_fp"":""76.06"",""created_time"":""2026-04-27T21:16:48.320443Z"",""no_price_dollars"":""0.5600"",""taker_side"":""yes"",""ticker"":""KXETH15M-26APR271730-30"",""trade_id"":""6b87cea8-27be-6492-b1b2-4c96e303a587"",""yes_price_dollars"":""0.4400""}"
KXETH15M-26APR271730-30,8f26a4f5-ffeb-412c-1937-b02ed2cdff26,1777324609,0.43,4.0,no,"{""count_fp"":""4.00"",""created_time"":""2026-04-27T21:16:49.125589Z"",""no_price_dollars"":""0.5700"",""taker_side"":""no"",""ticker"":""KXETH15M-26APR271730-30"",""trade_id"":""8f26a4f5-ffeb-412c-1937-b02ed2cdff26"",""yes_price_dollars"":""0.4300""}"
KXETH15M-26APR271730-30,bc0ace8e-6c8b-5898-2259-8d22d30bc4ee,1777324610,0.43,40.0,no,"{""count_fp"":""40.00"",""created_time"":""2026-04-27T21:16:50.547484Z"",""no_price_dollars"":""0.5700"",""taker_side"":""no"",""ticker"":""KXETH15M-26APR271730-30"",""trade_id"":""bc0ace8e-6c8b-5898-2259-8d22d30bc4ee"",""yes_price_dollars"":""0.4300""}"
KXETH15M-26APR271730-30,3fdc5d24-8e0a-594e-963b-eaa326227c17,1777324611,0.44,23.0,yes,"{""count_fp"":""23.00"",""created_time"":""2026-04-27T21:16:51.059281Z"",""no_price_dollars"":""0.5600"",""taker_side"":""yes"",""ticker"":""KXETH15M-26APR271730-30"",""trade_id"":""3fdc5d24-8e0a-594e-963b-eaa326227c17"",""yes_price_dollars"":""0.4400""}"
KXETH15M-26APR271730-30,b4bc64cd-fd50-65ab-17e2-ead900bf93d6,1777324614,0.47,1.0,yes,"{""count_fp"":""1.00"",""created_time"":""2026-04-27T21:16:54.237161Z"",""no_price_dollars"":""0.5300"",""taker_side"":""yes"",""ticker"":""KXETH15M-26APR271730-30"",""trade_id"":""b4bc64cd-fd50-65ab-17e2-ead900bf93d6"",""yes_price_dollars"":""0.4700""}"
KXETH15M-26APR271730-30,444cff88-9f35-62a2-17cd-f70aecd9b9f7,1777324614,0.49,2.58,yes,"{""count_fp"":""2.58"",""created_time"":""2026-04-27T21:16:54.237161Z"",""no_price_dollars"":""0.5100"",""taker_side"":""yes"",""ticker"":""KXETH15M-26APR271730-30"",""trade_id"":""444cff88-9f35-62a2-17cd-f70aecd9b9f7"",""yes_price_dollars"":""0.4900""}"
KXETH15M-26APR271730-30,9ddea195-236b-5018-9f37-ac5a9cc95332,1777324620,0.46,2.0,no,"{""count_fp"":""2.00"",""created_time"":""2026-04-27T21:17:00.439581Z"",""no_price_dollars"":""0.5400"",""taker_side"":""no"",""ticker"":""KXETH15M-26APR271730-30"",""trade_id"":""9ddea195-236b-5018-9f37-ac5a9cc95332"",""yes_price_dollars"":""0.4600""}"
KXETH15M-26APR271730-30,8bbe7cef-030a-7b6f-c26e-a59c491d0952,1777324620,0.46,1.0,no,"{""count_fp"":""1.00"",""created_time"":""2026-04-27T21:17:00.348937Z"",""no_price_dollars"":""0.5400"",""taker_side"":""no"",""ticker"":""KXETH15M-26APR271730-30"",""trade_id"":""8bbe7cef-030a-7b6f-c26e-a59c491d0952"",""yes_price_dollars"":""0.4600""}"
KXETH15M-26APR271730-30,d33db2fd-189f-61e0-d235-8db2bdade77a,1777324622,0.46,1.0,no,"{""count_fp"":""1.00"",""created_time"":""2026-04-27T21:17:02.324245Z"",""no_price_dollars"":""0.5400"",""taker_side"":""no"",""ticker"":""KXETH15M-26APR271730-30"",""trade_id"":""d33db2fd-189f-61e0-d235-8db2bdade77a"",""yes_price_dollars"":""0.4600""}"
KXETH15M-26APR271730-30,74739349-b9a4-47cd-81fe-65c29dc2012b,1777324623,0.48,9.3,no,"{""count_fp"":""9.30"",""created_time"":""2026-04-27T21:17:03.966767Z"",""no_price_dollars"":""0.5200"",""taker_side"":""no"",""ticker"":""KXETH15M-26APR271730-30"",""trade_id"":""74739349-b9a4-47cd-81fe-65c29dc2012b"",""yes_price_dollars"":""0.4800""}"
KXETH15M-26APR271730-30,657f7290-99c7-551c-0d78-6ee95df7979a,1777324630,0.49,7.0,no,"{""count_fp"":""7.00"",""created_time"":""2026-04-27T21:17:10.547196Z"",""no_price_dollars"":""0.5100"",""taker_side"":""no"",""ticker"":""KXETH15M-26APR271730-30"",""trade_id"":""657f7290-99c7-551c-0d78-6ee95df7979a"",""yes_price_dollars"":""0.4900""}"
KXETH15M-26APR271730-30,9152b081-f255-71d4-3350-d9800d19310b,1777324632,0.5,1.0,yes,"{""count_fp"":""1.00"",""created_time"":""2026-04-27T21:17:12.834516Z"",""no_price_dollars"":""0.5000"",""taker_side"":""yes"",""ticker"":""KXETH15M-26APR271730-30"",""trade_id"":""9152b081-f255-71d4-3350-d9800d19310b"",""yes_price_dollars"":""0.5000""}"
KXETH15M-26APR271730-30,e38f4b92-8962-5767-3dbc-28bb534f6571,1777324634,0.51,1.0,yes,"{""count_fp"":""1.00"",""created_time"":""2026-04-27T21:17:14.053326Z"",""no_price_dollars"":""0.4900"",""taker_side"":""yes"",""ticker"":""KXETH15M-26APR271730-30"",""trade_id"":""e38f4b92-8962-5767-3dbc-28bb534f6571"",""yes_price_dollars"":""0.5100""}"
KXETH15M-26APR271730-30,f300761c-b3c3-4f68-2934-cadc0b02ea56,1777324635,0.51,30.0,no,"{""count_fp"":""30.00"",""created_time"":""2026-04-27T21:17:15.467208Z"",""no_price_dollars"":""0.4900"",""taker_side"":""no"",""ticker"":""KXETH15M-26APR271730-30"",""trade_id"":""f300761c-b3c3-4f68-2934-cadc0b02ea56"",""yes_price_dollars"":""0.5100""}"
KXETH15M-26APR271730-30,1213be8b-5b1f-5958-5053-b10a5f6f585c,1777324643,0.52,1.0,no,"{""count_fp"":""1.00"",""created_time"":""2026-04-27T21:17:23.833401Z"",""no_price_dollars"":""0.4800"",""taker_side"":""no"",""ticker"":""KXETH15M-26APR271730-30"",""trade_id"":""1213be8b-5b1f-5958-5053-b10a5f6f585c"",""yes_price_dollars"":""0.5200""}"
KXETH15M-26APR271730-30,7b01ae20-ac9f-5c35-0c5f-60a3bc251019,1777324646,0.52,10.34,no,"{""count_fp"":""10.34"",""created_time"":""2026-04-27T21:17:26.259606Z"",""no_price_dollars"":""0.4800"",""taker_side"":""no"",""ticker"":""KXETH15M-26APR271730-30"",""trade_id"":""7b01ae20-ac9f-5c35-0c5f-60a3bc251019"",""yes_price_dollars"":""0.5200""}"
KXETH15M-26APR271730-30,65d2680e-4213-53d4-00b7-adb7937a061c,1777324646,0.52,9.76,no,"{""count_fp"":""9.76"",""created_time"":""2026-04-27T21:17:26.259606Z"",""no_price_dollars"":""0.4800"",""taker_side"":""no"",""ticker"":""KXETH15M-26APR271730-30"",""trade_id"":""65d2680e-4213-53d4-00b7-adb7937a061c"",""yes_price_dollars"":""0.5200""}"
KXETH15M-26APR271730-30,4242e2a8-164d-7271-e90e-ed397483e07c,1777324656,0.53,1.0,yes,"{""count_fp"":""1.00"",""created_time"":""2026-04-27T21:17:36.710096Z"",""no_price_dollars"":""0.4700"",""taker_side"":""yes"",""ticker"":""KXETH15M-26APR271730-30"",""trade_id"":""4242e2a8-164d-7271-e90e-ed397483e07c"",""yes_price_dollars"":""0.5300""}"
KXETH15M-26APR271730-30,c06555a8-b0ef-6da5-2a5a-1ac9ccd7c101,1777324660,0.54,9.25,no,"{""count_fp"":""9.25"",""created_time"":""2026-04-27T21:17:40.715997Z"",""no_price_dollars"":""0.4600"",""taker_side"":""no"",""ticker"":""KXETH15M-26APR271730-30"",""trade_id"":""c06555a8-b0ef-6da5-2a5a-1ac9ccd7c101"",""yes_price_dollars"":""0.5400""}"
KXETH15M-26APR271730-30,47ee21f6-ea1c-615c-1ec3-58b760a61364,1777324660,0.54,1.0,no,"{""count_fp"":""1.00"",""created_time"":""2026-04-27T21:17:40.715997Z"",""no_price_dollars"":""0.4600"",""taker_side"":""no"",""ticker"":""KXETH15M-26APR271730-30"",""trade_id"":""47ee21f6-ea1c-615c-1ec3-58b760a61364"",""yes_price_dollars"":""0.5400""}"
KXETH15M-26APR271730-30,c71a3585-b361-6661-254e-82ba54e3f272,1777324660,0.54,1.0,yes,"{""count_fp"":""1.00"",""created_time"":""2026-04-27T21:17:40.463068Z"",""no_price_dollars"":""0.4600"",""taker_side"":""yes"",""ticker"":""KXETH15M-26APR271730-30"",""trade_id"":""c71a3585-b361-6661-254e-82ba54e3f272"",""yes_price_dollars"":""0.5400""}"
KXETH15M-26APR271730-30,ab5f0f96-8a03-691c-eb3c-f05e002ef9d4,1777324662,0.55,1.0,yes,"{""count_fp"":""1.00"",""created_time"":""2026-04-27T21:17:42.099128Z"",""no_price_dollars"":""0.4500"",""taker_side"":""yes"",""ticker"":""KXETH15M-26APR271730-30"",""trade_id"":""ab5f0f96-8a03-691c-eb3c-f05e002ef9d4"",""yes_price_dollars"":""0.5500""}"
KXETH15M-26APR271730-30,2f5dfa01-cc8e-6db3-12dd-aaa5ba9b6d16,1777324663,0.55,1.0,yes,"{""count_fp"":""1.00"",""created_time"":""2026-04-27T21:17:43.104748Z"",""no_price_dollars"":""0.4500"",""taker_side"":""yes"",""ticker"":""KXETH15M-26APR271730-30"",""trade_id"":""2f5dfa01-cc8e-6db3-12dd-aaa5ba9b6d16"",""yes_price_dollars"":""0.5500""}"
KXETH15M-26APR271730-30,719691a8-c006-4f03-757c-4bf9e8d3d58d,1777324666,0.58,1.0,yes,"{""count_fp"":""1.00"",""created_time"":""2026-04-27T21:17:46.347842Z"",""no_price_dollars"":""0.4200"",""taker_side"":""yes"",""ticker"":""KXETH15M-26APR271730-30"",""trade_id"":""719691a8-c006-4f03-757c-4bf9e8d3d58d"",""yes_price_dollars"":""0.5800""}"
KXETH15M-26APR271730-30,e015f62d-76e7-70ce-66e4-07ce222a6ade,1777324669,0.62,7.23,yes,"{""count_fp"":""7.23"",""created_time"":""2026-04-27T21:17:49.682895Z"",""no_price_dollars"":""0.3800"",""taker_side"":""yes"",""ticker"":""KXETH15M-26APR271730-30"",""trade_id"":""e015f62d-76e7-70ce-66e4-07ce222a6ade"",""yes_price_dollars"":""0.6200""}"
KXETH15M-26APR271730-30,9707cfa5-8a02-724b-5a5d-cae7d8e711ad,1777324669,0.6,1.0,yes,"{""count_fp"":""1.00"",""created_time"":""2026-04-27T21:17:49.682895Z"",""no_price_dollars"":""0.4000"",""taker_side"":""yes"",""ticker"":""KXETH15M-26APR271730-30"",""trade_id"":""9707cfa5-8a02-724b-5a5d-cae7d8e711ad"",""yes_price_dollars"":""0.6000""}"
KXETH15M-26APR271730-30,b705d51d-10d9-633e-7c5d-77a02e2a28e8,1777324669,0.59,0.16,yes,"{""count_fp"":""0.16"",""created_time"":""2026-04-27T21:17:49.124707Z"",""no_price_dollars"":""0.4100"",""taker_side"":""yes"",""ticker"":""KXETH15M-26APR271730-30"",""trade_id"":""b705d51d-10d9-633e-7c5d-77a02e2a28e8"",""yes_price_dollars"":""0.5900""}"
KXETH15M-26APR271730-30,c9837cc1-4f54-593b-691c-3e80fa06e54e,1777324670,0.59,3.04,no,"{""count_fp"":""3.04"",""created_time"":""2026-04-27T21:17:50.341225Z"",""no_price_dollars"":""0.4100"",""taker_side"":""no"",""ticker"":""KXETH15M-26APR271730-30"",""trade_id"":""c9837cc1-4f54-593b-691c-3e80fa06e54e"",""yes_price_dollars"":""0.5900""}"
KXETH15M-26APR271730-30,d7a61f6f-eb6f-5f81-8d00-6f5fbfdeeaf5,1777324674,0.59,13.63,no,"{""count_fp"":""13.63"",""created_time"":""2026-04-27T21:17:54.048021Z"",""no_price_dollars"":""0.4100"",""taker_side"":""no"",""ticker"":""KXETH15M-26APR271730-30"",""trade_id"":""d7a61f6f-eb6f-5f81-8d00-6f5fbfdeeaf5"",""yes_price_dollars"":""0.5900""}"
KXETH15M-26APR271730-30,39607c57-2904-5ebb-be11-8a985a5f25e6,1777324674,0.59,7.76,no,"{""count_fp"":""7.76"",""created_time"":""2026-04-27T21:17:54.048021Z"",""no_price_dollars"":""0.4100"",""taker_side"":""no"",""ticker"":""KXETH15M-26APR271730-30"",""trade_id"":""39607c57-2904-5ebb-be11-8a985a5f25e6"",""yes_price_dollars"":""0.5900""}"
KXETH15M-26APR271730-30,bc6b5264-4771-4327-249f-2d947c140b24,1777324677,0.65,10.0,yes,"{""count_fp"":""10.00"",""created_time"":""2026-04-27T21:17:57.602191Z"",""no_price_dollars"":""0.3500"",""taker_side"":""yes"",""ticker"":""KXETH15M-26APR271730-30"",""trade_id"":""bc6b5264-4771-4327-249f-2d947c140b24"",""yes_price_dollars"":""0.6500""}"
KXETH15M-26APR271730-30,54031a03-8207-42cc-21d3-4466f60ebe58,1777324677,0.6,1.0,yes,"{""count_fp"":""1.00"",""created_time"":""2026-04-27T21:17:57.602191Z"",""no_price_dollars"":""0.4000"",""taker_side"":""yes"",""ticker"":""KXETH15M-26APR271730-30"",""trade_id"":""54031a03-8207-42cc-21d3-4466f60ebe58"",""yes_price_dollars"":""0.6000""}"
KXETH15M-26APR271730-30,3d938a75-7bf1-42b5-393c-540b5d4a26b2,1777324677,0.63,2.0,yes,"{""count_fp"":""2.00"",""created_time"":""2026-04-27T21:17:57.602191Z"",""no_price_dollars"":""0.3700"",""taker_side"":""yes"",""ticker"":""KXETH15M-26APR271730-30"",""trade_id"":""3d938a75-7bf1-42b5-393c-540b5d4a26b2"",""yes_price_dollars"":""0.6300""}"
KXETH15M-26APR271730-30,26be1dfa-a6e4-4cd8-3344-14620de83dfb,1777324677,0.66,2.1,yes,"{""count_fp"":""2.10"",""created_time"":""2026-04-27T21:17:57.602191Z"",""no_price_dollars"":""0.3400"",""taker_side"":""yes"",""ticker"":""KXETH15M-26APR271730-30"",""trade_id"":""26be1dfa-a6e4-4cd8-3344-14620de83dfb"",""yes_price_dollars"":""0.6600""}"
KXETH15M-26APR271730-30,a09016ea-4012-5773-1c05-db7027940e04,1777324682,0.67,1.0,yes,"{""count_fp"":""1.00"",""created_time"":""2026-04-27T21:18:02.969215Z"",""no_price_dollars"":""0.3300"",""taker_side"":""yes"",""ticker"":""KXETH15M-26APR271730-30"",""trade_id"":""a09016ea-4012-5773-1c05-db7027940e04"",""yes_price_dollars"":""0.6700""}"
KXETH15M-26APR271730-30,43c309dc-b04c-5450-2cc6-0e6b1e5950e7,1777324682,0.68,9.03,yes,"{""count_fp"":""9.03"",""created_time"":""2026-04-27T21:18:02.969215Z"",""no_price_dollars"":""0.3200"",""taker_side"":""yes"",""ticker"":""KXETH15M-26APR271730-30"",""trade_id"":""43c309dc-b04c-5450-2cc6-0e6b1e5950e7"",""yes_price_dollars"":""0.6800""}"
KXETH15M-26APR271730-30,367c91ca-7e5f-4baf-4761-8cb0c3a26498,1777324682,0.67,1.0,yes,"{""count_fp"":""1.00"",""created_time"":""2026-04-27T21:18:02.723152Z"",""no_price_dollars"":""0.3300"",""taker_side"":""yes"",""ticker"":""KXETH15M-26APR271730-30"",""trade_id"":""367c91ca-7e5f-4baf-4761-8cb0c3a26498"",""yes_price_dollars"":""0.6700""}"
KXETH15M-26APR271730-30,056be219-0bb8-47d0-6c9a-cb2e265ac6db,1777324682,0.68,6.0,yes,"{""count_fp"":""6.00"",""created_time"":""2026-04-27T21:18:02.723152Z"",""no_price_dollars"":""0.3200"",""taker_side"":""yes"",""ticker"":""KXETH15M-26APR271730-30"",""trade_id"":""056be219-0bb8-47d0-6c9a-cb2e265ac6db"",""yes_price_dollars"":""0.6800""}"
KXETH15M-26APR271730-30,c5f5a9ed-74a0-63a3-c04e-4dcc4586cfb0,1777324682,0.64,1.0,no,"{""count_fp"":""1.00"",""created_time"":""2026-04-27T21:18:02.589627Z"",""no_price_dollars"":""0.3600"",""taker_side"":""no"",""ticker"":""KXETH15M-26APR271730-30"",""trade_id"":""c5f5a9ed-74a0-63a3-c04e-4dcc4586cfb0"",""yes_price_dollars"":""0.6400""}"
KXETH15M-26APR271730-30,018e6614-da47-62d9-e78d-d15a6fc85399,1777324682,0.64,3.68,no,"{""count_fp"":""3.68"",""created_time"":""2026-04-27T21:18:02.589627Z"",""no_price_dollars"":""0.3600"",""taker_side"":""no"",""ticker"":""KXETH15M-26APR271730-30"",""trade_id"":""018e6614-da47-62d9-e78d-d15a6fc85399"",""yes_price_dollars"":""0.6400""}"
KXETH15M-26APR271730-30,516dbbbd-0b62-6296-49c5-5f9519500d1a,1777324682,0.66,1.0,yes,"{""count_fp"":""1.00"",""created_time"":""2026-04-27T21:18:02.418169Z"",""no_price_dollars"":""0.3400"",""taker_side"":""yes"",""ticker"":""KXETH15M-26APR271730-30"",""trade_id"":""516dbbbd-0b62-6296-49c5-5f9519500d1a"",""yes_price_dollars"":""0.6600""}"
KXETH15M-26APR271730-30,7588d598-2c9c-43c6-bfca-e5ff4ccfd953,1777324683,0.67,1.0,yes,"{""count_fp"":""1.00"",""created_time"":""2026-04-27T21:18:03.356156Z"",""no_price_dollars"":""0.3300"",""taker_side"":""yes"",""ticker"":""KXETH15M-26APR271730-30"",""trade_id"":""7588d598-2c9c-43c6-bfca-e5ff4ccfd953"",""yes_price_dollars"":""0.6700""}"
KXETH15M-26APR271730-30,d460e739-9250-7a20-b692-456adaad55df,1777324685,0.68,2.0,yes,"{""count_fp"":""2.00"",""created_time"":""2026-04-27T21:18:05.282753Z"",""no_price_dollars"":""0.3200"",""taker_side"":""yes"",""ticker"":""KXETH15M-26APR271730-30"",""trade_id"":""d460e739-9250-7a20-b692-456adaad55df"",""yes_price_dollars"":""0.6800""}"
KXETH15M-26APR271730-30,1b124364-0900-5938-0a73-fc957b36f852,1777324685,0.65,5.0,no,"{""count_fp"":""5.00"",""created_time"":""2026-04-27T21:18:05.263741Z"",""no_price_dollars"":""0.3500"",""taker_side"":""no"",""ticker"":""KXETH15M-26APR271730-30"",""trade_id"":""1b124364-0900-5938-0a73-fc957b36f852"",""yes_price_dollars"":""0.6500""}"
KXETH15M-26APR271730-30,0fb97763-5380-5fa8-0174-99951d02403b,1777324686,0.68,7.19,yes,"{""count_fp"":""7.19"",""created_time"":""2026-04-27T21:18:06.734792Z"",""no_price_dollars"":""0.3200"",""taker_side"":""yes"",""ticker"":""KXETH15M-26APR271730-30"",""trade_id"":""0fb97763-5380-5fa8-0174-99951d02403b"",""yes_price_dollars"":""0.6800""}"
KXETH15M-26APR271730-30,774bcf35-5fa4-6fa8-9f40-91c5a810ebe6,1777324686,0.65,1.0,no,"{""count_fp"":""1.00"",""created_time"":""2026-04-27T21:18:06.260485Z"",""no_price_dollars"":""0.3500"",""taker_side"":""no"",""ticker"":""KXETH15M-26APR271730-30"",""trade_id"":""774bcf35-5fa4-6fa8-9f40-91c5a810ebe6"",""yes_price_dollars"":""0.6500""}"
KXETH15M-26APR271730-30,36b10352-da33-688e-94b2-613de95440ff,1777324686,0.65,3.27,no,"{""count_fp"":""3.27"",""created_time"":""2026-04-27T21:18:06.260485Z"",""no_price_dollars"":""0.3500"",""taker_side"":""no"",""ticker"":""KXETH15M-26APR271730-30"",""trade_id"":""36b10352-da33-688e-94b2-613de95440ff"",""yes_price_dollars"":""0.6500""}"
KXETH15M-26APR271730-30,f0dd32f6-89a8-7a48-7b3f-6a971b27b82b,1777324689,0.68,2.0,yes,"{""count_fp"":""2.00"",""created_time"":""2026-04-27T21:18:09.409577Z"",""no_price_dollars"":""0.3200"",""taker_side"":""yes"",""ticker"":""KXETH15M-26APR271730-30"",""trade_id"":""f0dd32f6-89a8-7a48-7b3f-6a971b27b82b"",""yes_price_dollars"":""0.6800""}"
KXETH15M-26APR271730-30,45ccbb75-6788-4a18-cafe-932ef6385503,1777324691,0.68,1.0,yes,"{""count_fp"":""1.00"",""created_time"":""2026-04-27T21:18:11.808495Z"",""no_price_dollars"":""0.3200"",""taker_side"":""yes"",""ticker"":""KXETH15M-26APR271730-30"",""trade_id"":""45ccbb75-6788-4a18-cafe-932ef6385503"",""yes_price_dollars"":""0.6800""}"
KXETH15M-26APR271730-30,c1c1d3af-a7c8-6cd0-ccc5-7d9efbe8290f,1777324691,0.68,1.0,yes,"{""count_fp"":""1.00"",""created_time"":""2026-04-27T21:18:11.475763Z"",""no_price_dollars"":""0.3200"",""taker_side"":""yes"",""ticker"":""KXETH15M-26APR271730-30"",""trade_id"":""c1c1d3af-a7c8-6cd0-ccc5-7d9efbe8290f"",""yes_price_dollars"":""0.6800""}"
KXETH15M-26APR271730-30,a1bd1430-3aac-4e14-e60b-eb98c3fa126b,1777324691,0.68,24.0,yes,"{""count_fp"":""24.00"",""created_time"":""2026-04-27T21:18:11.169454Z"",""no_price_dollars"":""0.3200"",""taker_side"":""yes"",""ticker"":""KXETH15M-26APR271730-30"",""trade_id"":""a1bd1430-3aac-4e14-e60b-eb98c3fa126b"",""yes_price_dollars"":""0.6800""}"
KXETH15M-26APR271730-30,a9cdef2f-3a80-6f4c-05ff-a779e6967bb7,1777324692,0.68,24.45,yes,"{""count_fp"":""24.45"",""created_time"":""2026-04-27T21:18:12.922594Z"",""no_price_dollars"":""0.3200"",""taker_side"":""yes"",""ticker"":""KXETH15M-26APR271730-30"",""trade_id"":""a9cdef2f-3a80-6f4c-05ff-a779e6967bb7"",""yes_price_dollars"":""0.6800""}"
KXETH15M-26APR271730-30,1b983be4-2518-4224-ec81-e70882adc353,1777324693,0.68,5.45,yes,"{""count_fp"":""5.45"",""created_time"":""2026-04-27T21:18:13.670377Z"",""no_price_dollars"":""0.3200"",""taker_side"":""yes"",""ticker"":""KXETH15M-26APR271730-30"",""trade_id"":""1b983be4-2518-4224-ec81-e70882adc353"",""yes_price_dollars"":""0.6800""}"
KXETH15M-26APR271730-30,ca7af0cd-a94a-6881-9ba6-288f284edc8f,1777324693,0.67,1.0,no,"{""count_fp"":""1.00"",""created_time"":""2026-04-27T21:18:13.590606Z"",""no_price_dollars"":""0.3300"",""taker_side"":""no"",""ticker"":""KXETH15M-26APR271730-30"",""trade_id"":""ca7af0cd-a94a-6881-9ba6-288f284edc8f"",""yes_price_dollars"":""0.6700""}"
KXETH15M-26APR271730-30,61393af1-eeea-640f-96a3-d6700f5b0969,1777324693,0.66,7.43,no,"{""count_fp"":""7.43"",""created_time"":""2026-04-27T21:18:13.590606Z"",""no_price_dollars"":""0.3400"",""taker_side"":""no"",""ticker"":""KXETH15M-26APR271730-30"",""trade_id"":""61393af1-eeea-640f-96a3-d6700f5b0969"",""yes_price_dollars"":""0.6600""}"
KXETH15M-26APR271730-30,aae9d723-8620-5c9c-25f5-5f26b3c97987,1777324696,0.68,4.31,yes,"{""count_fp"":""4.31"",""created_time"":""2026-04-27T21:18:16.224647Z"",""no_price_dollars"":""0.3200"",""taker_side"":""yes"",""ticker"":""KXETH15M-26APR271730-30"",""trade_id"":""aae9d723-8620-5c9c-25f5-5f26b3c97987"",""yes_price_dollars"":""0.6800""}"
KXETH15M-26APR271730-30,36a38822-5563-583c-9513-32e6599d02ca,1777324708,0.7,1.0,yes,"{""count_fp"":""1.00"",""created_time"":""2026-04-27T21:18:28.450206Z"",""no_price_dollars"":""0.3000"",""taker_side"":""yes"",""ticker"":""KXETH15M-26APR271730-30"",""trade_id"":""36a38822-5563-583c-9513-32e6599d02ca"",""yes_price_dollars"":""0.7000""}"
KXETH15M-26APR271730-30,cf96e5ab-1d08-4a92-f65b-b54abf652097,1777324709,0.69,5.31,no,"{""count_fp"":""5.31"",""created_time"":""2026-04-27T21:18:29.805145Z"",""no_price_dollars"":""0.3100"",""taker_side"":""no"",""ticker"":""KXETH15M-26APR271730-30"",""trade_id"":""cf96e5ab-1d08-4a92-f65b-b54abf652097"",""yes_price_dollars"":""0.6900""}"
KXETH15M-26APR271730-30,e8404e73-4d4a-5aa0-c659-403bb7c2b095,1777324712,0.73,1.0,yes,"{""count_fp"":""1.00"",""created_time"":""2026-04-27T21:18:32.381128Z"",""no_price_dollars"":""0.2700"",""taker_side"":""yes"",""ticker"":""KXETH15M-26APR271730-30"",""trade_id"":""e8404e73-4d4a-5aa0-c659-403bb7c2b095"",""yes_price_dollars"":""0.7300""}"
KXETH15M-26APR271730-30,b666e45d-a510-5399-cf6b-578f2503b723,1777324712,0.73,1.32,yes,"{""count_fp"":""1.32"",""created_time"":""2026-04-27T21:18:32.381128Z"",""no_price_dollars"":""0.2700"",""taker_side"":""yes"",""ticker"":""KXETH15M-26APR271730-30"",""trade_id"":""b666e45d-a510-5399-cf6b-578f2503b723"",""yes_price_dollars"":""0.7300""}"
KXETH15M-26APR271730-30,5c2e2e32-9f27-5c95-ef6e-1afbf8a97720,1777324712,0.73,1.0,yes,"{""count_fp"":""1.00"",""created_time"":""2026-04-27T21:18:32.381128Z"",""no_price_dollars"":""0.2700"",""taker_side"":""yes"",""ticker"":""KXETH15M-26APR271730-30"",""trade_id"":""5c2e2e32-9f27-5c95-ef6e-1afbf8a97720"",""yes_price_dollars"":""0.7300""}"
KXETH15M-26APR271730-30,114bf344-f153-5e1d-fafe-e28310e4f980,1777324712,0.73,10.0,yes,"{""count_fp"":""10.00"",""created_time"":""2026-04-27T21:18:32.381128Z"",""no_price_dollars"":""0.2700"",""taker_side"":""yes"",""ticker"":""KXETH15M-26APR271730-30"",""trade_id"":""114bf344-f153-5e1d-fafe-e28310e4f980"",""yes_price_dollars"":""0.7300""}"
KXETH15M-26APR271730-30,cd07d6ac-b593-7ec1-443e-2d213fa47709,1777324713,0.69,13.99,no,"{""count_fp"":""13.99"",""created_time"":""2026-04-27T21:18:33.886175Z"",""no_price_dollars"":""0.3100"",""taker_side"":""no"",""ticker"":""KXETH15M-26APR271730-30"",""trade_id"":""cd07d6ac-b593-7ec1-443e-2d213fa47709"",""yes_price_dollars"":""0.6900""}"
KXETH15M-26APR271730-30,03575e33-480a-71fd-5f89-baec93039b0f,1777324713,0.69,10.0,no,"{""count_fp"":""10.00"",""created_time"":""2026-04-27T21:18:33.886175Z"",""no_price_dollars"":""0.3100"",""taker_side"":""no"",""ticker"":""KXETH15M-26APR271730-30"",""trade_id"":""03575e33-480a-71fd-5f89-baec93039b0f"",""yes_price_dollars"":""0.6900""}"
KXETH15M-26APR271730-30,e810fe8a-1fd0-7798-95a1-6152e0d2514b,1777324717,0.73,18.95,yes,"{""count_fp"":""18.95"",""created_time"":""2026-04-27T21:18:37.109975Z"",""no_price_dollars"":""0.2700"",""taker_side"":""yes"",""ticker"":""KXETH15M-26APR271730-30"",""trade_id"":""e810fe8a-1fd0-7798-95a1-6152e0d2514b"",""yes_price_dollars"":""0.7300""}"
KXETH15M-26APR271730-30,83c7b4dd-5980-713d-b055-1c1091cc1e53,1777324717,0.73,7.93,yes,"{""count_fp"":""7.93"",""created_time"":""2026-04-27T21:18:37.109975Z"",""no_price_dollars"":""0.2700"",""taker_side"":""yes"",""ticker"":""KXETH15M-26APR271730-30"",""trade_id"":""83c7b4dd-5980-713d-b055-1c1091cc1e53"",""yes_price_dollars"":""0.7300""}"
KXETH15M-26APR271730-30,d8a75255-54a2-7fa3-b32e-e89747be5913,1777324721,0.73,10.0,yes,"{""count_fp"":""10.00"",""created_time"":""2026-04-27T21:18:41.214751Z"",""no_price_dollars"":""0.2700"",""taker_side"":""yes"",""ticker"":""KXETH15M-26APR271730-30"",""trade_id"":""d8a75255-54a2-7fa3-b32e-e89747be5913"",""yes_price_dollars"":""0.7300""}"
KXETH15M-26APR271730-30,8049b32d-a79d-45c4-86d4-d4938dc843cf,1777324723,0.75,1.0,yes,"{""count_fp"":""1.00"",""created_time"":""2026-04-27T21:18:43.808691Z"",""no_price_dollars"":""0.2500"",""taker_side"":""yes"",""ticker"":""KXETH15M-26APR271730-30"",""trade_id"":""8049b32d-a79d-45c4-86d4-d4938dc843cf"",""yes_price_dollars"":""0.7500""}"
KXETH15M-26APR271730-30,9211b428-8e00-6ef0-bb5a-8efe9f55755b,1777324724,0.75,4.1,yes,"{""count_fp"":""4.10"",""created_time"":""2026-04-27T21:18:44.879902Z"",""no_price_dollars"":""0.2500"",""taker_side"":""yes"",""ticker"":""KXETH15M-26APR271730-30"",""trade_id"":""9211b428-8e00-6ef0-bb5a-8efe9f55755b"",""yes_price_dollars"":""0.7500""}"
KXETH15M-26APR271730-30,49fcba70-0399-69d8-9afa-ca73d2c447b7,1777324724,0.75,9.0,yes,"{""count_fp"":""9.00"",""created_time"":""2026-04-27T21:18:44.879902Z"",""no_price_dollars"":""0.2500"",""taker_side"":""yes"",""ticker"":""KXETH15M-26APR271730-30"",""trade_id"":""49fcba70-0399-69d8-9afa-ca73d2c447b7"",""yes_price_dollars"":""0.7500""}"
KXETH15M-26APR271730-30,a95c7cb2-36d0-61c4-59c6-6bab9d1717c7,1777324725,0.75,5.24,yes,"{""count_fp"":""5.24"",""created_time"":""2026-04-27T21:18:45.490405Z"",""no_price_dollars"":""0.2500"",""taker_side"":""yes"",""ticker"":""KXETH15M-26APR271730-30"",""trade_id"":""a95c7cb2-36d0-61c4-59c6-6bab9d1717c7"",""yes_price_dollars"":""0.7500""}"
KXETH15M-26APR271730-30,374ec2f5-13c0-55e0-aa06-9f40f68dde07,1777324726,0.75,38.94,yes,"{""count_fp"":""38.94"",""created_time"":""2026-04-27T21:18:46.929437Z"",""no_price_dollars"":""0.2500"",""taker_side"":""yes"",""ticker"":""KXETH15M-26APR271730-30"",""trade_id"":""374ec2f5-13c0-55e0-aa06-9f40f68dde07"",""yes_price_dollars"":""0.7500""}"
KXETH15M-26APR271730-30,63276219-8df8-76b8-81db-f56a947f3b8b,1777324726,0.75,2.62,yes,"{""count_fp"":""2.62"",""created_time"":""2026-04-27T21:18:46.060854Z"",""no_price_dollars"":""0.2500"",""taker_side"":""yes"",""ticker"":""KXETH15M-26APR271730-30"",""trade_id"":""63276219-8df8-76b8-81db-f56a947f3b8b"",""yes_price_dollars"":""0.7500""}"
KXETH15M-26APR271730-30,8fd75b91-bd8a-6c98-4223-cf08e6f82fe5,1777324727,0.72,7.89,no,"{""count_fp"":""7.89"",""created_time"":""2026-04-27T21:18:47.350834Z"",""no_price_dollars"":""0.2800"",""taker_side"":""no"",""ticker"":""KXETH15M-26APR271730-30"",""trade_id"":""8fd75b91-bd8a-6c98-4223-cf08e6f82fe5"",""yes_price_dollars"":""0.7200""}"
KXETH15M-26APR271730-30,4da9de5e-b1eb-736d-edfc-e7d2936fee25,1777324730,0.72,0.16,no,"{""count_fp"":""0.16"",""created_time"":""2026-04-27T21:18:50.872356Z"",""no_price_dollars"":""0.2800"",""taker_side"":""no"",""ticker"":""KXETH15M-26APR271730-30"",""trade_id"":""4da9de5e-b1eb-736d-edfc-e7d2936fee25"",""yes_price_dollars"":""0.7200""}"
KXETH15M-26APR271730-30,56fd4de5-8ffd-7fdf-04a2-b747fc3832d0,1777324730,0.72,7.19,no,"{""count_fp"":""7.19"",""created_time"":""2026-04-27T21:18:50.811681Z"",""no_price_dollars"":""0.2800"",""taker_side"":""no"",""ticker"":""KXETH15M-26APR271730-30"",""trade_id"":""56fd4de5-8ffd-7fdf-04a2-b747fc3832d0"",""yes_price_dollars"":""0.7200""}"
KXETH15M-26APR271730-30,ea8ca06d-454e-6895-bebe-f5de971e447d,1777324735,0.66,10.0,no,"{""count_fp"":""10.00"",""created_time"":""2026-04-27T21:18:55.494524Z"",""no_price_dollars"":""0.3400"",""taker_side"":""no"",""ticker"":""KXETH15M-26APR271730-30"",""trade_id"":""ea8ca06d-454e-6895-bebe-f5de971e447d"",""yes_price_dollars"":""0.6600""}"
KXETH15M-26APR271730-30,a127a182-4c97-6b46-919b-5b8ee0bad44e,1777324735,0.66,50.0,no,"{""count_fp"":""50.00"",""created_time"":""2026-04-27T21:18:55.494524Z"",""no_price_dollars"":""0.3400"",""taker_side"":""no"",""ticker"":""KXETH15M-26APR271730-30"",""trade_id"":""a127a182-4c97-6b46-919b-5b8ee0bad44e"",""yes_price_dollars"":""0.6600""}"
KXETH15M-26APR271730-30,a1892c44-df8f-77bc-5591-4bfd817de0a0,1777324735,0.7,10.33,yes,"{""count_fp"":""10.33"",""created_time"":""2026-04-27T21:18:55.101916Z"",""no_price_dollars"":""0.3000"",""taker_side"":""yes"",""ticker"":""KXETH15M-26APR271730-30"",""trade_id"":""a1892c44-df8f-77bc-5591-4bfd817de0a0"",""yes_price_dollars"":""0.7000""}"
KXETH15M-26APR271730-30,3d27b83f-50a5-7285-6595-533bb255c267,1777324735,0.7,1.0,yes,"{""count_fp"":""1.00"",""created_time"":""2026-04-27T21:18:55.101916Z"",""no_price_dollars"":""0.3000"",""taker_side"":""yes"",""ticker"":""KXETH15M-26APR271730-30"",""trade_id"":""3d27b83f-50a5-7285-6595-533bb255c267"",""yes_price_dollars"":""0.7000""}"
KXETH15M-26APR271730-30,443fc63d-2c7a-589a-32c2-ec1091f8a088,1777324739,0.64,3.0,yes,"{""count_fp"":""3.00"",""created_time"":""2026-04-27T21:18:59.629165Z"",""no_price_dollars"":""0.3600"",""taker_side"":""yes"",""ticker"":""KXETH15M-26APR271730-30"",""trade_id"":""443fc63d-2c7a-589a-32c2-ec1091f8a088"",""yes_price_dollars"":""0.6400""}"
KXETH15M-26APR271730-30,f9893449-a675-7c8b-4f97-e35d00de6831,1777324740,0.58,1.56,no,"{""count_fp"":""1.56"",""created_time"":""2026-04-27T21:19:00.948038Z"",""no_price_dollars"":""0.4200"",""taker_side"":""no"",""ticker"":""KXETH15M-26APR271730-30"",""trade_id"":""f9893449-a675-7c8b-4f97-e35d00de6831"",""yes_price_dollars"":""0.5800""}"
KXETH15M-26APR271730-30,da8bc83d-465a-7b26-4d97-ab6c0fd3c261,1777324740,0.6,5.0,no,"{""count_fp"":""5.00"",""created_time"":""2026-04-27T21:19:00.948038Z"",""no_price_dollars"":""0.4000"",""taker_side"":""no"",""ticker"":""KXETH15M-26APR271730-30"",""trade_id"":""da8bc83d-465a-7b26-4d97-ab6c0fd3c261"",""yes_price_dollars"":""0.6000""}"
KXETH15M-26APR271730-30,8dd9324e-9121-780d-7fe6-09c5b42eaea6,1777324740,0.62,40.0,no,"{""count_fp"":""40.00"",""created_time"":""2026-04-27T21:19:00.948038Z"",""no_price_dollars"":""0.3800"",""taker_side"":""no"",""ticker"":""KXETH15M-26APR271730-30"",""trade_id"":""8dd9324e-9121-780d-7fe6-09c5b42eaea6"",""yes_price_dollars"":""0.6200""}"
KXETH15M-26APR271730-30,2519a15a-2ce3-7d15-5392-de8700c7b107,1777324740,0.59,10.0,no,"{""count_fp"":""10.00"",""created_time"":""2026-04-27T21:19:00.948038Z"",""no_price_dollars"":""0.4100"",""taker_side"":""no"",""ticker"":""KXETH15M-26APR271730-30"",""trade_id"":""2519a15a-2ce3-7d15-5392-de8700c7b107"",""yes_price_dollars"":""0.5900""}"
KXETH15M-26APR271730-30,b55c7ce5-a638-4f2c-eaec-f1651b49973f,1777324740,0.64,9.0,yes,"{""count_fp"":""9.00"",""created_time"":""2026-04-27T21:19:00.559151Z"",""no_price_dollars"":""0.3600"",""taker_side"":""yes"",""ticker"":""KXETH15M-26APR271730-30"",""trade_id"":""b55c7ce5-a638-4f2c-eaec-f1651b49973f"",""yes_price_dollars"":""0.6400""}"
KXETH15M-26APR271730-30,5fd1325a-5b74-4212-dd77-2559da5b08f2,1777324740,0.64,1.0,yes,"{""count_fp"":""1.00"",""created_time"":""2026-04-27T21:19:00.559151Z"",""no_price_dollars"":""0.3600"",""taker_side"":""yes"",""ticker"":""KXETH15M-26APR271730-30"",""trade_id"":""5fd1325a-5b74-4212-dd77-2559da5b08f2"",""yes_price_dollars"":""0.6400""}"
KXETH15M-26APR271730-30,ee7c13fa-7c8d-769b-2f88-b56038d9ab45,1777324747,0.56,5.0,no,"{""count_fp"":""5.00"",""created_time"":""2026-04-27T21:19:07.740211Z"",""no_price_dollars"":""0.4400"",""taker_side"":""no"",""ticker"":""KXETH15M-26APR271730-30"",""trade_id"":""ee7c13fa-7c8d-769b-2f88-b56038d9ab45"",""yes_price_dollars"":""0.5600""}"
KXETH15M-26APR271730-30,7ab9f9ff-857b-7bcd-2842-9f286a792381,1777324747,0.56,76.57,no,"{""count_fp"":""76.57"",""created_time"":""2026-04-27T21:19:07.740211Z"",""no_price_dollars"":""0.4400"",""taker_side"":""no"",""ticker"":""KXETH15M-26APR271730-30"",""trade_id"":""7ab9f9ff-857b-7bcd-2842-9f286a792381"",""yes_price_dollars"":""0.5600""}"
KXETH15M-26APR271730-30,2f22313d-8df5-7183-3a91-4c233c58e629,1777324747,0.58,37.43,no,"{""count_fp"":""37.43"",""created_time"":""2026-04-27T21:19:07.740211Z"",""no_price_dollars"":""0.4200"",""taker_side"":""no"",""ticker"":""KXETH15M-26APR271730-30"",""trade_id"":""2f22313d-8df5-7183-3a91-4c233c58e629"",""yes_price_dollars"":""0.5800""}"
KXETH15M-26APR271730-30,81fb53e9-99dd-56bf-f659-0116a63614a9,1777324747,0.58,6.01,no,"{""count_fp"":""6.01"",""created_time"":""2026-04-27T21:19:07.514692Z"",""no_price_dollars"":""0.4200"",""taker_side"":""no"",""ticker"":""KXETH15M-26APR271730-30"",""trade_id"":""81fb53e9-99dd-56bf-f659-0116a63614a9"",""yes_price_dollars"":""0.5800""}"
KXETH15M-26APR271730-30,2b6a6dcc-750c-5584-ec12-78ec286f9a6b,1777324747,0.59,10.0,no,"{""count_fp"":""10.00"",""created_time"":""2026-04-27T21:19:07.514692Z"",""no_price_dollars"":""0.4100"",""taker_side"":""no"",""ticker"":""KXETH15M-26APR271730-30"",""trade_id"":""2b6a6dcc-750c-5584-ec12-78ec286f9a6b"",""yes_price_dollars"":""0.5900""}"
KXETH15M-26APR271730-30,dc38647b-7376-43a0-0593-dc2ce88751df,1777324747,0.6,1.0,yes,"{""count_fp"":""1.00"",""created_time"":""2026-04-27T21:19:07.158239Z"",""no_price_dollars"":""0.4000"",""taker_side"":""yes"",""ticker"":""KXETH15M-26APR271730-30"",""trade_id"":""dc38647b-7376-43a0-0593-dc2ce88751df"",""yes_price_dollars"":""0.6000""}"
KXETH15M-26APR271730-30,0e541d2c-3345-49ca-046d-85da048d0d43,1777324747,0.62,0.54,yes,"{""count_fp"":""0.54"",""created_time"":""2026-04-27T21:19:07.158239Z"",""no_price_dollars"":""0.3800"",""taker_side"":""yes"",""ticker"":""KXETH15M-26APR271730-30"",""trade_id"":""0e541d2c-3345-49ca-046d-85da048d0d43"",""yes_price_dollars"":""0.6200""}"
KXETH15M-26APR271730-30,e021f4fd-633a-7732-a45c-7ec49b613d8e,1777324751,0.6,1.0,no,"{""count_fp"":""1.00"",""created_time"":""2026-04-27T21:19:11.361052Z"",""no_price_dollars"":""0.4000"",""taker_side"":""no"",""ticker"":""KXETH15M-26APR271730-30"",""trade_id"":""e021f4fd-633a-7732-a45c-7ec49b613d8e"",""yes_price_dollars"":""0.6000""}"
KXETH15M-26APR271730-30,aab2acb7-1eac-6dda-b238-08648caa5335,1777324752,0.58,20.0,yes,"{""count_fp"":""20.00"",""created_time"":""2026-04-27T21:19:12.352963Z"",""no_price_dollars"":""0.4200"",""taker_side"":""yes"",""ticker"":""KXETH15M-26APR271730-30"",""trade_id"":""aab2acb7-1eac-6dda-b238-08648caa5335"",""yes_price_dollars"":""0.5800""}"
KXETH15M-26APR271730-30,e61a3887-07a8-5c2e-0425-10e535e4a81b,1777324752,0.55,1.0,no,"{""count_fp"":""1.00"",""created_time"":""2026-04-27T21:19:12.026873Z"",""no_price_dollars"":""0.4500"",""taker_side"":""no"",""ticker"":""KXETH15M-26APR271730-30"",""trade_id"":""e61a3887-07a8-5c2e-0425-10e535e4a81b"",""yes_price_dollars"":""0.5500""}"
KXETH15M-26APR271730-30,5b127742-8c50-5d0b-02e5-dfdae8c79048,1777324752,0.55,1.0,no,"{""count_fp"":""1.00"",""created_time"":""2026-04-27T21:19:12.026873Z"",""no_price_dollars"":""0.4500"",""taker_side"":""no"",""ticker"":""KXETH15M-26APR271730-30"",""trade_id"":""5b127742-8c50-5d0b-02e5-dfdae8c79048"",""yes_price_dollars"":""0.5500""}"
KXETH15M-26APR271730-30,0fd026d5-f94f-54f1-1ff4-f770da9d368a,1777324752,0.55,0.2,no,"{""count_fp"":""0.20"",""created_time"":""2026-04-27T21:19:12.026873Z"",""no_price_dollars"":""0.4500"",""taker_side"":""no"",""ticker"":""KXETH15M-26APR271730-30"",""trade_id"":""0fd026d5-f94f-54f1-1ff4-f770da9d368a"",""yes_price_dollars"":""0.5500""}"
KXETH15M-26APR271730-30,ed327660-9e39-768c-0ddf-6e6778b25167,1777324753,0.55,1.0,no,"{""count_fp"":""1.00"",""created_time"":""2026-04-27T21:19:13.171563Z"",""no_price_dollars"":""0.4500"",""taker_side"":""no"",""ticker"":""KXETH15M-26APR271730-30"",""trade_id"":""ed327660-9e39-768c-0ddf-6e6778b25167"",""yes_price_dollars"":""0.5500""}"
KXETH15M-26APR271730-30,e4469311-1791-7ddf-03aa-7a685093a909,1777324753,0.55,1.0,no,"{""count_fp"":""1.00"",""created_time"":""2026-04-27T21:19:13.171563Z"",""no_price_dollars"":""0.4500"",""taker_side"":""no"",""ticker"":""KXETH15M-26APR271730-30"",""trade_id"":""e4469311-1791-7ddf-03aa-7a685093a909"",""yes_price_dollars"":""0.5500""}"
KXETH15M-26APR271730-30,bb459ad5-dfbc-759d-25f5-8124ad64a046,1777324753,0.56,10.0,no,"{""count_fp"":""10.00"",""created_time"":""2026-04-27T21:19:13.171563Z"",""no_price_dollars"":""0.4400"",""taker_side"":""no"",""ticker"":""KXETH15M-26APR271730-30"",""trade_id"":""bb459ad5-dfbc-759d-25f5-8124ad64a046"",""yes_price_dollars"":""0.5600""}"
KXETH15M-26APR271730-30,57672f2d-e003-743d-2aa1-540f64f2b676,1777324753,0.55,0.8,no,"{""count_fp"":""0.80"",""created_time"":""2026-04-27T21:19:13.171563Z"",""no_price_dollars"":""0.4500"",""taker_side"":""no"",""ticker"":""KXETH15M-26APR271730-30"",""trade_id"":""57672f2d-e003-743d-2aa1-540f64f2b676"",""yes_price_dollars"":""0.5500""}"
KXETH15M-26APR271730-30,314c0770-afec-7a62-0a5e-c394e4fa3289,1777324753,0.55,1.0,no,"{""count_fp"":""1.00"",""created_time"":""2026-04-27T21:19:13.171563Z"",""no_price_dollars"":""0.4500"",""taker_side"":""no"",""ticker"":""KXETH15M-26APR271730-30"",""trade_id"":""314c0770-afec-7a62-0a5e-c394e4fa3289"",""yes_price_dollars"":""0.5500""}"
KXETH15M-26APR271730-30,261cfca1-3294-712a-0408-b875c29dee4d,1777324753,0.55,1.0,no,"{""count_fp"":""1.00"",""created_time"":""2026-04-27T21:19:13.171563Z"",""no_price_dollars"":""0.4500"",""taker_side"":""no"",""ticker"":""KXETH15M-26APR271730-30"",""trade_id"":""261cfca1-3294-712a-0408-b875c29dee4d"",""yes_price_dollars"":""0.5500""}"
KXETH15M-26APR271730-30,1ae5e4cd-2760-7f02-3d16-f4731a7b6d86,1777324753,0.55,4.65,no,"{""count_fp"":""4.65"",""created_time"":""2026-04-27T21:19:13.171563Z"",""no_price_dollars"":""0.4500"",""taker_side"":""no"",""ticker"":""KXETH15M-26APR271730-30"",""trade_id"":""1ae5e4cd-2760-7f02-3d16-f4731a7b6d86"",""yes_price_dollars"":""0.5500""}"
KXETH15M-26APR271730-30,18c7d065-375a-7505-14c3-933556b42223,1777324753,0.56,5.0,no,"{""count_fp"":""5.00"",""created_time"":""2026-04-27T21:19:13.171563Z"",""no_price_dollars"":""0.4400"",""taker_side"":""no"",""ticker"":""KXETH15M-26APR271730-30"",""trade_id"":""18c7d065-375a-7505-14c3-933556b42223"",""yes_price_dollars"":""0.5600""}"
KXETH15M-26APR271730-30,cf6561ce-01cd-5c07-9c1d-b90e1aebc8b5,1777324755,0.56,10.0,no,"{""count_fp"":""10.00"",""created_time"":""2026-04-27T21:19:15.506903Z"",""no_price_dollars"":""0.4400"",""taker_side"":""no"",""ticker"":""KXETH15M-26APR271730-30"",""trade_id"":""cf6561ce-01cd-5c07-9c1d-b90e1aebc8b5"",""yes_price_dollars"":""0.5600""}"
KXETH15M-26APR271730-30,a7e4e526-e72c-5c72-858c-13fd1c30f02e,1777324755,0.56,199.94,no,"{""count_fp"":""199.94"",""created_time"":""2026-04-27T21:19:15.506903Z"",""no_price_dollars"":""0.4400"",""taker_side"":""no"",""ticker"":""KXETH15M-26APR271730-30"",""trade_id"":""a7e4e526-e72c-5c72-858c-13fd1c30f02e"",""yes_price_dollars"":""0.5600""}"
KXETH15M-26APR271730-30,10ea2bc0-8e89-593c-4013-3dc6f535dd7c,1777324758,0.6,1.0,yes,"{""count_fp"":""1.00"",""created_time"":""2026-04-27T21:19:18.813667Z"",""no_price_dollars"":""0.4000"",""taker_side"":""yes"",""ticker"":""KXETH15M-26APR271730-30"",""trade_id"":""10ea2bc0-8e89-593c-4013-3dc6f535dd7c"",""yes_price_dollars"":""0.6000""}"
KXETH15M-26APR271730-30,d1d3486d-c283-60fe-7e37-29405c334257,1777324769,0.56,5.0,no,"{""count_fp"":""5.00"",""created_time"":""2026-04-27T21:19:29.863065Z"",""no_price_dollars"":""0.4400"",""taker_side"":""no"",""ticker"":""KXETH15M-26APR271730-30"",""trade_id"":""d1d3486d-c283-60fe-7e37-29405c334257"",""yes_price_dollars"":""0.5600""}"
KXETH15M-26APR271730-30,37190986-4d24-6ff3-45eb-a93bfb792ff1,1777324769,0.56,5.93,no,"{""count_fp"":""5.93"",""created_time"":""2026-04-27T21:19:29.863065Z"",""no_price_dollars"":""0.4400"",""taker_side"":""no"",""ticker"":""KXETH15M-26APR271730-30"",""trade_id"":""37190986-4d24-6ff3-45eb-a93bfb792ff1"",""yes_price_dollars"":""0.5600""}"
KXETH15M-26APR271730-30,da1d4a4c-0369-44da-4101-df55bb0e6c51,1777324771,0.56,2.2,no,"{""count_fp"":""2.20"",""created_time"":""2026-04-27T21:19:31.226116Z"",""no_price_dollars"":""0.4400"",""taker_side"":""no"",""ticker"":""KXETH15M-26APR271730-30"",""trade_id"":""da1d4a4c-0369-44da-4101-df55bb0e6c51"",""yes_price_dollars"":""0.5600""}"
KXETH15M-26APR271730-30,27dbd0f1-2d10-7ea1-59a3-cf44dcf68d36,1777324778,0.59,4.68,yes,"{""count_fp"":""4.68"",""created_time"":""2026-04-27T21:19:38.650418Z"",""no_price_dollars"":""0.4100"",""taker_side"":""yes"",""ticker"":""KXETH15M-26APR271730-30"",""trade_id"":""27dbd0f1-2d10-7ea1-59a3-cf44dcf68d36"",""yes_price_dollars"":""0.5900""}"
KXETH15M-26APR271730-30,82665d53-e7e9-7206-68d4-53aa34ca8961,1777324778,0.56,2.2,no,"{""count_fp"":""2.20"",""created_time"":""2026-04-27T21:19:38.532656Z"",""no_price_dollars"":""0.4400"",""taker_side"":""no"",""ticker"":""KXETH15M-26APR271730-30"",""trade_id"":""82665d53-e7e9-7206-68d4-53aa34ca8961"",""yes_price_dollars"":""0.5600""}"
KXETH15M-26APR271730-30,ec88f1d3-56d0-42d9-61bd-9407b149e506,1777324787,0.59,9.0,yes,"{""count_fp"":""9.00"",""created_time"":""2026-04-27T21:19:47.685551Z"",""no_price_dollars"":""0.4100"",""taker_side"":""yes"",""ticker"":""KXETH15M-26APR271730-30"",""trade_id"":""ec88f1d3-56d0-42d9-61bd-9407b149e506"",""yes_price_dollars"":""0.5900""}"
KXETH15M-26APR271730-30,f1797e6b-35d0-7492-176a-114c929fa44a,1777324790,0.58,264.88,no,"{""count_fp"":""264.88"",""created_time"":""2026-04-27T21:19:50.599937Z"",""no_price_dollars"":""0.4200"",""taker_side"":""no"",""ticker"":""KXETH15M-26APR271730-30"",""trade_id"":""f1797e6b-35d0-7492-176a-114c929fa44a"",""yes_price_dollars"":""0.5800""}"
KXETH15M-26APR271730-30,e4064134-3a58-4ed6-040b-f8b611c67157,1777324793,0.58,10.0,no,"{""count_fp"":""10.00"",""created_time"":""2026-04-27T21:19:53.981767Z"",""no_price_dollars"":""0.4200"",""taker_side"":""no"",""ticker"":""KXETH15M-26APR271730-30"",""trade_id"":""e4064134-3a58-4ed6-040b-f8b611c67157"",""yes_price_dollars"":""0.5800""}"
KXETH15M-26APR271730-30,2646e933-fd21-482b-138c-b545ae84b204,1777324793,0.59,0.8,no,"{""count_fp"":""0.80"",""created_time"":""2026-04-27T21:19:53.981767Z"",""no_price_dollars"":""0.4100"",""taker_side"":""no"",""ticker"":""KXETH15M-26APR271730-30"",""trade_id"":""2646e933-fd21-482b-138c-b545ae84b204"",""yes_price_dollars"":""0.5900""}"
KXETH15M-26APR271730-30,ce63d74d-1d52-6633-e10d-12b903dfa6f4,1777324793,0.59,10.8,no,"{""count_fp"":""10.80"",""created_time"":""2026-04-27T21:19:53.981232Z"",""no_price_dollars"":""0.4100"",""taker_side"":""no"",""ticker"":""KXETH15M-26APR271730-30"",""trade_id"":""ce63d74d-1d52-6633-e10d-12b903dfa6f4"",""yes_price_dollars"":""0.5900""}"
KXETH15M-26APR271730-30,0c497032-e035-60a7-eb5c-34f5a9b46eb8,1777324793,0.59,99.2,no,"{""count_fp"":""99.20"",""created_time"":""2026-04-27T21:19:53.981232Z"",""no_price_dollars"":""0.4100"",""taker_side"":""no"",""ticker"":""KXETH15M-26APR271730-30"",""trade_id"":""0c497032-e035-60a7-eb5c-34f5a9b46eb8"",""yes_price_dollars"":""0.5900""}"
KXETH15M-26APR271730-30,0e25fd21-8f62-5cc9-6741-e8330e2e833f,1777324793,0.61,0.65,yes,"{""count_fp"":""0.65"",""created_time"":""2026-04-27T21:19:53.770928Z"",""no_price_dollars"":""0.3900"",""taker_side"":""yes"",""ticker"":""KXETH15M-26APR271730-30"",""trade_id"":""0e25fd21-8f62-5cc9-6741-e8330e2e833f"",""yes_price_dollars"":""0.6100""}"
KXETH15M-26APR271730-30,a4369a53-6cb5-4a7a-f00f-40088b93d46f,1777324794,0.5,5.0,no,"{""count_fp"":""5.00"",""created_time"":""2026-04-27T21:19:54.116011Z"",""no_price_dollars"":""0.5000"",""taker_side"":""no"",""ticker"":""KXETH15M-26APR271730-30"",""trade_id"":""a4369a53-6cb5-4a7a-f00f-40088b93d46f"",""yes_price_dollars"":""0.5000""}"
KXETH15M-26APR271730-30,7defc214-f5b0-705d-1bc8-e8f54539cb9c,1777324794,0.51,40.0,yes,"{""count_fp"":""40.00"",""created_time"":""2026-04-27T21:19:54.107409Z"",""no_price_dollars"":""0.4900"",""taker_side"":""yes"",""ticker"":""KXETH15M-26APR271730-30"",""trade_id"":""7defc214-f5b0-705d-1bc8-e8f54539cb9c"",""yes_price_dollars"":""0.5100""}"
KXETH15M-26APR271730-30,43e56924-7509-6360-4c9d-33b992dcf8c3,1777324794,0.5,1.0,no,"{""count_fp"":""1.00"",""created_time"":""2026-04-27T21:19:54.056229Z"",""no_price_dollars"":""0.5000"",""taker_side"":""no"",""ticker"":""KXETH15M-26APR271730-30"",""trade_id"":""43e56924-7509-6360-4c9d-33b992dcf8c3"",""yes_price_dollars"":""0.5000""}"
KXETH15M-26APR271730-30,ed4999d8-6362-6d4a-5418-d38db4ab139b,1777324794,0.53,32.0,no,"{""count_fp"":""32.00"",""created_time"":""2026-04-27T21:19:54.030047Z"",""no_price_dollars"":""0.4700"",""taker_side"":""no"",""ticker"":""KXETH15M-26APR271730-30"",""trade_id"":""ed4999d8-6362-6d4a-5418-d38db4ab139b"",""yes_price_dollars"":""0.5300""}"
KXETH15M-26APR271730-30,ebfe84cc-d4f4-6e1f-556c-12fdae8ef772,1777324794,0.53,20.0,no,"{""count_fp"":""20.00"",""created_time"":""2026-04-27T21:19:54.030047Z"",""no_price_dollars"":""0.4700"",""taker_side"":""no"",""ticker"":""KXETH15M-26APR271730-30"",""trade_id"":""ebfe84cc-d4f4-6e1f-556c-12fdae8ef772"",""yes_price_dollars"":""0.5300""}"
KXETH15M-26APR271730-30,e629d644-b66b-7650-981d-97d7d7424a54,1777324794,0.54,50.0,no,"{""count_fp"":""50.00"",""created_time"":""2026-04-27T21:19:54.007769Z"",""no_price_dollars"":""0.4600"",""taker_side"":""no"",""ticker"":""KXETH15M-26APR271730-30"",""trade_id"":""e629d644-b66b-7650-981d-97d7d7424a54"",""yes_price_dollars"":""0.5400""}"
KXETH15M-26APR271730-30,a616d79b-1902-7e06-ad8b-255d06f4501b,1777324794,0.53,11.0,no,"{""count_fp"":""11.00"",""created_time"":""2026-04-27T21:19:54.007769Z"",""no_price_dollars"":""0.4700"",""taker_side"":""no"",""ticker"":""KXETH15M-26APR271730-30"",""trade_id"":""a616d79b-1902-7e06-ad8b-255d06f4501b"",""yes_price_dollars"":""0.5300""}"
KXETH15M-26APR271730-30,7ab6120d-1dda-7b54-ba1a-40419771cc59,1777324794,0.54,5.0,no,"{""count_fp"":""5.00"",""created_time"":""2026-04-27T21:19:54.007769Z"",""no_price_dollars"":""0.4600"",""taker_side"":""no"",""ticker"":""KXETH15M-26APR271730-30"",""trade_id"":""7ab6120d-1dda-7b54-ba1a-40419771cc59"",""yes_price_dollars"":""0.5400""}"
KXETH15M-26APR271730-30,582578d7-8600-794f-b8cc-2910a6782e5c,1777324794,0.53,11.0,no,"{""count_fp"":""11.00"",""created_time"":""2026-04-27T21:19:54.007769Z"",""no_price_dollars"":""0.4700"",""taker_side"":""no"",""ticker"":""KXETH15M-26APR271730-30"",""trade_id"":""582578d7-8600-794f-b8cc-2910a6782e5c"",""yes_price_dollars"":""0.5300""}"
KXETH15M-26APR271730-30,191f5713-d2ad-7a26-acbc-20e8a95fa899,1777324794,0.53,43.0,no,"{""count_fp"":""43.00"",""created_time"":""2026-04-27T21:19:54.007769Z"",""no_price_dollars"":""0.4700"",""taker_side"":""no"",""ticker"":""KXETH15M-26APR271730-30"",""trade_id"":""191f5713-d2ad-7a26-acbc-20e8a95fa899"",""yes_price_dollars"":""0.5300""}"
KXETH15M-26APR271730-30,8613d684-96d8-5979-96c9-fca4991149c6,1777324794,0.56,5.0,no,"{""count_fp"":""5.00"",""created_time"":""2026-04-27T21:19:54.000131Z"",""no_price_dollars"":""0.4400"",""taker_side"":""no"",""ticker"":""KXETH15M-26APR271730-30"",""trade_id"":""8613d684-96d8-5979-96c9-fca4991149c6"",""yes_price_dollars"":""0.5600""}"
KXETH15M-26APR271730-30,772cade9-7aa1-42f2-7dba-1c630b8d3361,1777324796,0.45,1.0,no,"{""count_fp"":""1.00"",""created_time"":""2026-04-27T21:19:56.955223Z"",""no_price_dollars"":""0.5500"",""taker_side"":""no"",""ticker"":""KXETH15M-26APR271730-30"",""trade_id"":""772cade9-7aa1-42f2-7dba-1c630b8d3361"",""yes_price_dollars"":""0.4500""}"
KXETH15M-26APR271730-30,ab421fa5-cf79-626b-ff06-f1cb04efbd5f,1777324796,0.46,10.0,yes,"{""count_fp"":""10.00"",""created_time"":""2026-04-27T21:19:56.349518Z"",""no_price_dollars"":""0.5400"",""taker_side"":""yes"",""ticker"":""KXETH15M-26APR271730-30"",""trade_id"":""ab421fa5-cf79-626b-ff06-f1cb04efbd5f"",""yes_price_dollars"":""0.4600""}"
KXETH15M-26APR271730-30,1b823dc8-facb-664a-cf5f-55fb36325adf,1777324796,0.46,46.56,yes,"{""count_fp"":""46.56"",""created_time"":""2026-04-27T21:19:56.349518Z"",""no_price_dollars"":""0.5400"",""taker_side"":""yes"",""ticker"":""KXETH15M-26APR271730-30"",""trade_id"":""1b823dc8-facb-664a-cf5f-55fb36325adf"",""yes_price_dollars"":""0.4600""}"
KXETH15M-26APR271730-30,7e6e0a0a-a9d7-70bb-ad7b-2af809bfd2b5,1777324799,0.47,40.02,yes,"{""count_fp"":""40.02"",""created_time"":""2026-04-27T21:19:59.586838Z"",""no_price_dollars"":""0.5300"",""taker_side"":""yes"",""ticker"":""KXETH15M-26APR271730-30"",""trade_id"":""7e6e0a0a-a9d7-70bb-ad7b-2af809bfd2b5"",""yes_price_dollars"":""0.4700""}"
KXETH15M-26APR271730-30,6ccbf55e-e309-7b2d-91c1-5e8d6d26dbda,1777324799,0.47,1.0,yes,"{""count_fp"":""1.00"",""created_time"":""2026-04-27T21:19:59.586838Z"",""no_price_dollars"":""0.5300"",""taker_side"":""yes"",""ticker"":""KXETH15M-26APR271730-30"",""trade_id"":""6ccbf55e-e309-7b2d-91c1-5e8d6d26dbda"",""yes_price_dollars"":""0.4700""}"
KXETH15M-26APR271730-30,cad8e04f-31a9-5ba7-94be-ad23efa84628,1777324800,0.43,1.0,yes,"{""count_fp"":""1.00"",""created_time"":""2026-04-27T21:20:00.546465Z"",""no_price_dollars"":""0.5700"",""taker_side"":""yes"",""ticker"":""KXETH15M-26APR271730-30"",""trade_id"":""cad8e04f-31a9-5ba7-94be-ad23efa84628"",""yes_price_dollars"":""0.4300""}"
KXETH15M-26APR271730-30,a5eac27e-fa22-5ad5-b827-b03acd2e5eba,1777324800,0.43,100.0,yes,"{""count_fp"":""100.00"",""created_time"":""2026-04-27T21:20:00.546465Z"",""no_price_dollars"":""0.5700"",""taker_side"":""yes"",""ticker"":""KXETH15M-26APR271730-30"",""trade_id"":""a5eac27e-fa22-5ad5-b827-b03acd2e5eba"",""yes_price_dollars"":""0.4300""}"
KXETH15M-26APR271730-30,39b348c8-47c8-5c7d-a768-0023661a9be7,1777324800,0.43,9.47,yes,"{""count_fp"":""9.47"",""created_time"":""2026-04-27T21:20:00.546465Z"",""no_price_dollars"":""0.5700"",""taker_side"":""yes"",""ticker"":""KXETH15M-26APR271730-30"",""trade_id"":""39b348c8-47c8-5c7d-a768-0023661a9be7"",""yes_price_dollars"":""0.4300""}"
KXETH15M-26APR271730-30,b319d6b7-054c-463e-9c76-7ac12b2b327e,1777324800,0.43,5.0,no,"{""count_fp"":""5.00"",""created_time"":""2026-04-27T21:20:00.052138Z"",""no_price_dollars"":""0.5700"",""taker_side"":""no"",""ticker"":""KXETH15M-26APR271730-30"",""trade_id"":""b319d6b7-054c-463e-9c76-7ac12b2b327e"",""yes_price_dollars"":""0.4300""}"
KXETH15M-26APR271730-30,8b77fa71-76d5-7cc6-9910-ea318f0ca035,1777324800,0.45,9.0,no,"{""count_fp"":""9.00"",""created_time"":""2026-04-27T21:20:00.014137Z"",""no_price_dollars"":""0.5500"",""taker_side"":""no"",""ticker"":""KXETH15M-26APR271730-30"",""trade_id"":""8b77fa71-76d5-7cc6-9910-ea318f0ca035"",""yes_price_dollars"":""0.4500""}"
KXETH15M-26APR271730-30,458a17f0-473f-7236-c503-9d1d6696e0cf,1777324801,0.45,8.43,yes,"{""count_fp"":""8.43"",""created_time"":""2026-04-27T21:20:01.352248Z"",""no_price_dollars"":""0.5500"",""taker_side"":""yes"",""ticker"":""KXETH15M-26APR271730-30"",""trade_id"":""458a17f0-473f-7236-c503-9d1d6696e0cf"",""yes_price_dollars"":""0.4500""}"
KXETH15M-26APR271730-30,d4e3203c-2d37-631e-26c3-3fa79d607927,1777324806,0.44,2.0,yes,"{""count_fp"":""2.00"",""created_time"":""2026-04-27T21:20:06.276122Z"",""no_price_dollars"":""0.5600"",""taker_side"":""yes"",""ticker"":""KXETH15M-26APR271730-30"",""trade_id"":""d4e3203c-2d37-631e-26c3-3fa79d607927"",""yes_price_dollars"":""0.4400""}"
KXETH15M-26APR271730-30,3f716521-6ef7-6a1e-6de4-7d7acd98c0c3,1777324808,0.43,12.68,yes,"{""count_fp"":""12.68"",""created_time"":""2026-04-27T21:20:08.197601Z"",""no_price_dollars"":""0.5700"",""taker_side"":""yes"",""ticker"":""KXETH15M-26APR271730-30"",""trade_id"":""3f716521-6ef7-6a1e-6de4-7d7acd98c0c3"",""yes_price_dollars"":""0.4300""}"
KXETH15M-26APR271730-30,df49128c-c77e-60fa-bd32-24eaeae01b33,1777324815,0.42,1.0,no,"{""count_fp"":""1.00"",""created_time"":""2026-04-27T21:20:15.784035Z"",""no_price_dollars"":""0.5800"",""taker_side"":""no"",""ticker"":""KXETH15M-26APR271730-30"",""trade_id"":""df49128c-c77e-60fa-bd32-24eaeae01b33"",""yes_price_dollars"":""0.4200""}"
KXETH15M-26APR271730-30,3a72d9bc-4764-68cd-8afa-ca734737e291,1777324815,0.42,1.0,no,"{""count_fp"":""1.00"",""created_time"":""2026-04-27T21:20:15.784035Z"",""no_price_dollars"":""0.5800"",""taker_side"":""no"",""ticker"":""KXETH15M-26APR271730-30"",""trade_id"":""3a72d9bc-4764-68cd-8afa-ca734737e291"",""yes_price_dollars"":""0.4200""}"
KXETH15M-26APR271730-30,3a6500a9-f373-6437-8bc1-c28f489e1855,1777324815,0.41,3.0,no,"{""count_fp"":""3.00"",""created_time"":""2026-04-27T21:20:15.784035Z"",""no_price_dollars"":""0.5900"",""taker_side"":""no"",""ticker"":""KXETH15M-26APR271730-30"",""trade_id"":""3a6500a9-f373-6437-8bc1-c28f489e1855"",""yes_price_dollars"":""0.4100""}"
KXETH15M-26APR271730-30,8fb6ebdc-0097-7d8e-a645-36b2b0552537,1777324818,0.42,40.0,yes,"{""count_fp"":""40.00"",""created_time"":""2026-04-27T21:20:18.067139Z"",""no_price_dollars"":""0.5800"",""taker_side"":""yes"",""ticker"":""KXETH15M-26APR271730-30"",""trade_id"":""8fb6ebdc-0097-7d8e-a645-36b2b0552537"",""yes_price_dollars"":""0.4200""}"
KXETH15M-26APR271730-30,41932aeb-c77f-6297-829f-a3c194dd7c35,1777324819,0.41,16.47,no,"{""count_fp"":""16.47"",""created_time"":""2026-04-27T21:20:19.173139Z"",""no_price_dollars"":""0.5900"",""taker_side"":""no"",""ticker"":""KXETH15M-26APR271730-30"",""trade_id"":""41932aeb-c77f-6297-829f-a3c194dd7c35"",""yes_price_dollars"":""0.4100""}"
KXETH15M-26APR271730-30,b1d14281-92aa-5686-9a15-61556438db97,1777324820,0.42,10.0,yes,"{""count_fp"":""10.00"",""created_time"":""2026-04-27T21:20:20.073083Z"",""no_price_dollars"":""0.5800"",""taker_side"":""yes"",""ticker"":""KXETH15M-26APR271730-30"",""trade_id"":""b1d14281-92aa-5686-9a15-61556438db97"",""yes_price_dollars"":""0.4200""}"
KXETH15M-26APR271730-30,4bc211f7-236f-542a-956c-39d10453887f,1777324820,0.42,60.0,yes,"{""count_fp"":""60.00"",""created_time"":""2026-04-27T21:20:20.073083Z"",""no_price_dollars"":""0.5800"",""taker_side"":""yes"",""ticker"":""KXETH15M-26APR271730-30"",""trade_id"":""4bc211f7-236f-542a-956c-39d10453887f"",""yes_price_dollars"":""0.4200""}"
KXETH15M-26APR271730-30,3c6c265a-4383-5efb-95bf-b1cdb0170061,1777324821,0.41,1.48,no,"{""count_fp"":""1.48"",""created_time"":""2026-04-27T21:20:21.657026Z"",""no_price_dollars"":""0.5900"",""taker_side"":""no"",""ticker"":""KXETH15M-26APR271730-30"",""trade_id"":""3c6c265a-4383-5efb-95bf-b1cdb0170061"",""yes_price_dollars"":""0.4100""}"
KXETH15M-26APR271730-30,89668f6e-00e1-54d5-fd8e-36655b428156,1777324822,0.42,2.23,yes,"{""count_fp"":""2.23"",""created_time"":""2026-04-27T21:20:22.735939Z"",""no_price_dollars"":""0.5800"",""taker_side"":""yes"",""ticker"":""KXETH15M-26APR271730-30"",""trade_id"":""89668f6e-00e1-54d5-fd8e-36655b428156"",""yes_price_dollars"":""0.4200""}"
KXETH15M-26APR271730-30,025341b1-1d8b-6125-90a0-af9fb77e60c4,1777324823,0.43,10.0,yes,"{""count_fp"":""10.00"",""created_time"":""2026-04-27T21:20:23.741717Z"",""no_price_dollars"":""0.5700"",""taker_side"":""yes"",""ticker"":""KXETH15M-26APR271730-30"",""trade_id"":""025341b1-1d8b-6125-90a0-af9fb77e60c4"",""yes_price_dollars"":""0.4300""}"
KXETH15M-26APR271730-30,13e0b2ed-4881-6531-2b29-ef140d7ef6f2,1777324823,0.44,6.58,yes,"{""count_fp"":""6.58"",""created_time"":""2026-04-27T21:20:23.403693Z"",""no_price_dollars"":""0.5600"",""taker_side"":""yes"",""ticker"":""KXETH15M-26APR271730-30"",""trade_id"":""13e0b2ed-4881-6531-2b29-ef140d7ef6f2"",""yes_price_dollars"":""0.4400""}"
KXETH15M-26APR271730-30,b9d48a8e-6983-4b46-ec33-42c7b3422d7d,1777324824,0.42,1.0,yes,"{""count_fp"":""1.00"",""created_time"":""2026-04-27T21:20:24.813523Z"",""no_price_dollars"":""0.5800"",""taker_side"":""yes"",""ticker"":""KXETH15M-26APR271730-30"",""trade_id"":""b9d48a8e-6983-4b46-ec33-42c7b3422d7d"",""yes_price_dollars"":""0.4200""}"
KXETH15M-26APR271730-30,f2d9fb15-da29-6a9d-a27c-66d77768642e,1777324826,0.43,1.64,yes,"{""count_fp"":""1.64"",""created_time"":""2026-04-27T21:20:26.311939Z"",""no_price_dollars"":""0.5700"",""taker_side"":""yes"",""ticker"":""KXETH15M-26APR271730-30"",""trade_id"":""f2d9fb15-da29-6a9d-a27c-66d77768642e"",""yes_price_dollars"":""0.4300""}"
KXETH15M-26APR271730-30,e6aad262-e230-7a8b-cbff-73de96567b48,1777324830,0.35,7.53,no,"{""count_fp"":""7.53"",""created_time"":""2026-04-27T21:20:30.263408Z"",""no_price_dollars"":""0.6500"",""taker_side"":""no"",""ticker"":""KXETH15M-26APR271730-30"",""trade_id"":""e6aad262-e230-7a8b-cbff-73de96567b48"",""yes_price_dollars"":""0.3500""}"
KXETH15M-26APR271730-30,3a5143ac-a997-7715-edec-3c8715e75ba7,1777324830,0.37,30.9,no,"{""count_fp"":""30.90"",""created_time"":""2026-04-27T21:20:30.263408Z"",""no_price_dollars"":""0.6300"",""taker_side"":""no"",""ticker"":""KXETH15M-26APR271730-30"",""trade_id"":""3a5143ac-a997-7715-edec-3c8715e75ba7"",""yes_price_dollars"":""0.3700""}"
KXETH15M-26APR271730-30,97beec36-4332-4b2f-8ed2-bcad6e6e0b38,1777324832,0.35,1.0,yes,"{""count_fp"":""1.00"",""created_time"":""2026-04-27T21:20:32.448031Z"",""no_price_dollars"":""0.6500"",""taker_side"":""yes"",""ticker"":""KXETH15M-26APR271730-30"",""trade_id"":""97beec36-4332-4b2f-8ed2-bcad6e6e0b38"",""yes_price_dollars"":""0.3500""}"
KXETH15M-26APR271730-30,12c53ddd-c3c9-6921-e2e2-1672e4c928e2,1777324832,0.35,100.0,yes,"{""count_fp"":""100.00"",""created_time"":""2026-04-27T21:20:32.383038Z"",""no_price_dollars"":""0.6500"",""taker_side"":""yes"",""ticker"":""KXETH15M-26APR271730-30"",""trade_id"":""12c53ddd-c3c9-6921-e2e2-1672e4c928e2"",""yes_price_dollars"":""0.3500""}"
KXETH15M-26APR271730-30,a5704c64-fafc-70a6-15c2-6de2953469d3,1777324832,0.34,2.0,no,"{""count_fp"":""2.00"",""created_time"":""2026-04-27T21:20:32.347601Z"",""no_price_dollars"":""0.6600"",""taker_side"":""no"",""ticker"":""KXETH15M-26APR271730-30"",""trade_id"":""a5704c64-fafc-70a6-15c2-6de2953469d3"",""yes_price_dollars"":""0.3400""}"
KXETH15M-26APR271730-30,f57b2d71-404b-484a-b3db-0cccdb5eb1d8,1777324833,0.36,100.0,yes,"{""count_fp"":""100.00"",""created_time"":""2026-04-27T21:20:33.896578Z"",""no_price_dollars"":""0.6400"",""taker_side"":""yes"",""ticker"":""KXETH15M-26APR271730-30"",""trade_id"":""f57b2d71-404b-484a-b3db-0cccdb5eb1d8"",""yes_price_dollars"":""0.3600""}"
KXETH15M-26APR271730-30,218a989f-776f-485b-a4ce-a015087d672c,1777324833,0.36,10.0,yes,"{""count_fp"":""10.00"",""created_time"":""2026-04-27T21:20:33.896578Z"",""no_price_dollars"":""0.6400"",""taker_side"":""yes"",""ticker"":""KXETH15M-26APR271730-30"",""trade_id"":""218a989f-776f-485b-a4ce-a015087d672c"",""yes_price_dollars"":""0.3600""}"
KXETH15M-26APR271730-30,1ab57fdf-f3bb-672c-4484-f8f05cd1d514,1777324833,0.35,0.15,no,"{""count_fp"":""0.15"",""created_time"":""2026-04-27T21:20:33.053504Z"",""no_price_dollars"":""0.6500"",""taker_side"":""no"",""ticker"":""KXETH15M-26APR271730-30"",""trade_id"":""1ab57fdf-f3bb-672c-4484-f8f05cd1d514"",""yes_price_dollars"":""0.3500""}"
KXETH15M-26APR271730-30,6f39ee87-1d9a-4d10-acaf-f0b7a533fcb8,1777324834,0.41,1.02,yes,"{""count_fp"":""1.02"",""created_time"":""2026-04-27T21:20:34.692479Z"",""no_price_dollars"":""0.5900"",""taker_side"":""yes"",""ticker"":""KXETH15M-26APR271730-30"",""trade_id"":""6f39ee87-1d9a-4d10-acaf-f0b7a533fcb8"",""yes_price_dollars"":""0.4100""}"
KXETH15M-26APR271730-30,5bccfb77-8267-53b3-25dc-49f3ef5097a5,1777324835,0.35,1.0,no,"{""count_fp"":""1.00"",""created_time"":""2026-04-27T21:20:35.500534Z"",""no_price_dollars"":""0.6500"",""taker_side"":""no"",""ticker"":""KXETH15M-26APR271730-30"",""trade_id"":""5bccfb77-8267-53b3-25dc-49f3ef5097a5"",""yes_price_dollars"":""0.3500""}"
KXETH15M-26APR271730-30,a6296822-94ee-509d-63f7-3916f1990a63,1777324850,0.39,1.0,no,"{""count_fp"":""1.00"",""created_time"":""2026-04-27T21:20:50.104046Z"",""no_price_dollars"":""0.6100"",""taker_side"":""no"",""ticker"":""KXETH15M-26APR271730-30"",""trade_id"":""a6296822-94ee-509d-63f7-3916f1990a63"",""yes_price_dollars"":""0.3900""}"
KXETH15M-26APR271730-30,70dc79dc-8b77-5001-4bd5-08d62c68a181,1777324850,0.35,10.0,no,"{""count_fp"":""10.00"",""created_time"":""2026-04-27T21:20:50.104046Z"",""no_price_dollars"":""0.6500"",""taker_side"":""no"",""ticker"":""KXETH15M-26APR271730-30"",""trade_id"":""70dc79dc-8b77-5001-4bd5-08d62c68a181"",""yes_price_dollars"":""0.3500""}"
KXETH15M-26APR271730-30,23028335-1a3f-4133-db44-915cfcb1e9f0,1777324853,0.33,10.0,no,"{""count_fp"":""10.00"",""created_time"":""2026-04-27T21:20:53.081738Z"",""no_price_dollars"":""0.6700"",""taker_side"":""no"",""ticker"":""KXETH15M-26APR271730-30"",""trade_id"":""23028335-1a3f-4133-db44-915cfcb1e9f0"",""yes_price_dollars"":""0.3300""}"
KXETH15M-26APR271730-30,166b657e-56e1-4e21-f63c-e81c0f4994d7,1777324853,0.36,1.0,no,"{""count_fp"":""1.00"",""created_time"":""2026-04-27T21:20:53.081738Z"",""no_price_dollars"":""0.6400"",""taker_side"":""no"",""ticker"":""KXETH15M-26APR271730-30"",""trade_id"":""166b657e-56e1-4e21-f63c-e81c0f4994d7"",""yes_price_dollars"":""0.3600""}"
KXETH15M-26APR271730-30,03154d51-2844-4f5e-d31e-ded4598cc67f,1777324853,0.34,28.0,no,"{""count_fp"":""28.00"",""created_time"":""2026-04-27T21:20:53.081738Z"",""no_price_dollars"":""0.6600"",""taker_side"":""no"",""ticker"":""KXETH15M-26APR271730-30"",""trade_id"":""03154d51-2844-4f5e-d31e-ded4598cc67f"",""yes_price_dollars"":""0.3400""}"
KXETH15M-26APR271730-30,99a735d1-4a22-5b0d-72ab-b095bcb35da9,1777324854,0.32,6.09,no,"{""count_fp"":""6.09"",""created_time"":""2026-04-27T21:20:54.538229Z"",""no_price_dollars"":""0.6800"",""taker_side"":""no"",""ticker"":""KXETH15M-26APR271730-30"",""trade_id"":""99a735d1-4a22-5b0d-72ab-b095bcb35da9"",""yes_price_dollars"":""0.3200""}"
KXETH15M-26APR271730-30,1c6e96fa-98c0-581e-5715-e32b4b859ebb,1777324854,0.34,1.0,no,"{""count_fp"":""1.00"",""created_time"":""2026-04-27T21:20:54.538229Z"",""no_price_dollars"":""0.6600"",""taker_side"":""no"",""ticker"":""KXETH15M-26APR271730-30"",""trade_id"":""1c6e96fa-98c0-581e-5715-e32b4b859ebb"",""yes_price_dollars"":""0.3400""}"
KXETH15M-26APR271730-30,b55bbb04-066a-6008-35d3-13d22c9f6074,1777324854,0.35,12.61,yes,"{""count_fp"":""12.61"",""created_time"":""2026-04-27T21:20:54.142016Z"",""no_price_dollars"":""0.6500"",""taker_side"":""yes"",""ticker"":""KXETH15M-26APR271730-30"",""trade_id"":""b55bbb04-066a-6008-35d3-13d22c9f6074"",""yes_price_dollars"":""0.3500""}"
KXETH15M-26APR271730-30,a851cae2-ed26-5de8-39e1-fde03898c53c,1777324856,0.34,7.0,yes,"{""count_fp"":""7.00"",""created_time"":""2026-04-27T21:20:56.355815Z"",""no_price_dollars"":""0.6600"",""taker_side"":""yes"",""ticker"":""KXETH15M-26APR271730-30"",""trade_id"":""a851cae2-ed26-5de8-39e1-fde03898c53c"",""yes_price_dollars"":""0.3400""}"
KXETH15M-26APR271730-30,5bbe3462-cfb2-6c9c-7ae8-c2a32e9dce94,1777324858,0.34,6.0,yes,"{""count_fp"":""6.00"",""created_time"":""2026-04-27T21:20:58.356726Z"",""no_price_dollars"":""0.6600"",""taker_side"":""yes"",""ticker"":""KXETH15M-26APR271730-30"",""trade_id"":""5bbe3462-cfb2-6c9c-7ae8-c2a32e9dce94"",""yes_price_dollars"":""0.3400""}"
KXETH15M-26APR271730-30,e08258a9-b0be-470c-16a3-0a530bbb9f9c,1777324860,0.33,100.0,yes,"{""count_fp"":""100.00"",""created_time"":""2026-04-27T21:21:00.551233Z"",""no_price_dollars"":""0.6700"",""taker_side"":""yes"",""ticker"":""KXETH15M-26APR271730-30"",""trade_id"":""e08258a9-b0be-470c-16a3-0a530bbb9f9c"",""yes_price_dollars"":""0.3300""}"
KXETH15M-26APR271730-30,6a5448f2-535e-75ff-f0bb-a73ddd916980,1777324860,0.33,1.0,yes,"{""count_fp"":""1.00"",""created_time"":""2026-04-27T21:21:00.530797Z"",""no_price_dollars"":""0.6700"",""taker_side"":""yes"",""ticker"":""KXETH15M-26APR271730-30"",""trade_id"":""6a5448f2-535e-75ff-f0bb-a73ddd916980"",""yes_price_dollars"":""0.3300""}"
KXETH15M-26APR271730-30,fc4f57cd-e8cc-69e7-6840-57910494c1a8,1777324860,0.33,1.0,no,"{""count_fp"":""1.00"",""created_time"":""2026-04-27T21:21:00.511874Z"",""no_price_dollars"":""0.6700"",""taker_side"":""no"",""ticker"":""KXETH15M-26APR271730-30"",""trade_id"":""fc4f57cd-e8cc-69e7-6840-57910494c1a8"",""yes_price_dollars"":""0.3300""}"
KXETH15M-26APR271730-30,ffca70ae-8686-606f-90c6-e5ed656da282,1777324861,0.31,10.06,no,"{""count_fp"":""10.06"",""created_time"":""2026-04-27T21:21:01.436181Z"",""no_price_dollars"":""0.6900"",""taker_side"":""no"",""ticker"":""KXETH15M-26APR271730-30"",""trade_id"":""ffca70ae-8686-606f-90c6-e5ed656da282"",""yes_price_dollars"":""0.3100""}"
KXETH15M-26APR271730-30,86131b4d-85df-67eb-b721-19816979b325,1777324861,0.33,1.0,no,"{""count_fp"":""1.00"",""created_time"":""2026-04-27T21:21:01.436181Z"",""no_price_dollars"":""0.6700"",""taker_side"":""no"",""ticker"":""KXETH15M-26APR271730-30"",""trade_id"":""86131b4d-85df-67eb-b721-19816979b325"",""yes_price_dollars"":""0.3300""}"
KXETH15M-26APR271730-30,6aad7f28-eaff-6b92-a752-b8eca522dc9b,1777324861,0.33,1.0,no,"{""count_fp"":""1.00"",""created_time"":""2026-04-27T21:21:01.436181Z"",""no_price_dollars"":""0.6700"",""taker_side"":""no"",""ticker"":""KXETH15M-26APR271730-30"",""trade_id"":""6aad7f28-eaff-6b92-a752-b8eca522dc9b"",""yes_price_dollars"":""0.3300""}"
KXETH15M-26APR271730-30,7ba95fdc-90c7-493b-6d90-b7f7aa3946d5,1777324864,0.31,65.94,no,"{""count_fp"":""65.94"",""created_time"":""2026-04-27T21:21:04.178908Z"",""no_price_dollars"":""0.6900"",""taker_side"":""no"",""ticker"":""KXETH15M-26APR271730-30"",""trade_id"":""7ba95fdc-90c7-493b-6d90-b7f7aa3946d5"",""yes_price_dollars"":""0.3100""}"
KXETH15M-26APR271730-30,6f75943c-3580-4843-6ee9-db94bf6ad7f6,1777324864,0.31,1.0,no,"{""count_fp"":""1.00"",""created_time"":""2026-04-27T21:21:04.178908Z"",""no_price_dollars"":""0.6900"",""taker_side"":""no"",""ticker"":""KXETH15M-26APR271730-30"",""trade_id"":""6f75943c-3580-4843-6ee9-db94bf6ad7f6"",""yes_price_dollars"":""0.3100""}"
KXETH15M-26APR271730-30,0dd4040f-3209-4b13-6808-f4b46e4e5a16,1777324864,0.31,10.06,no,"{""count_fp"":""10.06"",""created_time"":""2026-04-27T21:21:04.178908Z"",""no_price_dollars"":""0.6900"",""taker_side"":""no"",""ticker"":""KXETH15M-26APR271730-30"",""trade_id"":""0dd4040f-3209-4b13-6808-f4b46e4e5a16"",""yes_price_dollars"":""0.3100""}"
KXETH15M-26APR271730-30,8857875e-57c5-5711-d10a-5bbcb8533936,1777324876,0.32,0.04,yes,"{""count_fp"":""0.04"",""created_time"":""2026-04-27T21:21:16.894585Z"",""no_price_dollars"":""0.6800"",""taker_side"":""yes"",""ticker"":""KXETH15M-26APR271730-30"",""trade_id"":""8857875e-57c5-5711-d10a-5bbcb8533936"",""yes_price_dollars"":""0.3200""}"
KXETH15M-26APR271730-30,69549f40-4f79-56a0-d4c4-47629dd3b23c,1777324876,0.32,0.55,yes,"{""count_fp"":""0.55"",""created_time"":""2026-04-27T21:21:16.894585Z"",""no_price_dollars"":""0.6800"",""taker_side"":""yes"",""ticker"":""KXETH15M-26APR271730-30"",""trade_id"":""69549f40-4f79-56a0-d4c4-47629dd3b23c"",""yes_price_dollars"":""0.3200""}"
KXETH15M-26APR271730-30,ca64b875-0e29-5604-a2ae-c459b43fd09c,1777324877,0.33,11.4,yes,"{""count_fp"":""11.40"",""created_time"":""2026-04-27T21:21:17.339727Z"",""no_price_dollars"":""0.6700"",""taker_side"":""yes"",""ticker"":""KXETH15M-26APR271730-30"",""trade_id"":""ca64b875-0e29-5604-a2ae-c459b43fd09c"",""yes_price_dollars"":""0.3300""}"
KXETH15M-26APR271730-30,ac712d08-b074-6ba3-5ffb-0920c83f01df,1777324878,0.32,6.09,no,"{""count_fp"":""6.09"",""created_time"":""2026-04-27T21:21:18.442246Z"",""no_price_dollars"":""0.6800"",""taker_side"":""no"",""ticker"":""KXETH15M-26APR271730-30"",""trade_id"":""ac712d08-b074-6ba3-5ffb-0920c83f01df"",""yes_price_dollars"":""0.3200""}"
KXETH15M-26APR271730-30,a5123e33-efe5-6db8-641c-5a1a8c1f95aa,1777324878,0.32,1.0,no,"{""count_fp"":""1.00"",""created_time"":""2026-04-27T21:21:18.442246Z"",""no_price_dollars"":""0.6800"",""taker_side"":""no"",""ticker"":""KXETH15M-26APR271730-30"",""trade_id"":""a5123e33-efe5-6db8-641c-5a1a8c1f95aa"",""yes_price_dollars"":""0.3200""}"
KXETH15M-26APR271730-30,41f76b63-5ee3-603b-74d9-a1f25463dd39,1777324885,0.33,1.0,no,"{""count_fp"":""1.00"",""created_time"":""2026-04-27T21:21:25.673179Z"",""no_price_dollars"":""0.6700"",""taker_side"":""no"",""ticker"":""KXETH15M-26APR271730-30"",""trade_id"":""41f76b63-5ee3-603b-74d9-a1f25463dd39"",""yes_price_dollars"":""0.3300""}"
KXETH15M-26APR271730-30,772aa390-6e47-7574-5ba9-27cbd2df2d96,1777324891,0.34,4.0,yes,"{""count_fp"":""4.00"",""created_time"":""2026-04-27T21:21:31.898988Z"",""no_price_dollars"":""0.6600"",""taker_side"":""yes"",""ticker"":""KXETH15M-26APR271730-30"",""trade_id"":""772aa390-6e47-7574-5ba9-27cbd2df2d96"",""yes_price_dollars"":""0.3400""}"
KXETH15M-26APR271730-30,4a5dae87-ed1f-7c7b-692c-8de4f1d409c1,1777324891,0.35,10.0,yes,"{""count_fp"":""10.00"",""created_time"":""2026-04-27T21:21:31.898988Z"",""no_price_dollars"":""0.6500"",""taker_side"":""yes"",""ticker"":""KXETH15M-26APR271730-30"",""trade_id"":""4a5dae87-ed1f-7c7b-692c-8de4f1d409c1"",""yes_price_dollars"":""0.3500""}"
KXETH15M-26APR271730-30,635bfa91-a98d-6958-9323-657321a5a391,1777324896,0.37,20.0,yes,"{""count_fp"":""20.00"",""created_time"":""2026-04-27T21:21:36.342485Z"",""no_price_dollars"":""0.6300"",""taker_side"":""yes"",""ticker"":""KXETH15M-26APR271730-30"",""trade_id"":""635bfa91-a98d-6958-9323-657321a5a391"",""yes_price_dollars"":""0.3700""}"
KXETH15M-26APR271730-30,fd2c7202-cde7-77bf-846e-f9c0d1f52b75,1777324897,0.38,4.0,no,"{""count_fp"":""4.00"",""created_time"":""2026-04-27T21:21:37.871246Z"",""no_price_dollars"":""0.6200"",""taker_side"":""no"",""ticker"":""KXETH15M-26APR271730-30"",""trade_id"":""fd2c7202-cde7-77bf-846e-f9c0d1f52b75"",""yes_price_dollars"":""0.3800""}"
KXETH15M-26APR271730-30,6e0f7d1a-31b8-6b4b-42e9-4b8acfa6bfa5,1777324897,0.39,15.0,yes,"{""count_fp"":""15.00"",""created_time"":""2026-04-27T21:21:37.754757Z"",""no_price_dollars"":""0.6100"",""taker_side"":""yes"",""ticker"":""KXETH15M-26APR271730-30"",""trade_id"":""6e0f7d1a-31b8-6b4b-42e9-4b8acfa6bfa5"",""yes_price_dollars"":""0.3900""}"
KXETH15M-26APR271730-30,65ff0d35-0ef0-57cf-d158-5510294b3a49,1777324898,0.39,1020.0,yes,"{""count_fp"":""1020.00"",""created_time"":""2026-04-27T21:21:38.178898Z"",""no_price_dollars"":""0.6100"",""taker_side"":""yes"",""ticker"":""KXETH15M-26APR271730-30"",""trade_id"":""65ff0d35-0ef0-57cf-d158-5510294b3a49"",""yes_price_dollars"":""0.3900""}"
KXETH15M-26APR271730-30,2fb3c109-679f-4d07-5f1d-bd3ae613b7f9,1777324900,0.38,15.71,no,"{""count_fp"":""15.71"",""created_time"":""2026-04-27T21:21:40.639835Z"",""no_price_dollars"":""0.6200"",""taker_side"":""no"",""ticker"":""KXETH15M-26APR271730-30"",""trade_id"":""2fb3c109-679f-4d07-5f1d-bd3ae613b7f9"",""yes_price_dollars"":""0.3800""}"
KXETH15M-26APR271730-30,2c619d63-c193-5bb8-e1b3-0bf88a89ff18,1777324903,0.4,5.0,no,"{""count_fp"":""5.00"",""created_time"":""2026-04-27T21:21:43.154724Z"",""no_price_dollars"":""0.6000"",""taker_side"":""no"",""ticker"":""KXETH15M-26APR271730-30"",""trade_id"":""2c619d63-c193-5bb8-e1b3-0bf88a89ff18"",""yes_price_dollars"":""0.4000""}"
KXETH15M-26APR271730-30,fe383f52-1077-4919-1759-e155bfef0b1a,1777324906,0.4,0.23,yes,"{""count_fp"":""0.23"",""created_time"":""2026-04-27T21:21:46.604748Z"",""no_price_dollars"":""0.6000"",""taker_side"":""yes"",""ticker"":""KXETH15M-26APR271730-30"",""trade_id"":""fe383f52-1077-4919-1759-e155bfef0b1a"",""yes_price_dollars"":""0.4000""}"
KXETH15M-26APR271730-30,e97682c4-5ed3-6ac3-f398-042a2f43f3dd,1777324907,0.38,0.59,no,"{""count_fp"":""0.59"",""created_time"":""2026-04-27T21:21:47.134199Z"",""no_price_dollars"":""0.6200"",""taker_side"":""no"",""ticker"":""KXETH15M-26APR271730-30"",""trade_id"":""e97682c4-5ed3-6ac3-f398-042a2f43f3dd"",""yes_price_dollars"":""0.3800""}"
KXETH15M-26APR271730-30,a3459909-2b13-5db7-4ad6-0ec4a92344f5,1777324908,0.38,11.0,no,"{""count_fp"":""11.00"",""created_time"":""2026-04-27T21:21:48.329736Z"",""no_price_dollars"":""0.6200"",""taker_side"":""no"",""ticker"":""KXETH15M-26APR271730-30"",""trade_id"":""a3459909-2b13-5db7-4ad6-0ec4a92344f5"",""yes_price_dollars"":""0.3800""}"
KXETH15M-26APR271730-30,7462db45-1f37-4b7f-3a8f-72c923fd0255,1777324909,0.38,4.71,no,"{""count_fp"":""4.71"",""created_time"":""2026-04-27T21:21:49.745415Z"",""no_price_dollars"":""0.6200"",""taker_side"":""no"",""ticker"":""KXETH15M-26APR271730-30"",""trade_id"":""7462db45-1f37-4b7f-3a8f-72c923fd0255"",""yes_price_dollars"":""0.3800""}"
KXETH15M-26APR271730-30,bc5dc68c-0f5b-67d7-677b-ade4a24c8c49,1777324910,0.38,0.15,no,"{""count_fp"":""0.15"",""created_time"":""2026-04-27T21:21:50.176561Z"",""no_price_dollars"":""0.6200"",""taker_side"":""no"",""ticker"":""KXETH15M-26APR271730-30"",""trade_id"":""bc5dc68c-0f5b-67d7-677b-ade4a24c8c49"",""yes_price_dollars"":""0.3800""}"
KXETH15M-26APR271730-30,ceff4517-03d1-659c-290a-273fed418940,1777324917,0.4,0.47,yes,"{""count_fp"":""0.47"",""created_time"":""2026-04-27T21:21:57.885175Z"",""no_price_dollars"":""0.6000"",""taker_side"":""yes"",""ticker"":""KXETH15M-26APR271730-30"",""trade_id"":""ceff4517-03d1-659c-290a-273fed418940"",""yes_price_dollars"":""0.4000""}"
KXETH15M-26APR271730-30,3ea91ec3-9a4d-546c-9b8e-ace8e5f80ec8,1777324917,0.4,4.79,yes,"{""count_fp"":""4.79"",""created_time"":""2026-04-27T21:21:57.675101Z"",""no_price_dollars"":""0.6000"",""taker_side"":""yes"",""ticker"":""KXETH15M-26APR271730-30"",""trade_id"":""3ea91ec3-9a4d-546c-9b8e-ace8e5f80ec8"",""yes_price_dollars"":""0.4000""}"
KXETH15M-26APR271730-30,bafb0961-cc69-6010-bef4-170641ccab78,1777324919,0.39,2.0,yes,"{""count_fp"":""2.00"",""created_time"":""2026-04-27T21:21:59.759739Z"",""no_price_dollars"":""0.6100"",""taker_side"":""yes"",""ticker"":""KXETH15M-26APR271730-30"",""trade_id"":""bafb0961-cc69-6010-bef4-170641ccab78"",""yes_price_dollars"":""0.3900""}"
KXETH15M-26APR271730-30,f83d64c6-fa74-7593-105a-27631e764527,1777324920,0.38,2.0,no,"{""count_fp"":""2.00"",""created_time"":""2026-04-27T21:22:00.672434Z"",""no_price_dollars"":""0.6200"",""taker_side"":""no"",""ticker"":""KXETH15M-26APR271730-30"",""trade_id"":""f83d64c6-fa74-7593-105a-27631e764527"",""yes_price_dollars"":""0.3800""}"
KXETH15M-26APR271730-30,1120b7e2-cea1-5494-cf42-2256b28a3fb4,1777324921,0.38,21.59,yes,"{""count_fp"":""21.59"",""created_time"":""2026-04-27T21:22:01.587077Z"",""no_price_dollars"":""0.6200"",""taker_side"":""yes"",""ticker"":""KXETH15M-26APR271730-30"",""trade_id"":""1120b7e2-cea1-5494-cf42-2256b28a3fb4"",""yes_price_dollars"":""0.3800""}"
KXETH15M-26APR271730-30,cc3292f7-f58b-5cf1-8b95-c4c9eb4daa32,1777324925,0.37,1.0,yes,"{""count_fp"":""1.00"",""created_time"":""2026-04-27T21:22:05.812208Z"",""no_price_dollars"":""0.6300"",""taker_side"":""yes"",""ticker"":""KXETH15M-26APR271730-30"",""trade_id"":""cc3292f7-f58b-5cf1-8b95-c4c9eb4daa32"",""yes_price_dollars"":""0.3700""}"
KXETH15M-26APR271730-30,690fab74-a3a2-7fc6-14a6-7d8e70d3de33,1777324928,0.36,0.23,no,"{""count_fp"":""0.23"",""created_time"":""2026-04-27T21:22:08.360588Z"",""no_price_dollars"":""0.6400"",""taker_side"":""no"",""ticker"":""KXETH15M-26APR271730-30"",""trade_id"":""690fab74-a3a2-7fc6-14a6-7d8e70d3de33"",""yes_price_dollars"":""0.3600""}"
KXETH15M-26APR271730-30,14db64d1-e061-7306-0269-e245ad57f996,1777324928,0.35,0.77,no,"{""count_fp"":""0.77"",""created_time"":""2026-04-27T21:22:08.360588Z"",""no_price_dollars"":""0.6500"",""taker_side"":""no"",""ticker"":""KXETH15M-26APR271730-30"",""trade_id"":""14db64d1-e061-7306-0269-e245ad57f996"",""yes_price_dollars"":""0.3500""}"
KXETH15M-26APR271730-30,99906a49-f55a-5a97-0564-1cbcbaff137e,1777324935,0.39,10.0,yes,"{""count_fp"":""10.00"",""created_time"":""2026-04-27T21:22:15.576555Z"",""no_price_dollars"":""0.6100"",""taker_side"":""yes"",""ticker"":""KXETH15M-26APR271730-30"",""trade_id"":""99906a49-f55a-5a97-0564-1cbcbaff137e"",""yes_price_dollars"":""0.3900""}"
KXETH15M-26APR271730-30,d736d91a-d046-6b76-f0cb-cdd803174b6d,1777324949,0.43,21.4,yes,"{""count_fp"":""21.40"",""created_time"":""2026-04-27T21:22:29.736775Z"",""no_price_dollars"":""0.5700"",""taker_side"":""yes"",""ticker"":""KXETH15M-26APR271730-30"",""trade_id"":""d736d91a-d046-6b76-f0cb-cdd803174b6d"",""yes_price_dollars"":""0.4300""}"
KXETH15M-26APR271730-30,a0abb1e4-bd9c-68ec-c3df-5051c4860aef,1777324949,0.41,1.0,yes,"{""count_fp"":""1.00"",""created_time"":""2026-04-27T21:22:29.736775Z"",""no_price_dollars"":""0.5900"",""taker_side"":""yes"",""ticker"":""KXETH15M-26APR271730-30"",""trade_id"":""a0abb1e4-bd9c-68ec-c3df-5051c4860aef"",""yes_price_dollars"":""0.4100""}"
KXETH15M-26APR271730-30,d6d77d7d-f137-4257-f6aa-dca37e73eee1,1777324950,0.4,1.0,no,"{""count_fp"":""1.00"",""created_time"":""2026-04-27T21:22:30.156598Z"",""no_price_dollars"":""0.6000"",""taker_side"":""no"",""ticker"":""KXETH15M-26APR271730-30"",""trade_id"":""d6d77d7d-f137-4257-f6aa-dca37e73eee1"",""yes_price_dollars"":""0.4000""}"
KXETH15M-26APR271730-30,a30cd5d3-7ce1-4a7f-655a-9eb230e2b36e,1777324951,0.41,10.0,no,"{""count_fp"":""10.00"",""created_time"":""2026-04-27T21:22:31.163686Z"",""no_price_dollars"":""0.5900"",""taker_side"":""no"",""ticker"":""KXETH15M-26APR271730-30"",""trade_id"":""a30cd5d3-7ce1-4a7f-655a-9eb230e2b36e"",""yes_price_dollars"":""0.4100""}"
KXETH15M-26APR271730-30,00367b03-986b-47fb-5ef8-8c5014c60469,1777324951,0.4,22.24,no,"{""count_fp"":""22.24"",""created_time"":""2026-04-27T21:22:31.163686Z"",""no_price_dollars"":""0.6000"",""taker_side"":""no"",""ticker"":""KXETH15M-26APR271730-30"",""trade_id"":""00367b03-986b-47fb-5ef8-8c5014c60469"",""yes_price_dollars"":""0.4000""}"
KXETH15M-26APR271730-30,c58ef6fb-742c-46a3-e35d-35c5749ecb2f,1777324953,0.43,0.32,yes,"{""count_fp"":""0.32"",""created_time"":""2026-04-27T21:22:33.042862Z"",""no_price_dollars"":""0.5700"",""taker_side"":""yes"",""ticker"":""KXETH15M-26APR271730-30"",""trade_id"":""c58ef6fb-742c-46a3-e35d-35c5749ecb2f"",""yes_price_dollars"":""0.4300""}"
KXETH15M-26APR271730-30,075751cf-77e4-4dd2-c5dd-c67d465c1b0b,1777324954,0.44,0.44,yes,"{""count_fp"":""0.44"",""created_time"":""2026-04-27T21:22:34.076269Z"",""no_price_dollars"":""0.5600"",""taker_side"":""yes"",""ticker"":""KXETH15M-26APR271730-30"",""trade_id"":""075751cf-77e4-4dd2-c5dd-c67d465c1b0b"",""yes_price_dollars"":""0.4400""}"
KXETH15M-26APR271730-30,75ee8760-9506-7d47-baaf-2d8f306e9b96,1777324970,0.4,3.0,no,"{""count_fp"":""3.00"",""created_time"":""2026-04-27T21:22:50.422548Z"",""no_price_dollars"":""0.6000"",""taker_side"":""no"",""ticker"":""KXETH15M-26APR271730-30"",""trade_id"":""75ee8760-9506-7d47-baaf-2d8f306e9b96"",""yes_price_dollars"":""0.4000""}"
KXETH15M-26APR271730-30,27cf1076-9e05-477c-8d9f-6267bbfc033c,1777324970,0.41,11.0,yes,"{""count_fp"":""11.00"",""created_time"":""2026-04-27T21:22:50.020549Z"",""no_price_dollars"":""0.5900"",""taker_side"":""yes"",""ticker"":""KXETH15M-26APR271730-30"",""trade_id"":""27cf1076-9e05-477c-8d9f-6267bbfc033c"",""yes_price_dollars"":""0.4100""}"
KXETH15M-26APR271730-30,a90cf31e-a131-6250-76c8-847c0f8c314c,1777324972,0.41,16.0,yes,"{""count_fp"":""16.00"",""created_time"":""2026-04-27T21:22:52.135941Z"",""no_price_dollars"":""0.5900"",""taker_side"":""yes"",""ticker"":""KXETH15M-26APR271730-30"",""trade_id"":""a90cf31e-a131-6250-76c8-847c0f8c314c"",""yes_price_dollars"":""0.4100""}"
KXETH15M-26APR271730-30,f3ad48ef-0aa2-7ef3-a1fb-0d75036f8042,1777324980,0.4,2.0,no,"{""count_fp"":""2.00"",""created_time"":""2026-04-27T21:23:00.665325Z"",""no_price_dollars"":""0.6000"",""taker_side"":""no"",""ticker"":""KXETH15M-26APR271730-30"",""trade_id"":""f3ad48ef-0aa2-7ef3-a1fb-0d75036f8042"",""yes_price_dollars"":""0.4000""}"
KXETH15M-26APR271730-30,9fbe9744-f9ce-599f-432b-1dbc1b986786,1777324986,0.4,3.0,no,"{""count_fp"":""3.00"",""created_time"":""2026-04-27T21:23:06.704927Z"",""no_price_dollars"":""0.6000"",""taker_side"":""no"",""ticker"":""KXETH15M-26APR271730-30"",""trade_id"":""9fbe9744-f9ce-599f-432b-1dbc1b986786"",""yes_price_dollars"":""0.4000""}"
KXETH15M-26APR271730-30,62b8cd5e-c63a-644b-3375-78fd2fb772e2,1777324987,0.4,11.0,no,"{""count_fp"":""11.00"",""created_time"":""2026-04-27T21:23:07.660062Z"",""no_price_dollars"":""0.6000"",""taker_side"":""no"",""ticker"":""KXETH15M-26APR271730-30"",""trade_id"":""62b8cd5e-c63a-644b-3375-78fd2fb772e2"",""yes_price_dollars"":""0.4000""}"
KXETH15M-26APR271730-30,5dca956f-bce2-59af-0083-4736fdff5e0e,1777324991,0.4,1.0,no,"{""count_fp"":""1.00"",""created_time"":""2026-04-27T21:23:11.626752Z"",""no_price_dollars"":""0.6000"",""taker_side"":""no"",""ticker"":""KXETH15M-26APR271730-30"",""trade_id"":""5dca956f-bce2-59af-0083-4736fdff5e0e"",""yes_price_dollars"":""0.4000""}"
