ticker,trade_id,ts,yes_price,count,taker_side,raw_json
KXETH15M-26APR281115-15,43d64fdf-b1cc-4ca4-14f1-fd7fcf53c3c4,1777388413,0.65,10.0,no,"{""count_fp"":""10.00"",""created_time"":""2026-04-28T15:00:13.580692Z"",""no_price_dollars"":""0.3500"",""taker_side"":""no"",""ticker"":""KXETH15M-26APR281115-15"",""trade_id"":""43d64fdf-b1cc-4ca4-14f1-fd7fcf53c3c4"",""yes_price_dollars"":""0.6500""}"
KXETH15M-26APR281115-15,c95259ad-0000-72b8-00a9-ec0cb1074248,1777388418,0.69,1.0,yes,"{""count_fp"":""1.00"",""created_time"":""2026-04-28T15:00:18.635596Z"",""no_price_dollars"":""0.3100"",""taker_side"":""yes"",""ticker"":""KXETH15M-26APR281115-15"",""trade_id"":""c95259ad-0000-72b8-00a9-ec0cb1074248"",""yes_price_dollars"":""0.6900""}"
KXETH15M-26APR281115-15,76187f3b-2098-55c8-2735-5f0c0c96408b,1777388423,0.68,1.0,yes,"{""count_fp"":""1.00"",""created_time"":""2026-04-28T15:00:23.904418Z"",""no_price_dollars"":""0.3200"",""taker_side"":""yes"",""ticker"":""KXETH15M-26APR281115-15"",""trade_id"":""76187f3b-2098-55c8-2735-5f0c0c96408b"",""yes_price_dollars"":""0.6800""}"
KXETH15M-26APR281115-15,57c76d66-0a22-7a1c-d087-aee5a5daf64f,1777388423,0.64,1.0,no,"{""count_fp"":""1.00"",""created_time"":""2026-04-28T15:00:23.540234Z"",""no_price_dollars"":""0.3600"",""taker_side"":""no"",""ticker"":""KXETH15M-26APR281115-15"",""trade_id"":""57c76d66-0a22-7a1c-d087-aee5a5daf64f"",""yes_price_dollars"":""0.6400""}"
KXETH15M-26APR281115-15,0808a0d7-3367-5c5f-9984-6e6192c6cc10,1777388425,0.63,10.0,no,"{""count_fp"":""10.00"",""created_time"":""2026-04-28T15:00:25.675093Z"",""no_price_dollars"":""0.3700"",""taker_side"":""no"",""ticker"":""KXETH15M-26APR281115-15"",""trade_id"":""0808a0d7-3367-5c5f-9984-6e6192c6cc10"",""yes_price_dollars"":""0.6300""}"
KXETH15M-26APR281115-15,56181453-4818-63fc-1dd1-be343b3f763c,1777388426,0.69,39.91,yes,"{""count_fp"":""39.91"",""created_time"":""2026-04-28T15:00:26.905829Z"",""no_price_dollars"":""0.3100"",""taker_side"":""yes"",""ticker"":""KXETH15M-26APR281115-15"",""trade_id"":""56181453-4818-63fc-1dd1-be343b3f763c"",""yes_price_dollars"":""0.6900""}"
KXETH15M-26APR281115-15,36e43ab2-9478-64cc-3eec-507d7de28c0b,1777388426,0.67,10.0,yes,"{""count_fp"":""10.00"",""created_time"":""2026-04-28T15:00:26.905829Z"",""no_price_dollars"":""0.3300"",""taker_side"":""yes"",""ticker"":""KXETH15M-26APR281115-15"",""trade_id"":""36e43ab2-9478-64cc-3eec-507d7de28c0b"",""yes_price_dollars"":""0.6700""}"
KXETH15M-26APR281115-15,74006b74-8721-4b52-6345-06a524816c73,1777388427,0.67,10.0,no,"{""count_fp"":""10.00"",""created_time"":""2026-04-28T15:00:27.365466Z"",""no_price_dollars"":""0.3300"",""taker_side"":""no"",""ticker"":""KXETH15M-26APR281115-15"",""trade_id"":""74006b74-8721-4b52-6345-06a524816c73"",""yes_price_dollars"":""0.6700""}"
KXETH15M-26APR281115-15,52471b69-0a02-43c4-4d3e-5b3cd0e79807,1777388427,0.66,53.05,no,"{""count_fp"":""53.05"",""created_time"":""2026-04-28T15:00:27.365466Z"",""no_price_dollars"":""0.3400"",""taker_side"":""no"",""ticker"":""KXETH15M-26APR281115-15"",""trade_id"":""52471b69-0a02-43c4-4d3e-5b3cd0e79807"",""yes_price_dollars"":""0.6600""}"
KXETH15M-26APR281115-15,ab7d32e7-6bc4-6b54-52c0-264ff441f294,1777388427,0.69,5.0,yes,"{""count_fp"":""5.00"",""created_time"":""2026-04-28T15:00:27.128959Z"",""no_price_dollars"":""0.3100"",""taker_side"":""yes"",""ticker"":""KXETH15M-26APR281115-15"",""trade_id"":""ab7d32e7-6bc4-6b54-52c0-264ff441f294"",""yes_price_dollars"":""0.6900""}"
KXETH15M-26APR281115-15,87d344ae-d40a-5d14-de07-77f938ff8fab,1777388429,0.67,0.28,no,"{""count_fp"":""0.28"",""created_time"":""2026-04-28T15:00:29.263354Z"",""no_price_dollars"":""0.3300"",""taker_side"":""no"",""ticker"":""KXETH15M-26APR281115-15"",""trade_id"":""87d344ae-d40a-5d14-de07-77f938ff8fab"",""yes_price_dollars"":""0.6700""}"
KXETH15M-26APR281115-15,b8d6ecdc-2322-4658-499b-47455317d7db,1777388430,0.67,26.05,no,"{""count_fp"":""26.05"",""created_time"":""2026-04-28T15:00:30.819565Z"",""no_price_dollars"":""0.3300"",""taker_side"":""no"",""ticker"":""KXETH15M-26APR281115-15"",""trade_id"":""b8d6ecdc-2322-4658-499b-47455317d7db"",""yes_price_dollars"":""0.6700""}"
KXETH15M-26APR281115-15,57dce5c1-1576-5975-1118-9f0152fe6a52,1777388431,0.67,14.47,no,"{""count_fp"":""14.47"",""created_time"":""2026-04-28T15:00:31.615056Z"",""no_price_dollars"":""0.3300"",""taker_side"":""no"",""ticker"":""KXETH15M-26APR281115-15"",""trade_id"":""57dce5c1-1576-5975-1118-9f0152fe6a52"",""yes_price_dollars"":""0.6700""}"
KXETH15M-26APR281115-15,6f94bdf1-8de6-7d80-aea5-09cd501e6d5f,1777388431,0.67,109.99,no,"{""count_fp"":""109.99"",""created_time"":""2026-04-28T15:00:31.021263Z"",""no_price_dollars"":""0.3300"",""taker_side"":""no"",""ticker"":""KXETH15M-26APR281115-15"",""trade_id"":""6f94bdf1-8de6-7d80-aea5-09cd501e6d5f"",""yes_price_dollars"":""0.6700""}"
KXETH15M-26APR281115-15,d0eb5492-0ed2-5b5d-72a5-28d0a8778312,1777388440,0.67,40.69,no,"{""count_fp"":""40.69"",""created_time"":""2026-04-28T15:00:40.292701Z"",""no_price_dollars"":""0.3300"",""taker_side"":""no"",""ticker"":""KXETH15M-26APR281115-15"",""trade_id"":""d0eb5492-0ed2-5b5d-72a5-28d0a8778312"",""yes_price_dollars"":""0.6700""}"
KXETH15M-26APR281115-15,57d82810-124f-5b85-443b-3668862bce34,1777388440,0.68,1.0,no,"{""count_fp"":""1.00"",""created_time"":""2026-04-28T15:00:40.292701Z"",""no_price_dollars"":""0.3200"",""taker_side"":""no"",""ticker"":""KXETH15M-26APR281115-15"",""trade_id"":""57d82810-124f-5b85-443b-3668862bce34"",""yes_price_dollars"":""0.6800""}"
KXETH15M-26APR281115-15,2eca8563-9b88-4309-4b87-f5646b8a7908,1777388441,0.67,0.29,no,"{""count_fp"":""0.29"",""created_time"":""2026-04-28T15:00:41.904725Z"",""no_price_dollars"":""0.3300"",""taker_side"":""no"",""ticker"":""KXETH15M-26APR281115-15"",""trade_id"":""2eca8563-9b88-4309-4b87-f5646b8a7908"",""yes_price_dollars"":""0.6700""}"
KXETH15M-26APR281115-15,b9c13ce8-08c3-5e56-6f87-9d658d67b95c,1777388441,0.68,1.0,yes,"{""count_fp"":""1.00"",""created_time"":""2026-04-28T15:00:41.308968Z"",""no_price_dollars"":""0.3200"",""taker_side"":""yes"",""ticker"":""KXETH15M-26APR281115-15"",""trade_id"":""b9c13ce8-08c3-5e56-6f87-9d658d67b95c"",""yes_price_dollars"":""0.6800""}"
KXETH15M-26APR281115-15,83b38ec6-117e-6c2f-8d26-4321644b3f0a,1777388445,0.68,1.0,no,"{""count_fp"":""1.00"",""created_time"":""2026-04-28T15:00:45.946103Z"",""no_price_dollars"":""0.3200"",""taker_side"":""no"",""ticker"":""KXETH15M-26APR281115-15"",""trade_id"":""83b38ec6-117e-6c2f-8d26-4321644b3f0a"",""yes_price_dollars"":""0.6800""}"
KXETH15M-26APR281115-15,66cfe5dd-67c6-66ad-a541-e38299042ce6,1777388445,0.68,4.96,no,"{""count_fp"":""4.96"",""created_time"":""2026-04-28T15:00:45.946103Z"",""no_price_dollars"":""0.3200"",""taker_side"":""no"",""ticker"":""KXETH15M-26APR281115-15"",""trade_id"":""66cfe5dd-67c6-66ad-a541-e38299042ce6"",""yes_price_dollars"":""0.6800""}"
KXETH15M-26APR281115-15,241d349b-e32e-6729-c31f-040b9119eff6,1777388446,0.68,54.0,no,"{""count_fp"":""54.00"",""created_time"":""2026-04-28T15:00:46.384868Z"",""no_price_dollars"":""0.3200"",""taker_side"":""no"",""ticker"":""KXETH15M-26APR281115-15"",""trade_id"":""241d349b-e32e-6729-c31f-040b9119eff6"",""yes_price_dollars"":""0.6800""}"
KXETH15M-26APR281115-15,2d2bcbce-af56-74c8-791c-67599f1df583,1777388449,0.68,3.0,no,"{""count_fp"":""3.00"",""created_time"":""2026-04-28T15:00:49.550604Z"",""no_price_dollars"":""0.3200"",""taker_side"":""no"",""ticker"":""KXETH15M-26APR281115-15"",""trade_id"":""2d2bcbce-af56-74c8-791c-67599f1df583"",""yes_price_dollars"":""0.6800""}"
KXETH15M-26APR281115-15,5d3d1c9f-599a-5870-614e-3ea8b4af5b33,1777388450,0.68,74.56,no,"{""count_fp"":""74.56"",""created_time"":""2026-04-28T15:00:50.503574Z"",""no_price_dollars"":""0.3200"",""taker_side"":""no"",""ticker"":""KXETH15M-26APR281115-15"",""trade_id"":""5d3d1c9f-599a-5870-614e-3ea8b4af5b33"",""yes_price_dollars"":""0.6800""}"
KXETH15M-26APR281115-15,11ee45f3-f2c0-705c-de15-5401d7c502ec,1777388454,0.69,35.46,yes,"{""count_fp"":""35.46"",""created_time"":""2026-04-28T15:00:54.523678Z"",""no_price_dollars"":""0.3100"",""taker_side"":""yes"",""ticker"":""KXETH15M-26APR281115-15"",""trade_id"":""11ee45f3-f2c0-705c-de15-5401d7c502ec"",""yes_price_dollars"":""0.6900""}"
KXETH15M-26APR281115-15,f64e0085-3432-59b4-8359-f5cc438af470,1777388454,0.68,99.0,no,"{""count_fp"":""99.00"",""created_time"":""2026-04-28T15:00:54.428857Z"",""no_price_dollars"":""0.3200"",""taker_side"":""no"",""ticker"":""KXETH15M-26APR281115-15"",""trade_id"":""f64e0085-3432-59b4-8359-f5cc438af470"",""yes_price_dollars"":""0.6800""}"
KXETH15M-26APR281115-15,d6ea1061-2641-5514-8067-f539d1a7a10e,1777388454,0.68,10.0,no,"{""count_fp"":""10.00"",""created_time"":""2026-04-28T15:00:54.428857Z"",""no_price_dollars"":""0.3200"",""taker_side"":""no"",""ticker"":""KXETH15M-26APR281115-15"",""trade_id"":""d6ea1061-2641-5514-8067-f539d1a7a10e"",""yes_price_dollars"":""0.6800""}"
KXETH15M-26APR281115-15,e98218a4-e54d-725b-bd35-1e8a13e07f24,1777388457,0.68,1.0,yes,"{""count_fp"":""1.00"",""created_time"":""2026-04-28T15:00:57.310705Z"",""no_price_dollars"":""0.3200"",""taker_side"":""yes"",""ticker"":""KXETH15M-26APR281115-15"",""trade_id"":""e98218a4-e54d-725b-bd35-1e8a13e07f24"",""yes_price_dollars"":""0.6800""}"
KXETH15M-26APR281115-15,835f4819-27dc-76f4-b919-f6628c99d994,1777388457,0.69,1.0,yes,"{""count_fp"":""1.00"",""created_time"":""2026-04-28T15:00:57.310705Z"",""no_price_dollars"":""0.3100"",""taker_side"":""yes"",""ticker"":""KXETH15M-26APR281115-15"",""trade_id"":""835f4819-27dc-76f4-b919-f6628c99d994"",""yes_price_dollars"":""0.6900""}"
KXETH15M-26APR281115-15,9ba08bb5-785c-4440-fc32-b784da851c2c,1777388460,0.69,13.0,yes,"{""count_fp"":""13.00"",""created_time"":""2026-04-28T15:01:00.253126Z"",""no_price_dollars"":""0.3100"",""taker_side"":""yes"",""ticker"":""KXETH15M-26APR281115-15"",""trade_id"":""9ba08bb5-785c-4440-fc32-b784da851c2c"",""yes_price_dollars"":""0.6900""}"
KXETH15M-26APR281115-15,e7b619da-ac68-7549-5bd1-f522aab03a68,1777388460,0.67,4.47,no,"{""count_fp"":""4.47"",""created_time"":""2026-04-28T15:01:00.135214Z"",""no_price_dollars"":""0.3300"",""taker_side"":""no"",""ticker"":""KXETH15M-26APR281115-15"",""trade_id"":""e7b619da-ac68-7549-5bd1-f522aab03a68"",""yes_price_dollars"":""0.6700""}"
KXETH15M-26APR281115-15,b03a6a52-6c60-7f61-4225-9d97880eebc4,1777388460,0.68,10.0,no,"{""count_fp"":""10.00"",""created_time"":""2026-04-28T15:01:00.135214Z"",""no_price_dollars"":""0.3200"",""taker_side"":""no"",""ticker"":""KXETH15M-26APR281115-15"",""trade_id"":""b03a6a52-6c60-7f61-4225-9d97880eebc4"",""yes_price_dollars"":""0.6800""}"
KXETH15M-26APR281115-15,9edd0ed8-48e4-5ba8-4299-b75ede09eeb4,1777388461,0.69,426.0,yes,"{""count_fp"":""426.00"",""created_time"":""2026-04-28T15:01:01.964501Z"",""no_price_dollars"":""0.3100"",""taker_side"":""yes"",""ticker"":""KXETH15M-26APR281115-15"",""trade_id"":""9edd0ed8-48e4-5ba8-4299-b75ede09eeb4"",""yes_price_dollars"":""0.6900""}"
KXETH15M-26APR281115-15,92b0068a-3d6e-5faf-4c85-85b4df9de4e1,1777388461,0.68,1.0,yes,"{""count_fp"":""1.00"",""created_time"":""2026-04-28T15:01:01.964501Z"",""no_price_dollars"":""0.3200"",""taker_side"":""yes"",""ticker"":""KXETH15M-26APR281115-15"",""trade_id"":""92b0068a-3d6e-5faf-4c85-85b4df9de4e1"",""yes_price_dollars"":""0.6800""}"
KXETH15M-26APR281115-15,a97c6342-a7b3-4eeb-4673-6195cc92e39e,1777388462,0.77,70.0,yes,"{""count_fp"":""70.00"",""created_time"":""2026-04-28T15:01:02.453514Z"",""no_price_dollars"":""0.2300"",""taker_side"":""yes"",""ticker"":""KXETH15M-26APR281115-15"",""trade_id"":""a97c6342-a7b3-4eeb-4673-6195cc92e39e"",""yes_price_dollars"":""0.7700""}"
KXETH15M-26APR281115-15,3d62b1f2-8e6b-690f-cce8-5146c5122bc8,1777388462,0.76,1.0,yes,"{""count_fp"":""1.00"",""created_time"":""2026-04-28T15:01:02.313065Z"",""no_price_dollars"":""0.2400"",""taker_side"":""yes"",""ticker"":""KXETH15M-26APR281115-15"",""trade_id"":""3d62b1f2-8e6b-690f-cce8-5146c5122bc8"",""yes_price_dollars"":""0.7600""}"
KXETH15M-26APR281115-15,c6a5b4b8-b79a-548f-67ed-397c8b210b6e,1777388462,0.81,10.0,yes,"{""count_fp"":""10.00"",""created_time"":""2026-04-28T15:01:02.189734Z"",""no_price_dollars"":""0.1900"",""taker_side"":""yes"",""ticker"":""KXETH15M-26APR281115-15"",""trade_id"":""c6a5b4b8-b79a-548f-67ed-397c8b210b6e"",""yes_price_dollars"":""0.8100""}"
KXETH15M-26APR281115-15,1b44e210-73b6-5b7a-49a7-22e7e510b1fc,1777388462,0.77,10.0,yes,"{""count_fp"":""10.00"",""created_time"":""2026-04-28T15:01:02.172657Z"",""no_price_dollars"":""0.2300"",""taker_side"":""yes"",""ticker"":""KXETH15M-26APR281115-15"",""trade_id"":""1b44e210-73b6-5b7a-49a7-22e7e510b1fc"",""yes_price_dollars"":""0.7700""}"
KXETH15M-26APR281115-15,e675d2df-dfb8-570f-1b19-1fa27413fdb4,1777388462,0.75,1.0,yes,"{""count_fp"":""1.00"",""created_time"":""2026-04-28T15:01:02.152981Z"",""no_price_dollars"":""0.2500"",""taker_side"":""yes"",""ticker"":""KXETH15M-26APR281115-15"",""trade_id"":""e675d2df-dfb8-570f-1b19-1fa27413fdb4"",""yes_price_dollars"":""0.7500""}"
KXETH15M-26APR281115-15,fb4a0565-a7f8-7be9-028b-a6e7c2c7a93e,1777388462,0.73,10.0,yes,"{""count_fp"":""10.00"",""created_time"":""2026-04-28T15:01:02.139661Z"",""no_price_dollars"":""0.2700"",""taker_side"":""yes"",""ticker"":""KXETH15M-26APR281115-15"",""trade_id"":""fb4a0565-a7f8-7be9-028b-a6e7c2c7a93e"",""yes_price_dollars"":""0.7300""}"
KXETH15M-26APR281115-15,6b7c8231-d6cb-7d2f-0a8d-a33ea9e82863,1777388462,0.74,10.0,yes,"{""count_fp"":""10.00"",""created_time"":""2026-04-28T15:01:02.139661Z"",""no_price_dollars"":""0.2600"",""taker_side"":""yes"",""ticker"":""KXETH15M-26APR281115-15"",""trade_id"":""6b7c8231-d6cb-7d2f-0a8d-a33ea9e82863"",""yes_price_dollars"":""0.7400""}"
KXETH15M-26APR281115-15,0bfc9794-3519-78a7-0d0d-28843de1fe25,1777388462,0.72,0.54,yes,"{""count_fp"":""0.54"",""created_time"":""2026-04-28T15:01:02.139661Z"",""no_price_dollars"":""0.2800"",""taker_side"":""yes"",""ticker"":""KXETH15M-26APR281115-15"",""trade_id"":""0bfc9794-3519-78a7-0d0d-28843de1fe25"",""yes_price_dollars"":""0.7200""}"
KXETH15M-26APR281115-15,ac5894ff-5f97-6ce0-73ae-f3b6bc6ec5fe,1777388462,0.69,0.54,yes,"{""count_fp"":""0.54"",""created_time"":""2026-04-28T15:01:02.121028Z"",""no_price_dollars"":""0.3100"",""taker_side"":""yes"",""ticker"":""KXETH15M-26APR281115-15"",""trade_id"":""ac5894ff-5f97-6ce0-73ae-f3b6bc6ec5fe"",""yes_price_dollars"":""0.6900""}"
KXETH15M-26APR281115-15,3991e2c6-6435-6667-6cb7-3c278a92c101,1777388462,0.72,69.46,yes,"{""count_fp"":""69.46"",""created_time"":""2026-04-28T15:01:02.121028Z"",""no_price_dollars"":""0.2800"",""taker_side"":""yes"",""ticker"":""KXETH15M-26APR281115-15"",""trade_id"":""3991e2c6-6435-6667-6cb7-3c278a92c101"",""yes_price_dollars"":""0.7200""}"
KXETH15M-26APR281115-15,ce08a7f6-8f83-7774-a8c2-585e20d36f5a,1777388462,0.69,39.46,yes,"{""count_fp"":""39.46"",""created_time"":""2026-04-28T15:01:02.063195Z"",""no_price_dollars"":""0.3100"",""taker_side"":""yes"",""ticker"":""KXETH15M-26APR281115-15"",""trade_id"":""ce08a7f6-8f83-7774-a8c2-585e20d36f5a"",""yes_price_dollars"":""0.6900""}"
KXETH15M-26APR281115-15,902e1327-93d8-7c54-851f-2f6fed6da324,1777388462,0.69,3.54,yes,"{""count_fp"":""3.54"",""created_time"":""2026-04-28T15:01:02.063195Z"",""no_price_dollars"":""0.3100"",""taker_side"":""yes"",""ticker"":""KXETH15M-26APR281115-15"",""trade_id"":""902e1327-93d8-7c54-851f-2f6fed6da324"",""yes_price_dollars"":""0.6900""}"
KXETH15M-26APR281115-15,4edae2c8-ee2d-6540-9482-e3cdec409301,1777388464,0.78,25.0,no,"{""count_fp"":""25.00"",""created_time"":""2026-04-28T15:01:04.948319Z"",""no_price_dollars"":""0.2200"",""taker_side"":""no"",""ticker"":""KXETH15M-26APR281115-15"",""trade_id"":""4edae2c8-ee2d-6540-9482-e3cdec409301"",""yes_price_dollars"":""0.7800""}"
KXETH15M-26APR281115-15,d38b8550-308c-5bc1-fa72-61ba350ffed9,1777388469,0.73,1.0,yes,"{""count_fp"":""1.00"",""created_time"":""2026-04-28T15:01:09.391628Z"",""no_price_dollars"":""0.2700"",""taker_side"":""yes"",""ticker"":""KXETH15M-26APR281115-15"",""trade_id"":""d38b8550-308c-5bc1-fa72-61ba350ffed9"",""yes_price_dollars"":""0.7300""}"
KXETH15M-26APR281115-15,78bed29e-a489-576c-700a-e02d50422372,1777388470,0.76,1.0,yes,"{""count_fp"":""1.00"",""created_time"":""2026-04-28T15:01:10.881454Z"",""no_price_dollars"":""0.2400"",""taker_side"":""yes"",""ticker"":""KXETH15M-26APR281115-15"",""trade_id"":""78bed29e-a489-576c-700a-e02d50422372"",""yes_price_dollars"":""0.7600""}"
KXETH15M-26APR281115-15,e69b5b60-23a5-55c6-056f-46a7920423d3,1777388476,0.75,10.26,no,"{""count_fp"":""10.26"",""created_time"":""2026-04-28T15:01:16.857657Z"",""no_price_dollars"":""0.2500"",""taker_side"":""no"",""ticker"":""KXETH15M-26APR281115-15"",""trade_id"":""e69b5b60-23a5-55c6-056f-46a7920423d3"",""yes_price_dollars"":""0.7500""}"
KXETH15M-26APR281115-15,b3935b76-8cdf-57b0-1238-a3b88c17f1bf,1777388476,0.75,1.0,no,"{""count_fp"":""1.00"",""created_time"":""2026-04-28T15:01:16.857657Z"",""no_price_dollars"":""0.2500"",""taker_side"":""no"",""ticker"":""KXETH15M-26APR281115-15"",""trade_id"":""b3935b76-8cdf-57b0-1238-a3b88c17f1bf"",""yes_price_dollars"":""0.7500""}"
KXETH15M-26APR281115-15,602988f8-c3b2-5d51-3286-e32d36a03d81,1777388476,0.75,32.74,no,"{""count_fp"":""32.74"",""created_time"":""2026-04-28T15:01:16.857657Z"",""no_price_dollars"":""0.2500"",""taker_side"":""no"",""ticker"":""KXETH15M-26APR281115-15"",""trade_id"":""602988f8-c3b2-5d51-3286-e32d36a03d81"",""yes_price_dollars"":""0.7500""}"
KXETH15M-26APR281115-15,60501211-ec4a-693c-a87b-50cf1adaf8d2,1777388476,0.76,2.58,yes,"{""count_fp"":""2.58"",""created_time"":""2026-04-28T15:01:16.825344Z"",""no_price_dollars"":""0.2400"",""taker_side"":""yes"",""ticker"":""KXETH15M-26APR281115-15"",""trade_id"":""60501211-ec4a-693c-a87b-50cf1adaf8d2"",""yes_price_dollars"":""0.7600""}"
KXETH15M-26APR281115-15,3a1842bf-5599-507a-7c06-8be39e04a640,1777388477,0.74,7.31,no,"{""count_fp"":""7.31"",""created_time"":""2026-04-28T15:01:17.904252Z"",""no_price_dollars"":""0.2600"",""taker_side"":""no"",""ticker"":""KXETH15M-26APR281115-15"",""trade_id"":""3a1842bf-5599-507a-7c06-8be39e04a640"",""yes_price_dollars"":""0.7400""}"
KXETH15M-26APR281115-15,703e641c-f11d-7e0a-89a0-555dc84cd5d4,1777388478,0.74,8.0,no,"{""count_fp"":""8.00"",""created_time"":""2026-04-28T15:01:18.907707Z"",""no_price_dollars"":""0.2600"",""taker_side"":""no"",""ticker"":""KXETH15M-26APR281115-15"",""trade_id"":""703e641c-f11d-7e0a-89a0-555dc84cd5d4"",""yes_price_dollars"":""0.7400""}"
KXETH15M-26APR281115-15,96c0093e-68ba-4dc0-0917-a7180bfd30ba,1777388479,0.76,2.42,yes,"{""count_fp"":""2.42"",""created_time"":""2026-04-28T15:01:19.900516Z"",""no_price_dollars"":""0.2400"",""taker_side"":""yes"",""ticker"":""KXETH15M-26APR281115-15"",""trade_id"":""96c0093e-68ba-4dc0-0917-a7180bfd30ba"",""yes_price_dollars"":""0.7600""}"
KXETH15M-26APR281115-15,6c83aad1-c915-4634-3ec8-32c735f22e2a,1777388479,0.77,0.58,yes,"{""count_fp"":""0.58"",""created_time"":""2026-04-28T15:01:19.900516Z"",""no_price_dollars"":""0.2300"",""taker_side"":""yes"",""ticker"":""KXETH15M-26APR281115-15"",""trade_id"":""6c83aad1-c915-4634-3ec8-32c735f22e2a"",""yes_price_dollars"":""0.7700""}"
KXETH15M-26APR281115-15,6d5fb057-7c6c-761e-a398-7dab507712e1,1777388489,0.79,1.0,yes,"{""count_fp"":""1.00"",""created_time"":""2026-04-28T15:01:29.916046Z"",""no_price_dollars"":""0.2100"",""taker_side"":""yes"",""ticker"":""KXETH15M-26APR281115-15"",""trade_id"":""6d5fb057-7c6c-761e-a398-7dab507712e1"",""yes_price_dollars"":""0.7900""}"
KXETH15M-26APR281115-15,f64e9ea0-3e5a-611a-5ef2-81ede2478da3,1777388489,0.78,20.0,yes,"{""count_fp"":""20.00"",""created_time"":""2026-04-28T15:01:29.885458Z"",""no_price_dollars"":""0.2200"",""taker_side"":""yes"",""ticker"":""KXETH15M-26APR281115-15"",""trade_id"":""f64e9ea0-3e5a-611a-5ef2-81ede2478da3"",""yes_price_dollars"":""0.7800""}"
KXETH15M-26APR281115-15,d39592a8-71a8-682a-5462-2c548c899b51,1777388489,0.79,33.05,yes,"{""count_fp"":""33.05"",""created_time"":""2026-04-28T15:01:29.885458Z"",""no_price_dollars"":""0.2100"",""taker_side"":""yes"",""ticker"":""KXETH15M-26APR281115-15"",""trade_id"":""d39592a8-71a8-682a-5462-2c548c899b51"",""yes_price_dollars"":""0.7900""}"
KXETH15M-26APR281115-15,67be3789-48d1-6b84-4029-eefcc6294172,1777388489,0.78,10.0,yes,"{""count_fp"":""10.00"",""created_time"":""2026-04-28T15:01:29.885458Z"",""no_price_dollars"":""0.2200"",""taker_side"":""yes"",""ticker"":""KXETH15M-26APR281115-15"",""trade_id"":""67be3789-48d1-6b84-4029-eefcc6294172"",""yes_price_dollars"":""0.7800""}"
KXETH15M-26APR281115-15,6708c777-b8ab-7476-5aeb-13cc21b2db4a,1777388492,0.78,1.0,yes,"{""count_fp"":""1.00"",""created_time"":""2026-04-28T15:01:32.427658Z"",""no_price_dollars"":""0.2200"",""taker_side"":""yes"",""ticker"":""KXETH15M-26APR281115-15"",""trade_id"":""6708c777-b8ab-7476-5aeb-13cc21b2db4a"",""yes_price_dollars"":""0.7800""}"
KXETH15M-26APR281115-15,f2d0d44f-14e5-799d-00e6-2773fb7c50d6,1777388492,0.75,40.0,no,"{""count_fp"":""40.00"",""created_time"":""2026-04-28T15:01:32.370523Z"",""no_price_dollars"":""0.2500"",""taker_side"":""no"",""ticker"":""KXETH15M-26APR281115-15"",""trade_id"":""f2d0d44f-14e5-799d-00e6-2773fb7c50d6"",""yes_price_dollars"":""0.7500""}"
KXETH15M-26APR281115-15,8d6b12fe-f8d6-4a0f-3ad6-1e33e6aa3fbb,1777388495,0.77,25.0,yes,"{""count_fp"":""25.00"",""created_time"":""2026-04-28T15:01:35.483644Z"",""no_price_dollars"":""0.2300"",""taker_side"":""yes"",""ticker"":""KXETH15M-26APR281115-15"",""trade_id"":""8d6b12fe-f8d6-4a0f-3ad6-1e33e6aa3fbb"",""yes_price_dollars"":""0.7700""}"
KXETH15M-26APR281115-15,58c29c35-e5ad-4622-305a-691344ce507d,1777388496,0.77,0.62,no,"{""count_fp"":""0.62"",""created_time"":""2026-04-28T15:01:36.857049Z"",""no_price_dollars"":""0.2300"",""taker_side"":""no"",""ticker"":""KXETH15M-26APR281115-15"",""trade_id"":""58c29c35-e5ad-4622-305a-691344ce507d"",""yes_price_dollars"":""0.7700""}"
KXETH15M-26APR281115-15,4a4d75d0-b65c-4947-2bf1-f07fd6d02430,1777388496,0.77,10.0,no,"{""count_fp"":""10.00"",""created_time"":""2026-04-28T15:01:36.857049Z"",""no_price_dollars"":""0.2300"",""taker_side"":""no"",""ticker"":""KXETH15M-26APR281115-15"",""trade_id"":""4a4d75d0-b65c-4947-2bf1-f07fd6d02430"",""yes_price_dollars"":""0.7700""}"
KXETH15M-26APR281115-15,33db8289-9cb8-41bc-247a-9fc0f95dc8c8,1777388496,0.77,10.0,no,"{""count_fp"":""10.00"",""created_time"":""2026-04-28T15:01:36.857049Z"",""no_price_dollars"":""0.2300"",""taker_side"":""no"",""ticker"":""KXETH15M-26APR281115-15"",""trade_id"":""33db8289-9cb8-41bc-247a-9fc0f95dc8c8"",""yes_price_dollars"":""0.7700""}"
KXETH15M-26APR281115-15,8cb4819e-ee1a-609d-afcd-d49ba99e7265,1777388499,0.77,7.91,no,"{""count_fp"":""7.91"",""created_time"":""2026-04-28T15:01:39.155852Z"",""no_price_dollars"":""0.2300"",""taker_side"":""no"",""ticker"":""KXETH15M-26APR281115-15"",""trade_id"":""8cb4819e-ee1a-609d-afcd-d49ba99e7265"",""yes_price_dollars"":""0.7700""}"
KXETH15M-26APR281115-15,394501b5-e3f9-56f4-035d-5bd1433f42cf,1777388504,0.75,19.0,no,"{""count_fp"":""19.00"",""created_time"":""2026-04-28T15:01:44.295832Z"",""no_price_dollars"":""0.2500"",""taker_side"":""no"",""ticker"":""KXETH15M-26APR281115-15"",""trade_id"":""394501b5-e3f9-56f4-035d-5bd1433f42cf"",""yes_price_dollars"":""0.7500""}"
KXETH15M-26APR281115-15,63395b7c-6ed2-5eab-2834-84b719c9b21a,1777388505,0.75,3.0,no,"{""count_fp"":""3.00"",""created_time"":""2026-04-28T15:01:45.584621Z"",""no_price_dollars"":""0.2500"",""taker_side"":""no"",""ticker"":""KXETH15M-26APR281115-15"",""trade_id"":""63395b7c-6ed2-5eab-2834-84b719c9b21a"",""yes_price_dollars"":""0.7500""}"
KXETH15M-26APR281115-15,3ae5a9f6-887d-5a20-0847-246dbb40917b,1777388505,0.75,6.0,no,"{""count_fp"":""6.00"",""created_time"":""2026-04-28T15:01:45.584621Z"",""no_price_dollars"":""0.2500"",""taker_side"":""no"",""ticker"":""KXETH15M-26APR281115-15"",""trade_id"":""3ae5a9f6-887d-5a20-0847-246dbb40917b"",""yes_price_dollars"":""0.7500""}"
KXETH15M-26APR281115-15,90f7f8da-14fb-53af-02a6-118a555d2699,1777388511,0.72,2.0,yes,"{""count_fp"":""2.00"",""created_time"":""2026-04-28T15:01:51.841165Z"",""no_price_dollars"":""0.2800"",""taker_side"":""yes"",""ticker"":""KXETH15M-26APR281115-15"",""trade_id"":""90f7f8da-14fb-53af-02a6-118a555d2699"",""yes_price_dollars"":""0.7200""}"
KXETH15M-26APR281115-15,6a40697b-c51e-43d1-a7fc-4c125d50127b,1777388513,0.69,0.3,no,"{""count_fp"":""0.30"",""created_time"":""2026-04-28T15:01:53.051598Z"",""no_price_dollars"":""0.3100"",""taker_side"":""no"",""ticker"":""KXETH15M-26APR281115-15"",""trade_id"":""6a40697b-c51e-43d1-a7fc-4c125d50127b"",""yes_price_dollars"":""0.6900""}"
KXETH15M-26APR281115-15,c66b9b90-a411-535b-c471-701b3056762e,1777388518,0.67,8.76,no,"{""count_fp"":""8.76"",""created_time"":""2026-04-28T15:01:58.799118Z"",""no_price_dollars"":""0.3300"",""taker_side"":""no"",""ticker"":""KXETH15M-26APR281115-15"",""trade_id"":""c66b9b90-a411-535b-c471-701b3056762e"",""yes_price_dollars"":""0.6700""}"
KXETH15M-26APR281115-15,6dbf0899-beb8-57ed-cd01-4db63cc79798,1777388518,0.67,2.24,no,"{""count_fp"":""2.24"",""created_time"":""2026-04-28T15:01:58.799118Z"",""no_price_dollars"":""0.3300"",""taker_side"":""no"",""ticker"":""KXETH15M-26APR281115-15"",""trade_id"":""6dbf0899-beb8-57ed-cd01-4db63cc79798"",""yes_price_dollars"":""0.6700""}"
KXETH15M-26APR281115-15,8556306d-999a-7771-a95d-c11244974c8b,1777388518,0.69,0.55,no,"{""count_fp"":""0.55"",""created_time"":""2026-04-28T15:01:58.384063Z"",""no_price_dollars"":""0.3100"",""taker_side"":""no"",""ticker"":""KXETH15M-26APR281115-15"",""trade_id"":""8556306d-999a-7771-a95d-c11244974c8b"",""yes_price_dollars"":""0.6900""}"
KXETH15M-26APR281115-15,f5346a45-3906-41fd-b92f-099aaced32a3,1777388518,0.69,137.0,no,"{""count_fp"":""137.00"",""created_time"":""2026-04-28T15:01:58.334359Z"",""no_price_dollars"":""0.3100"",""taker_side"":""no"",""ticker"":""KXETH15M-26APR281115-15"",""trade_id"":""f5346a45-3906-41fd-b92f-099aaced32a3"",""yes_price_dollars"":""0.6900""}"
KXETH15M-26APR281115-15,552643ea-f0d8-5fd4-13cb-84c0adc0abf2,1777388520,0.68,1.0,yes,"{""count_fp"":""1.00"",""created_time"":""2026-04-28T15:02:00.367052Z"",""no_price_dollars"":""0.3200"",""taker_side"":""yes"",""ticker"":""KXETH15M-26APR281115-15"",""trade_id"":""552643ea-f0d8-5fd4-13cb-84c0adc0abf2"",""yes_price_dollars"":""0.6800""}"
KXETH15M-26APR281115-15,81d73303-21c0-74f0-1a47-1c713a54bc82,1777388522,0.7,1.0,yes,"{""count_fp"":""1.00"",""created_time"":""2026-04-28T15:02:02.210678Z"",""no_price_dollars"":""0.3000"",""taker_side"":""yes"",""ticker"":""KXETH15M-26APR281115-15"",""trade_id"":""81d73303-21c0-74f0-1a47-1c713a54bc82"",""yes_price_dollars"":""0.7000""}"
KXETH15M-26APR281115-15,e32ca977-4ba7-51fd-9b88-14a9b80dd56e,1777388523,0.67,2.0,no,"{""count_fp"":""2.00"",""created_time"":""2026-04-28T15:02:03.757955Z"",""no_price_dollars"":""0.3300"",""taker_side"":""no"",""ticker"":""KXETH15M-26APR281115-15"",""trade_id"":""e32ca977-4ba7-51fd-9b88-14a9b80dd56e"",""yes_price_dollars"":""0.6700""}"
KXETH15M-26APR281115-15,41af054d-fd55-53b7-b2e4-08919c61e336,1777388523,0.67,0.24,no,"{""count_fp"":""0.24"",""created_time"":""2026-04-28T15:02:03.757955Z"",""no_price_dollars"":""0.3300"",""taker_side"":""no"",""ticker"":""KXETH15M-26APR281115-15"",""trade_id"":""41af054d-fd55-53b7-b2e4-08919c61e336"",""yes_price_dollars"":""0.6700""}"
KXETH15M-26APR281115-15,2b419fd7-10f5-5e4c-8bd6-c1e40125fe3a,1777388523,0.67,10.0,no,"{""count_fp"":""10.00"",""created_time"":""2026-04-28T15:02:03.757955Z"",""no_price_dollars"":""0.3300"",""taker_side"":""no"",""ticker"":""KXETH15M-26APR281115-15"",""trade_id"":""2b419fd7-10f5-5e4c-8bd6-c1e40125fe3a"",""yes_price_dollars"":""0.6700""}"
KXETH15M-26APR281115-15,614ccd35-2159-4e92-b946-15690c586d5a,1777388526,0.67,14.05,no,"{""count_fp"":""14.05"",""created_time"":""2026-04-28T15:02:06.991089Z"",""no_price_dollars"":""0.3300"",""taker_side"":""no"",""ticker"":""KXETH15M-26APR281115-15"",""trade_id"":""614ccd35-2159-4e92-b946-15690c586d5a"",""yes_price_dollars"":""0.6700""}"
KXETH15M-26APR281115-15,857fdd52-4be5-58b2-7f68-176ccd6516b8,1777388528,0.66,10.0,no,"{""count_fp"":""10.00"",""created_time"":""2026-04-28T15:02:08.875205Z"",""no_price_dollars"":""0.3400"",""taker_side"":""no"",""ticker"":""KXETH15M-26APR281115-15"",""trade_id"":""857fdd52-4be5-58b2-7f68-176ccd6516b8"",""yes_price_dollars"":""0.6600""}"
KXETH15M-26APR281115-15,9b54cef9-b22f-67d6-d706-6c7a1302774b,1777388532,0.65,10.0,no,"{""count_fp"":""10.00"",""created_time"":""2026-04-28T15:02:12.152434Z"",""no_price_dollars"":""0.3500"",""taker_side"":""no"",""ticker"":""KXETH15M-26APR281115-15"",""trade_id"":""9b54cef9-b22f-67d6-d706-6c7a1302774b"",""yes_price_dollars"":""0.6500""}"
KXETH15M-26APR281115-15,5e775107-5034-6748-e729-42fff8855d94,1777388532,0.65,6.18,no,"{""count_fp"":""6.18"",""created_time"":""2026-04-28T15:02:12.152434Z"",""no_price_dollars"":""0.3500"",""taker_side"":""no"",""ticker"":""KXETH15M-26APR281115-15"",""trade_id"":""5e775107-5034-6748-e729-42fff8855d94"",""yes_price_dollars"":""0.6500""}"
KXETH15M-26APR281115-15,b3321912-c0eb-6915-1e3f-132bc5fc838a,1777388533,0.69,2.0,yes,"{""count_fp"":""2.00"",""created_time"":""2026-04-28T15:02:13.779254Z"",""no_price_dollars"":""0.3100"",""taker_side"":""yes"",""ticker"":""KXETH15M-26APR281115-15"",""trade_id"":""b3321912-c0eb-6915-1e3f-132bc5fc838a"",""yes_price_dollars"":""0.6900""}"
KXETH15M-26APR281115-15,2611a834-e06c-6944-16f5-a29303b233ba,1777388533,0.68,10.0,yes,"{""count_fp"":""10.00"",""created_time"":""2026-04-28T15:02:13.779254Z"",""no_price_dollars"":""0.3200"",""taker_side"":""yes"",""ticker"":""KXETH15M-26APR281115-15"",""trade_id"":""2611a834-e06c-6944-16f5-a29303b233ba"",""yes_price_dollars"":""0.6800""}"
KXETH15M-26APR281115-15,e2ea8805-e65c-531c-38bd-6b6d40677982,1777388533,0.68,1.0,yes,"{""count_fp"":""1.00"",""created_time"":""2026-04-28T15:02:13.168127Z"",""no_price_dollars"":""0.3200"",""taker_side"":""yes"",""ticker"":""KXETH15M-26APR281115-15"",""trade_id"":""e2ea8805-e65c-531c-38bd-6b6d40677982"",""yes_price_dollars"":""0.6800""}"
KXETH15M-26APR281115-15,d3b1eeef-0900-78e4-1b26-dd7469d54cbe,1777388534,0.69,13.62,yes,"{""count_fp"":""13.62"",""created_time"":""2026-04-28T15:02:14.630987Z"",""no_price_dollars"":""0.3100"",""taker_side"":""yes"",""ticker"":""KXETH15M-26APR281115-15"",""trade_id"":""d3b1eeef-0900-78e4-1b26-dd7469d54cbe"",""yes_price_dollars"":""0.6900""}"
KXETH15M-26APR281115-15,71400282-f83e-7dfb-1f73-132d5d16fa6d,1777388534,0.69,10.0,yes,"{""count_fp"":""10.00"",""created_time"":""2026-04-28T15:02:14.630987Z"",""no_price_dollars"":""0.3100"",""taker_side"":""yes"",""ticker"":""KXETH15M-26APR281115-15"",""trade_id"":""71400282-f83e-7dfb-1f73-132d5d16fa6d"",""yes_price_dollars"":""0.6900""}"
KXETH15M-26APR281115-15,6c12faee-5e41-7529-3927-08848d8452e5,1777388534,0.69,8.38,yes,"{""count_fp"":""8.38"",""created_time"":""2026-04-28T15:02:14.630987Z"",""no_price_dollars"":""0.3100"",""taker_side"":""yes"",""ticker"":""KXETH15M-26APR281115-15"",""trade_id"":""6c12faee-5e41-7529-3927-08848d8452e5"",""yes_price_dollars"":""0.6900""}"
KXETH15M-26APR281115-15,d108d015-962e-7152-88d3-d2951fcc5b91,1777388539,0.66,1.0,yes,"{""count_fp"":""1.00"",""created_time"":""2026-04-28T15:02:19.578484Z"",""no_price_dollars"":""0.3400"",""taker_side"":""yes"",""ticker"":""KXETH15M-26APR281115-15"",""trade_id"":""d108d015-962e-7152-88d3-d2951fcc5b91"",""yes_price_dollars"":""0.6600""}"
KXETH15M-26APR281115-15,af528e6d-0804-5dbc-9b76-ebf0b77d573a,1777388542,0.68,1.0,yes,"{""count_fp"":""1.00"",""created_time"":""2026-04-28T15:02:22.592515Z"",""no_price_dollars"":""0.3200"",""taker_side"":""yes"",""ticker"":""KXETH15M-26APR281115-15"",""trade_id"":""af528e6d-0804-5dbc-9b76-ebf0b77d573a"",""yes_price_dollars"":""0.6800""}"
KXETH15M-26APR281115-15,f78d369e-0f65-45a8-1bda-02598c65c7c2,1777388542,0.68,10.0,yes,"{""count_fp"":""10.00"",""created_time"":""2026-04-28T15:02:22.310609Z"",""no_price_dollars"":""0.3200"",""taker_side"":""yes"",""ticker"":""KXETH15M-26APR281115-15"",""trade_id"":""f78d369e-0f65-45a8-1bda-02598c65c7c2"",""yes_price_dollars"":""0.6800""}"
KXETH15M-26APR281115-15,16364154-3818-49d4-2ecb-2bac39188542,1777388542,0.68,61.03,yes,"{""count_fp"":""61.03"",""created_time"":""2026-04-28T15:02:22.310609Z"",""no_price_dollars"":""0.3200"",""taker_side"":""yes"",""ticker"":""KXETH15M-26APR281115-15"",""trade_id"":""16364154-3818-49d4-2ecb-2bac39188542"",""yes_price_dollars"":""0.6800""}"
KXETH15M-26APR281115-15,fe548d14-36c5-4ad1-9f0b-21b94dfb17b1,1777388544,0.64,1.0,no,"{""count_fp"":""1.00"",""created_time"":""2026-04-28T15:02:24.711761Z"",""no_price_dollars"":""0.3600"",""taker_side"":""no"",""ticker"":""KXETH15M-26APR281115-15"",""trade_id"":""fe548d14-36c5-4ad1-9f0b-21b94dfb17b1"",""yes_price_dollars"":""0.6400""}"
KXETH15M-26APR281115-15,052bb192-0f9d-6959-6c2a-4db1457afcb5,1777388549,0.66,10.0,no,"{""count_fp"":""10.00"",""created_time"":""2026-04-28T15:02:29.502948Z"",""no_price_dollars"":""0.3400"",""taker_side"":""no"",""ticker"":""KXETH15M-26APR281115-15"",""trade_id"":""052bb192-0f9d-6959-6c2a-4db1457afcb5"",""yes_price_dollars"":""0.6600""}"
KXETH15M-26APR281115-15,916ece65-5611-5922-2a18-a340dd2c811c,1777388554,0.68,8.68,no,"{""count_fp"":""8.68"",""created_time"":""2026-04-28T15:02:34.310505Z"",""no_price_dollars"":""0.3200"",""taker_side"":""no"",""ticker"":""KXETH15M-26APR281115-15"",""trade_id"":""916ece65-5611-5922-2a18-a340dd2c811c"",""yes_price_dollars"":""0.6800""}"
KXETH15M-26APR281115-15,256586e5-b479-753f-b005-a384e9cdadde,1777388555,0.69,11.34,yes,"{""count_fp"":""11.34"",""created_time"":""2026-04-28T15:02:35.050136Z"",""no_price_dollars"":""0.3100"",""taker_side"":""yes"",""ticker"":""KXETH15M-26APR281115-15"",""trade_id"":""256586e5-b479-753f-b005-a384e9cdadde"",""yes_price_dollars"":""0.6900""}"
KXETH15M-26APR281115-15,7aff27b3-35ce-5ec0-7309-5435c8f605c7,1777388556,0.74,10.0,yes,"{""count_fp"":""10.00"",""created_time"":""2026-04-28T15:02:36.883256Z"",""no_price_dollars"":""0.2600"",""taker_side"":""yes"",""ticker"":""KXETH15M-26APR281115-15"",""trade_id"":""7aff27b3-35ce-5ec0-7309-5435c8f605c7"",""yes_price_dollars"":""0.7400""}"
KXETH15M-26APR281115-15,47e87229-539d-7247-e41b-0d039e842d82,1777388556,0.69,0.66,yes,"{""count_fp"":""0.66"",""created_time"":""2026-04-28T15:02:36.184237Z"",""no_price_dollars"":""0.3100"",""taker_side"":""yes"",""ticker"":""KXETH15M-26APR281115-15"",""trade_id"":""47e87229-539d-7247-e41b-0d039e842d82"",""yes_price_dollars"":""0.6900""}"
KXETH15M-26APR281115-15,84d6a0c0-5ded-6a4b-8757-6e0da07d90d2,1777388556,0.69,28.0,yes,"{""count_fp"":""28.00"",""created_time"":""2026-04-28T15:02:36.159544Z"",""no_price_dollars"":""0.3100"",""taker_side"":""yes"",""ticker"":""KXETH15M-26APR281115-15"",""trade_id"":""84d6a0c0-5ded-6a4b-8757-6e0da07d90d2"",""yes_price_dollars"":""0.6900""}"
KXETH15M-26APR281115-15,c84997ed-546e-5bc7-2ce5-534685544789,1777388557,0.76,13.0,yes,"{""count_fp"":""13.00"",""created_time"":""2026-04-28T15:02:37.105562Z"",""no_price_dollars"":""0.2400"",""taker_side"":""yes"",""ticker"":""KXETH15M-26APR281115-15"",""trade_id"":""c84997ed-546e-5bc7-2ce5-534685544789"",""yes_price_dollars"":""0.7600""}"
KXETH15M-26APR281115-15,976fa799-316b-5d96-2bbb-41e7bd4d5377,1777388557,0.76,13.0,yes,"{""count_fp"":""13.00"",""created_time"":""2026-04-28T15:02:37.105562Z"",""no_price_dollars"":""0.2400"",""taker_side"":""yes"",""ticker"":""KXETH15M-26APR281115-15"",""trade_id"":""976fa799-316b-5d96-2bbb-41e7bd4d5377"",""yes_price_dollars"":""0.7600""}"
KXETH15M-26APR281115-15,2f46d199-7fc3-4a49-9862-e490429d8b20,1777388562,0.78,1.0,yes,"{""count_fp"":""1.00"",""created_time"":""2026-04-28T15:02:42.666978Z"",""no_price_dollars"":""0.2200"",""taker_side"":""yes"",""ticker"":""KXETH15M-26APR281115-15"",""trade_id"":""2f46d199-7fc3-4a49-9862-e490429d8b20"",""yes_price_dollars"":""0.7800""}"
KXETH15M-26APR281115-15,059812ff-0249-4f46-22e6-080820822b3c,1777388564,0.72,26.63,no,"{""count_fp"":""26.63"",""created_time"":""2026-04-28T15:02:44.429991Z"",""no_price_dollars"":""0.2800"",""taker_side"":""no"",""ticker"":""KXETH15M-26APR281115-15"",""trade_id"":""059812ff-0249-4f46-22e6-080820822b3c"",""yes_price_dollars"":""0.7200""}"
KXETH15M-26APR281115-15,9d2de993-6c8c-795e-111e-1bd75d261573,1777388566,0.75,5.0,yes,"{""count_fp"":""5.00"",""created_time"":""2026-04-28T15:02:46.310062Z"",""no_price_dollars"":""0.2500"",""taker_side"":""yes"",""ticker"":""KXETH15M-26APR281115-15"",""trade_id"":""9d2de993-6c8c-795e-111e-1bd75d261573"",""yes_price_dollars"":""0.7500""}"
KXETH15M-26APR281115-15,32a4a5c6-a41c-74fb-3ee4-7986558ecd55,1777388566,0.75,8.0,yes,"{""count_fp"":""8.00"",""created_time"":""2026-04-28T15:02:46.310062Z"",""no_price_dollars"":""0.2500"",""taker_side"":""yes"",""ticker"":""KXETH15M-26APR281115-15"",""trade_id"":""32a4a5c6-a41c-74fb-3ee4-7986558ecd55"",""yes_price_dollars"":""0.7500""}"
KXETH15M-26APR281115-15,afb9fad0-9d89-58c6-71e1-80dcff49db70,1777388570,0.74,58.93,no,"{""count_fp"":""58.93"",""created_time"":""2026-04-28T15:02:50.429804Z"",""no_price_dollars"":""0.2600"",""taker_side"":""no"",""ticker"":""KXETH15M-26APR281115-15"",""trade_id"":""afb9fad0-9d89-58c6-71e1-80dcff49db70"",""yes_price_dollars"":""0.7400""}"
KXETH15M-26APR281115-15,91a801d1-45da-5702-5445-55e976fb02df,1777388570,0.75,10.0,no,"{""count_fp"":""10.00"",""created_time"":""2026-04-28T15:02:50.429804Z"",""no_price_dollars"":""0.2500"",""taker_side"":""no"",""ticker"":""KXETH15M-26APR281115-15"",""trade_id"":""91a801d1-45da-5702-5445-55e976fb02df"",""yes_price_dollars"":""0.7500""}"
KXETH15M-26APR281115-15,6b6b406c-5f39-6e7e-1833-c8dbed4fa11c,1777388573,0.75,39.91,no,"{""count_fp"":""39.91"",""created_time"":""2026-04-28T15:02:53.127013Z"",""no_price_dollars"":""0.2500"",""taker_side"":""no"",""ticker"":""KXETH15M-26APR281115-15"",""trade_id"":""6b6b406c-5f39-6e7e-1833-c8dbed4fa11c"",""yes_price_dollars"":""0.7500""}"
KXETH15M-26APR281115-15,1f21d872-a473-69ea-03ee-e8c7225516b7,1777388573,0.75,10.0,no,"{""count_fp"":""10.00"",""created_time"":""2026-04-28T15:02:53.127013Z"",""no_price_dollars"":""0.2500"",""taker_side"":""no"",""ticker"":""KXETH15M-26APR281115-15"",""trade_id"":""1f21d872-a473-69ea-03ee-e8c7225516b7"",""yes_price_dollars"":""0.7500""}"
KXETH15M-26APR281115-15,d838ba27-29dc-7272-b8ce-b473dcd4cd59,1777388574,0.79,1.0,yes,"{""count_fp"":""1.00"",""created_time"":""2026-04-28T15:02:54.036145Z"",""no_price_dollars"":""0.2100"",""taker_side"":""yes"",""ticker"":""KXETH15M-26APR281115-15"",""trade_id"":""d838ba27-29dc-7272-b8ce-b473dcd4cd59"",""yes_price_dollars"":""0.7900""}"
KXETH15M-26APR281115-15,71ceb6a3-1bcd-5412-a3de-8bc55f35ede4,1777388575,0.76,79.12,no,"{""count_fp"":""79.12"",""created_time"":""2026-04-28T15:02:55.262372Z"",""no_price_dollars"":""0.2400"",""taker_side"":""no"",""ticker"":""KXETH15M-26APR281115-15"",""trade_id"":""71ceb6a3-1bcd-5412-a3de-8bc55f35ede4"",""yes_price_dollars"":""0.7600""}"
KXETH15M-26APR281115-15,f981a8b5-4519-572a-c2fa-6d5c9d030a04,1777388577,0.76,1.0,no,"{""count_fp"":""1.00"",""created_time"":""2026-04-28T15:02:57.326011Z"",""no_price_dollars"":""0.2400"",""taker_side"":""no"",""ticker"":""KXETH15M-26APR281115-15"",""trade_id"":""f981a8b5-4519-572a-c2fa-6d5c9d030a04"",""yes_price_dollars"":""0.7600""}"
KXETH15M-26APR281115-15,26c9f426-6e1c-57fe-314e-ba91fec6575d,1777388586,0.79,1.0,yes,"{""count_fp"":""1.00"",""created_time"":""2026-04-28T15:03:06.385599Z"",""no_price_dollars"":""0.2100"",""taker_side"":""yes"",""ticker"":""KXETH15M-26APR281115-15"",""trade_id"":""26c9f426-6e1c-57fe-314e-ba91fec6575d"",""yes_price_dollars"":""0.7900""}"
KXETH15M-26APR281115-15,1e9f18c9-72bc-5b2a-6ced-c7876d018c69,1777388588,0.79,6.73,yes,"{""count_fp"":""6.73"",""created_time"":""2026-04-28T15:03:08.899698Z"",""no_price_dollars"":""0.2100"",""taker_side"":""yes"",""ticker"":""KXETH15M-26APR281115-15"",""trade_id"":""1e9f18c9-72bc-5b2a-6ced-c7876d018c69"",""yes_price_dollars"":""0.7900""}"
KXETH15M-26APR281115-15,105424af-63d7-5e4c-7e96-d0132991a17d,1777388588,0.79,13.27,yes,"{""count_fp"":""13.27"",""created_time"":""2026-04-28T15:03:08.899698Z"",""no_price_dollars"":""0.2100"",""taker_side"":""yes"",""ticker"":""KXETH15M-26APR281115-15"",""trade_id"":""105424af-63d7-5e4c-7e96-d0132991a17d"",""yes_price_dollars"":""0.7900""}"
KXETH15M-26APR281115-15,993165f3-a8bc-49b4-086b-5823ff0e337b,1777388588,0.78,10.0,yes,"{""count_fp"":""10.00"",""created_time"":""2026-04-28T15:03:08.881072Z"",""no_price_dollars"":""0.2200"",""taker_side"":""yes"",""ticker"":""KXETH15M-26APR281115-15"",""trade_id"":""993165f3-a8bc-49b4-086b-5823ff0e337b"",""yes_price_dollars"":""0.7800""}"
KXETH15M-26APR281115-15,8eb6aa72-2d70-4f2e-36f7-0b4c14a4689d,1777388588,0.79,10.0,yes,"{""count_fp"":""10.00"",""created_time"":""2026-04-28T15:03:08.881072Z"",""no_price_dollars"":""0.2100"",""taker_side"":""yes"",""ticker"":""KXETH15M-26APR281115-15"",""trade_id"":""8eb6aa72-2d70-4f2e-36f7-0b4c14a4689d"",""yes_price_dollars"":""0.7900""}"
KXETH15M-26APR281115-15,246e4fd3-16c5-691a-6d94-752da863a778,1777388588,0.74,40.0,no,"{""count_fp"":""40.00"",""created_time"":""2026-04-28T15:03:08.299484Z"",""no_price_dollars"":""0.2600"",""taker_side"":""no"",""ticker"":""KXETH15M-26APR281115-15"",""trade_id"":""246e4fd3-16c5-691a-6d94-752da863a778"",""yes_price_dollars"":""0.7400""}"
KXETH15M-26APR281115-15,44fc76de-4fc0-5716-b295-119b60f586d9,1777388591,0.81,14.45,yes,"{""count_fp"":""14.45"",""created_time"":""2026-04-28T15:03:11.716622Z"",""no_price_dollars"":""0.1900"",""taker_side"":""yes"",""ticker"":""KXETH15M-26APR281115-15"",""trade_id"":""44fc76de-4fc0-5716-b295-119b60f586d9"",""yes_price_dollars"":""0.8100""}"
KXETH15M-26APR281115-15,291c4578-e536-438a-bca3-06123cde840b,1777388592,0.8,17.0,no,"{""count_fp"":""17.00"",""created_time"":""2026-04-28T15:03:12.305223Z"",""no_price_dollars"":""0.2000"",""taker_side"":""no"",""ticker"":""KXETH15M-26APR281115-15"",""trade_id"":""291c4578-e536-438a-bca3-06123cde840b"",""yes_price_dollars"":""0.8000""}"
KXETH15M-26APR281115-15,fa574e20-fb69-5956-164a-d488cd626e2a,1777388599,0.76,5.0,yes,"{""count_fp"":""5.00"",""created_time"":""2026-04-28T15:03:19.130345Z"",""no_price_dollars"":""0.2400"",""taker_side"":""yes"",""ticker"":""KXETH15M-26APR281115-15"",""trade_id"":""fa574e20-fb69-5956-164a-d488cd626e2a"",""yes_price_dollars"":""0.7600""}"
KXETH15M-26APR281115-15,d9090c47-46e6-592a-c960-44410eaa4bf0,1777388605,0.75,6.55,yes,"{""count_fp"":""6.55"",""created_time"":""2026-04-28T15:03:25.122393Z"",""no_price_dollars"":""0.2500"",""taker_side"":""yes"",""ticker"":""KXETH15M-26APR281115-15"",""trade_id"":""d9090c47-46e6-592a-c960-44410eaa4bf0"",""yes_price_dollars"":""0.7500""}"
KXETH15M-26APR281115-15,f5cfa1c1-ac4a-7922-97e5-8c9cdd860b00,1777388616,0.75,1.0,yes,"{""count_fp"":""1.00"",""created_time"":""2026-04-28T15:03:36.188361Z"",""no_price_dollars"":""0.2500"",""taker_side"":""yes"",""ticker"":""KXETH15M-26APR281115-15"",""trade_id"":""f5cfa1c1-ac4a-7922-97e5-8c9cdd860b00"",""yes_price_dollars"":""0.7500""}"
KXETH15M-26APR281115-15,e46a2aae-0108-4535-a6f5-a2a5d937d422,1777388616,0.74,4.45,yes,"{""count_fp"":""4.45"",""created_time"":""2026-04-28T15:03:36.016137Z"",""no_price_dollars"":""0.2600"",""taker_side"":""yes"",""ticker"":""KXETH15M-26APR281115-15"",""trade_id"":""e46a2aae-0108-4535-a6f5-a2a5d937d422"",""yes_price_dollars"":""0.7400""}"
KXETH15M-26APR281115-15,b8104f2d-e54e-6416-66a4-171d31654624,1777388621,0.75,1.0,yes,"{""count_fp"":""1.00"",""created_time"":""2026-04-28T15:03:41.049034Z"",""no_price_dollars"":""0.2500"",""taker_side"":""yes"",""ticker"":""KXETH15M-26APR281115-15"",""trade_id"":""b8104f2d-e54e-6416-66a4-171d31654624"",""yes_price_dollars"":""0.7500""}"
KXETH15M-26APR281115-15,16b8525c-2a92-5ec6-7b80-00e9edfa11c0,1777388630,0.75,32.76,yes,"{""count_fp"":""32.76"",""created_time"":""2026-04-28T15:03:50.224594Z"",""no_price_dollars"":""0.2500"",""taker_side"":""yes"",""ticker"":""KXETH15M-26APR281115-15"",""trade_id"":""16b8525c-2a92-5ec6-7b80-00e9edfa11c0"",""yes_price_dollars"":""0.7500""}"
KXETH15M-26APR281115-15,fbc21fac-9e1b-744b-7678-7bb940623c96,1777388636,0.74,2.0,no,"{""count_fp"":""2.00"",""created_time"":""2026-04-28T15:03:56.626558Z"",""no_price_dollars"":""0.2600"",""taker_side"":""no"",""ticker"":""KXETH15M-26APR281115-15"",""trade_id"":""fbc21fac-9e1b-744b-7678-7bb940623c96"",""yes_price_dollars"":""0.7400""}"
KXETH15M-26APR281115-15,41614e4c-6a9a-42ce-19ac-5a6ef8abfb34,1777388640,0.75,28.02,yes,"{""count_fp"":""28.02"",""created_time"":""2026-04-28T15:04:00.866145Z"",""no_price_dollars"":""0.2500"",""taker_side"":""yes"",""ticker"":""KXETH15M-26APR281115-15"",""trade_id"":""41614e4c-6a9a-42ce-19ac-5a6ef8abfb34"",""yes_price_dollars"":""0.7500""}"
KXETH15M-26APR281115-15,59a4eac2-8862-6f92-584b-8b74c7f6af64,1777388641,0.75,2.0,yes,"{""count_fp"":""2.00"",""created_time"":""2026-04-28T15:04:01.030473Z"",""no_price_dollars"":""0.2500"",""taker_side"":""yes"",""ticker"":""KXETH15M-26APR281115-15"",""trade_id"":""59a4eac2-8862-6f92-584b-8b74c7f6af64"",""yes_price_dollars"":""0.7500""}"
KXETH15M-26APR281115-15,86fa4110-c5d6-6e6e-8b64-b966a567bd44,1777388643,0.75,20.0,yes,"{""count_fp"":""20.00"",""created_time"":""2026-04-28T15:04:03.876538Z"",""no_price_dollars"":""0.2500"",""taker_side"":""yes"",""ticker"":""KXETH15M-26APR281115-15"",""trade_id"":""86fa4110-c5d6-6e6e-8b64-b966a567bd44"",""yes_price_dollars"":""0.7500""}"
KXETH15M-26APR281115-15,609bc781-ec12-55c6-6c9e-3f3af5270e88,1777388643,0.75,20.0,yes,"{""count_fp"":""20.00"",""created_time"":""2026-04-28T15:04:03.875619Z"",""no_price_dollars"":""0.2500"",""taker_side"":""yes"",""ticker"":""KXETH15M-26APR281115-15"",""trade_id"":""609bc781-ec12-55c6-6c9e-3f3af5270e88"",""yes_price_dollars"":""0.7500""}"
KXETH15M-26APR281115-15,2df35e2f-667c-5bc0-0fb7-2375474b44ac,1777388644,0.73,7.0,no,"{""count_fp"":""7.00"",""created_time"":""2026-04-28T15:04:04.370681Z"",""no_price_dollars"":""0.2700"",""taker_side"":""no"",""ticker"":""KXETH15M-26APR281115-15"",""trade_id"":""2df35e2f-667c-5bc0-0fb7-2375474b44ac"",""yes_price_dollars"":""0.7300""}"
KXETH15M-26APR281115-15,010b8e1c-4b0d-5e79-3e68-7f8736d0b4e3,1777388644,0.73,10.0,no,"{""count_fp"":""10.00"",""created_time"":""2026-04-28T15:04:04.370681Z"",""no_price_dollars"":""0.2700"",""taker_side"":""no"",""ticker"":""KXETH15M-26APR281115-15"",""trade_id"":""010b8e1c-4b0d-5e79-3e68-7f8736d0b4e3"",""yes_price_dollars"":""0.7300""}"
KXETH15M-26APR281115-15,ed248a96-ff59-5048-95d1-78a900f934c6,1777388651,0.7,1.0,no,"{""count_fp"":""1.00"",""created_time"":""2026-04-28T15:04:11.385175Z"",""no_price_dollars"":""0.3000"",""taker_side"":""no"",""ticker"":""KXETH15M-26APR281115-15"",""trade_id"":""ed248a96-ff59-5048-95d1-78a900f934c6"",""yes_price_dollars"":""0.7000""}"
KXETH15M-26APR281115-15,deee111f-913d-50fa-88eb-cbf0977559a1,1777388651,0.71,1.0,no,"{""count_fp"":""1.00"",""created_time"":""2026-04-28T15:04:11.385175Z"",""no_price_dollars"":""0.2900"",""taker_side"":""no"",""ticker"":""KXETH15M-26APR281115-15"",""trade_id"":""deee111f-913d-50fa-88eb-cbf0977559a1"",""yes_price_dollars"":""0.7100""}"
KXETH15M-26APR281115-15,877646a1-e1c5-54fa-9b8d-f8847bd2c862,1777388651,0.7,1.0,no,"{""count_fp"":""1.00"",""created_time"":""2026-04-28T15:04:11.385175Z"",""no_price_dollars"":""0.3000"",""taker_side"":""no"",""ticker"":""KXETH15M-26APR281115-15"",""trade_id"":""877646a1-e1c5-54fa-9b8d-f8847bd2c862"",""yes_price_dollars"":""0.7000""}"
KXETH15M-26APR281115-15,c341f4a3-5123-5577-19af-9bfabe3630b6,1777388654,0.72,10.0,no,"{""count_fp"":""10.00"",""created_time"":""2026-04-28T15:04:14.854526Z"",""no_price_dollars"":""0.2800"",""taker_side"":""no"",""ticker"":""KXETH15M-26APR281115-15"",""trade_id"":""c341f4a3-5123-5577-19af-9bfabe3630b6"",""yes_price_dollars"":""0.7200""}"
KXETH15M-26APR281115-15,a9b65192-13e6-477e-6748-0eef47982efc,1777388656,0.72,1.0,yes,"{""count_fp"":""1.00"",""created_time"":""2026-04-28T15:04:16.465244Z"",""no_price_dollars"":""0.2800"",""taker_side"":""yes"",""ticker"":""KXETH15M-26APR281115-15"",""trade_id"":""a9b65192-13e6-477e-6748-0eef47982efc"",""yes_price_dollars"":""0.7200""}"
KXETH15M-26APR281115-15,d998ed8d-2a72-457a-30c4-e7ebd5e0487c,1777388657,0.72,5.0,yes,"{""count_fp"":""5.00"",""created_time"":""2026-04-28T15:04:17.356924Z"",""no_price_dollars"":""0.2800"",""taker_side"":""yes"",""ticker"":""KXETH15M-26APR281115-15"",""trade_id"":""d998ed8d-2a72-457a-30c4-e7ebd5e0487c"",""yes_price_dollars"":""0.7200""}"
KXETH15M-26APR281115-15,d0575dd8-5bd5-74d6-402f-85f496b7dc40,1777388658,0.7,1.58,no,"{""count_fp"":""1.58"",""created_time"":""2026-04-28T15:04:18.725377Z"",""no_price_dollars"":""0.3000"",""taker_side"":""no"",""ticker"":""KXETH15M-26APR281115-15"",""trade_id"":""d0575dd8-5bd5-74d6-402f-85f496b7dc40"",""yes_price_dollars"":""0.7000""}"
KXETH15M-26APR281115-15,f596e08a-4d79-5899-0c7b-677812a220ea,1777388658,0.7,10.0,no,"{""count_fp"":""10.00"",""created_time"":""2026-04-28T15:04:18.354691Z"",""no_price_dollars"":""0.3000"",""taker_side"":""no"",""ticker"":""KXETH15M-26APR281115-15"",""trade_id"":""f596e08a-4d79-5899-0c7b-677812a220ea"",""yes_price_dollars"":""0.7000""}"
KXETH15M-26APR281115-15,9bca373a-9341-5894-218f-119178dbe176,1777388658,0.7,1.0,no,"{""count_fp"":""1.00"",""created_time"":""2026-04-28T15:04:18.354691Z"",""no_price_dollars"":""0.3000"",""taker_side"":""no"",""ticker"":""KXETH15M-26APR281115-15"",""trade_id"":""9bca373a-9341-5894-218f-119178dbe176"",""yes_price_dollars"":""0.7000""}"
KXETH15M-26APR281115-15,86742d35-63a8-5ad4-259f-b5f21658dc60,1777388658,0.7,100.0,no,"{""count_fp"":""100.00"",""created_time"":""2026-04-28T15:04:18.354691Z"",""no_price_dollars"":""0.3000"",""taker_side"":""no"",""ticker"":""KXETH15M-26APR281115-15"",""trade_id"":""86742d35-63a8-5ad4-259f-b5f21658dc60"",""yes_price_dollars"":""0.7000""}"
KXETH15M-26APR281115-15,463a17ba-6b51-5fba-1468-d226299e0200,1777388658,0.7,155.67,no,"{""count_fp"":""155.67"",""created_time"":""2026-04-28T15:04:18.354691Z"",""no_price_dollars"":""0.3000"",""taker_side"":""no"",""ticker"":""KXETH15M-26APR281115-15"",""trade_id"":""463a17ba-6b51-5fba-1468-d226299e0200"",""yes_price_dollars"":""0.7000""}"
KXETH15M-26APR281115-15,b5e1b13a-7161-59e9-5d41-12a98201af9f,1777388660,0.73,10.0,yes,"{""count_fp"":""10.00"",""created_time"":""2026-04-28T15:04:20.738223Z"",""no_price_dollars"":""0.2700"",""taker_side"":""yes"",""ticker"":""KXETH15M-26APR281115-15"",""trade_id"":""b5e1b13a-7161-59e9-5d41-12a98201af9f"",""yes_price_dollars"":""0.7300""}"
KXETH15M-26APR281115-15,676998db-7673-536f-5023-472085dc0792,1777388660,0.74,50.06,yes,"{""count_fp"":""50.06"",""created_time"":""2026-04-28T15:04:20.738223Z"",""no_price_dollars"":""0.2600"",""taker_side"":""yes"",""ticker"":""KXETH15M-26APR281115-15"",""trade_id"":""676998db-7673-536f-5023-472085dc0792"",""yes_price_dollars"":""0.7400""}"
KXETH15M-26APR281115-15,4b7c9b4c-dbc3-5802-70f7-7f14d3f4589e,1777388660,0.74,19.0,yes,"{""count_fp"":""19.00"",""created_time"":""2026-04-28T15:04:20.738223Z"",""no_price_dollars"":""0.2600"",""taker_side"":""yes"",""ticker"":""KXETH15M-26APR281115-15"",""trade_id"":""4b7c9b4c-dbc3-5802-70f7-7f14d3f4589e"",""yes_price_dollars"":""0.7400""}"
KXETH15M-26APR281115-15,91ab4f93-03f8-7d9d-25b6-0987e1518ce0,1777388665,0.71,10.0,no,"{""count_fp"":""10.00"",""created_time"":""2026-04-28T15:04:25.465973Z"",""no_price_dollars"":""0.2900"",""taker_side"":""no"",""ticker"":""KXETH15M-26APR281115-15"",""trade_id"":""91ab4f93-03f8-7d9d-25b6-0987e1518ce0"",""yes_price_dollars"":""0.7100""}"
KXETH15M-26APR281115-15,3c3c1ab8-7e48-79e4-1e67-236bb1c68caa,1777388665,0.71,37.66,no,"{""count_fp"":""37.66"",""created_time"":""2026-04-28T15:04:25.465973Z"",""no_price_dollars"":""0.2900"",""taker_side"":""no"",""ticker"":""KXETH15M-26APR281115-15"",""trade_id"":""3c3c1ab8-7e48-79e4-1e67-236bb1c68caa"",""yes_price_dollars"":""0.7100""}"
KXETH15M-26APR281115-15,2eee5b25-31f8-6959-9007-23d3c81fe688,1777388666,0.75,1.26,yes,"{""count_fp"":""1.26"",""created_time"":""2026-04-28T15:04:26.132522Z"",""no_price_dollars"":""0.2500"",""taker_side"":""yes"",""ticker"":""KXETH15M-26APR281115-15"",""trade_id"":""2eee5b25-31f8-6959-9007-23d3c81fe688"",""yes_price_dollars"":""0.7500""}"
KXETH15M-26APR281115-15,7eb848e4-be7c-47c6-b971-ca3c92db02ad,1777388667,0.75,1.0,yes,"{""count_fp"":""1.00"",""created_time"":""2026-04-28T15:04:27.779042Z"",""no_price_dollars"":""0.2500"",""taker_side"":""yes"",""ticker"":""KXETH15M-26APR281115-15"",""trade_id"":""7eb848e4-be7c-47c6-b971-ca3c92db02ad"",""yes_price_dollars"":""0.7500""}"
KXETH15M-26APR281115-15,310307e7-4458-61d8-9c2a-7b1c02946af2,1777388670,0.73,1.0,yes,"{""count_fp"":""1.00"",""created_time"":""2026-04-28T15:04:30.074847Z"",""no_price_dollars"":""0.2700"",""taker_side"":""yes"",""ticker"":""KXETH15M-26APR281115-15"",""trade_id"":""310307e7-4458-61d8-9c2a-7b1c02946af2"",""yes_price_dollars"":""0.7300""}"
KXETH15M-26APR281115-15,77dcd919-9ccc-4999-ef5c-9fc9d6b72ece,1777388671,0.74,6.58,yes,"{""count_fp"":""6.58"",""created_time"":""2026-04-28T15:04:31.587514Z"",""no_price_dollars"":""0.2600"",""taker_side"":""yes"",""ticker"":""KXETH15M-26APR281115-15"",""trade_id"":""77dcd919-9ccc-4999-ef5c-9fc9d6b72ece"",""yes_price_dollars"":""0.7400""}"
KXETH15M-26APR281115-15,657c8f81-3b34-4da9-ba54-ab2af1dd5736,1777388671,0.74,1.0,yes,"{""count_fp"":""1.00"",""created_time"":""2026-04-28T15:04:31.383473Z"",""no_price_dollars"":""0.2600"",""taker_side"":""yes"",""ticker"":""KXETH15M-26APR281115-15"",""trade_id"":""657c8f81-3b34-4da9-ba54-ab2af1dd5736"",""yes_price_dollars"":""0.7400""}"
KXETH15M-26APR281115-15,78b5bf05-ae98-5339-9d7c-c8211a06b6e6,1777388672,0.74,99.53,yes,"{""count_fp"":""99.53"",""created_time"":""2026-04-28T15:04:32.794284Z"",""no_price_dollars"":""0.2600"",""taker_side"":""yes"",""ticker"":""KXETH15M-26APR281115-15"",""trade_id"":""78b5bf05-ae98-5339-9d7c-c8211a06b6e6"",""yes_price_dollars"":""0.7400""}"
KXETH15M-26APR281115-15,e9c04717-7515-7cc6-de12-2b9d21a41696,1777388672,0.72,6.55,yes,"{""count_fp"":""6.55"",""created_time"":""2026-04-28T15:04:32.371781Z"",""no_price_dollars"":""0.2800"",""taker_side"":""yes"",""ticker"":""KXETH15M-26APR281115-15"",""trade_id"":""e9c04717-7515-7cc6-de12-2b9d21a41696"",""yes_price_dollars"":""0.7200""}"
KXETH15M-26APR281115-15,17cbeb6e-4171-68ec-39a8-201a68832758,1777388679,0.75,1.0,yes,"{""count_fp"":""1.00"",""created_time"":""2026-04-28T15:04:39.211781Z"",""no_price_dollars"":""0.2500"",""taker_side"":""yes"",""ticker"":""KXETH15M-26APR281115-15"",""trade_id"":""17cbeb6e-4171-68ec-39a8-201a68832758"",""yes_price_dollars"":""0.7500""}"
KXETH15M-26APR281115-15,92996a22-d0bc-50cc-fcf3-fc25419b8a42,1777388686,0.76,4.88,no,"{""count_fp"":""4.88"",""created_time"":""2026-04-28T15:04:46.523587Z"",""no_price_dollars"":""0.2400"",""taker_side"":""no"",""ticker"":""KXETH15M-26APR281115-15"",""trade_id"":""92996a22-d0bc-50cc-fcf3-fc25419b8a42"",""yes_price_dollars"":""0.7600""}"
KXETH15M-26APR281115-15,81ba77bb-b54c-5ff8-fc39-ca4ada4d46fc,1777388686,0.76,1.0,no,"{""count_fp"":""1.00"",""created_time"":""2026-04-28T15:04:46.523587Z"",""no_price_dollars"":""0.2400"",""taker_side"":""no"",""ticker"":""KXETH15M-26APR281115-15"",""trade_id"":""81ba77bb-b54c-5ff8-fc39-ca4ada4d46fc"",""yes_price_dollars"":""0.7600""}"
KXETH15M-26APR281115-15,34d081c4-c138-587e-cbf8-cb4334ef526f,1777388686,0.77,10.0,no,"{""count_fp"":""10.00"",""created_time"":""2026-04-28T15:04:46.523587Z"",""no_price_dollars"":""0.2300"",""taker_side"":""no"",""ticker"":""KXETH15M-26APR281115-15"",""trade_id"":""34d081c4-c138-587e-cbf8-cb4334ef526f"",""yes_price_dollars"":""0.7700""}"
KXETH15M-26APR281115-15,88114fb1-bc9d-693e-a2fa-f86df7cb7418,1777388691,0.78,1.58,yes,"{""count_fp"":""1.58"",""created_time"":""2026-04-28T15:04:51.831861Z"",""no_price_dollars"":""0.2200"",""taker_side"":""yes"",""ticker"":""KXETH15M-26APR281115-15"",""trade_id"":""88114fb1-bc9d-693e-a2fa-f86df7cb7418"",""yes_price_dollars"":""0.7800""}"
KXETH15M-26APR281115-15,01d91dd3-8cdb-5da1-0efa-2f2d4dd7e4df,1777388694,0.74,3.65,no,"{""count_fp"":""3.65"",""created_time"":""2026-04-28T15:04:54.777018Z"",""no_price_dollars"":""0.2600"",""taker_side"":""no"",""ticker"":""KXETH15M-26APR281115-15"",""trade_id"":""01d91dd3-8cdb-5da1-0efa-2f2d4dd7e4df"",""yes_price_dollars"":""0.7400""}"
KXETH15M-26APR281115-15,c8fc6c50-cb7c-7c6a-89f6-99e9a13abe65,1777388695,0.78,10.0,yes,"{""count_fp"":""10.00"",""created_time"":""2026-04-28T15:04:55.558497Z"",""no_price_dollars"":""0.2200"",""taker_side"":""yes"",""ticker"":""KXETH15M-26APR281115-15"",""trade_id"":""c8fc6c50-cb7c-7c6a-89f6-99e9a13abe65"",""yes_price_dollars"":""0.7800""}"
KXETH15M-26APR281115-15,b0ee96d6-67f0-536c-f7e2-b539b4aa22f1,1777388698,0.76,10.0,no,"{""count_fp"":""10.00"",""created_time"":""2026-04-28T15:04:58.317426Z"",""no_price_dollars"":""0.2400"",""taker_side"":""no"",""ticker"":""KXETH15M-26APR281115-15"",""trade_id"":""b0ee96d6-67f0-536c-f7e2-b539b4aa22f1"",""yes_price_dollars"":""0.7600""}"
KXETH15M-26APR281115-15,72f2aff4-5548-53e8-d154-653cf2a5cdc6,1777388698,0.76,22.91,no,"{""count_fp"":""22.91"",""created_time"":""2026-04-28T15:04:58.317426Z"",""no_price_dollars"":""0.2400"",""taker_side"":""no"",""ticker"":""KXETH15M-26APR281115-15"",""trade_id"":""72f2aff4-5548-53e8-d154-653cf2a5cdc6"",""yes_price_dollars"":""0.7600""}"
KXETH15M-26APR281115-15,f8cfecdb-8204-5503-72dd-d12eb06c19ae,1777388699,0.8,0.14,yes,"{""count_fp"":""0.14"",""created_time"":""2026-04-28T15:04:59.155514Z"",""no_price_dollars"":""0.2000"",""taker_side"":""yes"",""ticker"":""KXETH15M-26APR281115-15"",""trade_id"":""f8cfecdb-8204-5503-72dd-d12eb06c19ae"",""yes_price_dollars"":""0.8000""}"
KXETH15M-26APR281115-15,030e1b22-0bfc-54f5-75bd-9a4284cd2e12,1777388700,0.8,10.0,yes,"{""count_fp"":""10.00"",""created_time"":""2026-04-28T15:05:00.721272Z"",""no_price_dollars"":""0.2000"",""taker_side"":""yes"",""ticker"":""KXETH15M-26APR281115-15"",""trade_id"":""030e1b22-0bfc-54f5-75bd-9a4284cd2e12"",""yes_price_dollars"":""0.8000""}"
KXETH15M-26APR281115-15,5c215691-9f20-4cd5-2333-964226ffca7a,1777388700,0.8,1.0,yes,"{""count_fp"":""1.00"",""created_time"":""2026-04-28T15:05:00.133495Z"",""no_price_dollars"":""0.2000"",""taker_side"":""yes"",""ticker"":""KXETH15M-26APR281115-15"",""trade_id"":""5c215691-9f20-4cd5-2333-964226ffca7a"",""yes_price_dollars"":""0.8000""}"
KXETH15M-26APR281115-15,e037fbb8-1f34-47c9-c813-3cf2e942ae7a,1777388701,0.8,10.0,yes,"{""count_fp"":""10.00"",""created_time"":""2026-04-28T15:05:01.377525Z"",""no_price_dollars"":""0.2000"",""taker_side"":""yes"",""ticker"":""KXETH15M-26APR281115-15"",""trade_id"":""e037fbb8-1f34-47c9-c813-3cf2e942ae7a"",""yes_price_dollars"":""0.8000""}"
KXETH15M-26APR281115-15,1c69db37-7241-411a-b1db-d05ee1ee8d98,1777388702,0.8,10.0,yes,"{""count_fp"":""10.00"",""created_time"":""2026-04-28T15:05:02.035479Z"",""no_price_dollars"":""0.2000"",""taker_side"":""yes"",""ticker"":""KXETH15M-26APR281115-15"",""trade_id"":""1c69db37-7241-411a-b1db-d05ee1ee8d98"",""yes_price_dollars"":""0.8000""}"
KXETH15M-26APR281115-15,bc1de671-93a9-4972-9c73-881b6ae95bb0,1777388709,0.82,10.0,yes,"{""count_fp"":""10.00"",""created_time"":""2026-04-28T15:05:09.653214Z"",""no_price_dollars"":""0.1800"",""taker_side"":""yes"",""ticker"":""KXETH15M-26APR281115-15"",""trade_id"":""bc1de671-93a9-4972-9c73-881b6ae95bb0"",""yes_price_dollars"":""0.8200""}"
KXETH15M-26APR281115-15,88599ba6-a178-4b11-b57b-c17d7eeabbba,1777388709,0.82,9.0,yes,"{""count_fp"":""9.00"",""created_time"":""2026-04-28T15:05:09.653214Z"",""no_price_dollars"":""0.1800"",""taker_side"":""yes"",""ticker"":""KXETH15M-26APR281115-15"",""trade_id"":""88599ba6-a178-4b11-b57b-c17d7eeabbba"",""yes_price_dollars"":""0.8200""}"
KXETH15M-26APR281115-15,1d4458b8-cff0-44b0-2ac0-289e30c48fc4,1777388713,0.81,1.0,no,"{""count_fp"":""1.00"",""created_time"":""2026-04-28T15:05:13.886174Z"",""no_price_dollars"":""0.1900"",""taker_side"":""no"",""ticker"":""KXETH15M-26APR281115-15"",""trade_id"":""1d4458b8-cff0-44b0-2ac0-289e30c48fc4"",""yes_price_dollars"":""0.8100""}"
KXETH15M-26APR281115-15,9c7a6ff5-07ca-79f2-bdc3-9a55802920fd,1777388714,0.81,10.0,yes,"{""count_fp"":""10.00"",""created_time"":""2026-04-28T15:05:14.493105Z"",""no_price_dollars"":""0.1900"",""taker_side"":""yes"",""ticker"":""KXETH15M-26APR281115-15"",""trade_id"":""9c7a6ff5-07ca-79f2-bdc3-9a55802920fd"",""yes_price_dollars"":""0.8100""}"
KXETH15M-26APR281115-15,61ebffea-8ba8-5cf8-aca2-de00f7d6d793,1777388718,0.78,10.0,no,"{""count_fp"":""10.00"",""created_time"":""2026-04-28T15:05:18.895344Z"",""no_price_dollars"":""0.2200"",""taker_side"":""no"",""ticker"":""KXETH15M-26APR281115-15"",""trade_id"":""61ebffea-8ba8-5cf8-aca2-de00f7d6d793"",""yes_price_dollars"":""0.7800""}"
KXETH15M-26APR281115-15,e339f3e6-10d0-7287-fa95-0553d22a8f42,1777388722,0.75,10.0,yes,"{""count_fp"":""10.00"",""created_time"":""2026-04-28T15:05:22.176026Z"",""no_price_dollars"":""0.2500"",""taker_side"":""yes"",""ticker"":""KXETH15M-26APR281115-15"",""trade_id"":""e339f3e6-10d0-7287-fa95-0553d22a8f42"",""yes_price_dollars"":""0.7500""}"
KXETH15M-26APR281115-15,22a9fb8e-aea4-7421-e227-866453fb87aa,1777388722,0.76,78.38,yes,"{""count_fp"":""78.38"",""created_time"":""2026-04-28T15:05:22.176026Z"",""no_price_dollars"":""0.2400"",""taker_side"":""yes"",""ticker"":""KXETH15M-26APR281115-15"",""trade_id"":""22a9fb8e-aea4-7421-e227-866453fb87aa"",""yes_price_dollars"":""0.7600""}"
KXETH15M-26APR281115-15,5f27b6e2-4c68-6c11-7602-d5036b8738ff,1777388728,0.73,2.0,no,"{""count_fp"":""2.00"",""created_time"":""2026-04-28T15:05:28.089864Z"",""no_price_dollars"":""0.2700"",""taker_side"":""no"",""ticker"":""KXETH15M-26APR281115-15"",""trade_id"":""5f27b6e2-4c68-6c11-7602-d5036b8738ff"",""yes_price_dollars"":""0.7300""}"
KXETH15M-26APR281115-15,64910321-26cb-6a5f-b1ee-6f66f00f5dc3,1777388738,0.68,1.0,yes,"{""count_fp"":""1.00"",""created_time"":""2026-04-28T15:05:38.884657Z"",""no_price_dollars"":""0.3200"",""taker_side"":""yes"",""ticker"":""KXETH15M-26APR281115-15"",""trade_id"":""64910321-26cb-6a5f-b1ee-6f66f00f5dc3"",""yes_price_dollars"":""0.6800""}"
KXETH15M-26APR281115-15,94a8ebd8-b323-54bf-b3d7-043e4fb2039f,1777388738,0.68,15.88,yes,"{""count_fp"":""15.88"",""created_time"":""2026-04-28T15:05:38.182331Z"",""no_price_dollars"":""0.3200"",""taker_side"":""yes"",""ticker"":""KXETH15M-26APR281115-15"",""trade_id"":""94a8ebd8-b323-54bf-b3d7-043e4fb2039f"",""yes_price_dollars"":""0.6800""}"
KXETH15M-26APR281115-15,4763cb1e-9b52-5b21-4021-91802c09ecd4,1777388740,0.67,120.0,no,"{""count_fp"":""120.00"",""created_time"":""2026-04-28T15:05:40.720788Z"",""no_price_dollars"":""0.3300"",""taker_side"":""no"",""ticker"":""KXETH15M-26APR281115-15"",""trade_id"":""4763cb1e-9b52-5b21-4021-91802c09ecd4"",""yes_price_dollars"":""0.6700""}"
KXETH15M-26APR281115-15,08979c2b-e60d-5dd2-2f83-a99fd553c348,1777388741,0.65,10.0,no,"{""count_fp"":""10.00"",""created_time"":""2026-04-28T15:05:41.399176Z"",""no_price_dollars"":""0.3500"",""taker_side"":""no"",""ticker"":""KXETH15M-26APR281115-15"",""trade_id"":""08979c2b-e60d-5dd2-2f83-a99fd553c348"",""yes_price_dollars"":""0.6500""}"
KXETH15M-26APR281115-15,9b802701-0a9a-4e5c-d161-23ef32861ed8,1777388741,0.66,1.0,no,"{""count_fp"":""1.00"",""created_time"":""2026-04-28T15:05:41.352214Z"",""no_price_dollars"":""0.3400"",""taker_side"":""no"",""ticker"":""KXETH15M-26APR281115-15"",""trade_id"":""9b802701-0a9a-4e5c-d161-23ef32861ed8"",""yes_price_dollars"":""0.6600""}"
KXETH15M-26APR281115-15,805cc7d0-1b3a-53f4-8ffc-39233b854f74,1777388741,0.66,69.0,no,"{""count_fp"":""69.00"",""created_time"":""2026-04-28T15:05:41.344234Z"",""no_price_dollars"":""0.3400"",""taker_side"":""no"",""ticker"":""KXETH15M-26APR281115-15"",""trade_id"":""805cc7d0-1b3a-53f4-8ffc-39233b854f74"",""yes_price_dollars"":""0.6600""}"
KXETH15M-26APR281115-15,f3974ac9-af8e-68b1-16d0-3511a5459dc8,1777388741,0.67,1.0,yes,"{""count_fp"":""1.00"",""created_time"":""2026-04-28T15:05:41.092436Z"",""no_price_dollars"":""0.3300"",""taker_side"":""yes"",""ticker"":""KXETH15M-26APR281115-15"",""trade_id"":""f3974ac9-af8e-68b1-16d0-3511a5459dc8"",""yes_price_dollars"":""0.6700""}"
KXETH15M-26APR281115-15,13f0f3d3-4c90-633e-5693-1e477e5a6c62,1777388760,0.67,10.0,no,"{""count_fp"":""10.00"",""created_time"":""2026-04-28T15:06:00.464753Z"",""no_price_dollars"":""0.3300"",""taker_side"":""no"",""ticker"":""KXETH15M-26APR281115-15"",""trade_id"":""13f0f3d3-4c90-633e-5693-1e477e5a6c62"",""yes_price_dollars"":""0.6700""}"
KXETH15M-26APR281115-15,08fb459e-ca4f-6f2b-4748-3e9cd080493b,1777388763,0.68,1.0,yes,"{""count_fp"":""1.00"",""created_time"":""2026-04-28T15:06:03.599564Z"",""no_price_dollars"":""0.3200"",""taker_side"":""yes"",""ticker"":""KXETH15M-26APR281115-15"",""trade_id"":""08fb459e-ca4f-6f2b-4748-3e9cd080493b"",""yes_price_dollars"":""0.6800""}"
KXETH15M-26APR281115-15,62723adf-0c47-5c36-a463-c41239e0a7c2,1777388765,0.67,19.0,no,"{""count_fp"":""19.00"",""created_time"":""2026-04-28T15:06:05.340516Z"",""no_price_dollars"":""0.3300"",""taker_side"":""no"",""ticker"":""KXETH15M-26APR281115-15"",""trade_id"":""62723adf-0c47-5c36-a463-c41239e0a7c2"",""yes_price_dollars"":""0.6700""}"
KXETH15M-26APR281115-15,22b5211e-bd93-4f16-1f8a-c6cd59753ca2,1777388768,0.67,100.0,no,"{""count_fp"":""100.00"",""created_time"":""2026-04-28T15:06:08.580245Z"",""no_price_dollars"":""0.3300"",""taker_side"":""no"",""ticker"":""KXETH15M-26APR281115-15"",""trade_id"":""22b5211e-bd93-4f16-1f8a-c6cd59753ca2"",""yes_price_dollars"":""0.6700""}"
KXETH15M-26APR281115-15,dd3ebc7e-41b8-5964-e151-96cf92501105,1777388769,0.67,1.26,no,"{""count_fp"":""1.26"",""created_time"":""2026-04-28T15:06:09.820288Z"",""no_price_dollars"":""0.3300"",""taker_side"":""no"",""ticker"":""KXETH15M-26APR281115-15"",""trade_id"":""dd3ebc7e-41b8-5964-e151-96cf92501105"",""yes_price_dollars"":""0.6700""}"
KXETH15M-26APR281115-15,c106ae55-799f-76b7-08f7-57b167571d57,1777388770,0.68,2.87,yes,"{""count_fp"":""2.87"",""created_time"":""2026-04-28T15:06:10.042833Z"",""no_price_dollars"":""0.3200"",""taker_side"":""yes"",""ticker"":""KXETH15M-26APR281115-15"",""trade_id"":""c106ae55-799f-76b7-08f7-57b167571d57"",""yes_price_dollars"":""0.6800""}"
KXETH15M-26APR281115-15,3eba9141-fcdf-7017-404e-4bd84ceabe9f,1777388775,0.68,7.19,yes,"{""count_fp"":""7.19"",""created_time"":""2026-04-28T15:06:15.294535Z"",""no_price_dollars"":""0.3200"",""taker_side"":""yes"",""ticker"":""KXETH15M-26APR281115-15"",""trade_id"":""3eba9141-fcdf-7017-404e-4bd84ceabe9f"",""yes_price_dollars"":""0.6800""}"
KXETH15M-26APR281115-15,7a33a8ab-83d7-56ab-5781-e9dbfecaf423,1777388777,0.68,72.0,yes,"{""count_fp"":""72.00"",""created_time"":""2026-04-28T15:06:17.639409Z"",""no_price_dollars"":""0.3200"",""taker_side"":""yes"",""ticker"":""KXETH15M-26APR281115-15"",""trade_id"":""7a33a8ab-83d7-56ab-5781-e9dbfecaf423"",""yes_price_dollars"":""0.6800""}"
KXETH15M-26APR281115-15,cc4a85bb-e436-447f-80b0-4e29bf5ceebb,1777388782,0.67,10.0,no,"{""count_fp"":""10.00"",""created_time"":""2026-04-28T15:06:22.153077Z"",""no_price_dollars"":""0.3300"",""taker_side"":""no"",""ticker"":""KXETH15M-26APR281115-15"",""trade_id"":""cc4a85bb-e436-447f-80b0-4e29bf5ceebb"",""yes_price_dollars"":""0.6700""}"
KXETH15M-26APR281115-15,113c1687-6df7-4cbe-ab9f-363af383bfee,1777388782,0.67,0.33,no,"{""count_fp"":""0.33"",""created_time"":""2026-04-28T15:06:22.153077Z"",""no_price_dollars"":""0.3300"",""taker_side"":""no"",""ticker"":""KXETH15M-26APR281115-15"",""trade_id"":""113c1687-6df7-4cbe-ab9f-363af383bfee"",""yes_price_dollars"":""0.6700""}"
KXETH15M-26APR281115-15,95d36cff-54e3-60f9-dfc2-d7490b913321,1777388788,0.62,0.25,no,"{""count_fp"":""0.25"",""created_time"":""2026-04-28T15:06:28.532717Z"",""no_price_dollars"":""0.3800"",""taker_side"":""no"",""ticker"":""KXETH15M-26APR281115-15"",""trade_id"":""95d36cff-54e3-60f9-dfc2-d7490b913321"",""yes_price_dollars"":""0.6200""}"
KXETH15M-26APR281115-15,65f77604-ac32-6257-6780-53a918246454,1777388795,0.64,1.0,yes,"{""count_fp"":""1.00"",""created_time"":""2026-04-28T15:06:35.833069Z"",""no_price_dollars"":""0.3600"",""taker_side"":""yes"",""ticker"":""KXETH15M-26APR281115-15"",""trade_id"":""65f77604-ac32-6257-6780-53a918246454"",""yes_price_dollars"":""0.6400""}"
KXETH15M-26APR281115-15,aafbefeb-3edf-691e-ce5e-8dc05f69c65a,1777388802,0.64,40.44,no,"{""count_fp"":""40.44"",""created_time"":""2026-04-28T15:06:42.610106Z"",""no_price_dollars"":""0.3600"",""taker_side"":""no"",""ticker"":""KXETH15M-26APR281115-15"",""trade_id"":""aafbefeb-3edf-691e-ce5e-8dc05f69c65a"",""yes_price_dollars"":""0.6400""}"
KXETH15M-26APR281115-15,41a338d2-20dd-6030-d3cd-efc05a2561ea,1777388802,0.65,10.0,no,"{""count_fp"":""10.00"",""created_time"":""2026-04-28T15:06:42.610106Z"",""no_price_dollars"":""0.3500"",""taker_side"":""no"",""ticker"":""KXETH15M-26APR281115-15"",""trade_id"":""41a338d2-20dd-6030-d3cd-efc05a2561ea"",""yes_price_dollars"":""0.6500""}"
KXETH15M-26APR281115-15,8c7c9415-a1ab-6811-c3bd-459417a10459,1777388811,0.62,1.75,no,"{""count_fp"":""1.75"",""created_time"":""2026-04-28T15:06:51.250105Z"",""no_price_dollars"":""0.3800"",""taker_side"":""no"",""ticker"":""KXETH15M-26APR281115-15"",""trade_id"":""8c7c9415-a1ab-6811-c3bd-459417a10459"",""yes_price_dollars"":""0.6200""}"
KXETH15M-26APR281115-15,4269c3fe-6e57-6aec-dae3-33e4ab3223a8,1777388811,0.58,9.25,no,"{""count_fp"":""9.25"",""created_time"":""2026-04-28T15:06:51.250105Z"",""no_price_dollars"":""0.4200"",""taker_side"":""no"",""ticker"":""KXETH15M-26APR281115-15"",""trade_id"":""4269c3fe-6e57-6aec-dae3-33e4ab3223a8"",""yes_price_dollars"":""0.5800""}"
KXETH15M-26APR281115-15,eb5136ec-a65e-7285-d428-4e05ddea6958,1777388815,0.57,25.54,yes,"{""count_fp"":""25.54"",""created_time"":""2026-04-28T15:06:55.955401Z"",""no_price_dollars"":""0.4300"",""taker_side"":""yes"",""ticker"":""KXETH15M-26APR281115-15"",""trade_id"":""eb5136ec-a65e-7285-d428-4e05ddea6958"",""yes_price_dollars"":""0.5700""}"
KXETH15M-26APR281115-15,e9cf4abb-01cc-7bed-7fd5-0e19f6a2fd4f,1777388815,0.54,5.0,no,"{""count_fp"":""5.00"",""created_time"":""2026-04-28T15:06:55.172468Z"",""no_price_dollars"":""0.4600"",""taker_side"":""no"",""ticker"":""KXETH15M-26APR281115-15"",""trade_id"":""e9cf4abb-01cc-7bed-7fd5-0e19f6a2fd4f"",""yes_price_dollars"":""0.5400""}"
KXETH15M-26APR281115-15,3a521b88-9237-6848-0612-ac22c9d1f66e,1777388818,0.53,4.1,no,"{""count_fp"":""4.10"",""created_time"":""2026-04-28T15:06:58.588426Z"",""no_price_dollars"":""0.4700"",""taker_side"":""no"",""ticker"":""KXETH15M-26APR281115-15"",""trade_id"":""3a521b88-9237-6848-0612-ac22c9d1f66e"",""yes_price_dollars"":""0.5300""}"
KXETH15M-26APR281115-15,a486cf3b-e366-78fc-896c-2e664bc313ce,1777388823,0.53,10.0,no,"{""count_fp"":""10.00"",""created_time"":""2026-04-28T15:07:03.350102Z"",""no_price_dollars"":""0.4700"",""taker_side"":""no"",""ticker"":""KXETH15M-26APR281115-15"",""trade_id"":""a486cf3b-e366-78fc-896c-2e664bc313ce"",""yes_price_dollars"":""0.5300""}"
KXETH15M-26APR281115-15,210a66e5-c87e-7062-85a2-1fd96d94fa5a,1777388823,0.52,6.0,no,"{""count_fp"":""6.00"",""created_time"":""2026-04-28T15:07:03.350102Z"",""no_price_dollars"":""0.4800"",""taker_side"":""no"",""ticker"":""KXETH15M-26APR281115-15"",""trade_id"":""210a66e5-c87e-7062-85a2-1fd96d94fa5a"",""yes_price_dollars"":""0.5200""}"
KXETH15M-26APR281115-15,2e15b1ca-a732-4502-f2f2-040bb70bbb3e,1777388826,0.52,10.0,no,"{""count_fp"":""10.00"",""created_time"":""2026-04-28T15:07:06.616515Z"",""no_price_dollars"":""0.4800"",""taker_side"":""no"",""ticker"":""KXETH15M-26APR281115-15"",""trade_id"":""2e15b1ca-a732-4502-f2f2-040bb70bbb3e"",""yes_price_dollars"":""0.5200""}"
KXETH15M-26APR281115-15,cfe77277-a9ea-454e-8658-68621f0341de,1777388827,0.52,484.0,no,"{""count_fp"":""484.00"",""created_time"":""2026-04-28T15:07:07.287083Z"",""no_price_dollars"":""0.4800"",""taker_side"":""no"",""ticker"":""KXETH15M-26APR281115-15"",""trade_id"":""cfe77277-a9ea-454e-8658-68621f0341de"",""yes_price_dollars"":""0.5200""}"
KXETH15M-26APR281115-15,a351617d-0486-5dfd-8069-c0a07a51239d,1777388833,0.5,1.0,no,"{""count_fp"":""1.00"",""created_time"":""2026-04-28T15:07:13.079722Z"",""no_price_dollars"":""0.5000"",""taker_side"":""no"",""ticker"":""KXETH15M-26APR281115-15"",""trade_id"":""a351617d-0486-5dfd-8069-c0a07a51239d"",""yes_price_dollars"":""0.5000""}"
KXETH15M-26APR281115-15,f96090ef-483f-69b4-16f8-7d788f1fbad0,1777388834,0.44,8.0,no,"{""count_fp"":""8.00"",""created_time"":""2026-04-28T15:07:14.789546Z"",""no_price_dollars"":""0.5600"",""taker_side"":""no"",""ticker"":""KXETH15M-26APR281115-15"",""trade_id"":""f96090ef-483f-69b4-16f8-7d788f1fbad0"",""yes_price_dollars"":""0.4400""}"
KXETH15M-26APR281115-15,bbcd19c2-bccc-6b84-183d-22d5202bb173,1777388834,0.5,1.0,no,"{""count_fp"":""1.00"",""created_time"":""2026-04-28T15:07:14.789546Z"",""no_price_dollars"":""0.5000"",""taker_side"":""no"",""ticker"":""KXETH15M-26APR281115-15"",""trade_id"":""bbcd19c2-bccc-6b84-183d-22d5202bb173"",""yes_price_dollars"":""0.5000""}"
KXETH15M-26APR281115-15,587deecf-2327-6603-0239-6d0d4f494e71,1777388834,0.44,10.0,no,"{""count_fp"":""10.00"",""created_time"":""2026-04-28T15:07:14.789546Z"",""no_price_dollars"":""0.5600"",""taker_side"":""no"",""ticker"":""KXETH15M-26APR281115-15"",""trade_id"":""587deecf-2327-6603-0239-6d0d4f494e71"",""yes_price_dollars"":""0.4400""}"
KXETH15M-26APR281115-15,17c8efea-d313-676c-ff75-3f2f7bd69924,1777388835,0.41,0.18,no,"{""count_fp"":""0.18"",""created_time"":""2026-04-28T15:07:15.434013Z"",""no_price_dollars"":""0.5900"",""taker_side"":""no"",""ticker"":""KXETH15M-26APR281115-15"",""trade_id"":""17c8efea-d313-676c-ff75-3f2f7bd69924"",""yes_price_dollars"":""0.4100""}"
KXETH15M-26APR281115-15,346472a5-bc7a-4062-05c6-87aaf0752d70,1777388838,0.4,1.0,no,"{""count_fp"":""1.00"",""created_time"":""2026-04-28T15:07:18.619906Z"",""no_price_dollars"":""0.6000"",""taker_side"":""no"",""ticker"":""KXETH15M-26APR281115-15"",""trade_id"":""346472a5-bc7a-4062-05c6-87aaf0752d70"",""yes_price_dollars"":""0.4000""}"
KXETH15M-26APR281115-15,81f6ac44-85d2-7e2e-48f1-918f22ef85dc,1777388839,0.4,1.0,no,"{""count_fp"":""1.00"",""created_time"":""2026-04-28T15:07:19.570763Z"",""no_price_dollars"":""0.6000"",""taker_side"":""no"",""ticker"":""KXETH15M-26APR281115-15"",""trade_id"":""81f6ac44-85d2-7e2e-48f1-918f22ef85dc"",""yes_price_dollars"":""0.4000""}"
KXETH15M-26APR281115-15,475b6a3a-28af-68dc-493e-addb20c1309b,1777388840,0.4,4.86,no,"{""count_fp"":""4.86"",""created_time"":""2026-04-28T15:07:20.363567Z"",""no_price_dollars"":""0.6000"",""taker_side"":""no"",""ticker"":""KXETH15M-26APR281115-15"",""trade_id"":""475b6a3a-28af-68dc-493e-addb20c1309b"",""yes_price_dollars"":""0.4000""}"
KXETH15M-26APR281115-15,9afaa601-4e23-6ebc-fa41-d2e817f06940,1777388841,0.39,1.0,no,"{""count_fp"":""1.00"",""created_time"":""2026-04-28T15:07:21.877292Z"",""no_price_dollars"":""0.6100"",""taker_side"":""no"",""ticker"":""KXETH15M-26APR281115-15"",""trade_id"":""9afaa601-4e23-6ebc-fa41-d2e817f06940"",""yes_price_dollars"":""0.3900""}"
KXETH15M-26APR281115-15,21e78f15-5026-68be-d3bc-ba70d72e134b,1777388843,0.41,32.8,yes,"{""count_fp"":""32.80"",""created_time"":""2026-04-28T15:07:23.371626Z"",""no_price_dollars"":""0.5900"",""taker_side"":""yes"",""ticker"":""KXETH15M-26APR281115-15"",""trade_id"":""21e78f15-5026-68be-d3bc-ba70d72e134b"",""yes_price_dollars"":""0.4100""}"
KXETH15M-26APR281115-15,ac1220e8-e936-4b3d-f814-886f9c9df330,1777388846,0.39,6.15,yes,"{""count_fp"":""6.15"",""created_time"":""2026-04-28T15:07:26.244296Z"",""no_price_dollars"":""0.6100"",""taker_side"":""yes"",""ticker"":""KXETH15M-26APR281115-15"",""trade_id"":""ac1220e8-e936-4b3d-f814-886f9c9df330"",""yes_price_dollars"":""0.3900""}"
KXETH15M-26APR281115-15,2a90c02a-0d0a-6351-77a1-e089e4bb165c,1777388847,0.36,3.65,yes,"{""count_fp"":""3.65"",""created_time"":""2026-04-28T15:07:27.626489Z"",""no_price_dollars"":""0.6400"",""taker_side"":""yes"",""ticker"":""KXETH15M-26APR281115-15"",""trade_id"":""2a90c02a-0d0a-6351-77a1-e089e4bb165c"",""yes_price_dollars"":""0.3600""}"
KXETH15M-26APR281115-15,a486ab2a-e110-4649-1e03-44a4190ec891,1777388849,0.41,10.0,yes,"{""count_fp"":""10.00"",""created_time"":""2026-04-28T15:07:29.756949Z"",""no_price_dollars"":""0.5900"",""taker_side"":""yes"",""ticker"":""KXETH15M-26APR281115-15"",""trade_id"":""a486ab2a-e110-4649-1e03-44a4190ec891"",""yes_price_dollars"":""0.4100""}"
KXETH15M-26APR281115-15,57dc979e-8732-4ec2-2e35-5900ec82a14a,1777388849,0.41,4.0,yes,"{""count_fp"":""4.00"",""created_time"":""2026-04-28T15:07:29.756949Z"",""no_price_dollars"":""0.5900"",""taker_side"":""yes"",""ticker"":""KXETH15M-26APR281115-15"",""trade_id"":""57dc979e-8732-4ec2-2e35-5900ec82a14a"",""yes_price_dollars"":""0.4100""}"
KXETH15M-26APR281115-15,41816e24-4ba7-789e-6af4-971a550ee84b,1777388850,0.42,5.0,no,"{""count_fp"":""5.00"",""created_time"":""2026-04-28T15:07:30.267153Z"",""no_price_dollars"":""0.5800"",""taker_side"":""no"",""ticker"":""KXETH15M-26APR281115-15"",""trade_id"":""41816e24-4ba7-789e-6af4-971a550ee84b"",""yes_price_dollars"":""0.4200""}"
KXETH15M-26APR281115-15,8d02a4ed-7abf-7da7-706f-99cd4824257e,1777388852,0.47,9.0,yes,"{""count_fp"":""9.00"",""created_time"":""2026-04-28T15:07:32.383831Z"",""no_price_dollars"":""0.5300"",""taker_side"":""yes"",""ticker"":""KXETH15M-26APR281115-15"",""trade_id"":""8d02a4ed-7abf-7da7-706f-99cd4824257e"",""yes_price_dollars"":""0.4700""}"
KXETH15M-26APR281115-15,4324bc73-171b-7cf1-5a63-19c9c29b47d3,1777388852,0.45,10.0,yes,"{""count_fp"":""10.00"",""created_time"":""2026-04-28T15:07:32.383831Z"",""no_price_dollars"":""0.5500"",""taker_side"":""yes"",""ticker"":""KXETH15M-26APR281115-15"",""trade_id"":""4324bc73-171b-7cf1-5a63-19c9c29b47d3"",""yes_price_dollars"":""0.4500""}"
KXETH15M-26APR281115-15,4d7b2ef5-0aff-5002-564c-974de4ca9162,1777388854,0.47,1.0,no,"{""count_fp"":""1.00"",""created_time"":""2026-04-28T15:07:34.625573Z"",""no_price_dollars"":""0.5300"",""taker_side"":""no"",""ticker"":""KXETH15M-26APR281115-15"",""trade_id"":""4d7b2ef5-0aff-5002-564c-974de4ca9162"",""yes_price_dollars"":""0.4700""}"
KXETH15M-26APR281115-15,12e11d42-62ca-7118-51c0-034630a97c98,1777388855,0.52,10.0,yes,"{""count_fp"":""10.00"",""created_time"":""2026-04-28T15:07:35.152371Z"",""no_price_dollars"":""0.4800"",""taker_side"":""yes"",""ticker"":""KXETH15M-26APR281115-15"",""trade_id"":""12e11d42-62ca-7118-51c0-034630a97c98"",""yes_price_dollars"":""0.5200""}"
KXETH15M-26APR281115-15,7ac04389-0d5f-7bfe-cfb6-07d6a56106d4,1777388858,0.49,1.0,no,"{""count_fp"":""1.00"",""created_time"":""2026-04-28T15:07:38.698863Z"",""no_price_dollars"":""0.5100"",""taker_side"":""no"",""ticker"":""KXETH15M-26APR281115-15"",""trade_id"":""7ac04389-0d5f-7bfe-cfb6-07d6a56106d4"",""yes_price_dollars"":""0.4900""}"
KXETH15M-26APR281115-15,41f6fd2c-0593-4d7c-d1b1-400b7aa7de48,1777388859,0.49,3.72,no,"{""count_fp"":""3.72"",""created_time"":""2026-04-28T15:07:39.295263Z"",""no_price_dollars"":""0.5100"",""taker_side"":""no"",""ticker"":""KXETH15M-26APR281115-15"",""trade_id"":""41f6fd2c-0593-4d7c-d1b1-400b7aa7de48"",""yes_price_dollars"":""0.4900""}"
KXETH15M-26APR281115-15,3849b5ac-88a2-48b9-e1dd-9fd1bc604f54,1777388862,0.5,1.79,yes,"{""count_fp"":""1.79"",""created_time"":""2026-04-28T15:07:42.861027Z"",""no_price_dollars"":""0.5000"",""taker_side"":""yes"",""ticker"":""KXETH15M-26APR281115-15"",""trade_id"":""3849b5ac-88a2-48b9-e1dd-9fd1bc604f54"",""yes_price_dollars"":""0.5000""}"
KXETH15M-26APR281115-15,bb1f221e-5790-6c8b-1404-dd77b527b56e,1777388863,0.46,10.0,no,"{""count_fp"":""10.00"",""created_time"":""2026-04-28T15:07:43.009141Z"",""no_price_dollars"":""0.5400"",""taker_side"":""no"",""ticker"":""KXETH15M-26APR281115-15"",""trade_id"":""bb1f221e-5790-6c8b-1404-dd77b527b56e"",""yes_price_dollars"":""0.4600""}"
KXETH15M-26APR281115-15,88e1d941-a1e8-63d8-31ab-7596f06d9682,1777388863,0.43,7.0,no,"{""count_fp"":""7.00"",""created_time"":""2026-04-28T15:07:43.009141Z"",""no_price_dollars"":""0.5700"",""taker_side"":""no"",""ticker"":""KXETH15M-26APR281115-15"",""trade_id"":""88e1d941-a1e8-63d8-31ab-7596f06d9682"",""yes_price_dollars"":""0.4300""}"
KXETH15M-26APR281115-15,293a6b74-4b2f-6470-22c4-64230634bdd4,1777388863,0.44,10.0,no,"{""count_fp"":""10.00"",""created_time"":""2026-04-28T15:07:43.009141Z"",""no_price_dollars"":""0.5600"",""taker_side"":""no"",""ticker"":""KXETH15M-26APR281115-15"",""trade_id"":""293a6b74-4b2f-6470-22c4-64230634bdd4"",""yes_price_dollars"":""0.4400""}"
KXETH15M-26APR281115-15,1f18da4d-9c1c-46f3-55ed-0a1ccd54b422,1777388865,0.43,0.17,no,"{""count_fp"":""0.17"",""created_time"":""2026-04-28T15:07:45.086831Z"",""no_price_dollars"":""0.5700"",""taker_side"":""no"",""ticker"":""KXETH15M-26APR281115-15"",""trade_id"":""1f18da4d-9c1c-46f3-55ed-0a1ccd54b422"",""yes_price_dollars"":""0.4300""}"
KXETH15M-26APR281115-15,275868d4-d85c-64eb-73aa-3308a90bd036,1777388866,0.43,6.81,no,"{""count_fp"":""6.81"",""created_time"":""2026-04-28T15:07:46.276197Z"",""no_price_dollars"":""0.5700"",""taker_side"":""no"",""ticker"":""KXETH15M-26APR281115-15"",""trade_id"":""275868d4-d85c-64eb-73aa-3308a90bd036"",""yes_price_dollars"":""0.4300""}"
KXETH15M-26APR281115-15,e90a31b5-2b1f-45d6-2361-75fcbc30d3ba,1777388870,0.45,28.02,no,"{""count_fp"":""28.02"",""created_time"":""2026-04-28T15:07:50.354508Z"",""no_price_dollars"":""0.5500"",""taker_side"":""no"",""ticker"":""KXETH15M-26APR281115-15"",""trade_id"":""e90a31b5-2b1f-45d6-2361-75fcbc30d3ba"",""yes_price_dollars"":""0.4500""}"
KXETH15M-26APR281115-15,64e12af1-e000-4aef-3fb9-e2bf9bc54bd8,1777388876,0.45,3.52,no,"{""count_fp"":""3.52"",""created_time"":""2026-04-28T15:07:56.557031Z"",""no_price_dollars"":""0.5500"",""taker_side"":""no"",""ticker"":""KXETH15M-26APR281115-15"",""trade_id"":""64e12af1-e000-4aef-3fb9-e2bf9bc54bd8"",""yes_price_dollars"":""0.4500""}"
KXETH15M-26APR281115-15,ed015483-8626-4965-9469-f2ac4d289d50,1777388880,0.5,6.18,yes,"{""count_fp"":""6.18"",""created_time"":""2026-04-28T15:08:00.222102Z"",""no_price_dollars"":""0.5000"",""taker_side"":""yes"",""ticker"":""KXETH15M-26APR281115-15"",""trade_id"":""ed015483-8626-4965-9469-f2ac4d289d50"",""yes_price_dollars"":""0.5000""}"
KXETH15M-26APR281115-15,5b80b2cb-20b6-4acd-ade7-e9284b370b93,1777388880,0.49,10.0,yes,"{""count_fp"":""10.00"",""created_time"":""2026-04-28T15:08:00.222102Z"",""no_price_dollars"":""0.5100"",""taker_side"":""yes"",""ticker"":""KXETH15M-26APR281115-15"",""trade_id"":""5b80b2cb-20b6-4acd-ade7-e9284b370b93"",""yes_price_dollars"":""0.4900""}"
KXETH15M-26APR281115-15,86d13807-63c0-5c28-381b-fb80ad76f63b,1777388881,0.46,5.0,yes,"{""count_fp"":""5.00"",""created_time"":""2026-04-28T15:08:01.267579Z"",""no_price_dollars"":""0.5400"",""taker_side"":""yes"",""ticker"":""KXETH15M-26APR281115-15"",""trade_id"":""86d13807-63c0-5c28-381b-fb80ad76f63b"",""yes_price_dollars"":""0.4600""}"
KXETH15M-26APR281115-15,7daf03f2-c8df-704e-de24-40177cd565ca,1777388882,0.47,3.7,no,"{""count_fp"":""3.70"",""created_time"":""2026-04-28T15:08:02.268328Z"",""no_price_dollars"":""0.5300"",""taker_side"":""no"",""ticker"":""KXETH15M-26APR281115-15"",""trade_id"":""7daf03f2-c8df-704e-de24-40177cd565ca"",""yes_price_dollars"":""0.4700""}"
KXETH15M-26APR281115-15,5308470c-3561-6a34-a548-df9aac630616,1777388884,0.51,1.0,yes,"{""count_fp"":""1.00"",""created_time"":""2026-04-28T15:08:04.139964Z"",""no_price_dollars"":""0.4900"",""taker_side"":""yes"",""ticker"":""KXETH15M-26APR281115-15"",""trade_id"":""5308470c-3561-6a34-a548-df9aac630616"",""yes_price_dollars"":""0.5100""}"
KXETH15M-26APR281115-15,8f4dea17-ffd5-6eeb-957f-587dea645e7d,1777388885,0.46,3.0,no,"{""count_fp"":""3.00"",""created_time"":""2026-04-28T15:08:05.404132Z"",""no_price_dollars"":""0.5400"",""taker_side"":""no"",""ticker"":""KXETH15M-26APR281115-15"",""trade_id"":""8f4dea17-ffd5-6eeb-957f-587dea645e7d"",""yes_price_dollars"":""0.4600""}"
KXETH15M-26APR281115-15,667964b1-5cb0-75c4-28a4-b38854a6889a,1777388885,0.47,1.0,no,"{""count_fp"":""1.00"",""created_time"":""2026-04-28T15:08:05.028091Z"",""no_price_dollars"":""0.5300"",""taker_side"":""no"",""ticker"":""KXETH15M-26APR281115-15"",""trade_id"":""667964b1-5cb0-75c4-28a4-b38854a6889a"",""yes_price_dollars"":""0.4700""}"
KXETH15M-26APR281115-15,b050d595-d0ca-4058-8484-abf222230115,1777388889,0.52,10.0,yes,"{""count_fp"":""10.00"",""created_time"":""2026-04-28T15:08:09.606766Z"",""no_price_dollars"":""0.4800"",""taker_side"":""yes"",""ticker"":""KXETH15M-26APR281115-15"",""trade_id"":""b050d595-d0ca-4058-8484-abf222230115"",""yes_price_dollars"":""0.5200""}"
KXETH15M-26APR281115-15,84c1dd99-4784-4694-a676-ecc65f4c781a,1777388889,0.52,7.0,yes,"{""count_fp"":""7.00"",""created_time"":""2026-04-28T15:08:09.606766Z"",""no_price_dollars"":""0.4800"",""taker_side"":""yes"",""ticker"":""KXETH15M-26APR281115-15"",""trade_id"":""84c1dd99-4784-4694-a676-ecc65f4c781a"",""yes_price_dollars"":""0.5200""}"
KXETH15M-26APR281115-15,867e310a-900d-78b8-f93f-12b23b411df2,1777388889,0.51,0.17,no,"{""count_fp"":""0.17"",""created_time"":""2026-04-28T15:08:09.466946Z"",""no_price_dollars"":""0.4900"",""taker_side"":""no"",""ticker"":""KXETH15M-26APR281115-15"",""trade_id"":""867e310a-900d-78b8-f93f-12b23b411df2"",""yes_price_dollars"":""0.5100""}"
KXETH15M-26APR281115-15,7def2734-ae31-6890-1f4b-3dc456e4ca1e,1777388890,0.51,0.83,no,"{""count_fp"":""0.83"",""created_time"":""2026-04-28T15:08:10.676147Z"",""no_price_dollars"":""0.4900"",""taker_side"":""no"",""ticker"":""KXETH15M-26APR281115-15"",""trade_id"":""7def2734-ae31-6890-1f4b-3dc456e4ca1e"",""yes_price_dollars"":""0.5100""}"
KXETH15M-26APR281115-15,5c6cabd1-8ff7-606a-0134-eb3ea9d1d34e,1777388890,0.46,6.3,no,"{""count_fp"":""6.30"",""created_time"":""2026-04-28T15:08:10.676147Z"",""no_price_dollars"":""0.5400"",""taker_side"":""no"",""ticker"":""KXETH15M-26APR281115-15"",""trade_id"":""5c6cabd1-8ff7-606a-0134-eb3ea9d1d34e"",""yes_price_dollars"":""0.4600""}"
KXETH15M-26APR281115-15,d7ee092a-2d59-7ee6-c578-1cfae5d2fcc9,1777388906,0.47,1.0,no,"{""count_fp"":""1.00"",""created_time"":""2026-04-28T15:08:26.140933Z"",""no_price_dollars"":""0.5300"",""taker_side"":""no"",""ticker"":""KXETH15M-26APR281115-15"",""trade_id"":""d7ee092a-2d59-7ee6-c578-1cfae5d2fcc9"",""yes_price_dollars"":""0.4700""}"
KXETH15M-26APR281115-15,3a0f33bc-c62f-546a-ee2b-7152d5eecb82,1777388908,0.53,10.0,yes,"{""count_fp"":""10.00"",""created_time"":""2026-04-28T15:08:28.191204Z"",""no_price_dollars"":""0.4700"",""taker_side"":""yes"",""ticker"":""KXETH15M-26APR281115-15"",""trade_id"":""3a0f33bc-c62f-546a-ee2b-7152d5eecb82"",""yes_price_dollars"":""0.5300""}"
KXETH15M-26APR281115-15,114f16bc-8ad8-58be-f113-500a84643396,1777388908,0.53,8.0,yes,"{""count_fp"":""8.00"",""created_time"":""2026-04-28T15:08:28.191204Z"",""no_price_dollars"":""0.4700"",""taker_side"":""yes"",""ticker"":""KXETH15M-26APR281115-15"",""trade_id"":""114f16bc-8ad8-58be-f113-500a84643396"",""yes_price_dollars"":""0.5300""}"
KXETH15M-26APR281115-15,608e0bb2-206c-7f34-d734-12089f45a722,1777388910,0.53,0.91,yes,"{""count_fp"":""0.91"",""created_time"":""2026-04-28T15:08:30.113674Z"",""no_price_dollars"":""0.4700"",""taker_side"":""yes"",""ticker"":""KXETH15M-26APR281115-15"",""trade_id"":""608e0bb2-206c-7f34-d734-12089f45a722"",""yes_price_dollars"":""0.5300""}"
KXETH15M-26APR281115-15,da065188-88a8-6cc0-1dec-85ded2e434ff,1777388912,0.54,3.0,yes,"{""count_fp"":""3.00"",""created_time"":""2026-04-28T15:08:32.785792Z"",""no_price_dollars"":""0.4600"",""taker_side"":""yes"",""ticker"":""KXETH15M-26APR281115-15"",""trade_id"":""da065188-88a8-6cc0-1dec-85ded2e434ff"",""yes_price_dollars"":""0.5400""}"
KXETH15M-26APR281115-15,9603b26b-b05f-6aaa-c26e-238f88dc6f86,1777388917,0.59,4.47,no,"{""count_fp"":""4.47"",""created_time"":""2026-04-28T15:08:37.820656Z"",""no_price_dollars"":""0.4100"",""taker_side"":""no"",""ticker"":""KXETH15M-26APR281115-15"",""trade_id"":""9603b26b-b05f-6aaa-c26e-238f88dc6f86"",""yes_price_dollars"":""0.5900""}"
KXETH15M-26APR281115-15,6f79441c-eca3-426a-1759-9766c8f0e56e,1777388919,0.6,4.68,no,"{""count_fp"":""4.68"",""created_time"":""2026-04-28T15:08:39.960307Z"",""no_price_dollars"":""0.4000"",""taker_side"":""no"",""ticker"":""KXETH15M-26APR281115-15"",""trade_id"":""6f79441c-eca3-426a-1759-9766c8f0e56e"",""yes_price_dollars"":""0.6000""}"
KXETH15M-26APR281115-15,847f5f40-3c0e-446b-5864-8a874a66703f,1777388920,0.65,10.0,yes,"{""count_fp"":""10.00"",""created_time"":""2026-04-28T15:08:40.227643Z"",""no_price_dollars"":""0.3500"",""taker_side"":""yes"",""ticker"":""KXETH15M-26APR281115-15"",""trade_id"":""847f5f40-3c0e-446b-5864-8a874a66703f"",""yes_price_dollars"":""0.6500""}"
KXETH15M-26APR281115-15,bbbb4466-9f04-634f-13b7-87bbc5306364,1777388922,0.66,2.0,yes,"{""count_fp"":""2.00"",""created_time"":""2026-04-28T15:08:42.878599Z"",""no_price_dollars"":""0.3400"",""taker_side"":""yes"",""ticker"":""KXETH15M-26APR281115-15"",""trade_id"":""bbbb4466-9f04-634f-13b7-87bbc5306364"",""yes_price_dollars"":""0.6600""}"
KXETH15M-26APR281115-15,d7f16bad-3b78-78cb-3f12-d8bf6e300088,1777388923,0.66,42.0,yes,"{""count_fp"":""42.00"",""created_time"":""2026-04-28T15:08:43.133441Z"",""no_price_dollars"":""0.3400"",""taker_side"":""yes"",""ticker"":""KXETH15M-26APR281115-15"",""trade_id"":""d7f16bad-3b78-78cb-3f12-d8bf6e300088"",""yes_price_dollars"":""0.6600""}"
KXETH15M-26APR281115-15,5335a4cc-87f7-7242-e80c-231b3c151f5e,1777388923,0.64,1.0,no,"{""count_fp"":""1.00"",""created_time"":""2026-04-28T15:08:43.081001Z"",""no_price_dollars"":""0.3600"",""taker_side"":""no"",""ticker"":""KXETH15M-26APR281115-15"",""trade_id"":""5335a4cc-87f7-7242-e80c-231b3c151f5e"",""yes_price_dollars"":""0.6400""}"
KXETH15M-26APR281115-15,b3bb2b68-c8c7-4837-64c3-7323f7286b13,1777388924,0.68,0.06,yes,"{""count_fp"":""0.06"",""created_time"":""2026-04-28T15:08:44.780374Z"",""no_price_dollars"":""0.3200"",""taker_side"":""yes"",""ticker"":""KXETH15M-26APR281115-15"",""trade_id"":""b3bb2b68-c8c7-4837-64c3-7323f7286b13"",""yes_price_dollars"":""0.6800""}"
KXETH15M-26APR281115-15,be21df45-364f-54b6-5baa-c63cb50db4e5,1777388924,0.66,5.0,yes,"{""count_fp"":""5.00"",""created_time"":""2026-04-28T15:08:44.744556Z"",""no_price_dollars"":""0.3400"",""taker_side"":""yes"",""ticker"":""KXETH15M-26APR281115-15"",""trade_id"":""be21df45-364f-54b6-5baa-c63cb50db4e5"",""yes_price_dollars"":""0.6600""}"
KXETH15M-26APR281115-15,4f94eec6-52c7-7ede-9cb0-948068d7595e,1777388924,0.65,1.0,no,"{""count_fp"":""1.00"",""created_time"":""2026-04-28T15:08:44.548969Z"",""no_price_dollars"":""0.3500"",""taker_side"":""no"",""ticker"":""KXETH15M-26APR281115-15"",""trade_id"":""4f94eec6-52c7-7ede-9cb0-948068d7595e"",""yes_price_dollars"":""0.6500""}"
KXETH15M-26APR281115-15,b1297960-4159-479d-6605-d77d8472e3b5,1777388925,0.71,10.0,yes,"{""count_fp"":""10.00"",""created_time"":""2026-04-28T15:08:45.557866Z"",""no_price_dollars"":""0.2900"",""taker_side"":""yes"",""ticker"":""KXETH15M-26APR281115-15"",""trade_id"":""b1297960-4159-479d-6605-d77d8472e3b5"",""yes_price_dollars"":""0.7100""}"
KXETH15M-26APR281115-15,266d65e7-9eb7-4fea-03de-1424543e24ce,1777388928,0.69,1.0,no,"{""count_fp"":""1.00"",""created_time"":""2026-04-28T15:08:48.959701Z"",""no_price_dollars"":""0.3100"",""taker_side"":""no"",""ticker"":""KXETH15M-26APR281115-15"",""trade_id"":""266d65e7-9eb7-4fea-03de-1424543e24ce"",""yes_price_dollars"":""0.6900""}"
KXETH15M-26APR281115-15,7f16a5c3-d7b7-5f28-1407-9d6f28898a6b,1777388929,0.72,5.0,yes,"{""count_fp"":""5.00"",""created_time"":""2026-04-28T15:08:49.687604Z"",""no_price_dollars"":""0.2800"",""taker_side"":""yes"",""ticker"":""KXETH15M-26APR281115-15"",""trade_id"":""7f16a5c3-d7b7-5f28-1407-9d6f28898a6b"",""yes_price_dollars"":""0.7200""}"
KXETH15M-26APR281115-15,8e24c258-fea8-47b6-3913-3585674eea9a,1777388932,0.74,1.0,yes,"{""count_fp"":""1.00"",""created_time"":""2026-04-28T15:08:52.820077Z"",""no_price_dollars"":""0.2600"",""taker_side"":""yes"",""ticker"":""KXETH15M-26APR281115-15"",""trade_id"":""8e24c258-fea8-47b6-3913-3585674eea9a"",""yes_price_dollars"":""0.7400""}"
KXETH15M-26APR281115-15,d60621d7-4d2f-5ee7-c9b5-4a7eb65ac999,1777388933,0.75,10.0,yes,"{""count_fp"":""10.00"",""created_time"":""2026-04-28T15:08:53.172696Z"",""no_price_dollars"":""0.2500"",""taker_side"":""yes"",""ticker"":""KXETH15M-26APR281115-15"",""trade_id"":""d60621d7-4d2f-5ee7-c9b5-4a7eb65ac999"",""yes_price_dollars"":""0.7500""}"
KXETH15M-26APR281115-15,432be161-215f-516c-e703-f8fe1e1b417d,1777388933,0.77,2.0,yes,"{""count_fp"":""2.00"",""created_time"":""2026-04-28T15:08:53.172696Z"",""no_price_dollars"":""0.2300"",""taker_side"":""yes"",""ticker"":""KXETH15M-26APR281115-15"",""trade_id"":""432be161-215f-516c-e703-f8fe1e1b417d"",""yes_price_dollars"":""0.7700""}"
KXETH15M-26APR281115-15,57783c83-f98a-4214-cc70-39bf03ae1abf,1777388939,0.71,10.0,yes,"{""count_fp"":""10.00"",""created_time"":""2026-04-28T15:08:59.742224Z"",""no_price_dollars"":""0.2900"",""taker_side"":""yes"",""ticker"":""KXETH15M-26APR281115-15"",""trade_id"":""57783c83-f98a-4214-cc70-39bf03ae1abf"",""yes_price_dollars"":""0.7100""}"
KXETH15M-26APR281115-15,020204c9-b9a4-418c-c1d6-1fddb74ab23e,1777388939,0.72,9.87,yes,"{""count_fp"":""9.87"",""created_time"":""2026-04-28T15:08:59.742224Z"",""no_price_dollars"":""0.2800"",""taker_side"":""yes"",""ticker"":""KXETH15M-26APR281115-15"",""trade_id"":""020204c9-b9a4-418c-c1d6-1fddb74ab23e"",""yes_price_dollars"":""0.7200""}"
KXETH15M-26APR281115-15,ac915e51-c775-67b0-4e6f-599ca4f8372f,1777388942,0.71,6.15,no,"{""count_fp"":""6.15"",""created_time"":""2026-04-28T15:09:02.249619Z"",""no_price_dollars"":""0.2900"",""taker_side"":""no"",""ticker"":""KXETH15M-26APR281115-15"",""trade_id"":""ac915e51-c775-67b0-4e6f-599ca4f8372f"",""yes_price_dollars"":""0.7100""}"
KXETH15M-26APR281115-15,d8cd6d6d-9a44-6ad0-b2cc-ec7ab2f2103e,1777388943,0.75,12.94,yes,"{""count_fp"":""12.94"",""created_time"":""2026-04-28T15:09:03.041683Z"",""no_price_dollars"":""0.2500"",""taker_side"":""yes"",""ticker"":""KXETH15M-26APR281115-15"",""trade_id"":""d8cd6d6d-9a44-6ad0-b2cc-ec7ab2f2103e"",""yes_price_dollars"":""0.7500""}"
KXETH15M-26APR281115-15,1b267406-3e84-5af8-f13a-20709c75fa7a,1777388944,0.71,6.0,yes,"{""count_fp"":""6.00"",""created_time"":""2026-04-28T15:09:04.636898Z"",""no_price_dollars"":""0.2900"",""taker_side"":""yes"",""ticker"":""KXETH15M-26APR281115-15"",""trade_id"":""1b267406-3e84-5af8-f13a-20709c75fa7a"",""yes_price_dollars"":""0.7100""}"
KXETH15M-26APR281115-15,f8ed4b8c-c104-6460-d7a6-29243f1972b6,1777388944,0.71,2.0,yes,"{""count_fp"":""2.00"",""created_time"":""2026-04-28T15:09:04.633802Z"",""no_price_dollars"":""0.2900"",""taker_side"":""yes"",""ticker"":""KXETH15M-26APR281115-15"",""trade_id"":""f8ed4b8c-c104-6460-d7a6-29243f1972b6"",""yes_price_dollars"":""0.7100""}"
KXETH15M-26APR281115-15,d729bbaf-d184-551c-a9cf-4c27147e0902,1777388946,0.7,3.7,yes,"{""count_fp"":""3.70"",""created_time"":""2026-04-28T15:09:06.757991Z"",""no_price_dollars"":""0.3000"",""taker_side"":""yes"",""ticker"":""KXETH15M-26APR281115-15"",""trade_id"":""d729bbaf-d184-551c-a9cf-4c27147e0902"",""yes_price_dollars"":""0.7000""}"
KXETH15M-26APR281115-15,5c93527a-4f1e-55de-5fa1-9303998713eb,1777388950,0.7,24.51,yes,"{""count_fp"":""24.51"",""created_time"":""2026-04-28T15:09:10.887512Z"",""no_price_dollars"":""0.3000"",""taker_side"":""yes"",""ticker"":""KXETH15M-26APR281115-15"",""trade_id"":""5c93527a-4f1e-55de-5fa1-9303998713eb"",""yes_price_dollars"":""0.7000""}"
KXETH15M-26APR281115-15,5347ffaf-4db6-6046-a584-bb237f64d4d3,1777388952,0.7,1.0,yes,"{""count_fp"":""1.00"",""created_time"":""2026-04-28T15:09:12.881396Z"",""no_price_dollars"":""0.3000"",""taker_side"":""yes"",""ticker"":""KXETH15M-26APR281115-15"",""trade_id"":""5347ffaf-4db6-6046-a584-bb237f64d4d3"",""yes_price_dollars"":""0.7000""}"
KXETH15M-26APR281115-15,009f1613-2e59-439f-f56f-dd4681a21c18,1777388954,0.69,2.0,no,"{""count_fp"":""2.00"",""created_time"":""2026-04-28T15:09:14.922543Z"",""no_price_dollars"":""0.3100"",""taker_side"":""no"",""ticker"":""KXETH15M-26APR281115-15"",""trade_id"":""009f1613-2e59-439f-f56f-dd4681a21c18"",""yes_price_dollars"":""0.6900""}"
KXETH15M-26APR281115-15,f5fe98ba-b22d-6194-0c15-1f902b6aa269,1777388956,0.63,1.0,no,"{""count_fp"":""1.00"",""created_time"":""2026-04-28T15:09:16.098764Z"",""no_price_dollars"":""0.3700"",""taker_side"":""no"",""ticker"":""KXETH15M-26APR281115-15"",""trade_id"":""f5fe98ba-b22d-6194-0c15-1f902b6aa269"",""yes_price_dollars"":""0.6300""}"
KXETH15M-26APR281115-15,c0dc70ee-9e77-6385-05b2-4e50c754d961,1777388956,0.63,10.0,no,"{""count_fp"":""10.00"",""created_time"":""2026-04-28T15:09:16.098764Z"",""no_price_dollars"":""0.3700"",""taker_side"":""no"",""ticker"":""KXETH15M-26APR281115-15"",""trade_id"":""c0dc70ee-9e77-6385-05b2-4e50c754d961"",""yes_price_dollars"":""0.6300""}"
KXETH15M-26APR281115-15,c02ed3f1-1f79-6a6b-19b8-dd5200894dd5,1777388956,0.63,10.0,no,"{""count_fp"":""10.00"",""created_time"":""2026-04-28T15:09:16.098764Z"",""no_price_dollars"":""0.3700"",""taker_side"":""no"",""ticker"":""KXETH15M-26APR281115-15"",""trade_id"":""c02ed3f1-1f79-6a6b-19b8-dd5200894dd5"",""yes_price_dollars"":""0.6300""}"
KXETH15M-26APR281115-15,5dff7962-a720-6897-33ac-1013d61b1c9e,1777388956,0.63,27.0,no,"{""count_fp"":""27.00"",""created_time"":""2026-04-28T15:09:16.098764Z"",""no_price_dollars"":""0.3700"",""taker_side"":""no"",""ticker"":""KXETH15M-26APR281115-15"",""trade_id"":""5dff7962-a720-6897-33ac-1013d61b1c9e"",""yes_price_dollars"":""0.6300""}"
KXETH15M-26APR281115-15,54874a0a-c7fb-66fd-0d7e-09d548eb7bdf,1777388956,0.61,65.54,no,"{""count_fp"":""65.54"",""created_time"":""2026-04-28T15:09:16.098764Z"",""no_price_dollars"":""0.3900"",""taker_side"":""no"",""ticker"":""KXETH15M-26APR281115-15"",""trade_id"":""54874a0a-c7fb-66fd-0d7e-09d548eb7bdf"",""yes_price_dollars"":""0.6100""}"
KXETH15M-26APR281115-15,124c768e-4885-6b83-3173-786a3b9bcb3f,1777388956,0.63,10.0,no,"{""count_fp"":""10.00"",""created_time"":""2026-04-28T15:09:16.098764Z"",""no_price_dollars"":""0.3700"",""taker_side"":""no"",""ticker"":""KXETH15M-26APR281115-15"",""trade_id"":""124c768e-4885-6b83-3173-786a3b9bcb3f"",""yes_price_dollars"":""0.6300""}"
KXETH15M-26APR281115-15,ee33c22d-4420-7534-cb19-284acf271a6a,1777388958,0.66,1.0,yes,"{""count_fp"":""1.00"",""created_time"":""2026-04-28T15:09:18.556407Z"",""no_price_dollars"":""0.3400"",""taker_side"":""yes"",""ticker"":""KXETH15M-26APR281115-15"",""trade_id"":""ee33c22d-4420-7534-cb19-284acf271a6a"",""yes_price_dollars"":""0.6600""}"
KXETH15M-26APR281115-15,f1428356-3d8e-71b2-cb94-bbe998c7e3df,1777388960,0.67,1.47,yes,"{""count_fp"":""1.47"",""created_time"":""2026-04-28T15:09:20.375358Z"",""no_price_dollars"":""0.3300"",""taker_side"":""yes"",""ticker"":""KXETH15M-26APR281115-15"",""trade_id"":""f1428356-3d8e-71b2-cb94-bbe998c7e3df"",""yes_price_dollars"":""0.6700""}"
KXETH15M-26APR281115-15,1ce641b2-7304-4040-e89a-964216f371a0,1777388962,0.67,4.25,yes,"{""count_fp"":""4.25"",""created_time"":""2026-04-28T15:09:22.664724Z"",""no_price_dollars"":""0.3300"",""taker_side"":""yes"",""ticker"":""KXETH15M-26APR281115-15"",""trade_id"":""1ce641b2-7304-4040-e89a-964216f371a0"",""yes_price_dollars"":""0.6700""}"
KXETH15M-26APR281115-15,a54377e6-06d0-59b6-aa33-94cccf7b54de,1777388963,0.67,1.0,yes,"{""count_fp"":""1.00"",""created_time"":""2026-04-28T15:09:23.969179Z"",""no_price_dollars"":""0.3300"",""taker_side"":""yes"",""ticker"":""KXETH15M-26APR281115-15"",""trade_id"":""a54377e6-06d0-59b6-aa33-94cccf7b54de"",""yes_price_dollars"":""0.6700""}"
