ticker,trade_id,ts,yes_price,count,taker_side,raw_json
KXETH15M-26APR281400-00,3c813fab-f352-69cd-f498-5bf23299b217,1777398307,0.48,66.0,no,"{""count_fp"":""66.00"",""created_time"":""2026-04-28T17:45:07.682132Z"",""no_price_dollars"":""0.5200"",""taker_side"":""no"",""ticker"":""KXETH15M-26APR281400-00"",""trade_id"":""3c813fab-f352-69cd-f498-5bf23299b217"",""yes_price_dollars"":""0.4800""}"
KXETH15M-26APR281400-00,f66b11b4-1040-655f-0f58-4b5014c80e38,1777398314,0.53,2.0,no,"{""count_fp"":""2.00"",""created_time"":""2026-04-28T17:45:14.118348Z"",""no_price_dollars"":""0.4700"",""taker_side"":""no"",""ticker"":""KXETH15M-26APR281400-00"",""trade_id"":""f66b11b4-1040-655f-0f58-4b5014c80e38"",""yes_price_dollars"":""0.5300""}"
KXETH15M-26APR281400-00,a171af97-452a-69b9-67ec-6498248c5402,1777398316,0.54,3.0,no,"{""count_fp"":""3.00"",""created_time"":""2026-04-28T17:45:16.028352Z"",""no_price_dollars"":""0.4600"",""taker_side"":""no"",""ticker"":""KXETH15M-26APR281400-00"",""trade_id"":""a171af97-452a-69b9-67ec-6498248c5402"",""yes_price_dollars"":""0.5400""}"
KXETH15M-26APR281400-00,eee51d6a-140a-6621-9e7a-dc8b85ae44ec,1777398317,0.54,6.0,no,"{""count_fp"":""6.00"",""created_time"":""2026-04-28T17:45:17.467216Z"",""no_price_dollars"":""0.4600"",""taker_side"":""no"",""ticker"":""KXETH15M-26APR281400-00"",""trade_id"":""eee51d6a-140a-6621-9e7a-dc8b85ae44ec"",""yes_price_dollars"":""0.5400""}"
KXETH15M-26APR281400-00,43a553c0-501d-6116-b194-13feb97a0890,1777398317,0.55,10.0,no,"{""count_fp"":""10.00"",""created_time"":""2026-04-28T17:45:17.467216Z"",""no_price_dollars"":""0.4500"",""taker_side"":""no"",""ticker"":""KXETH15M-26APR281400-00"",""trade_id"":""43a553c0-501d-6116-b194-13feb97a0890"",""yes_price_dollars"":""0.5500""}"
KXETH15M-26APR281400-00,8b71e10f-0ca6-45bd-6747-ef2c24bcb677,1777398318,0.55,31.42,no,"{""count_fp"":""31.42"",""created_time"":""2026-04-28T17:45:18.966812Z"",""no_price_dollars"":""0.4500"",""taker_side"":""no"",""ticker"":""KXETH15M-26APR281400-00"",""trade_id"":""8b71e10f-0ca6-45bd-6747-ef2c24bcb677"",""yes_price_dollars"":""0.5500""}"
KXETH15M-26APR281400-00,b4a23843-b74f-7f59-8098-6156fe6819b9,1777398322,0.57,17.0,no,"{""count_fp"":""17.00"",""created_time"":""2026-04-28T17:45:22.573592Z"",""no_price_dollars"":""0.4300"",""taker_side"":""no"",""ticker"":""KXETH15M-26APR281400-00"",""trade_id"":""b4a23843-b74f-7f59-8098-6156fe6819b9"",""yes_price_dollars"":""0.5700""}"
KXETH15M-26APR281400-00,086da309-1732-769f-a5e3-d4db7ce74685,1777398323,0.52,20.0,no,"{""count_fp"":""20.00"",""created_time"":""2026-04-28T17:45:23.953194Z"",""no_price_dollars"":""0.4800"",""taker_side"":""no"",""ticker"":""KXETH15M-26APR281400-00"",""trade_id"":""086da309-1732-769f-a5e3-d4db7ce74685"",""yes_price_dollars"":""0.5200""}"
KXETH15M-26APR281400-00,b43becc0-9ea5-781a-98a5-c29c74baeb25,1777398323,0.55,10.0,no,"{""count_fp"":""10.00"",""created_time"":""2026-04-28T17:45:23.907959Z"",""no_price_dollars"":""0.4500"",""taker_side"":""no"",""ticker"":""KXETH15M-26APR281400-00"",""trade_id"":""b43becc0-9ea5-781a-98a5-c29c74baeb25"",""yes_price_dollars"":""0.5500""}"
KXETH15M-26APR281400-00,3af701b6-a87d-5d8f-210d-24c503fe4f32,1777398323,0.56,100.0,no,"{""count_fp"":""100.00"",""created_time"":""2026-04-28T17:45:23.882718Z"",""no_price_dollars"":""0.4400"",""taker_side"":""no"",""ticker"":""KXETH15M-26APR281400-00"",""trade_id"":""3af701b6-a87d-5d8f-210d-24c503fe4f32"",""yes_price_dollars"":""0.5600""}"
KXETH15M-26APR281400-00,04cdbfe8-ed3f-59f9-152f-e2a53baa93f5,1777398323,0.56,3.0,no,"{""count_fp"":""3.00"",""created_time"":""2026-04-28T17:45:23.882718Z"",""no_price_dollars"":""0.4400"",""taker_side"":""no"",""ticker"":""KXETH15M-26APR281400-00"",""trade_id"":""04cdbfe8-ed3f-59f9-152f-e2a53baa93f5"",""yes_price_dollars"":""0.5600""}"
KXETH15M-26APR281400-00,d5af1d59-3916-4d4f-11eb-133cd01cd3d8,1777398323,0.62,4.06,yes,"{""count_fp"":""4.06"",""created_time"":""2026-04-28T17:45:23.765287Z"",""no_price_dollars"":""0.3800"",""taker_side"":""yes"",""ticker"":""KXETH15M-26APR281400-00"",""trade_id"":""d5af1d59-3916-4d4f-11eb-133cd01cd3d8"",""yes_price_dollars"":""0.6200""}"
KXETH15M-26APR281400-00,1c7fb8a2-6378-4472-3ab4-17c276f94730,1777398323,0.6,12.0,yes,"{""count_fp"":""12.00"",""created_time"":""2026-04-28T17:45:23.765287Z"",""no_price_dollars"":""0.4000"",""taker_side"":""yes"",""ticker"":""KXETH15M-26APR281400-00"",""trade_id"":""1c7fb8a2-6378-4472-3ab4-17c276f94730"",""yes_price_dollars"":""0.6000""}"
KXETH15M-26APR281400-00,1be8c63e-e011-5e81-2e8c-f2f06ac0b9fd,1777398327,0.46,10.0,no,"{""count_fp"":""10.00"",""created_time"":""2026-04-28T17:45:27.323611Z"",""no_price_dollars"":""0.5400"",""taker_side"":""no"",""ticker"":""KXETH15M-26APR281400-00"",""trade_id"":""1be8c63e-e011-5e81-2e8c-f2f06ac0b9fd"",""yes_price_dollars"":""0.4600""}"
KXETH15M-26APR281400-00,32fe4751-5b21-6d92-2445-12a814ad05fe,1777398327,0.5,1.0,no,"{""count_fp"":""1.00"",""created_time"":""2026-04-28T17:45:27.314494Z"",""no_price_dollars"":""0.5000"",""taker_side"":""no"",""ticker"":""KXETH15M-26APR281400-00"",""trade_id"":""32fe4751-5b21-6d92-2445-12a814ad05fe"",""yes_price_dollars"":""0.5000""}"
KXETH15M-26APR281400-00,2fffcaf7-aa16-7ced-7430-0ea7a1960031,1777398333,0.47,4.0,no,"{""count_fp"":""4.00"",""created_time"":""2026-04-28T17:45:33.489859Z"",""no_price_dollars"":""0.5300"",""taker_side"":""no"",""ticker"":""KXETH15M-26APR281400-00"",""trade_id"":""2fffcaf7-aa16-7ced-7430-0ea7a1960031"",""yes_price_dollars"":""0.4700""}"
KXETH15M-26APR281400-00,9f1dd3c3-ec2b-5c3c-1211-97046a2e0a03,1777398334,0.48,3.65,no,"{""count_fp"":""3.65"",""created_time"":""2026-04-28T17:45:34.361789Z"",""no_price_dollars"":""0.5200"",""taker_side"":""no"",""ticker"":""KXETH15M-26APR281400-00"",""trade_id"":""9f1dd3c3-ec2b-5c3c-1211-97046a2e0a03"",""yes_price_dollars"":""0.4800""}"
KXETH15M-26APR281400-00,b8aa63d2-3f01-58f6-55e6-cd35d59c12d5,1777398335,0.48,22.35,no,"{""count_fp"":""22.35"",""created_time"":""2026-04-28T17:45:35.459269Z"",""no_price_dollars"":""0.5200"",""taker_side"":""no"",""ticker"":""KXETH15M-26APR281400-00"",""trade_id"":""b8aa63d2-3f01-58f6-55e6-cd35d59c12d5"",""yes_price_dollars"":""0.4800""}"
KXETH15M-26APR281400-00,78b3c01f-22a1-5f32-17c9-c705ae67b089,1777398336,0.48,9.0,no,"{""count_fp"":""9.00"",""created_time"":""2026-04-28T17:45:36.065145Z"",""no_price_dollars"":""0.5200"",""taker_side"":""no"",""ticker"":""KXETH15M-26APR281400-00"",""trade_id"":""78b3c01f-22a1-5f32-17c9-c705ae67b089"",""yes_price_dollars"":""0.4800""}"
KXETH15M-26APR281400-00,9efafd10-52fb-6f1d-d629-012fcdcac315,1777398344,0.49,1.0,yes,"{""count_fp"":""1.00"",""created_time"":""2026-04-28T17:45:44.817417Z"",""no_price_dollars"":""0.5100"",""taker_side"":""yes"",""ticker"":""KXETH15M-26APR281400-00"",""trade_id"":""9efafd10-52fb-6f1d-d629-012fcdcac315"",""yes_price_dollars"":""0.4900""}"
KXETH15M-26APR281400-00,30951d9e-3f26-63d0-da25-86800f4d4598,1777398344,0.49,2.0,yes,"{""count_fp"":""2.00"",""created_time"":""2026-04-28T17:45:44.817417Z"",""no_price_dollars"":""0.5100"",""taker_side"":""yes"",""ticker"":""KXETH15M-26APR281400-00"",""trade_id"":""30951d9e-3f26-63d0-da25-86800f4d4598"",""yes_price_dollars"":""0.4900""}"
KXETH15M-26APR281400-00,29f88aa5-b0e0-6a9a-c93b-23dd9dee25b9,1777398344,0.54,13.9,yes,"{""count_fp"":""13.90"",""created_time"":""2026-04-28T17:45:44.817417Z"",""no_price_dollars"":""0.4600"",""taker_side"":""yes"",""ticker"":""KXETH15M-26APR281400-00"",""trade_id"":""29f88aa5-b0e0-6a9a-c93b-23dd9dee25b9"",""yes_price_dollars"":""0.5400""}"
KXETH15M-26APR281400-00,19cc4b7f-965e-6ea3-d1d1-074be1d65f48,1777398344,0.53,10.0,yes,"{""count_fp"":""10.00"",""created_time"":""2026-04-28T17:45:44.817417Z"",""no_price_dollars"":""0.4700"",""taker_side"":""yes"",""ticker"":""KXETH15M-26APR281400-00"",""trade_id"":""19cc4b7f-965e-6ea3-d1d1-074be1d65f48"",""yes_price_dollars"":""0.5300""}"
KXETH15M-26APR281400-00,c4786aba-f829-7df2-93ce-b5095d5e05c5,1777398345,0.48,83.02,no,"{""count_fp"":""83.02"",""created_time"":""2026-04-28T17:45:45.368582Z"",""no_price_dollars"":""0.5200"",""taker_side"":""no"",""ticker"":""KXETH15M-26APR281400-00"",""trade_id"":""c4786aba-f829-7df2-93ce-b5095d5e05c5"",""yes_price_dollars"":""0.4800""}"
KXETH15M-26APR281400-00,a1ee0bd5-abe3-7134-9132-95fb9a395917,1777398345,0.48,10.0,no,"{""count_fp"":""10.00"",""created_time"":""2026-04-28T17:45:45.368582Z"",""no_price_dollars"":""0.5200"",""taker_side"":""no"",""ticker"":""KXETH15M-26APR281400-00"",""trade_id"":""a1ee0bd5-abe3-7134-9132-95fb9a395917"",""yes_price_dollars"":""0.4800""}"
KXETH15M-26APR281400-00,0eb4672c-47f6-7ca4-574c-276b064fb891,1777398346,0.51,1.0,no,"{""count_fp"":""1.00"",""created_time"":""2026-04-28T17:45:46.774925Z"",""no_price_dollars"":""0.4900"",""taker_side"":""no"",""ticker"":""KXETH15M-26APR281400-00"",""trade_id"":""0eb4672c-47f6-7ca4-574c-276b064fb891"",""yes_price_dollars"":""0.5100""}"
KXETH15M-26APR281400-00,4d3f93ef-039c-67ca-cf49-851f5671bb92,1777398349,0.51,1.0,yes,"{""count_fp"":""1.00"",""created_time"":""2026-04-28T17:45:49.621835Z"",""no_price_dollars"":""0.4900"",""taker_side"":""yes"",""ticker"":""KXETH15M-26APR281400-00"",""trade_id"":""4d3f93ef-039c-67ca-cf49-851f5671bb92"",""yes_price_dollars"":""0.5100""}"
KXETH15M-26APR281400-00,c65d83de-8b70-5966-9a73-1f294df8b262,1777398351,0.51,3.79,yes,"{""count_fp"":""3.79"",""created_time"":""2026-04-28T17:45:51.315011Z"",""no_price_dollars"":""0.4900"",""taker_side"":""yes"",""ticker"":""KXETH15M-26APR281400-00"",""trade_id"":""c65d83de-8b70-5966-9a73-1f294df8b262"",""yes_price_dollars"":""0.5100""}"
KXETH15M-26APR281400-00,baa6cdf2-7b1c-49fa-0ed8-649be828f144,1777398360,0.57,10.0,yes,"{""count_fp"":""10.00"",""created_time"":""2026-04-28T17:46:00.999477Z"",""no_price_dollars"":""0.4300"",""taker_side"":""yes"",""ticker"":""KXETH15M-26APR281400-00"",""trade_id"":""baa6cdf2-7b1c-49fa-0ed8-649be828f144"",""yes_price_dollars"":""0.5700""}"
KXETH15M-26APR281400-00,98f37e8c-980c-43c6-1ff8-cded3c97b301,1777398360,0.56,1.0,yes,"{""count_fp"":""1.00"",""created_time"":""2026-04-28T17:46:00.999477Z"",""no_price_dollars"":""0.4400"",""taker_side"":""yes"",""ticker"":""KXETH15M-26APR281400-00"",""trade_id"":""98f37e8c-980c-43c6-1ff8-cded3c97b301"",""yes_price_dollars"":""0.5600""}"
KXETH15M-26APR281400-00,8f2fa309-b06d-43c2-33c9-ba0bd1283a42,1777398360,0.57,1.0,yes,"{""count_fp"":""1.00"",""created_time"":""2026-04-28T17:46:00.999477Z"",""no_price_dollars"":""0.4300"",""taker_side"":""yes"",""ticker"":""KXETH15M-26APR281400-00"",""trade_id"":""8f2fa309-b06d-43c2-33c9-ba0bd1283a42"",""yes_price_dollars"":""0.5700""}"
KXETH15M-26APR281400-00,6b377a98-0865-4fa5-2b16-dea788e7b130,1777398360,0.56,1.0,yes,"{""count_fp"":""1.00"",""created_time"":""2026-04-28T17:46:00.999477Z"",""no_price_dollars"":""0.4400"",""taker_side"":""yes"",""ticker"":""KXETH15M-26APR281400-00"",""trade_id"":""6b377a98-0865-4fa5-2b16-dea788e7b130"",""yes_price_dollars"":""0.5600""}"
KXETH15M-26APR281400-00,1fd2a3f3-4e34-4062-1e9f-5ffd8fd98449,1777398360,0.58,2.79,yes,"{""count_fp"":""2.79"",""created_time"":""2026-04-28T17:46:00.999477Z"",""no_price_dollars"":""0.4200"",""taker_side"":""yes"",""ticker"":""KXETH15M-26APR281400-00"",""trade_id"":""1fd2a3f3-4e34-4062-1e9f-5ffd8fd98449"",""yes_price_dollars"":""0.5800""}"
KXETH15M-26APR281400-00,010cc645-4458-474e-185c-2d15ba50c5ea,1777398360,0.51,0.21,yes,"{""count_fp"":""0.21"",""created_time"":""2026-04-28T17:46:00.999477Z"",""no_price_dollars"":""0.4900"",""taker_side"":""yes"",""ticker"":""KXETH15M-26APR281400-00"",""trade_id"":""010cc645-4458-474e-185c-2d15ba50c5ea"",""yes_price_dollars"":""0.5100""}"
KXETH15M-26APR281400-00,39b06623-fdbc-6aae-3f1a-4ba91b2a20da,1777398360,0.51,17.0,yes,"{""count_fp"":""17.00"",""created_time"":""2026-04-28T17:46:00.431887Z"",""no_price_dollars"":""0.4900"",""taker_side"":""yes"",""ticker"":""KXETH15M-26APR281400-00"",""trade_id"":""39b06623-fdbc-6aae-3f1a-4ba91b2a20da"",""yes_price_dollars"":""0.5100""}"
KXETH15M-26APR281400-00,e1f1e213-5e38-5193-42a3-b8984cd5924d,1777398360,0.5,29.0,no,"{""count_fp"":""29.00"",""created_time"":""2026-04-28T17:46:00.410227Z"",""no_price_dollars"":""0.5000"",""taker_side"":""no"",""ticker"":""KXETH15M-26APR281400-00"",""trade_id"":""e1f1e213-5e38-5193-42a3-b8984cd5924d"",""yes_price_dollars"":""0.5000""}"
KXETH15M-26APR281400-00,d3dc5194-36c2-5c8b-7336-9d5beb729066,1777398360,0.5,1.0,no,"{""count_fp"":""1.00"",""created_time"":""2026-04-28T17:46:00.410227Z"",""no_price_dollars"":""0.5000"",""taker_side"":""no"",""ticker"":""KXETH15M-26APR281400-00"",""trade_id"":""d3dc5194-36c2-5c8b-7336-9d5beb729066"",""yes_price_dollars"":""0.5000""}"
KXETH15M-26APR281400-00,3cfa7336-1ae5-5486-4b5e-aeedbca17f2e,1777398360,0.5,10.0,no,"{""count_fp"":""10.00"",""created_time"":""2026-04-28T17:46:00.410227Z"",""no_price_dollars"":""0.5000"",""taker_side"":""no"",""ticker"":""KXETH15M-26APR281400-00"",""trade_id"":""3cfa7336-1ae5-5486-4b5e-aeedbca17f2e"",""yes_price_dollars"":""0.5000""}"
KXETH15M-26APR281400-00,726bff6b-e5d4-7464-8fd7-efdfb2316fe5,1777398365,0.53,1.0,no,"{""count_fp"":""1.00"",""created_time"":""2026-04-28T17:46:05.724914Z"",""no_price_dollars"":""0.4700"",""taker_side"":""no"",""ticker"":""KXETH15M-26APR281400-00"",""trade_id"":""726bff6b-e5d4-7464-8fd7-efdfb2316fe5"",""yes_price_dollars"":""0.5300""}"
KXETH15M-26APR281400-00,a9637dab-9a0e-7969-f0b5-89bbf75c0cda,1777398366,0.53,1.02,no,"{""count_fp"":""1.02"",""created_time"":""2026-04-28T17:46:06.486986Z"",""no_price_dollars"":""0.4700"",""taker_side"":""no"",""ticker"":""KXETH15M-26APR281400-00"",""trade_id"":""a9637dab-9a0e-7969-f0b5-89bbf75c0cda"",""yes_price_dollars"":""0.5300""}"
KXETH15M-26APR281400-00,fb538b02-0080-58b7-39d9-0b9a0634c71d,1777398370,0.57,2.0,no,"{""count_fp"":""2.00"",""created_time"":""2026-04-28T17:46:10.434365Z"",""no_price_dollars"":""0.4300"",""taker_side"":""no"",""ticker"":""KXETH15M-26APR281400-00"",""trade_id"":""fb538b02-0080-58b7-39d9-0b9a0634c71d"",""yes_price_dollars"":""0.5700""}"
KXETH15M-26APR281400-00,7c575612-b482-55de-01a9-1a48f5800c5f,1777398370,0.57,1.0,no,"{""count_fp"":""1.00"",""created_time"":""2026-04-28T17:46:10.434365Z"",""no_price_dollars"":""0.4300"",""taker_side"":""no"",""ticker"":""KXETH15M-26APR281400-00"",""trade_id"":""7c575612-b482-55de-01a9-1a48f5800c5f"",""yes_price_dollars"":""0.5700""}"
KXETH15M-26APR281400-00,fd43e67f-d97c-6fa6-8d36-1938c7af5611,1777398389,0.57,25.17,yes,"{""count_fp"":""25.17"",""created_time"":""2026-04-28T17:46:29.487916Z"",""no_price_dollars"":""0.4300"",""taker_side"":""yes"",""ticker"":""KXETH15M-26APR281400-00"",""trade_id"":""fd43e67f-d97c-6fa6-8d36-1938c7af5611"",""yes_price_dollars"":""0.5700""}"
KXETH15M-26APR281400-00,a3fffa35-70b4-7425-b193-74decd2ed79e,1777398392,0.58,1.66,yes,"{""count_fp"":""1.66"",""created_time"":""2026-04-28T17:46:32.100864Z"",""no_price_dollars"":""0.4200"",""taker_side"":""yes"",""ticker"":""KXETH15M-26APR281400-00"",""trade_id"":""a3fffa35-70b4-7425-b193-74decd2ed79e"",""yes_price_dollars"":""0.5800""}"
KXETH15M-26APR281400-00,8c8f4d1d-229c-6ecd-5786-c6e95da9a676,1777398392,0.58,5.0,yes,"{""count_fp"":""5.00"",""created_time"":""2026-04-28T17:46:32.059253Z"",""no_price_dollars"":""0.4200"",""taker_side"":""yes"",""ticker"":""KXETH15M-26APR281400-00"",""trade_id"":""8c8f4d1d-229c-6ecd-5786-c6e95da9a676"",""yes_price_dollars"":""0.5800""}"
KXETH15M-26APR281400-00,e8a6b404-d155-63ca-4947-66da52c69d9e,1777398396,0.53,1.0,no,"{""count_fp"":""1.00"",""created_time"":""2026-04-28T17:46:36.623951Z"",""no_price_dollars"":""0.4700"",""taker_side"":""no"",""ticker"":""KXETH15M-26APR281400-00"",""trade_id"":""e8a6b404-d155-63ca-4947-66da52c69d9e"",""yes_price_dollars"":""0.5300""}"
KXETH15M-26APR281400-00,590b5538-9095-64d4-5200-ba4632a3c7e9,1777398396,0.55,1.0,no,"{""count_fp"":""1.00"",""created_time"":""2026-04-28T17:46:36.623951Z"",""no_price_dollars"":""0.4500"",""taker_side"":""no"",""ticker"":""KXETH15M-26APR281400-00"",""trade_id"":""590b5538-9095-64d4-5200-ba4632a3c7e9"",""yes_price_dollars"":""0.5500""}"
KXETH15M-26APR281400-00,3907591c-7232-6db7-7b78-0efa024aef63,1777398396,0.53,10.0,no,"{""count_fp"":""10.00"",""created_time"":""2026-04-28T17:46:36.623951Z"",""no_price_dollars"":""0.4700"",""taker_side"":""no"",""ticker"":""KXETH15M-26APR281400-00"",""trade_id"":""3907591c-7232-6db7-7b78-0efa024aef63"",""yes_price_dollars"":""0.5300""}"
KXETH15M-26APR281400-00,29c641fd-2eb0-6498-791e-74eda36f3d21,1777398396,0.53,1.0,no,"{""count_fp"":""1.00"",""created_time"":""2026-04-28T17:46:36.623951Z"",""no_price_dollars"":""0.4700"",""taker_side"":""no"",""ticker"":""KXETH15M-26APR281400-00"",""trade_id"":""29c641fd-2eb0-6498-791e-74eda36f3d21"",""yes_price_dollars"":""0.5300""}"
KXETH15M-26APR281400-00,e8bb70b9-14b1-4f5d-9538-28cd276ddbd2,1777398398,0.52,10.0,no,"{""count_fp"":""10.00"",""created_time"":""2026-04-28T17:46:38.347739Z"",""no_price_dollars"":""0.4800"",""taker_side"":""no"",""ticker"":""KXETH15M-26APR281400-00"",""trade_id"":""e8bb70b9-14b1-4f5d-9538-28cd276ddbd2"",""yes_price_dollars"":""0.5200""}"
KXETH15M-26APR281400-00,188e0fcb-049d-6989-3f67-565f6b951d46,1777398399,0.52,10.05,no,"{""count_fp"":""10.05"",""created_time"":""2026-04-28T17:46:39.862031Z"",""no_price_dollars"":""0.4800"",""taker_side"":""no"",""ticker"":""KXETH15M-26APR281400-00"",""trade_id"":""188e0fcb-049d-6989-3f67-565f6b951d46"",""yes_price_dollars"":""0.5200""}"
KXETH15M-26APR281400-00,d57b4d6e-0ab1-5ecd-cba2-69379248276e,1777398400,0.52,8.24,no,"{""count_fp"":""8.24"",""created_time"":""2026-04-28T17:46:40.991991Z"",""no_price_dollars"":""0.4800"",""taker_side"":""no"",""ticker"":""KXETH15M-26APR281400-00"",""trade_id"":""d57b4d6e-0ab1-5ecd-cba2-69379248276e"",""yes_price_dollars"":""0.5200""}"
KXETH15M-26APR281400-00,8e32c0e1-0ba5-5a59-499c-be18a907e8aa,1777398401,0.52,0.71,no,"{""count_fp"":""0.71"",""created_time"":""2026-04-28T17:46:41.442785Z"",""no_price_dollars"":""0.4800"",""taker_side"":""no"",""ticker"":""KXETH15M-26APR281400-00"",""trade_id"":""8e32c0e1-0ba5-5a59-499c-be18a907e8aa"",""yes_price_dollars"":""0.5200""}"
KXETH15M-26APR281400-00,b511687e-e66d-4aad-1c5f-d5d0d95bfa06,1777398401,0.52,221.0,no,"{""count_fp"":""221.00"",""created_time"":""2026-04-28T17:46:41.426687Z"",""no_price_dollars"":""0.4800"",""taker_side"":""no"",""ticker"":""KXETH15M-26APR281400-00"",""trade_id"":""b511687e-e66d-4aad-1c5f-d5d0d95bfa06"",""yes_price_dollars"":""0.5200""}"
KXETH15M-26APR281400-00,a3eeca4c-f48f-6b8c-1b00-cf93b213a4fb,1777398402,0.51,30.0,no,"{""count_fp"":""30.00"",""created_time"":""2026-04-28T17:46:42.114864Z"",""no_price_dollars"":""0.4900"",""taker_side"":""no"",""ticker"":""KXETH15M-26APR281400-00"",""trade_id"":""a3eeca4c-f48f-6b8c-1b00-cf93b213a4fb"",""yes_price_dollars"":""0.5100""}"
KXETH15M-26APR281400-00,b0be7ecd-db59-4714-7b63-2d6c868c2d5e,1777398403,0.51,9.3,yes,"{""count_fp"":""9.30"",""created_time"":""2026-04-28T17:46:43.029551Z"",""no_price_dollars"":""0.4900"",""taker_side"":""yes"",""ticker"":""KXETH15M-26APR281400-00"",""trade_id"":""b0be7ecd-db59-4714-7b63-2d6c868c2d5e"",""yes_price_dollars"":""0.5100""}"
KXETH15M-26APR281400-00,7998c9df-9b46-76a6-4cdb-eac59012852c,1777398411,0.49,59.11,yes,"{""count_fp"":""59.11"",""created_time"":""2026-04-28T17:46:51.909478Z"",""no_price_dollars"":""0.5100"",""taker_side"":""yes"",""ticker"":""KXETH15M-26APR281400-00"",""trade_id"":""7998c9df-9b46-76a6-4cdb-eac59012852c"",""yes_price_dollars"":""0.4900""}"
KXETH15M-26APR281400-00,cc3d0c85-c0db-49eb-f722-51b379081a4f,1777398415,0.44,50.78,no,"{""count_fp"":""50.78"",""created_time"":""2026-04-28T17:46:55.872716Z"",""no_price_dollars"":""0.5600"",""taker_side"":""no"",""ticker"":""KXETH15M-26APR281400-00"",""trade_id"":""cc3d0c85-c0db-49eb-f722-51b379081a4f"",""yes_price_dollars"":""0.4400""}"
KXETH15M-26APR281400-00,c4db65c9-dba8-464e-fbbc-be6291896e73,1777398415,0.45,10.0,no,"{""count_fp"":""10.00"",""created_time"":""2026-04-28T17:46:55.872716Z"",""no_price_dollars"":""0.5500"",""taker_side"":""no"",""ticker"":""KXETH15M-26APR281400-00"",""trade_id"":""c4db65c9-dba8-464e-fbbc-be6291896e73"",""yes_price_dollars"":""0.4500""}"
KXETH15M-26APR281400-00,b167c890-fe70-46c3-f1a8-8d5238db0041,1777398415,0.44,100.0,no,"{""count_fp"":""100.00"",""created_time"":""2026-04-28T17:46:55.872716Z"",""no_price_dollars"":""0.5600"",""taker_side"":""no"",""ticker"":""KXETH15M-26APR281400-00"",""trade_id"":""b167c890-fe70-46c3-f1a8-8d5238db0041"",""yes_price_dollars"":""0.4400""}"
KXETH15M-26APR281400-00,479f14c8-c5b2-4bb0-c162-e31594443203,1777398415,0.45,3.0,no,"{""count_fp"":""3.00"",""created_time"":""2026-04-28T17:46:55.872716Z"",""no_price_dollars"":""0.5500"",""taker_side"":""no"",""ticker"":""KXETH15M-26APR281400-00"",""trade_id"":""479f14c8-c5b2-4bb0-c162-e31594443203"",""yes_price_dollars"":""0.4500""}"
KXETH15M-26APR281400-00,35410ae7-6c0f-4573-d669-7767a67abddd,1777398415,0.46,10.0,no,"{""count_fp"":""10.00"",""created_time"":""2026-04-28T17:46:55.872716Z"",""no_price_dollars"":""0.5400"",""taker_side"":""no"",""ticker"":""KXETH15M-26APR281400-00"",""trade_id"":""35410ae7-6c0f-4573-d669-7767a67abddd"",""yes_price_dollars"":""0.4600""}"
KXETH15M-26APR281400-00,06b4ce5f-b5aa-61e6-163a-ffb6ef623748,1777398424,0.46,20.94,yes,"{""count_fp"":""20.94"",""created_time"":""2026-04-28T17:47:04.081145Z"",""no_price_dollars"":""0.5400"",""taker_side"":""yes"",""ticker"":""KXETH15M-26APR281400-00"",""trade_id"":""06b4ce5f-b5aa-61e6-163a-ffb6ef623748"",""yes_price_dollars"":""0.4600""}"
KXETH15M-26APR281400-00,452d4031-c19e-685e-d281-b532d3f12a30,1777398431,0.43,0.55,yes,"{""count_fp"":""0.55"",""created_time"":""2026-04-28T17:47:11.925973Z"",""no_price_dollars"":""0.5700"",""taker_side"":""yes"",""ticker"":""KXETH15M-26APR281400-00"",""trade_id"":""452d4031-c19e-685e-d281-b532d3f12a30"",""yes_price_dollars"":""0.4300""}"
KXETH15M-26APR281400-00,2412819c-1182-6dd2-4176-ccddb91720a4,1777398439,0.43,22.34,yes,"{""count_fp"":""22.34"",""created_time"":""2026-04-28T17:47:19.022454Z"",""no_price_dollars"":""0.5700"",""taker_side"":""yes"",""ticker"":""KXETH15M-26APR281400-00"",""trade_id"":""2412819c-1182-6dd2-4176-ccddb91720a4"",""yes_price_dollars"":""0.4300""}"
KXETH15M-26APR281400-00,35402565-e771-624e-3f42-09df5d194c6e,1777398443,0.42,179.2,no,"{""count_fp"":""179.20"",""created_time"":""2026-04-28T17:47:23.253462Z"",""no_price_dollars"":""0.5800"",""taker_side"":""no"",""ticker"":""KXETH15M-26APR281400-00"",""trade_id"":""35402565-e771-624e-3f42-09df5d194c6e"",""yes_price_dollars"":""0.4200""}"
KXETH15M-26APR281400-00,24b7c2d3-39ed-625e-1f27-11fe9b81633a,1777398445,0.42,0.8,no,"{""count_fp"":""0.80"",""created_time"":""2026-04-28T17:47:25.452258Z"",""no_price_dollars"":""0.5800"",""taker_side"":""no"",""ticker"":""KXETH15M-26APR281400-00"",""trade_id"":""24b7c2d3-39ed-625e-1f27-11fe9b81633a"",""yes_price_dollars"":""0.4200""}"
KXETH15M-26APR281400-00,be2a8d22-8af5-627e-13b3-eb3af1a023ee,1777398445,0.42,215.0,no,"{""count_fp"":""215.00"",""created_time"":""2026-04-28T17:47:25.438905Z"",""no_price_dollars"":""0.5800"",""taker_side"":""no"",""ticker"":""KXETH15M-26APR281400-00"",""trade_id"":""be2a8d22-8af5-627e-13b3-eb3af1a023ee"",""yes_price_dollars"":""0.4200""}"
KXETH15M-26APR281400-00,777dfeb7-2f74-7438-e6d8-409a7665327a,1777398446,0.42,19.0,yes,"{""count_fp"":""19.00"",""created_time"":""2026-04-28T17:47:26.249658Z"",""no_price_dollars"":""0.5800"",""taker_side"":""yes"",""ticker"":""KXETH15M-26APR281400-00"",""trade_id"":""777dfeb7-2f74-7438-e6d8-409a7665327a"",""yes_price_dollars"":""0.4200""}"
KXETH15M-26APR281400-00,732880f2-5081-7792-cf2c-ab2bff4b37d6,1777398446,0.42,100.0,yes,"{""count_fp"":""100.00"",""created_time"":""2026-04-28T17:47:26.249658Z"",""no_price_dollars"":""0.5800"",""taker_side"":""yes"",""ticker"":""KXETH15M-26APR281400-00"",""trade_id"":""732880f2-5081-7792-cf2c-ab2bff4b37d6"",""yes_price_dollars"":""0.4200""}"
KXETH15M-26APR281400-00,e98b6285-f1df-7a73-cf1f-fc2d1bb2515f,1777398446,0.41,10.0,yes,"{""count_fp"":""10.00"",""created_time"":""2026-04-28T17:47:26.239923Z"",""no_price_dollars"":""0.5900"",""taker_side"":""yes"",""ticker"":""KXETH15M-26APR281400-00"",""trade_id"":""e98b6285-f1df-7a73-cf1f-fc2d1bb2515f"",""yes_price_dollars"":""0.4100""}"
KXETH15M-26APR281400-00,6718f611-3246-5a66-2cb4-668b38762c46,1777398451,0.4,2.0,no,"{""count_fp"":""2.00"",""created_time"":""2026-04-28T17:47:31.775864Z"",""no_price_dollars"":""0.6000"",""taker_side"":""no"",""ticker"":""KXETH15M-26APR281400-00"",""trade_id"":""6718f611-3246-5a66-2cb4-668b38762c46"",""yes_price_dollars"":""0.4000""}"
KXETH15M-26APR281400-00,99e200ce-e0f0-4ad5-6db6-06ae9b8500ab,1777398456,0.47,39.61,no,"{""count_fp"":""39.61"",""created_time"":""2026-04-28T17:47:36.398163Z"",""no_price_dollars"":""0.5300"",""taker_side"":""no"",""ticker"":""KXETH15M-26APR281400-00"",""trade_id"":""99e200ce-e0f0-4ad5-6db6-06ae9b8500ab"",""yes_price_dollars"":""0.4700""}"
KXETH15M-26APR281400-00,7357d940-8643-4411-4d70-fe9220685ab0,1777398456,0.47,0.39,no,"{""count_fp"":""0.39"",""created_time"":""2026-04-28T17:47:36.398163Z"",""no_price_dollars"":""0.5300"",""taker_side"":""no"",""ticker"":""KXETH15M-26APR281400-00"",""trade_id"":""7357d940-8643-4411-4d70-fe9220685ab0"",""yes_price_dollars"":""0.4700""}"
KXETH15M-26APR281400-00,0dcfb897-511f-47f9-3b3f-5e1aa8a0eb0c,1777398456,0.47,9.3,no,"{""count_fp"":""9.30"",""created_time"":""2026-04-28T17:47:36.298281Z"",""no_price_dollars"":""0.5300"",""taker_side"":""no"",""ticker"":""KXETH15M-26APR281400-00"",""trade_id"":""0dcfb897-511f-47f9-3b3f-5e1aa8a0eb0c"",""yes_price_dollars"":""0.4700""}"
KXETH15M-26APR281400-00,07fa9423-5c9c-780e-6f97-16efff730e52,1777398458,0.46,10.0,no,"{""count_fp"":""10.00"",""created_time"":""2026-04-28T17:47:38.562611Z"",""no_price_dollars"":""0.5400"",""taker_side"":""no"",""ticker"":""KXETH15M-26APR281400-00"",""trade_id"":""07fa9423-5c9c-780e-6f97-16efff730e52"",""yes_price_dollars"":""0.4600""}"
KXETH15M-26APR281400-00,09408aa7-79c8-73f2-3530-d804b7729e1e,1777398459,0.46,3.58,no,"{""count_fp"":""3.58"",""created_time"":""2026-04-28T17:47:39.418936Z"",""no_price_dollars"":""0.5400"",""taker_side"":""no"",""ticker"":""KXETH15M-26APR281400-00"",""trade_id"":""09408aa7-79c8-73f2-3530-d804b7729e1e"",""yes_price_dollars"":""0.4600""}"
KXETH15M-26APR281400-00,fe9040e9-de2b-75ba-1db2-a2bbf4fd0eea,1777398462,0.49,10.4,no,"{""count_fp"":""10.40"",""created_time"":""2026-04-28T17:47:42.625591Z"",""no_price_dollars"":""0.5100"",""taker_side"":""no"",""ticker"":""KXETH15M-26APR281400-00"",""trade_id"":""fe9040e9-de2b-75ba-1db2-a2bbf4fd0eea"",""yes_price_dollars"":""0.4900""}"
KXETH15M-26APR281400-00,e9cd4364-3349-7d04-1afb-d93d01019bd4,1777398462,0.49,9.6,no,"{""count_fp"":""9.60"",""created_time"":""2026-04-28T17:47:42.625591Z"",""no_price_dollars"":""0.5100"",""taker_side"":""no"",""ticker"":""KXETH15M-26APR281400-00"",""trade_id"":""e9cd4364-3349-7d04-1afb-d93d01019bd4"",""yes_price_dollars"":""0.4900""}"
KXETH15M-26APR281400-00,3f0e7884-2bdc-625e-6418-39cdae107b32,1777398464,0.46,8.66,no,"{""count_fp"":""8.66"",""created_time"":""2026-04-28T17:47:44.940642Z"",""no_price_dollars"":""0.5400"",""taker_side"":""no"",""ticker"":""KXETH15M-26APR281400-00"",""trade_id"":""3f0e7884-2bdc-625e-6418-39cdae107b32"",""yes_price_dollars"":""0.4600""}"
KXETH15M-26APR281400-00,f2a8db64-a0f5-748d-4b18-2eb748c0f6ba,1777398464,0.5,9.51,yes,"{""count_fp"":""9.51"",""created_time"":""2026-04-28T17:47:44.282043Z"",""no_price_dollars"":""0.5000"",""taker_side"":""yes"",""ticker"":""KXETH15M-26APR281400-00"",""trade_id"":""f2a8db64-a0f5-748d-4b18-2eb748c0f6ba"",""yes_price_dollars"":""0.5000""}"
KXETH15M-26APR281400-00,6267e05d-8733-7dd4-61cc-b367d92123b6,1777398464,0.49,10.0,yes,"{""count_fp"":""10.00"",""created_time"":""2026-04-28T17:47:44.282043Z"",""no_price_dollars"":""0.5100"",""taker_side"":""yes"",""ticker"":""KXETH15M-26APR281400-00"",""trade_id"":""6267e05d-8733-7dd4-61cc-b367d92123b6"",""yes_price_dollars"":""0.4900""}"
KXETH15M-26APR281400-00,9f607ac7-eda0-4655-3d36-85482b8059db,1777398471,0.5,5.0,yes,"{""count_fp"":""5.00"",""created_time"":""2026-04-28T17:47:51.393713Z"",""no_price_dollars"":""0.5000"",""taker_side"":""yes"",""ticker"":""KXETH15M-26APR281400-00"",""trade_id"":""9f607ac7-eda0-4655-3d36-85482b8059db"",""yes_price_dollars"":""0.5000""}"
KXETH15M-26APR281400-00,0fd4eae0-15e0-4c8b-09a1-cb4e3a64a478,1777398471,0.5,5.0,yes,"{""count_fp"":""5.00"",""created_time"":""2026-04-28T17:47:51.393713Z"",""no_price_dollars"":""0.5000"",""taker_side"":""yes"",""ticker"":""KXETH15M-26APR281400-00"",""trade_id"":""0fd4eae0-15e0-4c8b-09a1-cb4e3a64a478"",""yes_price_dollars"":""0.5000""}"
KXETH15M-26APR281400-00,e378b184-a7d8-67f1-3836-683a34613ba3,1777398474,0.5,40.0,no,"{""count_fp"":""40.00"",""created_time"":""2026-04-28T17:47:54.103899Z"",""no_price_dollars"":""0.5000"",""taker_side"":""no"",""ticker"":""KXETH15M-26APR281400-00"",""trade_id"":""e378b184-a7d8-67f1-3836-683a34613ba3"",""yes_price_dollars"":""0.5000""}"
KXETH15M-26APR281400-00,7b49b704-7e69-666b-39e7-bbc2323ef94f,1777398474,0.5,10.0,no,"{""count_fp"":""10.00"",""created_time"":""2026-04-28T17:47:54.103899Z"",""no_price_dollars"":""0.5000"",""taker_side"":""no"",""ticker"":""KXETH15M-26APR281400-00"",""trade_id"":""7b49b704-7e69-666b-39e7-bbc2323ef94f"",""yes_price_dollars"":""0.5000""}"
KXETH15M-26APR281400-00,74f4f7f9-7c53-5c16-59e8-a7cc50d1b406,1777398478,0.5,5.0,yes,"{""count_fp"":""5.00"",""created_time"":""2026-04-28T17:47:58.018612Z"",""no_price_dollars"":""0.5000"",""taker_side"":""yes"",""ticker"":""KXETH15M-26APR281400-00"",""trade_id"":""74f4f7f9-7c53-5c16-59e8-a7cc50d1b406"",""yes_price_dollars"":""0.5000""}"
KXETH15M-26APR281400-00,4ecf4ee5-0ab2-5d20-7fe6-aad6e4f2abf8,1777398478,0.53,3.81,yes,"{""count_fp"":""3.81"",""created_time"":""2026-04-28T17:47:58.018612Z"",""no_price_dollars"":""0.4700"",""taker_side"":""yes"",""ticker"":""KXETH15M-26APR281400-00"",""trade_id"":""4ecf4ee5-0ab2-5d20-7fe6-aad6e4f2abf8"",""yes_price_dollars"":""0.5300""}"
KXETH15M-26APR281400-00,9f7d1027-5857-4607-0e88-faa512b106c4,1777398481,0.47,1.0,no,"{""count_fp"":""1.00"",""created_time"":""2026-04-28T17:48:01.859825Z"",""no_price_dollars"":""0.5300"",""taker_side"":""no"",""ticker"":""KXETH15M-26APR281400-00"",""trade_id"":""9f7d1027-5857-4607-0e88-faa512b106c4"",""yes_price_dollars"":""0.4700""}"
KXETH15M-26APR281400-00,611c7165-512a-4a89-e9c7-6b4c633d70a9,1777398484,0.48,10.0,no,"{""count_fp"":""10.00"",""created_time"":""2026-04-28T17:48:04.355094Z"",""no_price_dollars"":""0.5200"",""taker_side"":""no"",""ticker"":""KXETH15M-26APR281400-00"",""trade_id"":""611c7165-512a-4a89-e9c7-6b4c633d70a9"",""yes_price_dollars"":""0.4800""}"
KXETH15M-26APR281400-00,b00f82cf-b504-5db3-37ee-6d0731ddf960,1777398498,0.48,53.0,yes,"{""count_fp"":""53.00"",""created_time"":""2026-04-28T17:48:18.414643Z"",""no_price_dollars"":""0.5200"",""taker_side"":""yes"",""ticker"":""KXETH15M-26APR281400-00"",""trade_id"":""b00f82cf-b504-5db3-37ee-6d0731ddf960"",""yes_price_dollars"":""0.4800""}"
KXETH15M-26APR281400-00,3d659c13-16a9-6a3a-c2bc-98ba4e553a38,1777398509,0.49,39.19,yes,"{""count_fp"":""39.19"",""created_time"":""2026-04-28T17:48:29.354583Z"",""no_price_dollars"":""0.5100"",""taker_side"":""yes"",""ticker"":""KXETH15M-26APR281400-00"",""trade_id"":""3d659c13-16a9-6a3a-c2bc-98ba4e553a38"",""yes_price_dollars"":""0.4900""}"
KXETH15M-26APR281400-00,e1845ebb-342c-78a8-5611-a9d1f55128c2,1777398516,0.48,0.93,no,"{""count_fp"":""0.93"",""created_time"":""2026-04-28T17:48:36.317926Z"",""no_price_dollars"":""0.5200"",""taker_side"":""no"",""ticker"":""KXETH15M-26APR281400-00"",""trade_id"":""e1845ebb-342c-78a8-5611-a9d1f55128c2"",""yes_price_dollars"":""0.4800""}"
KXETH15M-26APR281400-00,ec65e991-5dbc-4da5-a3a8-64c6a3268879,1777398518,0.47,9.69,no,"{""count_fp"":""9.69"",""created_time"":""2026-04-28T17:48:38.197495Z"",""no_price_dollars"":""0.5300"",""taker_side"":""no"",""ticker"":""KXETH15M-26APR281400-00"",""trade_id"":""ec65e991-5dbc-4da5-a3a8-64c6a3268879"",""yes_price_dollars"":""0.4700""}"
KXETH15M-26APR281400-00,dc130608-e8b8-4c21-a71e-f0fde6bfe52b,1777398518,0.47,10.31,no,"{""count_fp"":""10.31"",""created_time"":""2026-04-28T17:48:38.197495Z"",""no_price_dollars"":""0.5300"",""taker_side"":""no"",""ticker"":""KXETH15M-26APR281400-00"",""trade_id"":""dc130608-e8b8-4c21-a71e-f0fde6bfe52b"",""yes_price_dollars"":""0.4700""}"
KXETH15M-26APR281400-00,bef8c038-4631-7746-cd87-78cb80f328f0,1777398541,0.49,0.81,yes,"{""count_fp"":""0.81"",""created_time"":""2026-04-28T17:49:01.238927Z"",""no_price_dollars"":""0.5100"",""taker_side"":""yes"",""ticker"":""KXETH15M-26APR281400-00"",""trade_id"":""bef8c038-4631-7746-cd87-78cb80f328f0"",""yes_price_dollars"":""0.4900""}"
KXETH15M-26APR281400-00,a285ede6-bf52-752b-deed-b46caea384ee,1777398541,0.51,1.07,yes,"{""count_fp"":""1.07"",""created_time"":""2026-04-28T17:49:01.238927Z"",""no_price_dollars"":""0.4900"",""taker_side"":""yes"",""ticker"":""KXETH15M-26APR281400-00"",""trade_id"":""a285ede6-bf52-752b-deed-b46caea384ee"",""yes_price_dollars"":""0.5100""}"
KXETH15M-26APR281400-00,bab36fa5-2179-7375-fa29-8f54c19e0bd6,1777398542,0.52,5.0,yes,"{""count_fp"":""5.00"",""created_time"":""2026-04-28T17:49:02.215681Z"",""no_price_dollars"":""0.4800"",""taker_side"":""yes"",""ticker"":""KXETH15M-26APR281400-00"",""trade_id"":""bab36fa5-2179-7375-fa29-8f54c19e0bd6"",""yes_price_dollars"":""0.5200""}"
KXETH15M-26APR281400-00,a3f08138-9ab3-7594-c7a8-dd8d50238502,1777398542,0.52,10.0,yes,"{""count_fp"":""10.00"",""created_time"":""2026-04-28T17:49:02.215681Z"",""no_price_dollars"":""0.4800"",""taker_side"":""yes"",""ticker"":""KXETH15M-26APR281400-00"",""trade_id"":""a3f08138-9ab3-7594-c7a8-dd8d50238502"",""yes_price_dollars"":""0.5200""}"
KXETH15M-26APR281400-00,3d3ba235-33ed-6ab3-abdb-3111a1d1d2ac,1777398549,0.61,1.0,yes,"{""count_fp"":""1.00"",""created_time"":""2026-04-28T17:49:09.993114Z"",""no_price_dollars"":""0.3900"",""taker_side"":""yes"",""ticker"":""KXETH15M-26APR281400-00"",""trade_id"":""3d3ba235-33ed-6ab3-abdb-3111a1d1d2ac"",""yes_price_dollars"":""0.6100""}"
KXETH15M-26APR281400-00,34c496f2-7aa4-7422-95b9-af2f0f505076,1777398551,0.58,80.08,no,"{""count_fp"":""80.08"",""created_time"":""2026-04-28T17:49:11.806615Z"",""no_price_dollars"":""0.4200"",""taker_side"":""no"",""ticker"":""KXETH15M-26APR281400-00"",""trade_id"":""34c496f2-7aa4-7422-95b9-af2f0f505076"",""yes_price_dollars"":""0.5800""}"
KXETH15M-26APR281400-00,1ad5d5a3-50e8-52d2-a04b-e8c5a34b2056,1777398552,0.58,171.59,no,"{""count_fp"":""171.59"",""created_time"":""2026-04-28T17:49:12.216438Z"",""no_price_dollars"":""0.4200"",""taker_side"":""no"",""ticker"":""KXETH15M-26APR281400-00"",""trade_id"":""1ad5d5a3-50e8-52d2-a04b-e8c5a34b2056"",""yes_price_dollars"":""0.5800""}"
KXETH15M-26APR281400-00,74dacc08-0e19-6a1b-85fa-92ced14c371c,1777398558,0.62,5.0,yes,"{""count_fp"":""5.00"",""created_time"":""2026-04-28T17:49:18.839883Z"",""no_price_dollars"":""0.3800"",""taker_side"":""yes"",""ticker"":""KXETH15M-26APR281400-00"",""trade_id"":""74dacc08-0e19-6a1b-85fa-92ced14c371c"",""yes_price_dollars"":""0.6200""}"
KXETH15M-26APR281400-00,19ac48bc-0e0d-66da-b031-c59ba12103af,1777398558,0.62,5.0,yes,"{""count_fp"":""5.00"",""created_time"":""2026-04-28T17:49:18.839883Z"",""no_price_dollars"":""0.3800"",""taker_side"":""yes"",""ticker"":""KXETH15M-26APR281400-00"",""trade_id"":""19ac48bc-0e0d-66da-b031-c59ba12103af"",""yes_price_dollars"":""0.6200""}"
KXETH15M-26APR281400-00,0e04d4e3-ad16-6b4a-1225-7cb73da534d5,1777398560,0.59,1.57,yes,"{""count_fp"":""1.57"",""created_time"":""2026-04-28T17:49:20.537477Z"",""no_price_dollars"":""0.4100"",""taker_side"":""yes"",""ticker"":""KXETH15M-26APR281400-00"",""trade_id"":""0e04d4e3-ad16-6b4a-1225-7cb73da534d5"",""yes_price_dollars"":""0.5900""}"
KXETH15M-26APR281400-00,af9703a0-5607-582c-2f05-83b89713abcd,1777398563,0.55,10.0,no,"{""count_fp"":""10.00"",""created_time"":""2026-04-28T17:49:23.118594Z"",""no_price_dollars"":""0.4500"",""taker_side"":""no"",""ticker"":""KXETH15M-26APR281400-00"",""trade_id"":""af9703a0-5607-582c-2f05-83b89713abcd"",""yes_price_dollars"":""0.5500""}"
KXETH15M-26APR281400-00,79bfc92c-616a-52ae-230f-71b2ff09b6f9,1777398563,0.55,10.0,no,"{""count_fp"":""10.00"",""created_time"":""2026-04-28T17:49:23.118594Z"",""no_price_dollars"":""0.4500"",""taker_side"":""no"",""ticker"":""KXETH15M-26APR281400-00"",""trade_id"":""79bfc92c-616a-52ae-230f-71b2ff09b6f9"",""yes_price_dollars"":""0.5500""}"
KXETH15M-26APR281400-00,9902c698-6036-499e-890c-c111cf99ca20,1777398568,0.54,9.9,yes,"{""count_fp"":""9.90"",""created_time"":""2026-04-28T17:49:28.773122Z"",""no_price_dollars"":""0.4600"",""taker_side"":""yes"",""ticker"":""KXETH15M-26APR281400-00"",""trade_id"":""9902c698-6036-499e-890c-c111cf99ca20"",""yes_price_dollars"":""0.5400""}"
KXETH15M-26APR281400-00,6650f702-b82d-40bd-8ea8-515c312ed9da,1777398568,0.53,10.0,yes,"{""count_fp"":""10.00"",""created_time"":""2026-04-28T17:49:28.773122Z"",""no_price_dollars"":""0.4700"",""taker_side"":""yes"",""ticker"":""KXETH15M-26APR281400-00"",""trade_id"":""6650f702-b82d-40bd-8ea8-515c312ed9da"",""yes_price_dollars"":""0.5300""}"
KXETH15M-26APR281400-00,fd3ee23e-e525-7d6f-0da9-f3954fd10386,1777398572,0.52,3.0,no,"{""count_fp"":""3.00"",""created_time"":""2026-04-28T17:49:32.735311Z"",""no_price_dollars"":""0.4800"",""taker_side"":""no"",""ticker"":""KXETH15M-26APR281400-00"",""trade_id"":""fd3ee23e-e525-7d6f-0da9-f3954fd10386"",""yes_price_dollars"":""0.5200""}"
KXETH15M-26APR281400-00,53346c31-a4e2-7513-324f-bbbaa4716876,1777398572,0.53,1.0,no,"{""count_fp"":""1.00"",""created_time"":""2026-04-28T17:49:32.735311Z"",""no_price_dollars"":""0.4700"",""taker_side"":""no"",""ticker"":""KXETH15M-26APR281400-00"",""trade_id"":""53346c31-a4e2-7513-324f-bbbaa4716876"",""yes_price_dollars"":""0.5300""}"
KXETH15M-26APR281400-00,fc35e322-56da-6189-62df-53008d03f6ae,1777398578,0.51,1.0,no,"{""count_fp"":""1.00"",""created_time"":""2026-04-28T17:49:38.950279Z"",""no_price_dollars"":""0.4900"",""taker_side"":""no"",""ticker"":""KXETH15M-26APR281400-00"",""trade_id"":""fc35e322-56da-6189-62df-53008d03f6ae"",""yes_price_dollars"":""0.5100""}"
KXETH15M-26APR281400-00,54803132-fe6e-6fda-5f83-5b4a2fbc1009,1777398578,0.51,9.0,no,"{""count_fp"":""9.00"",""created_time"":""2026-04-28T17:49:38.950279Z"",""no_price_dollars"":""0.4900"",""taker_side"":""no"",""ticker"":""KXETH15M-26APR281400-00"",""trade_id"":""54803132-fe6e-6fda-5f83-5b4a2fbc1009"",""yes_price_dollars"":""0.5100""}"
KXETH15M-26APR281400-00,c6cbc490-67e1-6047-f597-0bf1367089e4,1777398580,0.55,10.0,yes,"{""count_fp"":""10.00"",""created_time"":""2026-04-28T17:49:40.923874Z"",""no_price_dollars"":""0.4500"",""taker_side"":""yes"",""ticker"":""KXETH15M-26APR281400-00"",""trade_id"":""c6cbc490-67e1-6047-f597-0bf1367089e4"",""yes_price_dollars"":""0.5500""}"
KXETH15M-26APR281400-00,a9afb280-08be-6f2c-c40f-c428ac9108cf,1777398580,0.52,1.0,yes,"{""count_fp"":""1.00"",""created_time"":""2026-04-28T17:49:40.923874Z"",""no_price_dollars"":""0.4800"",""taker_side"":""yes"",""ticker"":""KXETH15M-26APR281400-00"",""trade_id"":""a9afb280-08be-6f2c-c40f-c428ac9108cf"",""yes_price_dollars"":""0.5200""}"
KXETH15M-26APR281400-00,524740ca-8276-6edc-daf0-80f3d9461088,1777398580,0.55,10.0,yes,"{""count_fp"":""10.00"",""created_time"":""2026-04-28T17:49:40.923874Z"",""no_price_dollars"":""0.4500"",""taker_side"":""yes"",""ticker"":""KXETH15M-26APR281400-00"",""trade_id"":""524740ca-8276-6edc-daf0-80f3d9461088"",""yes_price_dollars"":""0.5500""}"
KXETH15M-26APR281400-00,150d7f6e-eefe-6c28-f45f-cd3a0add09fc,1777398580,0.55,5.46,yes,"{""count_fp"":""5.46"",""created_time"":""2026-04-28T17:49:40.923874Z"",""no_price_dollars"":""0.4500"",""taker_side"":""yes"",""ticker"":""KXETH15M-26APR281400-00"",""trade_id"":""150d7f6e-eefe-6c28-f45f-cd3a0add09fc"",""yes_price_dollars"":""0.5500""}"
KXETH15M-26APR281400-00,f21fb801-3802-5f8c-6732-d4b86877abe0,1777398589,0.54,8.97,yes,"{""count_fp"":""8.97"",""created_time"":""2026-04-28T17:49:49.258115Z"",""no_price_dollars"":""0.4600"",""taker_side"":""yes"",""ticker"":""KXETH15M-26APR281400-00"",""trade_id"":""f21fb801-3802-5f8c-6732-d4b86877abe0"",""yes_price_dollars"":""0.5400""}"
KXETH15M-26APR281400-00,44b41035-b7e2-68f2-0b80-b4c5cec9021c,1777398595,0.53,8.66,yes,"{""count_fp"":""8.66"",""created_time"":""2026-04-28T17:49:55.962683Z"",""no_price_dollars"":""0.4700"",""taker_side"":""yes"",""ticker"":""KXETH15M-26APR281400-00"",""trade_id"":""44b41035-b7e2-68f2-0b80-b4c5cec9021c"",""yes_price_dollars"":""0.5300""}"
KXETH15M-26APR281400-00,d84c3911-dd5a-5c49-e748-71e357825dce,1777398597,0.5,6.0,no,"{""count_fp"":""6.00"",""created_time"":""2026-04-28T17:49:57.489026Z"",""no_price_dollars"":""0.5000"",""taker_side"":""no"",""ticker"":""KXETH15M-26APR281400-00"",""trade_id"":""d84c3911-dd5a-5c49-e748-71e357825dce"",""yes_price_dollars"":""0.5000""}"
KXETH15M-26APR281400-00,74174e6c-7554-5f36-f372-1dd753ff1bd9,1777398597,0.5,10.0,no,"{""count_fp"":""10.00"",""created_time"":""2026-04-28T17:49:57.489026Z"",""no_price_dollars"":""0.5000"",""taker_side"":""no"",""ticker"":""KXETH15M-26APR281400-00"",""trade_id"":""74174e6c-7554-5f36-f372-1dd753ff1bd9"",""yes_price_dollars"":""0.5000""}"
KXETH15M-26APR281400-00,eebef888-befc-53d4-3367-72dc99113fce,1777398605,0.51,9.85,no,"{""count_fp"":""9.85"",""created_time"":""2026-04-28T17:50:05.143435Z"",""no_price_dollars"":""0.4900"",""taker_side"":""no"",""ticker"":""KXETH15M-26APR281400-00"",""trade_id"":""eebef888-befc-53d4-3367-72dc99113fce"",""yes_price_dollars"":""0.5100""}"
KXETH15M-26APR281400-00,a3fb7ecf-7f3e-4549-4393-2d1d0be8dada,1777398607,0.52,1.0,no,"{""count_fp"":""1.00"",""created_time"":""2026-04-28T17:50:07.459345Z"",""no_price_dollars"":""0.4800"",""taker_side"":""no"",""ticker"":""KXETH15M-26APR281400-00"",""trade_id"":""a3fb7ecf-7f3e-4549-4393-2d1d0be8dada"",""yes_price_dollars"":""0.5200""}"
KXETH15M-26APR281400-00,f415f58e-0038-4606-21aa-ab0093709837,1777398607,0.52,5.0,yes,"{""count_fp"":""5.00"",""created_time"":""2026-04-28T17:50:07.386543Z"",""no_price_dollars"":""0.4800"",""taker_side"":""yes"",""ticker"":""KXETH15M-26APR281400-00"",""trade_id"":""f415f58e-0038-4606-21aa-ab0093709837"",""yes_price_dollars"":""0.5200""}"
KXETH15M-26APR281400-00,188f53b1-3aa6-4498-26af-150b2b3517ca,1777398607,0.56,2.65,yes,"{""count_fp"":""2.65"",""created_time"":""2026-04-28T17:50:07.386543Z"",""no_price_dollars"":""0.4400"",""taker_side"":""yes"",""ticker"":""KXETH15M-26APR281400-00"",""trade_id"":""188f53b1-3aa6-4498-26af-150b2b3517ca"",""yes_price_dollars"":""0.5600""}"
KXETH15M-26APR281400-00,0fc67ff5-a002-4d7f-18a0-aff1e7255b95,1777398607,0.55,10.0,yes,"{""count_fp"":""10.00"",""created_time"":""2026-04-28T17:50:07.386543Z"",""no_price_dollars"":""0.4500"",""taker_side"":""yes"",""ticker"":""KXETH15M-26APR281400-00"",""trade_id"":""0fc67ff5-a002-4d7f-18a0-aff1e7255b95"",""yes_price_dollars"":""0.5500""}"
KXETH15M-26APR281400-00,49048828-2999-4d65-79c8-c4bd4a8cb7ea,1777398609,0.53,5.0,yes,"{""count_fp"":""5.00"",""created_time"":""2026-04-28T17:50:09.144741Z"",""no_price_dollars"":""0.4700"",""taker_side"":""yes"",""ticker"":""KXETH15M-26APR281400-00"",""trade_id"":""49048828-2999-4d65-79c8-c4bd4a8cb7ea"",""yes_price_dollars"":""0.5300""}"
KXETH15M-26APR281400-00,25cc2cd8-30c7-5b9a-18ff-481ce8ff7d77,1777398636,0.52,5.0,yes,"{""count_fp"":""5.00"",""created_time"":""2026-04-28T17:50:36.584458Z"",""no_price_dollars"":""0.4800"",""taker_side"":""yes"",""ticker"":""KXETH15M-26APR281400-00"",""trade_id"":""25cc2cd8-30c7-5b9a-18ff-481ce8ff7d77"",""yes_price_dollars"":""0.5200""}"
KXETH15M-26APR281400-00,00b6e6c4-76e0-7833-c49f-ceb5b4791d81,1777398639,0.55,10.0,no,"{""count_fp"":""10.00"",""created_time"":""2026-04-28T17:50:39.148618Z"",""no_price_dollars"":""0.4500"",""taker_side"":""no"",""ticker"":""KXETH15M-26APR281400-00"",""trade_id"":""00b6e6c4-76e0-7833-c49f-ceb5b4791d81"",""yes_price_dollars"":""0.5500""}"
KXETH15M-26APR281400-00,63c2a6ee-106c-404b-ba83-64b21f89a8f9,1777398645,0.58,2.0,no,"{""count_fp"":""2.00"",""created_time"":""2026-04-28T17:50:45.537276Z"",""no_price_dollars"":""0.4200"",""taker_side"":""no"",""ticker"":""KXETH15M-26APR281400-00"",""trade_id"":""63c2a6ee-106c-404b-ba83-64b21f89a8f9"",""yes_price_dollars"":""0.5800""}"
KXETH15M-26APR281400-00,59e0e0e9-3d1a-5740-a1d5-32fecc46fade,1777398645,0.59,67.0,yes,"{""count_fp"":""67.00"",""created_time"":""2026-04-28T17:50:45.525202Z"",""no_price_dollars"":""0.4100"",""taker_side"":""yes"",""ticker"":""KXETH15M-26APR281400-00"",""trade_id"":""59e0e0e9-3d1a-5740-a1d5-32fecc46fade"",""yes_price_dollars"":""0.5900""}"
KXETH15M-26APR281400-00,3fc9d48e-bd6a-590c-312e-7a0eac732e31,1777398645,0.57,10.0,yes,"{""count_fp"":""10.00"",""created_time"":""2026-04-28T17:50:45.450102Z"",""no_price_dollars"":""0.4300"",""taker_side"":""yes"",""ticker"":""KXETH15M-26APR281400-00"",""trade_id"":""3fc9d48e-bd6a-590c-312e-7a0eac732e31"",""yes_price_dollars"":""0.5700""}"
KXETH15M-26APR281400-00,21ab1c97-ed17-5a72-1d35-439543d73ba4,1777398645,0.57,10.0,yes,"{""count_fp"":""10.00"",""created_time"":""2026-04-28T17:50:45.450102Z"",""no_price_dollars"":""0.4300"",""taker_side"":""yes"",""ticker"":""KXETH15M-26APR281400-00"",""trade_id"":""21ab1c97-ed17-5a72-1d35-439543d73ba4"",""yes_price_dollars"":""0.5700""}"
KXETH15M-26APR281400-00,ccc5f5f5-9a08-6497-59e4-73b762852371,1777398648,0.6,4.0,no,"{""count_fp"":""4.00"",""created_time"":""2026-04-28T17:50:48.936528Z"",""no_price_dollars"":""0.4000"",""taker_side"":""no"",""ticker"":""KXETH15M-26APR281400-00"",""trade_id"":""ccc5f5f5-9a08-6497-59e4-73b762852371"",""yes_price_dollars"":""0.6000""}"
KXETH15M-26APR281400-00,eeaf1416-2226-51fc-216d-7059c5f91910,1777398654,0.66,30.0,yes,"{""count_fp"":""30.00"",""created_time"":""2026-04-28T17:50:54.263821Z"",""no_price_dollars"":""0.3400"",""taker_side"":""yes"",""ticker"":""KXETH15M-26APR281400-00"",""trade_id"":""eeaf1416-2226-51fc-216d-7059c5f91910"",""yes_price_dollars"":""0.6600""}"
KXETH15M-26APR281400-00,cb4103ee-b8f2-5e7c-18cf-67e7497a26c4,1777398654,0.65,10.0,yes,"{""count_fp"":""10.00"",""created_time"":""2026-04-28T17:50:54.263821Z"",""no_price_dollars"":""0.3500"",""taker_side"":""yes"",""ticker"":""KXETH15M-26APR281400-00"",""trade_id"":""cb4103ee-b8f2-5e7c-18cf-67e7497a26c4"",""yes_price_dollars"":""0.6500""}"
KXETH15M-26APR281400-00,a8195fd7-b41c-73a7-bd17-bd1c3fae7e12,1777398654,0.64,0.35,yes,"{""count_fp"":""0.35"",""created_time"":""2026-04-28T17:50:54.259056Z"",""no_price_dollars"":""0.3600"",""taker_side"":""yes"",""ticker"":""KXETH15M-26APR281400-00"",""trade_id"":""a8195fd7-b41c-73a7-bd17-bd1c3fae7e12"",""yes_price_dollars"":""0.6400""}"
KXETH15M-26APR281400-00,b8cd8f65-e1e0-78b9-0c96-167316c65e93,1777398657,0.65,14.76,yes,"{""count_fp"":""14.76"",""created_time"":""2026-04-28T17:50:57.658173Z"",""no_price_dollars"":""0.3500"",""taker_side"":""yes"",""ticker"":""KXETH15M-26APR281400-00"",""trade_id"":""b8cd8f65-e1e0-78b9-0c96-167316c65e93"",""yes_price_dollars"":""0.6500""}"
KXETH15M-26APR281400-00,b7753dcf-8b7f-6b85-6829-1d4d4faedf06,1777398657,0.64,5.0,yes,"{""count_fp"":""5.00"",""created_time"":""2026-04-28T17:50:57.490143Z"",""no_price_dollars"":""0.3600"",""taker_side"":""yes"",""ticker"":""KXETH15M-26APR281400-00"",""trade_id"":""b7753dcf-8b7f-6b85-6829-1d4d4faedf06"",""yes_price_dollars"":""0.6400""}"
KXETH15M-26APR281400-00,a3436f51-6ec8-6c7d-5e4c-7c2a2cf29a93,1777398657,0.65,9.38,yes,"{""count_fp"":""9.38"",""created_time"":""2026-04-28T17:50:57.490143Z"",""no_price_dollars"":""0.3500"",""taker_side"":""yes"",""ticker"":""KXETH15M-26APR281400-00"",""trade_id"":""a3436f51-6ec8-6c7d-5e4c-7c2a2cf29a93"",""yes_price_dollars"":""0.6500""}"
KXETH15M-26APR281400-00,c59eea22-7e0e-70d7-4a66-12d8f551c2a7,1777398658,0.63,2.0,no,"{""count_fp"":""2.00"",""created_time"":""2026-04-28T17:50:58.403827Z"",""no_price_dollars"":""0.3700"",""taker_side"":""no"",""ticker"":""KXETH15M-26APR281400-00"",""trade_id"":""c59eea22-7e0e-70d7-4a66-12d8f551c2a7"",""yes_price_dollars"":""0.6300""}"
KXETH15M-26APR281400-00,d85aee5e-33dc-5b6f-6a0b-3358011962e9,1777398662,0.65,1.29,no,"{""count_fp"":""1.29"",""created_time"":""2026-04-28T17:51:02.686193Z"",""no_price_dollars"":""0.3500"",""taker_side"":""no"",""ticker"":""KXETH15M-26APR281400-00"",""trade_id"":""d85aee5e-33dc-5b6f-6a0b-3358011962e9"",""yes_price_dollars"":""0.6500""}"
KXETH15M-26APR281400-00,b2d06b41-696c-6a2d-98fe-518c4df55dc9,1777398662,0.66,10.0,yes,"{""count_fp"":""10.00"",""created_time"":""2026-04-28T17:51:02.662486Z"",""no_price_dollars"":""0.3400"",""taker_side"":""yes"",""ticker"":""KXETH15M-26APR281400-00"",""trade_id"":""b2d06b41-696c-6a2d-98fe-518c4df55dc9"",""yes_price_dollars"":""0.6600""}"
KXETH15M-26APR281400-00,757e4da3-9087-6111-ff8d-88c74169c68b,1777398662,0.63,1.0,no,"{""count_fp"":""1.00"",""created_time"":""2026-04-28T17:51:02.086874Z"",""no_price_dollars"":""0.3700"",""taker_side"":""no"",""ticker"":""KXETH15M-26APR281400-00"",""trade_id"":""757e4da3-9087-6111-ff8d-88c74169c68b"",""yes_price_dollars"":""0.6300""}"
KXETH15M-26APR281400-00,b244af0d-2229-70a2-9b45-0f49f693a5d4,1777398664,0.63,10.0,no,"{""count_fp"":""10.00"",""created_time"":""2026-04-28T17:51:04.102354Z"",""no_price_dollars"":""0.3700"",""taker_side"":""no"",""ticker"":""KXETH15M-26APR281400-00"",""trade_id"":""b244af0d-2229-70a2-9b45-0f49f693a5d4"",""yes_price_dollars"":""0.6300""}"
KXETH15M-26APR281400-00,a0da7fdf-abec-7ccd-9616-607b68c5c853,1777398664,0.63,53.25,no,"{""count_fp"":""53.25"",""created_time"":""2026-04-28T17:51:04.102354Z"",""no_price_dollars"":""0.3700"",""taker_side"":""no"",""ticker"":""KXETH15M-26APR281400-00"",""trade_id"":""a0da7fdf-abec-7ccd-9616-607b68c5c853"",""yes_price_dollars"":""0.6300""}"
KXETH15M-26APR281400-00,6fb2f0d8-6531-7b08-a8bc-4bbffe108f5a,1777398664,0.65,10.0,no,"{""count_fp"":""10.00"",""created_time"":""2026-04-28T17:51:04.102354Z"",""no_price_dollars"":""0.3500"",""taker_side"":""no"",""ticker"":""KXETH15M-26APR281400-00"",""trade_id"":""6fb2f0d8-6531-7b08-a8bc-4bbffe108f5a"",""yes_price_dollars"":""0.6500""}"
KXETH15M-26APR281400-00,53a75972-c7ef-7735-9dee-c7fa60dd0c67,1777398664,0.63,1.0,no,"{""count_fp"":""1.00"",""created_time"":""2026-04-28T17:51:04.102354Z"",""no_price_dollars"":""0.3700"",""taker_side"":""no"",""ticker"":""KXETH15M-26APR281400-00"",""trade_id"":""53a75972-c7ef-7735-9dee-c7fa60dd0c67"",""yes_price_dollars"":""0.6300""}"
KXETH15M-26APR281400-00,1b60e880-af4a-531f-731d-42e95fd787c9,1777398669,0.63,12.29,no,"{""count_fp"":""12.29"",""created_time"":""2026-04-28T17:51:09.391493Z"",""no_price_dollars"":""0.3700"",""taker_side"":""no"",""ticker"":""KXETH15M-26APR281400-00"",""trade_id"":""1b60e880-af4a-531f-731d-42e95fd787c9"",""yes_price_dollars"":""0.6300""}"
KXETH15M-26APR281400-00,4fa9e7db-a0ca-6f2b-20a3-7fd2d31137a9,1777398670,0.63,2.71,no,"{""count_fp"":""2.71"",""created_time"":""2026-04-28T17:51:10.357524Z"",""no_price_dollars"":""0.3700"",""taker_side"":""no"",""ticker"":""KXETH15M-26APR281400-00"",""trade_id"":""4fa9e7db-a0ca-6f2b-20a3-7fd2d31137a9"",""yes_price_dollars"":""0.6300""}"
KXETH15M-26APR281400-00,f31bad03-5eb9-5008-c4d8-7985bf727b46,1777398671,0.61,9.95,no,"{""count_fp"":""9.95"",""created_time"":""2026-04-28T17:51:11.056924Z"",""no_price_dollars"":""0.3900"",""taker_side"":""no"",""ticker"":""KXETH15M-26APR281400-00"",""trade_id"":""f31bad03-5eb9-5008-c4d8-7985bf727b46"",""yes_price_dollars"":""0.6100""}"
KXETH15M-26APR281400-00,d694c2fc-50c0-556b-f9fe-af52de2fda1d,1777398673,0.57,110.63,no,"{""count_fp"":""110.63"",""created_time"":""2026-04-28T17:51:13.648455Z"",""no_price_dollars"":""0.4300"",""taker_side"":""no"",""ticker"":""KXETH15M-26APR281400-00"",""trade_id"":""d694c2fc-50c0-556b-f9fe-af52de2fda1d"",""yes_price_dollars"":""0.5700""}"
KXETH15M-26APR281400-00,62790cca-6e91-6507-0c34-95f4da107150,1777398675,0.54,10.0,no,"{""count_fp"":""10.00"",""created_time"":""2026-04-28T17:51:15.951063Z"",""no_price_dollars"":""0.4600"",""taker_side"":""no"",""ticker"":""KXETH15M-26APR281400-00"",""trade_id"":""62790cca-6e91-6507-0c34-95f4da107150"",""yes_price_dollars"":""0.5400""}"
KXETH15M-26APR281400-00,197397b8-b120-68e6-08c5-d64a565729c7,1777398675,0.54,4.0,no,"{""count_fp"":""4.00"",""created_time"":""2026-04-28T17:51:15.951063Z"",""no_price_dollars"":""0.4600"",""taker_side"":""no"",""ticker"":""KXETH15M-26APR281400-00"",""trade_id"":""197397b8-b120-68e6-08c5-d64a565729c7"",""yes_price_dollars"":""0.5400""}"
KXETH15M-26APR281400-00,17f44dcf-495a-6284-3fc1-adfb40ce4d1b,1777398675,0.54,10.0,no,"{""count_fp"":""10.00"",""created_time"":""2026-04-28T17:51:15.951063Z"",""no_price_dollars"":""0.4600"",""taker_side"":""no"",""ticker"":""KXETH15M-26APR281400-00"",""trade_id"":""17f44dcf-495a-6284-3fc1-adfb40ce4d1b"",""yes_price_dollars"":""0.5400""}"
KXETH15M-26APR281400-00,406be037-bb5c-675e-3aa1-04a33e543fb2,1777398676,0.54,1.0,yes,"{""count_fp"":""1.00"",""created_time"":""2026-04-28T17:51:16.640581Z"",""no_price_dollars"":""0.4600"",""taker_side"":""yes"",""ticker"":""KXETH15M-26APR281400-00"",""trade_id"":""406be037-bb5c-675e-3aa1-04a33e543fb2"",""yes_price_dollars"":""0.5400""}"
KXETH15M-26APR281400-00,a0524d24-22de-4a37-c2a7-d2b1479397fb,1777398688,0.42,0.35,no,"{""count_fp"":""0.35"",""created_time"":""2026-04-28T17:51:28.795372Z"",""no_price_dollars"":""0.5800"",""taker_side"":""no"",""ticker"":""KXETH15M-26APR281400-00"",""trade_id"":""a0524d24-22de-4a37-c2a7-d2b1479397fb"",""yes_price_dollars"":""0.4200""}"
KXETH15M-26APR281400-00,42a0384a-1cde-4c93-c4e9-a82d670d6640,1777398688,0.43,1.0,no,"{""count_fp"":""1.00"",""created_time"":""2026-04-28T17:51:28.795372Z"",""no_price_dollars"":""0.5700"",""taker_side"":""no"",""ticker"":""KXETH15M-26APR281400-00"",""trade_id"":""42a0384a-1cde-4c93-c4e9-a82d670d6640"",""yes_price_dollars"":""0.4300""}"
KXETH15M-26APR281400-00,67f4a3d7-2025-5b64-bd73-47eab67452b6,1777398690,0.47,2.0,yes,"{""count_fp"":""2.00"",""created_time"":""2026-04-28T17:51:30.561062Z"",""no_price_dollars"":""0.5300"",""taker_side"":""yes"",""ticker"":""KXETH15M-26APR281400-00"",""trade_id"":""67f4a3d7-2025-5b64-bd73-47eab67452b6"",""yes_price_dollars"":""0.4700""}"
KXETH15M-26APR281400-00,8897aa75-1b78-6eed-a697-5c68a1567802,1777398696,0.49,10.0,yes,"{""count_fp"":""10.00"",""created_time"":""2026-04-28T17:51:36.602484Z"",""no_price_dollars"":""0.5100"",""taker_side"":""yes"",""ticker"":""KXETH15M-26APR281400-00"",""trade_id"":""8897aa75-1b78-6eed-a697-5c68a1567802"",""yes_price_dollars"":""0.4900""}"
KXETH15M-26APR281400-00,38de6f91-51b4-6d1e-9692-29fe54a8d42a,1777398696,0.51,44.3,yes,"{""count_fp"":""44.30"",""created_time"":""2026-04-28T17:51:36.602484Z"",""no_price_dollars"":""0.4900"",""taker_side"":""yes"",""ticker"":""KXETH15M-26APR281400-00"",""trade_id"":""38de6f91-51b4-6d1e-9692-29fe54a8d42a"",""yes_price_dollars"":""0.5100""}"
KXETH15M-26APR281400-00,2f62671b-d11c-6d91-9aa8-4441e05615e3,1777398696,0.48,5.0,yes,"{""count_fp"":""5.00"",""created_time"":""2026-04-28T17:51:36.602484Z"",""no_price_dollars"":""0.5200"",""taker_side"":""yes"",""ticker"":""KXETH15M-26APR281400-00"",""trade_id"":""2f62671b-d11c-6d91-9aa8-4441e05615e3"",""yes_price_dollars"":""0.4800""}"
KXETH15M-26APR281400-00,109ec24f-a783-67b3-b3d9-643b3eb6c9a0,1777398696,0.5,10.0,yes,"{""count_fp"":""10.00"",""created_time"":""2026-04-28T17:51:36.602484Z"",""no_price_dollars"":""0.5000"",""taker_side"":""yes"",""ticker"":""KXETH15M-26APR281400-00"",""trade_id"":""109ec24f-a783-67b3-b3d9-643b3eb6c9a0"",""yes_price_dollars"":""0.5000""}"
KXETH15M-26APR281400-00,bb50b59b-647d-7a56-b38f-c8b915923260,1777398697,0.46,8.66,no,"{""count_fp"":""8.66"",""created_time"":""2026-04-28T17:51:37.444968Z"",""no_price_dollars"":""0.5400"",""taker_side"":""no"",""ticker"":""KXETH15M-26APR281400-00"",""trade_id"":""bb50b59b-647d-7a56-b38f-c8b915923260"",""yes_price_dollars"":""0.4600""}"
KXETH15M-26APR281400-00,e0104ab2-8fa4-4ad2-a04b-8cdf11c0767a,1777398699,0.46,10.0,no,"{""count_fp"":""10.00"",""created_time"":""2026-04-28T17:51:39.337227Z"",""no_price_dollars"":""0.5400"",""taker_side"":""no"",""ticker"":""KXETH15M-26APR281400-00"",""trade_id"":""e0104ab2-8fa4-4ad2-a04b-8cdf11c0767a"",""yes_price_dollars"":""0.4600""}"
KXETH15M-26APR281400-00,e408e64e-07a2-7559-d227-2fcb2391aa7b,1777398701,0.45,4.0,no,"{""count_fp"":""4.00"",""created_time"":""2026-04-28T17:51:41.321637Z"",""no_price_dollars"":""0.5500"",""taker_side"":""no"",""ticker"":""KXETH15M-26APR281400-00"",""trade_id"":""e408e64e-07a2-7559-d227-2fcb2391aa7b"",""yes_price_dollars"":""0.4500""}"
KXETH15M-26APR281400-00,5114a39b-6258-782f-d62d-ae1e04b656c1,1777398701,0.45,113.75,no,"{""count_fp"":""113.75"",""created_time"":""2026-04-28T17:51:41.321637Z"",""no_price_dollars"":""0.5500"",""taker_side"":""no"",""ticker"":""KXETH15M-26APR281400-00"",""trade_id"":""5114a39b-6258-782f-d62d-ae1e04b656c1"",""yes_price_dollars"":""0.4500""}"
KXETH15M-26APR281400-00,40b45184-65ba-7e24-fb7a-3314365eeb24,1777398701,0.46,10.0,no,"{""count_fp"":""10.00"",""created_time"":""2026-04-28T17:51:41.321637Z"",""no_price_dollars"":""0.5400"",""taker_side"":""no"",""ticker"":""KXETH15M-26APR281400-00"",""trade_id"":""40b45184-65ba-7e24-fb7a-3314365eeb24"",""yes_price_dollars"":""0.4600""}"
KXETH15M-26APR281400-00,2b0e4823-eb8d-7f4b-edcb-72ce24ac23f6,1777398701,0.46,9.9,no,"{""count_fp"":""9.90"",""created_time"":""2026-04-28T17:51:41.321637Z"",""no_price_dollars"":""0.5400"",""taker_side"":""no"",""ticker"":""KXETH15M-26APR281400-00"",""trade_id"":""2b0e4823-eb8d-7f4b-edcb-72ce24ac23f6"",""yes_price_dollars"":""0.4600""}"
KXETH15M-26APR281400-00,98a6a5f5-f6b8-5d77-5bb3-5df053c18b65,1777398702,0.45,9.0,no,"{""count_fp"":""9.00"",""created_time"":""2026-04-28T17:51:42.035293Z"",""no_price_dollars"":""0.5500"",""taker_side"":""no"",""ticker"":""KXETH15M-26APR281400-00"",""trade_id"":""98a6a5f5-f6b8-5d77-5bb3-5df053c18b65"",""yes_price_dollars"":""0.4500""}"
KXETH15M-26APR281400-00,86209df7-556d-5b10-b046-f4c4e3a354a1,1777398708,0.48,1.06,yes,"{""count_fp"":""1.06"",""created_time"":""2026-04-28T17:51:48.714479Z"",""no_price_dollars"":""0.5200"",""taker_side"":""yes"",""ticker"":""KXETH15M-26APR281400-00"",""trade_id"":""86209df7-556d-5b10-b046-f4c4e3a354a1"",""yes_price_dollars"":""0.4800""}"
KXETH15M-26APR281400-00,346078dc-d721-5197-9dee-f68daed173f6,1777398708,0.45,1.0,yes,"{""count_fp"":""1.00"",""created_time"":""2026-04-28T17:51:48.714479Z"",""no_price_dollars"":""0.5500"",""taker_side"":""yes"",""ticker"":""KXETH15M-26APR281400-00"",""trade_id"":""346078dc-d721-5197-9dee-f68daed173f6"",""yes_price_dollars"":""0.4500""}"
KXETH15M-26APR281400-00,88b70861-de35-7637-87ad-cb951643621c,1777398721,0.44,1.0,no,"{""count_fp"":""1.00"",""created_time"":""2026-04-28T17:52:01.407034Z"",""no_price_dollars"":""0.5600"",""taker_side"":""no"",""ticker"":""KXETH15M-26APR281400-00"",""trade_id"":""88b70861-de35-7637-87ad-cb951643621c"",""yes_price_dollars"":""0.4400""}"
KXETH15M-26APR281400-00,4412f70c-eee9-7dc5-bc8b-843831649baa,1777398721,0.44,10.0,no,"{""count_fp"":""10.00"",""created_time"":""2026-04-28T17:52:01.407034Z"",""no_price_dollars"":""0.5600"",""taker_side"":""no"",""ticker"":""KXETH15M-26APR281400-00"",""trade_id"":""4412f70c-eee9-7dc5-bc8b-843831649baa"",""yes_price_dollars"":""0.4400""}"
KXETH15M-26APR281400-00,7b9d6076-ee6f-7164-54a8-9ae0f4dd0589,1777398724,0.36,2.0,no,"{""count_fp"":""2.00"",""created_time"":""2026-04-28T17:52:04.980938Z"",""no_price_dollars"":""0.6400"",""taker_side"":""no"",""ticker"":""KXETH15M-26APR281400-00"",""trade_id"":""7b9d6076-ee6f-7164-54a8-9ae0f4dd0589"",""yes_price_dollars"":""0.3600""}"
KXETH15M-26APR281400-00,e9830e14-a603-5eb4-3716-2b9c19e99129,1777398724,0.36,1.0,no,"{""count_fp"":""1.00"",""created_time"":""2026-04-28T17:52:04.764629Z"",""no_price_dollars"":""0.6400"",""taker_side"":""no"",""ticker"":""KXETH15M-26APR281400-00"",""trade_id"":""e9830e14-a603-5eb4-3716-2b9c19e99129"",""yes_price_dollars"":""0.3600""}"
KXETH15M-26APR281400-00,22caf1a8-8186-5d69-8e6e-cf0f1d94f167,1777398729,0.33,10.0,no,"{""count_fp"":""10.00"",""created_time"":""2026-04-28T17:52:09.433919Z"",""no_price_dollars"":""0.6700"",""taker_side"":""no"",""ticker"":""KXETH15M-26APR281400-00"",""trade_id"":""22caf1a8-8186-5d69-8e6e-cf0f1d94f167"",""yes_price_dollars"":""0.3300""}"
KXETH15M-26APR281400-00,00960bfe-77a6-5569-a793-9a84daa409e0,1777398729,0.33,5.0,no,"{""count_fp"":""5.00"",""created_time"":""2026-04-28T17:52:09.433919Z"",""no_price_dollars"":""0.6700"",""taker_side"":""no"",""ticker"":""KXETH15M-26APR281400-00"",""trade_id"":""00960bfe-77a6-5569-a793-9a84daa409e0"",""yes_price_dollars"":""0.3300""}"
KXETH15M-26APR281400-00,7cd816a8-515f-7864-dfae-658a182fbe45,1777398729,0.35,0.96,no,"{""count_fp"":""0.96"",""created_time"":""2026-04-28T17:52:09.328007Z"",""no_price_dollars"":""0.6500"",""taker_side"":""no"",""ticker"":""KXETH15M-26APR281400-00"",""trade_id"":""7cd816a8-515f-7864-dfae-658a182fbe45"",""yes_price_dollars"":""0.3500""}"
KXETH15M-26APR281400-00,a1f861b5-839e-7dde-3a21-dfeea6ffb828,1777398729,0.37,1.96,no,"{""count_fp"":""1.96"",""created_time"":""2026-04-28T17:52:09.312043Z"",""no_price_dollars"":""0.6300"",""taker_side"":""no"",""ticker"":""KXETH15M-26APR281400-00"",""trade_id"":""a1f861b5-839e-7dde-3a21-dfeea6ffb828"",""yes_price_dollars"":""0.3700""}"
KXETH15M-26APR281400-00,9c364bcb-6c97-7174-2d85-e7cc68dfedc9,1777398729,0.35,66.04,no,"{""count_fp"":""66.04"",""created_time"":""2026-04-28T17:52:09.312043Z"",""no_price_dollars"":""0.6500"",""taker_side"":""no"",""ticker"":""KXETH15M-26APR281400-00"",""trade_id"":""9c364bcb-6c97-7174-2d85-e7cc68dfedc9"",""yes_price_dollars"":""0.3500""}"
KXETH15M-26APR281400-00,e5f3b6a8-4036-659e-7c9d-94cd488c08e0,1777398729,0.37,3.04,no,"{""count_fp"":""3.04"",""created_time"":""2026-04-28T17:52:09.141762Z"",""no_price_dollars"":""0.6300"",""taker_side"":""no"",""ticker"":""KXETH15M-26APR281400-00"",""trade_id"":""e5f3b6a8-4036-659e-7c9d-94cd488c08e0"",""yes_price_dollars"":""0.3700""}"
KXETH15M-26APR281400-00,4f87ac0d-bf3f-5e56-0991-3f8683510741,1777398732,0.32,7.0,no,"{""count_fp"":""7.00"",""created_time"":""2026-04-28T17:52:12.021256Z"",""no_price_dollars"":""0.6800"",""taker_side"":""no"",""ticker"":""KXETH15M-26APR281400-00"",""trade_id"":""4f87ac0d-bf3f-5e56-0991-3f8683510741"",""yes_price_dollars"":""0.3200""}"
KXETH15M-26APR281400-00,765fdf2d-b20f-7d16-6b82-9858253d5f9d,1777398733,0.32,1.0,no,"{""count_fp"":""1.00"",""created_time"":""2026-04-28T17:52:13.925045Z"",""no_price_dollars"":""0.6800"",""taker_side"":""no"",""ticker"":""KXETH15M-26APR281400-00"",""trade_id"":""765fdf2d-b20f-7d16-6b82-9858253d5f9d"",""yes_price_dollars"":""0.3200""}"
KXETH15M-26APR281400-00,dc9ebca2-8cfd-5d84-d023-41ef88965ae5,1777398735,0.33,10.0,yes,"{""count_fp"":""10.00"",""created_time"":""2026-04-28T17:52:15.825474Z"",""no_price_dollars"":""0.6700"",""taker_side"":""yes"",""ticker"":""KXETH15M-26APR281400-00"",""trade_id"":""dc9ebca2-8cfd-5d84-d023-41ef88965ae5"",""yes_price_dollars"":""0.3300""}"
KXETH15M-26APR281400-00,42ecd65e-3baa-5c14-cc3d-b441e3bb0f60,1777398735,0.33,100.0,yes,"{""count_fp"":""100.00"",""created_time"":""2026-04-28T17:52:15.825474Z"",""no_price_dollars"":""0.6700"",""taker_side"":""yes"",""ticker"":""KXETH15M-26APR281400-00"",""trade_id"":""42ecd65e-3baa-5c14-cc3d-b441e3bb0f60"",""yes_price_dollars"":""0.3300""}"
KXETH15M-26APR281400-00,269ae6c7-4762-5513-d5e6-ee854b451112,1777398735,0.33,10.0,yes,"{""count_fp"":""10.00"",""created_time"":""2026-04-28T17:52:15.825474Z"",""no_price_dollars"":""0.6700"",""taker_side"":""yes"",""ticker"":""KXETH15M-26APR281400-00"",""trade_id"":""269ae6c7-4762-5513-d5e6-ee854b451112"",""yes_price_dollars"":""0.3300""}"
KXETH15M-26APR281400-00,286ef16a-45dc-61ce-6b00-78f07439acc2,1777398735,0.33,28.94,yes,"{""count_fp"":""28.94"",""created_time"":""2026-04-28T17:52:15.374988Z"",""no_price_dollars"":""0.6700"",""taker_side"":""yes"",""ticker"":""KXETH15M-26APR281400-00"",""trade_id"":""286ef16a-45dc-61ce-6b00-78f07439acc2"",""yes_price_dollars"":""0.3300""}"
KXETH15M-26APR281400-00,fdeed78c-f4fd-5901-614c-ee8151f1f6fe,1777398736,0.34,10.0,yes,"{""count_fp"":""10.00"",""created_time"":""2026-04-28T17:52:16.692885Z"",""no_price_dollars"":""0.6600"",""taker_side"":""yes"",""ticker"":""KXETH15M-26APR281400-00"",""trade_id"":""fdeed78c-f4fd-5901-614c-ee8151f1f6fe"",""yes_price_dollars"":""0.3400""}"
KXETH15M-26APR281400-00,25800fd5-352e-66d4-d9b5-af21f743c918,1777398739,0.35,0.5,no,"{""count_fp"":""0.50"",""created_time"":""2026-04-28T17:52:19.606343Z"",""no_price_dollars"":""0.6500"",""taker_side"":""no"",""ticker"":""KXETH15M-26APR281400-00"",""trade_id"":""25800fd5-352e-66d4-d9b5-af21f743c918"",""yes_price_dollars"":""0.3500""}"
KXETH15M-26APR281400-00,04496983-e560-6ca4-f3c6-567b473f386f,1777398739,0.37,1.0,no,"{""count_fp"":""1.00"",""created_time"":""2026-04-28T17:52:19.606343Z"",""no_price_dollars"":""0.6300"",""taker_side"":""no"",""ticker"":""KXETH15M-26APR281400-00"",""trade_id"":""04496983-e560-6ca4-f3c6-567b473f386f"",""yes_price_dollars"":""0.3700""}"
KXETH15M-26APR281400-00,cd37f4fd-755c-5f45-988c-0d55af71bbe4,1777398743,0.38,7.94,yes,"{""count_fp"":""7.94"",""created_time"":""2026-04-28T17:52:23.814073Z"",""no_price_dollars"":""0.6200"",""taker_side"":""yes"",""ticker"":""KXETH15M-26APR281400-00"",""trade_id"":""cd37f4fd-755c-5f45-988c-0d55af71bbe4"",""yes_price_dollars"":""0.3800""}"
KXETH15M-26APR281400-00,83cd6f77-8c84-5c66-b36e-9201697daedd,1777398743,0.38,9.67,yes,"{""count_fp"":""9.67"",""created_time"":""2026-04-28T17:52:23.814073Z"",""no_price_dollars"":""0.6200"",""taker_side"":""yes"",""ticker"":""KXETH15M-26APR281400-00"",""trade_id"":""83cd6f77-8c84-5c66-b36e-9201697daedd"",""yes_price_dollars"":""0.3800""}"
KXETH15M-26APR281400-00,57731a68-940a-5980-967b-41b99babf214,1777398743,0.38,10.0,yes,"{""count_fp"":""10.00"",""created_time"":""2026-04-28T17:52:23.814073Z"",""no_price_dollars"":""0.6200"",""taker_side"":""yes"",""ticker"":""KXETH15M-26APR281400-00"",""trade_id"":""57731a68-940a-5980-967b-41b99babf214"",""yes_price_dollars"":""0.3800""}"
KXETH15M-26APR281400-00,3ae07a56-3b79-5626-a30a-deab035e2484,1777398743,0.38,10.0,yes,"{""count_fp"":""10.00"",""created_time"":""2026-04-28T17:52:23.814073Z"",""no_price_dollars"":""0.6200"",""taker_side"":""yes"",""ticker"":""KXETH15M-26APR281400-00"",""trade_id"":""3ae07a56-3b79-5626-a30a-deab035e2484"",""yes_price_dollars"":""0.3800""}"
KXETH15M-26APR281400-00,f213805d-36db-6d6a-3b4e-790ae4b154b6,1777398744,0.34,1.0,no,"{""count_fp"":""1.00"",""created_time"":""2026-04-28T17:52:24.656031Z"",""no_price_dollars"":""0.6600"",""taker_side"":""no"",""ticker"":""KXETH15M-26APR281400-00"",""trade_id"":""f213805d-36db-6d6a-3b4e-790ae4b154b6"",""yes_price_dollars"":""0.3400""}"
KXETH15M-26APR281400-00,7e3591c9-899c-59a3-6306-2b768b344f60,1777398747,0.33,1.0,no,"{""count_fp"":""1.00"",""created_time"":""2026-04-28T17:52:27.760889Z"",""no_price_dollars"":""0.6700"",""taker_side"":""no"",""ticker"":""KXETH15M-26APR281400-00"",""trade_id"":""7e3591c9-899c-59a3-6306-2b768b344f60"",""yes_price_dollars"":""0.3300""}"
KXETH15M-26APR281400-00,4da8de76-9244-659d-65f9-dc46458fc5f2,1777398750,0.33,1.0,no,"{""count_fp"":""1.00"",""created_time"":""2026-04-28T17:52:30.571777Z"",""no_price_dollars"":""0.6700"",""taker_side"":""no"",""ticker"":""KXETH15M-26APR281400-00"",""trade_id"":""4da8de76-9244-659d-65f9-dc46458fc5f2"",""yes_price_dollars"":""0.3300""}"
KXETH15M-26APR281400-00,456249af-e0d3-56b6-8ea5-39cb43434d25,1777398752,0.33,1.0,no,"{""count_fp"":""1.00"",""created_time"":""2026-04-28T17:52:32.123489Z"",""no_price_dollars"":""0.6700"",""taker_side"":""no"",""ticker"":""KXETH15M-26APR281400-00"",""trade_id"":""456249af-e0d3-56b6-8ea5-39cb43434d25"",""yes_price_dollars"":""0.3300""}"
KXETH15M-26APR281400-00,88e3630c-6a0d-6205-a8e1-b26bdca34702,1777398758,0.39,2.41,yes,"{""count_fp"":""2.41"",""created_time"":""2026-04-28T17:52:38.370727Z"",""no_price_dollars"":""0.6100"",""taker_side"":""yes"",""ticker"":""KXETH15M-26APR281400-00"",""trade_id"":""88e3630c-6a0d-6205-a8e1-b26bdca34702"",""yes_price_dollars"":""0.3900""}"
KXETH15M-26APR281400-00,9f3805e5-92af-5572-6b61-c3198b87b3ee,1777398759,0.33,10.0,no,"{""count_fp"":""10.00"",""created_time"":""2026-04-28T17:52:39.522128Z"",""no_price_dollars"":""0.6700"",""taker_side"":""no"",""ticker"":""KXETH15M-26APR281400-00"",""trade_id"":""9f3805e5-92af-5572-6b61-c3198b87b3ee"",""yes_price_dollars"":""0.3300""}"
KXETH15M-26APR281400-00,56716668-cba5-66b4-2e1e-4ca80275ac8e,1777398759,0.35,1.0,no,"{""count_fp"":""1.00"",""created_time"":""2026-04-28T17:52:39.191379Z"",""no_price_dollars"":""0.6500"",""taker_side"":""no"",""ticker"":""KXETH15M-26APR281400-00"",""trade_id"":""56716668-cba5-66b4-2e1e-4ca80275ac8e"",""yes_price_dollars"":""0.3500""}"
KXETH15M-26APR281400-00,fbf4c280-2a4d-6d9d-7e20-d98415061ae6,1777398763,0.39,4.91,yes,"{""count_fp"":""4.91"",""created_time"":""2026-04-28T17:52:43.054817Z"",""no_price_dollars"":""0.6100"",""taker_side"":""yes"",""ticker"":""KXETH15M-26APR281400-00"",""trade_id"":""fbf4c280-2a4d-6d9d-7e20-d98415061ae6"",""yes_price_dollars"":""0.3900""}"
KXETH15M-26APR281400-00,0b81bac5-fc27-6dae-5d52-26143dbb3989,1777398765,0.34,1.88,no,"{""count_fp"":""1.88"",""created_time"":""2026-04-28T17:52:45.920434Z"",""no_price_dollars"":""0.6600"",""taker_side"":""no"",""ticker"":""KXETH15M-26APR281400-00"",""trade_id"":""0b81bac5-fc27-6dae-5d52-26143dbb3989"",""yes_price_dollars"":""0.3400""}"
KXETH15M-26APR281400-00,e27649ec-25bf-5a8a-63e7-1bec22b4471a,1777398767,0.33,13.12,no,"{""count_fp"":""13.12"",""created_time"":""2026-04-28T17:52:47.033299Z"",""no_price_dollars"":""0.6700"",""taker_side"":""no"",""ticker"":""KXETH15M-26APR281400-00"",""trade_id"":""e27649ec-25bf-5a8a-63e7-1bec22b4471a"",""yes_price_dollars"":""0.3300""}"
KXETH15M-26APR281400-00,5442f370-2d67-5c92-b342-964a731c087a,1777398769,0.39,10.0,yes,"{""count_fp"":""10.00"",""created_time"":""2026-04-28T17:52:49.654093Z"",""no_price_dollars"":""0.6100"",""taker_side"":""yes"",""ticker"":""KXETH15M-26APR281400-00"",""trade_id"":""5442f370-2d67-5c92-b342-964a731c087a"",""yes_price_dollars"":""0.3900""}"
KXETH15M-26APR281400-00,fcd33cdc-a6b7-43ed-cbd4-0d8b13237359,1777398780,0.39,1.0,no,"{""count_fp"":""1.00"",""created_time"":""2026-04-28T17:53:00.621571Z"",""no_price_dollars"":""0.6100"",""taker_side"":""no"",""ticker"":""KXETH15M-26APR281400-00"",""trade_id"":""fcd33cdc-a6b7-43ed-cbd4-0d8b13237359"",""yes_price_dollars"":""0.3900""}"
KXETH15M-26APR281400-00,aad08037-58f2-4afb-e27b-a3c2e06703e6,1777398780,0.37,5.0,no,"{""count_fp"":""5.00"",""created_time"":""2026-04-28T17:53:00.621571Z"",""no_price_dollars"":""0.6300"",""taker_side"":""no"",""ticker"":""KXETH15M-26APR281400-00"",""trade_id"":""aad08037-58f2-4afb-e27b-a3c2e06703e6"",""yes_price_dollars"":""0.3700""}"
KXETH15M-26APR281400-00,a338db9a-2d1f-6b65-8ecb-feb4f16501ce,1777398781,0.33,10.0,no,"{""count_fp"":""10.00"",""created_time"":""2026-04-28T17:53:01.821455Z"",""no_price_dollars"":""0.6700"",""taker_side"":""no"",""ticker"":""KXETH15M-26APR281400-00"",""trade_id"":""a338db9a-2d1f-6b65-8ecb-feb4f16501ce"",""yes_price_dollars"":""0.3300""}"
KXETH15M-26APR281400-00,6a21077b-a6c8-6cfb-b38a-1c3e4075e5d1,1777398781,0.33,10.0,no,"{""count_fp"":""10.00"",""created_time"":""2026-04-28T17:53:01.821455Z"",""no_price_dollars"":""0.6700"",""taker_side"":""no"",""ticker"":""KXETH15M-26APR281400-00"",""trade_id"":""6a21077b-a6c8-6cfb-b38a-1c3e4075e5d1"",""yes_price_dollars"":""0.3300""}"
KXETH15M-26APR281400-00,1a612fe5-344b-56e2-b299-5b5a5f204305,1777398783,0.32,53.0,no,"{""count_fp"":""53.00"",""created_time"":""2026-04-28T17:53:03.267445Z"",""no_price_dollars"":""0.6800"",""taker_side"":""no"",""ticker"":""KXETH15M-26APR281400-00"",""trade_id"":""1a612fe5-344b-56e2-b299-5b5a5f204305"",""yes_price_dollars"":""0.3200""}"
KXETH15M-26APR281400-00,9351d509-1827-4926-16b5-a2ea0058d809,1777398784,0.32,1.0,no,"{""count_fp"":""1.00"",""created_time"":""2026-04-28T17:53:04.765774Z"",""no_price_dollars"":""0.6800"",""taker_side"":""no"",""ticker"":""KXETH15M-26APR281400-00"",""trade_id"":""9351d509-1827-4926-16b5-a2ea0058d809"",""yes_price_dollars"":""0.3200""}"
KXETH15M-26APR281400-00,dc755095-0473-472a-960c-536b274eebc9,1777398784,0.32,438.0,no,"{""count_fp"":""438.00"",""created_time"":""2026-04-28T17:53:04.748937Z"",""no_price_dollars"":""0.6800"",""taker_side"":""no"",""ticker"":""KXETH15M-26APR281400-00"",""trade_id"":""dc755095-0473-472a-960c-536b274eebc9"",""yes_price_dollars"":""0.3200""}"
KXETH15M-26APR281400-00,d42026ad-fb5f-7074-3679-8313e51b859f,1777398785,0.29,133.0,no,"{""count_fp"":""133.00"",""created_time"":""2026-04-28T17:53:05.954159Z"",""no_price_dollars"":""0.7100"",""taker_side"":""no"",""ticker"":""KXETH15M-26APR281400-00"",""trade_id"":""d42026ad-fb5f-7074-3679-8313e51b859f"",""yes_price_dollars"":""0.2900""}"
KXETH15M-26APR281400-00,52d2695f-fe57-7c93-36b3-ada6ad934f53,1777398785,0.3,5.0,no,"{""count_fp"":""5.00"",""created_time"":""2026-04-28T17:53:05.954159Z"",""no_price_dollars"":""0.7000"",""taker_side"":""no"",""ticker"":""KXETH15M-26APR281400-00"",""trade_id"":""52d2695f-fe57-7c93-36b3-ada6ad934f53"",""yes_price_dollars"":""0.3000""}"
KXETH15M-26APR281400-00,3218a715-d636-7262-18d9-ff601312ce51,1777398785,0.29,10.0,no,"{""count_fp"":""10.00"",""created_time"":""2026-04-28T17:53:05.954159Z"",""no_price_dollars"":""0.7100"",""taker_side"":""no"",""ticker"":""KXETH15M-26APR281400-00"",""trade_id"":""3218a715-d636-7262-18d9-ff601312ce51"",""yes_price_dollars"":""0.2900""}"
KXETH15M-26APR281400-00,b7cc74dd-47d3-513e-139f-f17bd94f81b1,1777398786,0.26,2.0,no,"{""count_fp"":""2.00"",""created_time"":""2026-04-28T17:53:06.899459Z"",""no_price_dollars"":""0.7400"",""taker_side"":""no"",""ticker"":""KXETH15M-26APR281400-00"",""trade_id"":""b7cc74dd-47d3-513e-139f-f17bd94f81b1"",""yes_price_dollars"":""0.2600""}"
KXETH15M-26APR281400-00,0d88e590-b298-7e21-593b-9cccc00fe553,1777398787,0.28,1.0,no,"{""count_fp"":""1.00"",""created_time"":""2026-04-28T17:53:07.290384Z"",""no_price_dollars"":""0.7200"",""taker_side"":""no"",""ticker"":""KXETH15M-26APR281400-00"",""trade_id"":""0d88e590-b298-7e21-593b-9cccc00fe553"",""yes_price_dollars"":""0.2800""}"
KXETH15M-26APR281400-00,4bad7360-b4dc-76b1-a8cc-d73875cee87c,1777398788,0.29,8.66,yes,"{""count_fp"":""8.66"",""created_time"":""2026-04-28T17:53:08.769636Z"",""no_price_dollars"":""0.7100"",""taker_side"":""yes"",""ticker"":""KXETH15M-26APR281400-00"",""trade_id"":""4bad7360-b4dc-76b1-a8cc-d73875cee87c"",""yes_price_dollars"":""0.2900""}"
KXETH15M-26APR281400-00,933f4c88-f16b-4eb6-c8a8-1d6268a7504d,1777398788,0.25,6.0,no,"{""count_fp"":""6.00"",""created_time"":""2026-04-28T17:53:08.041084Z"",""no_price_dollars"":""0.7500"",""taker_side"":""no"",""ticker"":""KXETH15M-26APR281400-00"",""trade_id"":""933f4c88-f16b-4eb6-c8a8-1d6268a7504d"",""yes_price_dollars"":""0.2500""}"
KXETH15M-26APR281400-00,820da534-00c7-4b0e-ff28-46e312358ab0,1777398788,0.25,1.0,no,"{""count_fp"":""1.00"",""created_time"":""2026-04-28T17:53:08.041084Z"",""no_price_dollars"":""0.7500"",""taker_side"":""no"",""ticker"":""KXETH15M-26APR281400-00"",""trade_id"":""820da534-00c7-4b0e-ff28-46e312358ab0"",""yes_price_dollars"":""0.2500""}"
KXETH15M-26APR281400-00,446203e4-cbd6-4de4-e5d3-ce1e23f1668f,1777398788,0.28,5.0,no,"{""count_fp"":""5.00"",""created_time"":""2026-04-28T17:53:08.041084Z"",""no_price_dollars"":""0.7200"",""taker_side"":""no"",""ticker"":""KXETH15M-26APR281400-00"",""trade_id"":""446203e4-cbd6-4de4-e5d3-ce1e23f1668f"",""yes_price_dollars"":""0.2800""}"
KXETH15M-26APR281400-00,0c1177a4-d54b-5b1a-0a89-bb7d5a13cdad,1777398789,0.27,1.57,no,"{""count_fp"":""1.57"",""created_time"":""2026-04-28T17:53:09.669491Z"",""no_price_dollars"":""0.7300"",""taker_side"":""no"",""ticker"":""KXETH15M-26APR281400-00"",""trade_id"":""0c1177a4-d54b-5b1a-0a89-bb7d5a13cdad"",""yes_price_dollars"":""0.2700""}"
KXETH15M-26APR281400-00,bc2e84dd-871b-5893-4bc8-5c055e53e596,1777398789,0.3,10.0,yes,"{""count_fp"":""10.00"",""created_time"":""2026-04-28T17:53:09.310525Z"",""no_price_dollars"":""0.7000"",""taker_side"":""yes"",""ticker"":""KXETH15M-26APR281400-00"",""trade_id"":""bc2e84dd-871b-5893-4bc8-5c055e53e596"",""yes_price_dollars"":""0.3000""}"
KXETH15M-26APR281400-00,70358f3b-68d2-5a8f-45d6-e0cb1891344d,1777398789,0.33,17.65,yes,"{""count_fp"":""17.65"",""created_time"":""2026-04-28T17:53:09.310525Z"",""no_price_dollars"":""0.6700"",""taker_side"":""yes"",""ticker"":""KXETH15M-26APR281400-00"",""trade_id"":""70358f3b-68d2-5a8f-45d6-e0cb1891344d"",""yes_price_dollars"":""0.3300""}"
KXETH15M-26APR281400-00,61432cc0-639e-5f8c-6b8f-055eb631d13c,1777398789,0.3,10.0,yes,"{""count_fp"":""10.00"",""created_time"":""2026-04-28T17:53:09.310525Z"",""no_price_dollars"":""0.7000"",""taker_side"":""yes"",""ticker"":""KXETH15M-26APR281400-00"",""trade_id"":""61432cc0-639e-5f8c-6b8f-055eb631d13c"",""yes_price_dollars"":""0.3000""}"
KXETH15M-26APR281400-00,1131c7db-9bb0-59cd-7551-00a5016d36a0,1777398789,0.3,100.0,yes,"{""count_fp"":""100.00"",""created_time"":""2026-04-28T17:53:09.310525Z"",""no_price_dollars"":""0.7000"",""taker_side"":""yes"",""ticker"":""KXETH15M-26APR281400-00"",""trade_id"":""1131c7db-9bb0-59cd-7551-00a5016d36a0"",""yes_price_dollars"":""0.3000""}"
KXETH15M-26APR281400-00,e5e6b3ce-b521-5c39-027b-28c8f3b869dd,1777398789,0.27,5.0,no,"{""count_fp"":""5.00"",""created_time"":""2026-04-28T17:53:09.161152Z"",""no_price_dollars"":""0.7300"",""taker_side"":""no"",""ticker"":""KXETH15M-26APR281400-00"",""trade_id"":""e5e6b3ce-b521-5c39-027b-28c8f3b869dd"",""yes_price_dollars"":""0.2700""}"
KXETH15M-26APR281400-00,2c19b5c9-2968-5a01-3bdc-c91b68966739,1777398789,0.24,1.0,no,"{""count_fp"":""1.00"",""created_time"":""2026-04-28T17:53:09.161152Z"",""no_price_dollars"":""0.7600"",""taker_side"":""no"",""ticker"":""KXETH15M-26APR281400-00"",""trade_id"":""2c19b5c9-2968-5a01-3bdc-c91b68966739"",""yes_price_dollars"":""0.2400""}"
KXETH15M-26APR281400-00,021d1344-7d3f-56a4-1a3b-e069db3ff58d,1777398789,0.24,2.97,no,"{""count_fp"":""2.97"",""created_time"":""2026-04-28T17:53:09.161152Z"",""no_price_dollars"":""0.7600"",""taker_side"":""no"",""ticker"":""KXETH15M-26APR281400-00"",""trade_id"":""021d1344-7d3f-56a4-1a3b-e069db3ff58d"",""yes_price_dollars"":""0.2400""}"
KXETH15M-26APR281400-00,4215e06e-d699-556e-7485-783457d548d2,1777398796,0.28,7.0,no,"{""count_fp"":""7.00"",""created_time"":""2026-04-28T17:53:16.790449Z"",""no_price_dollars"":""0.7200"",""taker_side"":""no"",""ticker"":""KXETH15M-26APR281400-00"",""trade_id"":""4215e06e-d699-556e-7485-783457d548d2"",""yes_price_dollars"":""0.2800""}"
KXETH15M-26APR281400-00,408f944e-26ec-7272-68e4-77811deb5886,1777398796,0.28,1.0,no,"{""count_fp"":""1.00"",""created_time"":""2026-04-28T17:53:16.286831Z"",""no_price_dollars"":""0.7200"",""taker_side"":""no"",""ticker"":""KXETH15M-26APR281400-00"",""trade_id"":""408f944e-26ec-7272-68e4-77811deb5886"",""yes_price_dollars"":""0.2800""}"
KXETH15M-26APR281400-00,cb31c1e4-7aac-410e-c943-cf7fc6e85c0e,1777398797,0.27,4.0,no,"{""count_fp"":""4.00"",""created_time"":""2026-04-28T17:53:17.242238Z"",""no_price_dollars"":""0.7300"",""taker_side"":""no"",""ticker"":""KXETH15M-26APR281400-00"",""trade_id"":""cb31c1e4-7aac-410e-c943-cf7fc6e85c0e"",""yes_price_dollars"":""0.2700""}"
KXETH15M-26APR281400-00,b294ee46-ca4f-478c-e0e0-9a9c076a4ca5,1777398797,0.26,28.55,no,"{""count_fp"":""28.55"",""created_time"":""2026-04-28T17:53:17.242238Z"",""no_price_dollars"":""0.7400"",""taker_side"":""no"",""ticker"":""KXETH15M-26APR281400-00"",""trade_id"":""b294ee46-ca4f-478c-e0e0-9a9c076a4ca5"",""yes_price_dollars"":""0.2600""}"
KXETH15M-26APR281400-00,bb995a15-3ae3-6e38-6ac9-6797b6e64d2d,1777398798,0.26,7.0,no,"{""count_fp"":""7.00"",""created_time"":""2026-04-28T17:53:18.596981Z"",""no_price_dollars"":""0.7400"",""taker_side"":""no"",""ticker"":""KXETH15M-26APR281400-00"",""trade_id"":""bb995a15-3ae3-6e38-6ac9-6797b6e64d2d"",""yes_price_dollars"":""0.2600""}"
KXETH15M-26APR281400-00,89b2e4b7-f216-7126-f1c7-e99c979dfe97,1777398802,0.25,10.0,no,"{""count_fp"":""10.00"",""created_time"":""2026-04-28T17:53:22.564286Z"",""no_price_dollars"":""0.7500"",""taker_side"":""no"",""ticker"":""KXETH15M-26APR281400-00"",""trade_id"":""89b2e4b7-f216-7126-f1c7-e99c979dfe97"",""yes_price_dollars"":""0.2500""}"
KXETH15M-26APR281400-00,202ab51a-953f-716a-d747-4628d8ce33bd,1777398802,0.25,9.0,no,"{""count_fp"":""9.00"",""created_time"":""2026-04-28T17:53:22.564286Z"",""no_price_dollars"":""0.7500"",""taker_side"":""no"",""ticker"":""KXETH15M-26APR281400-00"",""trade_id"":""202ab51a-953f-716a-d747-4628d8ce33bd"",""yes_price_dollars"":""0.2500""}"
KXETH15M-26APR281400-00,1db4f75c-51c3-5c00-25f9-f99b5168b871,1777398802,0.26,1.34,no,"{""count_fp"":""1.34"",""created_time"":""2026-04-28T17:53:22.379077Z"",""no_price_dollars"":""0.7400"",""taker_side"":""no"",""ticker"":""KXETH15M-26APR281400-00"",""trade_id"":""1db4f75c-51c3-5c00-25f9-f99b5168b871"",""yes_price_dollars"":""0.2600""}"
KXETH15M-26APR281400-00,d6da1771-12a8-72af-fedf-35cd3d852542,1777398803,0.22,7.0,no,"{""count_fp"":""7.00"",""created_time"":""2026-04-28T17:53:23.959332Z"",""no_price_dollars"":""0.7800"",""taker_side"":""no"",""ticker"":""KXETH15M-26APR281400-00"",""trade_id"":""d6da1771-12a8-72af-fedf-35cd3d852542"",""yes_price_dollars"":""0.2200""}"
KXETH15M-26APR281400-00,a148201b-fbbc-7a8f-c291-4857f8d525de,1777398803,0.22,7.0,no,"{""count_fp"":""7.00"",""created_time"":""2026-04-28T17:53:23.908428Z"",""no_price_dollars"":""0.7800"",""taker_side"":""no"",""ticker"":""KXETH15M-26APR281400-00"",""trade_id"":""a148201b-fbbc-7a8f-c291-4857f8d525de"",""yes_price_dollars"":""0.2200""}"
KXETH15M-26APR281400-00,cdddb298-f20b-690e-2656-1896b33ae0b2,1777398803,0.23,6.0,no,"{""count_fp"":""6.00"",""created_time"":""2026-04-28T17:53:23.354335Z"",""no_price_dollars"":""0.7700"",""taker_side"":""no"",""ticker"":""KXETH15M-26APR281400-00"",""trade_id"":""cdddb298-f20b-690e-2656-1896b33ae0b2"",""yes_price_dollars"":""0.2300""}"
KXETH15M-26APR281400-00,60d6450e-5274-6352-0484-23ebba58d6d4,1777398803,0.23,1.0,no,"{""count_fp"":""1.00"",""created_time"":""2026-04-28T17:53:23.354335Z"",""no_price_dollars"":""0.7700"",""taker_side"":""no"",""ticker"":""KXETH15M-26APR281400-00"",""trade_id"":""60d6450e-5274-6352-0484-23ebba58d6d4"",""yes_price_dollars"":""0.2300""}"
KXETH15M-26APR281400-00,35ce4365-6920-68f2-556a-7a43b399f0e0,1777398806,0.24,22.35,yes,"{""count_fp"":""22.35"",""created_time"":""2026-04-28T17:53:26.359524Z"",""no_price_dollars"":""0.7600"",""taker_side"":""yes"",""ticker"":""KXETH15M-26APR281400-00"",""trade_id"":""35ce4365-6920-68f2-556a-7a43b399f0e0"",""yes_price_dollars"":""0.2400""}"
KXETH15M-26APR281400-00,f33ccb98-5dc4-593b-04cc-a98dc0cc8cee,1777398808,0.22,247.52,no,"{""count_fp"":""247.52"",""created_time"":""2026-04-28T17:53:28.439416Z"",""no_price_dollars"":""0.7800"",""taker_side"":""no"",""ticker"":""KXETH15M-26APR281400-00"",""trade_id"":""f33ccb98-5dc4-593b-04cc-a98dc0cc8cee"",""yes_price_dollars"":""0.2200""}"
KXETH15M-26APR281400-00,12d6123a-56a2-54af-13e7-2c3ee60ff66b,1777398808,0.23,5.0,no,"{""count_fp"":""5.00"",""created_time"":""2026-04-28T17:53:28.439416Z"",""no_price_dollars"":""0.7700"",""taker_side"":""no"",""ticker"":""KXETH15M-26APR281400-00"",""trade_id"":""12d6123a-56a2-54af-13e7-2c3ee60ff66b"",""yes_price_dollars"":""0.2300""}"
KXETH15M-26APR281400-00,444fedd6-e630-57ff-8a4b-a64d5efb9cbe,1777398815,0.22,6.31,no,"{""count_fp"":""6.31"",""created_time"":""2026-04-28T17:53:35.715877Z"",""no_price_dollars"":""0.7800"",""taker_side"":""no"",""ticker"":""KXETH15M-26APR281400-00"",""trade_id"":""444fedd6-e630-57ff-8a4b-a64d5efb9cbe"",""yes_price_dollars"":""0.2200""}"
KXETH15M-26APR281400-00,13924f2b-28b8-7a23-a83c-8166fd5fdf56,1777398820,0.22,19.9,no,"{""count_fp"":""19.90"",""created_time"":""2026-04-28T17:53:40.445363Z"",""no_price_dollars"":""0.7800"",""taker_side"":""no"",""ticker"":""KXETH15M-26APR281400-00"",""trade_id"":""13924f2b-28b8-7a23-a83c-8166fd5fdf56"",""yes_price_dollars"":""0.2200""}"
KXETH15M-26APR281400-00,defb487c-6dcb-7030-6322-3197696a7a65,1777398825,0.2,3.65,no,"{""count_fp"":""3.65"",""created_time"":""2026-04-28T17:53:45.450712Z"",""no_price_dollars"":""0.8000"",""taker_side"":""no"",""ticker"":""KXETH15M-26APR281400-00"",""trade_id"":""defb487c-6dcb-7030-6322-3197696a7a65"",""yes_price_dollars"":""0.2000""}"
KXETH15M-26APR281400-00,dd091c30-ea03-7a77-6bbd-445cfbb3dd4a,1777398825,0.2,1.0,no,"{""count_fp"":""1.00"",""created_time"":""2026-04-28T17:53:45.450712Z"",""no_price_dollars"":""0.8000"",""taker_side"":""no"",""ticker"":""KXETH15M-26APR281400-00"",""trade_id"":""dd091c30-ea03-7a77-6bbd-445cfbb3dd4a"",""yes_price_dollars"":""0.2000""}"
KXETH15M-26APR281400-00,c10c05ab-e6ad-73a2-6880-185a67d45ff8,1777398825,0.21,5.0,no,"{""count_fp"":""5.00"",""created_time"":""2026-04-28T17:53:45.450712Z"",""no_price_dollars"":""0.7900"",""taker_side"":""no"",""ticker"":""KXETH15M-26APR281400-00"",""trade_id"":""c10c05ab-e6ad-73a2-6880-185a67d45ff8"",""yes_price_dollars"":""0.2100""}"
KXETH15M-26APR281400-00,a52bc699-8afa-71d6-75dc-784f1e343b7a,1777398825,0.21,1.0,no,"{""count_fp"":""1.00"",""created_time"":""2026-04-28T17:53:45.450712Z"",""no_price_dollars"":""0.7900"",""taker_side"":""no"",""ticker"":""KXETH15M-26APR281400-00"",""trade_id"":""a52bc699-8afa-71d6-75dc-784f1e343b7a"",""yes_price_dollars"":""0.2100""}"
KXETH15M-26APR281400-00,80b128be-d55c-7267-5c9d-0b03b0450bae,1777398825,0.22,303.78,no,"{""count_fp"":""303.78"",""created_time"":""2026-04-28T17:53:45.450712Z"",""no_price_dollars"":""0.7800"",""taker_side"":""no"",""ticker"":""KXETH15M-26APR281400-00"",""trade_id"":""80b128be-d55c-7267-5c9d-0b03b0450bae"",""yes_price_dollars"":""0.2200""}"
KXETH15M-26APR281400-00,03c69dde-2340-7d8d-6e89-e075076df84c,1777398825,0.2,1.0,no,"{""count_fp"":""1.00"",""created_time"":""2026-04-28T17:53:45.450712Z"",""no_price_dollars"":""0.8000"",""taker_side"":""no"",""ticker"":""KXETH15M-26APR281400-00"",""trade_id"":""03c69dde-2340-7d8d-6e89-e075076df84c"",""yes_price_dollars"":""0.2000""}"
KXETH15M-26APR281400-00,b3742d64-7b39-4876-d619-7304b8339aee,1777398828,0.22,5.0,no,"{""count_fp"":""5.00"",""created_time"":""2026-04-28T17:53:48.852782Z"",""no_price_dollars"":""0.7800"",""taker_side"":""no"",""ticker"":""KXETH15M-26APR281400-00"",""trade_id"":""b3742d64-7b39-4876-d619-7304b8339aee"",""yes_price_dollars"":""0.2200""}"
KXETH15M-26APR281400-00,78ece9f7-0d87-48ac-e5fa-2937e497b3a5,1777398828,0.21,22.68,no,"{""count_fp"":""22.68"",""created_time"":""2026-04-28T17:53:48.852782Z"",""no_price_dollars"":""0.7900"",""taker_side"":""no"",""ticker"":""KXETH15M-26APR281400-00"",""trade_id"":""78ece9f7-0d87-48ac-e5fa-2937e497b3a5"",""yes_price_dollars"":""0.2100""}"
KXETH15M-26APR281400-00,fb8a8c48-67b8-6a57-050c-c61aa4fe5a89,1777398828,0.21,10.0,yes,"{""count_fp"":""10.00"",""created_time"":""2026-04-28T17:53:48.697644Z"",""no_price_dollars"":""0.7900"",""taker_side"":""yes"",""ticker"":""KXETH15M-26APR281400-00"",""trade_id"":""fb8a8c48-67b8-6a57-050c-c61aa4fe5a89"",""yes_price_dollars"":""0.2100""}"
KXETH15M-26APR281400-00,afeafda8-c22f-68e8-c203-b39f1e2550f5,1777398832,0.23,319.53,no,"{""count_fp"":""319.53"",""created_time"":""2026-04-28T17:53:52.949623Z"",""no_price_dollars"":""0.7700"",""taker_side"":""no"",""ticker"":""KXETH15M-26APR281400-00"",""trade_id"":""afeafda8-c22f-68e8-c203-b39f1e2550f5"",""yes_price_dollars"":""0.2300""}"
KXETH15M-26APR281400-00,e90dc7a5-5732-7b13-1f2b-31064a9f0b86,1777398833,0.25,0.2,yes,"{""count_fp"":""0.20"",""created_time"":""2026-04-28T17:53:53.109208Z"",""no_price_dollars"":""0.7500"",""taker_side"":""yes"",""ticker"":""KXETH15M-26APR281400-00"",""trade_id"":""e90dc7a5-5732-7b13-1f2b-31064a9f0b86"",""yes_price_dollars"":""0.2500""}"
KXETH15M-26APR281400-00,b80f103e-2c14-7fea-2b8d-d20218e6077c,1777398833,0.26,1.09,yes,"{""count_fp"":""1.09"",""created_time"":""2026-04-28T17:53:53.109208Z"",""no_price_dollars"":""0.7400"",""taker_side"":""yes"",""ticker"":""KXETH15M-26APR281400-00"",""trade_id"":""b80f103e-2c14-7fea-2b8d-d20218e6077c"",""yes_price_dollars"":""0.2600""}"
KXETH15M-26APR281400-00,720ae20e-ddea-77b1-17bb-9f3bbd9bb7f6,1777398833,0.25,1.0,yes,"{""count_fp"":""1.00"",""created_time"":""2026-04-28T17:53:53.109208Z"",""no_price_dollars"":""0.7500"",""taker_side"":""yes"",""ticker"":""KXETH15M-26APR281400-00"",""trade_id"":""720ae20e-ddea-77b1-17bb-9f3bbd9bb7f6"",""yes_price_dollars"":""0.2500""}"
KXETH15M-26APR281400-00,1ef1ac97-b386-7470-0e25-21c9da787cc5,1777398833,0.25,10.0,yes,"{""count_fp"":""10.00"",""created_time"":""2026-04-28T17:53:53.109208Z"",""no_price_dollars"":""0.7500"",""taker_side"":""yes"",""ticker"":""KXETH15M-26APR281400-00"",""trade_id"":""1ef1ac97-b386-7470-0e25-21c9da787cc5"",""yes_price_dollars"":""0.2500""}"
KXETH15M-26APR281400-00,fbb9ac4b-7abc-5f5b-eccb-000d8965af19,1777398839,0.19,1.0,no,"{""count_fp"":""1.00"",""created_time"":""2026-04-28T17:53:59.662722Z"",""no_price_dollars"":""0.8100"",""taker_side"":""no"",""ticker"":""KXETH15M-26APR281400-00"",""trade_id"":""fbb9ac4b-7abc-5f5b-eccb-000d8965af19"",""yes_price_dollars"":""0.1900""}"
KXETH15M-26APR281400-00,e540816e-c26a-5e83-ca44-650cc161f701,1777398839,0.22,5.0,no,"{""count_fp"":""5.00"",""created_time"":""2026-04-28T17:53:59.662722Z"",""no_price_dollars"":""0.7800"",""taker_side"":""no"",""ticker"":""KXETH15M-26APR281400-00"",""trade_id"":""e540816e-c26a-5e83-ca44-650cc161f701"",""yes_price_dollars"":""0.2200""}"
KXETH15M-26APR281400-00,91bbf3ab-4df4-5de7-ea7a-fabd790d1ff3,1777398839,0.19,10.0,no,"{""count_fp"":""10.00"",""created_time"":""2026-04-28T17:53:59.662722Z"",""no_price_dollars"":""0.8100"",""taker_side"":""no"",""ticker"":""KXETH15M-26APR281400-00"",""trade_id"":""91bbf3ab-4df4-5de7-ea7a-fabd790d1ff3"",""yes_price_dollars"":""0.1900""}"
KXETH15M-26APR281400-00,8253d45e-c597-59d6-cf7e-054a4b199abe,1777398839,0.19,1.0,no,"{""count_fp"":""1.00"",""created_time"":""2026-04-28T17:53:59.662722Z"",""no_price_dollars"":""0.8100"",""taker_side"":""no"",""ticker"":""KXETH15M-26APR281400-00"",""trade_id"":""8253d45e-c597-59d6-cf7e-054a4b199abe"",""yes_price_dollars"":""0.1900""}"
KXETH15M-26APR281400-00,76c157be-8c37-5110-eb44-51bc9f0727e5,1777398839,0.18,3.0,no,"{""count_fp"":""3.00"",""created_time"":""2026-04-28T17:53:59.662722Z"",""no_price_dollars"":""0.8200"",""taker_side"":""no"",""ticker"":""KXETH15M-26APR281400-00"",""trade_id"":""76c157be-8c37-5110-eb44-51bc9f0727e5"",""yes_price_dollars"":""0.1800""}"
KXETH15M-26APR281400-00,760d6be1-469f-5472-fd24-fe9f8e8e9105,1777398839,0.19,10.0,no,"{""count_fp"":""10.00"",""created_time"":""2026-04-28T17:53:59.662722Z"",""no_price_dollars"":""0.8100"",""taker_side"":""no"",""ticker"":""KXETH15M-26APR281400-00"",""trade_id"":""760d6be1-469f-5472-fd24-fe9f8e8e9105"",""yes_price_dollars"":""0.1900""}"
KXETH15M-26APR281400-00,6e79472b-7fc6-5ee8-f31b-92a68af749ed,1777398839,0.22,5.0,no,"{""count_fp"":""5.00"",""created_time"":""2026-04-28T17:53:59.662722Z"",""no_price_dollars"":""0.7800"",""taker_side"":""no"",""ticker"":""KXETH15M-26APR281400-00"",""trade_id"":""6e79472b-7fc6-5ee8-f31b-92a68af749ed"",""yes_price_dollars"":""0.2200""}"
KXETH15M-26APR281400-00,64c25808-8284-578d-e619-b06a35134799,1777398839,0.18,1.0,no,"{""count_fp"":""1.00"",""created_time"":""2026-04-28T17:53:59.662722Z"",""no_price_dollars"":""0.8200"",""taker_side"":""no"",""ticker"":""KXETH15M-26APR281400-00"",""trade_id"":""64c25808-8284-578d-e619-b06a35134799"",""yes_price_dollars"":""0.1800""}"
KXETH15M-26APR281400-00,78c7a7d6-79f7-46f4-6dcf-2cf372c4a2e9,1777398840,0.18,7.0,no,"{""count_fp"":""7.00"",""created_time"":""2026-04-28T17:54:00.937139Z"",""no_price_dollars"":""0.8200"",""taker_side"":""no"",""ticker"":""KXETH15M-26APR281400-00"",""trade_id"":""78c7a7d6-79f7-46f4-6dcf-2cf372c4a2e9"",""yes_price_dollars"":""0.1800""}"
KXETH15M-26APR281400-00,9445a46c-33fa-5cab-f148-308407ed380f,1777398841,0.24,10.0,yes,"{""count_fp"":""10.00"",""created_time"":""2026-04-28T17:54:01.947734Z"",""no_price_dollars"":""0.7600"",""taker_side"":""yes"",""ticker"":""KXETH15M-26APR281400-00"",""trade_id"":""9445a46c-33fa-5cab-f148-308407ed380f"",""yes_price_dollars"":""0.2400""}"
KXETH15M-26APR281400-00,e5fd10e7-21c6-7afd-a758-44afeeb4a1f0,1777398841,0.19,2.0,no,"{""count_fp"":""2.00"",""created_time"":""2026-04-28T17:54:01.273167Z"",""no_price_dollars"":""0.8100"",""taker_side"":""no"",""ticker"":""KXETH15M-26APR281400-00"",""trade_id"":""e5fd10e7-21c6-7afd-a758-44afeeb4a1f0"",""yes_price_dollars"":""0.1900""}"
KXETH15M-26APR281400-00,b08a2b95-eff0-79b2-92e0-a2a9894d26ad,1777398841,0.21,5.0,no,"{""count_fp"":""5.00"",""created_time"":""2026-04-28T17:54:01.273167Z"",""no_price_dollars"":""0.7900"",""taker_side"":""no"",""ticker"":""KXETH15M-26APR281400-00"",""trade_id"":""b08a2b95-eff0-79b2-92e0-a2a9894d26ad"",""yes_price_dollars"":""0.2100""}"
KXETH15M-26APR281400-00,80191fcd-9267-6a74-a6b0-3e85dbfb24cd,1777398842,0.23,8.13,no,"{""count_fp"":""8.13"",""created_time"":""2026-04-28T17:54:02.394003Z"",""no_price_dollars"":""0.7700"",""taker_side"":""no"",""ticker"":""KXETH15M-26APR281400-00"",""trade_id"":""80191fcd-9267-6a74-a6b0-3e85dbfb24cd"",""yes_price_dollars"":""0.2300""}"
KXETH15M-26APR281400-00,e6986ce6-299a-69eb-11a6-32dc918d09b5,1777398842,0.22,5.0,no,"{""count_fp"":""5.00"",""created_time"":""2026-04-28T17:54:02.007197Z"",""no_price_dollars"":""0.7800"",""taker_side"":""no"",""ticker"":""KXETH15M-26APR281400-00"",""trade_id"":""e6986ce6-299a-69eb-11a6-32dc918d09b5"",""yes_price_dollars"":""0.2200""}"
KXETH15M-26APR281400-00,c5061340-02cb-578c-ae74-d2c6236412a9,1777398843,0.23,1.0,no,"{""count_fp"":""1.00"",""created_time"":""2026-04-28T17:54:03.459547Z"",""no_price_dollars"":""0.7700"",""taker_side"":""no"",""ticker"":""KXETH15M-26APR281400-00"",""trade_id"":""c5061340-02cb-578c-ae74-d2c6236412a9"",""yes_price_dollars"":""0.2300""}"
KXETH15M-26APR281400-00,9b0b2408-18df-589c-626a-12d109912541,1777398844,0.23,1.0,no,"{""count_fp"":""1.00"",""created_time"":""2026-04-28T17:54:04.554631Z"",""no_price_dollars"":""0.7700"",""taker_side"":""no"",""ticker"":""KXETH15M-26APR281400-00"",""trade_id"":""9b0b2408-18df-589c-626a-12d109912541"",""yes_price_dollars"":""0.2300""}"
KXETH15M-26APR281400-00,455573b4-ee77-4ee1-45d0-c82d084354dd,1777398849,0.21,4.0,no,"{""count_fp"":""4.00"",""created_time"":""2026-04-28T17:54:09.137625Z"",""no_price_dollars"":""0.7900"",""taker_side"":""no"",""ticker"":""KXETH15M-26APR281400-00"",""trade_id"":""455573b4-ee77-4ee1-45d0-c82d084354dd"",""yes_price_dollars"":""0.2100""}"
KXETH15M-26APR281400-00,1a363c7b-b115-4cb9-7491-5f53d9b3ed73,1777398849,0.22,5.0,no,"{""count_fp"":""5.00"",""created_time"":""2026-04-28T17:54:09.137625Z"",""no_price_dollars"":""0.7800"",""taker_side"":""no"",""ticker"":""KXETH15M-26APR281400-00"",""trade_id"":""1a363c7b-b115-4cb9-7491-5f53d9b3ed73"",""yes_price_dollars"":""0.2200""}"
KXETH15M-26APR281400-00,8b99f2c3-8c38-46b6-9c4f-98d6e514486d,1777398853,0.17,1.0,no,"{""count_fp"":""1.00"",""created_time"":""2026-04-28T17:54:13.396373Z"",""no_price_dollars"":""0.8300"",""taker_side"":""no"",""ticker"":""KXETH15M-26APR281400-00"",""trade_id"":""8b99f2c3-8c38-46b6-9c4f-98d6e514486d"",""yes_price_dollars"":""0.1700""}"
KXETH15M-26APR281400-00,21a80218-eefc-4d8f-8930-2872d6066134,1777398853,0.17,2.0,no,"{""count_fp"":""2.00"",""created_time"":""2026-04-28T17:54:13.396373Z"",""no_price_dollars"":""0.8300"",""taker_side"":""no"",""ticker"":""KXETH15M-26APR281400-00"",""trade_id"":""21a80218-eefc-4d8f-8930-2872d6066134"",""yes_price_dollars"":""0.1700""}"
KXETH15M-26APR281400-00,48adf541-cb6b-4cc4-f45f-eca835f34751,1777398859,0.17,1.19,no,"{""count_fp"":""1.19"",""created_time"":""2026-04-28T17:54:19.052572Z"",""no_price_dollars"":""0.8300"",""taker_side"":""no"",""ticker"":""KXETH15M-26APR281400-00"",""trade_id"":""48adf541-cb6b-4cc4-f45f-eca835f34751"",""yes_price_dollars"":""0.1700""}"
KXETH15M-26APR281400-00,ebb7b1e4-496d-5980-f333-7e9d11089932,1777398860,0.18,5.0,no,"{""count_fp"":""5.00"",""created_time"":""2026-04-28T17:54:20.571102Z"",""no_price_dollars"":""0.8200"",""taker_side"":""no"",""ticker"":""KXETH15M-26APR281400-00"",""trade_id"":""ebb7b1e4-496d-5980-f333-7e9d11089932"",""yes_price_dollars"":""0.1800""}"
KXETH15M-26APR281400-00,967c1858-96b7-5070-d676-73a4664a157d,1777398860,0.17,0.9,no,"{""count_fp"":""0.90"",""created_time"":""2026-04-28T17:54:20.571102Z"",""no_price_dollars"":""0.8300"",""taker_side"":""no"",""ticker"":""KXETH15M-26APR281400-00"",""trade_id"":""967c1858-96b7-5070-d676-73a4664a157d"",""yes_price_dollars"":""0.1700""}"
KXETH15M-26APR281400-00,c9b488d0-88c7-78b0-f7e0-0f7de89429cd,1777398865,0.17,0.59,no,"{""count_fp"":""0.59"",""created_time"":""2026-04-28T17:54:25.712106Z"",""no_price_dollars"":""0.8300"",""taker_side"":""no"",""ticker"":""KXETH15M-26APR281400-00"",""trade_id"":""c9b488d0-88c7-78b0-f7e0-0f7de89429cd"",""yes_price_dollars"":""0.1700""}"
KXETH15M-26APR281400-00,2854ef89-1b33-4844-ca97-e318365e7519,1777398866,0.17,59.53,no,"{""count_fp"":""59.53"",""created_time"":""2026-04-28T17:54:26.259668Z"",""no_price_dollars"":""0.8300"",""taker_side"":""no"",""ticker"":""KXETH15M-26APR281400-00"",""trade_id"":""2854ef89-1b33-4844-ca97-e318365e7519"",""yes_price_dollars"":""0.1700""}"
KXETH15M-26APR281400-00,dd432410-9584-6ace-3f02-d73ffbcb4d08,1777398880,0.17,2.0,yes,"{""count_fp"":""2.00"",""created_time"":""2026-04-28T17:54:40.783265Z"",""no_price_dollars"":""0.8300"",""taker_side"":""yes"",""ticker"":""KXETH15M-26APR281400-00"",""trade_id"":""dd432410-9584-6ace-3f02-d73ffbcb4d08"",""yes_price_dollars"":""0.1700""}"
KXETH15M-26APR281400-00,30a19ac7-43b0-704b-5165-a7b7e68b3470,1777398882,0.18,4.95,yes,"{""count_fp"":""4.95"",""created_time"":""2026-04-28T17:54:42.442188Z"",""no_price_dollars"":""0.8200"",""taker_side"":""yes"",""ticker"":""KXETH15M-26APR281400-00"",""trade_id"":""30a19ac7-43b0-704b-5165-a7b7e68b3470"",""yes_price_dollars"":""0.1800""}"
KXETH15M-26APR281400-00,4b151ef1-1910-6c98-d81b-11ecf9a2ff72,1777398883,0.15,1.0,no,"{""count_fp"":""1.00"",""created_time"":""2026-04-28T17:54:43.473682Z"",""no_price_dollars"":""0.8500"",""taker_side"":""no"",""ticker"":""KXETH15M-26APR281400-00"",""trade_id"":""4b151ef1-1910-6c98-d81b-11ecf9a2ff72"",""yes_price_dollars"":""0.1500""}"
KXETH15M-26APR281400-00,97a6a011-cc93-7085-cf4d-ce31792a7c56,1777398883,0.15,1.0,no,"{""count_fp"":""1.00"",""created_time"":""2026-04-28T17:54:43.466921Z"",""no_price_dollars"":""0.8500"",""taker_side"":""no"",""ticker"":""KXETH15M-26APR281400-00"",""trade_id"":""97a6a011-cc93-7085-cf4d-ce31792a7c56"",""yes_price_dollars"":""0.1500""}"
KXETH15M-26APR281400-00,5d5344af-0e04-7744-fd65-a2ea016c01c0,1777398883,0.16,1.0,no,"{""count_fp"":""1.00"",""created_time"":""2026-04-28T17:54:43.466921Z"",""no_price_dollars"":""0.8400"",""taker_side"":""no"",""ticker"":""KXETH15M-26APR281400-00"",""trade_id"":""5d5344af-0e04-7744-fd65-a2ea016c01c0"",""yes_price_dollars"":""0.1600""}"
KXETH15M-26APR281400-00,378551ec-1e4c-78bc-caac-0df410724d96,1777398883,0.15,9.0,no,"{""count_fp"":""9.00"",""created_time"":""2026-04-28T17:54:43.466921Z"",""no_price_dollars"":""0.8500"",""taker_side"":""no"",""ticker"":""KXETH15M-26APR281400-00"",""trade_id"":""378551ec-1e4c-78bc-caac-0df410724d96"",""yes_price_dollars"":""0.1500""}"
KXETH15M-26APR281400-00,34c106a1-cc85-78d6-cfa1-66bb20739426,1777398883,0.16,1.0,no,"{""count_fp"":""1.00"",""created_time"":""2026-04-28T17:54:43.466921Z"",""no_price_dollars"":""0.8400"",""taker_side"":""no"",""ticker"":""KXETH15M-26APR281400-00"",""trade_id"":""34c106a1-cc85-78d6-cfa1-66bb20739426"",""yes_price_dollars"":""0.1600""}"
