ticker,trade_id,ts,yes_price,count,taker_side,raw_json
KXETH15M-26APR280615-15,d9d044cf-1289-6774-ec16-c9149365df60,1777370415,0.54,8.0,no,"{""count_fp"":""8.00"",""created_time"":""2026-04-28T10:00:15.113457Z"",""no_price_dollars"":""0.4600"",""taker_side"":""no"",""ticker"":""KXETH15M-26APR280615-15"",""trade_id"":""d9d044cf-1289-6774-ec16-c9149365df60"",""yes_price_dollars"":""0.5400""}"
KXETH15M-26APR280615-15,368838b7-86b3-5e34-76eb-6693614e7337,1777370425,0.64,5.0,yes,"{""count_fp"":""5.00"",""created_time"":""2026-04-28T10:00:25.193801Z"",""no_price_dollars"":""0.3600"",""taker_side"":""yes"",""ticker"":""KXETH15M-26APR280615-15"",""trade_id"":""368838b7-86b3-5e34-76eb-6693614e7337"",""yes_price_dollars"":""0.6400""}"
KXETH15M-26APR280615-15,4600af9d-13a6-7832-53a1-fdf02e8707ea,1777370428,0.64,2.0,yes,"{""count_fp"":""2.00"",""created_time"":""2026-04-28T10:00:28.115855Z"",""no_price_dollars"":""0.3600"",""taker_side"":""yes"",""ticker"":""KXETH15M-26APR280615-15"",""trade_id"":""4600af9d-13a6-7832-53a1-fdf02e8707ea"",""yes_price_dollars"":""0.6400""}"
KXETH15M-26APR280615-15,3f776584-4f13-7e46-7bcf-93129d2b3258,1777370428,0.66,60.0,yes,"{""count_fp"":""60.00"",""created_time"":""2026-04-28T10:00:28.115855Z"",""no_price_dollars"":""0.3400"",""taker_side"":""yes"",""ticker"":""KXETH15M-26APR280615-15"",""trade_id"":""3f776584-4f13-7e46-7bcf-93129d2b3258"",""yes_price_dollars"":""0.6600""}"
KXETH15M-26APR280615-15,331d3733-d5ae-7307-5b9d-42cecaf055b6,1777370428,0.66,5.0,yes,"{""count_fp"":""5.00"",""created_time"":""2026-04-28T10:00:28.115855Z"",""no_price_dollars"":""0.3400"",""taker_side"":""yes"",""ticker"":""KXETH15M-26APR280615-15"",""trade_id"":""331d3733-d5ae-7307-5b9d-42cecaf055b6"",""yes_price_dollars"":""0.6600""}"
KXETH15M-26APR280615-15,05b779f6-014f-7a9c-4572-1a874c4ceb4f,1777370428,0.66,6.0,yes,"{""count_fp"":""6.00"",""created_time"":""2026-04-28T10:00:28.115855Z"",""no_price_dollars"":""0.3400"",""taker_side"":""yes"",""ticker"":""KXETH15M-26APR280615-15"",""trade_id"":""05b779f6-014f-7a9c-4572-1a874c4ceb4f"",""yes_price_dollars"":""0.6600""}"
KXETH15M-26APR280615-15,b1ce8e08-f884-6191-78f7-2311096b2a58,1777370430,0.68,1.0,yes,"{""count_fp"":""1.00"",""created_time"":""2026-04-28T10:00:30.331372Z"",""no_price_dollars"":""0.3200"",""taker_side"":""yes"",""ticker"":""KXETH15M-26APR280615-15"",""trade_id"":""b1ce8e08-f884-6191-78f7-2311096b2a58"",""yes_price_dollars"":""0.6800""}"
KXETH15M-26APR280615-15,cfb0da1b-8429-581c-405f-99dbbbdc8780,1777370438,0.66,1.0,no,"{""count_fp"":""1.00"",""created_time"":""2026-04-28T10:00:38.199561Z"",""no_price_dollars"":""0.3400"",""taker_side"":""no"",""ticker"":""KXETH15M-26APR280615-15"",""trade_id"":""cfb0da1b-8429-581c-405f-99dbbbdc8780"",""yes_price_dollars"":""0.6600""}"
KXETH15M-26APR280615-15,8d3bc320-cadc-7078-1de7-a276004e839b,1777370440,0.67,1.0,yes,"{""count_fp"":""1.00"",""created_time"":""2026-04-28T10:00:40.551834Z"",""no_price_dollars"":""0.3300"",""taker_side"":""yes"",""ticker"":""KXETH15M-26APR280615-15"",""trade_id"":""8d3bc320-cadc-7078-1de7-a276004e839b"",""yes_price_dollars"":""0.6700""}"
KXETH15M-26APR280615-15,42d34954-b8b1-7be7-3521-b434c57e7058,1777370440,0.68,50.0,yes,"{""count_fp"":""50.00"",""created_time"":""2026-04-28T10:00:40.551834Z"",""no_price_dollars"":""0.3200"",""taker_side"":""yes"",""ticker"":""KXETH15M-26APR280615-15"",""trade_id"":""42d34954-b8b1-7be7-3521-b434c57e7058"",""yes_price_dollars"":""0.6800""}"
KXETH15M-26APR280615-15,3da27545-1fb4-7b14-0e7d-f5f93e14321f,1777370441,0.69,1.0,no,"{""count_fp"":""1.00"",""created_time"":""2026-04-28T10:00:41.254467Z"",""no_price_dollars"":""0.3100"",""taker_side"":""no"",""ticker"":""KXETH15M-26APR280615-15"",""trade_id"":""3da27545-1fb4-7b14-0e7d-f5f93e14321f"",""yes_price_dollars"":""0.6900""}"
KXETH15M-26APR280615-15,a68d5f2a-4b63-5133-6f58-82baec64dc74,1777370442,0.7,2.0,yes,"{""count_fp"":""2.00"",""created_time"":""2026-04-28T10:00:42.672236Z"",""no_price_dollars"":""0.3000"",""taker_side"":""yes"",""ticker"":""KXETH15M-26APR280615-15"",""trade_id"":""a68d5f2a-4b63-5133-6f58-82baec64dc74"",""yes_price_dollars"":""0.7000""}"
KXETH15M-26APR280615-15,32ad9d20-9649-67a0-ac5e-401350a8ec04,1777370443,0.7,2.0,no,"{""count_fp"":""2.00"",""created_time"":""2026-04-28T10:00:43.599787Z"",""no_price_dollars"":""0.3000"",""taker_side"":""no"",""ticker"":""KXETH15M-26APR280615-15"",""trade_id"":""32ad9d20-9649-67a0-ac5e-401350a8ec04"",""yes_price_dollars"":""0.7000""}"
KXETH15M-26APR280615-15,20f4bc88-1386-6375-82b1-25e8c18dd8fc,1777370443,0.7,3.0,no,"{""count_fp"":""3.00"",""created_time"":""2026-04-28T10:00:43.599787Z"",""no_price_dollars"":""0.3000"",""taker_side"":""no"",""ticker"":""KXETH15M-26APR280615-15"",""trade_id"":""20f4bc88-1386-6375-82b1-25e8c18dd8fc"",""yes_price_dollars"":""0.7000""}"
KXETH15M-26APR280615-15,c9416245-1751-509c-b279-9b177e39ca14,1777370445,0.7,15.88,no,"{""count_fp"":""15.88"",""created_time"":""2026-04-28T10:00:45.995309Z"",""no_price_dollars"":""0.3000"",""taker_side"":""no"",""ticker"":""KXETH15M-26APR280615-15"",""trade_id"":""c9416245-1751-509c-b279-9b177e39ca14"",""yes_price_dollars"":""0.7000""}"
KXETH15M-26APR280615-15,95610b47-5229-4fec-ffda-62cab2e5785c,1777370448,0.7,3.0,no,"{""count_fp"":""3.00"",""created_time"":""2026-04-28T10:00:48.011967Z"",""no_price_dollars"":""0.3000"",""taker_side"":""no"",""ticker"":""KXETH15M-26APR280615-15"",""trade_id"":""95610b47-5229-4fec-ffda-62cab2e5785c"",""yes_price_dollars"":""0.7000""}"
KXETH15M-26APR280615-15,dbe65943-7f48-587c-b188-7ccdfb833121,1777370460,0.73,66.03,yes,"{""count_fp"":""66.03"",""created_time"":""2026-04-28T10:01:00.562973Z"",""no_price_dollars"":""0.2700"",""taker_side"":""yes"",""ticker"":""KXETH15M-26APR280615-15"",""trade_id"":""dbe65943-7f48-587c-b188-7ccdfb833121"",""yes_price_dollars"":""0.7300""}"
KXETH15M-26APR280615-15,3f0df0c5-1138-5e2c-ee62-519f6ee8d80d,1777370461,0.73,17.0,yes,"{""count_fp"":""17.00"",""created_time"":""2026-04-28T10:01:01.404635Z"",""no_price_dollars"":""0.2700"",""taker_side"":""yes"",""ticker"":""KXETH15M-26APR280615-15"",""trade_id"":""3f0df0c5-1138-5e2c-ee62-519f6ee8d80d"",""yes_price_dollars"":""0.7300""}"
KXETH15M-26APR280615-15,6de29ab3-4274-58a0-a159-cc5fe1c0d609,1777370461,0.73,7.0,yes,"{""count_fp"":""7.00"",""created_time"":""2026-04-28T10:01:01.224191Z"",""no_price_dollars"":""0.2700"",""taker_side"":""yes"",""ticker"":""KXETH15M-26APR280615-15"",""trade_id"":""6de29ab3-4274-58a0-a159-cc5fe1c0d609"",""yes_price_dollars"":""0.7300""}"
KXETH15M-26APR280615-15,bad80fcf-a31c-7180-6c36-888794092b50,1777370463,0.72,1.0,no,"{""count_fp"":""1.00"",""created_time"":""2026-04-28T10:01:03.551815Z"",""no_price_dollars"":""0.2800"",""taker_side"":""no"",""ticker"":""KXETH15M-26APR280615-15"",""trade_id"":""bad80fcf-a31c-7180-6c36-888794092b50"",""yes_price_dollars"":""0.7200""}"
KXETH15M-26APR280615-15,99c02169-8e50-79e6-699b-7a89eba39722,1777370463,0.7,9.0,no,"{""count_fp"":""9.00"",""created_time"":""2026-04-28T10:01:03.551815Z"",""no_price_dollars"":""0.3000"",""taker_side"":""no"",""ticker"":""KXETH15M-26APR280615-15"",""trade_id"":""99c02169-8e50-79e6-699b-7a89eba39722"",""yes_price_dollars"":""0.7000""}"
KXETH15M-26APR280615-15,07dd2bee-4464-6170-5f68-4f8a74518ef5,1777370467,0.73,5.0,yes,"{""count_fp"":""5.00"",""created_time"":""2026-04-28T10:01:07.532374Z"",""no_price_dollars"":""0.2700"",""taker_side"":""yes"",""ticker"":""KXETH15M-26APR280615-15"",""trade_id"":""07dd2bee-4464-6170-5f68-4f8a74518ef5"",""yes_price_dollars"":""0.7300""}"
KXETH15M-26APR280615-15,63cada36-1050-7c64-15c1-477392dd1425,1777370473,0.69,1.29,no,"{""count_fp"":""1.29"",""created_time"":""2026-04-28T10:01:13.659872Z"",""no_price_dollars"":""0.3100"",""taker_side"":""no"",""ticker"":""KXETH15M-26APR280615-15"",""trade_id"":""63cada36-1050-7c64-15c1-477392dd1425"",""yes_price_dollars"":""0.6900""}"
KXETH15M-26APR280615-15,533f29c5-9828-723e-2c1a-c15c886226d2,1777370473,0.7,5.0,no,"{""count_fp"":""5.00"",""created_time"":""2026-04-28T10:01:13.659872Z"",""no_price_dollars"":""0.3000"",""taker_side"":""no"",""ticker"":""KXETH15M-26APR280615-15"",""trade_id"":""533f29c5-9828-723e-2c1a-c15c886226d2"",""yes_price_dollars"":""0.7000""}"
KXETH15M-26APR280615-15,ef5b1de9-14fa-45c3-5da2-45ea7bf8b351,1777370475,0.71,8.96,yes,"{""count_fp"":""8.96"",""created_time"":""2026-04-28T10:01:15.046983Z"",""no_price_dollars"":""0.2900"",""taker_side"":""yes"",""ticker"":""KXETH15M-26APR280615-15"",""trade_id"":""ef5b1de9-14fa-45c3-5da2-45ea7bf8b351"",""yes_price_dollars"":""0.7100""}"
KXETH15M-26APR280615-15,c1db7152-a1aa-4cb5-7ace-61d4084313a3,1777370475,0.71,2.0,yes,"{""count_fp"":""2.00"",""created_time"":""2026-04-28T10:01:15.046983Z"",""no_price_dollars"":""0.2900"",""taker_side"":""yes"",""ticker"":""KXETH15M-26APR280615-15"",""trade_id"":""c1db7152-a1aa-4cb5-7ace-61d4084313a3"",""yes_price_dollars"":""0.7100""}"
KXETH15M-26APR280615-15,ad924556-a90c-4a23-a7a7-3344f3d2347c,1777370481,0.77,1.0,yes,"{""count_fp"":""1.00"",""created_time"":""2026-04-28T10:01:21.627423Z"",""no_price_dollars"":""0.2300"",""taker_side"":""yes"",""ticker"":""KXETH15M-26APR280615-15"",""trade_id"":""ad924556-a90c-4a23-a7a7-3344f3d2347c"",""yes_price_dollars"":""0.7700""}"
KXETH15M-26APR280615-15,74e5816a-e0b3-5170-96aa-baeafc0d45af,1777370483,0.8,1.0,yes,"{""count_fp"":""1.00"",""created_time"":""2026-04-28T10:01:23.447019Z"",""no_price_dollars"":""0.2000"",""taker_side"":""yes"",""ticker"":""KXETH15M-26APR280615-15"",""trade_id"":""74e5816a-e0b3-5170-96aa-baeafc0d45af"",""yes_price_dollars"":""0.8000""}"
KXETH15M-26APR280615-15,713327e9-cb78-54fd-2d9f-a12bf07a3c40,1777370484,0.79,3.0,yes,"{""count_fp"":""3.00"",""created_time"":""2026-04-28T10:01:24.125174Z"",""no_price_dollars"":""0.2100"",""taker_side"":""yes"",""ticker"":""KXETH15M-26APR280615-15"",""trade_id"":""713327e9-cb78-54fd-2d9f-a12bf07a3c40"",""yes_price_dollars"":""0.7900""}"
KXETH15M-26APR280615-15,bd56319e-d80a-410f-95a0-8044574af2b4,1777370492,0.79,10.0,no,"{""count_fp"":""10.00"",""created_time"":""2026-04-28T10:01:32.782336Z"",""no_price_dollars"":""0.2100"",""taker_side"":""no"",""ticker"":""KXETH15M-26APR280615-15"",""trade_id"":""bd56319e-d80a-410f-95a0-8044574af2b4"",""yes_price_dollars"":""0.7900""}"
KXETH15M-26APR280615-15,e02c5af9-f6ac-4b70-a13a-58dfb19143cd,1777370498,0.79,0.89,yes,"{""count_fp"":""0.89"",""created_time"":""2026-04-28T10:01:38.529921Z"",""no_price_dollars"":""0.2100"",""taker_side"":""yes"",""ticker"":""KXETH15M-26APR280615-15"",""trade_id"":""e02c5af9-f6ac-4b70-a13a-58dfb19143cd"",""yes_price_dollars"":""0.7900""}"
KXETH15M-26APR280615-15,52d4fb0f-4ad5-7c49-5bc4-575a1f924c4d,1777370509,0.81,60.91,yes,"{""count_fp"":""60.91"",""created_time"":""2026-04-28T10:01:49.558162Z"",""no_price_dollars"":""0.1900"",""taker_side"":""yes"",""ticker"":""KXETH15M-26APR280615-15"",""trade_id"":""52d4fb0f-4ad5-7c49-5bc4-575a1f924c4d"",""yes_price_dollars"":""0.8100""}"
KXETH15M-26APR280615-15,c8f409a8-65e1-6e92-1dcd-78f79ac5a5fb,1777370509,0.8,8.02,no,"{""count_fp"":""8.02"",""created_time"":""2026-04-28T10:01:49.183902Z"",""no_price_dollars"":""0.2000"",""taker_side"":""no"",""ticker"":""KXETH15M-26APR280615-15"",""trade_id"":""c8f409a8-65e1-6e92-1dcd-78f79ac5a5fb"",""yes_price_dollars"":""0.8000""}"
KXETH15M-26APR280615-15,a9aa9689-53a3-626f-2f4f-57688f79e95a,1777370509,0.8,1.0,no,"{""count_fp"":""1.00"",""created_time"":""2026-04-28T10:01:49.183902Z"",""no_price_dollars"":""0.2000"",""taker_side"":""no"",""ticker"":""KXETH15M-26APR280615-15"",""trade_id"":""a9aa9689-53a3-626f-2f4f-57688f79e95a"",""yes_price_dollars"":""0.8000""}"
KXETH15M-26APR280615-15,335c55d9-7719-609e-448d-ece2ac7d81f8,1777370516,0.81,1.0,yes,"{""count_fp"":""1.00"",""created_time"":""2026-04-28T10:01:56.169099Z"",""no_price_dollars"":""0.1900"",""taker_side"":""yes"",""ticker"":""KXETH15M-26APR280615-15"",""trade_id"":""335c55d9-7719-609e-448d-ece2ac7d81f8"",""yes_price_dollars"":""0.8100""}"
KXETH15M-26APR280615-15,f360b917-d3e8-5a25-c388-b5b61e02392a,1777370521,0.83,7.0,yes,"{""count_fp"":""7.00"",""created_time"":""2026-04-28T10:02:01.076477Z"",""no_price_dollars"":""0.1700"",""taker_side"":""yes"",""ticker"":""KXETH15M-26APR280615-15"",""trade_id"":""f360b917-d3e8-5a25-c388-b5b61e02392a"",""yes_price_dollars"":""0.8300""}"
KXETH15M-26APR280615-15,dfb75c6f-0433-57d0-c719-1e2d756bd387,1777370521,0.82,10.0,yes,"{""count_fp"":""10.00"",""created_time"":""2026-04-28T10:02:01.076477Z"",""no_price_dollars"":""0.1800"",""taker_side"":""yes"",""ticker"":""KXETH15M-26APR280615-15"",""trade_id"":""dfb75c6f-0433-57d0-c719-1e2d756bd387"",""yes_price_dollars"":""0.8200""}"
KXETH15M-26APR280615-15,5a1dca2e-3d8a-52fd-fe9a-07ba3f43a080,1777370521,0.83,1.0,yes,"{""count_fp"":""1.00"",""created_time"":""2026-04-28T10:02:01.076477Z"",""no_price_dollars"":""0.1700"",""taker_side"":""yes"",""ticker"":""KXETH15M-26APR280615-15"",""trade_id"":""5a1dca2e-3d8a-52fd-fe9a-07ba3f43a080"",""yes_price_dollars"":""0.8300""}"
KXETH15M-26APR280615-15,35b60154-ee08-503d-d34e-a767d99240c4,1777370521,0.83,9.0,yes,"{""count_fp"":""9.00"",""created_time"":""2026-04-28T10:02:01.076477Z"",""no_price_dollars"":""0.1700"",""taker_side"":""yes"",""ticker"":""KXETH15M-26APR280615-15"",""trade_id"":""35b60154-ee08-503d-d34e-a767d99240c4"",""yes_price_dollars"":""0.8300""}"
KXETH15M-26APR280615-15,a1291988-89b6-6c4b-4b2a-c2b128a8a346,1777370523,0.84,2.0,yes,"{""count_fp"":""2.00"",""created_time"":""2026-04-28T10:02:03.409345Z"",""no_price_dollars"":""0.1600"",""taker_side"":""yes"",""ticker"":""KXETH15M-26APR280615-15"",""trade_id"":""a1291988-89b6-6c4b-4b2a-c2b128a8a346"",""yes_price_dollars"":""0.8400""}"
KXETH15M-26APR280615-15,728bb5cc-5008-55bf-7bef-28b1235e03b4,1777370527,0.82,5.25,no,"{""count_fp"":""5.25"",""created_time"":""2026-04-28T10:02:07.412578Z"",""no_price_dollars"":""0.1800"",""taker_side"":""no"",""ticker"":""KXETH15M-26APR280615-15"",""trade_id"":""728bb5cc-5008-55bf-7bef-28b1235e03b4"",""yes_price_dollars"":""0.8200""}"
KXETH15M-26APR280615-15,19419ecd-42c2-7b3e-824e-61c1ea238c93,1777370530,0.82,5.0,no,"{""count_fp"":""5.00"",""created_time"":""2026-04-28T10:02:10.309609Z"",""no_price_dollars"":""0.1800"",""taker_side"":""no"",""ticker"":""KXETH15M-26APR280615-15"",""trade_id"":""19419ecd-42c2-7b3e-824e-61c1ea238c93"",""yes_price_dollars"":""0.8200""}"
KXETH15M-26APR280615-15,629a83d6-4a28-522f-f5b0-8dfae2432274,1777370533,0.84,4.0,yes,"{""count_fp"":""4.00"",""created_time"":""2026-04-28T10:02:13.925698Z"",""no_price_dollars"":""0.1600"",""taker_side"":""yes"",""ticker"":""KXETH15M-26APR280615-15"",""trade_id"":""629a83d6-4a28-522f-f5b0-8dfae2432274"",""yes_price_dollars"":""0.8400""}"
KXETH15M-26APR280615-15,5db95584-c0a6-59cf-c7e9-267d278e07b0,1777370533,0.84,1.0,yes,"{""count_fp"":""1.00"",""created_time"":""2026-04-28T10:02:13.925698Z"",""no_price_dollars"":""0.1600"",""taker_side"":""yes"",""ticker"":""KXETH15M-26APR280615-15"",""trade_id"":""5db95584-c0a6-59cf-c7e9-267d278e07b0"",""yes_price_dollars"":""0.8400""}"
KXETH15M-26APR280615-15,574067de-cbba-51c6-d7e4-ee1a178474a4,1777370533,0.84,8.12,yes,"{""count_fp"":""8.12"",""created_time"":""2026-04-28T10:02:13.925698Z"",""no_price_dollars"":""0.1600"",""taker_side"":""yes"",""ticker"":""KXETH15M-26APR280615-15"",""trade_id"":""574067de-cbba-51c6-d7e4-ee1a178474a4"",""yes_price_dollars"":""0.8400""}"
KXETH15M-26APR280615-15,180c48b2-cf98-5504-f3f7-163138d80095,1777370533,0.85,2.76,yes,"{""count_fp"":""2.76"",""created_time"":""2026-04-28T10:02:13.925698Z"",""no_price_dollars"":""0.1500"",""taker_side"":""yes"",""ticker"":""KXETH15M-26APR280615-15"",""trade_id"":""180c48b2-cf98-5504-f3f7-163138d80095"",""yes_price_dollars"":""0.8500""}"
KXETH15M-26APR280615-15,7b593a78-6668-52f0-4890-31372ec80609,1777370537,0.86,12.09,yes,"{""count_fp"":""12.09"",""created_time"":""2026-04-28T10:02:17.625861Z"",""no_price_dollars"":""0.1400"",""taker_side"":""yes"",""ticker"":""KXETH15M-26APR280615-15"",""trade_id"":""7b593a78-6668-52f0-4890-31372ec80609"",""yes_price_dollars"":""0.8600""}"
KXETH15M-26APR280615-15,0f2e761b-8024-5bb1-e420-9aa0e1d78d29,1777370537,0.84,5.0,no,"{""count_fp"":""5.00"",""created_time"":""2026-04-28T10:02:17.034Z"",""no_price_dollars"":""0.1600"",""taker_side"":""no"",""ticker"":""KXETH15M-26APR280615-15"",""trade_id"":""0f2e761b-8024-5bb1-e420-9aa0e1d78d29"",""yes_price_dollars"":""0.8400""}"
KXETH15M-26APR280615-15,3cac2fb6-9a6c-5690-4e39-8aa659b1e679,1777370539,0.86,8.0,yes,"{""count_fp"":""8.00"",""created_time"":""2026-04-28T10:02:19.967124Z"",""no_price_dollars"":""0.1400"",""taker_side"":""yes"",""ticker"":""KXETH15M-26APR280615-15"",""trade_id"":""3cac2fb6-9a6c-5690-4e39-8aa659b1e679"",""yes_price_dollars"":""0.8600""}"
KXETH15M-26APR280615-15,c6ffd057-311b-6be0-c426-dd5288dd91f6,1777370544,0.86,10.0,no,"{""count_fp"":""10.00"",""created_time"":""2026-04-28T10:02:24.434565Z"",""no_price_dollars"":""0.1400"",""taker_side"":""no"",""ticker"":""KXETH15M-26APR280615-15"",""trade_id"":""c6ffd057-311b-6be0-c426-dd5288dd91f6"",""yes_price_dollars"":""0.8600""}"
KXETH15M-26APR280615-15,5baebd3f-0fed-658c-e7e4-d4a1932509ca,1777370544,0.86,10.0,no,"{""count_fp"":""10.00"",""created_time"":""2026-04-28T10:02:24.434565Z"",""no_price_dollars"":""0.1400"",""taker_side"":""no"",""ticker"":""KXETH15M-26APR280615-15"",""trade_id"":""5baebd3f-0fed-658c-e7e4-d4a1932509ca"",""yes_price_dollars"":""0.8600""}"
KXETH15M-26APR280615-15,4ad1e062-2008-61a9-ef63-521b4a148759,1777370544,0.85,0.18,no,"{""count_fp"":""0.18"",""created_time"":""2026-04-28T10:02:24.434565Z"",""no_price_dollars"":""0.1500"",""taker_side"":""no"",""ticker"":""KXETH15M-26APR280615-15"",""trade_id"":""4ad1e062-2008-61a9-ef63-521b4a148759"",""yes_price_dollars"":""0.8500""}"
KXETH15M-26APR280615-15,07b754a4-de6b-7f98-5c9a-79ac60eb5a84,1777370557,0.87,1.0,yes,"{""count_fp"":""1.00"",""created_time"":""2026-04-28T10:02:37.720737Z"",""no_price_dollars"":""0.1300"",""taker_side"":""yes"",""ticker"":""KXETH15M-26APR280615-15"",""trade_id"":""07b754a4-de6b-7f98-5c9a-79ac60eb5a84"",""yes_price_dollars"":""0.8700""}"
KXETH15M-26APR280615-15,025b7d53-2b3b-7bf6-6c33-41a56ba0d759,1777370557,0.88,1.0,yes,"{""count_fp"":""1.00"",""created_time"":""2026-04-28T10:02:37.720737Z"",""no_price_dollars"":""0.1200"",""taker_side"":""yes"",""ticker"":""KXETH15M-26APR280615-15"",""trade_id"":""025b7d53-2b3b-7bf6-6c33-41a56ba0d759"",""yes_price_dollars"":""0.8800""}"
KXETH15M-26APR280615-15,7fd79a5a-ad53-7662-88f3-16a249608b15,1777370565,0.88,1.0,yes,"{""count_fp"":""1.00"",""created_time"":""2026-04-28T10:02:45.053966Z"",""no_price_dollars"":""0.1200"",""taker_side"":""yes"",""ticker"":""KXETH15M-26APR280615-15"",""trade_id"":""7fd79a5a-ad53-7662-88f3-16a249608b15"",""yes_price_dollars"":""0.8800""}"
KXETH15M-26APR280615-15,ef5e49a0-fc4e-67e1-91b8-e7d9bd682af1,1777370573,0.87,10.0,no,"{""count_fp"":""10.00"",""created_time"":""2026-04-28T10:02:53.655102Z"",""no_price_dollars"":""0.1300"",""taker_side"":""no"",""ticker"":""KXETH15M-26APR280615-15"",""trade_id"":""ef5e49a0-fc4e-67e1-91b8-e7d9bd682af1"",""yes_price_dollars"":""0.8700""}"
KXETH15M-26APR280615-15,b387db30-1bc2-6e89-b54b-216b6f297691,1777370573,0.87,5.0,no,"{""count_fp"":""5.00"",""created_time"":""2026-04-28T10:02:53.655102Z"",""no_price_dollars"":""0.1300"",""taker_side"":""no"",""ticker"":""KXETH15M-26APR280615-15"",""trade_id"":""b387db30-1bc2-6e89-b54b-216b6f297691"",""yes_price_dollars"":""0.8700""}"
KXETH15M-26APR280615-15,4814ca1f-0308-51b0-2fd4-77b0a7bb471d,1777370581,0.88,20.0,yes,"{""count_fp"":""20.00"",""created_time"":""2026-04-28T10:03:01.273095Z"",""no_price_dollars"":""0.1200"",""taker_side"":""yes"",""ticker"":""KXETH15M-26APR280615-15"",""trade_id"":""4814ca1f-0308-51b0-2fd4-77b0a7bb471d"",""yes_price_dollars"":""0.8800""}"
KXETH15M-26APR280615-15,de76ca03-4400-695c-7e86-1adc25730c7d,1777370581,0.88,5.17,yes,"{""count_fp"":""5.17"",""created_time"":""2026-04-28T10:03:01.271929Z"",""no_price_dollars"":""0.1200"",""taker_side"":""yes"",""ticker"":""KXETH15M-26APR280615-15"",""trade_id"":""de76ca03-4400-695c-7e86-1adc25730c7d"",""yes_price_dollars"":""0.8800""}"
KXETH15M-26APR280615-15,d0034f17-b881-6b5f-7018-c4665c4e74da,1777370581,0.88,1.0,yes,"{""count_fp"":""1.00"",""created_time"":""2026-04-28T10:03:01.271929Z"",""no_price_dollars"":""0.1200"",""taker_side"":""yes"",""ticker"":""KXETH15M-26APR280615-15"",""trade_id"":""d0034f17-b881-6b5f-7018-c4665c4e74da"",""yes_price_dollars"":""0.8800""}"
KXETH15M-26APR280615-15,b4399879-be26-6f67-5f1a-797335b1a408,1777370581,0.88,10.83,yes,"{""count_fp"":""10.83"",""created_time"":""2026-04-28T10:03:01.271929Z"",""no_price_dollars"":""0.1200"",""taker_side"":""yes"",""ticker"":""KXETH15M-26APR280615-15"",""trade_id"":""b4399879-be26-6f67-5f1a-797335b1a408"",""yes_price_dollars"":""0.8800""}"
KXETH15M-26APR280615-15,3954cede-2ddf-6302-4919-7fe60096b3b5,1777370581,0.88,3.0,yes,"{""count_fp"":""3.00"",""created_time"":""2026-04-28T10:03:01.271929Z"",""no_price_dollars"":""0.1200"",""taker_side"":""yes"",""ticker"":""KXETH15M-26APR280615-15"",""trade_id"":""3954cede-2ddf-6302-4919-7fe60096b3b5"",""yes_price_dollars"":""0.8800""}"
KXETH15M-26APR280615-15,0ebb63b7-a5d1-6e34-47fc-ab35bd03d817,1777370585,0.89,1.0,yes,"{""count_fp"":""1.00"",""created_time"":""2026-04-28T10:03:05.242985Z"",""no_price_dollars"":""0.1100"",""taker_side"":""yes"",""ticker"":""KXETH15M-26APR280615-15"",""trade_id"":""0ebb63b7-a5d1-6e34-47fc-ab35bd03d817"",""yes_price_dollars"":""0.8900""}"
KXETH15M-26APR280615-15,ee8c59fb-4112-7529-608f-9a32b63a1fe4,1777370586,0.88,10.0,no,"{""count_fp"":""10.00"",""created_time"":""2026-04-28T10:03:06.603676Z"",""no_price_dollars"":""0.1200"",""taker_side"":""no"",""ticker"":""KXETH15M-26APR280615-15"",""trade_id"":""ee8c59fb-4112-7529-608f-9a32b63a1fe4"",""yes_price_dollars"":""0.8800""}"
KXETH15M-26APR280615-15,1dc28b9d-f569-747d-73c8-e33faee5c41b,1777370586,0.88,5.0,no,"{""count_fp"":""5.00"",""created_time"":""2026-04-28T10:03:06.603676Z"",""no_price_dollars"":""0.1200"",""taker_side"":""no"",""ticker"":""KXETH15M-26APR280615-15"",""trade_id"":""1dc28b9d-f569-747d-73c8-e33faee5c41b"",""yes_price_dollars"":""0.8800""}"
KXETH15M-26APR280615-15,f48a93ba-69cc-4460-3c0c-91ab19bd49c1,1777370587,0.88,1.0,yes,"{""count_fp"":""1.00"",""created_time"":""2026-04-28T10:03:07.543341Z"",""no_price_dollars"":""0.1200"",""taker_side"":""yes"",""ticker"":""KXETH15M-26APR280615-15"",""trade_id"":""f48a93ba-69cc-4460-3c0c-91ab19bd49c1"",""yes_price_dollars"":""0.8800""}"
KXETH15M-26APR280615-15,f98526aa-2238-6140-ce91-249bfb97f379,1777370590,0.88,50.0,yes,"{""count_fp"":""50.00"",""created_time"":""2026-04-28T10:03:10.363141Z"",""no_price_dollars"":""0.1200"",""taker_side"":""yes"",""ticker"":""KXETH15M-26APR280615-15"",""trade_id"":""f98526aa-2238-6140-ce91-249bfb97f379"",""yes_price_dollars"":""0.8800""}"
KXETH15M-26APR280615-15,8faf9941-7f36-4f71-76b4-b1eac4306db1,1777370591,0.87,1.0,no,"{""count_fp"":""1.00"",""created_time"":""2026-04-28T10:03:11.282074Z"",""no_price_dollars"":""0.1300"",""taker_side"":""no"",""ticker"":""KXETH15M-26APR280615-15"",""trade_id"":""8faf9941-7f36-4f71-76b4-b1eac4306db1"",""yes_price_dollars"":""0.8700""}"
KXETH15M-26APR280615-15,9a586bd2-03c3-63a2-65fb-a5088991caaf,1777370603,0.85,40.0,yes,"{""count_fp"":""40.00"",""created_time"":""2026-04-28T10:03:23.521662Z"",""no_price_dollars"":""0.1500"",""taker_side"":""yes"",""ticker"":""KXETH15M-26APR280615-15"",""trade_id"":""9a586bd2-03c3-63a2-65fb-a5088991caaf"",""yes_price_dollars"":""0.8500""}"
KXETH15M-26APR280615-15,b683686e-13e7-4efe-b271-42c83a36d2df,1777370603,0.85,50.0,yes,"{""count_fp"":""50.00"",""created_time"":""2026-04-28T10:03:23.514952Z"",""no_price_dollars"":""0.1500"",""taker_side"":""yes"",""ticker"":""KXETH15M-26APR280615-15"",""trade_id"":""b683686e-13e7-4efe-b271-42c83a36d2df"",""yes_price_dollars"":""0.8500""}"
KXETH15M-26APR280615-15,2f3ae75d-dadb-4e9a-ed0d-c485396a57eb,1777370603,0.85,44.0,yes,"{""count_fp"":""44.00"",""created_time"":""2026-04-28T10:03:23.510643Z"",""no_price_dollars"":""0.1500"",""taker_side"":""yes"",""ticker"":""KXETH15M-26APR280615-15"",""trade_id"":""2f3ae75d-dadb-4e9a-ed0d-c485396a57eb"",""yes_price_dollars"":""0.8500""}"
KXETH15M-26APR280615-15,f4155d99-48c7-4fd9-7897-3b25265b771d,1777370603,0.86,10.0,no,"{""count_fp"":""10.00"",""created_time"":""2026-04-28T10:03:23.490677Z"",""no_price_dollars"":""0.1400"",""taker_side"":""no"",""ticker"":""KXETH15M-26APR280615-15"",""trade_id"":""f4155d99-48c7-4fd9-7897-3b25265b771d"",""yes_price_dollars"":""0.8600""}"
KXETH15M-26APR280615-15,e9cb2d32-6598-4a44-6002-136cd4cebd0a,1777370603,0.86,10.0,no,"{""count_fp"":""10.00"",""created_time"":""2026-04-28T10:03:23.490677Z"",""no_price_dollars"":""0.1400"",""taker_side"":""no"",""ticker"":""KXETH15M-26APR280615-15"",""trade_id"":""e9cb2d32-6598-4a44-6002-136cd4cebd0a"",""yes_price_dollars"":""0.8600""}"
KXETH15M-26APR280615-15,d7f655e5-bbb0-4f6d-608e-1a9f8db74733,1777370603,0.85,44.0,no,"{""count_fp"":""44.00"",""created_time"":""2026-04-28T10:03:23.490677Z"",""no_price_dollars"":""0.1500"",""taker_side"":""no"",""ticker"":""KXETH15M-26APR280615-15"",""trade_id"":""d7f655e5-bbb0-4f6d-608e-1a9f8db74733"",""yes_price_dollars"":""0.8500""}"
KXETH15M-26APR280615-15,4b99d757-016b-4573-5664-7579ae7cc430,1777370603,0.86,1.0,no,"{""count_fp"":""1.00"",""created_time"":""2026-04-28T10:03:23.490677Z"",""no_price_dollars"":""0.1400"",""taker_side"":""no"",""ticker"":""KXETH15M-26APR280615-15"",""trade_id"":""4b99d757-016b-4573-5664-7579ae7cc430"",""yes_price_dollars"":""0.8600""}"
KXETH15M-26APR280615-15,a30d5bcc-5d18-5a1e-0870-66007ccae859,1777370611,0.86,3.36,no,"{""count_fp"":""3.36"",""created_time"":""2026-04-28T10:03:31.860905Z"",""no_price_dollars"":""0.1400"",""taker_side"":""no"",""ticker"":""KXETH15M-26APR280615-15"",""trade_id"":""a30d5bcc-5d18-5a1e-0870-66007ccae859"",""yes_price_dollars"":""0.8600""}"
KXETH15M-26APR280615-15,596ee74b-65f1-73a5-ccbb-2b6125bcf01d,1777370613,0.87,2.0,yes,"{""count_fp"":""2.00"",""created_time"":""2026-04-28T10:03:33.467008Z"",""no_price_dollars"":""0.1300"",""taker_side"":""yes"",""ticker"":""KXETH15M-26APR280615-15"",""trade_id"":""596ee74b-65f1-73a5-ccbb-2b6125bcf01d"",""yes_price_dollars"":""0.8700""}"
KXETH15M-26APR280615-15,56e95f62-eb1b-7123-d7e6-5726c7fcb166,1777370614,0.86,8.0,no,"{""count_fp"":""8.00"",""created_time"":""2026-04-28T10:03:34.622269Z"",""no_price_dollars"":""0.1400"",""taker_side"":""no"",""ticker"":""KXETH15M-26APR280615-15"",""trade_id"":""56e95f62-eb1b-7123-d7e6-5726c7fcb166"",""yes_price_dollars"":""0.8600""}"
KXETH15M-26APR280615-15,663bab3f-eaf6-6d39-4fdf-de74427ef57f,1777370621,0.84,3.0,no,"{""count_fp"":""3.00"",""created_time"":""2026-04-28T10:03:41.584783Z"",""no_price_dollars"":""0.1600"",""taker_side"":""no"",""ticker"":""KXETH15M-26APR280615-15"",""trade_id"":""663bab3f-eaf6-6d39-4fdf-de74427ef57f"",""yes_price_dollars"":""0.8400""}"
KXETH15M-26APR280615-15,5565d044-1c7a-401a-4780-a8f35740a701,1777370632,0.81,9.96,no,"{""count_fp"":""9.96"",""created_time"":""2026-04-28T10:03:52.936462Z"",""no_price_dollars"":""0.1900"",""taker_side"":""no"",""ticker"":""KXETH15M-26APR280615-15"",""trade_id"":""5565d044-1c7a-401a-4780-a8f35740a701"",""yes_price_dollars"":""0.8100""}"
KXETH15M-26APR280615-15,fdad67fe-c03c-6a96-f10f-baef9d7fe14e,1777370637,0.81,10.0,no,"{""count_fp"":""10.00"",""created_time"":""2026-04-28T10:03:57.628296Z"",""no_price_dollars"":""0.1900"",""taker_side"":""no"",""ticker"":""KXETH15M-26APR280615-15"",""trade_id"":""fdad67fe-c03c-6a96-f10f-baef9d7fe14e"",""yes_price_dollars"":""0.8100""}"
KXETH15M-26APR280615-15,ecc3dcc9-6782-636e-d3f5-59661ccf655a,1777370637,0.81,10.0,no,"{""count_fp"":""10.00"",""created_time"":""2026-04-28T10:03:57.628296Z"",""no_price_dollars"":""0.1900"",""taker_side"":""no"",""ticker"":""KXETH15M-26APR280615-15"",""trade_id"":""ecc3dcc9-6782-636e-d3f5-59661ccf655a"",""yes_price_dollars"":""0.8100""}"
KXETH15M-26APR280615-15,6ec84ece-688c-63cd-f326-74d4d6743a5d,1777370637,0.81,80.0,no,"{""count_fp"":""80.00"",""created_time"":""2026-04-28T10:03:57.628296Z"",""no_price_dollars"":""0.1900"",""taker_side"":""no"",""ticker"":""KXETH15M-26APR280615-15"",""trade_id"":""6ec84ece-688c-63cd-f326-74d4d6743a5d"",""yes_price_dollars"":""0.8100""}"
KXETH15M-26APR280615-15,d5566a56-607b-576c-719d-190c81979531,1777370640,0.85,10.0,yes,"{""count_fp"":""10.00"",""created_time"":""2026-04-28T10:04:00.061111Z"",""no_price_dollars"":""0.1500"",""taker_side"":""yes"",""ticker"":""KXETH15M-26APR280615-15"",""trade_id"":""d5566a56-607b-576c-719d-190c81979531"",""yes_price_dollars"":""0.8500""}"
KXETH15M-26APR280615-15,17d54ef1-3452-5f0a-76a3-52e83909da29,1777370640,0.84,10.0,yes,"{""count_fp"":""10.00"",""created_time"":""2026-04-28T10:04:00.061111Z"",""no_price_dollars"":""0.1600"",""taker_side"":""yes"",""ticker"":""KXETH15M-26APR280615-15"",""trade_id"":""17d54ef1-3452-5f0a-76a3-52e83909da29"",""yes_price_dollars"":""0.8400""}"
KXETH15M-26APR280615-15,386b6b9d-2a83-66d6-2717-a6c56d122a3a,1777370644,0.83,1.0,no,"{""count_fp"":""1.00"",""created_time"":""2026-04-28T10:04:04.348594Z"",""no_price_dollars"":""0.1700"",""taker_side"":""no"",""ticker"":""KXETH15M-26APR280615-15"",""trade_id"":""386b6b9d-2a83-66d6-2717-a6c56d122a3a"",""yes_price_dollars"":""0.8300""}"
KXETH15M-26APR280615-15,facf704f-514b-55bd-26a1-ad68c2fffb38,1777370652,0.9,1.0,yes,"{""count_fp"":""1.00"",""created_time"":""2026-04-28T10:04:12.544212Z"",""no_price_dollars"":""0.1000"",""taker_side"":""yes"",""ticker"":""KXETH15M-26APR280615-15"",""trade_id"":""facf704f-514b-55bd-26a1-ad68c2fffb38"",""yes_price_dollars"":""0.9000""}"
KXETH15M-26APR280615-15,f50a14f8-638f-591c-28ab-a30add05b256,1777370652,0.9,1.0,yes,"{""count_fp"":""1.00"",""created_time"":""2026-04-28T10:04:12.544212Z"",""no_price_dollars"":""0.1000"",""taker_side"":""yes"",""ticker"":""KXETH15M-26APR280615-15"",""trade_id"":""f50a14f8-638f-591c-28ab-a30add05b256"",""yes_price_dollars"":""0.9000""}"
KXETH15M-26APR280615-15,f4e953d4-2dc6-5ec4-1d8e-a9345a72ce71,1777370652,0.9,10.0,yes,"{""count_fp"":""10.00"",""created_time"":""2026-04-28T10:04:12.544212Z"",""no_price_dollars"":""0.1000"",""taker_side"":""yes"",""ticker"":""KXETH15M-26APR280615-15"",""trade_id"":""f4e953d4-2dc6-5ec4-1d8e-a9345a72ce71"",""yes_price_dollars"":""0.9000""}"
KXETH15M-26APR280615-15,e4984a54-3f66-5ba5-256a-0ac01084a753,1777370652,0.89,4.0,yes,"{""count_fp"":""4.00"",""created_time"":""2026-04-28T10:04:12.544212Z"",""no_price_dollars"":""0.1100"",""taker_side"":""yes"",""ticker"":""KXETH15M-26APR280615-15"",""trade_id"":""e4984a54-3f66-5ba5-256a-0ac01084a753"",""yes_price_dollars"":""0.8900""}"
KXETH15M-26APR280615-15,e3c9bc7c-2649-5f9d-0b7b-1b26f618bb95,1777370652,0.901,70.07,yes,"{""count_fp"":""70.07"",""created_time"":""2026-04-28T10:04:12.544212Z"",""no_price_dollars"":""0.0990"",""taker_side"":""yes"",""ticker"":""KXETH15M-26APR280615-15"",""trade_id"":""e3c9bc7c-2649-5f9d-0b7b-1b26f618bb95"",""yes_price_dollars"":""0.9010""}"
KXETH15M-26APR280615-15,aa6a6559-93f1-5869-3295-f5cf62d9f530,1777370652,0.9,3.0,yes,"{""count_fp"":""3.00"",""created_time"":""2026-04-28T10:04:12.544212Z"",""no_price_dollars"":""0.1000"",""taker_side"":""yes"",""ticker"":""KXETH15M-26APR280615-15"",""trade_id"":""aa6a6559-93f1-5869-3295-f5cf62d9f530"",""yes_price_dollars"":""0.9000""}"
KXETH15M-26APR280615-15,8ffb86d2-2630-5e87-0de1-ddc903dda55a,1777370652,0.9,1.0,yes,"{""count_fp"":""1.00"",""created_time"":""2026-04-28T10:04:12.544212Z"",""no_price_dollars"":""0.1000"",""taker_side"":""yes"",""ticker"":""KXETH15M-26APR280615-15"",""trade_id"":""8ffb86d2-2630-5e87-0de1-ddc903dda55a"",""yes_price_dollars"":""0.9000""}"
KXETH15M-26APR280615-15,5e07c965-7079-56fd-3349-e5e98b3cc8f9,1777370652,0.9,14.0,yes,"{""count_fp"":""14.00"",""created_time"":""2026-04-28T10:04:12.544212Z"",""no_price_dollars"":""0.1000"",""taker_side"":""yes"",""ticker"":""KXETH15M-26APR280615-15"",""trade_id"":""5e07c965-7079-56fd-3349-e5e98b3cc8f9"",""yes_price_dollars"":""0.9000""}"
KXETH15M-26APR280615-15,46610bc8-75f4-5d12-04dc-6fb0d9c88cb3,1777370652,0.9,2.0,yes,"{""count_fp"":""2.00"",""created_time"":""2026-04-28T10:04:12.544212Z"",""no_price_dollars"":""0.1000"",""taker_side"":""yes"",""ticker"":""KXETH15M-26APR280615-15"",""trade_id"":""46610bc8-75f4-5d12-04dc-6fb0d9c88cb3"",""yes_price_dollars"":""0.9000""}"
KXETH15M-26APR280615-15,215d3766-2f4e-5ef7-1aae-77ea18ee4d7a,1777370652,0.9,4.0,yes,"{""count_fp"":""4.00"",""created_time"":""2026-04-28T10:04:12.544212Z"",""no_price_dollars"":""0.1000"",""taker_side"":""yes"",""ticker"":""KXETH15M-26APR280615-15"",""trade_id"":""215d3766-2f4e-5ef7-1aae-77ea18ee4d7a"",""yes_price_dollars"":""0.9000""}"
KXETH15M-26APR280615-15,943628a9-5831-4139-3671-f8c374afa11d,1777370663,0.9,10.0,no,"{""count_fp"":""10.00"",""created_time"":""2026-04-28T10:04:23.086773Z"",""no_price_dollars"":""0.1000"",""taker_side"":""no"",""ticker"":""KXETH15M-26APR280615-15"",""trade_id"":""943628a9-5831-4139-3671-f8c374afa11d"",""yes_price_dollars"":""0.9000""}"
KXETH15M-26APR280615-15,33084e54-6b2a-44bd-0b58-1c535016faa2,1777370663,0.9,1.0,no,"{""count_fp"":""1.00"",""created_time"":""2026-04-28T10:04:23.086773Z"",""no_price_dollars"":""0.1000"",""taker_side"":""no"",""ticker"":""KXETH15M-26APR280615-15"",""trade_id"":""33084e54-6b2a-44bd-0b58-1c535016faa2"",""yes_price_dollars"":""0.9000""}"
KXETH15M-26APR280615-15,23b97fee-0666-5c45-46e3-eb2c0fdab8c2,1777370671,0.9,22.06,yes,"{""count_fp"":""22.06"",""created_time"":""2026-04-28T10:04:31.706825Z"",""no_price_dollars"":""0.1000"",""taker_side"":""yes"",""ticker"":""KXETH15M-26APR280615-15"",""trade_id"":""23b97fee-0666-5c45-46e3-eb2c0fdab8c2"",""yes_price_dollars"":""0.9000""}"
KXETH15M-26APR280615-15,e41a1591-9cdd-4844-3420-e5fbd6de0bdd,1777370673,0.89,10.0,no,"{""count_fp"":""10.00"",""created_time"":""2026-04-28T10:04:33.656605Z"",""no_price_dollars"":""0.1100"",""taker_side"":""no"",""ticker"":""KXETH15M-26APR280615-15"",""trade_id"":""e41a1591-9cdd-4844-3420-e5fbd6de0bdd"",""yes_price_dollars"":""0.8900""}"
KXETH15M-26APR280615-15,607ff698-96fd-47ab-11ac-96b15e1d42c5,1777370673,0.89,10.0,no,"{""count_fp"":""10.00"",""created_time"":""2026-04-28T10:04:33.656605Z"",""no_price_dollars"":""0.1100"",""taker_side"":""no"",""ticker"":""KXETH15M-26APR280615-15"",""trade_id"":""607ff698-96fd-47ab-11ac-96b15e1d42c5"",""yes_price_dollars"":""0.8900""}"
KXETH15M-26APR280615-15,246720aa-d844-4caf-1a30-ac8db264e7f5,1777370673,0.88,86.94,no,"{""count_fp"":""86.94"",""created_time"":""2026-04-28T10:04:33.656605Z"",""no_price_dollars"":""0.1200"",""taker_side"":""no"",""ticker"":""KXETH15M-26APR280615-15"",""trade_id"":""246720aa-d844-4caf-1a30-ac8db264e7f5"",""yes_price_dollars"":""0.8800""}"
KXETH15M-26APR280615-15,02583a5b-50bb-4141-1d6b-505274118ff5,1777370673,0.89,60.0,no,"{""count_fp"":""60.00"",""created_time"":""2026-04-28T10:04:33.656605Z"",""no_price_dollars"":""0.1100"",""taker_side"":""no"",""ticker"":""KXETH15M-26APR280615-15"",""trade_id"":""02583a5b-50bb-4141-1d6b-505274118ff5"",""yes_price_dollars"":""0.8900""}"
KXETH15M-26APR280615-15,d7c3a485-6466-4454-5f7c-57fe6907532e,1777370686,0.86,10.0,yes,"{""count_fp"":""10.00"",""created_time"":""2026-04-28T10:04:46.146971Z"",""no_price_dollars"":""0.1400"",""taker_side"":""yes"",""ticker"":""KXETH15M-26APR280615-15"",""trade_id"":""d7c3a485-6466-4454-5f7c-57fe6907532e"",""yes_price_dollars"":""0.8600""}"
KXETH15M-26APR280615-15,804ffeb1-39a6-4afb-4698-1c7682e6978a,1777370686,0.87,550.0,yes,"{""count_fp"":""550.00"",""created_time"":""2026-04-28T10:04:46.146971Z"",""no_price_dollars"":""0.1300"",""taker_side"":""yes"",""ticker"":""KXETH15M-26APR280615-15"",""trade_id"":""804ffeb1-39a6-4afb-4698-1c7682e6978a"",""yes_price_dollars"":""0.8700""}"
KXETH15M-26APR280615-15,586b83de-8c7c-4085-6896-cd65afd1d278,1777370686,0.87,59.93,yes,"{""count_fp"":""59.93"",""created_time"":""2026-04-28T10:04:46.146971Z"",""no_price_dollars"":""0.1300"",""taker_side"":""yes"",""ticker"":""KXETH15M-26APR280615-15"",""trade_id"":""586b83de-8c7c-4085-6896-cd65afd1d278"",""yes_price_dollars"":""0.8700""}"
KXETH15M-26APR280615-15,55922b94-f904-4843-4e4d-f5ebe37e1010,1777370686,0.86,9.28,yes,"{""count_fp"":""9.28"",""created_time"":""2026-04-28T10:04:46.146971Z"",""no_price_dollars"":""0.1400"",""taker_side"":""yes"",""ticker"":""KXETH15M-26APR280615-15"",""trade_id"":""55922b94-f904-4843-4e4d-f5ebe37e1010"",""yes_price_dollars"":""0.8600""}"
KXETH15M-26APR280615-15,287453b0-e68d-4c69-7fed-9584a1c1406d,1777370686,0.87,10.0,yes,"{""count_fp"":""10.00"",""created_time"":""2026-04-28T10:04:46.146971Z"",""no_price_dollars"":""0.1300"",""taker_side"":""yes"",""ticker"":""KXETH15M-26APR280615-15"",""trade_id"":""287453b0-e68d-4c69-7fed-9584a1c1406d"",""yes_price_dollars"":""0.8700""}"
KXETH15M-26APR280615-15,ccde3ccb-e95e-640e-6608-7cf8a9997260,1777370693,0.87,10.0,yes,"{""count_fp"":""10.00"",""created_time"":""2026-04-28T10:04:53.937942Z"",""no_price_dollars"":""0.1300"",""taker_side"":""yes"",""ticker"":""KXETH15M-26APR280615-15"",""trade_id"":""ccde3ccb-e95e-640e-6608-7cf8a9997260"",""yes_price_dollars"":""0.8700""}"
KXETH15M-26APR280615-15,60ec7551-f457-5c6e-f825-e830b1d9f584,1777370704,0.86,10.0,yes,"{""count_fp"":""10.00"",""created_time"":""2026-04-28T10:05:04.709106Z"",""no_price_dollars"":""0.1400"",""taker_side"":""yes"",""ticker"":""KXETH15M-26APR280615-15"",""trade_id"":""60ec7551-f457-5c6e-f825-e830b1d9f584"",""yes_price_dollars"":""0.8600""}"
KXETH15M-26APR280615-15,8050ddbd-4545-6bf4-428e-2dcb6b63eccf,1777370704,0.87,10.0,yes,"{""count_fp"":""10.00"",""created_time"":""2026-04-28T10:05:04.030887Z"",""no_price_dollars"":""0.1300"",""taker_side"":""yes"",""ticker"":""KXETH15M-26APR280615-15"",""trade_id"":""8050ddbd-4545-6bf4-428e-2dcb6b63eccf"",""yes_price_dollars"":""0.8700""}"
KXETH15M-26APR280615-15,f1d7880f-8734-76af-d8f3-f1100180ddec,1777370707,0.85,1.0,no,"{""count_fp"":""1.00"",""created_time"":""2026-04-28T10:05:07.882536Z"",""no_price_dollars"":""0.1500"",""taker_side"":""no"",""ticker"":""KXETH15M-26APR280615-15"",""trade_id"":""f1d7880f-8734-76af-d8f3-f1100180ddec"",""yes_price_dollars"":""0.8500""}"
KXETH15M-26APR280615-15,f96e0f19-30f4-78ef-b6ae-780b894da2f0,1777370713,0.85,0.89,no,"{""count_fp"":""0.89"",""created_time"":""2026-04-28T10:05:13.188394Z"",""no_price_dollars"":""0.1500"",""taker_side"":""no"",""ticker"":""KXETH15M-26APR280615-15"",""trade_id"":""f96e0f19-30f4-78ef-b6ae-780b894da2f0"",""yes_price_dollars"":""0.8500""}"
KXETH15M-26APR280615-15,1a59c30b-9a78-4143-6c55-aeab6cba7b60,1777370714,0.85,98.11,no,"{""count_fp"":""98.11"",""created_time"":""2026-04-28T10:05:14.277066Z"",""no_price_dollars"":""0.1500"",""taker_side"":""no"",""ticker"":""KXETH15M-26APR280615-15"",""trade_id"":""1a59c30b-9a78-4143-6c55-aeab6cba7b60"",""yes_price_dollars"":""0.8500""}"
KXETH15M-26APR280615-15,64ee540c-b3d1-4d58-d03a-8ea608db89a9,1777370717,0.84,1.0,no,"{""count_fp"":""1.00"",""created_time"":""2026-04-28T10:05:17.011889Z"",""no_price_dollars"":""0.1600"",""taker_side"":""no"",""ticker"":""KXETH15M-26APR280615-15"",""trade_id"":""64ee540c-b3d1-4d58-d03a-8ea608db89a9"",""yes_price_dollars"":""0.8400""}"
KXETH15M-26APR280615-15,4fa5176b-56cd-661c-84fb-8448deaf26f9,1777370721,0.84,3.0,no,"{""count_fp"":""3.00"",""created_time"":""2026-04-28T10:05:21.829501Z"",""no_price_dollars"":""0.1600"",""taker_side"":""no"",""ticker"":""KXETH15M-26APR280615-15"",""trade_id"":""4fa5176b-56cd-661c-84fb-8448deaf26f9"",""yes_price_dollars"":""0.8400""}"
KXETH15M-26APR280615-15,ecbd9f97-261c-6c83-b93a-2a05c34ff981,1777370723,0.81,1.0,no,"{""count_fp"":""1.00"",""created_time"":""2026-04-28T10:05:23.309745Z"",""no_price_dollars"":""0.1900"",""taker_side"":""no"",""ticker"":""KXETH15M-26APR280615-15"",""trade_id"":""ecbd9f97-261c-6c83-b93a-2a05c34ff981"",""yes_price_dollars"":""0.8100""}"
KXETH15M-26APR280615-15,7ca03750-f3ec-532b-0e59-54a7420c953d,1777370728,0.81,50.0,no,"{""count_fp"":""50.00"",""created_time"":""2026-04-28T10:05:28.283386Z"",""no_price_dollars"":""0.1900"",""taker_side"":""no"",""ticker"":""KXETH15M-26APR280615-15"",""trade_id"":""7ca03750-f3ec-532b-0e59-54a7420c953d"",""yes_price_dollars"":""0.8100""}"
KXETH15M-26APR280615-15,392f6b4d-2be1-5a26-1422-280d314636b7,1777370741,0.78,128.0,no,"{""count_fp"":""128.00"",""created_time"":""2026-04-28T10:05:41.873523Z"",""no_price_dollars"":""0.2200"",""taker_side"":""no"",""ticker"":""KXETH15M-26APR280615-15"",""trade_id"":""392f6b4d-2be1-5a26-1422-280d314636b7"",""yes_price_dollars"":""0.7800""}"
KXETH15M-26APR280615-15,4eb5d7c6-abc2-46fd-bb95-b76f02ee9230,1777370741,0.79,1.0,no,"{""count_fp"":""1.00"",""created_time"":""2026-04-28T10:05:41.389111Z"",""no_price_dollars"":""0.2100"",""taker_side"":""no"",""ticker"":""KXETH15M-26APR280615-15"",""trade_id"":""4eb5d7c6-abc2-46fd-bb95-b76f02ee9230"",""yes_price_dollars"":""0.7900""}"
KXETH15M-26APR280615-15,3f9fcc90-26e8-406d-cff8-1366546bb7f4,1777370742,0.76,11.0,yes,"{""count_fp"":""11.00"",""created_time"":""2026-04-28T10:05:42.565443Z"",""no_price_dollars"":""0.2400"",""taker_side"":""yes"",""ticker"":""KXETH15M-26APR280615-15"",""trade_id"":""3f9fcc90-26e8-406d-cff8-1366546bb7f4"",""yes_price_dollars"":""0.7600""}"
KXETH15M-26APR280615-15,64b96bc3-812c-77cd-7c2c-3ee4ce7cb0b7,1777370742,0.76,10.0,no,"{""count_fp"":""10.00"",""created_time"":""2026-04-28T10:05:42.203626Z"",""no_price_dollars"":""0.2400"",""taker_side"":""no"",""ticker"":""KXETH15M-26APR280615-15"",""trade_id"":""64b96bc3-812c-77cd-7c2c-3ee4ce7cb0b7"",""yes_price_dollars"":""0.7600""}"
KXETH15M-26APR280615-15,5fb157be-26f6-7082-6817-a5dec036fe97,1777370742,0.76,1.0,no,"{""count_fp"":""1.00"",""created_time"":""2026-04-28T10:05:42.203626Z"",""no_price_dollars"":""0.2400"",""taker_side"":""no"",""ticker"":""KXETH15M-26APR280615-15"",""trade_id"":""5fb157be-26f6-7082-6817-a5dec036fe97"",""yes_price_dollars"":""0.7600""}"
KXETH15M-26APR280615-15,5b72683b-3143-7bb8-7d28-a7b8f9ee2d4f,1777370742,0.75,4.0,no,"{""count_fp"":""4.00"",""created_time"":""2026-04-28T10:05:42.203626Z"",""no_price_dollars"":""0.2500"",""taker_side"":""no"",""ticker"":""KXETH15M-26APR280615-15"",""trade_id"":""5b72683b-3143-7bb8-7d28-a7b8f9ee2d4f"",""yes_price_dollars"":""0.7500""}"
KXETH15M-26APR280615-15,829afdc6-9403-47e0-c779-a9bde7f7d867,1777370743,0.75,2.0,no,"{""count_fp"":""2.00"",""created_time"":""2026-04-28T10:05:43.364759Z"",""no_price_dollars"":""0.2500"",""taker_side"":""no"",""ticker"":""KXETH15M-26APR280615-15"",""trade_id"":""829afdc6-9403-47e0-c779-a9bde7f7d867"",""yes_price_dollars"":""0.7500""}"
KXETH15M-26APR280615-15,75200eea-f3a5-54f2-c020-598b11302f29,1777370743,0.76,80.0,yes,"{""count_fp"":""80.00"",""created_time"":""2026-04-28T10:05:43.168856Z"",""no_price_dollars"":""0.2400"",""taker_side"":""yes"",""ticker"":""KXETH15M-26APR280615-15"",""trade_id"":""75200eea-f3a5-54f2-c020-598b11302f29"",""yes_price_dollars"":""0.7600""}"
KXETH15M-26APR280615-15,ad8bc1af-4b7c-692b-ea04-72dde8e5c1c5,1777370745,0.72,3.4,no,"{""count_fp"":""3.40"",""created_time"":""2026-04-28T10:05:45.041758Z"",""no_price_dollars"":""0.2800"",""taker_side"":""no"",""ticker"":""KXETH15M-26APR280615-15"",""trade_id"":""ad8bc1af-4b7c-692b-ea04-72dde8e5c1c5"",""yes_price_dollars"":""0.7200""}"
KXETH15M-26APR280615-15,917515a3-30e6-5111-3d0d-8d9474db8dcd,1777370746,0.74,1.0,yes,"{""count_fp"":""1.00"",""created_time"":""2026-04-28T10:05:46.906715Z"",""no_price_dollars"":""0.2600"",""taker_side"":""yes"",""ticker"":""KXETH15M-26APR280615-15"",""trade_id"":""917515a3-30e6-5111-3d0d-8d9474db8dcd"",""yes_price_dollars"":""0.7400""}"
KXETH15M-26APR280615-15,92d92ed8-2a5d-5b7c-cd27-4bd62f011fca,1777370750,0.75,1.0,yes,"{""count_fp"":""1.00"",""created_time"":""2026-04-28T10:05:50.089702Z"",""no_price_dollars"":""0.2500"",""taker_side"":""yes"",""ticker"":""KXETH15M-26APR280615-15"",""trade_id"":""92d92ed8-2a5d-5b7c-cd27-4bd62f011fca"",""yes_price_dollars"":""0.7500""}"
KXETH15M-26APR280615-15,883c31fd-1deb-4bf0-0f5a-850d4ed67af3,1777370757,0.77,10.0,yes,"{""count_fp"":""10.00"",""created_time"":""2026-04-28T10:05:57.879389Z"",""no_price_dollars"":""0.2300"",""taker_side"":""yes"",""ticker"":""KXETH15M-26APR280615-15"",""trade_id"":""883c31fd-1deb-4bf0-0f5a-850d4ed67af3"",""yes_price_dollars"":""0.7700""}"
KXETH15M-26APR280615-15,e0318b7e-7260-66a8-43fb-186dddbe2411,1777370757,0.75,60.0,yes,"{""count_fp"":""60.00"",""created_time"":""2026-04-28T10:05:57.862491Z"",""no_price_dollars"":""0.2500"",""taker_side"":""yes"",""ticker"":""KXETH15M-26APR280615-15"",""trade_id"":""e0318b7e-7260-66a8-43fb-186dddbe2411"",""yes_price_dollars"":""0.7500""}"
KXETH15M-26APR280615-15,1dcc7c16-800f-667f-721b-e9c08966f8fa,1777370757,0.75,10.0,yes,"{""count_fp"":""10.00"",""created_time"":""2026-04-28T10:05:57.862491Z"",""no_price_dollars"":""0.2500"",""taker_side"":""yes"",""ticker"":""KXETH15M-26APR280615-15"",""trade_id"":""1dcc7c16-800f-667f-721b-e9c08966f8fa"",""yes_price_dollars"":""0.7500""}"
KXETH15M-26APR280615-15,20c6332c-d1f4-7c47-55c6-1546d372f391,1777370757,0.72,10.14,no,"{""count_fp"":""10.14"",""created_time"":""2026-04-28T10:05:57.017587Z"",""no_price_dollars"":""0.2800"",""taker_side"":""no"",""ticker"":""KXETH15M-26APR280615-15"",""trade_id"":""20c6332c-d1f4-7c47-55c6-1546d372f391"",""yes_price_dollars"":""0.7200""}"
KXETH15M-26APR280615-15,a7e9b049-2b60-6ebf-7e95-a651037ffdd9,1777370764,0.77,7.6,no,"{""count_fp"":""7.60"",""created_time"":""2026-04-28T10:06:04.741848Z"",""no_price_dollars"":""0.2300"",""taker_side"":""no"",""ticker"":""KXETH15M-26APR280615-15"",""trade_id"":""a7e9b049-2b60-6ebf-7e95-a651037ffdd9"",""yes_price_dollars"":""0.7700""}"
KXETH15M-26APR280615-15,1e441b3b-e3e3-7d34-052e-5d89a18f50fb,1777370765,0.79,10.0,yes,"{""count_fp"":""10.00"",""created_time"":""2026-04-28T10:06:05.102616Z"",""no_price_dollars"":""0.2100"",""taker_side"":""yes"",""ticker"":""KXETH15M-26APR280615-15"",""trade_id"":""1e441b3b-e3e3-7d34-052e-5d89a18f50fb"",""yes_price_dollars"":""0.7900""}"
KXETH15M-26APR280615-15,9811bcc5-f481-4a37-4e39-bf8fe1ade9d9,1777370773,0.78,2.52,yes,"{""count_fp"":""2.52"",""created_time"":""2026-04-28T10:06:13.821916Z"",""no_price_dollars"":""0.2200"",""taker_side"":""yes"",""ticker"":""KXETH15M-26APR280615-15"",""trade_id"":""9811bcc5-f481-4a37-4e39-bf8fe1ade9d9"",""yes_price_dollars"":""0.7800""}"
KXETH15M-26APR280615-15,d7e31387-8844-725a-ccd1-872c5fc0d1f4,1777370773,0.77,1.0,yes,"{""count_fp"":""1.00"",""created_time"":""2026-04-28T10:06:13.020993Z"",""no_price_dollars"":""0.2300"",""taker_side"":""yes"",""ticker"":""KXETH15M-26APR280615-15"",""trade_id"":""d7e31387-8844-725a-ccd1-872c5fc0d1f4"",""yes_price_dollars"":""0.7700""}"
KXETH15M-26APR280615-15,7ebb71e5-0cec-7d1f-3fc6-65e40edb9b4d,1777370776,0.76,50.0,no,"{""count_fp"":""50.00"",""created_time"":""2026-04-28T10:06:16.935725Z"",""no_price_dollars"":""0.2400"",""taker_side"":""no"",""ticker"":""KXETH15M-26APR280615-15"",""trade_id"":""7ebb71e5-0cec-7d1f-3fc6-65e40edb9b4d"",""yes_price_dollars"":""0.7600""}"
KXETH15M-26APR280615-15,c3d32df8-4ccd-73fb-4feb-d1ec4c9a628a,1777370781,0.75,10.0,no,"{""count_fp"":""10.00"",""created_time"":""2026-04-28T10:06:21.051499Z"",""no_price_dollars"":""0.2500"",""taker_side"":""no"",""ticker"":""KXETH15M-26APR280615-15"",""trade_id"":""c3d32df8-4ccd-73fb-4feb-d1ec4c9a628a"",""yes_price_dollars"":""0.7500""}"
KXETH15M-26APR280615-15,d32fda1e-c69f-4955-a67f-1d5170e7051f,1777370784,0.75,10.0,yes,"{""count_fp"":""10.00"",""created_time"":""2026-04-28T10:06:24.581529Z"",""no_price_dollars"":""0.2500"",""taker_side"":""yes"",""ticker"":""KXETH15M-26APR280615-15"",""trade_id"":""d32fda1e-c69f-4955-a67f-1d5170e7051f"",""yes_price_dollars"":""0.7500""}"
KXETH15M-26APR280615-15,2d9277f7-4129-7800-b77f-f73eb4f09958,1777370784,0.74,133.0,yes,"{""count_fp"":""133.00"",""created_time"":""2026-04-28T10:06:24.490025Z"",""no_price_dollars"":""0.2600"",""taker_side"":""yes"",""ticker"":""KXETH15M-26APR280615-15"",""trade_id"":""2d9277f7-4129-7800-b77f-f73eb4f09958"",""yes_price_dollars"":""0.7400""}"
KXETH15M-26APR280615-15,fcde7708-ab0e-4ee5-1ed4-12e347bcf8a2,1777370789,0.77,2.68,yes,"{""count_fp"":""2.68"",""created_time"":""2026-04-28T10:06:29.204678Z"",""no_price_dollars"":""0.2300"",""taker_side"":""yes"",""ticker"":""KXETH15M-26APR280615-15"",""trade_id"":""fcde7708-ab0e-4ee5-1ed4-12e347bcf8a2"",""yes_price_dollars"":""0.7700""}"
KXETH15M-26APR280615-15,f298077e-c654-4dc4-0f2b-c1198bf0973e,1777370789,0.76,10.0,yes,"{""count_fp"":""10.00"",""created_time"":""2026-04-28T10:06:29.204678Z"",""no_price_dollars"":""0.2400"",""taker_side"":""yes"",""ticker"":""KXETH15M-26APR280615-15"",""trade_id"":""f298077e-c654-4dc4-0f2b-c1198bf0973e"",""yes_price_dollars"":""0.7600""}"
KXETH15M-26APR280615-15,d7a2f79f-3b1d-461a-043f-b5f35bb10e79,1777370789,0.76,100.0,yes,"{""count_fp"":""100.00"",""created_time"":""2026-04-28T10:06:29.204678Z"",""no_price_dollars"":""0.2400"",""taker_side"":""yes"",""ticker"":""KXETH15M-26APR280615-15"",""trade_id"":""d7a2f79f-3b1d-461a-043f-b5f35bb10e79"",""yes_price_dollars"":""0.7600""}"
KXETH15M-26APR280615-15,46ed84d4-9350-603b-518d-c1afa86373c1,1777370797,0.8,3.0,no,"{""count_fp"":""3.00"",""created_time"":""2026-04-28T10:06:37.909253Z"",""no_price_dollars"":""0.2000"",""taker_side"":""no"",""ticker"":""KXETH15M-26APR280615-15"",""trade_id"":""46ed84d4-9350-603b-518d-c1afa86373c1"",""yes_price_dollars"":""0.8000""}"
KXETH15M-26APR280615-15,623f7bbd-5b55-547e-d378-41021dbff430,1777370797,0.81,10.0,yes,"{""count_fp"":""10.00"",""created_time"":""2026-04-28T10:06:37.736752Z"",""no_price_dollars"":""0.1900"",""taker_side"":""yes"",""ticker"":""KXETH15M-26APR280615-15"",""trade_id"":""623f7bbd-5b55-547e-d378-41021dbff430"",""yes_price_dollars"":""0.8100""}"
KXETH15M-26APR280615-15,fb4d907b-0cf9-5b99-d5ae-ea1f276dfbc4,1777370799,0.83,100.0,yes,"{""count_fp"":""100.00"",""created_time"":""2026-04-28T10:06:39.928918Z"",""no_price_dollars"":""0.1700"",""taker_side"":""yes"",""ticker"":""KXETH15M-26APR280615-15"",""trade_id"":""fb4d907b-0cf9-5b99-d5ae-ea1f276dfbc4"",""yes_price_dollars"":""0.8300""}"
KXETH15M-26APR280615-15,06992c12-8a2a-5a21-c3b5-8d8033edfbf2,1777370799,0.83,10.0,yes,"{""count_fp"":""10.00"",""created_time"":""2026-04-28T10:06:39.928918Z"",""no_price_dollars"":""0.1700"",""taker_side"":""yes"",""ticker"":""KXETH15M-26APR280615-15"",""trade_id"":""06992c12-8a2a-5a21-c3b5-8d8033edfbf2"",""yes_price_dollars"":""0.8300""}"
KXETH15M-26APR280615-15,a7dae872-cd86-4e53-fc9d-a28f3b47041f,1777370800,0.86,3.0,yes,"{""count_fp"":""3.00"",""created_time"":""2026-04-28T10:06:40.690026Z"",""no_price_dollars"":""0.1400"",""taker_side"":""yes"",""ticker"":""KXETH15M-26APR280615-15"",""trade_id"":""a7dae872-cd86-4e53-fc9d-a28f3b47041f"",""yes_price_dollars"":""0.8600""}"
KXETH15M-26APR280615-15,06260869-fba8-66ab-28c9-45b86875cced,1777370812,0.84,11.8,no,"{""count_fp"":""11.80"",""created_time"":""2026-04-28T10:06:52.197509Z"",""no_price_dollars"":""0.1600"",""taker_side"":""no"",""ticker"":""KXETH15M-26APR280615-15"",""trade_id"":""06260869-fba8-66ab-28c9-45b86875cced"",""yes_price_dollars"":""0.8400""}"
KXETH15M-26APR280615-15,c135dbee-506a-4dfd-a8d7-2d1947644130,1777370835,0.92,6.0,yes,"{""count_fp"":""6.00"",""created_time"":""2026-04-28T10:07:15.444135Z"",""no_price_dollars"":""0.0800"",""taker_side"":""yes"",""ticker"":""KXETH15M-26APR280615-15"",""trade_id"":""c135dbee-506a-4dfd-a8d7-2d1947644130"",""yes_price_dollars"":""0.9200""}"
KXETH15M-26APR280615-15,bd3b496f-81c1-4b24-a781-4c7f796c2933,1777370835,0.92,3.0,yes,"{""count_fp"":""3.00"",""created_time"":""2026-04-28T10:07:15.444135Z"",""no_price_dollars"":""0.0800"",""taker_side"":""yes"",""ticker"":""KXETH15M-26APR280615-15"",""trade_id"":""bd3b496f-81c1-4b24-a781-4c7f796c2933"",""yes_price_dollars"":""0.9200""}"
KXETH15M-26APR280615-15,a4223046-ee6e-46f9-938f-365d8bfb61f1,1777370835,0.92,112.0,yes,"{""count_fp"":""112.00"",""created_time"":""2026-04-28T10:07:15.444135Z"",""no_price_dollars"":""0.0800"",""taker_side"":""yes"",""ticker"":""KXETH15M-26APR280615-15"",""trade_id"":""a4223046-ee6e-46f9-938f-365d8bfb61f1"",""yes_price_dollars"":""0.9200""}"
KXETH15M-26APR280615-15,960ea976-6446-4035-a6ee-5842cef6c239,1777370835,0.919,10.0,yes,"{""count_fp"":""10.00"",""created_time"":""2026-04-28T10:07:15.444135Z"",""no_price_dollars"":""0.0810"",""taker_side"":""yes"",""ticker"":""KXETH15M-26APR280615-15"",""trade_id"":""960ea976-6446-4035-a6ee-5842cef6c239"",""yes_price_dollars"":""0.9190""}"
KXETH15M-26APR280615-15,8b141a9c-adff-4e2b-9402-8ef08011ff3a,1777370835,0.919,10.0,yes,"{""count_fp"":""10.00"",""created_time"":""2026-04-28T10:07:15.444135Z"",""no_price_dollars"":""0.0810"",""taker_side"":""yes"",""ticker"":""KXETH15M-26APR280615-15"",""trade_id"":""8b141a9c-adff-4e2b-9402-8ef08011ff3a"",""yes_price_dollars"":""0.9190""}"
KXETH15M-26APR280615-15,7a492896-a50d-4fea-b50b-d4978a73e290,1777370835,0.92,1.0,yes,"{""count_fp"":""1.00"",""created_time"":""2026-04-28T10:07:15.444135Z"",""no_price_dollars"":""0.0800"",""taker_side"":""yes"",""ticker"":""KXETH15M-26APR280615-15"",""trade_id"":""7a492896-a50d-4fea-b50b-d4978a73e290"",""yes_price_dollars"":""0.9200""}"
KXETH15M-26APR280615-15,55bc299e-6f5e-4d8d-a005-f4d078d3d859,1777370835,0.91,3.0,yes,"{""count_fp"":""3.00"",""created_time"":""2026-04-28T10:07:15.444135Z"",""no_price_dollars"":""0.0900"",""taker_side"":""yes"",""ticker"":""KXETH15M-26APR280615-15"",""trade_id"":""55bc299e-6f5e-4d8d-a005-f4d078d3d859"",""yes_price_dollars"":""0.9100""}"
KXETH15M-26APR280615-15,2588ee6f-9abf-4fc7-8d5b-fdcf98ea4117,1777370835,0.91,4.0,yes,"{""count_fp"":""4.00"",""created_time"":""2026-04-28T10:07:15.444135Z"",""no_price_dollars"":""0.0900"",""taker_side"":""yes"",""ticker"":""KXETH15M-26APR280615-15"",""trade_id"":""2588ee6f-9abf-4fc7-8d5b-fdcf98ea4117"",""yes_price_dollars"":""0.9100""}"
KXETH15M-26APR280615-15,0350e44e-4247-4e79-ad5a-0f6ac1db02f9,1777370835,0.91,1.0,yes,"{""count_fp"":""1.00"",""created_time"":""2026-04-28T10:07:15.444135Z"",""no_price_dollars"":""0.0900"",""taker_side"":""yes"",""ticker"":""KXETH15M-26APR280615-15"",""trade_id"":""0350e44e-4247-4e79-ad5a-0f6ac1db02f9"",""yes_price_dollars"":""0.9100""}"
KXETH15M-26APR280615-15,40de4148-bb88-684b-add1-c0fa43d961b5,1777370840,0.86,31.18,no,"{""count_fp"":""31.18"",""created_time"":""2026-04-28T10:07:20.353816Z"",""no_price_dollars"":""0.1400"",""taker_side"":""no"",""ticker"":""KXETH15M-26APR280615-15"",""trade_id"":""40de4148-bb88-684b-add1-c0fa43d961b5"",""yes_price_dollars"":""0.8600""}"
KXETH15M-26APR280615-15,2a3a7810-677a-4a71-7903-4c8885c8d0e9,1777370844,0.91,1.08,yes,"{""count_fp"":""1.08"",""created_time"":""2026-04-28T10:07:24.467103Z"",""no_price_dollars"":""0.0900"",""taker_side"":""yes"",""ticker"":""KXETH15M-26APR280615-15"",""trade_id"":""2a3a7810-677a-4a71-7903-4c8885c8d0e9"",""yes_price_dollars"":""0.9100""}"
KXETH15M-26APR280615-15,c55ee69d-a633-7178-1395-e2eef145fa07,1777370861,0.88,10.0,no,"{""count_fp"":""10.00"",""created_time"":""2026-04-28T10:07:41.380077Z"",""no_price_dollars"":""0.1200"",""taker_side"":""no"",""ticker"":""KXETH15M-26APR280615-15"",""trade_id"":""c55ee69d-a633-7178-1395-e2eef145fa07"",""yes_price_dollars"":""0.8800""}"
KXETH15M-26APR280615-15,86ef526d-b120-7ff1-2640-51a3be68184d,1777370861,0.87,90.0,no,"{""count_fp"":""90.00"",""created_time"":""2026-04-28T10:07:41.380077Z"",""no_price_dollars"":""0.1300"",""taker_side"":""no"",""ticker"":""KXETH15M-26APR280615-15"",""trade_id"":""86ef526d-b120-7ff1-2640-51a3be68184d"",""yes_price_dollars"":""0.8700""}"
KXETH15M-26APR280615-15,c4707294-9981-6a2f-a39a-b563b85e31f3,1777370880,0.87,10.0,yes,"{""count_fp"":""10.00"",""created_time"":""2026-04-28T10:08:00.645236Z"",""no_price_dollars"":""0.1300"",""taker_side"":""yes"",""ticker"":""KXETH15M-26APR280615-15"",""trade_id"":""c4707294-9981-6a2f-a39a-b563b85e31f3"",""yes_price_dollars"":""0.8700""}"
KXETH15M-26APR280615-15,93cf9cfe-ccd4-6bc5-82f0-8bae5e3a8530,1777370880,0.87,10.0,yes,"{""count_fp"":""10.00"",""created_time"":""2026-04-28T10:08:00.645236Z"",""no_price_dollars"":""0.1300"",""taker_side"":""yes"",""ticker"":""KXETH15M-26APR280615-15"",""trade_id"":""93cf9cfe-ccd4-6bc5-82f0-8bae5e3a8530"",""yes_price_dollars"":""0.8700""}"
KXETH15M-26APR280615-15,3779505b-687d-510f-6b25-7f8a2ab57a1e,1777370886,0.88,1.0,yes,"{""count_fp"":""1.00"",""created_time"":""2026-04-28T10:08:06.273617Z"",""no_price_dollars"":""0.1200"",""taker_side"":""yes"",""ticker"":""KXETH15M-26APR280615-15"",""trade_id"":""3779505b-687d-510f-6b25-7f8a2ab57a1e"",""yes_price_dollars"":""0.8800""}"
KXETH15M-26APR280615-15,fdf4f53e-e93e-72aa-d1e4-b32122268df5,1777370893,0.86,10.0,no,"{""count_fp"":""10.00"",""created_time"":""2026-04-28T10:08:13.078923Z"",""no_price_dollars"":""0.1400"",""taker_side"":""no"",""ticker"":""KXETH15M-26APR280615-15"",""trade_id"":""fdf4f53e-e93e-72aa-d1e4-b32122268df5"",""yes_price_dollars"":""0.8600""}"
KXETH15M-26APR280615-15,ffe635de-01bc-6444-ff0f-5eccf98d5201,1777370894,0.85,1.0,yes,"{""count_fp"":""1.00"",""created_time"":""2026-04-28T10:08:14.603979Z"",""no_price_dollars"":""0.1500"",""taker_side"":""yes"",""ticker"":""KXETH15M-26APR280615-15"",""trade_id"":""ffe635de-01bc-6444-ff0f-5eccf98d5201"",""yes_price_dollars"":""0.8500""}"
KXETH15M-26APR280615-15,43589449-b30f-6cc6-c4af-07c9c955e692,1777370894,0.85,10.0,yes,"{""count_fp"":""10.00"",""created_time"":""2026-04-28T10:08:14.603979Z"",""no_price_dollars"":""0.1500"",""taker_side"":""yes"",""ticker"":""KXETH15M-26APR280615-15"",""trade_id"":""43589449-b30f-6cc6-c4af-07c9c955e692"",""yes_price_dollars"":""0.8500""}"
KXETH15M-26APR280615-15,91f5e646-0247-670a-678f-af405d9905e8,1777370897,0.8,9.0,no,"{""count_fp"":""9.00"",""created_time"":""2026-04-28T10:08:17.608192Z"",""no_price_dollars"":""0.2000"",""taker_side"":""no"",""ticker"":""KXETH15M-26APR280615-15"",""trade_id"":""91f5e646-0247-670a-678f-af405d9905e8"",""yes_price_dollars"":""0.8000""}"
KXETH15M-26APR280615-15,60db51e2-366d-6845-43f1-dce85f0690b0,1777370897,0.8,2.0,no,"{""count_fp"":""2.00"",""created_time"":""2026-04-28T10:08:17.608192Z"",""no_price_dollars"":""0.2000"",""taker_side"":""no"",""ticker"":""KXETH15M-26APR280615-15"",""trade_id"":""60db51e2-366d-6845-43f1-dce85f0690b0"",""yes_price_dollars"":""0.8000""}"
KXETH15M-26APR280615-15,c47dd1a4-d8f7-4676-07a6-1e71be4c6e68,1777370900,0.8,10.0,no,"{""count_fp"":""10.00"",""created_time"":""2026-04-28T10:08:20.884982Z"",""no_price_dollars"":""0.2000"",""taker_side"":""no"",""ticker"":""KXETH15M-26APR280615-15"",""trade_id"":""c47dd1a4-d8f7-4676-07a6-1e71be4c6e68"",""yes_price_dollars"":""0.8000""}"
KXETH15M-26APR280615-15,7460ca7c-310b-4dc1-0718-c9207602a5c2,1777370900,0.8,11.12,no,"{""count_fp"":""11.12"",""created_time"":""2026-04-28T10:08:20.884982Z"",""no_price_dollars"":""0.2000"",""taker_side"":""no"",""ticker"":""KXETH15M-26APR280615-15"",""trade_id"":""7460ca7c-310b-4dc1-0718-c9207602a5c2"",""yes_price_dollars"":""0.8000""}"
KXETH15M-26APR280615-15,22537eed-7e9f-4981-1298-9f08160cbb3e,1777370900,0.8,2.55,no,"{""count_fp"":""2.55"",""created_time"":""2026-04-28T10:08:20.884982Z"",""no_price_dollars"":""0.2000"",""taker_side"":""no"",""ticker"":""KXETH15M-26APR280615-15"",""trade_id"":""22537eed-7e9f-4981-1298-9f08160cbb3e"",""yes_price_dollars"":""0.8000""}"
KXETH15M-26APR280615-15,0b35a6a6-f6e7-4e04-cc76-4f1f6efc155d,1777370914,0.75,10.0,no,"{""count_fp"":""10.00"",""created_time"":""2026-04-28T10:08:34.933088Z"",""no_price_dollars"":""0.2500"",""taker_side"":""no"",""ticker"":""KXETH15M-26APR280615-15"",""trade_id"":""0b35a6a6-f6e7-4e04-cc76-4f1f6efc155d"",""yes_price_dollars"":""0.7500""}"
KXETH15M-26APR280615-15,02eedaaa-2a26-42b0-fa8f-7dc4a4f51e47,1777370914,0.75,10.0,no,"{""count_fp"":""10.00"",""created_time"":""2026-04-28T10:08:34.933088Z"",""no_price_dollars"":""0.2500"",""taker_side"":""no"",""ticker"":""KXETH15M-26APR280615-15"",""trade_id"":""02eedaaa-2a26-42b0-fa8f-7dc4a4f51e47"",""yes_price_dollars"":""0.7500""}"
KXETH15M-26APR280615-15,9d0afd4c-1f22-4055-f4d3-8cf455b1e32c,1777370915,0.76,10.0,yes,"{""count_fp"":""10.00"",""created_time"":""2026-04-28T10:08:35.814878Z"",""no_price_dollars"":""0.2400"",""taker_side"":""yes"",""ticker"":""KXETH15M-26APR280615-15"",""trade_id"":""9d0afd4c-1f22-4055-f4d3-8cf455b1e32c"",""yes_price_dollars"":""0.7600""}"
KXETH15M-26APR280615-15,3bde5c53-7ac1-46c6-ed8f-4ae315a96c78,1777370915,0.76,2.62,yes,"{""count_fp"":""2.62"",""created_time"":""2026-04-28T10:08:35.814878Z"",""no_price_dollars"":""0.2400"",""taker_side"":""yes"",""ticker"":""KXETH15M-26APR280615-15"",""trade_id"":""3bde5c53-7ac1-46c6-ed8f-4ae315a96c78"",""yes_price_dollars"":""0.7600""}"
KXETH15M-26APR280615-15,5ea6a6fe-8b10-4ad5-6ff0-aa3c5f2b5e93,1777370917,0.74,25.0,no,"{""count_fp"":""25.00"",""created_time"":""2026-04-28T10:08:37.994219Z"",""no_price_dollars"":""0.2600"",""taker_side"":""no"",""ticker"":""KXETH15M-26APR280615-15"",""trade_id"":""5ea6a6fe-8b10-4ad5-6ff0-aa3c5f2b5e93"",""yes_price_dollars"":""0.7400""}"
KXETH15M-26APR280615-15,e7e9c581-ce69-6e86-48bb-3c481551a3fa,1777370918,0.73,10.0,yes,"{""count_fp"":""10.00"",""created_time"":""2026-04-28T10:08:38.719738Z"",""no_price_dollars"":""0.2700"",""taker_side"":""yes"",""ticker"":""KXETH15M-26APR280615-15"",""trade_id"":""e7e9c581-ce69-6e86-48bb-3c481551a3fa"",""yes_price_dollars"":""0.7300""}"
KXETH15M-26APR280615-15,e628c6fd-938b-6e6f-4a77-713d62d3647f,1777370919,0.72,2.0,no,"{""count_fp"":""2.00"",""created_time"":""2026-04-28T10:08:39.025635Z"",""no_price_dollars"":""0.2800"",""taker_side"":""no"",""ticker"":""KXETH15M-26APR280615-15"",""trade_id"":""e628c6fd-938b-6e6f-4a77-713d62d3647f"",""yes_price_dollars"":""0.7200""}"
KXETH15M-26APR280615-15,c2b4ef00-07cb-4671-9fa4-cffb73fe3086,1777370922,0.72,9.86,no,"{""count_fp"":""9.86"",""created_time"":""2026-04-28T10:08:42.929244Z"",""no_price_dollars"":""0.2800"",""taker_side"":""no"",""ticker"":""KXETH15M-26APR280615-15"",""trade_id"":""c2b4ef00-07cb-4671-9fa4-cffb73fe3086"",""yes_price_dollars"":""0.7200""}"
KXETH15M-26APR280615-15,bfbe040b-efe3-4ea0-bf32-8847ccb32c0f,1777370922,0.71,486.98,no,"{""count_fp"":""486.98"",""created_time"":""2026-04-28T10:08:42.929244Z"",""no_price_dollars"":""0.2900"",""taker_side"":""no"",""ticker"":""KXETH15M-26APR280615-15"",""trade_id"":""bfbe040b-efe3-4ea0-bf32-8847ccb32c0f"",""yes_price_dollars"":""0.7100""}"
KXETH15M-26APR280615-15,b048f3fc-dc0f-4e91-bcc1-1c8104ea2936,1777370922,0.72,100.0,no,"{""count_fp"":""100.00"",""created_time"":""2026-04-28T10:08:42.929244Z"",""no_price_dollars"":""0.2800"",""taker_side"":""no"",""ticker"":""KXETH15M-26APR280615-15"",""trade_id"":""b048f3fc-dc0f-4e91-bcc1-1c8104ea2936"",""yes_price_dollars"":""0.7200""}"
KXETH15M-26APR280615-15,e4745dc4-b3a6-7dc2-e975-e66c42dee160,1777370927,0.66,10.0,no,"{""count_fp"":""10.00"",""created_time"":""2026-04-28T10:08:47.385195Z"",""no_price_dollars"":""0.3400"",""taker_side"":""no"",""ticker"":""KXETH15M-26APR280615-15"",""trade_id"":""e4745dc4-b3a6-7dc2-e975-e66c42dee160"",""yes_price_dollars"":""0.6600""}"
KXETH15M-26APR280615-15,df10314a-bada-70e2-da7e-eb0f2b46f514,1777370927,0.66,100.0,no,"{""count_fp"":""100.00"",""created_time"":""2026-04-28T10:08:47.385195Z"",""no_price_dollars"":""0.3400"",""taker_side"":""no"",""ticker"":""KXETH15M-26APR280615-15"",""trade_id"":""df10314a-bada-70e2-da7e-eb0f2b46f514"",""yes_price_dollars"":""0.6600""}"
KXETH15M-26APR280615-15,daf6e5d6-7be1-73be-d9ef-0bbfd4f63ef8,1777370927,0.66,10.0,no,"{""count_fp"":""10.00"",""created_time"":""2026-04-28T10:08:47.385195Z"",""no_price_dollars"":""0.3400"",""taker_side"":""no"",""ticker"":""KXETH15M-26APR280615-15"",""trade_id"":""daf6e5d6-7be1-73be-d9ef-0bbfd4f63ef8"",""yes_price_dollars"":""0.6600""}"
KXETH15M-26APR280615-15,e99e3dbe-97cb-4e44-28df-f296189aafed,1777370927,0.71,1.0,yes,"{""count_fp"":""1.00"",""created_time"":""2026-04-28T10:08:47.159279Z"",""no_price_dollars"":""0.2900"",""taker_side"":""yes"",""ticker"":""KXETH15M-26APR280615-15"",""trade_id"":""e99e3dbe-97cb-4e44-28df-f296189aafed"",""yes_price_dollars"":""0.7100""}"
KXETH15M-26APR280615-15,456174a5-d62e-67c1-7900-9ccf6f280abd,1777370933,0.65,1.0,no,"{""count_fp"":""1.00"",""created_time"":""2026-04-28T10:08:53.381179Z"",""no_price_dollars"":""0.3500"",""taker_side"":""no"",""ticker"":""KXETH15M-26APR280615-15"",""trade_id"":""456174a5-d62e-67c1-7900-9ccf6f280abd"",""yes_price_dollars"":""0.6500""}"
KXETH15M-26APR280615-15,ab82ab40-a1f5-45df-eacd-d50da337b1df,1777370933,0.67,10.35,yes,"{""count_fp"":""10.35"",""created_time"":""2026-04-28T10:08:53.026962Z"",""no_price_dollars"":""0.3300"",""taker_side"":""yes"",""ticker"":""KXETH15M-26APR280615-15"",""trade_id"":""ab82ab40-a1f5-45df-eacd-d50da337b1df"",""yes_price_dollars"":""0.6700""}"
KXETH15M-26APR280615-15,ea91d6ab-0fb1-7b72-19cd-dcdf27a92e1c,1777370935,0.68,10.0,yes,"{""count_fp"":""10.00"",""created_time"":""2026-04-28T10:08:55.826539Z"",""no_price_dollars"":""0.3200"",""taker_side"":""yes"",""ticker"":""KXETH15M-26APR280615-15"",""trade_id"":""ea91d6ab-0fb1-7b72-19cd-dcdf27a92e1c"",""yes_price_dollars"":""0.6800""}"
KXETH15M-26APR280615-15,cf3de971-da37-7a4e-0d02-0f6eca738897,1777370935,0.68,1.0,yes,"{""count_fp"":""1.00"",""created_time"":""2026-04-28T10:08:55.826539Z"",""no_price_dollars"":""0.3200"",""taker_side"":""yes"",""ticker"":""KXETH15M-26APR280615-15"",""trade_id"":""cf3de971-da37-7a4e-0d02-0f6eca738897"",""yes_price_dollars"":""0.6800""}"
KXETH15M-26APR280615-15,88e0936e-3d99-707f-2712-31c237e0d5c7,1777370935,0.67,0.65,yes,"{""count_fp"":""0.65"",""created_time"":""2026-04-28T10:08:55.826539Z"",""no_price_dollars"":""0.3300"",""taker_side"":""yes"",""ticker"":""KXETH15M-26APR280615-15"",""trade_id"":""88e0936e-3d99-707f-2712-31c237e0d5c7"",""yes_price_dollars"":""0.6700""}"
KXETH15M-26APR280615-15,e90a115b-93b1-6153-ce67-5c0b134df97f,1777370935,0.67,49.0,yes,"{""count_fp"":""49.00"",""created_time"":""2026-04-28T10:08:55.822017Z"",""no_price_dollars"":""0.3300"",""taker_side"":""yes"",""ticker"":""KXETH15M-26APR280615-15"",""trade_id"":""e90a115b-93b1-6153-ce67-5c0b134df97f"",""yes_price_dollars"":""0.6700""}"
KXETH15M-26APR280615-15,74c59bf7-9a88-65c2-c7cd-9588a0c8d567,1777370935,0.65,4.0,yes,"{""count_fp"":""4.00"",""created_time"":""2026-04-28T10:08:55.822017Z"",""no_price_dollars"":""0.3500"",""taker_side"":""yes"",""ticker"":""KXETH15M-26APR280615-15"",""trade_id"":""74c59bf7-9a88-65c2-c7cd-9588a0c8d567"",""yes_price_dollars"":""0.6500""}"
KXETH15M-26APR280615-15,0e9cf796-74a5-61ca-f475-3c2c0f5b3ef8,1777370935,0.67,10.0,yes,"{""count_fp"":""10.00"",""created_time"":""2026-04-28T10:08:55.822017Z"",""no_price_dollars"":""0.3300"",""taker_side"":""yes"",""ticker"":""KXETH15M-26APR280615-15"",""trade_id"":""0e9cf796-74a5-61ca-f475-3c2c0f5b3ef8"",""yes_price_dollars"":""0.6700""}"
KXETH15M-26APR280615-15,f0e5cbdc-5bff-4610-2250-04ca62428857,1777370935,0.64,1.0,no,"{""count_fp"":""1.00"",""created_time"":""2026-04-28T10:08:55.158479Z"",""no_price_dollars"":""0.3600"",""taker_side"":""no"",""ticker"":""KXETH15M-26APR280615-15"",""trade_id"":""f0e5cbdc-5bff-4610-2250-04ca62428857"",""yes_price_dollars"":""0.6400""}"
KXETH15M-26APR280615-15,db81eedd-7b86-4b6b-3ba9-59ce80c56c7d,1777370935,0.64,9.0,no,"{""count_fp"":""9.00"",""created_time"":""2026-04-28T10:08:55.158479Z"",""no_price_dollars"":""0.3600"",""taker_side"":""no"",""ticker"":""KXETH15M-26APR280615-15"",""trade_id"":""db81eedd-7b86-4b6b-3ba9-59ce80c56c7d"",""yes_price_dollars"":""0.6400""}"
KXETH15M-26APR280615-15,01d4cf89-6dc9-4741-148f-b490b02192b6,1777370935,0.64,10.0,no,"{""count_fp"":""10.00"",""created_time"":""2026-04-28T10:08:55.158479Z"",""no_price_dollars"":""0.3600"",""taker_side"":""no"",""ticker"":""KXETH15M-26APR280615-15"",""trade_id"":""01d4cf89-6dc9-4741-148f-b490b02192b6"",""yes_price_dollars"":""0.6400""}"
KXETH15M-26APR280615-15,0e720c4e-21c7-68e0-603e-f9b54007fda7,1777370936,0.72,3.0,no,"{""count_fp"":""3.00"",""created_time"":""2026-04-28T10:08:56.827643Z"",""no_price_dollars"":""0.2800"",""taker_side"":""no"",""ticker"":""KXETH15M-26APR280615-15"",""trade_id"":""0e720c4e-21c7-68e0-603e-f9b54007fda7"",""yes_price_dollars"":""0.7200""}"
KXETH15M-26APR280615-15,6b68dc67-68ab-4775-8a70-4c4bdf433cea,1777370936,0.73,2.0,yes,"{""count_fp"":""2.00"",""created_time"":""2026-04-28T10:08:56.229799Z"",""no_price_dollars"":""0.2700"",""taker_side"":""yes"",""ticker"":""KXETH15M-26APR280615-15"",""trade_id"":""6b68dc67-68ab-4775-8a70-4c4bdf433cea"",""yes_price_dollars"":""0.7300""}"
KXETH15M-26APR280615-15,7dee3641-450f-6320-ae96-7b9d30200c17,1777370939,0.73,12.0,no,"{""count_fp"":""12.00"",""created_time"":""2026-04-28T10:08:59.644565Z"",""no_price_dollars"":""0.2700"",""taker_side"":""no"",""ticker"":""KXETH15M-26APR280615-15"",""trade_id"":""7dee3641-450f-6320-ae96-7b9d30200c17"",""yes_price_dollars"":""0.7300""}"
KXETH15M-26APR280615-15,b969a716-719b-7810-fda6-63bbd213d39f,1777370939,0.73,34.0,no,"{""count_fp"":""34.00"",""created_time"":""2026-04-28T10:08:59.248177Z"",""no_price_dollars"":""0.2700"",""taker_side"":""no"",""ticker"":""KXETH15M-26APR280615-15"",""trade_id"":""b969a716-719b-7810-fda6-63bbd213d39f"",""yes_price_dollars"":""0.7300""}"
KXETH15M-26APR280615-15,9d74935b-2b7f-5840-3e56-ca03e9572a53,1777370941,0.73,5.0,no,"{""count_fp"":""5.00"",""created_time"":""2026-04-28T10:09:01.834774Z"",""no_price_dollars"":""0.2700"",""taker_side"":""no"",""ticker"":""KXETH15M-26APR280615-15"",""trade_id"":""9d74935b-2b7f-5840-3e56-ca03e9572a53"",""yes_price_dollars"":""0.7300""}"
KXETH15M-26APR280615-15,7d21d33f-a64b-5a10-b106-33b1a3896cfb,1777370947,0.74,7.04,no,"{""count_fp"":""7.04"",""created_time"":""2026-04-28T10:09:07.495653Z"",""no_price_dollars"":""0.2600"",""taker_side"":""no"",""ticker"":""KXETH15M-26APR280615-15"",""trade_id"":""7d21d33f-a64b-5a10-b106-33b1a3896cfb"",""yes_price_dollars"":""0.7400""}"
KXETH15M-26APR280615-15,a7481a34-3551-4da9-8bcf-ea37a28c3225,1777370947,0.76,10.0,yes,"{""count_fp"":""10.00"",""created_time"":""2026-04-28T10:09:07.334953Z"",""no_price_dollars"":""0.2400"",""taker_side"":""yes"",""ticker"":""KXETH15M-26APR280615-15"",""trade_id"":""a7481a34-3551-4da9-8bcf-ea37a28c3225"",""yes_price_dollars"":""0.7600""}"
KXETH15M-26APR280615-15,09408f04-9ce3-4d86-a9d9-0bd851c2e325,1777370947,0.76,27.0,yes,"{""count_fp"":""27.00"",""created_time"":""2026-04-28T10:09:07.334953Z"",""no_price_dollars"":""0.2400"",""taker_side"":""yes"",""ticker"":""KXETH15M-26APR280615-15"",""trade_id"":""09408f04-9ce3-4d86-a9d9-0bd851c2e325"",""yes_price_dollars"":""0.7600""}"
KXETH15M-26APR280615-15,de19618a-0597-6fe2-95be-28ee93205699,1777370947,0.75,11.0,yes,"{""count_fp"":""11.00"",""created_time"":""2026-04-28T10:09:07.286473Z"",""no_price_dollars"":""0.2500"",""taker_side"":""yes"",""ticker"":""KXETH15M-26APR280615-15"",""trade_id"":""de19618a-0597-6fe2-95be-28ee93205699"",""yes_price_dollars"":""0.7500""}"
KXETH15M-26APR280615-15,ea7b3b69-c17b-4532-12d5-533e9c226509,1777370947,0.75,11.0,yes,"{""count_fp"":""11.00"",""created_time"":""2026-04-28T10:09:07.283704Z"",""no_price_dollars"":""0.2500"",""taker_side"":""yes"",""ticker"":""KXETH15M-26APR280615-15"",""trade_id"":""ea7b3b69-c17b-4532-12d5-533e9c226509"",""yes_price_dollars"":""0.7500""}"
KXETH15M-26APR280615-15,9cabd9d7-77df-61a6-9124-d33215ec3e41,1777370947,0.75,11.0,yes,"{""count_fp"":""11.00"",""created_time"":""2026-04-28T10:09:07.268321Z"",""no_price_dollars"":""0.2500"",""taker_side"":""yes"",""ticker"":""KXETH15M-26APR280615-15"",""trade_id"":""9cabd9d7-77df-61a6-9124-d33215ec3e41"",""yes_price_dollars"":""0.7500""}"
KXETH15M-26APR280615-15,a3382513-6f8f-5cfd-041f-3658a82af96a,1777370947,0.74,10.0,yes,"{""count_fp"":""10.00"",""created_time"":""2026-04-28T10:09:07.263851Z"",""no_price_dollars"":""0.2600"",""taker_side"":""yes"",""ticker"":""KXETH15M-26APR280615-15"",""trade_id"":""a3382513-6f8f-5cfd-041f-3658a82af96a"",""yes_price_dollars"":""0.7400""}"
KXETH15M-26APR280615-15,72bc0c69-7dcc-5826-3870-0dd01c13604e,1777370947,0.73,1.0,yes,"{""count_fp"":""1.00"",""created_time"":""2026-04-28T10:09:07.263851Z"",""no_price_dollars"":""0.2700"",""taker_side"":""yes"",""ticker"":""KXETH15M-26APR280615-15"",""trade_id"":""72bc0c69-7dcc-5826-3870-0dd01c13604e"",""yes_price_dollars"":""0.7300""}"
KXETH15M-26APR280615-15,e9175a89-cd08-63f7-8bdb-4b350656009c,1777370953,0.78,8.25,no,"{""count_fp"":""8.25"",""created_time"":""2026-04-28T10:09:13.468592Z"",""no_price_dollars"":""0.2200"",""taker_side"":""no"",""ticker"":""KXETH15M-26APR280615-15"",""trade_id"":""e9175a89-cd08-63f7-8bdb-4b350656009c"",""yes_price_dollars"":""0.7800""}"
KXETH15M-26APR280615-15,efd4edf1-5477-5799-650e-7919baa36249,1777370957,0.8,40.0,yes,"{""count_fp"":""40.00"",""created_time"":""2026-04-28T10:09:17.912326Z"",""no_price_dollars"":""0.2000"",""taker_side"":""yes"",""ticker"":""KXETH15M-26APR280615-15"",""trade_id"":""efd4edf1-5477-5799-650e-7919baa36249"",""yes_price_dollars"":""0.8000""}"
KXETH15M-26APR280615-15,ed966dd7-8645-5284-7a9b-1b5f29444f77,1777370957,0.8,10.0,yes,"{""count_fp"":""10.00"",""created_time"":""2026-04-28T10:09:17.912326Z"",""no_price_dollars"":""0.2000"",""taker_side"":""yes"",""ticker"":""KXETH15M-26APR280615-15"",""trade_id"":""ed966dd7-8645-5284-7a9b-1b5f29444f77"",""yes_price_dollars"":""0.8000""}"
KXETH15M-26APR280615-15,a7790c77-1e4d-590c-703a-b58c8cb38a7d,1777370957,0.82,0.37,yes,"{""count_fp"":""0.37"",""created_time"":""2026-04-28T10:09:17.912326Z"",""no_price_dollars"":""0.1800"",""taker_side"":""yes"",""ticker"":""KXETH15M-26APR280615-15"",""trade_id"":""a7790c77-1e4d-590c-703a-b58c8cb38a7d"",""yes_price_dollars"":""0.8200""}"
KXETH15M-26APR280615-15,4332938e-e485-5257-6c76-009749a98cc2,1777370957,0.81,10.0,yes,"{""count_fp"":""10.00"",""created_time"":""2026-04-28T10:09:17.912326Z"",""no_price_dollars"":""0.1900"",""taker_side"":""yes"",""ticker"":""KXETH15M-26APR280615-15"",""trade_id"":""4332938e-e485-5257-6c76-009749a98cc2"",""yes_price_dollars"":""0.8100""}"
KXETH15M-26APR280615-15,17751c82-ade7-6ad0-ba5c-4aa2230ec49f,1777370972,0.77,19.0,no,"{""count_fp"":""19.00"",""created_time"":""2026-04-28T10:09:32.219294Z"",""no_price_dollars"":""0.2300"",""taker_side"":""no"",""ticker"":""KXETH15M-26APR280615-15"",""trade_id"":""17751c82-ade7-6ad0-ba5c-4aa2230ec49f"",""yes_price_dollars"":""0.7700""}"
KXETH15M-26APR280615-15,5c056383-240e-7a91-0929-b9ed534a6d13,1777370992,0.76,10.0,no,"{""count_fp"":""10.00"",""created_time"":""2026-04-28T10:09:52.823688Z"",""no_price_dollars"":""0.2400"",""taker_side"":""no"",""ticker"":""KXETH15M-26APR280615-15"",""trade_id"":""5c056383-240e-7a91-0929-b9ed534a6d13"",""yes_price_dollars"":""0.7600""}"
KXETH15M-26APR280615-15,5b68ad1a-7c30-4399-7693-930c3c4838fb,1777370999,0.77,6.0,no,"{""count_fp"":""6.00"",""created_time"":""2026-04-28T10:09:59.237783Z"",""no_price_dollars"":""0.2300"",""taker_side"":""no"",""ticker"":""KXETH15M-26APR280615-15"",""trade_id"":""5b68ad1a-7c30-4399-7693-930c3c4838fb"",""yes_price_dollars"":""0.7700""}"
KXETH15M-26APR280615-15,0ea28ccf-74c3-4a94-6ec4-cc7c5dc1acac,1777370999,0.78,4.0,no,"{""count_fp"":""4.00"",""created_time"":""2026-04-28T10:09:59.237783Z"",""no_price_dollars"":""0.2200"",""taker_side"":""no"",""ticker"":""KXETH15M-26APR280615-15"",""trade_id"":""0ea28ccf-74c3-4a94-6ec4-cc7c5dc1acac"",""yes_price_dollars"":""0.7800""}"
KXETH15M-26APR280615-15,7ab4bf44-2957-49a1-1322-496d3a6dc6c4,1777371001,0.78,1.0,yes,"{""count_fp"":""1.00"",""created_time"":""2026-04-28T10:10:01.696605Z"",""no_price_dollars"":""0.2200"",""taker_side"":""yes"",""ticker"":""KXETH15M-26APR280615-15"",""trade_id"":""7ab4bf44-2957-49a1-1322-496d3a6dc6c4"",""yes_price_dollars"":""0.7800""}"
KXETH15M-26APR280615-15,33a54723-3f0c-7d35-f241-96b14d84c3e3,1777371003,0.77,1.0,no,"{""count_fp"":""1.00"",""created_time"":""2026-04-28T10:10:03.538348Z"",""no_price_dollars"":""0.2300"",""taker_side"":""no"",""ticker"":""KXETH15M-26APR280615-15"",""trade_id"":""33a54723-3f0c-7d35-f241-96b14d84c3e3"",""yes_price_dollars"":""0.7700""}"
KXETH15M-26APR280615-15,c54a7dbd-5079-7d61-2bbd-a195160dd659,1777371003,0.81,3.0,yes,"{""count_fp"":""3.00"",""created_time"":""2026-04-28T10:10:03.138908Z"",""no_price_dollars"":""0.1900"",""taker_side"":""yes"",""ticker"":""KXETH15M-26APR280615-15"",""trade_id"":""c54a7dbd-5079-7d61-2bbd-a195160dd659"",""yes_price_dollars"":""0.8100""}"
KXETH15M-26APR280615-15,d02ae045-3fe6-6d2f-08c9-1469f4d9f242,1777371005,0.8,9.0,yes,"{""count_fp"":""9.00"",""created_time"":""2026-04-28T10:10:05.825204Z"",""no_price_dollars"":""0.2000"",""taker_side"":""yes"",""ticker"":""KXETH15M-26APR280615-15"",""trade_id"":""d02ae045-3fe6-6d2f-08c9-1469f4d9f242"",""yes_price_dollars"":""0.8000""}"
KXETH15M-26APR280615-15,7d6f6eda-862a-41a1-1c67-966e162cd2c9,1777371007,0.83,59.53,yes,"{""count_fp"":""59.53"",""created_time"":""2026-04-28T10:10:07.146215Z"",""no_price_dollars"":""0.1700"",""taker_side"":""yes"",""ticker"":""KXETH15M-26APR280615-15"",""trade_id"":""7d6f6eda-862a-41a1-1c67-966e162cd2c9"",""yes_price_dollars"":""0.8300""}"
KXETH15M-26APR280615-15,2ddff9db-269f-4ee8-f690-a2b4140cea53,1777371014,0.81,11.0,no,"{""count_fp"":""11.00"",""created_time"":""2026-04-28T10:10:14.730553Z"",""no_price_dollars"":""0.1900"",""taker_side"":""no"",""ticker"":""KXETH15M-26APR280615-15"",""trade_id"":""2ddff9db-269f-4ee8-f690-a2b4140cea53"",""yes_price_dollars"":""0.8100""}"
KXETH15M-26APR280615-15,1d849339-c85b-7731-33ab-a04705958649,1777371014,0.82,10.0,yes,"{""count_fp"":""10.00"",""created_time"":""2026-04-28T10:10:14.716405Z"",""no_price_dollars"":""0.1800"",""taker_side"":""yes"",""ticker"":""KXETH15M-26APR280615-15"",""trade_id"":""1d849339-c85b-7731-33ab-a04705958649"",""yes_price_dollars"":""0.8200""}"
KXETH15M-26APR280615-15,73eb4c79-926f-471c-58a8-963e1bdb9b6f,1777371022,0.78,10.0,no,"{""count_fp"":""10.00"",""created_time"":""2026-04-28T10:10:22.001006Z"",""no_price_dollars"":""0.2200"",""taker_side"":""no"",""ticker"":""KXETH15M-26APR280615-15"",""trade_id"":""73eb4c79-926f-471c-58a8-963e1bdb9b6f"",""yes_price_dollars"":""0.7800""}"
KXETH15M-26APR280615-15,83249c9f-6797-4b95-e4d1-e9d980714bc8,1777371024,0.83,10.0,yes,"{""count_fp"":""10.00"",""created_time"":""2026-04-28T10:10:24.630113Z"",""no_price_dollars"":""0.1700"",""taker_side"":""yes"",""ticker"":""KXETH15M-26APR280615-15"",""trade_id"":""83249c9f-6797-4b95-e4d1-e9d980714bc8"",""yes_price_dollars"":""0.8300""}"
KXETH15M-26APR280615-15,036b3921-0d44-4f8d-c4a7-a17e81f14395,1777371024,0.83,10.0,yes,"{""count_fp"":""10.00"",""created_time"":""2026-04-28T10:10:24.630113Z"",""no_price_dollars"":""0.1700"",""taker_side"":""yes"",""ticker"":""KXETH15M-26APR280615-15"",""trade_id"":""036b3921-0d44-4f8d-c4a7-a17e81f14395"",""yes_price_dollars"":""0.8300""}"
KXETH15M-26APR280615-15,7d27e827-a35b-5bbc-ff2d-f2bb93725fcf,1777371028,0.78,8.62,no,"{""count_fp"":""8.62"",""created_time"":""2026-04-28T10:10:28.301555Z"",""no_price_dollars"":""0.2200"",""taker_side"":""no"",""ticker"":""KXETH15M-26APR280615-15"",""trade_id"":""7d27e827-a35b-5bbc-ff2d-f2bb93725fcf"",""yes_price_dollars"":""0.7800""}"
KXETH15M-26APR280615-15,108b49a2-0996-70ce-c1ff-400848d49493,1777371030,0.79,10.0,no,"{""count_fp"":""10.00"",""created_time"":""2026-04-28T10:10:30.071607Z"",""no_price_dollars"":""0.2100"",""taker_side"":""no"",""ticker"":""KXETH15M-26APR280615-15"",""trade_id"":""108b49a2-0996-70ce-c1ff-400848d49493"",""yes_price_dollars"":""0.7900""}"
KXETH15M-26APR280615-15,dd0fe86c-4548-6141-195f-b825daead863,1777371031,0.79,5.0,no,"{""count_fp"":""5.00"",""created_time"":""2026-04-28T10:10:31.047345Z"",""no_price_dollars"":""0.2100"",""taker_side"":""no"",""ticker"":""KXETH15M-26APR280615-15"",""trade_id"":""dd0fe86c-4548-6141-195f-b825daead863"",""yes_price_dollars"":""0.7900""}"
KXETH15M-26APR280615-15,c5b9e6a7-2e83-6fa0-5ab6-6ae9e1a26ce7,1777371033,0.78,70.94,no,"{""count_fp"":""70.94"",""created_time"":""2026-04-28T10:10:33.628168Z"",""no_price_dollars"":""0.2200"",""taker_side"":""no"",""ticker"":""KXETH15M-26APR280615-15"",""trade_id"":""c5b9e6a7-2e83-6fa0-5ab6-6ae9e1a26ce7"",""yes_price_dollars"":""0.7800""}"
KXETH15M-26APR280615-15,92d38d11-4a70-6d01-459a-d9af22be2897,1777371033,0.79,95.0,no,"{""count_fp"":""95.00"",""created_time"":""2026-04-28T10:10:33.628168Z"",""no_price_dollars"":""0.2100"",""taker_side"":""no"",""ticker"":""KXETH15M-26APR280615-15"",""trade_id"":""92d38d11-4a70-6d01-459a-d9af22be2897"",""yes_price_dollars"":""0.7900""}"
KXETH15M-26APR280615-15,37dc2533-cb90-65ec-633e-2eddbcde17ec,1777371033,0.79,10.0,no,"{""count_fp"":""10.00"",""created_time"":""2026-04-28T10:10:33.628168Z"",""no_price_dollars"":""0.2100"",""taker_side"":""no"",""ticker"":""KXETH15M-26APR280615-15"",""trade_id"":""37dc2533-cb90-65ec-633e-2eddbcde17ec"",""yes_price_dollars"":""0.7900""}"
KXETH15M-26APR280615-15,1eba8092-5cbf-6818-4d0d-eda0578d9c85,1777371033,0.79,9.74,no,"{""count_fp"":""9.74"",""created_time"":""2026-04-28T10:10:33.628168Z"",""no_price_dollars"":""0.2100"",""taker_side"":""no"",""ticker"":""KXETH15M-26APR280615-15"",""trade_id"":""1eba8092-5cbf-6818-4d0d-eda0578d9c85"",""yes_price_dollars"":""0.7900""}"
KXETH15M-26APR280615-15,6e39be3c-7b5f-506a-84d5-99c2794d85f8,1777371040,0.79,10.0,no,"{""count_fp"":""10.00"",""created_time"":""2026-04-28T10:10:40.750363Z"",""no_price_dollars"":""0.2100"",""taker_side"":""no"",""ticker"":""KXETH15M-26APR280615-15"",""trade_id"":""6e39be3c-7b5f-506a-84d5-99c2794d85f8"",""yes_price_dollars"":""0.7900""}"
KXETH15M-26APR280615-15,02f5b062-c4bf-53d2-a5a6-feece9de8525,1777371040,0.79,12.56,no,"{""count_fp"":""12.56"",""created_time"":""2026-04-28T10:10:40.750363Z"",""no_price_dollars"":""0.2100"",""taker_side"":""no"",""ticker"":""KXETH15M-26APR280615-15"",""trade_id"":""02f5b062-c4bf-53d2-a5a6-feece9de8525"",""yes_price_dollars"":""0.7900""}"
KXETH15M-26APR280615-15,d097af4f-00b1-7a48-0b19-980b4440b7b9,1777371054,0.8,10.0,no,"{""count_fp"":""10.00"",""created_time"":""2026-04-28T10:10:54.985788Z"",""no_price_dollars"":""0.2000"",""taker_side"":""no"",""ticker"":""KXETH15M-26APR280615-15"",""trade_id"":""d097af4f-00b1-7a48-0b19-980b4440b7b9"",""yes_price_dollars"":""0.8000""}"
KXETH15M-26APR280615-15,6e97736d-1506-75db-0421-ead841e1990f,1777371054,0.8,10.0,no,"{""count_fp"":""10.00"",""created_time"":""2026-04-28T10:10:54.985788Z"",""no_price_dollars"":""0.2000"",""taker_side"":""no"",""ticker"":""KXETH15M-26APR280615-15"",""trade_id"":""6e97736d-1506-75db-0421-ead841e1990f"",""yes_price_dollars"":""0.8000""}"
KXETH15M-26APR280615-15,06794175-96b7-7ea6-0ceb-1bd229dd7a49,1777371054,0.8,100.0,no,"{""count_fp"":""100.00"",""created_time"":""2026-04-28T10:10:54.985788Z"",""no_price_dollars"":""0.2000"",""taker_side"":""no"",""ticker"":""KXETH15M-26APR280615-15"",""trade_id"":""06794175-96b7-7ea6-0ceb-1bd229dd7a49"",""yes_price_dollars"":""0.8000""}"
KXETH15M-26APR280615-15,e46fe776-a89e-6437-25b6-d1ca47be915c,1777371055,0.73,10.0,no,"{""count_fp"":""10.00"",""created_time"":""2026-04-28T10:10:55.416362Z"",""no_price_dollars"":""0.2700"",""taker_side"":""no"",""ticker"":""KXETH15M-26APR280615-15"",""trade_id"":""e46fe776-a89e-6437-25b6-d1ca47be915c"",""yes_price_dollars"":""0.7300""}"
KXETH15M-26APR280615-15,7f21c64a-50b6-6820-0b3e-8fac5d51ddb5,1777371055,0.73,8.0,no,"{""count_fp"":""8.00"",""created_time"":""2026-04-28T10:10:55.416362Z"",""no_price_dollars"":""0.2700"",""taker_side"":""no"",""ticker"":""KXETH15M-26APR280615-15"",""trade_id"":""7f21c64a-50b6-6820-0b3e-8fac5d51ddb5"",""yes_price_dollars"":""0.7300""}"
KXETH15M-26APR280615-15,b3187e12-9284-7cde-f742-46a394c5d764,1777371055,0.8,200.0,yes,"{""count_fp"":""200.00"",""created_time"":""2026-04-28T10:10:55.115095Z"",""no_price_dollars"":""0.2000"",""taker_side"":""yes"",""ticker"":""KXETH15M-26APR280615-15"",""trade_id"":""b3187e12-9284-7cde-f742-46a394c5d764"",""yes_price_dollars"":""0.8000""}"
KXETH15M-26APR280615-15,93a84339-13e0-71eb-d685-5312a913cec7,1777371055,0.8,10.0,yes,"{""count_fp"":""10.00"",""created_time"":""2026-04-28T10:10:55.115095Z"",""no_price_dollars"":""0.2000"",""taker_side"":""yes"",""ticker"":""KXETH15M-26APR280615-15"",""trade_id"":""93a84339-13e0-71eb-d685-5312a913cec7"",""yes_price_dollars"":""0.8000""}"
KXETH15M-26APR280615-15,4251b380-b088-7fd6-e5cc-e1ee6300258b,1777371055,0.81,8.0,yes,"{""count_fp"":""8.00"",""created_time"":""2026-04-28T10:10:55.115095Z"",""no_price_dollars"":""0.1900"",""taker_side"":""yes"",""ticker"":""KXETH15M-26APR280615-15"",""trade_id"":""4251b380-b088-7fd6-e5cc-e1ee6300258b"",""yes_price_dollars"":""0.8100""}"
KXETH15M-26APR280615-15,b8c1b745-de3c-611b-d115-cd102470d106,1777371056,0.78,10.0,yes,"{""count_fp"":""10.00"",""created_time"":""2026-04-28T10:10:56.491589Z"",""no_price_dollars"":""0.2200"",""taker_side"":""yes"",""ticker"":""KXETH15M-26APR280615-15"",""trade_id"":""b8c1b745-de3c-611b-d115-cd102470d106"",""yes_price_dollars"":""0.7800""}"
KXETH15M-26APR280615-15,2b5f1f16-5743-65f7-fa34-5ca16a58e0f8,1777371056,0.78,0.06,yes,"{""count_fp"":""0.06"",""created_time"":""2026-04-28T10:10:56.491589Z"",""no_price_dollars"":""0.2200"",""taker_side"":""yes"",""ticker"":""KXETH15M-26APR280615-15"",""trade_id"":""2b5f1f16-5743-65f7-fa34-5ca16a58e0f8"",""yes_price_dollars"":""0.7800""}"
KXETH15M-26APR280615-15,fabde6b6-775a-7628-9783-5d53691b6d45,1777371059,0.73,1.0,no,"{""count_fp"":""1.00"",""created_time"":""2026-04-28T10:10:59.948428Z"",""no_price_dollars"":""0.2700"",""taker_side"":""no"",""ticker"":""KXETH15M-26APR280615-15"",""trade_id"":""fabde6b6-775a-7628-9783-5d53691b6d45"",""yes_price_dollars"":""0.7300""}"
KXETH15M-26APR280615-15,0917f0af-6fe1-6c45-a870-84b56d1b04bf,1777371059,0.73,3.52,no,"{""count_fp"":""3.52"",""created_time"":""2026-04-28T10:10:59.726963Z"",""no_price_dollars"":""0.2700"",""taker_side"":""no"",""ticker"":""KXETH15M-26APR280615-15"",""trade_id"":""0917f0af-6fe1-6c45-a870-84b56d1b04bf"",""yes_price_dollars"":""0.7300""}"
KXETH15M-26APR280615-15,d82a3e1b-c7ee-5605-4a6c-f146a5060d25,1777371061,0.74,3.52,no,"{""count_fp"":""3.52"",""created_time"":""2026-04-28T10:11:01.477073Z"",""no_price_dollars"":""0.2600"",""taker_side"":""no"",""ticker"":""KXETH15M-26APR280615-15"",""trade_id"":""d82a3e1b-c7ee-5605-4a6c-f146a5060d25"",""yes_price_dollars"":""0.7400""}"
KXETH15M-26APR280615-15,21b5d865-24c2-6e21-eee6-ebabb89ed101,1777371061,0.74,10.0,no,"{""count_fp"":""10.00"",""created_time"":""2026-04-28T10:11:01.168985Z"",""no_price_dollars"":""0.2600"",""taker_side"":""no"",""ticker"":""KXETH15M-26APR280615-15"",""trade_id"":""21b5d865-24c2-6e21-eee6-ebabb89ed101"",""yes_price_dollars"":""0.7400""}"
KXETH15M-26APR280615-15,5dcdb600-5f6b-6759-405a-d6ba46840e79,1777371062,0.72,20.0,yes,"{""count_fp"":""20.00"",""created_time"":""2026-04-28T10:11:02.932675Z"",""no_price_dollars"":""0.2800"",""taker_side"":""yes"",""ticker"":""KXETH15M-26APR280615-15"",""trade_id"":""5dcdb600-5f6b-6759-405a-d6ba46840e79"",""yes_price_dollars"":""0.7200""}"
KXETH15M-26APR280615-15,9351b881-633a-7c16-10b5-ce707c2107a0,1777371062,0.73,10.0,no,"{""count_fp"":""10.00"",""created_time"":""2026-04-28T10:11:02.243022Z"",""no_price_dollars"":""0.2700"",""taker_side"":""no"",""ticker"":""KXETH15M-26APR280615-15"",""trade_id"":""9351b881-633a-7c16-10b5-ce707c2107a0"",""yes_price_dollars"":""0.7300""}"
KXETH15M-26APR280615-15,ab778c65-2392-6255-a445-f1a14cd72a0d,1777371062,0.74,75.0,no,"{""count_fp"":""75.00"",""created_time"":""2026-04-28T10:11:02.109276Z"",""no_price_dollars"":""0.2600"",""taker_side"":""no"",""ticker"":""KXETH15M-26APR280615-15"",""trade_id"":""ab778c65-2392-6255-a445-f1a14cd72a0d"",""yes_price_dollars"":""0.7400""}"
KXETH15M-26APR280615-15,5a012d68-ad79-5af6-ab1e-5ec143c62b8f,1777371066,0.68,10.0,no,"{""count_fp"":""10.00"",""created_time"":""2026-04-28T10:11:06.695647Z"",""no_price_dollars"":""0.3200"",""taker_side"":""no"",""ticker"":""KXETH15M-26APR280615-15"",""trade_id"":""5a012d68-ad79-5af6-ab1e-5ec143c62b8f"",""yes_price_dollars"":""0.6800""}"
KXETH15M-26APR280615-15,7eb676fb-78b4-76d1-62cd-4f550c322eea,1777371067,0.63,11.0,no,"{""count_fp"":""11.00"",""created_time"":""2026-04-28T10:11:07.259296Z"",""no_price_dollars"":""0.3700"",""taker_side"":""no"",""ticker"":""KXETH15M-26APR280615-15"",""trade_id"":""7eb676fb-78b4-76d1-62cd-4f550c322eea"",""yes_price_dollars"":""0.6300""}"
KXETH15M-26APR280615-15,736a612b-119d-7239-658a-fbf29dabde94,1777371067,0.65,7.0,no,"{""count_fp"":""7.00"",""created_time"":""2026-04-28T10:11:07.259296Z"",""no_price_dollars"":""0.3500"",""taker_side"":""no"",""ticker"":""KXETH15M-26APR280615-15"",""trade_id"":""736a612b-119d-7239-658a-fbf29dabde94"",""yes_price_dollars"":""0.6500""}"
KXETH15M-26APR280615-15,dbeebde8-f8bd-4eb5-d25c-50788308a6e3,1777371068,0.54,2.0,no,"{""count_fp"":""2.00"",""created_time"":""2026-04-28T10:11:08.896901Z"",""no_price_dollars"":""0.4600"",""taker_side"":""no"",""ticker"":""KXETH15M-26APR280615-15"",""trade_id"":""dbeebde8-f8bd-4eb5-d25c-50788308a6e3"",""yes_price_dollars"":""0.5400""}"
KXETH15M-26APR280615-15,7bb12d40-72b8-5a5d-702b-452af34239d2,1777371068,0.63,8.0,no,"{""count_fp"":""8.00"",""created_time"":""2026-04-28T10:11:08.191358Z"",""no_price_dollars"":""0.3700"",""taker_side"":""no"",""ticker"":""KXETH15M-26APR280615-15"",""trade_id"":""7bb12d40-72b8-5a5d-702b-452af34239d2"",""yes_price_dollars"":""0.6300""}"
KXETH15M-26APR280615-15,de00b828-0048-5299-2ea3-76b15d564056,1777371068,0.63,6.0,no,"{""count_fp"":""6.00"",""created_time"":""2026-04-28T10:11:08.156744Z"",""no_price_dollars"":""0.3700"",""taker_side"":""no"",""ticker"":""KXETH15M-26APR280615-15"",""trade_id"":""de00b828-0048-5299-2ea3-76b15d564056"",""yes_price_dollars"":""0.6300""}"
KXETH15M-26APR280615-15,dfcc4779-195a-48ce-bd88-65a87feb37c2,1777371069,0.54,3.0,no,"{""count_fp"":""3.00"",""created_time"":""2026-04-28T10:11:09.431201Z"",""no_price_dollars"":""0.4600"",""taker_side"":""no"",""ticker"":""KXETH15M-26APR280615-15"",""trade_id"":""dfcc4779-195a-48ce-bd88-65a87feb37c2"",""yes_price_dollars"":""0.5400""}"
KXETH15M-26APR280615-15,cbe81e7e-2f01-4cf9-be25-e3031ecea80f,1777371069,0.54,8.0,no,"{""count_fp"":""8.00"",""created_time"":""2026-04-28T10:11:09.431201Z"",""no_price_dollars"":""0.4600"",""taker_side"":""no"",""ticker"":""KXETH15M-26APR280615-15"",""trade_id"":""cbe81e7e-2f01-4cf9-be25-e3031ecea80f"",""yes_price_dollars"":""0.5400""}"
KXETH15M-26APR280615-15,bcb53689-1cd8-61b7-f9e2-6035541f0b43,1777371072,0.54,10.0,no,"{""count_fp"":""10.00"",""created_time"":""2026-04-28T10:11:12.315786Z"",""no_price_dollars"":""0.4600"",""taker_side"":""no"",""ticker"":""KXETH15M-26APR280615-15"",""trade_id"":""bcb53689-1cd8-61b7-f9e2-6035541f0b43"",""yes_price_dollars"":""0.5400""}"
KXETH15M-26APR280615-15,f0d17ced-b017-4ee4-7908-50e6ed88efe3,1777371073,0.56,2.0,no,"{""count_fp"":""2.00"",""created_time"":""2026-04-28T10:11:13.941751Z"",""no_price_dollars"":""0.4400"",""taker_side"":""no"",""ticker"":""KXETH15M-26APR280615-15"",""trade_id"":""f0d17ced-b017-4ee4-7908-50e6ed88efe3"",""yes_price_dollars"":""0.5600""}"
KXETH15M-26APR280615-15,0c187129-5743-6fa4-8239-d50a7b076767,1777371074,0.56,17.0,no,"{""count_fp"":""17.00"",""created_time"":""2026-04-28T10:11:14.872482Z"",""no_price_dollars"":""0.4400"",""taker_side"":""no"",""ticker"":""KXETH15M-26APR280615-15"",""trade_id"":""0c187129-5743-6fa4-8239-d50a7b076767"",""yes_price_dollars"":""0.5600""}"
KXETH15M-26APR280615-15,e585a71e-dceb-5d5a-4163-1a074985d7c9,1777371074,0.59,20.18,yes,"{""count_fp"":""20.18"",""created_time"":""2026-04-28T10:11:14.606234Z"",""no_price_dollars"":""0.4100"",""taker_side"":""yes"",""ticker"":""KXETH15M-26APR280615-15"",""trade_id"":""e585a71e-dceb-5d5a-4163-1a074985d7c9"",""yes_price_dollars"":""0.5900""}"
KXETH15M-26APR280615-15,6313a923-68e7-6485-b994-513223ece40d,1777371074,0.6,1.8,yes,"{""count_fp"":""1.80"",""created_time"":""2026-04-28T10:11:14.393563Z"",""no_price_dollars"":""0.4000"",""taker_side"":""yes"",""ticker"":""KXETH15M-26APR280615-15"",""trade_id"":""6313a923-68e7-6485-b994-513223ece40d"",""yes_price_dollars"":""0.6000""}"
KXETH15M-26APR280615-15,3aed8c16-ced7-6f73-8218-4f2db5f7458d,1777371074,0.59,10.0,yes,"{""count_fp"":""10.00"",""created_time"":""2026-04-28T10:11:14.393563Z"",""no_price_dollars"":""0.4100"",""taker_side"":""yes"",""ticker"":""KXETH15M-26APR280615-15"",""trade_id"":""3aed8c16-ced7-6f73-8218-4f2db5f7458d"",""yes_price_dollars"":""0.5900""}"
KXETH15M-26APR280615-15,4042441f-ad17-42e4-5e5a-7f819163148f,1777371074,0.56,5.0,no,"{""count_fp"":""5.00"",""created_time"":""2026-04-28T10:11:14.194678Z"",""no_price_dollars"":""0.4400"",""taker_side"":""no"",""ticker"":""KXETH15M-26APR280615-15"",""trade_id"":""4042441f-ad17-42e4-5e5a-7f819163148f"",""yes_price_dollars"":""0.5600""}"
KXETH15M-26APR280615-15,f7b140a1-b507-750c-020d-1788f82ebf3f,1777371074,0.56,44.0,no,"{""count_fp"":""44.00"",""created_time"":""2026-04-28T10:11:14.064271Z"",""no_price_dollars"":""0.4400"",""taker_side"":""no"",""ticker"":""KXETH15M-26APR280615-15"",""trade_id"":""f7b140a1-b507-750c-020d-1788f82ebf3f"",""yes_price_dollars"":""0.5600""}"
KXETH15M-26APR280615-15,96d4871c-7167-71d0-219f-fa268c8cbe27,1777371075,0.56,18.0,no,"{""count_fp"":""18.00"",""created_time"":""2026-04-28T10:11:15.846823Z"",""no_price_dollars"":""0.4400"",""taker_side"":""no"",""ticker"":""KXETH15M-26APR280615-15"",""trade_id"":""96d4871c-7167-71d0-219f-fa268c8cbe27"",""yes_price_dollars"":""0.5600""}"
KXETH15M-26APR280615-15,e8fe4698-9bed-6429-cfcb-1baf481eea2a,1777371076,0.54,10.0,no,"{""count_fp"":""10.00"",""created_time"":""2026-04-28T10:11:16.754787Z"",""no_price_dollars"":""0.4600"",""taker_side"":""no"",""ticker"":""KXETH15M-26APR280615-15"",""trade_id"":""e8fe4698-9bed-6429-cfcb-1baf481eea2a"",""yes_price_dollars"":""0.5400""}"
KXETH15M-26APR280615-15,ddb5b5d5-db79-6a57-f7e0-f07c6df2123d,1777371076,0.55,10.0,no,"{""count_fp"":""10.00"",""created_time"":""2026-04-28T10:11:16.754787Z"",""no_price_dollars"":""0.4500"",""taker_side"":""no"",""ticker"":""KXETH15M-26APR280615-15"",""trade_id"":""ddb5b5d5-db79-6a57-f7e0-f07c6df2123d"",""yes_price_dollars"":""0.5500""}"
KXETH15M-26APR280615-15,4a60d1f8-cc1a-6490-e2db-460b43a087bd,1777371076,0.54,100.0,no,"{""count_fp"":""100.00"",""created_time"":""2026-04-28T10:11:16.754787Z"",""no_price_dollars"":""0.4600"",""taker_side"":""no"",""ticker"":""KXETH15M-26APR280615-15"",""trade_id"":""4a60d1f8-cc1a-6490-e2db-460b43a087bd"",""yes_price_dollars"":""0.5400""}"
KXETH15M-26APR280615-15,078ad0b3-92df-6fd0-da06-1caef5b7cc77,1777371076,0.53,3.55,no,"{""count_fp"":""3.55"",""created_time"":""2026-04-28T10:11:16.754787Z"",""no_price_dollars"":""0.4700"",""taker_side"":""no"",""ticker"":""KXETH15M-26APR280615-15"",""trade_id"":""078ad0b3-92df-6fd0-da06-1caef5b7cc77"",""yes_price_dollars"":""0.5300""}"
KXETH15M-26APR280615-15,c574a1c8-bceb-6d3c-63fc-f1f46a761073,1777371076,0.56,114.0,no,"{""count_fp"":""114.00"",""created_time"":""2026-04-28T10:11:16.498112Z"",""no_price_dollars"":""0.4400"",""taker_side"":""no"",""ticker"":""KXETH15M-26APR280615-15"",""trade_id"":""c574a1c8-bceb-6d3c-63fc-f1f46a761073"",""yes_price_dollars"":""0.5600""}"
KXETH15M-26APR280615-15,2886f420-4e4b-6ccf-5a6c-251b2c7ce3a0,1777371078,0.54,5.0,no,"{""count_fp"":""5.00"",""created_time"":""2026-04-28T10:11:18.597253Z"",""no_price_dollars"":""0.4600"",""taker_side"":""no"",""ticker"":""KXETH15M-26APR280615-15"",""trade_id"":""2886f420-4e4b-6ccf-5a6c-251b2c7ce3a0"",""yes_price_dollars"":""0.5400""}"
KXETH15M-26APR280615-15,30a02a98-c24f-46ad-f92f-f28760f48bc1,1777371081,0.61,100.0,yes,"{""count_fp"":""100.00"",""created_time"":""2026-04-28T10:11:21.343748Z"",""no_price_dollars"":""0.3900"",""taker_side"":""yes"",""ticker"":""KXETH15M-26APR280615-15"",""trade_id"":""30a02a98-c24f-46ad-f92f-f28760f48bc1"",""yes_price_dollars"":""0.6100""}"
KXETH15M-26APR280615-15,73b726e4-66bd-781e-02da-73a86e20200f,1777371081,0.6,10.0,yes,"{""count_fp"":""10.00"",""created_time"":""2026-04-28T10:11:21.338131Z"",""no_price_dollars"":""0.4000"",""taker_side"":""yes"",""ticker"":""KXETH15M-26APR280615-15"",""trade_id"":""73b726e4-66bd-781e-02da-73a86e20200f"",""yes_price_dollars"":""0.6000""}"
KXETH15M-26APR280615-15,0ec812ff-9356-772c-3bc6-47685ce66e4a,1777371081,0.59,10.0,yes,"{""count_fp"":""10.00"",""created_time"":""2026-04-28T10:11:21.338131Z"",""no_price_dollars"":""0.4100"",""taker_side"":""yes"",""ticker"":""KXETH15M-26APR280615-15"",""trade_id"":""0ec812ff-9356-772c-3bc6-47685ce66e4a"",""yes_price_dollars"":""0.5900""}"
KXETH15M-26APR280615-15,d7e22d34-24ef-516c-ab99-0d8c3e04dab1,1777371081,0.55,10.0,no,"{""count_fp"":""10.00"",""created_time"":""2026-04-28T10:11:21.288784Z"",""no_price_dollars"":""0.4500"",""taker_side"":""no"",""ticker"":""KXETH15M-26APR280615-15"",""trade_id"":""d7e22d34-24ef-516c-ab99-0d8c3e04dab1"",""yes_price_dollars"":""0.5500""}"
KXETH15M-26APR280615-15,4ae29c1b-a00f-6ddc-79c9-ab0773133a7f,1777371082,0.61,35.0,no,"{""count_fp"":""35.00"",""created_time"":""2026-04-28T10:11:22.950728Z"",""no_price_dollars"":""0.3900"",""taker_side"":""no"",""ticker"":""KXETH15M-26APR280615-15"",""trade_id"":""4ae29c1b-a00f-6ddc-79c9-ab0773133a7f"",""yes_price_dollars"":""0.6100""}"
KXETH15M-26APR280615-15,d2109d87-f5ea-79f6-c432-3146a3f4215b,1777371082,0.61,21.0,no,"{""count_fp"":""21.00"",""created_time"":""2026-04-28T10:11:22.115579Z"",""no_price_dollars"":""0.3900"",""taker_side"":""no"",""ticker"":""KXETH15M-26APR280615-15"",""trade_id"":""d2109d87-f5ea-79f6-c432-3146a3f4215b"",""yes_price_dollars"":""0.6100""}"
KXETH15M-26APR280615-15,96b11f11-f7d9-592e-1ef0-b1cb4f244e1c,1777371083,0.66,1.0,yes,"{""count_fp"":""1.00"",""created_time"":""2026-04-28T10:11:23.229116Z"",""no_price_dollars"":""0.3400"",""taker_side"":""yes"",""ticker"":""KXETH15M-26APR280615-15"",""trade_id"":""96b11f11-f7d9-592e-1ef0-b1cb4f244e1c"",""yes_price_dollars"":""0.6600""}"
KXETH15M-26APR280615-15,fa224ef2-8f95-4682-132a-8a229f866224,1777371084,0.58,4.27,no,"{""count_fp"":""4.27"",""created_time"":""2026-04-28T10:11:24.462597Z"",""no_price_dollars"":""0.4200"",""taker_side"":""no"",""ticker"":""KXETH15M-26APR280615-15"",""trade_id"":""fa224ef2-8f95-4682-132a-8a229f866224"",""yes_price_dollars"":""0.5800""}"
KXETH15M-26APR280615-15,d2b99d12-ba29-541e-628a-b7767ea214d8,1777371084,0.58,5.0,no,"{""count_fp"":""5.00"",""created_time"":""2026-04-28T10:11:24.406275Z"",""no_price_dollars"":""0.4200"",""taker_side"":""no"",""ticker"":""KXETH15M-26APR280615-15"",""trade_id"":""d2b99d12-ba29-541e-628a-b7767ea214d8"",""yes_price_dollars"":""0.5800""}"
KXETH15M-26APR280615-15,44c7e6ec-e0d3-7396-d765-c171088027e6,1777371086,0.59,5.0,no,"{""count_fp"":""5.00"",""created_time"":""2026-04-28T10:11:26.801757Z"",""no_price_dollars"":""0.4100"",""taker_side"":""no"",""ticker"":""KXETH15M-26APR280615-15"",""trade_id"":""44c7e6ec-e0d3-7396-d765-c171088027e6"",""yes_price_dollars"":""0.5900""}"
KXETH15M-26APR280615-15,ed49fe90-fd81-70ee-9ddc-5d300ac0ceb4,1777371086,0.58,0.38,no,"{""count_fp"":""0.38"",""created_time"":""2026-04-28T10:11:26.210277Z"",""no_price_dollars"":""0.4200"",""taker_side"":""no"",""ticker"":""KXETH15M-26APR280615-15"",""trade_id"":""ed49fe90-fd81-70ee-9ddc-5d300ac0ceb4"",""yes_price_dollars"":""0.5800""}"
KXETH15M-26APR280615-15,9841a244-a6d7-7715-a079-fcd391a23101,1777371086,0.57,10.0,no,"{""count_fp"":""10.00"",""created_time"":""2026-04-28T10:11:26.210277Z"",""no_price_dollars"":""0.4300"",""taker_side"":""no"",""ticker"":""KXETH15M-26APR280615-15"",""trade_id"":""9841a244-a6d7-7715-a079-fcd391a23101"",""yes_price_dollars"":""0.5700""}"
