ticker,trade_id,ts,yes_price,count,taker_side,raw_json
KXETH15M-26APR271715-15,8df5faa0-39a6-72a3-70f5-615f73081f08,1777323608,0.35,5.0,yes,"{""count_fp"":""5.00"",""created_time"":""2026-04-27T21:00:08.732301Z"",""no_price_dollars"":""0.6500"",""taker_side"":""yes"",""ticker"":""KXETH15M-26APR271715-15"",""trade_id"":""8df5faa0-39a6-72a3-70f5-615f73081f08"",""yes_price_dollars"":""0.3500""}"
KXETH15M-26APR271715-15,ced018d2-7ea9-67cc-fff4-847560e88ad2,1777323612,0.3,5.0,no,"{""count_fp"":""5.00"",""created_time"":""2026-04-27T21:00:12.823302Z"",""no_price_dollars"":""0.7000"",""taker_side"":""no"",""ticker"":""KXETH15M-26APR271715-15"",""trade_id"":""ced018d2-7ea9-67cc-fff4-847560e88ad2"",""yes_price_dollars"":""0.3000""}"
KXETH15M-26APR271715-15,8d994086-3ea0-6249-c058-b4a427dd2f54,1777323612,0.3,4.0,no,"{""count_fp"":""4.00"",""created_time"":""2026-04-27T21:00:12.823302Z"",""no_price_dollars"":""0.7000"",""taker_side"":""no"",""ticker"":""KXETH15M-26APR271715-15"",""trade_id"":""8d994086-3ea0-6249-c058-b4a427dd2f54"",""yes_price_dollars"":""0.3000""}"
KXETH15M-26APR271715-15,a563fcbc-579d-4c17-d034-1c391adf3aba,1777323614,0.33,28.94,yes,"{""count_fp"":""28.94"",""created_time"":""2026-04-27T21:00:14.533888Z"",""no_price_dollars"":""0.6700"",""taker_side"":""yes"",""ticker"":""KXETH15M-26APR271715-15"",""trade_id"":""a563fcbc-579d-4c17-d034-1c391adf3aba"",""yes_price_dollars"":""0.3300""}"
KXETH15M-26APR271715-15,3d54240a-dd57-51e0-152e-cd439273be6c,1777323621,0.32,1.0,yes,"{""count_fp"":""1.00"",""created_time"":""2026-04-27T21:00:21.071518Z"",""no_price_dollars"":""0.6800"",""taker_side"":""yes"",""ticker"":""KXETH15M-26APR271715-15"",""trade_id"":""3d54240a-dd57-51e0-152e-cd439273be6c"",""yes_price_dollars"":""0.3200""}"
KXETH15M-26APR271715-15,3839b24a-5379-629e-701c-7f2decf1c741,1777323622,0.31,9.0,yes,"{""count_fp"":""9.00"",""created_time"":""2026-04-27T21:00:22.661247Z"",""no_price_dollars"":""0.6900"",""taker_side"":""yes"",""ticker"":""KXETH15M-26APR271715-15"",""trade_id"":""3839b24a-5379-629e-701c-7f2decf1c741"",""yes_price_dollars"":""0.3100""}"
KXETH15M-26APR271715-15,f6e84a9c-e021-7cc3-ea44-fd50c39e3d76,1777323624,0.36,376.67,yes,"{""count_fp"":""376.67"",""created_time"":""2026-04-27T21:00:24.626021Z"",""no_price_dollars"":""0.6400"",""taker_side"":""yes"",""ticker"":""KXETH15M-26APR271715-15"",""trade_id"":""f6e84a9c-e021-7cc3-ea44-fd50c39e3d76"",""yes_price_dollars"":""0.3600""}"
KXETH15M-26APR271715-15,e38f740e-b412-7ee0-e0f2-761673d0ecd5,1777323624,0.32,5.0,yes,"{""count_fp"":""5.00"",""created_time"":""2026-04-27T21:00:24.626021Z"",""no_price_dollars"":""0.6800"",""taker_side"":""yes"",""ticker"":""KXETH15M-26APR271715-15"",""trade_id"":""e38f740e-b412-7ee0-e0f2-761673d0ecd5"",""yes_price_dollars"":""0.3200""}"
KXETH15M-26APR271715-15,70941132-5edf-7685-f3d9-e2062da11827,1777323624,0.33,1.0,yes,"{""count_fp"":""1.00"",""created_time"":""2026-04-27T21:00:24.626021Z"",""no_price_dollars"":""0.6700"",""taker_side"":""yes"",""ticker"":""KXETH15M-26APR271715-15"",""trade_id"":""70941132-5edf-7685-f3d9-e2062da11827"",""yes_price_dollars"":""0.3300""}"
KXETH15M-26APR271715-15,6a9269a9-c7a8-7c68-c817-313837fc53a2,1777323624,0.33,28.0,yes,"{""count_fp"":""28.00"",""created_time"":""2026-04-27T21:00:24.626021Z"",""no_price_dollars"":""0.6700"",""taker_side"":""yes"",""ticker"":""KXETH15M-26APR271715-15"",""trade_id"":""6a9269a9-c7a8-7c68-c817-313837fc53a2"",""yes_price_dollars"":""0.3300""}"
KXETH15M-26APR271715-15,582ff7a4-d2c1-787a-d786-81fcc2b36455,1777323624,0.31,91.0,yes,"{""count_fp"":""91.00"",""created_time"":""2026-04-27T21:00:24.626021Z"",""no_price_dollars"":""0.6900"",""taker_side"":""yes"",""ticker"":""KXETH15M-26APR271715-15"",""trade_id"":""582ff7a4-d2c1-787a-d786-81fcc2b36455"",""yes_price_dollars"":""0.3100""}"
KXETH15M-26APR271715-15,042819a3-fa4d-7841-c9ef-e440bbdf2416,1777323624,0.33,70.0,yes,"{""count_fp"":""70.00"",""created_time"":""2026-04-27T21:00:24.626021Z"",""no_price_dollars"":""0.6700"",""taker_side"":""yes"",""ticker"":""KXETH15M-26APR271715-15"",""trade_id"":""042819a3-fa4d-7841-c9ef-e440bbdf2416"",""yes_price_dollars"":""0.3300""}"
KXETH15M-26APR271715-15,8483d464-3f0b-45b2-6da2-f25a3136dc97,1777323625,0.29,1.0,no,"{""count_fp"":""1.00"",""created_time"":""2026-04-27T21:00:25.104504Z"",""no_price_dollars"":""0.7100"",""taker_side"":""no"",""ticker"":""KXETH15M-26APR271715-15"",""trade_id"":""8483d464-3f0b-45b2-6da2-f25a3136dc97"",""yes_price_dollars"":""0.2900""}"
KXETH15M-26APR271715-15,24537715-ecf5-46c7-669b-d1446c88e817,1777323625,0.29,19.7,no,"{""count_fp"":""19.70"",""created_time"":""2026-04-27T21:00:25.104504Z"",""no_price_dollars"":""0.7100"",""taker_side"":""no"",""ticker"":""KXETH15M-26APR271715-15"",""trade_id"":""24537715-ecf5-46c7-669b-d1446c88e817"",""yes_price_dollars"":""0.2900""}"
KXETH15M-26APR271715-15,44e0367c-7f39-52fc-51ba-b6583fccf722,1777323627,0.32,29.83,yes,"{""count_fp"":""29.83"",""created_time"":""2026-04-27T21:00:27.887771Z"",""no_price_dollars"":""0.6800"",""taker_side"":""yes"",""ticker"":""KXETH15M-26APR271715-15"",""trade_id"":""44e0367c-7f39-52fc-51ba-b6583fccf722"",""yes_price_dollars"":""0.3200""}"
KXETH15M-26APR271715-15,a251778d-6d5d-4ce2-691a-0f32c9143c01,1777323630,0.32,70.0,no,"{""count_fp"":""70.00"",""created_time"":""2026-04-27T21:00:30.798333Z"",""no_price_dollars"":""0.6800"",""taker_side"":""no"",""ticker"":""KXETH15M-26APR271715-15"",""trade_id"":""a251778d-6d5d-4ce2-691a-0f32c9143c01"",""yes_price_dollars"":""0.3200""}"
KXETH15M-26APR271715-15,6a28b763-839b-765d-e7f5-ff54a3526a41,1777323630,0.31,70.0,yes,"{""count_fp"":""70.00"",""created_time"":""2026-04-27T21:00:30.743628Z"",""no_price_dollars"":""0.6900"",""taker_side"":""yes"",""ticker"":""KXETH15M-26APR271715-15"",""trade_id"":""6a28b763-839b-765d-e7f5-ff54a3526a41"",""yes_price_dollars"":""0.3100""}"
KXETH15M-26APR271715-15,37f57aa5-35dd-7558-ddac-aa21f18aee96,1777323630,0.32,100.0,yes,"{""count_fp"":""100.00"",""created_time"":""2026-04-27T21:00:30.743628Z"",""no_price_dollars"":""0.6800"",""taker_side"":""yes"",""ticker"":""KXETH15M-26APR271715-15"",""trade_id"":""37f57aa5-35dd-7558-ddac-aa21f18aee96"",""yes_price_dollars"":""0.3200""}"
KXETH15M-26APR271715-15,94725927-7678-495c-b13e-a6b7d231c78c,1777323632,0.33,1.0,yes,"{""count_fp"":""1.00"",""created_time"":""2026-04-27T21:00:32.730317Z"",""no_price_dollars"":""0.6700"",""taker_side"":""yes"",""ticker"":""KXETH15M-26APR271715-15"",""trade_id"":""94725927-7678-495c-b13e-a6b7d231c78c"",""yes_price_dollars"":""0.3300""}"
KXETH15M-26APR271715-15,195dd5d1-536c-404a-bd54-1d9e861658b5,1777323632,0.33,13.47,yes,"{""count_fp"":""13.47"",""created_time"":""2026-04-27T21:00:32.730317Z"",""no_price_dollars"":""0.6700"",""taker_side"":""yes"",""ticker"":""KXETH15M-26APR271715-15"",""trade_id"":""195dd5d1-536c-404a-bd54-1d9e861658b5"",""yes_price_dollars"":""0.3300""}"
KXETH15M-26APR271715-15,02f1df9b-2f2d-6322-6799-b8ee993c2941,1777323632,0.32,3.0,no,"{""count_fp"":""3.00"",""created_time"":""2026-04-27T21:00:32.658364Z"",""no_price_dollars"":""0.6800"",""taker_side"":""no"",""ticker"":""KXETH15M-26APR271715-15"",""trade_id"":""02f1df9b-2f2d-6322-6799-b8ee993c2941"",""yes_price_dollars"":""0.3200""}"
KXETH15M-26APR271715-15,b08da196-d469-67ea-86e4-fb85b4531345,1777323637,0.32,1.0,no,"{""count_fp"":""1.00"",""created_time"":""2026-04-27T21:00:37.417848Z"",""no_price_dollars"":""0.6800"",""taker_side"":""no"",""ticker"":""KXETH15M-26APR271715-15"",""trade_id"":""b08da196-d469-67ea-86e4-fb85b4531345"",""yes_price_dollars"":""0.3200""}"
KXETH15M-26APR271715-15,54d98096-dd80-52d8-170f-fcc5ca863278,1777323643,0.33,9.17,yes,"{""count_fp"":""9.17"",""created_time"":""2026-04-27T21:00:43.752461Z"",""no_price_dollars"":""0.6700"",""taker_side"":""yes"",""ticker"":""KXETH15M-26APR271715-15"",""trade_id"":""54d98096-dd80-52d8-170f-fcc5ca863278"",""yes_price_dollars"":""0.3300""}"
KXETH15M-26APR271715-15,a4fc78b0-3515-6ddf-8ec9-0b4cd83a55c7,1777323647,0.33,7.19,no,"{""count_fp"":""7.19"",""created_time"":""2026-04-27T21:00:47.373489Z"",""no_price_dollars"":""0.6700"",""taker_side"":""no"",""ticker"":""KXETH15M-26APR271715-15"",""trade_id"":""a4fc78b0-3515-6ddf-8ec9-0b4cd83a55c7"",""yes_price_dollars"":""0.3300""}"
KXETH15M-26APR271715-15,534d63d8-bf41-6462-a304-97e320ee628d,1777323648,0.32,3.0,no,"{""count_fp"":""3.00"",""created_time"":""2026-04-27T21:00:48.752599Z"",""no_price_dollars"":""0.6800"",""taker_side"":""no"",""ticker"":""KXETH15M-26APR271715-15"",""trade_id"":""534d63d8-bf41-6462-a304-97e320ee628d"",""yes_price_dollars"":""0.3200""}"
KXETH15M-26APR271715-15,7aca38d8-1989-61ec-084e-96e048302ea4,1777323652,0.33,10.0,yes,"{""count_fp"":""10.00"",""created_time"":""2026-04-27T21:00:52.258813Z"",""no_price_dollars"":""0.6700"",""taker_side"":""yes"",""ticker"":""KXETH15M-26APR271715-15"",""trade_id"":""7aca38d8-1989-61ec-084e-96e048302ea4"",""yes_price_dollars"":""0.3300""}"
KXETH15M-26APR271715-15,740734e8-f798-65f6-2477-748a1f3777f5,1777323652,0.33,18.94,yes,"{""count_fp"":""18.94"",""created_time"":""2026-04-27T21:00:52.258813Z"",""no_price_dollars"":""0.6700"",""taker_side"":""yes"",""ticker"":""KXETH15M-26APR271715-15"",""trade_id"":""740734e8-f798-65f6-2477-748a1f3777f5"",""yes_price_dollars"":""0.3300""}"
KXETH15M-26APR271715-15,e15e9051-eb05-5b91-dae2-23706bafebd1,1777323653,0.36,50.0,yes,"{""count_fp"":""50.00"",""created_time"":""2026-04-27T21:00:53.627861Z"",""no_price_dollars"":""0.6400"",""taker_side"":""yes"",""ticker"":""KXETH15M-26APR271715-15"",""trade_id"":""e15e9051-eb05-5b91-dae2-23706bafebd1"",""yes_price_dollars"":""0.3600""}"
KXETH15M-26APR271715-15,c9ccb7b6-7d7c-52d0-da4b-4aac45b2a56c,1777323653,0.36,100.0,yes,"{""count_fp"":""100.00"",""created_time"":""2026-04-27T21:00:53.627861Z"",""no_price_dollars"":""0.6400"",""taker_side"":""yes"",""ticker"":""KXETH15M-26APR271715-15"",""trade_id"":""c9ccb7b6-7d7c-52d0-da4b-4aac45b2a56c"",""yes_price_dollars"":""0.3600""}"
KXETH15M-26APR271715-15,ac4ffc41-d429-56f9-cd1b-a55916e2be0c,1777323653,0.37,28.0,yes,"{""count_fp"":""28.00"",""created_time"":""2026-04-27T21:00:53.627861Z"",""no_price_dollars"":""0.6300"",""taker_side"":""yes"",""ticker"":""KXETH15M-26APR271715-15"",""trade_id"":""ac4ffc41-d429-56f9-cd1b-a55916e2be0c"",""yes_price_dollars"":""0.3700""}"
KXETH15M-26APR271715-15,901fa892-205c-55e4-cc6b-9e3c993e8045,1777323653,0.36,1.0,yes,"{""count_fp"":""1.00"",""created_time"":""2026-04-27T21:00:53.627861Z"",""no_price_dollars"":""0.6400"",""taker_side"":""yes"",""ticker"":""KXETH15M-26APR271715-15"",""trade_id"":""901fa892-205c-55e4-cc6b-9e3c993e8045"",""yes_price_dollars"":""0.3600""}"
KXETH15M-26APR271715-15,38ed93bb-3fb9-5163-f5a6-2e87f1cec33e,1777323653,0.38,90.11,yes,"{""count_fp"":""90.11"",""created_time"":""2026-04-27T21:00:53.627861Z"",""no_price_dollars"":""0.6200"",""taker_side"":""yes"",""ticker"":""KXETH15M-26APR271715-15"",""trade_id"":""38ed93bb-3fb9-5163-f5a6-2e87f1cec33e"",""yes_price_dollars"":""0.3800""}"
KXETH15M-26APR271715-15,0b84e2cd-42cc-51c6-d7f0-79afce60ed4d,1777323653,0.36,37.59,yes,"{""count_fp"":""37.59"",""created_time"":""2026-04-27T21:00:53.627861Z"",""no_price_dollars"":""0.6400"",""taker_side"":""yes"",""ticker"":""KXETH15M-26APR271715-15"",""trade_id"":""0b84e2cd-42cc-51c6-d7f0-79afce60ed4d"",""yes_price_dollars"":""0.3600""}"
KXETH15M-26APR271715-15,f9e4d02a-ed22-75fb-843a-3943c67106ba,1777323659,0.33,18.94,yes,"{""count_fp"":""18.94"",""created_time"":""2026-04-27T21:00:59.550839Z"",""no_price_dollars"":""0.6700"",""taker_side"":""yes"",""ticker"":""KXETH15M-26APR271715-15"",""trade_id"":""f9e4d02a-ed22-75fb-843a-3943c67106ba"",""yes_price_dollars"":""0.3300""}"
KXETH15M-26APR271715-15,d4995ba3-08bf-7695-88fb-4c00104bbe6b,1777323659,0.33,10.0,yes,"{""count_fp"":""10.00"",""created_time"":""2026-04-27T21:00:59.550839Z"",""no_price_dollars"":""0.6700"",""taker_side"":""yes"",""ticker"":""KXETH15M-26APR271715-15"",""trade_id"":""d4995ba3-08bf-7695-88fb-4c00104bbe6b"",""yes_price_dollars"":""0.3300""}"
KXETH15M-26APR271715-15,b406bf47-bdba-4883-99d9-1d249dd18bfa,1777323660,0.33,6.0,yes,"{""count_fp"":""6.00"",""created_time"":""2026-04-27T21:01:00.161989Z"",""no_price_dollars"":""0.6700"",""taker_side"":""yes"",""ticker"":""KXETH15M-26APR271715-15"",""trade_id"":""b406bf47-bdba-4883-99d9-1d249dd18bfa"",""yes_price_dollars"":""0.3300""}"
KXETH15M-26APR271715-15,1a491b94-bd3e-46a4-a592-d1d313f3acda,1777323660,0.33,2.0,yes,"{""count_fp"":""2.00"",""created_time"":""2026-04-27T21:01:00.161989Z"",""no_price_dollars"":""0.6700"",""taker_side"":""yes"",""ticker"":""KXETH15M-26APR271715-15"",""trade_id"":""1a491b94-bd3e-46a4-a592-d1d313f3acda"",""yes_price_dollars"":""0.3300""}"
KXETH15M-26APR271715-15,9cb19693-f295-6c4a-3e39-ddea1cfc046d,1777323661,0.32,1.0,no,"{""count_fp"":""1.00"",""created_time"":""2026-04-27T21:01:01.888635Z"",""no_price_dollars"":""0.6800"",""taker_side"":""no"",""ticker"":""KXETH15M-26APR271715-15"",""trade_id"":""9cb19693-f295-6c4a-3e39-ddea1cfc046d"",""yes_price_dollars"":""0.3200""}"
KXETH15M-26APR271715-15,f1f0e3a1-a875-7d0d-75d9-30299b85a051,1777323661,0.33,100.0,yes,"{""count_fp"":""100.00"",""created_time"":""2026-04-27T21:01:01.692575Z"",""no_price_dollars"":""0.6700"",""taker_side"":""yes"",""ticker"":""KXETH15M-26APR271715-15"",""trade_id"":""f1f0e3a1-a875-7d0d-75d9-30299b85a051"",""yes_price_dollars"":""0.3300""}"
KXETH15M-26APR271715-15,e8a307ef-aab9-791b-576c-3ae4be082642,1777323661,0.33,96.3,yes,"{""count_fp"":""96.30"",""created_time"":""2026-04-27T21:01:01.692575Z"",""no_price_dollars"":""0.6700"",""taker_side"":""yes"",""ticker"":""KXETH15M-26APR271715-15"",""trade_id"":""e8a307ef-aab9-791b-576c-3ae4be082642"",""yes_price_dollars"":""0.3300""}"
KXETH15M-26APR271715-15,cec9e3a2-dacc-71d2-5d66-9a7820cc0bfa,1777323661,0.33,29.0,yes,"{""count_fp"":""29.00"",""created_time"":""2026-04-27T21:01:01.692575Z"",""no_price_dollars"":""0.6700"",""taker_side"":""yes"",""ticker"":""KXETH15M-26APR271715-15"",""trade_id"":""cec9e3a2-dacc-71d2-5d66-9a7820cc0bfa"",""yes_price_dollars"":""0.3300""}"
KXETH15M-26APR271715-15,55255808-935a-77ef-7417-365818489c96,1777323661,0.33,45.06,yes,"{""count_fp"":""45.06"",""created_time"":""2026-04-27T21:01:01.692575Z"",""no_price_dollars"":""0.6700"",""taker_side"":""yes"",""ticker"":""KXETH15M-26APR271715-15"",""trade_id"":""55255808-935a-77ef-7417-365818489c96"",""yes_price_dollars"":""0.3300""}"
KXETH15M-26APR271715-15,df153c0b-4d59-4d62-83d1-0ba2f1b6bf7d,1777323661,0.32,7.19,no,"{""count_fp"":""7.19"",""created_time"":""2026-04-27T21:01:01.463974Z"",""no_price_dollars"":""0.6800"",""taker_side"":""no"",""ticker"":""KXETH15M-26APR271715-15"",""trade_id"":""df153c0b-4d59-4d62-83d1-0ba2f1b6bf7d"",""yes_price_dollars"":""0.3200""}"
KXETH15M-26APR271715-15,81135858-a7ed-6326-e865-9b61b89c9c81,1777323661,0.32,547.0,no,"{""count_fp"":""547.00"",""created_time"":""2026-04-27T21:01:01.422595Z"",""no_price_dollars"":""0.6800"",""taker_side"":""no"",""ticker"":""KXETH15M-26APR271715-15"",""trade_id"":""81135858-a7ed-6326-e865-9b61b89c9c81"",""yes_price_dollars"":""0.3200""}"
KXETH15M-26APR271715-15,c0b9d069-360c-4fc6-f4e4-4bfdd8e27436,1777323661,0.33,8.0,yes,"{""count_fp"":""8.00"",""created_time"":""2026-04-27T21:01:01.108509Z"",""no_price_dollars"":""0.6700"",""taker_side"":""yes"",""ticker"":""KXETH15M-26APR271715-15"",""trade_id"":""c0b9d069-360c-4fc6-f4e4-4bfdd8e27436"",""yes_price_dollars"":""0.3300""}"
KXETH15M-26APR271715-15,966e1807-04c9-4b9e-b7fd-fa5a22340cf1,1777323661,0.32,2.0,no,"{""count_fp"":""2.00"",""created_time"":""2026-04-27T21:01:01.014588Z"",""no_price_dollars"":""0.6800"",""taker_side"":""no"",""ticker"":""KXETH15M-26APR271715-15"",""trade_id"":""966e1807-04c9-4b9e-b7fd-fa5a22340cf1"",""yes_price_dollars"":""0.3200""}"
KXETH15M-26APR271715-15,241aa85f-dd4d-46eb-d656-1bb515de2c62,1777323662,0.33,7.0,yes,"{""count_fp"":""7.00"",""created_time"":""2026-04-27T21:01:02.091499Z"",""no_price_dollars"":""0.6700"",""taker_side"":""yes"",""ticker"":""KXETH15M-26APR271715-15"",""trade_id"":""241aa85f-dd4d-46eb-d656-1bb515de2c62"",""yes_price_dollars"":""0.3300""}"
KXETH15M-26APR271715-15,34e9736e-6f9d-7d7f-ba1d-a681e2fe5fba,1777323663,0.33,6.0,yes,"{""count_fp"":""6.00"",""created_time"":""2026-04-27T21:01:03.113034Z"",""no_price_dollars"":""0.6700"",""taker_side"":""yes"",""ticker"":""KXETH15M-26APR271715-15"",""trade_id"":""34e9736e-6f9d-7d7f-ba1d-a681e2fe5fba"",""yes_price_dollars"":""0.3300""}"
KXETH15M-26APR271715-15,b307ffb3-3a69-6527-59d1-16470e1797a6,1777323664,0.33,6.0,yes,"{""count_fp"":""6.00"",""created_time"":""2026-04-27T21:01:04.100644Z"",""no_price_dollars"":""0.6700"",""taker_side"":""yes"",""ticker"":""KXETH15M-26APR271715-15"",""trade_id"":""b307ffb3-3a69-6527-59d1-16470e1797a6"",""yes_price_dollars"":""0.3300""}"
KXETH15M-26APR271715-15,64530f2f-8f6d-7e73-c81f-424ee5206f96,1777323666,0.33,14.47,yes,"{""count_fp"":""14.47"",""created_time"":""2026-04-27T21:01:06.910369Z"",""no_price_dollars"":""0.6700"",""taker_side"":""yes"",""ticker"":""KXETH15M-26APR271715-15"",""trade_id"":""64530f2f-8f6d-7e73-c81f-424ee5206f96"",""yes_price_dollars"":""0.3300""}"
KXETH15M-26APR271715-15,afb30403-bc29-7dc6-4abf-2e8e001da8b1,1777323666,0.32,20.0,no,"{""count_fp"":""20.00"",""created_time"":""2026-04-27T21:01:06.362947Z"",""no_price_dollars"":""0.6800"",""taker_side"":""no"",""ticker"":""KXETH15M-26APR271715-15"",""trade_id"":""afb30403-bc29-7dc6-4abf-2e8e001da8b1"",""yes_price_dollars"":""0.3200""}"
KXETH15M-26APR271715-15,9fa08b9a-b3d5-5713-c6cb-d9ce0481976a,1777323668,0.33,10.0,yes,"{""count_fp"":""10.00"",""created_time"":""2026-04-27T21:01:08.379771Z"",""no_price_dollars"":""0.6700"",""taker_side"":""yes"",""ticker"":""KXETH15M-26APR271715-15"",""trade_id"":""9fa08b9a-b3d5-5713-c6cb-d9ce0481976a"",""yes_price_dollars"":""0.3300""}"
KXETH15M-26APR271715-15,62fab214-da59-7dce-a6ea-01d1c1db5791,1777323668,0.32,5.0,no,"{""count_fp"":""5.00"",""created_time"":""2026-04-27T21:01:08.123119Z"",""no_price_dollars"":""0.6800"",""taker_side"":""no"",""ticker"":""KXETH15M-26APR271715-15"",""trade_id"":""62fab214-da59-7dce-a6ea-01d1c1db5791"",""yes_price_dollars"":""0.3200""}"
KXETH15M-26APR271715-15,506517b2-9ec1-502e-9b39-e6a73d10e0d1,1777323669,0.32,5.75,no,"{""count_fp"":""5.75"",""created_time"":""2026-04-27T21:01:09.008264Z"",""no_price_dollars"":""0.6800"",""taker_side"":""no"",""ticker"":""KXETH15M-26APR271715-15"",""trade_id"":""506517b2-9ec1-502e-9b39-e6a73d10e0d1"",""yes_price_dollars"":""0.3200""}"
KXETH15M-26APR271715-15,cd2ccc22-f785-434a-fc43-03fc7be417ed,1777323677,0.32,852.0,no,"{""count_fp"":""852.00"",""created_time"":""2026-04-27T21:01:17.926719Z"",""no_price_dollars"":""0.6800"",""taker_side"":""no"",""ticker"":""KXETH15M-26APR271715-15"",""trade_id"":""cd2ccc22-f785-434a-fc43-03fc7be417ed"",""yes_price_dollars"":""0.3200""}"
KXETH15M-26APR271715-15,fc5b1492-3d0c-4a29-72e2-50c4776964fb,1777323679,0.32,0.06,no,"{""count_fp"":""0.06"",""created_time"":""2026-04-27T21:01:19.376016Z"",""no_price_dollars"":""0.6800"",""taker_side"":""no"",""ticker"":""KXETH15M-26APR271715-15"",""trade_id"":""fc5b1492-3d0c-4a29-72e2-50c4776964fb"",""yes_price_dollars"":""0.3200""}"
KXETH15M-26APR271715-15,de481f14-8401-473a-d2eb-022ecec36d49,1777323679,0.32,11.06,no,"{""count_fp"":""11.06"",""created_time"":""2026-04-27T21:01:19.371839Z"",""no_price_dollars"":""0.6800"",""taker_side"":""no"",""ticker"":""KXETH15M-26APR271715-15"",""trade_id"":""de481f14-8401-473a-d2eb-022ecec36d49"",""yes_price_dollars"":""0.3200""}"
KXETH15M-26APR271715-15,d7ddc40f-1cb0-47ad-c880-13e03410ebcf,1777323679,0.32,1.94,no,"{""count_fp"":""1.94"",""created_time"":""2026-04-27T21:01:19.371839Z"",""no_price_dollars"":""0.6800"",""taker_side"":""no"",""ticker"":""KXETH15M-26APR271715-15"",""trade_id"":""d7ddc40f-1cb0-47ad-c880-13e03410ebcf"",""yes_price_dollars"":""0.3200""}"
KXETH15M-26APR271715-15,c9aa6fb8-9f61-4264-fbc1-a3dacbf1c891,1777323679,0.32,6.0,no,"{""count_fp"":""6.00"",""created_time"":""2026-04-27T21:01:19.371839Z"",""no_price_dollars"":""0.6800"",""taker_side"":""no"",""ticker"":""KXETH15M-26APR271715-15"",""trade_id"":""c9aa6fb8-9f61-4264-fbc1-a3dacbf1c891"",""yes_price_dollars"":""0.3200""}"
KXETH15M-26APR271715-15,05b9e8c9-5633-4b2c-ee5a-4f37476db512,1777323679,0.32,7.0,no,"{""count_fp"":""7.00"",""created_time"":""2026-04-27T21:01:19.371839Z"",""no_price_dollars"":""0.6800"",""taker_side"":""no"",""ticker"":""KXETH15M-26APR271715-15"",""trade_id"":""05b9e8c9-5633-4b2c-ee5a-4f37476db512"",""yes_price_dollars"":""0.3200""}"
KXETH15M-26APR271715-15,f4ba4d56-530d-4f4e-39c9-18ecc5d26015,1777323679,0.32,1274.0,no,"{""count_fp"":""1274.00"",""created_time"":""2026-04-27T21:01:19.314171Z"",""no_price_dollars"":""0.6800"",""taker_side"":""no"",""ticker"":""KXETH15M-26APR271715-15"",""trade_id"":""f4ba4d56-530d-4f4e-39c9-18ecc5d26015"",""yes_price_dollars"":""0.3200""}"
KXETH15M-26APR271715-15,f1d939db-5150-49eb-f079-2d1946b2b5b4,1777323681,0.29,6.0,yes,"{""count_fp"":""6.00"",""created_time"":""2026-04-27T21:01:21.097483Z"",""no_price_dollars"":""0.7100"",""taker_side"":""yes"",""ticker"":""KXETH15M-26APR271715-15"",""trade_id"":""f1d939db-5150-49eb-f079-2d1946b2b5b4"",""yes_price_dollars"":""0.2900""}"
KXETH15M-26APR271715-15,de9285c2-0b7e-5419-7d09-9ea9a505465d,1777323685,0.25,10.0,no,"{""count_fp"":""10.00"",""created_time"":""2026-04-27T21:01:25.497516Z"",""no_price_dollars"":""0.7500"",""taker_side"":""no"",""ticker"":""KXETH15M-26APR271715-15"",""trade_id"":""de9285c2-0b7e-5419-7d09-9ea9a505465d"",""yes_price_dollars"":""0.2500""}"
KXETH15M-26APR271715-15,de453c24-3d51-5f93-5cdd-8806d7a952bb,1777323685,0.21,41.89,no,"{""count_fp"":""41.89"",""created_time"":""2026-04-27T21:01:25.497516Z"",""no_price_dollars"":""0.7900"",""taker_side"":""no"",""ticker"":""KXETH15M-26APR271715-15"",""trade_id"":""de453c24-3d51-5f93-5cdd-8806d7a952bb"",""yes_price_dollars"":""0.2100""}"
KXETH15M-26APR271715-15,c4866238-c738-503c-6d7c-d1e30d64e523,1777323685,0.26,1.0,no,"{""count_fp"":""1.00"",""created_time"":""2026-04-27T21:01:25.497516Z"",""no_price_dollars"":""0.7400"",""taker_side"":""no"",""ticker"":""KXETH15M-26APR271715-15"",""trade_id"":""c4866238-c738-503c-6d7c-d1e30d64e523"",""yes_price_dollars"":""0.2600""}"
KXETH15M-26APR271715-15,65317a50-a0e6-544d-5566-cc4fd243391b,1777323685,0.22,10.0,no,"{""count_fp"":""10.00"",""created_time"":""2026-04-27T21:01:25.497516Z"",""no_price_dollars"":""0.7800"",""taker_side"":""no"",""ticker"":""KXETH15M-26APR271715-15"",""trade_id"":""65317a50-a0e6-544d-5566-cc4fd243391b"",""yes_price_dollars"":""0.2200""}"
KXETH15M-26APR271715-15,13c7831a-b635-4591-395f-5747860b286a,1777323688,0.26,6.94,yes,"{""count_fp"":""6.94"",""created_time"":""2026-04-27T21:01:28.993454Z"",""no_price_dollars"":""0.7400"",""taker_side"":""yes"",""ticker"":""KXETH15M-26APR271715-15"",""trade_id"":""13c7831a-b635-4591-395f-5747860b286a"",""yes_price_dollars"":""0.2600""}"
KXETH15M-26APR271715-15,1194c427-5957-4be6-6dd3-8a1f06466180,1777323691,0.25,1.43,yes,"{""count_fp"":""1.43"",""created_time"":""2026-04-27T21:01:31.985421Z"",""no_price_dollars"":""0.7500"",""taker_side"":""yes"",""ticker"":""KXETH15M-26APR271715-15"",""trade_id"":""1194c427-5957-4be6-6dd3-8a1f06466180"",""yes_price_dollars"":""0.2500""}"
KXETH15M-26APR271715-15,e481f07a-49c8-74d1-c4df-8219bb32bd11,1777323692,0.28,25.0,yes,"{""count_fp"":""25.00"",""created_time"":""2026-04-27T21:01:32.014237Z"",""no_price_dollars"":""0.7200"",""taker_side"":""yes"",""ticker"":""KXETH15M-26APR271715-15"",""trade_id"":""e481f07a-49c8-74d1-c4df-8219bb32bd11"",""yes_price_dollars"":""0.2800""}"
KXETH15M-26APR271715-15,c7fa8d78-fe49-7d93-eeb7-e9b24d421c9c,1777323692,0.27,50.0,yes,"{""count_fp"":""50.00"",""created_time"":""2026-04-27T21:01:32.014237Z"",""no_price_dollars"":""0.7300"",""taker_side"":""yes"",""ticker"":""KXETH15M-26APR271715-15"",""trade_id"":""c7fa8d78-fe49-7d93-eeb7-e9b24d421c9c"",""yes_price_dollars"":""0.2700""}"
KXETH15M-26APR271715-15,9a519d82-d47e-7f9b-d82c-80691c583b47,1777323692,0.28,1.0,yes,"{""count_fp"":""1.00"",""created_time"":""2026-04-27T21:01:32.014237Z"",""no_price_dollars"":""0.7200"",""taker_side"":""yes"",""ticker"":""KXETH15M-26APR271715-15"",""trade_id"":""9a519d82-d47e-7f9b-d82c-80691c583b47"",""yes_price_dollars"":""0.2800""}"
KXETH15M-26APR271715-15,94be17ac-b87d-7323-cf92-4b68c81a545a,1777323692,0.29,70.01,yes,"{""count_fp"":""70.01"",""created_time"":""2026-04-27T21:01:32.014237Z"",""no_price_dollars"":""0.7100"",""taker_side"":""yes"",""ticker"":""KXETH15M-26APR271715-15"",""trade_id"":""94be17ac-b87d-7323-cf92-4b68c81a545a"",""yes_price_dollars"":""0.2900""}"
KXETH15M-26APR271715-15,4143e225-7fa4-7386-e977-5d1363556acc,1777323692,0.27,1.0,yes,"{""count_fp"":""1.00"",""created_time"":""2026-04-27T21:01:32.014237Z"",""no_price_dollars"":""0.7300"",""taker_side"":""yes"",""ticker"":""KXETH15M-26APR271715-15"",""trade_id"":""4143e225-7fa4-7386-e977-5d1363556acc"",""yes_price_dollars"":""0.2700""}"
KXETH15M-26APR271715-15,3ce97194-c933-72ba-c7be-8372718f140c,1777323692,0.25,84.1,yes,"{""count_fp"":""84.10"",""created_time"":""2026-04-27T21:01:32.014237Z"",""no_price_dollars"":""0.7500"",""taker_side"":""yes"",""ticker"":""KXETH15M-26APR271715-15"",""trade_id"":""3ce97194-c933-72ba-c7be-8372718f140c"",""yes_price_dollars"":""0.2500""}"
KXETH15M-26APR271715-15,37e10755-0641-7b30-f57e-229e37a5afb6,1777323692,0.26,10.0,yes,"{""count_fp"":""10.00"",""created_time"":""2026-04-27T21:01:32.014237Z"",""no_price_dollars"":""0.7400"",""taker_side"":""yes"",""ticker"":""KXETH15M-26APR271715-15"",""trade_id"":""37e10755-0641-7b30-f57e-229e37a5afb6"",""yes_price_dollars"":""0.2600""}"
KXETH15M-26APR271715-15,4d83184e-cf2d-4fa7-064c-e772b2095e67,1777323693,0.21,0.27,no,"{""count_fp"":""0.27"",""created_time"":""2026-04-27T21:01:33.588648Z"",""no_price_dollars"":""0.7900"",""taker_side"":""no"",""ticker"":""KXETH15M-26APR271715-15"",""trade_id"":""4d83184e-cf2d-4fa7-064c-e772b2095e67"",""yes_price_dollars"":""0.2100""}"
KXETH15M-26APR271715-15,05aebb52-6b3c-4b53-2744-2eabcf72a99c,1777323693,0.24,1.0,no,"{""count_fp"":""1.00"",""created_time"":""2026-04-27T21:01:33.588648Z"",""no_price_dollars"":""0.7600"",""taker_side"":""no"",""ticker"":""KXETH15M-26APR271715-15"",""trade_id"":""05aebb52-6b3c-4b53-2744-2eabcf72a99c"",""yes_price_dollars"":""0.2400""}"
KXETH15M-26APR271715-15,bc939dc7-8133-5717-e2a7-59825e26a504,1777323694,0.22,1.0,no,"{""count_fp"":""1.00"",""created_time"":""2026-04-27T21:01:34.559132Z"",""no_price_dollars"":""0.7800"",""taker_side"":""no"",""ticker"":""KXETH15M-26APR271715-15"",""trade_id"":""bc939dc7-8133-5717-e2a7-59825e26a504"",""yes_price_dollars"":""0.2200""}"
KXETH15M-26APR271715-15,7f07fde5-4a75-5587-fd7d-2aa597ed9553,1777323694,0.21,39.0,no,"{""count_fp"":""39.00"",""created_time"":""2026-04-27T21:01:34.559132Z"",""no_price_dollars"":""0.7900"",""taker_side"":""no"",""ticker"":""KXETH15M-26APR271715-15"",""trade_id"":""7f07fde5-4a75-5587-fd7d-2aa597ed9553"",""yes_price_dollars"":""0.2100""}"
KXETH15M-26APR271715-15,2e477691-09af-5e93-eb66-46b2376244df,1777323694,0.22,10.0,no,"{""count_fp"":""10.00"",""created_time"":""2026-04-27T21:01:34.559132Z"",""no_price_dollars"":""0.7800"",""taker_side"":""no"",""ticker"":""KXETH15M-26APR271715-15"",""trade_id"":""2e477691-09af-5e93-eb66-46b2376244df"",""yes_price_dollars"":""0.2200""}"
KXETH15M-26APR271715-15,d1f228c0-30eb-74b9-7c16-51c858c6c345,1777323696,0.22,94.0,yes,"{""count_fp"":""94.00"",""created_time"":""2026-04-27T21:01:36.190336Z"",""no_price_dollars"":""0.7800"",""taker_side"":""yes"",""ticker"":""KXETH15M-26APR271715-15"",""trade_id"":""d1f228c0-30eb-74b9-7c16-51c858c6c345"",""yes_price_dollars"":""0.2200""}"
KXETH15M-26APR271715-15,9758e9f9-1d63-708d-c378-7109f3fcb9b1,1777323696,0.22,6.0,yes,"{""count_fp"":""6.00"",""created_time"":""2026-04-27T21:01:36.132706Z"",""no_price_dollars"":""0.7800"",""taker_side"":""yes"",""ticker"":""KXETH15M-26APR271715-15"",""trade_id"":""9758e9f9-1d63-708d-c378-7109f3fcb9b1"",""yes_price_dollars"":""0.2200""}"
KXETH15M-26APR271715-15,da37883b-2d16-5ae8-a34b-248dc64b1952,1777323697,0.26,1.0,no,"{""count_fp"":""1.00"",""created_time"":""2026-04-27T21:01:37.210093Z"",""no_price_dollars"":""0.7400"",""taker_side"":""no"",""ticker"":""KXETH15M-26APR271715-15"",""trade_id"":""da37883b-2d16-5ae8-a34b-248dc64b1952"",""yes_price_dollars"":""0.2600""}"
KXETH15M-26APR271715-15,c9469d9c-531b-5122-8976-60369a7f7b6c,1777323697,0.25,8.8,no,"{""count_fp"":""8.80"",""created_time"":""2026-04-27T21:01:37.210093Z"",""no_price_dollars"":""0.7500"",""taker_side"":""no"",""ticker"":""KXETH15M-26APR271715-15"",""trade_id"":""c9469d9c-531b-5122-8976-60369a7f7b6c"",""yes_price_dollars"":""0.2500""}"
KXETH15M-26APR271715-15,973cb399-0a81-586b-ae1b-246898d82b83,1777323697,0.24,11.44,no,"{""count_fp"":""11.44"",""created_time"":""2026-04-27T21:01:37.210093Z"",""no_price_dollars"":""0.7600"",""taker_side"":""no"",""ticker"":""KXETH15M-26APR271715-15"",""trade_id"":""973cb399-0a81-586b-ae1b-246898d82b83"",""yes_price_dollars"":""0.2400""}"
KXETH15M-26APR271715-15,d612bbbf-09c5-4d0a-c213-b540ac30f7f2,1777323705,0.27,34.44,yes,"{""count_fp"":""34.44"",""created_time"":""2026-04-27T21:01:45.167584Z"",""no_price_dollars"":""0.7300"",""taker_side"":""yes"",""ticker"":""KXETH15M-26APR271715-15"",""trade_id"":""d612bbbf-09c5-4d0a-c213-b540ac30f7f2"",""yes_price_dollars"":""0.2700""}"
KXETH15M-26APR271715-15,50c4c8d5-22f1-5d72-1d63-823352c0877e,1777323706,0.27,3.17,yes,"{""count_fp"":""3.17"",""created_time"":""2026-04-27T21:01:46.636704Z"",""no_price_dollars"":""0.7300"",""taker_side"":""yes"",""ticker"":""KXETH15M-26APR271715-15"",""trade_id"":""50c4c8d5-22f1-5d72-1d63-823352c0877e"",""yes_price_dollars"":""0.2700""}"
KXETH15M-26APR271715-15,7af1981e-9b0d-6e42-09bc-ffc8b55dec26,1777323708,0.27,10.57,yes,"{""count_fp"":""10.57"",""created_time"":""2026-04-27T21:01:48.508791Z"",""no_price_dollars"":""0.7300"",""taker_side"":""yes"",""ticker"":""KXETH15M-26APR271715-15"",""trade_id"":""7af1981e-9b0d-6e42-09bc-ffc8b55dec26"",""yes_price_dollars"":""0.2700""}"
KXETH15M-26APR271715-15,d8118912-e0f9-5903-d784-d2d4c8f275cb,1777323709,0.27,1.29,no,"{""count_fp"":""1.29"",""created_time"":""2026-04-27T21:01:49.834128Z"",""no_price_dollars"":""0.7300"",""taker_side"":""no"",""ticker"":""KXETH15M-26APR271715-15"",""trade_id"":""d8118912-e0f9-5903-d784-d2d4c8f275cb"",""yes_price_dollars"":""0.2700""}"
KXETH15M-26APR271715-15,2629a1fd-7ed1-7912-2a40-85911dc043d6,1777323709,0.28,100.0,yes,"{""count_fp"":""100.00"",""created_time"":""2026-04-27T21:01:49.816374Z"",""no_price_dollars"":""0.7200"",""taker_side"":""yes"",""ticker"":""KXETH15M-26APR271715-15"",""trade_id"":""2629a1fd-7ed1-7912-2a40-85911dc043d6"",""yes_price_dollars"":""0.2800""}"
KXETH15M-26APR271715-15,deb4ea4f-4a75-6e0f-d9e8-3b209233eb53,1777323709,0.26,2.0,no,"{""count_fp"":""2.00"",""created_time"":""2026-04-27T21:01:49.667466Z"",""no_price_dollars"":""0.7400"",""taker_side"":""no"",""ticker"":""KXETH15M-26APR271715-15"",""trade_id"":""deb4ea4f-4a75-6e0f-d9e8-3b209233eb53"",""yes_price_dollars"":""0.2600""}"
KXETH15M-26APR271715-15,ca1627a2-ea71-71db-f16e-1a0fba05c7b7,1777323709,0.26,10.0,no,"{""count_fp"":""10.00"",""created_time"":""2026-04-27T21:01:49.623255Z"",""no_price_dollars"":""0.7400"",""taker_side"":""no"",""ticker"":""KXETH15M-26APR271715-15"",""trade_id"":""ca1627a2-ea71-71db-f16e-1a0fba05c7b7"",""yes_price_dollars"":""0.2600""}"
KXETH15M-26APR271715-15,f1f776e4-1efd-5306-05c9-1e6c31f963c6,1777323709,0.27,48.0,yes,"{""count_fp"":""48.00"",""created_time"":""2026-04-27T21:01:49.610279Z"",""no_price_dollars"":""0.7300"",""taker_side"":""yes"",""ticker"":""KXETH15M-26APR271715-15"",""trade_id"":""f1f776e4-1efd-5306-05c9-1e6c31f963c6"",""yes_price_dollars"":""0.2700""}"
KXETH15M-26APR271715-15,cea965e6-91c5-6c5a-db06-bacf4576433a,1777323709,0.27,3.52,yes,"{""count_fp"":""3.52"",""created_time"":""2026-04-27T21:01:49.448888Z"",""no_price_dollars"":""0.7300"",""taker_side"":""yes"",""ticker"":""KXETH15M-26APR271715-15"",""trade_id"":""cea965e6-91c5-6c5a-db06-bacf4576433a"",""yes_price_dollars"":""0.2700""}"
KXETH15M-26APR271715-15,0a4fc216-17ed-7e8f-b80b-9d40c3ca8b7f,1777323711,0.28,10.0,no,"{""count_fp"":""10.00"",""created_time"":""2026-04-27T21:01:51.756263Z"",""no_price_dollars"":""0.7200"",""taker_side"":""no"",""ticker"":""KXETH15M-26APR271715-15"",""trade_id"":""0a4fc216-17ed-7e8f-b80b-9d40c3ca8b7f"",""yes_price_dollars"":""0.2800""}"
KXETH15M-26APR271715-15,8bb155a5-daa1-6733-15fe-d283e284cc1f,1777323712,0.28,1.0,no,"{""count_fp"":""1.00"",""created_time"":""2026-04-27T21:01:52.410481Z"",""no_price_dollars"":""0.7200"",""taker_side"":""no"",""ticker"":""KXETH15M-26APR271715-15"",""trade_id"":""8bb155a5-daa1-6733-15fe-d283e284cc1f"",""yes_price_dollars"":""0.2800""}"
KXETH15M-26APR271715-15,85af467e-bb01-5cb3-b4a9-0c80d40397d7,1777323715,0.28,3.0,no,"{""count_fp"":""3.00"",""created_time"":""2026-04-27T21:01:55.944778Z"",""no_price_dollars"":""0.7200"",""taker_side"":""no"",""ticker"":""KXETH15M-26APR271715-15"",""trade_id"":""85af467e-bb01-5cb3-b4a9-0c80d40397d7"",""yes_price_dollars"":""0.2800""}"
KXETH15M-26APR271715-15,1f9074f6-ec71-6633-6b23-23ecb1a4c89f,1777323717,0.28,133.0,no,"{""count_fp"":""133.00"",""created_time"":""2026-04-27T21:01:57.237853Z"",""no_price_dollars"":""0.7200"",""taker_side"":""no"",""ticker"":""KXETH15M-26APR271715-15"",""trade_id"":""1f9074f6-ec71-6633-6b23-23ecb1a4c89f"",""yes_price_dollars"":""0.2800""}"
KXETH15M-26APR271715-15,7cfe341f-db9c-5bc3-9ca5-cec87f6b026f,1777323718,0.27,1.0,no,"{""count_fp"":""1.00"",""created_time"":""2026-04-27T21:01:58.402955Z"",""no_price_dollars"":""0.7300"",""taker_side"":""no"",""ticker"":""KXETH15M-26APR271715-15"",""trade_id"":""7cfe341f-db9c-5bc3-9ca5-cec87f6b026f"",""yes_price_dollars"":""0.2700""}"
KXETH15M-26APR271715-15,4f280f3b-acff-5ad4-8f74-c498b4a039b6,1777323718,0.27,31.35,no,"{""count_fp"":""31.35"",""created_time"":""2026-04-27T21:01:58.402955Z"",""no_price_dollars"":""0.7300"",""taker_side"":""no"",""ticker"":""KXETH15M-26APR271715-15"",""trade_id"":""4f280f3b-acff-5ad4-8f74-c498b4a039b6"",""yes_price_dollars"":""0.2700""}"
KXETH15M-26APR271715-15,2fe9cb7d-2529-6c3c-9c12-d991948e7fdb,1777323720,0.27,1.0,no,"{""count_fp"":""1.00"",""created_time"":""2026-04-27T21:02:00.972747Z"",""no_price_dollars"":""0.7300"",""taker_side"":""no"",""ticker"":""KXETH15M-26APR271715-15"",""trade_id"":""2fe9cb7d-2529-6c3c-9c12-d991948e7fdb"",""yes_price_dollars"":""0.2700""}"
KXETH15M-26APR271715-15,dbc7dca5-4515-6646-5692-8e9aa9dbf5d5,1777323720,0.28,3.4,yes,"{""count_fp"":""3.40"",""created_time"":""2026-04-27T21:02:00.285537Z"",""no_price_dollars"":""0.7200"",""taker_side"":""yes"",""ticker"":""KXETH15M-26APR271715-15"",""trade_id"":""dbc7dca5-4515-6646-5692-8e9aa9dbf5d5"",""yes_price_dollars"":""0.2800""}"
KXETH15M-26APR271715-15,24c86ad8-9a11-562b-d8e8-55e4e02850f3,1777323721,0.26,1.0,no,"{""count_fp"":""1.00"",""created_time"":""2026-04-27T21:02:01.688696Z"",""no_price_dollars"":""0.7400"",""taker_side"":""no"",""ticker"":""KXETH15M-26APR271715-15"",""trade_id"":""24c86ad8-9a11-562b-d8e8-55e4e02850f3"",""yes_price_dollars"":""0.2600""}"
KXETH15M-26APR271715-15,554b7c1a-4c25-467a-2eee-5e829fc617fd,1777323721,0.27,15.0,yes,"{""count_fp"":""15.00"",""created_time"":""2026-04-27T21:02:01.143834Z"",""no_price_dollars"":""0.7300"",""taker_side"":""yes"",""ticker"":""KXETH15M-26APR271715-15"",""trade_id"":""554b7c1a-4c25-467a-2eee-5e829fc617fd"",""yes_price_dollars"":""0.2700""}"
KXETH15M-26APR271715-15,d195b7f9-7d61-5a96-3fb0-b6c1a6cf11cd,1777323722,0.27,17.0,yes,"{""count_fp"":""17.00"",""created_time"":""2026-04-27T21:02:02.870705Z"",""no_price_dollars"":""0.7300"",""taker_side"":""yes"",""ticker"":""KXETH15M-26APR271715-15"",""trade_id"":""d195b7f9-7d61-5a96-3fb0-b6c1a6cf11cd"",""yes_price_dollars"":""0.2700""}"
KXETH15M-26APR271715-15,83f07f99-eff1-467e-1603-9a69e2a6acc9,1777323722,0.27,14.0,yes,"{""count_fp"":""14.00"",""created_time"":""2026-04-27T21:02:02.117117Z"",""no_price_dollars"":""0.7300"",""taker_side"":""yes"",""ticker"":""KXETH15M-26APR271715-15"",""trade_id"":""83f07f99-eff1-467e-1603-9a69e2a6acc9"",""yes_price_dollars"":""0.2700""}"
KXETH15M-26APR271715-15,ae655d33-3e05-6042-a264-bcb0b1254b5d,1777323725,0.27,54.0,yes,"{""count_fp"":""54.00"",""created_time"":""2026-04-27T21:02:05.938989Z"",""no_price_dollars"":""0.7300"",""taker_side"":""yes"",""ticker"":""KXETH15M-26APR271715-15"",""trade_id"":""ae655d33-3e05-6042-a264-bcb0b1254b5d"",""yes_price_dollars"":""0.2700""}"
KXETH15M-26APR271715-15,795beb13-db3b-64f2-bdb4-5b7d5e1f9476,1777323725,0.27,10.0,yes,"{""count_fp"":""10.00"",""created_time"":""2026-04-27T21:02:05.938989Z"",""no_price_dollars"":""0.7300"",""taker_side"":""yes"",""ticker"":""KXETH15M-26APR271715-15"",""trade_id"":""795beb13-db3b-64f2-bdb4-5b7d5e1f9476"",""yes_price_dollars"":""0.2700""}"
KXETH15M-26APR271715-15,954c96c9-56e1-4368-0140-5f1a14b13123,1777323726,0.27,14.0,yes,"{""count_fp"":""14.00"",""created_time"":""2026-04-27T21:02:06.106252Z"",""no_price_dollars"":""0.7300"",""taker_side"":""yes"",""ticker"":""KXETH15M-26APR271715-15"",""trade_id"":""954c96c9-56e1-4368-0140-5f1a14b13123"",""yes_price_dollars"":""0.2700""}"
KXETH15M-26APR271715-15,c64d9ba4-8c95-5ee0-49cc-7cf0dd79b023,1777323733,0.26,4.0,yes,"{""count_fp"":""4.00"",""created_time"":""2026-04-27T21:02:13.995381Z"",""no_price_dollars"":""0.7400"",""taker_side"":""yes"",""ticker"":""KXETH15M-26APR271715-15"",""trade_id"":""c64d9ba4-8c95-5ee0-49cc-7cf0dd79b023"",""yes_price_dollars"":""0.2600""}"
KXETH15M-26APR271715-15,76acdf14-842f-57f2-4c3f-ddfb93aaece4,1777323733,0.26,1.0,yes,"{""count_fp"":""1.00"",""created_time"":""2026-04-27T21:02:13.995381Z"",""no_price_dollars"":""0.7400"",""taker_side"":""yes"",""ticker"":""KXETH15M-26APR271715-15"",""trade_id"":""76acdf14-842f-57f2-4c3f-ddfb93aaece4"",""yes_price_dollars"":""0.2600""}"
KXETH15M-26APR271715-15,98f3e2ba-39ec-4ae4-8d05-95f89ebb99c9,1777323734,0.26,10.0,yes,"{""count_fp"":""10.00"",""created_time"":""2026-04-27T21:02:14.766052Z"",""no_price_dollars"":""0.7400"",""taker_side"":""yes"",""ticker"":""KXETH15M-26APR271715-15"",""trade_id"":""98f3e2ba-39ec-4ae4-8d05-95f89ebb99c9"",""yes_price_dollars"":""0.2600""}"
KXETH15M-26APR271715-15,44dce43d-f062-4399-ac55-de7e05131f05,1777323734,0.26,12.48,yes,"{""count_fp"":""12.48"",""created_time"":""2026-04-27T21:02:14.766052Z"",""no_price_dollars"":""0.7400"",""taker_side"":""yes"",""ticker"":""KXETH15M-26APR271715-15"",""trade_id"":""44dce43d-f062-4399-ac55-de7e05131f05"",""yes_price_dollars"":""0.2600""}"
KXETH15M-26APR271715-15,45f33c83-3ff5-60c0-5286-963972997033,1777323735,0.27,100.0,yes,"{""count_fp"":""100.00"",""created_time"":""2026-04-27T21:02:15.791781Z"",""no_price_dollars"":""0.7300"",""taker_side"":""yes"",""ticker"":""KXETH15M-26APR271715-15"",""trade_id"":""45f33c83-3ff5-60c0-5286-963972997033"",""yes_price_dollars"":""0.2700""}"
KXETH15M-26APR271715-15,fb1f5ed0-3f15-6bf5-697d-20aed25e3c35,1777323741,0.28,100.0,yes,"{""count_fp"":""100.00"",""created_time"":""2026-04-27T21:02:21.108632Z"",""no_price_dollars"":""0.7200"",""taker_side"":""yes"",""ticker"":""KXETH15M-26APR271715-15"",""trade_id"":""fb1f5ed0-3f15-6bf5-697d-20aed25e3c35"",""yes_price_dollars"":""0.2800""}"
KXETH15M-26APR271715-15,93df315b-f30c-60c8-515c-91347d0b405c,1777323741,0.28,2.0,yes,"{""count_fp"":""2.00"",""created_time"":""2026-04-27T21:02:21.108632Z"",""no_price_dollars"":""0.7200"",""taker_side"":""yes"",""ticker"":""KXETH15M-26APR271715-15"",""trade_id"":""93df315b-f30c-60c8-515c-91347d0b405c"",""yes_price_dollars"":""0.2800""}"
KXETH15M-26APR271715-15,6ae75699-5c8f-6061-7adb-ccb78d2f9f05,1777323741,0.28,10.0,yes,"{""count_fp"":""10.00"",""created_time"":""2026-04-27T21:02:21.108632Z"",""no_price_dollars"":""0.7200"",""taker_side"":""yes"",""ticker"":""KXETH15M-26APR271715-15"",""trade_id"":""6ae75699-5c8f-6061-7adb-ccb78d2f9f05"",""yes_price_dollars"":""0.2800""}"
KXETH15M-26APR271715-15,4ea35897-f98e-47c0-e329-544d85b8a42b,1777323742,0.29,0.34,yes,"{""count_fp"":""0.34"",""created_time"":""2026-04-27T21:02:22.829468Z"",""no_price_dollars"":""0.7100"",""taker_side"":""yes"",""ticker"":""KXETH15M-26APR271715-15"",""trade_id"":""4ea35897-f98e-47c0-e329-544d85b8a42b"",""yes_price_dollars"":""0.2900""}"
KXETH15M-26APR271715-15,7e2cab8e-d00e-4c38-484a-f4209c8879a7,1777323743,0.29,36.13,yes,"{""count_fp"":""36.13"",""created_time"":""2026-04-27T21:02:23.683294Z"",""no_price_dollars"":""0.7100"",""taker_side"":""yes"",""ticker"":""KXETH15M-26APR271715-15"",""trade_id"":""7e2cab8e-d00e-4c38-484a-f4209c8879a7"",""yes_price_dollars"":""0.2900""}"
KXETH15M-26APR271715-15,66c343d0-a959-4ffb-2531-c53b17c29b2b,1777323744,0.27,10.0,no,"{""count_fp"":""10.00"",""created_time"":""2026-04-27T21:02:24.205397Z"",""no_price_dollars"":""0.7300"",""taker_side"":""no"",""ticker"":""KXETH15M-26APR271715-15"",""trade_id"":""66c343d0-a959-4ffb-2531-c53b17c29b2b"",""yes_price_dollars"":""0.2700""}"
KXETH15M-26APR271715-15,33e41885-5f5a-4a2b-aad2-b2065000e8f4,1777323746,0.28,3.4,yes,"{""count_fp"":""3.40"",""created_time"":""2026-04-27T21:02:26.810406Z"",""no_price_dollars"":""0.7200"",""taker_side"":""yes"",""ticker"":""KXETH15M-26APR271715-15"",""trade_id"":""33e41885-5f5a-4a2b-aad2-b2065000e8f4"",""yes_price_dollars"":""0.2800""}"
KXETH15M-26APR271715-15,31f3e731-eeba-5108-0fd1-f447145015af,1777323759,0.28,9.96,yes,"{""count_fp"":""9.96"",""created_time"":""2026-04-27T21:02:39.957361Z"",""no_price_dollars"":""0.7200"",""taker_side"":""yes"",""ticker"":""KXETH15M-26APR271715-15"",""trade_id"":""31f3e731-eeba-5108-0fd1-f447145015af"",""yes_price_dollars"":""0.2800""}"
KXETH15M-26APR271715-15,5dc7fb18-cfbe-4b24-b55e-100fe3e0df23,1777323761,0.28,68.0,yes,"{""count_fp"":""68.00"",""created_time"":""2026-04-27T21:02:41.179841Z"",""no_price_dollars"":""0.7200"",""taker_side"":""yes"",""ticker"":""KXETH15M-26APR271715-15"",""trade_id"":""5dc7fb18-cfbe-4b24-b55e-100fe3e0df23"",""yes_price_dollars"":""0.2800""}"
KXETH15M-26APR271715-15,cbb6250b-9bc4-49c6-1941-28fcc8b6eddd,1777323763,0.28,10.0,yes,"{""count_fp"":""10.00"",""created_time"":""2026-04-27T21:02:43.267809Z"",""no_price_dollars"":""0.7200"",""taker_side"":""yes"",""ticker"":""KXETH15M-26APR271715-15"",""trade_id"":""cbb6250b-9bc4-49c6-1941-28fcc8b6eddd"",""yes_price_dollars"":""0.2800""}"
KXETH15M-26APR271715-15,4db43f0a-fa14-4460-372b-deb3ca6795a1,1777323763,0.28,7.0,yes,"{""count_fp"":""7.00"",""created_time"":""2026-04-27T21:02:43.267809Z"",""no_price_dollars"":""0.7200"",""taker_side"":""yes"",""ticker"":""KXETH15M-26APR271715-15"",""trade_id"":""4db43f0a-fa14-4460-372b-deb3ca6795a1"",""yes_price_dollars"":""0.2800""}"
KXETH15M-26APR271715-15,13426bac-468c-7414-d8af-6694259f2099,1777323765,0.27,16.42,yes,"{""count_fp"":""16.42"",""created_time"":""2026-04-27T21:02:45.770023Z"",""no_price_dollars"":""0.7300"",""taker_side"":""yes"",""ticker"":""KXETH15M-26APR271715-15"",""trade_id"":""13426bac-468c-7414-d8af-6694259f2099"",""yes_price_dollars"":""0.2700""}"
KXETH15M-26APR271715-15,976b78da-be54-5154-4ab5-c54bb4124849,1777323771,0.27,17.0,yes,"{""count_fp"":""17.00"",""created_time"":""2026-04-27T21:02:51.932247Z"",""no_price_dollars"":""0.7300"",""taker_side"":""yes"",""ticker"":""KXETH15M-26APR271715-15"",""trade_id"":""976b78da-be54-5154-4ab5-c54bb4124849"",""yes_price_dollars"":""0.2700""}"
KXETH15M-26APR271715-15,75e82951-d3d8-4288-1f81-fd6f69e5f5a9,1777323776,0.27,52.85,yes,"{""count_fp"":""52.85"",""created_time"":""2026-04-27T21:02:56.796208Z"",""no_price_dollars"":""0.7300"",""taker_side"":""yes"",""ticker"":""KXETH15M-26APR271715-15"",""trade_id"":""75e82951-d3d8-4288-1f81-fd6f69e5f5a9"",""yes_price_dollars"":""0.2700""}"
KXETH15M-26APR271715-15,7b7d82e0-70c4-5068-a8ca-bb0ff9116599,1777323780,0.28,29.56,yes,"{""count_fp"":""29.56"",""created_time"":""2026-04-27T21:03:00.871843Z"",""no_price_dollars"":""0.7200"",""taker_side"":""yes"",""ticker"":""KXETH15M-26APR271715-15"",""trade_id"":""7b7d82e0-70c4-5068-a8ca-bb0ff9116599"",""yes_price_dollars"":""0.2800""}"
KXETH15M-26APR271715-15,d5516ade-4a07-631b-fa73-11e8c7e50d8c,1777323780,0.26,1.0,no,"{""count_fp"":""1.00"",""created_time"":""2026-04-27T21:03:00.571717Z"",""no_price_dollars"":""0.7400"",""taker_side"":""no"",""ticker"":""KXETH15M-26APR271715-15"",""trade_id"":""d5516ade-4a07-631b-fa73-11e8c7e50d8c"",""yes_price_dollars"":""0.2600""}"
KXETH15M-26APR271715-15,833f8b47-5cc0-6ecf-faf2-e4db453a33d7,1777323780,0.26,1.0,no,"{""count_fp"":""1.00"",""created_time"":""2026-04-27T21:03:00.571717Z"",""no_price_dollars"":""0.7400"",""taker_side"":""no"",""ticker"":""KXETH15M-26APR271715-15"",""trade_id"":""833f8b47-5cc0-6ecf-faf2-e4db453a33d7"",""yes_price_dollars"":""0.2600""}"
KXETH15M-26APR271715-15,8d41f2c6-1099-45d3-e1a7-f99b25339d0f,1777323781,0.25,10.0,no,"{""count_fp"":""10.00"",""created_time"":""2026-04-27T21:03:01.398568Z"",""no_price_dollars"":""0.7500"",""taker_side"":""no"",""ticker"":""KXETH15M-26APR271715-15"",""trade_id"":""8d41f2c6-1099-45d3-e1a7-f99b25339d0f"",""yes_price_dollars"":""0.2500""}"
KXETH15M-26APR271715-15,a5e9dc71-86a9-4463-dd71-827bf240697f,1777323781,0.25,25.96,no,"{""count_fp"":""25.96"",""created_time"":""2026-04-27T21:03:01.249654Z"",""no_price_dollars"":""0.7500"",""taker_side"":""no"",""ticker"":""KXETH15M-26APR271715-15"",""trade_id"":""a5e9dc71-86a9-4463-dd71-827bf240697f"",""yes_price_dollars"":""0.2500""}"
KXETH15M-26APR271715-15,704382de-139c-5a23-57fe-e8fb12143625,1777323782,0.28,25.0,yes,"{""count_fp"":""25.00"",""created_time"":""2026-04-27T21:03:02.112182Z"",""no_price_dollars"":""0.7200"",""taker_side"":""yes"",""ticker"":""KXETH15M-26APR271715-15"",""trade_id"":""704382de-139c-5a23-57fe-e8fb12143625"",""yes_price_dollars"":""0.2800""}"
KXETH15M-26APR271715-15,788bd640-b46c-6c03-fbd7-a0d611732835,1777323784,0.26,34.0,yes,"{""count_fp"":""34.00"",""created_time"":""2026-04-27T21:03:04.613756Z"",""no_price_dollars"":""0.7400"",""taker_side"":""yes"",""ticker"":""KXETH15M-26APR271715-15"",""trade_id"":""788bd640-b46c-6c03-fbd7-a0d611732835"",""yes_price_dollars"":""0.2600""}"
KXETH15M-26APR271715-15,9eef2e11-a6fc-5783-7eba-5319c4bc9b51,1777323784,0.26,26.0,yes,"{""count_fp"":""26.00"",""created_time"":""2026-04-27T21:03:04.159383Z"",""no_price_dollars"":""0.7400"",""taker_side"":""yes"",""ticker"":""KXETH15M-26APR271715-15"",""trade_id"":""9eef2e11-a6fc-5783-7eba-5319c4bc9b51"",""yes_price_dollars"":""0.2600""}"
KXETH15M-26APR271715-15,c24ed8bc-0b95-423b-441f-7115b71d637f,1777323785,0.25,321.04,no,"{""count_fp"":""321.04"",""created_time"":""2026-04-27T21:03:05.539882Z"",""no_price_dollars"":""0.7500"",""taker_side"":""no"",""ticker"":""KXETH15M-26APR271715-15"",""trade_id"":""c24ed8bc-0b95-423b-441f-7115b71d637f"",""yes_price_dollars"":""0.2500""}"
KXETH15M-26APR271715-15,ee86d187-fd64-47a3-b21e-116759425379,1777323785,0.26,24.0,yes,"{""count_fp"":""24.00"",""created_time"":""2026-04-27T21:03:05.103302Z"",""no_price_dollars"":""0.7400"",""taker_side"":""yes"",""ticker"":""KXETH15M-26APR271715-15"",""trade_id"":""ee86d187-fd64-47a3-b21e-116759425379"",""yes_price_dollars"":""0.2600""}"
KXETH15M-26APR271715-15,85b86fd7-6594-4ed1-f450-c44ddc9161b8,1777323788,0.26,10.0,yes,"{""count_fp"":""10.00"",""created_time"":""2026-04-27T21:03:08.787675Z"",""no_price_dollars"":""0.7400"",""taker_side"":""yes"",""ticker"":""KXETH15M-26APR271715-15"",""trade_id"":""85b86fd7-6594-4ed1-f450-c44ddc9161b8"",""yes_price_dollars"":""0.2600""}"
KXETH15M-26APR271715-15,5422ab70-8e44-40ed-d4e2-89916e34e1fd,1777323788,0.26,4.38,yes,"{""count_fp"":""4.38"",""created_time"":""2026-04-27T21:03:08.787675Z"",""no_price_dollars"":""0.7400"",""taker_side"":""yes"",""ticker"":""KXETH15M-26APR271715-15"",""trade_id"":""5422ab70-8e44-40ed-d4e2-89916e34e1fd"",""yes_price_dollars"":""0.2600""}"
KXETH15M-26APR271715-15,42f254aa-d028-5b09-c158-e1ded5a0e535,1777323789,0.28,49.27,yes,"{""count_fp"":""49.27"",""created_time"":""2026-04-27T21:03:09.337415Z"",""no_price_dollars"":""0.7200"",""taker_side"":""yes"",""ticker"":""KXETH15M-26APR271715-15"",""trade_id"":""42f254aa-d028-5b09-c158-e1ded5a0e535"",""yes_price_dollars"":""0.2800""}"
KXETH15M-26APR271715-15,3336120e-7118-4e8d-6de1-5d1de353f4e5,1777323791,0.26,32.91,yes,"{""count_fp"":""32.91"",""created_time"":""2026-04-27T21:03:11.495815Z"",""no_price_dollars"":""0.7400"",""taker_side"":""yes"",""ticker"":""KXETH15M-26APR271715-15"",""trade_id"":""3336120e-7118-4e8d-6de1-5d1de353f4e5"",""yes_price_dollars"":""0.2600""}"
KXETH15M-26APR271715-15,5ff52041-73a8-5c29-c3f2-c3cc7b89d615,1777323794,0.26,17.0,yes,"{""count_fp"":""17.00"",""created_time"":""2026-04-27T21:03:14.659218Z"",""no_price_dollars"":""0.7400"",""taker_side"":""yes"",""ticker"":""KXETH15M-26APR271715-15"",""trade_id"":""5ff52041-73a8-5c29-c3f2-c3cc7b89d615"",""yes_price_dollars"":""0.2600""}"
KXETH15M-26APR271715-15,ee8c04e0-9c86-5926-31d3-d30507aa8789,1777323799,0.24,1.0,yes,"{""count_fp"":""1.00"",""created_time"":""2026-04-27T21:03:19.809664Z"",""no_price_dollars"":""0.7600"",""taker_side"":""yes"",""ticker"":""KXETH15M-26APR271715-15"",""trade_id"":""ee8c04e0-9c86-5926-31d3-d30507aa8789"",""yes_price_dollars"":""0.2400""}"
KXETH15M-26APR271715-15,8a8e4007-9b76-67fa-1275-2c8247929e05,1777323800,0.24,24.0,yes,"{""count_fp"":""24.00"",""created_time"":""2026-04-27T21:03:20.105953Z"",""no_price_dollars"":""0.7600"",""taker_side"":""yes"",""ticker"":""KXETH15M-26APR271715-15"",""trade_id"":""8a8e4007-9b76-67fa-1275-2c8247929e05"",""yes_price_dollars"":""0.2400""}"
KXETH15M-26APR271715-15,e73c7c8b-e9b3-7b97-8246-e6b96e210f0f,1777323801,0.23,10.0,yes,"{""count_fp"":""10.00"",""created_time"":""2026-04-27T21:03:21.495178Z"",""no_price_dollars"":""0.7700"",""taker_side"":""yes"",""ticker"":""KXETH15M-26APR271715-15"",""trade_id"":""e73c7c8b-e9b3-7b97-8246-e6b96e210f0f"",""yes_price_dollars"":""0.2300""}"
KXETH15M-26APR271715-15,747f2ba2-d786-7da6-ac43-f90cf2e91295,1777323801,0.22,100.0,yes,"{""count_fp"":""100.00"",""created_time"":""2026-04-27T21:03:21.495178Z"",""no_price_dollars"":""0.7800"",""taker_side"":""yes"",""ticker"":""KXETH15M-26APR271715-15"",""trade_id"":""747f2ba2-d786-7da6-ac43-f90cf2e91295"",""yes_price_dollars"":""0.2200""}"
KXETH15M-26APR271715-15,3fd5eda0-9ed1-701c-9c61-ff4e1c41a688,1777323801,0.25,1.0,yes,"{""count_fp"":""1.00"",""created_time"":""2026-04-27T21:03:21.495178Z"",""no_price_dollars"":""0.7500"",""taker_side"":""yes"",""ticker"":""KXETH15M-26APR271715-15"",""trade_id"":""3fd5eda0-9ed1-701c-9c61-ff4e1c41a688"",""yes_price_dollars"":""0.2500""}"
KXETH15M-26APR271715-15,11f79e0e-3da5-719f-80d8-9ac63d356e32,1777323801,0.27,72.13,yes,"{""count_fp"":""72.13"",""created_time"":""2026-04-27T21:03:21.495178Z"",""no_price_dollars"":""0.7300"",""taker_side"":""yes"",""ticker"":""KXETH15M-26APR271715-15"",""trade_id"":""11f79e0e-3da5-719f-80d8-9ac63d356e32"",""yes_price_dollars"":""0.2700""}"
KXETH15M-26APR271715-15,038974df-a1be-5992-5888-e613c0656fe9,1777323801,0.22,24.0,yes,"{""count_fp"":""24.00"",""created_time"":""2026-04-27T21:03:21.118631Z"",""no_price_dollars"":""0.7800"",""taker_side"":""yes"",""ticker"":""KXETH15M-26APR271715-15"",""trade_id"":""038974df-a1be-5992-5888-e613c0656fe9"",""yes_price_dollars"":""0.2200""}"
KXETH15M-26APR271715-15,a2650886-dd11-4c47-b569-46b850b6304d,1777323805,0.21,19.0,no,"{""count_fp"":""19.00"",""created_time"":""2026-04-27T21:03:25.905354Z"",""no_price_dollars"":""0.7900"",""taker_side"":""no"",""ticker"":""KXETH15M-26APR271715-15"",""trade_id"":""a2650886-dd11-4c47-b569-46b850b6304d"",""yes_price_dollars"":""0.2100""}"
KXETH15M-26APR271715-15,010b2180-92dd-4669-a4d5-19e54c767eb5,1777323805,0.22,1.0,no,"{""count_fp"":""1.00"",""created_time"":""2026-04-27T21:03:25.905354Z"",""no_price_dollars"":""0.7800"",""taker_side"":""no"",""ticker"":""KXETH15M-26APR271715-15"",""trade_id"":""010b2180-92dd-4669-a4d5-19e54c767eb5"",""yes_price_dollars"":""0.2200""}"
KXETH15M-26APR271715-15,9e469ebd-5489-714b-f136-9d31b3779f99,1777323806,0.23,12.37,yes,"{""count_fp"":""12.37"",""created_time"":""2026-04-27T21:03:26.998604Z"",""no_price_dollars"":""0.7700"",""taker_side"":""yes"",""ticker"":""KXETH15M-26APR271715-15"",""trade_id"":""9e469ebd-5489-714b-f136-9d31b3779f99"",""yes_price_dollars"":""0.2300""}"
KXETH15M-26APR271715-15,c456e8ca-00e5-705d-a5e5-2cbb1d4a7aa4,1777323807,0.21,1.0,no,"{""count_fp"":""1.00"",""created_time"":""2026-04-27T21:03:27.662615Z"",""no_price_dollars"":""0.7900"",""taker_side"":""no"",""ticker"":""KXETH15M-26APR271715-15"",""trade_id"":""c456e8ca-00e5-705d-a5e5-2cbb1d4a7aa4"",""yes_price_dollars"":""0.2100""}"
KXETH15M-26APR271715-15,be1a1c39-d6e3-7313-ba4d-adcddd0698f8,1777323807,0.2,11.34,no,"{""count_fp"":""11.34"",""created_time"":""2026-04-27T21:03:27.662615Z"",""no_price_dollars"":""0.8000"",""taker_side"":""no"",""ticker"":""KXETH15M-26APR271715-15"",""trade_id"":""be1a1c39-d6e3-7313-ba4d-adcddd0698f8"",""yes_price_dollars"":""0.2000""}"
KXETH15M-26APR271715-15,52826a29-7c4a-5e7f-e454-2f20944c2286,1777323809,0.22,5.0,yes,"{""count_fp"":""5.00"",""created_time"":""2026-04-27T21:03:29.312813Z"",""no_price_dollars"":""0.7800"",""taker_side"":""yes"",""ticker"":""KXETH15M-26APR271715-15"",""trade_id"":""52826a29-7c4a-5e7f-e454-2f20944c2286"",""yes_price_dollars"":""0.2200""}"
KXETH15M-26APR271715-15,c3de6d23-5027-6874-1794-2c82224fa188,1777323813,0.21,0.31,no,"{""count_fp"":""0.31"",""created_time"":""2026-04-27T21:03:33.639016Z"",""no_price_dollars"":""0.7900"",""taker_side"":""no"",""ticker"":""KXETH15M-26APR271715-15"",""trade_id"":""c3de6d23-5027-6874-1794-2c82224fa188"",""yes_price_dollars"":""0.2100""}"
KXETH15M-26APR271715-15,825b5c18-f80e-526f-5ddc-3c46d6f35b09,1777323818,0.21,1.0,no,"{""count_fp"":""1.00"",""created_time"":""2026-04-27T21:03:38.808463Z"",""no_price_dollars"":""0.7900"",""taker_side"":""no"",""ticker"":""KXETH15M-26APR271715-15"",""trade_id"":""825b5c18-f80e-526f-5ddc-3c46d6f35b09"",""yes_price_dollars"":""0.2100""}"
KXETH15M-26APR271715-15,27effee0-505a-4647-1643-bde610b3bf2e,1777323818,0.22,14.0,yes,"{""count_fp"":""14.00"",""created_time"":""2026-04-27T21:03:38.449655Z"",""no_price_dollars"":""0.7800"",""taker_side"":""yes"",""ticker"":""KXETH15M-26APR271715-15"",""trade_id"":""27effee0-505a-4647-1643-bde610b3bf2e"",""yes_price_dollars"":""0.2200""}"
KXETH15M-26APR271715-15,0f9fce3a-61f9-40b3-2bfd-625bd42980d9,1777323818,0.22,22.56,yes,"{""count_fp"":""22.56"",""created_time"":""2026-04-27T21:03:38.449655Z"",""no_price_dollars"":""0.7800"",""taker_side"":""yes"",""ticker"":""KXETH15M-26APR271715-15"",""trade_id"":""0f9fce3a-61f9-40b3-2bfd-625bd42980d9"",""yes_price_dollars"":""0.2200""}"
KXETH15M-26APR271715-15,fa2afe17-fff1-71eb-bf24-0ffc62f69173,1777323818,0.18,16.83,no,"{""count_fp"":""16.83"",""created_time"":""2026-04-27T21:03:38.022992Z"",""no_price_dollars"":""0.8200"",""taker_side"":""no"",""ticker"":""KXETH15M-26APR271715-15"",""trade_id"":""fa2afe17-fff1-71eb-bf24-0ffc62f69173"",""yes_price_dollars"":""0.1800""}"
KXETH15M-26APR271715-15,32b25749-ce66-78d2-a61b-375bcea00627,1777323818,0.21,1.0,no,"{""count_fp"":""1.00"",""created_time"":""2026-04-27T21:03:38.022992Z"",""no_price_dollars"":""0.7900"",""taker_side"":""no"",""ticker"":""KXETH15M-26APR271715-15"",""trade_id"":""32b25749-ce66-78d2-a61b-375bcea00627"",""yes_price_dollars"":""0.2100""}"
KXETH15M-26APR271715-15,1f02dc9a-5e7f-7c86-a551-551675eaafcd,1777323818,0.19,10.0,no,"{""count_fp"":""10.00"",""created_time"":""2026-04-27T21:03:38.022992Z"",""no_price_dollars"":""0.8100"",""taker_side"":""no"",""ticker"":""KXETH15M-26APR271715-15"",""trade_id"":""1f02dc9a-5e7f-7c86-a551-551675eaafcd"",""yes_price_dollars"":""0.1900""}"
KXETH15M-26APR271715-15,e6554c3d-cfe1-6d1b-cd65-def64936ca65,1777323819,0.22,8.62,yes,"{""count_fp"":""8.62"",""created_time"":""2026-04-27T21:03:39.836463Z"",""no_price_dollars"":""0.7800"",""taker_side"":""yes"",""ticker"":""KXETH15M-26APR271715-15"",""trade_id"":""e6554c3d-cfe1-6d1b-cd65-def64936ca65"",""yes_price_dollars"":""0.2200""}"
KXETH15M-26APR271715-15,31ed9950-cc09-42fb-859a-f33a942f0719,1777323819,0.22,60.65,yes,"{""count_fp"":""60.65"",""created_time"":""2026-04-27T21:03:39.111587Z"",""no_price_dollars"":""0.7800"",""taker_side"":""yes"",""ticker"":""KXETH15M-26APR271715-15"",""trade_id"":""31ed9950-cc09-42fb-859a-f33a942f0719"",""yes_price_dollars"":""0.2200""}"
KXETH15M-26APR271715-15,0ca231ae-25ee-42b0-b14c-a4a111393bb4,1777323819,0.21,4.0,yes,"{""count_fp"":""4.00"",""created_time"":""2026-04-27T21:03:39.111587Z"",""no_price_dollars"":""0.7900"",""taker_side"":""yes"",""ticker"":""KXETH15M-26APR271715-15"",""trade_id"":""0ca231ae-25ee-42b0-b14c-a4a111393bb4"",""yes_price_dollars"":""0.2100""}"
KXETH15M-26APR271715-15,1b1bf521-6aac-6bd1-8ef5-46e60f35c267,1777323820,0.2,1.0,no,"{""count_fp"":""1.00"",""created_time"":""2026-04-27T21:03:40.241981Z"",""no_price_dollars"":""0.8000"",""taker_side"":""no"",""ticker"":""KXETH15M-26APR271715-15"",""trade_id"":""1b1bf521-6aac-6bd1-8ef5-46e60f35c267"",""yes_price_dollars"":""0.2000""}"
KXETH15M-26APR271715-15,a7745e79-44a4-725a-cdf1-487ec3271b92,1777323825,0.2,24.0,yes,"{""count_fp"":""24.00"",""created_time"":""2026-04-27T21:03:45.129681Z"",""no_price_dollars"":""0.8000"",""taker_side"":""yes"",""ticker"":""KXETH15M-26APR271715-15"",""trade_id"":""a7745e79-44a4-725a-cdf1-487ec3271b92"",""yes_price_dollars"":""0.2000""}"
KXETH15M-26APR271715-15,c4d17a45-3348-564e-a8c3-9aaa30170bb2,1777323827,0.2,100.0,yes,"{""count_fp"":""100.00"",""created_time"":""2026-04-27T21:03:47.731113Z"",""no_price_dollars"":""0.8000"",""taker_side"":""yes"",""ticker"":""KXETH15M-26APR271715-15"",""trade_id"":""c4d17a45-3348-564e-a8c3-9aaa30170bb2"",""yes_price_dollars"":""0.2000""}"
KXETH15M-26APR271715-15,bdf06a65-fe88-5186-bf4b-fda2fc170d7e,1777323827,0.24,216.85,yes,"{""count_fp"":""216.85"",""created_time"":""2026-04-27T21:03:47.731113Z"",""no_price_dollars"":""0.7600"",""taker_side"":""yes"",""ticker"":""KXETH15M-26APR271715-15"",""trade_id"":""bdf06a65-fe88-5186-bf4b-fda2fc170d7e"",""yes_price_dollars"":""0.2400""}"
KXETH15M-26APR271715-15,a95aef59-63e4-5d14-ad52-ea35c9faccfa,1777323827,0.23,11.99,yes,"{""count_fp"":""11.99"",""created_time"":""2026-04-27T21:03:47.731113Z"",""no_price_dollars"":""0.7700"",""taker_side"":""yes"",""ticker"":""KXETH15M-26APR271715-15"",""trade_id"":""a95aef59-63e4-5d14-ad52-ea35c9faccfa"",""yes_price_dollars"":""0.2300""}"
KXETH15M-26APR271715-15,69619824-6c13-5e2a-9329-d632a18632e6,1777323827,0.23,1.0,yes,"{""count_fp"":""1.00"",""created_time"":""2026-04-27T21:03:47.731113Z"",""no_price_dollars"":""0.7700"",""taker_side"":""yes"",""ticker"":""KXETH15M-26APR271715-15"",""trade_id"":""69619824-6c13-5e2a-9329-d632a18632e6"",""yes_price_dollars"":""0.2300""}"
KXETH15M-26APR271715-15,5c22b203-43ca-5526-9dc4-65504566ad6e,1777323827,0.21,10.0,yes,"{""count_fp"":""10.00"",""created_time"":""2026-04-27T21:03:47.731113Z"",""no_price_dollars"":""0.7900"",""taker_side"":""yes"",""ticker"":""KXETH15M-26APR271715-15"",""trade_id"":""5c22b203-43ca-5526-9dc4-65504566ad6e"",""yes_price_dollars"":""0.2100""}"
KXETH15M-26APR271715-15,c4408805-5357-6b1a-76ca-5c38acfd8d15,1777323831,0.2,1.0,yes,"{""count_fp"":""1.00"",""created_time"":""2026-04-27T21:03:51.810908Z"",""no_price_dollars"":""0.8000"",""taker_side"":""yes"",""ticker"":""KXETH15M-26APR271715-15"",""trade_id"":""c4408805-5357-6b1a-76ca-5c38acfd8d15"",""yes_price_dollars"":""0.2000""}"
KXETH15M-26APR271715-15,f56428dd-c3c9-578b-dfe1-119b84df708c,1777323832,0.17,1.0,no,"{""count_fp"":""1.00"",""created_time"":""2026-04-27T21:03:52.443851Z"",""no_price_dollars"":""0.8300"",""taker_side"":""no"",""ticker"":""KXETH15M-26APR271715-15"",""trade_id"":""f56428dd-c3c9-578b-dfe1-119b84df708c"",""yes_price_dollars"":""0.1700""}"
KXETH15M-26APR271715-15,f032aa11-050c-5473-c26e-72c110703253,1777323832,0.17,23.0,no,"{""count_fp"":""23.00"",""created_time"":""2026-04-27T21:03:52.443851Z"",""no_price_dollars"":""0.8300"",""taker_side"":""no"",""ticker"":""KXETH15M-26APR271715-15"",""trade_id"":""f032aa11-050c-5473-c26e-72c110703253"",""yes_price_dollars"":""0.1700""}"
KXETH15M-26APR271715-15,5a61e46c-6a32-7fb9-0823-9f95ff6d92c7,1777323840,0.15,100.0,yes,"{""count_fp"":""100.00"",""created_time"":""2026-04-27T21:04:00.800314Z"",""no_price_dollars"":""0.8500"",""taker_side"":""yes"",""ticker"":""KXETH15M-26APR271715-15"",""trade_id"":""5a61e46c-6a32-7fb9-0823-9f95ff6d92c7"",""yes_price_dollars"":""0.1500""}"
KXETH15M-26APR271715-15,beb6cd83-15cf-41a7-58a1-db97336cf478,1777323840,0.14,21.0,no,"{""count_fp"":""21.00"",""created_time"":""2026-04-27T21:04:00.242087Z"",""no_price_dollars"":""0.8600"",""taker_side"":""no"",""ticker"":""KXETH15M-26APR271715-15"",""trade_id"":""beb6cd83-15cf-41a7-58a1-db97336cf478"",""yes_price_dollars"":""0.1400""}"
KXETH15M-26APR271715-15,5d85b7ed-166d-4e44-5633-6bda393d8bd9,1777323840,0.14,1.0,no,"{""count_fp"":""1.00"",""created_time"":""2026-04-27T21:04:00.242087Z"",""no_price_dollars"":""0.8600"",""taker_side"":""no"",""ticker"":""KXETH15M-26APR271715-15"",""trade_id"":""5d85b7ed-166d-4e44-5633-6bda393d8bd9"",""yes_price_dollars"":""0.1400""}"
KXETH15M-26APR271715-15,3e656ee0-54de-47bd-4ec6-db11f67e393a,1777323840,0.15,5.0,no,"{""count_fp"":""5.00"",""created_time"":""2026-04-27T21:04:00.242087Z"",""no_price_dollars"":""0.8500"",""taker_side"":""no"",""ticker"":""KXETH15M-26APR271715-15"",""trade_id"":""3e656ee0-54de-47bd-4ec6-db11f67e393a"",""yes_price_dollars"":""0.1500""}"
KXETH15M-26APR271715-15,3aac8a19-44e8-67ec-6d3d-49a833e17b2f,1777323840,0.16,47.0,yes,"{""count_fp"":""47.00"",""created_time"":""2026-04-27T21:04:00.122839Z"",""no_price_dollars"":""0.8400"",""taker_side"":""yes"",""ticker"":""KXETH15M-26APR271715-15"",""trade_id"":""3aac8a19-44e8-67ec-6d3d-49a833e17b2f"",""yes_price_dollars"":""0.1600""}"
KXETH15M-26APR271715-15,0047ab6d-9186-5777-7a8e-96d2acd7862c,1777323840,0.16,1.0,no,"{""count_fp"":""1.00"",""created_time"":""2026-04-27T21:04:00.105846Z"",""no_price_dollars"":""0.8400"",""taker_side"":""no"",""ticker"":""KXETH15M-26APR271715-15"",""trade_id"":""0047ab6d-9186-5777-7a8e-96d2acd7862c"",""yes_price_dollars"":""0.1600""}"
KXETH15M-26APR271715-15,09ef0ae2-62ba-46a5-dbcc-5b44d5b24ea1,1777323841,0.15,10.0,yes,"{""count_fp"":""10.00"",""created_time"":""2026-04-27T21:04:01.125032Z"",""no_price_dollars"":""0.8500"",""taker_side"":""yes"",""ticker"":""KXETH15M-26APR271715-15"",""trade_id"":""09ef0ae2-62ba-46a5-dbcc-5b44d5b24ea1"",""yes_price_dollars"":""0.1500""}"
KXETH15M-26APR271715-15,074d4feb-7869-410e-c09e-4243ae31b885,1777323841,0.15,40.0,yes,"{""count_fp"":""40.00"",""created_time"":""2026-04-27T21:04:01.125032Z"",""no_price_dollars"":""0.8500"",""taker_side"":""yes"",""ticker"":""KXETH15M-26APR271715-15"",""trade_id"":""074d4feb-7869-410e-c09e-4243ae31b885"",""yes_price_dollars"":""0.1500""}"
KXETH15M-26APR271715-15,2fa7c37c-bdf5-5982-683a-3c0e6b6f1c09,1777323842,0.15,45.0,yes,"{""count_fp"":""45.00"",""created_time"":""2026-04-27T21:04:02.102754Z"",""no_price_dollars"":""0.8500"",""taker_side"":""yes"",""ticker"":""KXETH15M-26APR271715-15"",""trade_id"":""2fa7c37c-bdf5-5982-683a-3c0e6b6f1c09"",""yes_price_dollars"":""0.1500""}"
KXETH15M-26APR271715-15,a85e4e77-0425-462c-946a-653494a76238,1777323843,0.15,1.57,yes,"{""count_fp"":""1.57"",""created_time"":""2026-04-27T21:04:03.564447Z"",""no_price_dollars"":""0.8500"",""taker_side"":""yes"",""ticker"":""KXETH15M-26APR271715-15"",""trade_id"":""a85e4e77-0425-462c-946a-653494a76238"",""yes_price_dollars"":""0.1500""}"
KXETH15M-26APR271715-15,a194287f-946d-7a2f-7307-ef48347a405b,1777323843,0.14,14.47,no,"{""count_fp"":""14.47"",""created_time"":""2026-04-27T21:04:03.563159Z"",""no_price_dollars"":""0.8600"",""taker_side"":""no"",""ticker"":""KXETH15M-26APR271715-15"",""trade_id"":""a194287f-946d-7a2f-7307-ef48347a405b"",""yes_price_dollars"":""0.1400""}"
KXETH15M-26APR271715-15,ce053d2e-d234-55d4-d63a-4499c04c7273,1777323843,0.16,24.0,yes,"{""count_fp"":""24.00"",""created_time"":""2026-04-27T21:04:03.110865Z"",""no_price_dollars"":""0.8400"",""taker_side"":""yes"",""ticker"":""KXETH15M-26APR271715-15"",""trade_id"":""ce053d2e-d234-55d4-d63a-4499c04c7273"",""yes_price_dollars"":""0.1600""}"
KXETH15M-26APR271715-15,a4deaa32-2581-5ff2-c993-512596c7aaa9,1777323843,0.15,15.0,yes,"{""count_fp"":""15.00"",""created_time"":""2026-04-27T21:04:03.110865Z"",""no_price_dollars"":""0.8500"",""taker_side"":""yes"",""ticker"":""KXETH15M-26APR271715-15"",""trade_id"":""a4deaa32-2581-5ff2-c993-512596c7aaa9"",""yes_price_dollars"":""0.1500""}"
KXETH15M-26APR271715-15,3313b2ce-0801-7897-d841-a55f11b144f3,1777323849,0.14,1.0,no,"{""count_fp"":""1.00"",""created_time"":""2026-04-27T21:04:09.972365Z"",""no_price_dollars"":""0.8600"",""taker_side"":""no"",""ticker"":""KXETH15M-26APR271715-15"",""trade_id"":""3313b2ce-0801-7897-d841-a55f11b144f3"",""yes_price_dollars"":""0.1400""}"
KXETH15M-26APR271715-15,5cda256b-d76d-7a04-e3a9-4847637d1f8c,1777323849,0.15,20.0,yes,"{""count_fp"":""20.00"",""created_time"":""2026-04-27T21:04:09.912957Z"",""no_price_dollars"":""0.8500"",""taker_side"":""yes"",""ticker"":""KXETH15M-26APR271715-15"",""trade_id"":""5cda256b-d76d-7a04-e3a9-4847637d1f8c"",""yes_price_dollars"":""0.1500""}"
KXETH15M-26APR271715-15,5f889cd3-6883-5b09-e463-ea525f862945,1777323850,0.14,5.0,yes,"{""count_fp"":""5.00"",""created_time"":""2026-04-27T21:04:10.748556Z"",""no_price_dollars"":""0.8600"",""taker_side"":""yes"",""ticker"":""KXETH15M-26APR271715-15"",""trade_id"":""5f889cd3-6883-5b09-e463-ea525f862945"",""yes_price_dollars"":""0.1400""}"
KXETH15M-26APR271715-15,d13662b7-da2a-7a55-b580-bedef881f289,1777323853,0.11,24.43,no,"{""count_fp"":""24.43"",""created_time"":""2026-04-27T21:04:13.119671Z"",""no_price_dollars"":""0.8900"",""taker_side"":""no"",""ticker"":""KXETH15M-26APR271715-15"",""trade_id"":""d13662b7-da2a-7a55-b580-bedef881f289"",""yes_price_dollars"":""0.1100""}"
KXETH15M-26APR271715-15,fa7d20ca-3fa6-6ff4-0b01-71353af1a5ac,1777323853,0.13,30.57,no,"{""count_fp"":""30.57"",""created_time"":""2026-04-27T21:04:13.091666Z"",""no_price_dollars"":""0.8700"",""taker_side"":""no"",""ticker"":""KXETH15M-26APR271715-15"",""trade_id"":""fa7d20ca-3fa6-6ff4-0b01-71353af1a5ac"",""yes_price_dollars"":""0.1300""}"
KXETH15M-26APR271715-15,b98e0eb5-24a6-6164-3300-f005b388d08e,1777323853,0.13,1.0,no,"{""count_fp"":""1.00"",""created_time"":""2026-04-27T21:04:13.091666Z"",""no_price_dollars"":""0.8700"",""taker_side"":""no"",""ticker"":""KXETH15M-26APR271715-15"",""trade_id"":""b98e0eb5-24a6-6164-3300-f005b388d08e"",""yes_price_dollars"":""0.1300""}"
KXETH15M-26APR271715-15,93773967-6ec1-6633-32b1-2d775699994b,1777323853,0.13,2.0,no,"{""count_fp"":""2.00"",""created_time"":""2026-04-27T21:04:13.091666Z"",""no_price_dollars"":""0.8700"",""taker_side"":""no"",""ticker"":""KXETH15M-26APR271715-15"",""trade_id"":""93773967-6ec1-6633-32b1-2d775699994b"",""yes_price_dollars"":""0.1300""}"
KXETH15M-26APR271715-15,4b3a0a89-1efb-67b1-3d81-8f6fc872553b,1777323853,0.13,12.0,no,"{""count_fp"":""12.00"",""created_time"":""2026-04-27T21:04:13.091666Z"",""no_price_dollars"":""0.8700"",""taker_side"":""no"",""ticker"":""KXETH15M-26APR271715-15"",""trade_id"":""4b3a0a89-1efb-67b1-3d81-8f6fc872553b"",""yes_price_dollars"":""0.1300""}"
KXETH15M-26APR271715-15,84ecee81-a81d-7a44-e439-fbcdc54ef970,1777323856,0.12,6.29,yes,"{""count_fp"":""6.29"",""created_time"":""2026-04-27T21:04:16.010016Z"",""no_price_dollars"":""0.8800"",""taker_side"":""yes"",""ticker"":""KXETH15M-26APR271715-15"",""trade_id"":""84ecee81-a81d-7a44-e439-fbcdc54ef970"",""yes_price_dollars"":""0.1200""}"
KXETH15M-26APR271715-15,bc7c30ca-b0b1-6778-a12b-fa3a85a28af8,1777323858,0.12,2.0,yes,"{""count_fp"":""2.00"",""created_time"":""2026-04-27T21:04:18.647851Z"",""no_price_dollars"":""0.8800"",""taker_side"":""yes"",""ticker"":""KXETH15M-26APR271715-15"",""trade_id"":""bc7c30ca-b0b1-6778-a12b-fa3a85a28af8"",""yes_price_dollars"":""0.1200""}"
KXETH15M-26APR271715-15,69baf270-34c5-7dc1-2f7f-97dfeed83c33,1777323863,0.11,2.0,no,"{""count_fp"":""2.00"",""created_time"":""2026-04-27T21:04:23.575159Z"",""no_price_dollars"":""0.8900"",""taker_side"":""no"",""ticker"":""KXETH15M-26APR271715-15"",""trade_id"":""69baf270-34c5-7dc1-2f7f-97dfeed83c33"",""yes_price_dollars"":""0.1100""}"
KXETH15M-26APR271715-15,4a6f9701-7fe9-72a4-98af-ba5533d47034,1777323864,0.12,1.0,yes,"{""count_fp"":""1.00"",""created_time"":""2026-04-27T21:04:24.811523Z"",""no_price_dollars"":""0.8800"",""taker_side"":""yes"",""ticker"":""KXETH15M-26APR271715-15"",""trade_id"":""4a6f9701-7fe9-72a4-98af-ba5533d47034"",""yes_price_dollars"":""0.1200""}"
KXETH15M-26APR271715-15,db10b0dc-3b67-5838-865f-f07e537393a1,1777323865,0.1,1.0,no,"{""count_fp"":""1.00"",""created_time"":""2026-04-27T21:04:25.661515Z"",""no_price_dollars"":""0.9000"",""taker_side"":""no"",""ticker"":""KXETH15M-26APR271715-15"",""trade_id"":""db10b0dc-3b67-5838-865f-f07e537393a1"",""yes_price_dollars"":""0.1000""}"
KXETH15M-26APR271715-15,04f8700e-6678-5ee8-9a60-74dd785859b1,1777323865,0.1,2.4,no,"{""count_fp"":""2.40"",""created_time"":""2026-04-27T21:04:25.661515Z"",""no_price_dollars"":""0.9000"",""taker_side"":""no"",""ticker"":""KXETH15M-26APR271715-15"",""trade_id"":""04f8700e-6678-5ee8-9a60-74dd785859b1"",""yes_price_dollars"":""0.1000""}"
KXETH15M-26APR271715-15,f2edda99-4225-7b24-d6e7-41e5bbb522a8,1777323865,0.11,3.0,yes,"{""count_fp"":""3.00"",""created_time"":""2026-04-27T21:04:25.181448Z"",""no_price_dollars"":""0.8900"",""taker_side"":""yes"",""ticker"":""KXETH15M-26APR271715-15"",""trade_id"":""f2edda99-4225-7b24-d6e7-41e5bbb522a8"",""yes_price_dollars"":""0.1100""}"
KXETH15M-26APR271715-15,9fb486d4-b271-6019-b7d2-0a33d6478e4f,1777323865,0.11,1.0,no,"{""count_fp"":""1.00"",""created_time"":""2026-04-27T21:04:25.042365Z"",""no_price_dollars"":""0.8900"",""taker_side"":""no"",""ticker"":""KXETH15M-26APR271715-15"",""trade_id"":""9fb486d4-b271-6019-b7d2-0a33d6478e4f"",""yes_price_dollars"":""0.1100""}"
KXETH15M-26APR271715-15,8bda8c3e-10f9-5eec-03c3-b8a30f8e6c64,1777323866,0.11,3.0,yes,"{""count_fp"":""3.00"",""created_time"":""2026-04-27T21:04:26.986355Z"",""no_price_dollars"":""0.8900"",""taker_side"":""yes"",""ticker"":""KXETH15M-26APR271715-15"",""trade_id"":""8bda8c3e-10f9-5eec-03c3-b8a30f8e6c64"",""yes_price_dollars"":""0.1100""}"
KXETH15M-26APR271715-15,f86c55e0-df89-59d0-a1e9-6ed9ed03c724,1777323867,0.11,3.0,yes,"{""count_fp"":""3.00"",""created_time"":""2026-04-27T21:04:27.025455Z"",""no_price_dollars"":""0.8900"",""taker_side"":""yes"",""ticker"":""KXETH15M-26APR271715-15"",""trade_id"":""f86c55e0-df89-59d0-a1e9-6ed9ed03c724"",""yes_price_dollars"":""0.1100""}"
KXETH15M-26APR271715-15,6fb11f41-3b79-4044-ecdf-6c6656fe2dbe,1777323869,0.11,8.55,yes,"{""count_fp"":""8.55"",""created_time"":""2026-04-27T21:04:29.209904Z"",""no_price_dollars"":""0.8900"",""taker_side"":""yes"",""ticker"":""KXETH15M-26APR271715-15"",""trade_id"":""6fb11f41-3b79-4044-ecdf-6c6656fe2dbe"",""yes_price_dollars"":""0.1100""}"
KXETH15M-26APR271715-15,779ed75b-9a68-541b-b230-9af0db83649a,1777323870,0.1,0.42,no,"{""count_fp"":""0.42"",""created_time"":""2026-04-27T21:04:30.465481Z"",""no_price_dollars"":""0.9000"",""taker_side"":""no"",""ticker"":""KXETH15M-26APR271715-15"",""trade_id"":""779ed75b-9a68-541b-b230-9af0db83649a"",""yes_price_dollars"":""0.1000""}"
KXETH15M-26APR271715-15,4e1476e0-2487-5b0d-b5f1-dd2ac25bbe6d,1777323870,0.1,2.0,no,"{""count_fp"":""2.00"",""created_time"":""2026-04-27T21:04:30.465481Z"",""no_price_dollars"":""0.9000"",""taker_side"":""no"",""ticker"":""KXETH15M-26APR271715-15"",""trade_id"":""4e1476e0-2487-5b0d-b5f1-dd2ac25bbe6d"",""yes_price_dollars"":""0.1000""}"
KXETH15M-26APR271715-15,3cfc2c1f-b6d4-514e-bac5-af2956b29f7e,1777323870,0.1,3.0,no,"{""count_fp"":""3.00"",""created_time"":""2026-04-27T21:04:30.465481Z"",""no_price_dollars"":""0.9000"",""taker_side"":""no"",""ticker"":""KXETH15M-26APR271715-15"",""trade_id"":""3cfc2c1f-b6d4-514e-bac5-af2956b29f7e"",""yes_price_dollars"":""0.1000""}"
KXETH15M-26APR271715-15,7ad25ebb-e7c5-50c4-4974-61656dbcf4a4,1777323873,0.11,8.55,yes,"{""count_fp"":""8.55"",""created_time"":""2026-04-27T21:04:33.967635Z"",""no_price_dollars"":""0.8900"",""taker_side"":""yes"",""ticker"":""KXETH15M-26APR271715-15"",""trade_id"":""7ad25ebb-e7c5-50c4-4974-61656dbcf4a4"",""yes_price_dollars"":""0.1100""}"
KXETH15M-26APR271715-15,e4d55890-d0fc-5a6c-ee90-20c5d0cd9519,1777323875,0.11,10.0,yes,"{""count_fp"":""10.00"",""created_time"":""2026-04-27T21:04:35.689833Z"",""no_price_dollars"":""0.8900"",""taker_side"":""yes"",""ticker"":""KXETH15M-26APR271715-15"",""trade_id"":""e4d55890-d0fc-5a6c-ee90-20c5d0cd9519"",""yes_price_dollars"":""0.1100""}"
KXETH15M-26APR271715-15,d840549a-aabe-710c-6d43-aabd737d20b4,1777323877,0.11,1.0,no,"{""count_fp"":""1.00"",""created_time"":""2026-04-27T21:04:37.637303Z"",""no_price_dollars"":""0.8900"",""taker_side"":""no"",""ticker"":""KXETH15M-26APR271715-15"",""trade_id"":""d840549a-aabe-710c-6d43-aabd737d20b4"",""yes_price_dollars"":""0.1100""}"
KXETH15M-26APR271715-15,debd8bee-b372-528c-7968-d3ebdb294914,1777323878,0.11,0.33,no,"{""count_fp"":""0.33"",""created_time"":""2026-04-27T21:04:38.566638Z"",""no_price_dollars"":""0.8900"",""taker_side"":""no"",""ticker"":""KXETH15M-26APR271715-15"",""trade_id"":""debd8bee-b372-528c-7968-d3ebdb294914"",""yes_price_dollars"":""0.1100""}"
KXETH15M-26APR271715-15,fbdfdd60-9634-4539-30b1-6c58f007f7cf,1777323880,0.12,7.83,yes,"{""count_fp"":""7.83"",""created_time"":""2026-04-27T21:04:40.703685Z"",""no_price_dollars"":""0.8800"",""taker_side"":""yes"",""ticker"":""KXETH15M-26APR271715-15"",""trade_id"":""fbdfdd60-9634-4539-30b1-6c58f007f7cf"",""yes_price_dollars"":""0.1200""}"
KXETH15M-26APR271715-15,add95901-3d22-4bc8-f62a-e5bfbde452e8,1777323881,0.12,3.0,no,"{""count_fp"":""3.00"",""created_time"":""2026-04-27T21:04:41.278021Z"",""no_price_dollars"":""0.8800"",""taker_side"":""no"",""ticker"":""KXETH15M-26APR271715-15"",""trade_id"":""add95901-3d22-4bc8-f62a-e5bfbde452e8"",""yes_price_dollars"":""0.1200""}"
KXETH15M-26APR271715-15,b2b1ae96-3e5e-62a5-92dd-044779f5f60b,1777323889,0.13,455.0,yes,"{""count_fp"":""455.00"",""created_time"":""2026-04-27T21:04:49.907664Z"",""no_price_dollars"":""0.8700"",""taker_side"":""yes"",""ticker"":""KXETH15M-26APR271715-15"",""trade_id"":""b2b1ae96-3e5e-62a5-92dd-044779f5f60b"",""yes_price_dollars"":""0.1300""}"
KXETH15M-26APR271715-15,63194cfc-32db-6e35-8bcf-0719b43b6c95,1777323889,0.13,10.0,yes,"{""count_fp"":""10.00"",""created_time"":""2026-04-27T21:04:49.907664Z"",""no_price_dollars"":""0.8700"",""taker_side"":""yes"",""ticker"":""KXETH15M-26APR271715-15"",""trade_id"":""63194cfc-32db-6e35-8bcf-0719b43b6c95"",""yes_price_dollars"":""0.1300""}"
KXETH15M-26APR271715-15,d3ab6aa7-94a2-72c5-9c01-9c76db974e87,1777323889,0.13,939.0,yes,"{""count_fp"":""939.00"",""created_time"":""2026-04-27T21:04:49.873032Z"",""no_price_dollars"":""0.8700"",""taker_side"":""yes"",""ticker"":""KXETH15M-26APR271715-15"",""trade_id"":""d3ab6aa7-94a2-72c5-9c01-9c76db974e87"",""yes_price_dollars"":""0.1300""}"
KXETH15M-26APR271715-15,c34eb689-8f96-53e4-5a60-86f827e24010,1777323890,0.12,1.12,no,"{""count_fp"":""1.12"",""created_time"":""2026-04-27T21:04:50.561514Z"",""no_price_dollars"":""0.8800"",""taker_side"":""no"",""ticker"":""KXETH15M-26APR271715-15"",""trade_id"":""c34eb689-8f96-53e4-5a60-86f827e24010"",""yes_price_dollars"":""0.1200""}"
KXETH15M-26APR271715-15,d5845480-5fc6-65ac-6715-c6b4516e2718,1777323896,0.14,1.0,yes,"{""count_fp"":""1.00"",""created_time"":""2026-04-27T21:04:56.815973Z"",""no_price_dollars"":""0.8600"",""taker_side"":""yes"",""ticker"":""KXETH15M-26APR271715-15"",""trade_id"":""d5845480-5fc6-65ac-6715-c6b4516e2718"",""yes_price_dollars"":""0.1400""}"
KXETH15M-26APR271715-15,c7185e38-5065-5ef0-fd97-b3c930d7f511,1777323899,0.12,70.0,no,"{""count_fp"":""70.00"",""created_time"":""2026-04-27T21:04:59.992465Z"",""no_price_dollars"":""0.8800"",""taker_side"":""no"",""ticker"":""KXETH15M-26APR271715-15"",""trade_id"":""c7185e38-5065-5ef0-fd97-b3c930d7f511"",""yes_price_dollars"":""0.1200""}"
KXETH15M-26APR271715-15,7e2c6004-147a-57f8-ef50-12d0216087b2,1777323899,0.12,10.08,no,"{""count_fp"":""10.08"",""created_time"":""2026-04-27T21:04:59.992465Z"",""no_price_dollars"":""0.8800"",""taker_side"":""no"",""ticker"":""KXETH15M-26APR271715-15"",""trade_id"":""7e2c6004-147a-57f8-ef50-12d0216087b2"",""yes_price_dollars"":""0.1200""}"
KXETH15M-26APR271715-15,f7064f64-2215-447a-1fd8-8f9883f83306,1777323900,0.11,1.0,no,"{""count_fp"":""1.00"",""created_time"":""2026-04-27T21:05:00.750315Z"",""no_price_dollars"":""0.8900"",""taker_side"":""no"",""ticker"":""KXETH15M-26APR271715-15"",""trade_id"":""f7064f64-2215-447a-1fd8-8f9883f83306"",""yes_price_dollars"":""0.1100""}"
KXETH15M-26APR271715-15,ac9b9819-31d9-464c-5325-d84bdf086250,1777323900,0.15,31.08,yes,"{""count_fp"":""31.08"",""created_time"":""2026-04-27T21:05:00.123025Z"",""no_price_dollars"":""0.8500"",""taker_side"":""yes"",""ticker"":""KXETH15M-26APR271715-15"",""trade_id"":""ac9b9819-31d9-464c-5325-d84bdf086250"",""yes_price_dollars"":""0.1500""}"
KXETH15M-26APR271715-15,9a210c29-0d45-4ccc-4189-c34f9488462d,1777323900,0.14,10.0,yes,"{""count_fp"":""10.00"",""created_time"":""2026-04-27T21:05:00.123025Z"",""no_price_dollars"":""0.8600"",""taker_side"":""yes"",""ticker"":""KXETH15M-26APR271715-15"",""trade_id"":""9a210c29-0d45-4ccc-4189-c34f9488462d"",""yes_price_dollars"":""0.1400""}"
KXETH15M-26APR271715-15,30c9d17e-8502-4358-7b71-0c2198f1bc14,1777323900,0.14,2.0,yes,"{""count_fp"":""2.00"",""created_time"":""2026-04-27T21:05:00.123025Z"",""no_price_dollars"":""0.8600"",""taker_side"":""yes"",""ticker"":""KXETH15M-26APR271715-15"",""trade_id"":""30c9d17e-8502-4358-7b71-0c2198f1bc14"",""yes_price_dollars"":""0.1400""}"
KXETH15M-26APR271715-15,2525ab2f-45e6-4860-7793-68ad6210be18,1777323900,0.15,1.0,yes,"{""count_fp"":""1.00"",""created_time"":""2026-04-27T21:05:00.123025Z"",""no_price_dollars"":""0.8500"",""taker_side"":""yes"",""ticker"":""KXETH15M-26APR271715-15"",""trade_id"":""2525ab2f-45e6-4860-7793-68ad6210be18"",""yes_price_dollars"":""0.1500""}"
KXETH15M-26APR271715-15,10cb1802-b234-4792-6e0f-c7a2eafad7c9,1777323900,0.12,19.92,yes,"{""count_fp"":""19.92"",""created_time"":""2026-04-27T21:05:00.123025Z"",""no_price_dollars"":""0.8800"",""taker_side"":""yes"",""ticker"":""KXETH15M-26APR271715-15"",""trade_id"":""10cb1802-b234-4792-6e0f-c7a2eafad7c9"",""yes_price_dollars"":""0.1200""}"
KXETH15M-26APR271715-15,a98159a1-c3ad-6476-7317-b3964d0fd9e6,1777323903,0.11,2.25,no,"{""count_fp"":""2.25"",""created_time"":""2026-04-27T21:05:03.938265Z"",""no_price_dollars"":""0.8900"",""taker_side"":""no"",""ticker"":""KXETH15M-26APR271715-15"",""trade_id"":""a98159a1-c3ad-6476-7317-b3964d0fd9e6"",""yes_price_dollars"":""0.1100""}"
KXETH15M-26APR271715-15,94cfa523-7b81-4100-2159-01045939ff98,1777323905,0.14,43.0,yes,"{""count_fp"":""43.00"",""created_time"":""2026-04-27T21:05:05.107965Z"",""no_price_dollars"":""0.8600"",""taker_side"":""yes"",""ticker"":""KXETH15M-26APR271715-15"",""trade_id"":""94cfa523-7b81-4100-2159-01045939ff98"",""yes_price_dollars"":""0.1400""}"
KXETH15M-26APR271715-15,82a9c238-0e15-4d4a-029e-dc226ff01e23,1777323905,0.14,1.0,yes,"{""count_fp"":""1.00"",""created_time"":""2026-04-27T21:05:05.107965Z"",""no_price_dollars"":""0.8600"",""taker_side"":""yes"",""ticker"":""KXETH15M-26APR271715-15"",""trade_id"":""82a9c238-0e15-4d4a-029e-dc226ff01e23"",""yes_price_dollars"":""0.1400""}"
KXETH15M-26APR271715-15,304e18dc-4d06-478e-031d-5e26bb076bd5,1777323905,0.14,10.0,yes,"{""count_fp"":""10.00"",""created_time"":""2026-04-27T21:05:05.107965Z"",""no_price_dollars"":""0.8600"",""taker_side"":""yes"",""ticker"":""KXETH15M-26APR271715-15"",""trade_id"":""304e18dc-4d06-478e-031d-5e26bb076bd5"",""yes_price_dollars"":""0.1400""}"
KXETH15M-26APR271715-15,0d776f44-128b-42af-36fe-bdeafb7f4012,1777323905,0.12,1.0,yes,"{""count_fp"":""1.00"",""created_time"":""2026-04-27T21:05:05.107965Z"",""no_price_dollars"":""0.8800"",""taker_side"":""yes"",""ticker"":""KXETH15M-26APR271715-15"",""trade_id"":""0d776f44-128b-42af-36fe-bdeafb7f4012"",""yes_price_dollars"":""0.1200""}"
KXETH15M-26APR271715-15,650132aa-dec5-579e-b1ed-b45e6348b0ea,1777323905,0.11,4.46,no,"{""count_fp"":""4.46"",""created_time"":""2026-04-27T21:05:05.007989Z"",""no_price_dollars"":""0.8900"",""taker_side"":""no"",""ticker"":""KXETH15M-26APR271715-15"",""trade_id"":""650132aa-dec5-579e-b1ed-b45e6348b0ea"",""yes_price_dollars"":""0.1100""}"
KXETH15M-26APR271715-15,c1f1d95f-e9b3-42a8-be3d-13a2437a0e4e,1777323906,0.13,8.59,yes,"{""count_fp"":""8.59"",""created_time"":""2026-04-27T21:05:06.770467Z"",""no_price_dollars"":""0.8700"",""taker_side"":""yes"",""ticker"":""KXETH15M-26APR271715-15"",""trade_id"":""c1f1d95f-e9b3-42a8-be3d-13a2437a0e4e"",""yes_price_dollars"":""0.1300""}"
KXETH15M-26APR271715-15,946c4a88-7e2b-4c5d-b72b-a495923416a8,1777323906,0.12,5.0,yes,"{""count_fp"":""5.00"",""created_time"":""2026-04-27T21:05:06.770467Z"",""no_price_dollars"":""0.8800"",""taker_side"":""yes"",""ticker"":""KXETH15M-26APR271715-15"",""trade_id"":""946c4a88-7e2b-4c5d-b72b-a495923416a8"",""yes_price_dollars"":""0.1200""}"
KXETH15M-26APR271715-15,5dcbf90c-0c8d-5e5a-8616-98934798013e,1777323906,0.11,1.0,no,"{""count_fp"":""1.00"",""created_time"":""2026-04-27T21:05:06.338102Z"",""no_price_dollars"":""0.8900"",""taker_side"":""no"",""ticker"":""KXETH15M-26APR271715-15"",""trade_id"":""5dcbf90c-0c8d-5e5a-8616-98934798013e"",""yes_price_dollars"":""0.1100""}"
KXETH15M-26APR271715-15,96f659f6-0776-6f98-ae29-d48e91c4a27c,1777323907,0.11,48.31,no,"{""count_fp"":""48.31"",""created_time"":""2026-04-27T21:05:07.761216Z"",""no_price_dollars"":""0.8900"",""taker_side"":""no"",""ticker"":""KXETH15M-26APR271715-15"",""trade_id"":""96f659f6-0776-6f98-ae29-d48e91c4a27c"",""yes_price_dollars"":""0.1100""}"
KXETH15M-26APR271715-15,6abc3224-5d3d-6cfa-beed-5a1dab238c92,1777323907,0.11,218.29,no,"{""count_fp"":""218.29"",""created_time"":""2026-04-27T21:05:07.761216Z"",""no_price_dollars"":""0.8900"",""taker_side"":""no"",""ticker"":""KXETH15M-26APR271715-15"",""trade_id"":""6abc3224-5d3d-6cfa-beed-5a1dab238c92"",""yes_price_dollars"":""0.1100""}"
KXETH15M-26APR271715-15,50325859-bf20-66e3-86f9-7cc9e366c7a1,1777323907,0.11,1.0,no,"{""count_fp"":""1.00"",""created_time"":""2026-04-27T21:05:07.761216Z"",""no_price_dollars"":""0.8900"",""taker_side"":""no"",""ticker"":""KXETH15M-26APR271715-15"",""trade_id"":""50325859-bf20-66e3-86f9-7cc9e366c7a1"",""yes_price_dollars"":""0.1100""}"
KXETH15M-26APR271715-15,977d6a3a-e894-600b-9ab3-3852bf287b79,1777323908,0.14,1.0,yes,"{""count_fp"":""1.00"",""created_time"":""2026-04-27T21:05:08.778582Z"",""no_price_dollars"":""0.8600"",""taker_side"":""yes"",""ticker"":""KXETH15M-26APR271715-15"",""trade_id"":""977d6a3a-e894-600b-9ab3-3852bf287b79"",""yes_price_dollars"":""0.1400""}"
KXETH15M-26APR271715-15,14017e7d-774e-6dd3-8039-69a317139860,1777323908,0.14,32.68,yes,"{""count_fp"":""32.68"",""created_time"":""2026-04-27T21:05:08.778582Z"",""no_price_dollars"":""0.8600"",""taker_side"":""yes"",""ticker"":""KXETH15M-26APR271715-15"",""trade_id"":""14017e7d-774e-6dd3-8039-69a317139860"",""yes_price_dollars"":""0.1400""}"
KXETH15M-26APR271715-15,88eb7b23-36c6-5740-9a3b-ff75325f6234,1777323908,0.11,10.0,no,"{""count_fp"":""10.00"",""created_time"":""2026-04-27T21:05:08.020955Z"",""no_price_dollars"":""0.8900"",""taker_side"":""no"",""ticker"":""KXETH15M-26APR271715-15"",""trade_id"":""88eb7b23-36c6-5740-9a3b-ff75325f6234"",""yes_price_dollars"":""0.1100""}"
KXETH15M-26APR271715-15,ff98840b-afb0-54a1-83f9-0e1e9a3cf36f,1777323909,0.12,5.0,no,"{""count_fp"":""5.00"",""created_time"":""2026-04-27T21:05:09.655121Z"",""no_price_dollars"":""0.8800"",""taker_side"":""no"",""ticker"":""KXETH15M-26APR271715-15"",""trade_id"":""ff98840b-afb0-54a1-83f9-0e1e9a3cf36f"",""yes_price_dollars"":""0.1200""}"
KXETH15M-26APR271715-15,4c26cd12-3c30-5aed-81ef-7ac75f192fa6,1777323909,0.12,5.0,no,"{""count_fp"":""5.00"",""created_time"":""2026-04-27T21:05:09.655121Z"",""no_price_dollars"":""0.8800"",""taker_side"":""no"",""ticker"":""KXETH15M-26APR271715-15"",""trade_id"":""4c26cd12-3c30-5aed-81ef-7ac75f192fa6"",""yes_price_dollars"":""0.1200""}"
KXETH15M-26APR271715-15,84803d35-04c6-6fd7-52de-9f670e96afe4,1777323909,0.14,4.0,yes,"{""count_fp"":""4.00"",""created_time"":""2026-04-27T21:05:09.637841Z"",""no_price_dollars"":""0.8600"",""taker_side"":""yes"",""ticker"":""KXETH15M-26APR271715-15"",""trade_id"":""84803d35-04c6-6fd7-52de-9f670e96afe4"",""yes_price_dollars"":""0.1400""}"
KXETH15M-26APR271715-15,3f323374-40a4-6ff0-63e6-8d41aaa96180,1777323909,0.14,1.0,yes,"{""count_fp"":""1.00"",""created_time"":""2026-04-27T21:05:09.637841Z"",""no_price_dollars"":""0.8600"",""taker_side"":""yes"",""ticker"":""KXETH15M-26APR271715-15"",""trade_id"":""3f323374-40a4-6ff0-63e6-8d41aaa96180"",""yes_price_dollars"":""0.1400""}"
KXETH15M-26APR271715-15,340f96eb-410f-62ea-dfd2-9fcf649c68f9,1777323914,0.13,1.27,yes,"{""count_fp"":""1.27"",""created_time"":""2026-04-27T21:05:14.823067Z"",""no_price_dollars"":""0.8700"",""taker_side"":""yes"",""ticker"":""KXETH15M-26APR271715-15"",""trade_id"":""340f96eb-410f-62ea-dfd2-9fcf649c68f9"",""yes_price_dollars"":""0.1300""}"
KXETH15M-26APR271715-15,22f9aa42-4030-4536-866f-04f9316e9d9d,1777323916,0.13,29.0,yes,"{""count_fp"":""29.00"",""created_time"":""2026-04-27T21:05:16.531079Z"",""no_price_dollars"":""0.8700"",""taker_side"":""yes"",""ticker"":""KXETH15M-26APR271715-15"",""trade_id"":""22f9aa42-4030-4536-866f-04f9316e9d9d"",""yes_price_dollars"":""0.1300""}"
KXETH15M-26APR271715-15,cd0c6882-2d14-61f2-eb9e-dc4fe3e15149,1777323916,0.13,7.25,yes,"{""count_fp"":""7.25"",""created_time"":""2026-04-27T21:05:16.489386Z"",""no_price_dollars"":""0.8700"",""taker_side"":""yes"",""ticker"":""KXETH15M-26APR271715-15"",""trade_id"":""cd0c6882-2d14-61f2-eb9e-dc4fe3e15149"",""yes_price_dollars"":""0.1300""}"
KXETH15M-26APR271715-15,f7c16ede-ba29-6925-a3bf-ea4c5d4b0db3,1777323921,0.12,5.0,yes,"{""count_fp"":""5.00"",""created_time"":""2026-04-27T21:05:21.147164Z"",""no_price_dollars"":""0.8800"",""taker_side"":""yes"",""ticker"":""KXETH15M-26APR271715-15"",""trade_id"":""f7c16ede-ba29-6925-a3bf-ea4c5d4b0db3"",""yes_price_dollars"":""0.1200""}"
KXETH15M-26APR271715-15,320ad010-52d1-5aa5-3d06-637e3b5a3d47,1777323923,0.11,33.45,no,"{""count_fp"":""33.45"",""created_time"":""2026-04-27T21:05:23.377184Z"",""no_price_dollars"":""0.8900"",""taker_side"":""no"",""ticker"":""KXETH15M-26APR271715-15"",""trade_id"":""320ad010-52d1-5aa5-3d06-637e3b5a3d47"",""yes_price_dollars"":""0.1100""}"
KXETH15M-26APR271715-15,ff4d407d-7b0c-546a-e41f-8f3f13b08f4d,1777323924,0.13,4.5,yes,"{""count_fp"":""4.50"",""created_time"":""2026-04-27T21:05:24.524221Z"",""no_price_dollars"":""0.8700"",""taker_side"":""yes"",""ticker"":""KXETH15M-26APR271715-15"",""trade_id"":""ff4d407d-7b0c-546a-e41f-8f3f13b08f4d"",""yes_price_dollars"":""0.1300""}"
KXETH15M-26APR271715-15,338eb57b-b4df-561e-dda2-3103cc1ec39b,1777323924,0.12,10.0,yes,"{""count_fp"":""10.00"",""created_time"":""2026-04-27T21:05:24.524221Z"",""no_price_dollars"":""0.8800"",""taker_side"":""yes"",""ticker"":""KXETH15M-26APR271715-15"",""trade_id"":""338eb57b-b4df-561e-dda2-3103cc1ec39b"",""yes_price_dollars"":""0.1200""}"
KXETH15M-26APR271715-15,17f8b996-be80-64f2-1caf-574046262f15,1777323925,0.13,7.25,yes,"{""count_fp"":""7.25"",""created_time"":""2026-04-27T21:05:25.031981Z"",""no_price_dollars"":""0.8700"",""taker_side"":""yes"",""ticker"":""KXETH15M-26APR271715-15"",""trade_id"":""17f8b996-be80-64f2-1caf-574046262f15"",""yes_price_dollars"":""0.1300""}"
KXETH15M-26APR271715-15,ea13d7e8-69ca-7588-1f07-3aac0588a38c,1777323927,0.11,10.45,no,"{""count_fp"":""10.45"",""created_time"":""2026-04-27T21:05:27.213942Z"",""no_price_dollars"":""0.8900"",""taker_side"":""no"",""ticker"":""KXETH15M-26APR271715-15"",""trade_id"":""ea13d7e8-69ca-7588-1f07-3aac0588a38c"",""yes_price_dollars"":""0.1100""}"
KXETH15M-26APR271715-15,566c4dd1-5857-7884-3b95-205da3af8218,1777323927,0.11,150.0,no,"{""count_fp"":""150.00"",""created_time"":""2026-04-27T21:05:27.213942Z"",""no_price_dollars"":""0.8900"",""taker_side"":""no"",""ticker"":""KXETH15M-26APR271715-15"",""trade_id"":""566c4dd1-5857-7884-3b95-205da3af8218"",""yes_price_dollars"":""0.1100""}"
KXETH15M-26APR271715-15,13275a3c-6625-7d51-3d22-e8768c7a13bf,1777323927,0.11,66.55,no,"{""count_fp"":""66.55"",""created_time"":""2026-04-27T21:05:27.213942Z"",""no_price_dollars"":""0.8900"",""taker_side"":""no"",""ticker"":""KXETH15M-26APR271715-15"",""trade_id"":""13275a3c-6625-7d51-3d22-e8768c7a13bf"",""yes_price_dollars"":""0.1100""}"
KXETH15M-26APR271715-15,6499b46d-1aea-686f-c866-ebc540cc09b8,1777323930,0.11,1.0,yes,"{""count_fp"":""1.00"",""created_time"":""2026-04-27T21:05:30.536001Z"",""no_price_dollars"":""0.8900"",""taker_side"":""yes"",""ticker"":""KXETH15M-26APR271715-15"",""trade_id"":""6499b46d-1aea-686f-c866-ebc540cc09b8"",""yes_price_dollars"":""0.1100""}"
KXETH15M-26APR271715-15,536bf549-681c-6c7a-b817-0b2182d63982,1777323931,0.1,1.0,no,"{""count_fp"":""1.00"",""created_time"":""2026-04-27T21:05:31.124102Z"",""no_price_dollars"":""0.9000"",""taker_side"":""no"",""ticker"":""KXETH15M-26APR271715-15"",""trade_id"":""536bf549-681c-6c7a-b817-0b2182d63982"",""yes_price_dollars"":""0.1000""}"
KXETH15M-26APR271715-15,3429d007-8074-634f-8bba-222b4424a83a,1777323931,0.1,3.58,no,"{""count_fp"":""3.58"",""created_time"":""2026-04-27T21:05:31.124102Z"",""no_price_dollars"":""0.9000"",""taker_side"":""no"",""ticker"":""KXETH15M-26APR271715-15"",""trade_id"":""3429d007-8074-634f-8bba-222b4424a83a"",""yes_price_dollars"":""0.1000""}"
KXETH15M-26APR271715-15,e84b9949-c2b5-4009-f02d-893ec530b549,1777323935,0.095,1.0,yes,"{""count_fp"":""1.00"",""created_time"":""2026-04-27T21:05:35.183995Z"",""no_price_dollars"":""0.9050"",""taker_side"":""yes"",""ticker"":""KXETH15M-26APR271715-15"",""trade_id"":""e84b9949-c2b5-4009-f02d-893ec530b549"",""yes_price_dollars"":""0.0950""}"
KXETH15M-26APR271715-15,895dfbaf-64b2-493b-dec8-c5fd18dd5153,1777323935,0.097,7.0,yes,"{""count_fp"":""7.00"",""created_time"":""2026-04-27T21:05:35.183995Z"",""no_price_dollars"":""0.9030"",""taker_side"":""yes"",""ticker"":""KXETH15M-26APR271715-15"",""trade_id"":""895dfbaf-64b2-493b-dec8-c5fd18dd5153"",""yes_price_dollars"":""0.0970""}"
KXETH15M-26APR271715-15,f7a3c3dd-5889-624b-50fb-6f2bf869fcf2,1777323938,0.09,2.0,no,"{""count_fp"":""2.00"",""created_time"":""2026-04-27T21:05:38.142415Z"",""no_price_dollars"":""0.9100"",""taker_side"":""no"",""ticker"":""KXETH15M-26APR271715-15"",""trade_id"":""f7a3c3dd-5889-624b-50fb-6f2bf869fcf2"",""yes_price_dollars"":""0.0900""}"
KXETH15M-26APR271715-15,be7f6eeb-42fa-675e-70bc-91e180e6ba6c,1777323938,0.09,3.0,no,"{""count_fp"":""3.00"",""created_time"":""2026-04-27T21:05:38.142415Z"",""no_price_dollars"":""0.9100"",""taker_side"":""no"",""ticker"":""KXETH15M-26APR271715-15"",""trade_id"":""be7f6eeb-42fa-675e-70bc-91e180e6ba6c"",""yes_price_dollars"":""0.0900""}"
KXETH15M-26APR271715-15,493207c4-8605-6aec-7e37-d38f45dfec07,1777323938,0.09,1.0,no,"{""count_fp"":""1.00"",""created_time"":""2026-04-27T21:05:38.142415Z"",""no_price_dollars"":""0.9100"",""taker_side"":""no"",""ticker"":""KXETH15M-26APR271715-15"",""trade_id"":""493207c4-8605-6aec-7e37-d38f45dfec07"",""yes_price_dollars"":""0.0900""}"
KXETH15M-26APR271715-15,426023e0-a9ed-450f-fa85-868f7da1119a,1777323939,0.09,2.0,no,"{""count_fp"":""2.00"",""created_time"":""2026-04-27T21:05:39.205541Z"",""no_price_dollars"":""0.9100"",""taker_side"":""no"",""ticker"":""KXETH15M-26APR271715-15"",""trade_id"":""426023e0-a9ed-450f-fa85-868f7da1119a"",""yes_price_dollars"":""0.0900""}"
KXETH15M-26APR271715-15,ccfef217-3c4e-6d8b-8265-7e0d96bbbb44,1777323941,0.088,11.57,yes,"{""count_fp"":""11.57"",""created_time"":""2026-04-27T21:05:41.380168Z"",""no_price_dollars"":""0.9120"",""taker_side"":""yes"",""ticker"":""KXETH15M-26APR271715-15"",""trade_id"":""ccfef217-3c4e-6d8b-8265-7e0d96bbbb44"",""yes_price_dollars"":""0.0880""}"
KXETH15M-26APR271715-15,bf16f601-5b32-6b09-b8b6-dc3a238a4ad1,1777323941,0.087,10.0,yes,"{""count_fp"":""10.00"",""created_time"":""2026-04-27T21:05:41.380168Z"",""no_price_dollars"":""0.9130"",""taker_side"":""yes"",""ticker"":""KXETH15M-26APR271715-15"",""trade_id"":""bf16f601-5b32-6b09-b8b6-dc3a238a4ad1"",""yes_price_dollars"":""0.0870""}"
KXETH15M-26APR271715-15,daba3c6e-ffa4-5d4a-caa7-c372229702d3,1777323942,0.08,3.0,no,"{""count_fp"":""3.00"",""created_time"":""2026-04-27T21:05:42.749997Z"",""no_price_dollars"":""0.9200"",""taker_side"":""no"",""ticker"":""KXETH15M-26APR271715-15"",""trade_id"":""daba3c6e-ffa4-5d4a-caa7-c372229702d3"",""yes_price_dollars"":""0.0800""}"
KXETH15M-26APR271715-15,cd942196-1aba-5f5d-e5a3-de7ee80efc96,1777323942,0.08,6.0,no,"{""count_fp"":""6.00"",""created_time"":""2026-04-27T21:05:42.749997Z"",""no_price_dollars"":""0.9200"",""taker_side"":""no"",""ticker"":""KXETH15M-26APR271715-15"",""trade_id"":""cd942196-1aba-5f5d-e5a3-de7ee80efc96"",""yes_price_dollars"":""0.0800""}"
KXETH15M-26APR271715-15,a37cff90-8201-5715-e944-0e040ac4eef4,1777323942,0.08,1.0,no,"{""count_fp"":""1.00"",""created_time"":""2026-04-27T21:05:42.749997Z"",""no_price_dollars"":""0.9200"",""taker_side"":""no"",""ticker"":""KXETH15M-26APR271715-15"",""trade_id"":""a37cff90-8201-5715-e944-0e040ac4eef4"",""yes_price_dollars"":""0.0800""}"
KXETH15M-26APR271715-15,9d8e9c7b-bb7b-5cc9-e255-ad60e9288f69,1777323942,0.071,4.0,no,"{""count_fp"":""4.00"",""created_time"":""2026-04-27T21:05:42.749997Z"",""no_price_dollars"":""0.9290"",""taker_side"":""no"",""ticker"":""KXETH15M-26APR271715-15"",""trade_id"":""9d8e9c7b-bb7b-5cc9-e255-ad60e9288f69"",""yes_price_dollars"":""0.0710""}"
KXETH15M-26APR271715-15,f8ced612-8bb5-525c-ad8a-4d653f476769,1777323949,0.07,3.0,no,"{""count_fp"":""3.00"",""created_time"":""2026-04-27T21:05:49.913546Z"",""no_price_dollars"":""0.9300"",""taker_side"":""no"",""ticker"":""KXETH15M-26APR271715-15"",""trade_id"":""f8ced612-8bb5-525c-ad8a-4d653f476769"",""yes_price_dollars"":""0.0700""}"
KXETH15M-26APR271715-15,ea37b6e9-7c8b-53ee-afab-f451be3b442c,1777323949,0.07,1.0,no,"{""count_fp"":""1.00"",""created_time"":""2026-04-27T21:05:49.913546Z"",""no_price_dollars"":""0.9300"",""taker_side"":""no"",""ticker"":""KXETH15M-26APR271715-15"",""trade_id"":""ea37b6e9-7c8b-53ee-afab-f451be3b442c"",""yes_price_dollars"":""0.0700""}"
KXETH15M-26APR271715-15,c7124807-8083-5cbd-81f8-123c7be03026,1777323949,0.07,2.27,no,"{""count_fp"":""2.27"",""created_time"":""2026-04-27T21:05:49.913546Z"",""no_price_dollars"":""0.9300"",""taker_side"":""no"",""ticker"":""KXETH15M-26APR271715-15"",""trade_id"":""c7124807-8083-5cbd-81f8-123c7be03026"",""yes_price_dollars"":""0.0700""}"
KXETH15M-26APR271715-15,b0945e22-1152-5477-b784-550a3d4bfe1e,1777323949,0.07,4.0,no,"{""count_fp"":""4.00"",""created_time"":""2026-04-27T21:05:49.913546Z"",""no_price_dollars"":""0.9300"",""taker_side"":""no"",""ticker"":""KXETH15M-26APR271715-15"",""trade_id"":""b0945e22-1152-5477-b784-550a3d4bfe1e"",""yes_price_dollars"":""0.0700""}"
KXETH15M-26APR271715-15,5d9921ce-680b-5e09-9f70-ca2d05d6c36a,1777323949,0.07,10.0,no,"{""count_fp"":""10.00"",""created_time"":""2026-04-27T21:05:49.913546Z"",""no_price_dollars"":""0.9300"",""taker_side"":""no"",""ticker"":""KXETH15M-26APR271715-15"",""trade_id"":""5d9921ce-680b-5e09-9f70-ca2d05d6c36a"",""yes_price_dollars"":""0.0700""}"
KXETH15M-26APR271715-15,534d5f3e-7d14-5bac-87ea-233960808e13,1777323949,0.07,29.0,no,"{""count_fp"":""29.00"",""created_time"":""2026-04-27T21:05:49.913546Z"",""no_price_dollars"":""0.9300"",""taker_side"":""no"",""ticker"":""KXETH15M-26APR271715-15"",""trade_id"":""534d5f3e-7d14-5bac-87ea-233960808e13"",""yes_price_dollars"":""0.0700""}"
KXETH15M-26APR271715-15,fa26a771-588f-43b8-e489-2548078e62f3,1777323950,0.077,1.0,yes,"{""count_fp"":""1.00"",""created_time"":""2026-04-27T21:05:50.458323Z"",""no_price_dollars"":""0.9230"",""taker_side"":""yes"",""ticker"":""KXETH15M-26APR271715-15"",""trade_id"":""fa26a771-588f-43b8-e489-2548078e62f3"",""yes_price_dollars"":""0.0770""}"
KXETH15M-26APR271715-15,9cad96fb-da06-4c5f-dd27-9fd0c05e1620,1777323950,0.078,99.0,yes,"{""count_fp"":""99.00"",""created_time"":""2026-04-27T21:05:50.458323Z"",""no_price_dollars"":""0.9220"",""taker_side"":""yes"",""ticker"":""KXETH15M-26APR271715-15"",""trade_id"":""9cad96fb-da06-4c5f-dd27-9fd0c05e1620"",""yes_price_dollars"":""0.0780""}"
KXETH15M-26APR271715-15,af1e4a53-d01f-75d9-f396-e5b7e3c5829d,1777323954,0.077,0.1,yes,"{""count_fp"":""0.10"",""created_time"":""2026-04-27T21:05:54.250497Z"",""no_price_dollars"":""0.9230"",""taker_side"":""yes"",""ticker"":""KXETH15M-26APR271715-15"",""trade_id"":""af1e4a53-d01f-75d9-f396-e5b7e3c5829d"",""yes_price_dollars"":""0.0770""}"
KXETH15M-26APR271715-15,7db81d51-b292-7836-cf32-14756a369b04,1777323954,0.077,1.0,yes,"{""count_fp"":""1.00"",""created_time"":""2026-04-27T21:05:54.250497Z"",""no_price_dollars"":""0.9230"",""taker_side"":""yes"",""ticker"":""KXETH15M-26APR271715-15"",""trade_id"":""7db81d51-b292-7836-cf32-14756a369b04"",""yes_price_dollars"":""0.0770""}"
KXETH15M-26APR271715-15,c380fdec-438b-66bd-4a4a-e3d6d3048500,1777323956,0.077,1.4,yes,"{""count_fp"":""1.40"",""created_time"":""2026-04-27T21:05:56.420543Z"",""no_price_dollars"":""0.9230"",""taker_side"":""yes"",""ticker"":""KXETH15M-26APR271715-15"",""trade_id"":""c380fdec-438b-66bd-4a4a-e3d6d3048500"",""yes_price_dollars"":""0.0770""}"
KXETH15M-26APR271715-15,1ff4d8c9-e647-6268-682a-5bd38e332009,1777323956,0.077,1.0,yes,"{""count_fp"":""1.00"",""created_time"":""2026-04-27T21:05:56.420543Z"",""no_price_dollars"":""0.9230"",""taker_side"":""yes"",""ticker"":""KXETH15M-26APR271715-15"",""trade_id"":""1ff4d8c9-e647-6268-682a-5bd38e332009"",""yes_price_dollars"":""0.0770""}"
KXETH15M-26APR271715-15,f53d2c46-868e-6110-0795-7d7376e58eee,1777323961,0.077,79.0,yes,"{""count_fp"":""79.00"",""created_time"":""2026-04-27T21:06:01.139239Z"",""no_price_dollars"":""0.9230"",""taker_side"":""yes"",""ticker"":""KXETH15M-26APR271715-15"",""trade_id"":""f53d2c46-868e-6110-0795-7d7376e58eee"",""yes_price_dollars"":""0.0770""}"
KXETH15M-26APR271715-15,239ed90b-3beb-63ef-57d5-9f02dfbd5429,1777323962,0.077,1.1,yes,"{""count_fp"":""1.10"",""created_time"":""2026-04-27T21:06:02.926665Z"",""no_price_dollars"":""0.9230"",""taker_side"":""yes"",""ticker"":""KXETH15M-26APR271715-15"",""trade_id"":""239ed90b-3beb-63ef-57d5-9f02dfbd5429"",""yes_price_dollars"":""0.0770""}"
KXETH15M-26APR271715-15,24c80f47-9fae-52ec-e99d-7c96670dd47a,1777323962,0.077,20.7,yes,"{""count_fp"":""20.70"",""created_time"":""2026-04-27T21:06:02.367455Z"",""no_price_dollars"":""0.9230"",""taker_side"":""yes"",""ticker"":""KXETH15M-26APR271715-15"",""trade_id"":""24c80f47-9fae-52ec-e99d-7c96670dd47a"",""yes_price_dollars"":""0.0770""}"
KXETH15M-26APR271715-15,b032a412-9d46-4a24-79a4-c9f2aa5d1f06,1777323962,0.077,4.58,yes,"{""count_fp"":""4.58"",""created_time"":""2026-04-27T21:06:02.106847Z"",""no_price_dollars"":""0.9230"",""taker_side"":""yes"",""ticker"":""KXETH15M-26APR271715-15"",""trade_id"":""b032a412-9d46-4a24-79a4-c9f2aa5d1f06"",""yes_price_dollars"":""0.0770""}"
KXETH15M-26APR271715-15,8b49ea08-115e-619c-2b94-f605363843b6,1777323963,0.07,24.18,no,"{""count_fp"":""24.18"",""created_time"":""2026-04-27T21:06:03.102004Z"",""no_price_dollars"":""0.9300"",""taker_side"":""no"",""ticker"":""KXETH15M-26APR271715-15"",""trade_id"":""8b49ea08-115e-619c-2b94-f605363843b6"",""yes_price_dollars"":""0.0700""}"
