ticker,trade_id,ts,yes_price,count,taker_side,raw_json
KXETH15M-26APR280315-15,bf071e0d-1351-5b54-a215-2b0c7f7f647c,1777359619,0.48,18.0,yes,"{""count_fp"":""18.00"",""created_time"":""2026-04-28T07:00:19.038884Z"",""no_price_dollars"":""0.5200"",""taker_side"":""yes"",""ticker"":""KXETH15M-26APR280315-15"",""trade_id"":""bf071e0d-1351-5b54-a215-2b0c7f7f647c"",""yes_price_dollars"":""0.4800""}"
KXETH15M-26APR280315-15,9ef2f520-0d89-4bec-b85b-fd578b919b18,1777359627,0.48,22.0,yes,"{""count_fp"":""22.00"",""created_time"":""2026-04-28T07:00:27.437719Z"",""no_price_dollars"":""0.5200"",""taker_side"":""yes"",""ticker"":""KXETH15M-26APR280315-15"",""trade_id"":""9ef2f520-0d89-4bec-b85b-fd578b919b18"",""yes_price_dollars"":""0.4800""}"
KXETH15M-26APR280315-15,d6f27e6b-9a5e-40b4-6349-59c259021b6c,1777359635,0.55,35.25,yes,"{""count_fp"":""35.25"",""created_time"":""2026-04-28T07:00:35.408061Z"",""no_price_dollars"":""0.4500"",""taker_side"":""yes"",""ticker"":""KXETH15M-26APR280315-15"",""trade_id"":""d6f27e6b-9a5e-40b4-6349-59c259021b6c"",""yes_price_dollars"":""0.5500""}"
KXETH15M-26APR280315-15,e639ec07-749d-52b8-b197-447a440a8178,1777359638,0.51,1.0,no,"{""count_fp"":""1.00"",""created_time"":""2026-04-28T07:00:38.133672Z"",""no_price_dollars"":""0.4900"",""taker_side"":""no"",""ticker"":""KXETH15M-26APR280315-15"",""trade_id"":""e639ec07-749d-52b8-b197-447a440a8178"",""yes_price_dollars"":""0.5100""}"
KXETH15M-26APR280315-15,8ddd4669-8b9e-5c63-bb63-14d43efb2035,1777359638,0.51,1.0,no,"{""count_fp"":""1.00"",""created_time"":""2026-04-28T07:00:38.133672Z"",""no_price_dollars"":""0.4900"",""taker_side"":""no"",""ticker"":""KXETH15M-26APR280315-15"",""trade_id"":""8ddd4669-8b9e-5c63-bb63-14d43efb2035"",""yes_price_dollars"":""0.5100""}"
KXETH15M-26APR280315-15,c5491895-0f02-6cae-2c23-b10b4ba10488,1777359643,0.7,68.54,yes,"{""count_fp"":""68.54"",""created_time"":""2026-04-28T07:00:43.731582Z"",""no_price_dollars"":""0.3000"",""taker_side"":""yes"",""ticker"":""KXETH15M-26APR280315-15"",""trade_id"":""c5491895-0f02-6cae-2c23-b10b4ba10488"",""yes_price_dollars"":""0.7000""}"
KXETH15M-26APR280315-15,be170f70-9a0c-643a-3df1-49c9f18d6759,1777359643,0.59,60.0,yes,"{""count_fp"":""60.00"",""created_time"":""2026-04-28T07:00:43.731582Z"",""no_price_dollars"":""0.4100"",""taker_side"":""yes"",""ticker"":""KXETH15M-26APR280315-15"",""trade_id"":""be170f70-9a0c-643a-3df1-49c9f18d6759"",""yes_price_dollars"":""0.5900""}"
KXETH15M-26APR280315-15,8d4a2979-b262-6bea-2b22-deb61d8efa9e,1777359643,0.58,1.0,yes,"{""count_fp"":""1.00"",""created_time"":""2026-04-28T07:00:43.731582Z"",""no_price_dollars"":""0.4200"",""taker_side"":""yes"",""ticker"":""KXETH15M-26APR280315-15"",""trade_id"":""8d4a2979-b262-6bea-2b22-deb61d8efa9e"",""yes_price_dollars"":""0.5800""}"
KXETH15M-26APR280315-15,722e1b16-39d1-6e77-28ab-cad09aee2f69,1777359643,0.65,50.0,yes,"{""count_fp"":""50.00"",""created_time"":""2026-04-28T07:00:43.731582Z"",""no_price_dollars"":""0.3500"",""taker_side"":""yes"",""ticker"":""KXETH15M-26APR280315-15"",""trade_id"":""722e1b16-39d1-6e77-28ab-cad09aee2f69"",""yes_price_dollars"":""0.6500""}"
KXETH15M-26APR280315-15,5bf8e374-37e6-6b0c-36ca-2b20403a9b4c,1777359643,0.58,550.75,yes,"{""count_fp"":""550.75"",""created_time"":""2026-04-28T07:00:43.731582Z"",""no_price_dollars"":""0.4200"",""taker_side"":""yes"",""ticker"":""KXETH15M-26APR280315-15"",""trade_id"":""5bf8e374-37e6-6b0c-36ca-2b20403a9b4c"",""yes_price_dollars"":""0.5800""}"
KXETH15M-26APR280315-15,5964f3a9-fff4-6c24-2ff7-c7df6cd3c3fa,1777359643,0.6,100.0,yes,"{""count_fp"":""100.00"",""created_time"":""2026-04-28T07:00:43.731582Z"",""no_price_dollars"":""0.4000"",""taker_side"":""yes"",""ticker"":""KXETH15M-26APR280315-15"",""trade_id"":""5964f3a9-fff4-6c24-2ff7-c7df6cd3c3fa"",""yes_price_dollars"":""0.6000""}"
KXETH15M-26APR280315-15,27593757-f58b-636e-2441-83a43fd873e7,1777359643,0.7,4.0,yes,"{""count_fp"":""4.00"",""created_time"":""2026-04-28T07:00:43.731582Z"",""no_price_dollars"":""0.3000"",""taker_side"":""yes"",""ticker"":""KXETH15M-26APR280315-15"",""trade_id"":""27593757-f58b-636e-2441-83a43fd873e7"",""yes_price_dollars"":""0.7000""}"
KXETH15M-26APR280315-15,0b91509f-b7cf-6989-25a1-8e6a72780ca4,1777359643,0.58,9.76,yes,"{""count_fp"":""9.76"",""created_time"":""2026-04-28T07:00:43.731582Z"",""no_price_dollars"":""0.4200"",""taker_side"":""yes"",""ticker"":""KXETH15M-26APR280315-15"",""trade_id"":""0b91509f-b7cf-6989-25a1-8e6a72780ca4"",""yes_price_dollars"":""0.5800""}"
KXETH15M-26APR280315-15,081eae50-7015-6b0c-1362-63014f2ce922,1777359643,0.58,10.0,yes,"{""count_fp"":""10.00"",""created_time"":""2026-04-28T07:00:43.731582Z"",""no_price_dollars"":""0.4200"",""taker_side"":""yes"",""ticker"":""KXETH15M-26APR280315-15"",""trade_id"":""081eae50-7015-6b0c-1362-63014f2ce922"",""yes_price_dollars"":""0.5800""}"
KXETH15M-26APR280315-15,65079caf-0c50-5abb-eb1e-eabcac3810d1,1777359651,0.58,2.0,yes,"{""count_fp"":""2.00"",""created_time"":""2026-04-28T07:00:51.466709Z"",""no_price_dollars"":""0.4200"",""taker_side"":""yes"",""ticker"":""KXETH15M-26APR280315-15"",""trade_id"":""65079caf-0c50-5abb-eb1e-eabcac3810d1"",""yes_price_dollars"":""0.5800""}"
KXETH15M-26APR280315-15,5543a444-0f0d-6839-4f78-1d3a13da1d71,1777359652,0.59,1.0,no,"{""count_fp"":""1.00"",""created_time"":""2026-04-28T07:00:52.636154Z"",""no_price_dollars"":""0.4100"",""taker_side"":""no"",""ticker"":""KXETH15M-26APR280315-15"",""trade_id"":""5543a444-0f0d-6839-4f78-1d3a13da1d71"",""yes_price_dollars"":""0.5900""}"
KXETH15M-26APR280315-15,7040f2ff-ba9d-5ac5-87dc-81b6c84f6141,1777359657,0.59,2.0,no,"{""count_fp"":""2.00"",""created_time"":""2026-04-28T07:00:57.904444Z"",""no_price_dollars"":""0.4100"",""taker_side"":""no"",""ticker"":""KXETH15M-26APR280315-15"",""trade_id"":""7040f2ff-ba9d-5ac5-87dc-81b6c84f6141"",""yes_price_dollars"":""0.5900""}"
KXETH15M-26APR280315-15,2710c01c-1c42-55d4-a298-6de3556e0579,1777359657,0.57,2.0,no,"{""count_fp"":""2.00"",""created_time"":""2026-04-28T07:00:57.904444Z"",""no_price_dollars"":""0.4300"",""taker_side"":""no"",""ticker"":""KXETH15M-26APR280315-15"",""trade_id"":""2710c01c-1c42-55d4-a298-6de3556e0579"",""yes_price_dollars"":""0.5700""}"
KXETH15M-26APR280315-15,1453d321-d8e2-5d31-84e7-e533e431b437,1777359657,0.57,0.52,no,"{""count_fp"":""0.52"",""created_time"":""2026-04-28T07:00:57.904444Z"",""no_price_dollars"":""0.4300"",""taker_side"":""no"",""ticker"":""KXETH15M-26APR280315-15"",""trade_id"":""1453d321-d8e2-5d31-84e7-e533e431b437"",""yes_price_dollars"":""0.5700""}"
KXETH15M-26APR280315-15,b98ba3d3-c625-4333-0b77-8cf05d01b0b4,1777359658,0.56,1.0,no,"{""count_fp"":""1.00"",""created_time"":""2026-04-28T07:00:58.976053Z"",""no_price_dollars"":""0.4400"",""taker_side"":""no"",""ticker"":""KXETH15M-26APR280315-15"",""trade_id"":""b98ba3d3-c625-4333-0b77-8cf05d01b0b4"",""yes_price_dollars"":""0.5600""}"
KXETH15M-26APR280315-15,f9b5d4ab-6852-7810-331b-09fa32229a7a,1777359660,0.55,1.0,yes,"{""count_fp"":""1.00"",""created_time"":""2026-04-28T07:01:00.808705Z"",""no_price_dollars"":""0.4500"",""taker_side"":""yes"",""ticker"":""KXETH15M-26APR280315-15"",""trade_id"":""f9b5d4ab-6852-7810-331b-09fa32229a7a"",""yes_price_dollars"":""0.5500""}"
KXETH15M-26APR280315-15,2e3dca75-91dc-700f-135d-8772cbdfeeef,1777359660,0.57,30.0,yes,"{""count_fp"":""30.00"",""created_time"":""2026-04-28T07:01:00.808705Z"",""no_price_dollars"":""0.4300"",""taker_side"":""yes"",""ticker"":""KXETH15M-26APR280315-15"",""trade_id"":""2e3dca75-91dc-700f-135d-8772cbdfeeef"",""yes_price_dollars"":""0.5700""}"
KXETH15M-26APR280315-15,ac703535-1715-4ddb-c1c4-6bdfb6e3173e,1777359672,0.56,8.66,yes,"{""count_fp"":""8.66"",""created_time"":""2026-04-28T07:01:12.001215Z"",""no_price_dollars"":""0.4400"",""taker_side"":""yes"",""ticker"":""KXETH15M-26APR280315-15"",""trade_id"":""ac703535-1715-4ddb-c1c4-6bdfb6e3173e"",""yes_price_dollars"":""0.5600""}"
KXETH15M-26APR280315-15,020584c1-ca99-6eef-eea6-0ef2c677045e,1777359673,0.56,1.73,yes,"{""count_fp"":""1.73"",""created_time"":""2026-04-28T07:01:13.304981Z"",""no_price_dollars"":""0.4400"",""taker_side"":""yes"",""ticker"":""KXETH15M-26APR280315-15"",""trade_id"":""020584c1-ca99-6eef-eea6-0ef2c677045e"",""yes_price_dollars"":""0.5600""}"
KXETH15M-26APR280315-15,bd7a8c59-0351-4bb0-d9b6-536096930195,1777359676,0.53,10.0,no,"{""count_fp"":""10.00"",""created_time"":""2026-04-28T07:01:16.707145Z"",""no_price_dollars"":""0.4700"",""taker_side"":""no"",""ticker"":""KXETH15M-26APR280315-15"",""trade_id"":""bd7a8c59-0351-4bb0-d9b6-536096930195"",""yes_price_dollars"":""0.5300""}"
KXETH15M-26APR280315-15,83e944c9-4ed5-4e18-ebaf-a7eb5855e00d,1777359676,0.53,1.0,no,"{""count_fp"":""1.00"",""created_time"":""2026-04-28T07:01:16.707145Z"",""no_price_dollars"":""0.4700"",""taker_side"":""no"",""ticker"":""KXETH15M-26APR280315-15"",""trade_id"":""83e944c9-4ed5-4e18-ebaf-a7eb5855e00d"",""yes_price_dollars"":""0.5300""}"
KXETH15M-26APR280315-15,7934dbcc-518c-459c-f3dc-b44f2f9150bb,1777359676,0.53,9.51,no,"{""count_fp"":""9.51"",""created_time"":""2026-04-28T07:01:16.707145Z"",""no_price_dollars"":""0.4700"",""taker_side"":""no"",""ticker"":""KXETH15M-26APR280315-15"",""trade_id"":""7934dbcc-518c-459c-f3dc-b44f2f9150bb"",""yes_price_dollars"":""0.5300""}"
KXETH15M-26APR280315-15,d307842f-431b-57dd-d9dd-768c6577f16a,1777359679,0.54,10.0,no,"{""count_fp"":""10.00"",""created_time"":""2026-04-28T07:01:19.103969Z"",""no_price_dollars"":""0.4600"",""taker_side"":""no"",""ticker"":""KXETH15M-26APR280315-15"",""trade_id"":""d307842f-431b-57dd-d9dd-768c6577f16a"",""yes_price_dollars"":""0.5400""}"
KXETH15M-26APR280315-15,b526f7c6-72d1-5f37-cc47-3b01b3743280,1777359679,0.53,41.28,no,"{""count_fp"":""41.28"",""created_time"":""2026-04-28T07:01:19.103969Z"",""no_price_dollars"":""0.4700"",""taker_side"":""no"",""ticker"":""KXETH15M-26APR280315-15"",""trade_id"":""b526f7c6-72d1-5f37-cc47-3b01b3743280"",""yes_price_dollars"":""0.5300""}"
KXETH15M-26APR280315-15,ba89b5f2-0bac-4fa6-761d-21ca9bc70f05,1777359697,0.55,10.0,yes,"{""count_fp"":""10.00"",""created_time"":""2026-04-28T07:01:37.888371Z"",""no_price_dollars"":""0.4500"",""taker_side"":""yes"",""ticker"":""KXETH15M-26APR280315-15"",""trade_id"":""ba89b5f2-0bac-4fa6-761d-21ca9bc70f05"",""yes_price_dollars"":""0.5500""}"
KXETH15M-26APR280315-15,80cac902-d891-4cec-7e77-8227b08e00d2,1777359697,0.56,37.84,yes,"{""count_fp"":""37.84"",""created_time"":""2026-04-28T07:01:37.888371Z"",""no_price_dollars"":""0.4400"",""taker_side"":""yes"",""ticker"":""KXETH15M-26APR280315-15"",""trade_id"":""80cac902-d891-4cec-7e77-8227b08e00d2"",""yes_price_dollars"":""0.5600""}"
KXETH15M-26APR280315-15,8033585e-e22d-4e13-6b94-0fb4b710367a,1777359697,0.56,29.61,yes,"{""count_fp"":""29.61"",""created_time"":""2026-04-28T07:01:37.888371Z"",""no_price_dollars"":""0.4400"",""taker_side"":""yes"",""ticker"":""KXETH15M-26APR280315-15"",""trade_id"":""8033585e-e22d-4e13-6b94-0fb4b710367a"",""yes_price_dollars"":""0.5600""}"
KXETH15M-26APR280315-15,56718d63-dddc-42a1-619f-bf22dfac1f89,1777359697,0.55,9.11,yes,"{""count_fp"":""9.11"",""created_time"":""2026-04-28T07:01:37.888371Z"",""no_price_dollars"":""0.4500"",""taker_side"":""yes"",""ticker"":""KXETH15M-26APR280315-15"",""trade_id"":""56718d63-dddc-42a1-619f-bf22dfac1f89"",""yes_price_dollars"":""0.5500""}"
KXETH15M-26APR280315-15,06430078-d1a9-4de8-8724-8d58a3469e72,1777359699,0.56,7.0,yes,"{""count_fp"":""7.00"",""created_time"":""2026-04-28T07:01:39.306371Z"",""no_price_dollars"":""0.4400"",""taker_side"":""yes"",""ticker"":""KXETH15M-26APR280315-15"",""trade_id"":""06430078-d1a9-4de8-8724-8d58a3469e72"",""yes_price_dollars"":""0.5600""}"
KXETH15M-26APR280315-15,b89f88e4-2965-51a8-995e-4ccf820c60c2,1777359702,0.56,1.0,yes,"{""count_fp"":""1.00"",""created_time"":""2026-04-28T07:01:42.649958Z"",""no_price_dollars"":""0.4400"",""taker_side"":""yes"",""ticker"":""KXETH15M-26APR280315-15"",""trade_id"":""b89f88e4-2965-51a8-995e-4ccf820c60c2"",""yes_price_dollars"":""0.5600""}"
KXETH15M-26APR280315-15,9fe31d6d-5eba-5bcd-930a-83da1ed97e72,1777359703,0.54,10.0,no,"{""count_fp"":""10.00"",""created_time"":""2026-04-28T07:01:43.348897Z"",""no_price_dollars"":""0.4600"",""taker_side"":""no"",""ticker"":""KXETH15M-26APR280315-15"",""trade_id"":""9fe31d6d-5eba-5bcd-930a-83da1ed97e72"",""yes_price_dollars"":""0.5400""}"
KXETH15M-26APR280315-15,c27558b3-faa8-5f5a-28e6-4db70186c2bb,1777359712,0.41,31.79,yes,"{""count_fp"":""31.79"",""created_time"":""2026-04-28T07:01:52.743133Z"",""no_price_dollars"":""0.5900"",""taker_side"":""yes"",""ticker"":""KXETH15M-26APR280315-15"",""trade_id"":""c27558b3-faa8-5f5a-28e6-4db70186c2bb"",""yes_price_dollars"":""0.4100""}"
KXETH15M-26APR280315-15,a6da5238-fb44-5976-2728-5f69f4d8d9b1,1777359712,0.41,1.0,yes,"{""count_fp"":""1.00"",""created_time"":""2026-04-28T07:01:52.743133Z"",""no_price_dollars"":""0.5900"",""taker_side"":""yes"",""ticker"":""KXETH15M-26APR280315-15"",""trade_id"":""a6da5238-fb44-5976-2728-5f69f4d8d9b1"",""yes_price_dollars"":""0.4100""}"
KXETH15M-26APR280315-15,fcda37c0-6f15-7977-3925-47a5055bb659,1777359719,0.45,1.74,no,"{""count_fp"":""1.74"",""created_time"":""2026-04-28T07:01:59.461371Z"",""no_price_dollars"":""0.5500"",""taker_side"":""no"",""ticker"":""KXETH15M-26APR280315-15"",""trade_id"":""fcda37c0-6f15-7977-3925-47a5055bb659"",""yes_price_dollars"":""0.4500""}"
KXETH15M-26APR280315-15,9536fad9-fce5-6777-1600-3f3d5d4e66c1,1777359720,0.45,2.0,no,"{""count_fp"":""2.00"",""created_time"":""2026-04-28T07:02:00.995691Z"",""no_price_dollars"":""0.5500"",""taker_side"":""no"",""ticker"":""KXETH15M-26APR280315-15"",""trade_id"":""9536fad9-fce5-6777-1600-3f3d5d4e66c1"",""yes_price_dollars"":""0.4500""}"
KXETH15M-26APR280315-15,4ffe727a-f0cb-7052-2e1c-24ba18092f75,1777359729,0.47,0.35,no,"{""count_fp"":""0.35"",""created_time"":""2026-04-28T07:02:09.975158Z"",""no_price_dollars"":""0.5300"",""taker_side"":""no"",""ticker"":""KXETH15M-26APR280315-15"",""trade_id"":""4ffe727a-f0cb-7052-2e1c-24ba18092f75"",""yes_price_dollars"":""0.4700""}"
KXETH15M-26APR280315-15,3ecc6385-0360-6032-e523-5944d4443215,1777359733,0.44,4.0,no,"{""count_fp"":""4.00"",""created_time"":""2026-04-28T07:02:13.698334Z"",""no_price_dollars"":""0.5600"",""taker_side"":""no"",""ticker"":""KXETH15M-26APR280315-15"",""trade_id"":""3ecc6385-0360-6032-e523-5944d4443215"",""yes_price_dollars"":""0.4400""}"
KXETH15M-26APR280315-15,cd1ba272-f74f-6f93-b83f-03263ab9bec1,1777359739,0.45,10.22,no,"{""count_fp"":""10.22"",""created_time"":""2026-04-28T07:02:19.316172Z"",""no_price_dollars"":""0.5500"",""taker_side"":""no"",""ticker"":""KXETH15M-26APR280315-15"",""trade_id"":""cd1ba272-f74f-6f93-b83f-03263ab9bec1"",""yes_price_dollars"":""0.4500""}"
KXETH15M-26APR280315-15,b17deec8-0f23-69ed-8f68-8d122478e3aa,1777359739,0.45,6.78,no,"{""count_fp"":""6.78"",""created_time"":""2026-04-28T07:02:19.316172Z"",""no_price_dollars"":""0.5500"",""taker_side"":""no"",""ticker"":""KXETH15M-26APR280315-15"",""trade_id"":""b17deec8-0f23-69ed-8f68-8d122478e3aa"",""yes_price_dollars"":""0.4500""}"
KXETH15M-26APR280315-15,4fdfe3a2-f695-72cc-3ce5-a1fbf60de5da,1777359755,0.48,0.94,no,"{""count_fp"":""0.94"",""created_time"":""2026-04-28T07:02:35.420342Z"",""no_price_dollars"":""0.5200"",""taker_side"":""no"",""ticker"":""KXETH15M-26APR280315-15"",""trade_id"":""4fdfe3a2-f695-72cc-3ce5-a1fbf60de5da"",""yes_price_dollars"":""0.4800""}"
KXETH15M-26APR280315-15,26e6bb74-b617-7693-0652-a42f61818e66,1777359762,0.48,40.0,yes,"{""count_fp"":""40.00"",""created_time"":""2026-04-28T07:02:42.656511Z"",""no_price_dollars"":""0.5200"",""taker_side"":""yes"",""ticker"":""KXETH15M-26APR280315-15"",""trade_id"":""26e6bb74-b617-7693-0652-a42f61818e66"",""yes_price_dollars"":""0.4800""}"
KXETH15M-26APR280315-15,70433925-dc57-46bc-5be3-9baa10762c9f,1777359764,0.48,5.48,no,"{""count_fp"":""5.48"",""created_time"":""2026-04-28T07:02:44.882025Z"",""no_price_dollars"":""0.5200"",""taker_side"":""no"",""ticker"":""KXETH15M-26APR280315-15"",""trade_id"":""70433925-dc57-46bc-5be3-9baa10762c9f"",""yes_price_dollars"":""0.4800""}"
KXETH15M-26APR280315-15,ac5c33ea-2597-4d3e-5379-3181839aa1b4,1777359769,0.5,1.0,yes,"{""count_fp"":""1.00"",""created_time"":""2026-04-28T07:02:49.150689Z"",""no_price_dollars"":""0.5000"",""taker_side"":""yes"",""ticker"":""KXETH15M-26APR280315-15"",""trade_id"":""ac5c33ea-2597-4d3e-5379-3181839aa1b4"",""yes_price_dollars"":""0.5000""}"
KXETH15M-26APR280315-15,51cc28e7-e12b-68d8-c0d9-c8ac4154bd12,1777359769,0.5,1.0,yes,"{""count_fp"":""1.00"",""created_time"":""2026-04-28T07:02:49.102811Z"",""no_price_dollars"":""0.5000"",""taker_side"":""yes"",""ticker"":""KXETH15M-26APR280315-15"",""trade_id"":""51cc28e7-e12b-68d8-c0d9-c8ac4154bd12"",""yes_price_dollars"":""0.5000""}"
KXETH15M-26APR280315-15,0b3e9e56-21aa-67c0-dae7-3ea91fb7b644,1777359769,0.5,2.79,yes,"{""count_fp"":""2.79"",""created_time"":""2026-04-28T07:02:49.102811Z"",""no_price_dollars"":""0.5000"",""taker_side"":""yes"",""ticker"":""KXETH15M-26APR280315-15"",""trade_id"":""0b3e9e56-21aa-67c0-dae7-3ea91fb7b644"",""yes_price_dollars"":""0.5000""}"
KXETH15M-26APR280315-15,d4832aba-b698-68f7-2247-0115e89d4048,1777359773,0.48,1.0,no,"{""count_fp"":""1.00"",""created_time"":""2026-04-28T07:02:53.449692Z"",""no_price_dollars"":""0.5200"",""taker_side"":""no"",""ticker"":""KXETH15M-26APR280315-15"",""trade_id"":""d4832aba-b698-68f7-2247-0115e89d4048"",""yes_price_dollars"":""0.4800""}"
KXETH15M-26APR280315-15,7cb47620-c6dd-6c23-088c-0898efa1b4e8,1777359773,0.48,6.17,no,"{""count_fp"":""6.17"",""created_time"":""2026-04-28T07:02:53.449692Z"",""no_price_dollars"":""0.5200"",""taker_side"":""no"",""ticker"":""KXETH15M-26APR280315-15"",""trade_id"":""7cb47620-c6dd-6c23-088c-0898efa1b4e8"",""yes_price_dollars"":""0.4800""}"
KXETH15M-26APR280315-15,a43b0fcf-5c21-5df9-2e9a-12accfd87e8b,1777359775,0.52,0.35,yes,"{""count_fp"":""0.35"",""created_time"":""2026-04-28T07:02:55.228707Z"",""no_price_dollars"":""0.4800"",""taker_side"":""yes"",""ticker"":""KXETH15M-26APR280315-15"",""trade_id"":""a43b0fcf-5c21-5df9-2e9a-12accfd87e8b"",""yes_price_dollars"":""0.5200""}"
KXETH15M-26APR280315-15,8a757df6-3129-6959-006d-d9fc436994cb,1777359779,0.52,9.0,yes,"{""count_fp"":""9.00"",""created_time"":""2026-04-28T07:02:59.671543Z"",""no_price_dollars"":""0.4800"",""taker_side"":""yes"",""ticker"":""KXETH15M-26APR280315-15"",""trade_id"":""8a757df6-3129-6959-006d-d9fc436994cb"",""yes_price_dollars"":""0.5200""}"
KXETH15M-26APR280315-15,562b7be7-64e4-6db2-1fb4-13ae284dc806,1777359779,0.51,2.0,yes,"{""count_fp"":""2.00"",""created_time"":""2026-04-28T07:02:59.671543Z"",""no_price_dollars"":""0.4900"",""taker_side"":""yes"",""ticker"":""KXETH15M-26APR280315-15"",""trade_id"":""562b7be7-64e4-6db2-1fb4-13ae284dc806"",""yes_price_dollars"":""0.5100""}"
KXETH15M-26APR280315-15,d38ad161-8417-4709-a12c-a73e1012b5a8,1777359801,0.51,1.0,yes,"{""count_fp"":""1.00"",""created_time"":""2026-04-28T07:03:21.646616Z"",""no_price_dollars"":""0.4900"",""taker_side"":""yes"",""ticker"":""KXETH15M-26APR280315-15"",""trade_id"":""d38ad161-8417-4709-a12c-a73e1012b5a8"",""yes_price_dollars"":""0.5100""}"
KXETH15M-26APR280315-15,cda47936-ba04-65a5-be81-9201768806af,1777359831,0.52,1.0,yes,"{""count_fp"":""1.00"",""created_time"":""2026-04-28T07:03:51.430421Z"",""no_price_dollars"":""0.4800"",""taker_side"":""yes"",""ticker"":""KXETH15M-26APR280315-15"",""trade_id"":""cda47936-ba04-65a5-be81-9201768806af"",""yes_price_dollars"":""0.5200""}"
KXETH15M-26APR280315-15,bd1ce03e-6c53-6de2-a023-01379eae59a0,1777359831,0.53,8.14,yes,"{""count_fp"":""8.14"",""created_time"":""2026-04-28T07:03:51.430421Z"",""no_price_dollars"":""0.4700"",""taker_side"":""yes"",""ticker"":""KXETH15M-26APR280315-15"",""trade_id"":""bd1ce03e-6c53-6de2-a023-01379eae59a0"",""yes_price_dollars"":""0.5300""}"
KXETH15M-26APR280315-15,103bc394-b469-6877-da26-ec5604ca08d3,1777359832,0.49,3.79,no,"{""count_fp"":""3.79"",""created_time"":""2026-04-28T07:03:52.001121Z"",""no_price_dollars"":""0.5100"",""taker_side"":""no"",""ticker"":""KXETH15M-26APR280315-15"",""trade_id"":""103bc394-b469-6877-da26-ec5604ca08d3"",""yes_price_dollars"":""0.4900""}"
KXETH15M-26APR280315-15,c2b16bc9-5fe8-77b9-c81e-8ab8d57c533a,1777359834,0.52,1.0,yes,"{""count_fp"":""1.00"",""created_time"":""2026-04-28T07:03:54.147395Z"",""no_price_dollars"":""0.4800"",""taker_side"":""yes"",""ticker"":""KXETH15M-26APR280315-15"",""trade_id"":""c2b16bc9-5fe8-77b9-c81e-8ab8d57c533a"",""yes_price_dollars"":""0.5200""}"
KXETH15M-26APR280315-15,ecadde33-ae90-5629-f03f-cb0368b952a4,1777359841,0.55,4.0,yes,"{""count_fp"":""4.00"",""created_time"":""2026-04-28T07:04:01.623674Z"",""no_price_dollars"":""0.4500"",""taker_side"":""yes"",""ticker"":""KXETH15M-26APR280315-15"",""trade_id"":""ecadde33-ae90-5629-f03f-cb0368b952a4"",""yes_price_dollars"":""0.5500""}"
KXETH15M-26APR280315-15,defdc4b0-48d1-5c14-eccd-185df84393a9,1777359841,0.55,1.0,yes,"{""count_fp"":""1.00"",""created_time"":""2026-04-28T07:04:01.623674Z"",""no_price_dollars"":""0.4500"",""taker_side"":""yes"",""ticker"":""KXETH15M-26APR280315-15"",""trade_id"":""defdc4b0-48d1-5c14-eccd-185df84393a9"",""yes_price_dollars"":""0.5500""}"
KXETH15M-26APR280315-15,d8549b1c-7021-5904-ceb7-089a8bd887d7,1777359841,0.54,5.0,yes,"{""count_fp"":""5.00"",""created_time"":""2026-04-28T07:04:01.623674Z"",""no_price_dollars"":""0.4600"",""taker_side"":""yes"",""ticker"":""KXETH15M-26APR280315-15"",""trade_id"":""d8549b1c-7021-5904-ceb7-089a8bd887d7"",""yes_price_dollars"":""0.5400""}"
KXETH15M-26APR280315-15,44d5be42-7930-5673-0080-ce90bba63767,1777359860,0.49,9.66,yes,"{""count_fp"":""9.66"",""created_time"":""2026-04-28T07:04:20.119387Z"",""no_price_dollars"":""0.5100"",""taker_side"":""yes"",""ticker"":""KXETH15M-26APR280315-15"",""trade_id"":""44d5be42-7930-5673-0080-ce90bba63767"",""yes_price_dollars"":""0.4900""}"
KXETH15M-26APR280315-15,1505cacd-dc61-6d67-028e-cf8dc4394a02,1777359866,0.49,1.0,yes,"{""count_fp"":""1.00"",""created_time"":""2026-04-28T07:04:26.149543Z"",""no_price_dollars"":""0.5100"",""taker_side"":""yes"",""ticker"":""KXETH15M-26APR280315-15"",""trade_id"":""1505cacd-dc61-6d67-028e-cf8dc4394a02"",""yes_price_dollars"":""0.4900""}"
KXETH15M-26APR280315-15,f61c5aea-72e4-609f-5f3d-ecf9366367eb,1777359885,0.48,32.84,yes,"{""count_fp"":""32.84"",""created_time"":""2026-04-28T07:04:45.237581Z"",""no_price_dollars"":""0.5200"",""taker_side"":""yes"",""ticker"":""KXETH15M-26APR280315-15"",""trade_id"":""f61c5aea-72e4-609f-5f3d-ecf9366367eb"",""yes_price_dollars"":""0.4800""}"
KXETH15M-26APR280315-15,cec96ed4-e280-63a6-79d1-610347724207,1777359885,0.47,10.0,yes,"{""count_fp"":""10.00"",""created_time"":""2026-04-28T07:04:45.237581Z"",""no_price_dollars"":""0.5300"",""taker_side"":""yes"",""ticker"":""KXETH15M-26APR280315-15"",""trade_id"":""cec96ed4-e280-63a6-79d1-610347724207"",""yes_price_dollars"":""0.4700""}"
KXETH15M-26APR280315-15,571d04c4-e83e-682d-791e-9af8c7808061,1777359885,0.47,3.0,yes,"{""count_fp"":""3.00"",""created_time"":""2026-04-28T07:04:45.237581Z"",""no_price_dollars"":""0.5300"",""taker_side"":""yes"",""ticker"":""KXETH15M-26APR280315-15"",""trade_id"":""571d04c4-e83e-682d-791e-9af8c7808061"",""yes_price_dollars"":""0.4700""}"
KXETH15M-26APR280315-15,0d166b1b-3787-5a64-a3d7-ff50408179f3,1777359900,0.46,1.0,yes,"{""count_fp"":""1.00"",""created_time"":""2026-04-28T07:05:00.154152Z"",""no_price_dollars"":""0.5400"",""taker_side"":""yes"",""ticker"":""KXETH15M-26APR280315-15"",""trade_id"":""0d166b1b-3787-5a64-a3d7-ff50408179f3"",""yes_price_dollars"":""0.4600""}"
KXETH15M-26APR280315-15,c869e12d-ba29-5089-5dc7-0c8c9a468dd3,1777359907,0.47,1.0,yes,"{""count_fp"":""1.00"",""created_time"":""2026-04-28T07:05:07.030491Z"",""no_price_dollars"":""0.5300"",""taker_side"":""yes"",""ticker"":""KXETH15M-26APR280315-15"",""trade_id"":""c869e12d-ba29-5089-5dc7-0c8c9a468dd3"",""yes_price_dollars"":""0.4700""}"
KXETH15M-26APR280315-15,ac7e8b71-a906-4f55-0e40-80b433a32797,1777359908,0.45,1.0,no,"{""count_fp"":""1.00"",""created_time"":""2026-04-28T07:05:08.652462Z"",""no_price_dollars"":""0.5500"",""taker_side"":""no"",""ticker"":""KXETH15M-26APR280315-15"",""trade_id"":""ac7e8b71-a906-4f55-0e40-80b433a32797"",""yes_price_dollars"":""0.4500""}"
KXETH15M-26APR280315-15,a8ab2c92-eb9a-459f-296e-669e240df8be,1777359908,0.45,1.52,no,"{""count_fp"":""1.52"",""created_time"":""2026-04-28T07:05:08.652462Z"",""no_price_dollars"":""0.5500"",""taker_side"":""no"",""ticker"":""KXETH15M-26APR280315-15"",""trade_id"":""a8ab2c92-eb9a-459f-296e-669e240df8be"",""yes_price_dollars"":""0.4500""}"
KXETH15M-26APR280315-15,159fbf08-d69a-4b6b-15a5-aee9ea0bac04,1777359908,0.45,1.0,no,"{""count_fp"":""1.00"",""created_time"":""2026-04-28T07:05:08.652462Z"",""no_price_dollars"":""0.5500"",""taker_side"":""no"",""ticker"":""KXETH15M-26APR280315-15"",""trade_id"":""159fbf08-d69a-4b6b-15a5-aee9ea0bac04"",""yes_price_dollars"":""0.4500""}"
KXETH15M-26APR280315-15,e0ac088a-06c6-4fd0-faee-c4e0cf5e7c15,1777359912,0.48,2.01,yes,"{""count_fp"":""2.01"",""created_time"":""2026-04-28T07:05:12.172302Z"",""no_price_dollars"":""0.5200"",""taker_side"":""yes"",""ticker"":""KXETH15M-26APR280315-15"",""trade_id"":""e0ac088a-06c6-4fd0-faee-c4e0cf5e7c15"",""yes_price_dollars"":""0.4800""}"
KXETH15M-26APR280315-15,6cbfc2dc-8d28-5e07-dda1-738e2b37e209,1777359917,0.45,1.0,no,"{""count_fp"":""1.00"",""created_time"":""2026-04-28T07:05:17.158013Z"",""no_price_dollars"":""0.5500"",""taker_side"":""no"",""ticker"":""KXETH15M-26APR280315-15"",""trade_id"":""6cbfc2dc-8d28-5e07-dda1-738e2b37e209"",""yes_price_dollars"":""0.4500""}"
KXETH15M-26APR280315-15,d0f5da67-a04e-5333-96d7-8e70d7ea445a,1777359920,0.44,10.0,no,"{""count_fp"":""10.00"",""created_time"":""2026-04-28T07:05:20.032244Z"",""no_price_dollars"":""0.5600"",""taker_side"":""no"",""ticker"":""KXETH15M-26APR280315-15"",""trade_id"":""d0f5da67-a04e-5333-96d7-8e70d7ea445a"",""yes_price_dollars"":""0.4400""}"
KXETH15M-26APR280315-15,8da3e0ef-4184-5c17-967d-ccc4d46eeb2b,1777359920,0.42,60.0,no,"{""count_fp"":""60.00"",""created_time"":""2026-04-28T07:05:20.032244Z"",""no_price_dollars"":""0.5800"",""taker_side"":""no"",""ticker"":""KXETH15M-26APR280315-15"",""trade_id"":""8da3e0ef-4184-5c17-967d-ccc4d46eeb2b"",""yes_price_dollars"":""0.4200""}"
KXETH15M-26APR280315-15,8686c02e-513f-561c-a48d-7f3c1b279067,1777359920,0.44,1.0,no,"{""count_fp"":""1.00"",""created_time"":""2026-04-28T07:05:20.032244Z"",""no_price_dollars"":""0.5600"",""taker_side"":""no"",""ticker"":""KXETH15M-26APR280315-15"",""trade_id"":""8686c02e-513f-561c-a48d-7f3c1b279067"",""yes_price_dollars"":""0.4400""}"
KXETH15M-26APR280315-15,8549426d-26a2-5a3e-9e1d-e1d4bc6a8378,1777359920,0.42,86.18,no,"{""count_fp"":""86.18"",""created_time"":""2026-04-28T07:05:20.032244Z"",""no_price_dollars"":""0.5800"",""taker_side"":""no"",""ticker"":""KXETH15M-26APR280315-15"",""trade_id"":""8549426d-26a2-5a3e-9e1d-e1d4bc6a8378"",""yes_price_dollars"":""0.4200""}"
KXETH15M-26APR280315-15,6d70842c-cffc-5a61-b8cb-1a52053e1cd6,1777359920,0.43,10.0,no,"{""count_fp"":""10.00"",""created_time"":""2026-04-28T07:05:20.032244Z"",""no_price_dollars"":""0.5700"",""taker_side"":""no"",""ticker"":""KXETH15M-26APR280315-15"",""trade_id"":""6d70842c-cffc-5a61-b8cb-1a52053e1cd6"",""yes_price_dollars"":""0.4300""}"
KXETH15M-26APR280315-15,3dd03600-6f21-5205-c0dd-370a809da2ad,1777359927,0.44,2.0,no,"{""count_fp"":""2.00"",""created_time"":""2026-04-28T07:05:27.220318Z"",""no_price_dollars"":""0.5600"",""taker_side"":""no"",""ticker"":""KXETH15M-26APR280315-15"",""trade_id"":""3dd03600-6f21-5205-c0dd-370a809da2ad"",""yes_price_dollars"":""0.4400""}"
KXETH15M-26APR280315-15,0a50f386-a158-5d21-fcf9-ebb6c4a14bae,1777359927,0.45,1.0,no,"{""count_fp"":""1.00"",""created_time"":""2026-04-28T07:05:27.220318Z"",""no_price_dollars"":""0.5500"",""taker_side"":""no"",""ticker"":""KXETH15M-26APR280315-15"",""trade_id"":""0a50f386-a158-5d21-fcf9-ebb6c4a14bae"",""yes_price_dollars"":""0.4500""}"
KXETH15M-26APR280315-15,e4f71cfa-550a-4434-5139-76b9dd6c9d8f,1777359929,0.49,1.0,yes,"{""count_fp"":""1.00"",""created_time"":""2026-04-28T07:05:29.740507Z"",""no_price_dollars"":""0.5100"",""taker_side"":""yes"",""ticker"":""KXETH15M-26APR280315-15"",""trade_id"":""e4f71cfa-550a-4434-5139-76b9dd6c9d8f"",""yes_price_dollars"":""0.4900""}"
KXETH15M-26APR280315-15,8843ad9e-6c0e-48fd-d467-83391132c0a4,1777359929,0.48,10.0,yes,"{""count_fp"":""10.00"",""created_time"":""2026-04-28T07:05:29.593049Z"",""no_price_dollars"":""0.5200"",""taker_side"":""yes"",""ticker"":""KXETH15M-26APR280315-15"",""trade_id"":""8843ad9e-6c0e-48fd-d467-83391132c0a4"",""yes_price_dollars"":""0.4800""}"
KXETH15M-26APR280315-15,d02b1fc0-aee6-4cf6-598c-392616d46426,1777359932,0.52,1.0,yes,"{""count_fp"":""1.00"",""created_time"":""2026-04-28T07:05:32.509933Z"",""no_price_dollars"":""0.4800"",""taker_side"":""yes"",""ticker"":""KXETH15M-26APR280315-15"",""trade_id"":""d02b1fc0-aee6-4cf6-598c-392616d46426"",""yes_price_dollars"":""0.5200""}"
KXETH15M-26APR280315-15,72dcda94-9a4b-4566-5a0f-2ec0642126c8,1777359932,0.56,10.0,yes,"{""count_fp"":""10.00"",""created_time"":""2026-04-28T07:05:32.509933Z"",""no_price_dollars"":""0.4400"",""taker_side"":""yes"",""ticker"":""KXETH15M-26APR280315-15"",""trade_id"":""72dcda94-9a4b-4566-5a0f-2ec0642126c8"",""yes_price_dollars"":""0.5600""}"
KXETH15M-26APR280315-15,642911e5-70a6-6916-01e2-3408eb504334,1777359932,0.51,85.34,no,"{""count_fp"":""85.34"",""created_time"":""2026-04-28T07:05:32.354952Z"",""no_price_dollars"":""0.4900"",""taker_side"":""no"",""ticker"":""KXETH15M-26APR280315-15"",""trade_id"":""642911e5-70a6-6916-01e2-3408eb504334"",""yes_price_dollars"":""0.5100""}"
KXETH15M-26APR280315-15,de38fa7e-e695-7f3d-379c-e897cdcc7da4,1777359933,0.49,50.0,no,"{""count_fp"":""50.00"",""created_time"":""2026-04-28T07:05:33.534603Z"",""no_price_dollars"":""0.5100"",""taker_side"":""no"",""ticker"":""KXETH15M-26APR280315-15"",""trade_id"":""de38fa7e-e695-7f3d-379c-e897cdcc7da4"",""yes_price_dollars"":""0.4900""}"
KXETH15M-26APR280315-15,e692ee99-9411-49ae-c847-11d2fe9f19eb,1777359933,0.51,10.0,no,"{""count_fp"":""10.00"",""created_time"":""2026-04-28T07:05:33.511067Z"",""no_price_dollars"":""0.4900"",""taker_side"":""no"",""ticker"":""KXETH15M-26APR280315-15"",""trade_id"":""e692ee99-9411-49ae-c847-11d2fe9f19eb"",""yes_price_dollars"":""0.5100""}"
KXETH15M-26APR280315-15,1e0f4de4-9bb5-704b-ec30-6ab5cd4a482c,1777359933,0.55,100.0,no,"{""count_fp"":""100.00"",""created_time"":""2026-04-28T07:05:33.224063Z"",""no_price_dollars"":""0.4500"",""taker_side"":""no"",""ticker"":""KXETH15M-26APR280315-15"",""trade_id"":""1e0f4de4-9bb5-704b-ec30-6ab5cd4a482c"",""yes_price_dollars"":""0.5500""}"
KXETH15M-26APR280315-15,e00a3a63-d7fd-42c8-fff1-d24dfa64766a,1777359934,0.45,1.0,no,"{""count_fp"":""1.00"",""created_time"":""2026-04-28T07:05:34.774804Z"",""no_price_dollars"":""0.5500"",""taker_side"":""no"",""ticker"":""KXETH15M-26APR280315-15"",""trade_id"":""e00a3a63-d7fd-42c8-fff1-d24dfa64766a"",""yes_price_dollars"":""0.4500""}"
KXETH15M-26APR280315-15,30ec0663-7351-7b0e-11c5-baf8628e7470,1777359939,0.45,1.0,no,"{""count_fp"":""1.00"",""created_time"":""2026-04-28T07:05:39.249404Z"",""no_price_dollars"":""0.5500"",""taker_side"":""no"",""ticker"":""KXETH15M-26APR280315-15"",""trade_id"":""30ec0663-7351-7b0e-11c5-baf8628e7470"",""yes_price_dollars"":""0.4500""}"
KXETH15M-26APR280315-15,5ee0c2a1-a776-5a91-0bf3-1e9206532519,1777359943,0.47,24.0,no,"{""count_fp"":""24.00"",""created_time"":""2026-04-28T07:05:43.543952Z"",""no_price_dollars"":""0.5300"",""taker_side"":""no"",""ticker"":""KXETH15M-26APR280315-15"",""trade_id"":""5ee0c2a1-a776-5a91-0bf3-1e9206532519"",""yes_price_dollars"":""0.4700""}"
KXETH15M-26APR280315-15,8be8c41c-3bb8-47c8-1bb7-09cf370b4304,1777359951,0.5,10.0,yes,"{""count_fp"":""10.00"",""created_time"":""2026-04-28T07:05:51.282063Z"",""no_price_dollars"":""0.5000"",""taker_side"":""yes"",""ticker"":""KXETH15M-26APR280315-15"",""trade_id"":""8be8c41c-3bb8-47c8-1bb7-09cf370b4304"",""yes_price_dollars"":""0.5000""}"
KXETH15M-26APR280315-15,43b56987-3a9f-41a1-3bf8-549013863d67,1777359951,0.5,1.0,yes,"{""count_fp"":""1.00"",""created_time"":""2026-04-28T07:05:51.282063Z"",""no_price_dollars"":""0.5000"",""taker_side"":""yes"",""ticker"":""KXETH15M-26APR280315-15"",""trade_id"":""43b56987-3a9f-41a1-3bf8-549013863d67"",""yes_price_dollars"":""0.5000""}"
KXETH15M-26APR280315-15,31728039-9927-47ce-1c60-34ea62587b1f,1777359951,0.5,10.0,yes,"{""count_fp"":""10.00"",""created_time"":""2026-04-28T07:05:51.282063Z"",""no_price_dollars"":""0.5000"",""taker_side"":""yes"",""ticker"":""KXETH15M-26APR280315-15"",""trade_id"":""31728039-9927-47ce-1c60-34ea62587b1f"",""yes_price_dollars"":""0.5000""}"
KXETH15M-26APR280315-15,68d1515c-d003-4771-6884-46f5bfbbb550,1777359955,0.48,1.0,no,"{""count_fp"":""1.00"",""created_time"":""2026-04-28T07:05:55.784543Z"",""no_price_dollars"":""0.5200"",""taker_side"":""no"",""ticker"":""KXETH15M-26APR280315-15"",""trade_id"":""68d1515c-d003-4771-6884-46f5bfbbb550"",""yes_price_dollars"":""0.4800""}"
KXETH15M-26APR280315-15,578961dd-e56a-6bb8-7367-060dc66c8539,1777359965,0.5,1.0,yes,"{""count_fp"":""1.00"",""created_time"":""2026-04-28T07:06:05.646406Z"",""no_price_dollars"":""0.5000"",""taker_side"":""yes"",""ticker"":""KXETH15M-26APR280315-15"",""trade_id"":""578961dd-e56a-6bb8-7367-060dc66c8539"",""yes_price_dollars"":""0.5000""}"
KXETH15M-26APR280315-15,979c9ab7-a0d2-7691-5af2-936d212982d9,1777359967,0.51,1.0,no,"{""count_fp"":""1.00"",""created_time"":""2026-04-28T07:06:07.381945Z"",""no_price_dollars"":""0.4900"",""taker_side"":""no"",""ticker"":""KXETH15M-26APR280315-15"",""trade_id"":""979c9ab7-a0d2-7691-5af2-936d212982d9"",""yes_price_dollars"":""0.5100""}"
KXETH15M-26APR280315-15,05ba0a06-36ee-48ad-f09e-34078ddf4cf1,1777359969,0.51,199.01,no,"{""count_fp"":""199.01"",""created_time"":""2026-04-28T07:06:09.915131Z"",""no_price_dollars"":""0.4900"",""taker_side"":""no"",""ticker"":""KXETH15M-26APR280315-15"",""trade_id"":""05ba0a06-36ee-48ad-f09e-34078ddf4cf1"",""yes_price_dollars"":""0.5100""}"
KXETH15M-26APR280315-15,bf4a0a55-f702-410a-8264-683e704affdc,1777359973,0.6,10.0,yes,"{""count_fp"":""10.00"",""created_time"":""2026-04-28T07:06:13.037634Z"",""no_price_dollars"":""0.4000"",""taker_side"":""yes"",""ticker"":""KXETH15M-26APR280315-15"",""trade_id"":""bf4a0a55-f702-410a-8264-683e704affdc"",""yes_price_dollars"":""0.6000""}"
KXETH15M-26APR280315-15,b897c508-1f62-441e-b6e2-7a5d39b26b5a,1777359973,0.58,10.0,yes,"{""count_fp"":""10.00"",""created_time"":""2026-04-28T07:06:13.037634Z"",""no_price_dollars"":""0.4200"",""taker_side"":""yes"",""ticker"":""KXETH15M-26APR280315-15"",""trade_id"":""b897c508-1f62-441e-b6e2-7a5d39b26b5a"",""yes_price_dollars"":""0.5800""}"
KXETH15M-26APR280315-15,8df46ac0-460d-4c5c-8044-ae48b5effcd3,1777359973,0.59,1.0,yes,"{""count_fp"":""1.00"",""created_time"":""2026-04-28T07:06:13.037634Z"",""no_price_dollars"":""0.4100"",""taker_side"":""yes"",""ticker"":""KXETH15M-26APR280315-15"",""trade_id"":""8df46ac0-460d-4c5c-8044-ae48b5effcd3"",""yes_price_dollars"":""0.5900""}"
KXETH15M-26APR280315-15,366aebfe-7cd7-4341-835e-2e6154c5dc75,1777359973,0.59,10.0,yes,"{""count_fp"":""10.00"",""created_time"":""2026-04-28T07:06:13.037634Z"",""no_price_dollars"":""0.4100"",""taker_side"":""yes"",""ticker"":""KXETH15M-26APR280315-15"",""trade_id"":""366aebfe-7cd7-4341-835e-2e6154c5dc75"",""yes_price_dollars"":""0.5900""}"
KXETH15M-26APR280315-15,15040eec-cd21-43ad-1393-6f8f45e2f726,1777359981,0.6,1.0,yes,"{""count_fp"":""1.00"",""created_time"":""2026-04-28T07:06:21.984171Z"",""no_price_dollars"":""0.4000"",""taker_side"":""yes"",""ticker"":""KXETH15M-26APR280315-15"",""trade_id"":""15040eec-cd21-43ad-1393-6f8f45e2f726"",""yes_price_dollars"":""0.6000""}"
KXETH15M-26APR280315-15,9afaf84b-5452-79ad-3eb4-1a3708a62b85,1777359982,0.59,1.0,no,"{""count_fp"":""1.00"",""created_time"":""2026-04-28T07:06:22.116702Z"",""no_price_dollars"":""0.4100"",""taker_side"":""no"",""ticker"":""KXETH15M-26APR280315-15"",""trade_id"":""9afaf84b-5452-79ad-3eb4-1a3708a62b85"",""yes_price_dollars"":""0.5900""}"
KXETH15M-26APR280315-15,ee692f65-e4e0-6796-cf0f-6f49a6f68771,1777359992,0.61,10.0,yes,"{""count_fp"":""10.00"",""created_time"":""2026-04-28T07:06:32.647604Z"",""no_price_dollars"":""0.3900"",""taker_side"":""yes"",""ticker"":""KXETH15M-26APR280315-15"",""trade_id"":""ee692f65-e4e0-6796-cf0f-6f49a6f68771"",""yes_price_dollars"":""0.6100""}"
KXETH15M-26APR280315-15,bf583e7d-5f16-7fe5-5e96-1cb83e6a1bf1,1777359995,0.59,2.01,no,"{""count_fp"":""2.01"",""created_time"":""2026-04-28T07:06:35.753751Z"",""no_price_dollars"":""0.4100"",""taker_side"":""no"",""ticker"":""KXETH15M-26APR280315-15"",""trade_id"":""bf583e7d-5f16-7fe5-5e96-1cb83e6a1bf1"",""yes_price_dollars"":""0.5900""}"
KXETH15M-26APR280315-15,83314e47-1715-6c81-94ee-dad171326dab,1777359995,0.6,2.39,no,"{""count_fp"":""2.39"",""created_time"":""2026-04-28T07:06:35.615193Z"",""no_price_dollars"":""0.4000"",""taker_side"":""no"",""ticker"":""KXETH15M-26APR280315-15"",""trade_id"":""83314e47-1715-6c81-94ee-dad171326dab"",""yes_price_dollars"":""0.6000""}"
KXETH15M-26APR280315-15,77fcccfb-52a6-45c1-2109-6260c94f45e7,1777360000,0.6,1.0,yes,"{""count_fp"":""1.00"",""created_time"":""2026-04-28T07:06:40.148776Z"",""no_price_dollars"":""0.4000"",""taker_side"":""yes"",""ticker"":""KXETH15M-26APR280315-15"",""trade_id"":""77fcccfb-52a6-45c1-2109-6260c94f45e7"",""yes_price_dollars"":""0.6000""}"
KXETH15M-26APR280315-15,f6814fc9-74ff-7705-8bf1-15fe890831f6,1777360001,0.56,4.57,no,"{""count_fp"":""4.57"",""created_time"":""2026-04-28T07:06:41.552975Z"",""no_price_dollars"":""0.4400"",""taker_side"":""no"",""ticker"":""KXETH15M-26APR280315-15"",""trade_id"":""f6814fc9-74ff-7705-8bf1-15fe890831f6"",""yes_price_dollars"":""0.5600""}"
KXETH15M-26APR280315-15,e3175893-5a81-7e44-93fa-7833d908bd66,1777360001,0.57,10.0,no,"{""count_fp"":""10.00"",""created_time"":""2026-04-28T07:06:41.552975Z"",""no_price_dollars"":""0.4300"",""taker_side"":""no"",""ticker"":""KXETH15M-26APR280315-15"",""trade_id"":""e3175893-5a81-7e44-93fa-7833d908bd66"",""yes_price_dollars"":""0.5700""}"
KXETH15M-26APR280315-15,81224eca-1826-7e97-b677-a119b101eb22,1777360001,0.59,1.0,no,"{""count_fp"":""1.00"",""created_time"":""2026-04-28T07:06:41.552975Z"",""no_price_dollars"":""0.4100"",""taker_side"":""no"",""ticker"":""KXETH15M-26APR280315-15"",""trade_id"":""81224eca-1826-7e97-b677-a119b101eb22"",""yes_price_dollars"":""0.5900""}"
KXETH15M-26APR280315-15,e3ecccdc-a226-7781-0b29-80749f4fa5fb,1777360027,0.55,9.11,yes,"{""count_fp"":""9.11"",""created_time"":""2026-04-28T07:07:07.232133Z"",""no_price_dollars"":""0.4500"",""taker_side"":""yes"",""ticker"":""KXETH15M-26APR280315-15"",""trade_id"":""e3ecccdc-a226-7781-0b29-80749f4fa5fb"",""yes_price_dollars"":""0.5500""}"
KXETH15M-26APR280315-15,8a5e89ec-5246-7722-272a-ac2e5e8abb8e,1777360027,0.56,0.89,yes,"{""count_fp"":""0.89"",""created_time"":""2026-04-28T07:07:07.232133Z"",""no_price_dollars"":""0.4400"",""taker_side"":""yes"",""ticker"":""KXETH15M-26APR280315-15"",""trade_id"":""8a5e89ec-5246-7722-272a-ac2e5e8abb8e"",""yes_price_dollars"":""0.5600""}"
KXETH15M-26APR280315-15,2df9fcab-35d9-71cf-33ff-174aebb09263,1777360027,0.55,1.0,yes,"{""count_fp"":""1.00"",""created_time"":""2026-04-28T07:07:07.232133Z"",""no_price_dollars"":""0.4500"",""taker_side"":""yes"",""ticker"":""KXETH15M-26APR280315-15"",""trade_id"":""2df9fcab-35d9-71cf-33ff-174aebb09263"",""yes_price_dollars"":""0.5500""}"
KXETH15M-26APR280315-15,6751e7b4-113e-5147-8bf2-67e2ffa8981e,1777360028,0.52,10.0,no,"{""count_fp"":""10.00"",""created_time"":""2026-04-28T07:07:08.625485Z"",""no_price_dollars"":""0.4800"",""taker_side"":""no"",""ticker"":""KXETH15M-26APR280315-15"",""trade_id"":""6751e7b4-113e-5147-8bf2-67e2ffa8981e"",""yes_price_dollars"":""0.5200""}"
KXETH15M-26APR280315-15,ac7ad495-8b12-535a-bca5-d82ed790f062,1777360033,0.52,1.0,yes,"{""count_fp"":""1.00"",""created_time"":""2026-04-28T07:07:13.147869Z"",""no_price_dollars"":""0.4800"",""taker_side"":""yes"",""ticker"":""KXETH15M-26APR280315-15"",""trade_id"":""ac7ad495-8b12-535a-bca5-d82ed790f062"",""yes_price_dollars"":""0.5200""}"
KXETH15M-26APR280315-15,647f2064-672f-7025-877f-e06c5b984ecf,1777360035,0.47,9.78,no,"{""count_fp"":""9.78"",""created_time"":""2026-04-28T07:07:15.336496Z"",""no_price_dollars"":""0.5300"",""taker_side"":""no"",""ticker"":""KXETH15M-26APR280315-15"",""trade_id"":""647f2064-672f-7025-877f-e06c5b984ecf"",""yes_price_dollars"":""0.4700""}"
KXETH15M-26APR280315-15,2c70aff0-a414-7ff2-b674-233b0899f480,1777360035,0.47,9.22,no,"{""count_fp"":""9.22"",""created_time"":""2026-04-28T07:07:15.336496Z"",""no_price_dollars"":""0.5300"",""taker_side"":""no"",""ticker"":""KXETH15M-26APR280315-15"",""trade_id"":""2c70aff0-a414-7ff2-b674-233b0899f480"",""yes_price_dollars"":""0.4700""}"
KXETH15M-26APR280315-15,ca984e84-c9b1-6877-a302-9dc65a64712f,1777360042,0.38,60.0,yes,"{""count_fp"":""60.00"",""created_time"":""2026-04-28T07:07:22.527553Z"",""no_price_dollars"":""0.6200"",""taker_side"":""yes"",""ticker"":""KXETH15M-26APR280315-15"",""trade_id"":""ca984e84-c9b1-6877-a302-9dc65a64712f"",""yes_price_dollars"":""0.3800""}"
KXETH15M-26APR280315-15,33e97a96-0b83-61f7-7c5e-045ce4589be5,1777360042,0.4,5.0,no,"{""count_fp"":""5.00"",""created_time"":""2026-04-28T07:07:22.386366Z"",""no_price_dollars"":""0.6000"",""taker_side"":""no"",""ticker"":""KXETH15M-26APR280315-15"",""trade_id"":""33e97a96-0b83-61f7-7c5e-045ce4589be5"",""yes_price_dollars"":""0.4000""}"
KXETH15M-26APR280315-15,027c4838-b44d-7abd-486a-371873394b52,1777360050,0.36,10.0,no,"{""count_fp"":""10.00"",""created_time"":""2026-04-28T07:07:30.266481Z"",""no_price_dollars"":""0.6400"",""taker_side"":""no"",""ticker"":""KXETH15M-26APR280315-15"",""trade_id"":""027c4838-b44d-7abd-486a-371873394b52"",""yes_price_dollars"":""0.3600""}"
KXETH15M-26APR280315-15,8bfb78ff-81f0-54ab-af47-0a3443c4aa64,1777360054,0.33,10.0,no,"{""count_fp"":""10.00"",""created_time"":""2026-04-28T07:07:34.296905Z"",""no_price_dollars"":""0.6700"",""taker_side"":""no"",""ticker"":""KXETH15M-26APR280315-15"",""trade_id"":""8bfb78ff-81f0-54ab-af47-0a3443c4aa64"",""yes_price_dollars"":""0.3300""}"
KXETH15M-26APR280315-15,5d665545-2cef-5353-b7c5-1085e903e51a,1777360054,0.33,10.0,no,"{""count_fp"":""10.00"",""created_time"":""2026-04-28T07:07:34.296905Z"",""no_price_dollars"":""0.6700"",""taker_side"":""no"",""ticker"":""KXETH15M-26APR280315-15"",""trade_id"":""5d665545-2cef-5353-b7c5-1085e903e51a"",""yes_price_dollars"":""0.3300""}"
KXETH15M-26APR280315-15,edd24638-627a-772a-e4df-acf226c11de2,1777360056,0.34,5.0,yes,"{""count_fp"":""5.00"",""created_time"":""2026-04-28T07:07:36.514837Z"",""no_price_dollars"":""0.6600"",""taker_side"":""yes"",""ticker"":""KXETH15M-26APR280315-15"",""trade_id"":""edd24638-627a-772a-e4df-acf226c11de2"",""yes_price_dollars"":""0.3400""}"
KXETH15M-26APR280315-15,e267f8e0-8286-6cde-cd52-e4310435cfee,1777360056,0.34,7.44,yes,"{""count_fp"":""7.44"",""created_time"":""2026-04-28T07:07:36.267018Z"",""no_price_dollars"":""0.6600"",""taker_side"":""yes"",""ticker"":""KXETH15M-26APR280315-15"",""trade_id"":""e267f8e0-8286-6cde-cd52-e4310435cfee"",""yes_price_dollars"":""0.3400""}"
KXETH15M-26APR280315-15,78359d65-5831-5247-14ce-f1d271305997,1777360059,0.31,1.0,yes,"{""count_fp"":""1.00"",""created_time"":""2026-04-28T07:07:39.395628Z"",""no_price_dollars"":""0.6900"",""taker_side"":""yes"",""ticker"":""KXETH15M-26APR280315-15"",""trade_id"":""78359d65-5831-5247-14ce-f1d271305997"",""yes_price_dollars"":""0.3100""}"
KXETH15M-26APR280315-15,157c729a-4563-7dd8-8595-f8bc88704d02,1777360061,0.31,2.39,yes,"{""count_fp"":""2.39"",""created_time"":""2026-04-28T07:07:41.109665Z"",""no_price_dollars"":""0.6900"",""taker_side"":""yes"",""ticker"":""KXETH15M-26APR280315-15"",""trade_id"":""157c729a-4563-7dd8-8595-f8bc88704d02"",""yes_price_dollars"":""0.3100""}"
KXETH15M-26APR280315-15,fb2a2942-0a9b-5038-37b3-c9c8347a3dfa,1777360061,0.31,7.0,yes,"{""count_fp"":""7.00"",""created_time"":""2026-04-28T07:07:41.076946Z"",""no_price_dollars"":""0.6900"",""taker_side"":""yes"",""ticker"":""KXETH15M-26APR280315-15"",""trade_id"":""fb2a2942-0a9b-5038-37b3-c9c8347a3dfa"",""yes_price_dollars"":""0.3100""}"
KXETH15M-26APR280315-15,915600e9-33fd-72c2-6e27-6d97c2d56273,1777360062,0.3,1.0,no,"{""count_fp"":""1.00"",""created_time"":""2026-04-28T07:07:42.066336Z"",""no_price_dollars"":""0.7000"",""taker_side"":""no"",""ticker"":""KXETH15M-26APR280315-15"",""trade_id"":""915600e9-33fd-72c2-6e27-6d97c2d56273"",""yes_price_dollars"":""0.3000""}"
KXETH15M-26APR280315-15,55b27d51-7897-7d48-4384-ce77f5ff54e4,1777360062,0.3,60.0,no,"{""count_fp"":""60.00"",""created_time"":""2026-04-28T07:07:42.066336Z"",""no_price_dollars"":""0.7000"",""taker_side"":""no"",""ticker"":""KXETH15M-26APR280315-15"",""trade_id"":""55b27d51-7897-7d48-4384-ce77f5ff54e4"",""yes_price_dollars"":""0.3000""}"
KXETH15M-26APR280315-15,05cb50b7-315c-7722-5b89-0b04a3a90b9c,1777360062,0.3,4.0,no,"{""count_fp"":""4.00"",""created_time"":""2026-04-28T07:07:42.066336Z"",""no_price_dollars"":""0.7000"",""taker_side"":""no"",""ticker"":""KXETH15M-26APR280315-15"",""trade_id"":""05cb50b7-315c-7722-5b89-0b04a3a90b9c"",""yes_price_dollars"":""0.3000""}"
KXETH15M-26APR280315-15,fbfa0fa5-f11c-4d7b-a16f-a1e8a7f92d37,1777360065,0.28,1.0,no,"{""count_fp"":""1.00"",""created_time"":""2026-04-28T07:07:45.919487Z"",""no_price_dollars"":""0.7200"",""taker_side"":""no"",""ticker"":""KXETH15M-26APR280315-15"",""trade_id"":""fbfa0fa5-f11c-4d7b-a16f-a1e8a7f92d37"",""yes_price_dollars"":""0.2800""}"
KXETH15M-26APR280315-15,a5852db4-e308-6d51-c76a-27b9eec74aac,1777360066,0.25,5.0,no,"{""count_fp"":""5.00"",""created_time"":""2026-04-28T07:07:46.817676Z"",""no_price_dollars"":""0.7500"",""taker_side"":""no"",""ticker"":""KXETH15M-26APR280315-15"",""trade_id"":""a5852db4-e308-6d51-c76a-27b9eec74aac"",""yes_price_dollars"":""0.2500""}"
KXETH15M-26APR280315-15,0989681d-1f5b-69c6-cbd6-df21d234051f,1777360066,0.24,7.0,no,"{""count_fp"":""7.00"",""created_time"":""2026-04-28T07:07:46.817676Z"",""no_price_dollars"":""0.7600"",""taker_side"":""no"",""ticker"":""KXETH15M-26APR280315-15"",""trade_id"":""0989681d-1f5b-69c6-cbd6-df21d234051f"",""yes_price_dollars"":""0.2400""}"
KXETH15M-26APR280315-15,cd80d358-f7e3-5f3e-b6a8-70249245f0cb,1777360069,0.23,3.0,no,"{""count_fp"":""3.00"",""created_time"":""2026-04-28T07:07:49.999403Z"",""no_price_dollars"":""0.7700"",""taker_side"":""no"",""ticker"":""KXETH15M-26APR280315-15"",""trade_id"":""cd80d358-f7e3-5f3e-b6a8-70249245f0cb"",""yes_price_dollars"":""0.2300""}"
KXETH15M-26APR280315-15,13625689-e01d-6d5f-08ed-2f93a061be17,1777360070,0.26,1.74,yes,"{""count_fp"":""1.74"",""created_time"":""2026-04-28T07:07:50.971114Z"",""no_price_dollars"":""0.7400"",""taker_side"":""yes"",""ticker"":""KXETH15M-26APR280315-15"",""trade_id"":""13625689-e01d-6d5f-08ed-2f93a061be17"",""yes_price_dollars"":""0.2600""}"
KXETH15M-26APR280315-15,d6bffc4b-4839-43aa-290a-29de2bfaedf9,1777360079,0.21,6.0,no,"{""count_fp"":""6.00"",""created_time"":""2026-04-28T07:07:59.452868Z"",""no_price_dollars"":""0.7900"",""taker_side"":""no"",""ticker"":""KXETH15M-26APR280315-15"",""trade_id"":""d6bffc4b-4839-43aa-290a-29de2bfaedf9"",""yes_price_dollars"":""0.2100""}"
KXETH15M-26APR280315-15,404aa1e1-4246-6009-6de1-42666dd408fa,1777360080,0.22,5.0,no,"{""count_fp"":""5.00"",""created_time"":""2026-04-28T07:08:00.918862Z"",""no_price_dollars"":""0.7800"",""taker_side"":""no"",""ticker"":""KXETH15M-26APR280315-15"",""trade_id"":""404aa1e1-4246-6009-6de1-42666dd408fa"",""yes_price_dollars"":""0.2200""}"
KXETH15M-26APR280315-15,94cfa079-8e0d-69d8-4c57-5d3d68dcc445,1777360080,0.22,4.0,no,"{""count_fp"":""4.00"",""created_time"":""2026-04-28T07:08:00.636739Z"",""no_price_dollars"":""0.7800"",""taker_side"":""no"",""ticker"":""KXETH15M-26APR280315-15"",""trade_id"":""94cfa079-8e0d-69d8-4c57-5d3d68dcc445"",""yes_price_dollars"":""0.2200""}"
KXETH15M-26APR280315-15,666b06b5-9708-677e-609b-78e6dc41ee14,1777360080,0.22,3.0,no,"{""count_fp"":""3.00"",""created_time"":""2026-04-28T07:08:00.636739Z"",""no_price_dollars"":""0.7800"",""taker_side"":""no"",""ticker"":""KXETH15M-26APR280315-15"",""trade_id"":""666b06b5-9708-677e-609b-78e6dc41ee14"",""yes_price_dollars"":""0.2200""}"
KXETH15M-26APR280315-15,2371e8d0-6bc9-5d63-46b2-8d52324328b0,1777360080,0.25,20.0,yes,"{""count_fp"":""20.00"",""created_time"":""2026-04-28T07:08:00.568036Z"",""no_price_dollars"":""0.7500"",""taker_side"":""yes"",""ticker"":""KXETH15M-26APR280315-15"",""trade_id"":""2371e8d0-6bc9-5d63-46b2-8d52324328b0"",""yes_price_dollars"":""0.2500""}"
KXETH15M-26APR280315-15,b645e5ab-80c8-578e-274e-a72765a03cac,1777360080,0.22,7.0,no,"{""count_fp"":""7.00"",""created_time"":""2026-04-28T07:08:00.549Z"",""no_price_dollars"":""0.7800"",""taker_side"":""no"",""ticker"":""KXETH15M-26APR280315-15"",""trade_id"":""b645e5ab-80c8-578e-274e-a72765a03cac"",""yes_price_dollars"":""0.2200""}"
KXETH15M-26APR280315-15,c653441f-7e7d-7f92-ecde-5a2a869a20be,1777360081,0.21,4.0,no,"{""count_fp"":""4.00"",""created_time"":""2026-04-28T07:08:01.509928Z"",""no_price_dollars"":""0.7900"",""taker_side"":""no"",""ticker"":""KXETH15M-26APR280315-15"",""trade_id"":""c653441f-7e7d-7f92-ecde-5a2a869a20be"",""yes_price_dollars"":""0.2100""}"
KXETH15M-26APR280315-15,1aea9505-8774-799f-ec69-3bf2015c3287,1777360081,0.22,1.0,no,"{""count_fp"":""1.00"",""created_time"":""2026-04-28T07:08:01.509928Z"",""no_price_dollars"":""0.7800"",""taker_side"":""no"",""ticker"":""KXETH15M-26APR280315-15"",""trade_id"":""1aea9505-8774-799f-ec69-3bf2015c3287"",""yes_price_dollars"":""0.2200""}"
KXETH15M-26APR280315-15,f8a30916-3716-7be0-f817-7c5bfd430934,1777360084,0.29,10.0,yes,"{""count_fp"":""10.00"",""created_time"":""2026-04-28T07:08:04.202249Z"",""no_price_dollars"":""0.7100"",""taker_side"":""yes"",""ticker"":""KXETH15M-26APR280315-15"",""trade_id"":""f8a30916-3716-7be0-f817-7c5bfd430934"",""yes_price_dollars"":""0.2900""}"
KXETH15M-26APR280315-15,ed0069ac-bbfa-4f64-b2c1-b380162cdc5d,1777360084,0.26,2.0,yes,"{""count_fp"":""2.00"",""created_time"":""2026-04-28T07:08:04.095277Z"",""no_price_dollars"":""0.7400"",""taker_side"":""yes"",""ticker"":""KXETH15M-26APR280315-15"",""trade_id"":""ed0069ac-bbfa-4f64-b2c1-b380162cdc5d"",""yes_price_dollars"":""0.2600""}"
KXETH15M-26APR280315-15,4a9f2775-b67a-4936-50b8-fc783680f44f,1777360085,0.3,6.0,no,"{""count_fp"":""6.00"",""created_time"":""2026-04-28T07:08:05.678565Z"",""no_price_dollars"":""0.7000"",""taker_side"":""no"",""ticker"":""KXETH15M-26APR280315-15"",""trade_id"":""4a9f2775-b67a-4936-50b8-fc783680f44f"",""yes_price_dollars"":""0.3000""}"
KXETH15M-26APR280315-15,74c923e4-0f0b-4b4a-bf20-e4c7ef951e5f,1777360085,0.3,3.0,no,"{""count_fp"":""3.00"",""created_time"":""2026-04-28T07:08:05.226548Z"",""no_price_dollars"":""0.7000"",""taker_side"":""no"",""ticker"":""KXETH15M-26APR280315-15"",""trade_id"":""74c923e4-0f0b-4b4a-bf20-e4c7ef951e5f"",""yes_price_dollars"":""0.3000""}"
KXETH15M-26APR280315-15,6779eb05-65a2-4d42-b9d1-5c7e6ab2ccd7,1777360085,0.3,128.0,no,"{""count_fp"":""128.00"",""created_time"":""2026-04-28T07:08:05.226548Z"",""no_price_dollars"":""0.7000"",""taker_side"":""no"",""ticker"":""KXETH15M-26APR280315-15"",""trade_id"":""6779eb05-65a2-4d42-b9d1-5c7e6ab2ccd7"",""yes_price_dollars"":""0.3000""}"
KXETH15M-26APR280315-15,51e8ed53-e121-4e4e-b3cc-899e0f23b1e0,1777360085,0.3,9.0,no,"{""count_fp"":""9.00"",""created_time"":""2026-04-28T07:08:05.226548Z"",""no_price_dollars"":""0.7000"",""taker_side"":""no"",""ticker"":""KXETH15M-26APR280315-15"",""trade_id"":""51e8ed53-e121-4e4e-b3cc-899e0f23b1e0"",""yes_price_dollars"":""0.3000""}"
KXETH15M-26APR280315-15,629d0ba9-397a-5afe-1d6b-15fbca87c75f,1777360086,0.3,11.0,no,"{""count_fp"":""11.00"",""created_time"":""2026-04-28T07:08:06.869894Z"",""no_price_dollars"":""0.7000"",""taker_side"":""no"",""ticker"":""KXETH15M-26APR280315-15"",""trade_id"":""629d0ba9-397a-5afe-1d6b-15fbca87c75f"",""yes_price_dollars"":""0.3000""}"
KXETH15M-26APR280315-15,80d2e800-5bfa-51c2-47ea-8fb52547c2bf,1777360087,0.31,1.0,no,"{""count_fp"":""1.00"",""created_time"":""2026-04-28T07:08:07.812309Z"",""no_price_dollars"":""0.6900"",""taker_side"":""no"",""ticker"":""KXETH15M-26APR280315-15"",""trade_id"":""80d2e800-5bfa-51c2-47ea-8fb52547c2bf"",""yes_price_dollars"":""0.3100""}"
KXETH15M-26APR280315-15,4b5d15be-6b8a-4432-efe1-e032b6364a8f,1777360088,0.33,2.09,no,"{""count_fp"":""2.09"",""created_time"":""2026-04-28T07:08:08.543712Z"",""no_price_dollars"":""0.6700"",""taker_side"":""no"",""ticker"":""KXETH15M-26APR280315-15"",""trade_id"":""4b5d15be-6b8a-4432-efe1-e032b6364a8f"",""yes_price_dollars"":""0.3300""}"
KXETH15M-26APR280315-15,06e04718-170e-6d12-849d-b9c1ca37209f,1777360088,0.33,134.0,no,"{""count_fp"":""134.00"",""created_time"":""2026-04-28T07:08:08.179785Z"",""no_price_dollars"":""0.6700"",""taker_side"":""no"",""ticker"":""KXETH15M-26APR280315-15"",""trade_id"":""06e04718-170e-6d12-849d-b9c1ca37209f"",""yes_price_dollars"":""0.3300""}"
KXETH15M-26APR280315-15,fbcbcdf1-5146-540e-5182-4ee6ca46bf0b,1777360089,0.36,140.0,no,"{""count_fp"":""140.00"",""created_time"":""2026-04-28T07:08:09.885815Z"",""no_price_dollars"":""0.6400"",""taker_side"":""no"",""ticker"":""KXETH15M-26APR280315-15"",""trade_id"":""fbcbcdf1-5146-540e-5182-4ee6ca46bf0b"",""yes_price_dollars"":""0.3600""}"
KXETH15M-26APR280315-15,e287c4bf-74d6-6a56-fac3-a63d9f22019f,1777360090,0.38,1.0,no,"{""count_fp"":""1.00"",""created_time"":""2026-04-28T07:08:10.601004Z"",""no_price_dollars"":""0.6200"",""taker_side"":""no"",""ticker"":""KXETH15M-26APR280315-15"",""trade_id"":""e287c4bf-74d6-6a56-fac3-a63d9f22019f"",""yes_price_dollars"":""0.3800""}"
KXETH15M-26APR280315-15,7fd7854a-73e2-6612-eb4e-4425e03c26a7,1777360094,0.38,2.0,no,"{""count_fp"":""2.00"",""created_time"":""2026-04-28T07:08:14.936852Z"",""no_price_dollars"":""0.6200"",""taker_side"":""no"",""ticker"":""KXETH15M-26APR280315-15"",""trade_id"":""7fd7854a-73e2-6612-eb4e-4425e03c26a7"",""yes_price_dollars"":""0.3800""}"
KXETH15M-26APR280315-15,1677b52b-a8aa-400a-01d3-25dcb8e443cb,1777360094,0.38,22.0,no,"{""count_fp"":""22.00"",""created_time"":""2026-04-28T07:08:14.170568Z"",""no_price_dollars"":""0.6200"",""taker_side"":""no"",""ticker"":""KXETH15M-26APR280315-15"",""trade_id"":""1677b52b-a8aa-400a-01d3-25dcb8e443cb"",""yes_price_dollars"":""0.3800""}"
KXETH15M-26APR280315-15,dc7a8de5-621a-5872-b21a-23839efbbddf,1777360095,0.38,1.0,no,"{""count_fp"":""1.00"",""created_time"":""2026-04-28T07:08:15.880707Z"",""no_price_dollars"":""0.6200"",""taker_side"":""no"",""ticker"":""KXETH15M-26APR280315-15"",""trade_id"":""dc7a8de5-621a-5872-b21a-23839efbbddf"",""yes_price_dollars"":""0.3800""}"
KXETH15M-26APR280315-15,ce758b78-f4e3-4f6e-8f13-97118830095e,1777360096,0.42,0.72,yes,"{""count_fp"":""0.72"",""created_time"":""2026-04-28T07:08:16.984636Z"",""no_price_dollars"":""0.5800"",""taker_side"":""yes"",""ticker"":""KXETH15M-26APR280315-15"",""trade_id"":""ce758b78-f4e3-4f6e-8f13-97118830095e"",""yes_price_dollars"":""0.4200""}"
KXETH15M-26APR280315-15,adee9ab5-6db1-486c-b24b-e4e04cc7401c,1777360096,0.41,10.0,yes,"{""count_fp"":""10.00"",""created_time"":""2026-04-28T07:08:16.984636Z"",""no_price_dollars"":""0.5900"",""taker_side"":""yes"",""ticker"":""KXETH15M-26APR280315-15"",""trade_id"":""adee9ab5-6db1-486c-b24b-e4e04cc7401c"",""yes_price_dollars"":""0.4100""}"
KXETH15M-26APR280315-15,219f312c-d126-60d6-9ecc-8bb2dfd452f7,1777360099,0.42,1.0,no,"{""count_fp"":""1.00"",""created_time"":""2026-04-28T07:08:19.647997Z"",""no_price_dollars"":""0.5800"",""taker_side"":""no"",""ticker"":""KXETH15M-26APR280315-15"",""trade_id"":""219f312c-d126-60d6-9ecc-8bb2dfd452f7"",""yes_price_dollars"":""0.4200""}"
KXETH15M-26APR280315-15,9bae6784-c9d8-6e91-d7e8-c40faf1acdfc,1777360099,0.47,5.0,yes,"{""count_fp"":""5.00"",""created_time"":""2026-04-28T07:08:19.205884Z"",""no_price_dollars"":""0.5300"",""taker_side"":""yes"",""ticker"":""KXETH15M-26APR280315-15"",""trade_id"":""9bae6784-c9d8-6e91-d7e8-c40faf1acdfc"",""yes_price_dollars"":""0.4700""}"
KXETH15M-26APR280315-15,87099d5c-64fa-6d78-ddc7-e0d39b077678,1777360099,0.46,1.0,yes,"{""count_fp"":""1.00"",""created_time"":""2026-04-28T07:08:19.205884Z"",""no_price_dollars"":""0.5400"",""taker_side"":""yes"",""ticker"":""KXETH15M-26APR280315-15"",""trade_id"":""87099d5c-64fa-6d78-ddc7-e0d39b077678"",""yes_price_dollars"":""0.4600""}"
KXETH15M-26APR280315-15,0b4a0a9a-38bf-63d2-f2bf-ce2783d6f376,1777360099,0.47,6.0,yes,"{""count_fp"":""6.00"",""created_time"":""2026-04-28T07:08:19.205884Z"",""no_price_dollars"":""0.5300"",""taker_side"":""yes"",""ticker"":""KXETH15M-26APR280315-15"",""trade_id"":""0b4a0a9a-38bf-63d2-f2bf-ce2783d6f376"",""yes_price_dollars"":""0.4700""}"
KXETH15M-26APR280315-15,afd39efb-6138-4400-664c-91ec2b6067dd,1777360100,0.47,10.0,yes,"{""count_fp"":""10.00"",""created_time"":""2026-04-28T07:08:20.894988Z"",""no_price_dollars"":""0.5300"",""taker_side"":""yes"",""ticker"":""KXETH15M-26APR280315-15"",""trade_id"":""afd39efb-6138-4400-664c-91ec2b6067dd"",""yes_price_dollars"":""0.4700""}"
KXETH15M-26APR280315-15,1e6b5095-d3e1-48ff-6f1d-f6977dd354f2,1777360100,0.47,10.0,yes,"{""count_fp"":""10.00"",""created_time"":""2026-04-28T07:08:20.894988Z"",""no_price_dollars"":""0.5300"",""taker_side"":""yes"",""ticker"":""KXETH15M-26APR280315-15"",""trade_id"":""1e6b5095-d3e1-48ff-6f1d-f6977dd354f2"",""yes_price_dollars"":""0.4700""}"
KXETH15M-26APR280315-15,6bd16b38-3ff6-621e-6845-16d23396751b,1777360106,0.48,54.8,no,"{""count_fp"":""54.80"",""created_time"":""2026-04-28T07:08:26.178904Z"",""no_price_dollars"":""0.5200"",""taker_side"":""no"",""ticker"":""KXETH15M-26APR280315-15"",""trade_id"":""6bd16b38-3ff6-621e-6845-16d23396751b"",""yes_price_dollars"":""0.4800""}"
KXETH15M-26APR280315-15,7289a44f-10a6-5a72-1bd0-05736218f35f,1777360107,0.48,35.35,no,"{""count_fp"":""35.35"",""created_time"":""2026-04-28T07:08:27.900532Z"",""no_price_dollars"":""0.5200"",""taker_side"":""no"",""ticker"":""KXETH15M-26APR280315-15"",""trade_id"":""7289a44f-10a6-5a72-1bd0-05736218f35f"",""yes_price_dollars"":""0.4800""}"
KXETH15M-26APR280315-15,b64aa526-070e-485e-0d59-5deb2603f083,1777360107,0.48,1.0,no,"{""count_fp"":""1.00"",""created_time"":""2026-04-28T07:08:27.817557Z"",""no_price_dollars"":""0.5200"",""taker_side"":""no"",""ticker"":""KXETH15M-26APR280315-15"",""trade_id"":""b64aa526-070e-485e-0d59-5deb2603f083"",""yes_price_dollars"":""0.4800""}"
KXETH15M-26APR280315-15,5a573b78-ee4a-6a42-f5e4-dac569eaeb2f,1777360107,0.48,9.3,no,"{""count_fp"":""9.30"",""created_time"":""2026-04-28T07:08:27.369448Z"",""no_price_dollars"":""0.5200"",""taker_side"":""no"",""ticker"":""KXETH15M-26APR280315-15"",""trade_id"":""5a573b78-ee4a-6a42-f5e4-dac569eaeb2f"",""yes_price_dollars"":""0.4800""}"
KXETH15M-26APR280315-15,6f82e36d-e025-6beb-1a83-5968074a74f1,1777360107,0.52,1.0,yes,"{""count_fp"":""1.00"",""created_time"":""2026-04-28T07:08:27.155729Z"",""no_price_dollars"":""0.4800"",""taker_side"":""yes"",""ticker"":""KXETH15M-26APR280315-15"",""trade_id"":""6f82e36d-e025-6beb-1a83-5968074a74f1"",""yes_price_dollars"":""0.5200""}"
KXETH15M-26APR280315-15,c23c37a6-3460-6490-7582-5cd185a539ae,1777360108,0.48,10.0,no,"{""count_fp"":""10.00"",""created_time"":""2026-04-28T07:08:28.931864Z"",""no_price_dollars"":""0.5200"",""taker_side"":""no"",""ticker"":""KXETH15M-26APR280315-15"",""trade_id"":""c23c37a6-3460-6490-7582-5cd185a539ae"",""yes_price_dollars"":""0.4800""}"
KXETH15M-26APR280315-15,693e8601-26d3-4a72-5d10-5d5c70da29fe,1777360110,0.46,22.0,yes,"{""count_fp"":""22.00"",""created_time"":""2026-04-28T07:08:30.750009Z"",""no_price_dollars"":""0.5400"",""taker_side"":""yes"",""ticker"":""KXETH15M-26APR280315-15"",""trade_id"":""693e8601-26d3-4a72-5d10-5d5c70da29fe"",""yes_price_dollars"":""0.4600""}"
KXETH15M-26APR280315-15,68b306e3-a0d8-645f-bd01-f2305ffe15d6,1777360114,0.43,2.09,yes,"{""count_fp"":""2.09"",""created_time"":""2026-04-28T07:08:34.424232Z"",""no_price_dollars"":""0.5700"",""taker_side"":""yes"",""ticker"":""KXETH15M-26APR280315-15"",""trade_id"":""68b306e3-a0d8-645f-bd01-f2305ffe15d6"",""yes_price_dollars"":""0.4300""}"
KXETH15M-26APR280315-15,d8191a07-637e-5f82-bba6-13fd6129aa97,1777360116,0.42,11.31,no,"{""count_fp"":""11.31"",""created_time"":""2026-04-28T07:08:36.425094Z"",""no_price_dollars"":""0.5800"",""taker_side"":""no"",""ticker"":""KXETH15M-26APR280315-15"",""trade_id"":""d8191a07-637e-5f82-bba6-13fd6129aa97"",""yes_price_dollars"":""0.4200""}"
KXETH15M-26APR280315-15,c360cae2-9ff7-53e2-81bf-d2bbab3861ec,1777360116,0.43,10.0,no,"{""count_fp"":""10.00"",""created_time"":""2026-04-28T07:08:36.425094Z"",""no_price_dollars"":""0.5700"",""taker_side"":""no"",""ticker"":""KXETH15M-26APR280315-15"",""trade_id"":""c360cae2-9ff7-53e2-81bf-d2bbab3861ec"",""yes_price_dollars"":""0.4300""}"
KXETH15M-26APR280315-15,2119a3ad-3817-5260-9a0b-5b217e3ec60d,1777360116,0.43,10.69,no,"{""count_fp"":""10.69"",""created_time"":""2026-04-28T07:08:36.425094Z"",""no_price_dollars"":""0.5700"",""taker_side"":""no"",""ticker"":""KXETH15M-26APR280315-15"",""trade_id"":""2119a3ad-3817-5260-9a0b-5b217e3ec60d"",""yes_price_dollars"":""0.4300""}"
KXETH15M-26APR280315-15,c69167ce-1725-71fc-ea64-0fcde88bdcfc,1777360117,0.43,10.69,no,"{""count_fp"":""10.69"",""created_time"":""2026-04-28T07:08:37.455435Z"",""no_price_dollars"":""0.5700"",""taker_side"":""no"",""ticker"":""KXETH15M-26APR280315-15"",""trade_id"":""c69167ce-1725-71fc-ea64-0fcde88bdcfc"",""yes_price_dollars"":""0.4300""}"
KXETH15M-26APR280315-15,efa33cad-a67a-7316-ae4e-7f9cf6b5efdb,1777360119,0.36,2.0,no,"{""count_fp"":""2.00"",""created_time"":""2026-04-28T07:08:39.872916Z"",""no_price_dollars"":""0.6400"",""taker_side"":""no"",""ticker"":""KXETH15M-26APR280315-15"",""trade_id"":""efa33cad-a67a-7316-ae4e-7f9cf6b5efdb"",""yes_price_dollars"":""0.3600""}"
KXETH15M-26APR280315-15,b83b3e00-d1c1-6d9f-7010-ee57dd78309d,1777360121,0.36,2.59,no,"{""count_fp"":""2.59"",""created_time"":""2026-04-28T07:08:41.386638Z"",""no_price_dollars"":""0.6400"",""taker_side"":""no"",""ticker"":""KXETH15M-26APR280315-15"",""trade_id"":""b83b3e00-d1c1-6d9f-7010-ee57dd78309d"",""yes_price_dollars"":""0.3600""}"
KXETH15M-26APR280315-15,8796a507-86a9-549f-a284-936f4b9db555,1777360124,0.37,3.0,no,"{""count_fp"":""3.00"",""created_time"":""2026-04-28T07:08:44.588769Z"",""no_price_dollars"":""0.6300"",""taker_side"":""no"",""ticker"":""KXETH15M-26APR280315-15"",""trade_id"":""8796a507-86a9-549f-a284-936f4b9db555"",""yes_price_dollars"":""0.3700""}"
KXETH15M-26APR280315-15,ceab8e85-6acf-46d9-4ab3-69fbf81c694a,1777360132,0.39,1.0,no,"{""count_fp"":""1.00"",""created_time"":""2026-04-28T07:08:52.004424Z"",""no_price_dollars"":""0.6100"",""taker_side"":""no"",""ticker"":""KXETH15M-26APR280315-15"",""trade_id"":""ceab8e85-6acf-46d9-4ab3-69fbf81c694a"",""yes_price_dollars"":""0.3900""}"
KXETH15M-26APR280315-15,fac34841-802f-7f25-94bc-685fda53be34,1777360140,0.34,1.0,no,"{""count_fp"":""1.00"",""created_time"":""2026-04-28T07:09:00.318804Z"",""no_price_dollars"":""0.6600"",""taker_side"":""no"",""ticker"":""KXETH15M-26APR280315-15"",""trade_id"":""fac34841-802f-7f25-94bc-685fda53be34"",""yes_price_dollars"":""0.3400""}"
KXETH15M-26APR280315-15,e6a70a90-1749-7737-a5eb-44cca1041b91,1777360140,0.34,10.0,no,"{""count_fp"":""10.00"",""created_time"":""2026-04-28T07:09:00.318804Z"",""no_price_dollars"":""0.6600"",""taker_side"":""no"",""ticker"":""KXETH15M-26APR280315-15"",""trade_id"":""e6a70a90-1749-7737-a5eb-44cca1041b91"",""yes_price_dollars"":""0.3400""}"
KXETH15M-26APR280315-15,4f9814ac-ca1d-7416-a98f-4f9fb44654e1,1777360140,0.33,15.6,no,"{""count_fp"":""15.60"",""created_time"":""2026-04-28T07:09:00.318804Z"",""no_price_dollars"":""0.6700"",""taker_side"":""no"",""ticker"":""KXETH15M-26APR280315-15"",""trade_id"":""4f9814ac-ca1d-7416-a98f-4f9fb44654e1"",""yes_price_dollars"":""0.3300""}"
KXETH15M-26APR280315-15,15d3b811-6b61-71c3-ad28-828fc2c5be92,1777360140,0.34,10.0,no,"{""count_fp"":""10.00"",""created_time"":""2026-04-28T07:09:00.318804Z"",""no_price_dollars"":""0.6600"",""taker_side"":""no"",""ticker"":""KXETH15M-26APR280315-15"",""trade_id"":""15d3b811-6b61-71c3-ad28-828fc2c5be92"",""yes_price_dollars"":""0.3400""}"
KXETH15M-26APR280315-15,9ce8aa4b-60c7-6f6e-034e-ab17ea86197a,1777360141,0.33,1.76,yes,"{""count_fp"":""1.76"",""created_time"":""2026-04-28T07:09:01.935242Z"",""no_price_dollars"":""0.6700"",""taker_side"":""yes"",""ticker"":""KXETH15M-26APR280315-15"",""trade_id"":""9ce8aa4b-60c7-6f6e-034e-ab17ea86197a"",""yes_price_dollars"":""0.3300""}"
KXETH15M-26APR280315-15,252b1ab7-7894-4b60-a2f4-a575d3ef0384,1777360146,0.3,10.0,no,"{""count_fp"":""10.00"",""created_time"":""2026-04-28T07:09:06.908662Z"",""no_price_dollars"":""0.7000"",""taker_side"":""no"",""ticker"":""KXETH15M-26APR280315-15"",""trade_id"":""252b1ab7-7894-4b60-a2f4-a575d3ef0384"",""yes_price_dollars"":""0.3000""}"
KXETH15M-26APR280315-15,ed3c77a3-0841-6fef-841c-44df186d6637,1777360149,0.29,9.23,yes,"{""count_fp"":""9.23"",""created_time"":""2026-04-28T07:09:09.613531Z"",""no_price_dollars"":""0.7100"",""taker_side"":""yes"",""ticker"":""KXETH15M-26APR280315-15"",""trade_id"":""ed3c77a3-0841-6fef-841c-44df186d6637"",""yes_price_dollars"":""0.2900""}"
KXETH15M-26APR280315-15,b87194e9-8966-4237-5ac3-17507f9a9ef1,1777360149,0.26,7.0,no,"{""count_fp"":""7.00"",""created_time"":""2026-04-28T07:09:09.433681Z"",""no_price_dollars"":""0.7400"",""taker_side"":""no"",""ticker"":""KXETH15M-26APR280315-15"",""trade_id"":""b87194e9-8966-4237-5ac3-17507f9a9ef1"",""yes_price_dollars"":""0.2600""}"
KXETH15M-26APR280315-15,e3994410-aaa8-7db4-dc8d-d7c9df01edfb,1777360150,0.26,6.0,no,"{""count_fp"":""6.00"",""created_time"":""2026-04-28T07:09:10.323181Z"",""no_price_dollars"":""0.7400"",""taker_side"":""no"",""ticker"":""KXETH15M-26APR280315-15"",""trade_id"":""e3994410-aaa8-7db4-dc8d-d7c9df01edfb"",""yes_price_dollars"":""0.2600""}"
KXETH15M-26APR280315-15,be5187f4-2255-6c70-06af-5b56e8fc1124,1777360156,0.22,1.0,no,"{""count_fp"":""1.00"",""created_time"":""2026-04-28T07:09:16.418087Z"",""no_price_dollars"":""0.7800"",""taker_side"":""no"",""ticker"":""KXETH15M-26APR280315-15"",""trade_id"":""be5187f4-2255-6c70-06af-5b56e8fc1124"",""yes_price_dollars"":""0.2200""}"
KXETH15M-26APR280315-15,9c40ed74-c7eb-61c1-28a4-e863d57a4bb3,1777360156,0.23,10.0,no,"{""count_fp"":""10.00"",""created_time"":""2026-04-28T07:09:16.418087Z"",""no_price_dollars"":""0.7700"",""taker_side"":""no"",""ticker"":""KXETH15M-26APR280315-15"",""trade_id"":""9c40ed74-c7eb-61c1-28a4-e863d57a4bb3"",""yes_price_dollars"":""0.2300""}"
KXETH15M-26APR280315-15,444bdffd-d977-6f86-06c7-e82262bf180f,1777360156,0.22,4.0,no,"{""count_fp"":""4.00"",""created_time"":""2026-04-28T07:09:16.418087Z"",""no_price_dollars"":""0.7800"",""taker_side"":""no"",""ticker"":""KXETH15M-26APR280315-15"",""trade_id"":""444bdffd-d977-6f86-06c7-e82262bf180f"",""yes_price_dollars"":""0.2200""}"
KXETH15M-26APR280315-15,00b98fdd-603a-6943-17b5-c60fbc6e6211,1777360156,0.23,10.0,no,"{""count_fp"":""10.00"",""created_time"":""2026-04-28T07:09:16.418087Z"",""no_price_dollars"":""0.7700"",""taker_side"":""no"",""ticker"":""KXETH15M-26APR280315-15"",""trade_id"":""00b98fdd-603a-6943-17b5-c60fbc6e6211"",""yes_price_dollars"":""0.2300""}"
KXETH15M-26APR280315-15,f93215e1-2033-680a-8b83-8c51133c3352,1777360157,0.22,43.53,yes,"{""count_fp"":""43.53"",""created_time"":""2026-04-28T07:09:17.656571Z"",""no_price_dollars"":""0.7800"",""taker_side"":""yes"",""ticker"":""KXETH15M-26APR280315-15"",""trade_id"":""f93215e1-2033-680a-8b83-8c51133c3352"",""yes_price_dollars"":""0.2200""}"
KXETH15M-26APR280315-15,27422469-15a2-663e-daf5-e5ba8306bd4f,1777360158,0.2,20.0,no,"{""count_fp"":""20.00"",""created_time"":""2026-04-28T07:09:18.928823Z"",""no_price_dollars"":""0.8000"",""taker_side"":""no"",""ticker"":""KXETH15M-26APR280315-15"",""trade_id"":""27422469-15a2-663e-daf5-e5ba8306bd4f"",""yes_price_dollars"":""0.2000""}"
KXETH15M-26APR280315-15,ab21f6f5-5b83-4662-2072-10cf302b0f22,1777360158,0.23,1.0,yes,"{""count_fp"":""1.00"",""created_time"":""2026-04-28T07:09:18.867849Z"",""no_price_dollars"":""0.7700"",""taker_side"":""yes"",""ticker"":""KXETH15M-26APR280315-15"",""trade_id"":""ab21f6f5-5b83-4662-2072-10cf302b0f22"",""yes_price_dollars"":""0.2300""}"
KXETH15M-26APR280315-15,bc47902c-86e3-6b32-7a9c-1713a0b2d08e,1777360163,0.23,20.62,yes,"{""count_fp"":""20.62"",""created_time"":""2026-04-28T07:09:23.927989Z"",""no_price_dollars"":""0.7700"",""taker_side"":""yes"",""ticker"":""KXETH15M-26APR280315-15"",""trade_id"":""bc47902c-86e3-6b32-7a9c-1713a0b2d08e"",""yes_price_dollars"":""0.2300""}"
KXETH15M-26APR280315-15,b8065598-f302-4ea6-0298-ee941dc144c3,1777360165,0.19,182.67,no,"{""count_fp"":""182.67"",""created_time"":""2026-04-28T07:09:25.810202Z"",""no_price_dollars"":""0.8100"",""taker_side"":""no"",""ticker"":""KXETH15M-26APR280315-15"",""trade_id"":""b8065598-f302-4ea6-0298-ee941dc144c3"",""yes_price_dollars"":""0.1900""}"
KXETH15M-26APR280315-15,a60d528c-2d09-4242-2d4d-73f34c8dab12,1777360165,0.19,60.0,no,"{""count_fp"":""60.00"",""created_time"":""2026-04-28T07:09:25.810202Z"",""no_price_dollars"":""0.8100"",""taker_side"":""no"",""ticker"":""KXETH15M-26APR280315-15"",""trade_id"":""a60d528c-2d09-4242-2d4d-73f34c8dab12"",""yes_price_dollars"":""0.1900""}"
KXETH15M-26APR280315-15,0d469f7b-8f5a-4c31-220a-fbafbf84d603,1777360165,0.19,1.0,no,"{""count_fp"":""1.00"",""created_time"":""2026-04-28T07:09:25.810202Z"",""no_price_dollars"":""0.8100"",""taker_side"":""no"",""ticker"":""KXETH15M-26APR280315-15"",""trade_id"":""0d469f7b-8f5a-4c31-220a-fbafbf84d603"",""yes_price_dollars"":""0.1900""}"
KXETH15M-26APR280315-15,14c36785-e3f1-6d34-1abf-0f51f284d8d8,1777360165,0.21,1.0,no,"{""count_fp"":""1.00"",""created_time"":""2026-04-28T07:09:25.648409Z"",""no_price_dollars"":""0.7900"",""taker_side"":""no"",""ticker"":""KXETH15M-26APR280315-15"",""trade_id"":""14c36785-e3f1-6d34-1abf-0f51f284d8d8"",""yes_price_dollars"":""0.2100""}"
KXETH15M-26APR280315-15,c221d189-811b-4000-4d2c-f2381c40df92,1777360167,0.2,45.84,no,"{""count_fp"":""45.84"",""created_time"":""2026-04-28T07:09:27.257888Z"",""no_price_dollars"":""0.8000"",""taker_side"":""no"",""ticker"":""KXETH15M-26APR280315-15"",""trade_id"":""c221d189-811b-4000-4d2c-f2381c40df92"",""yes_price_dollars"":""0.2000""}"
KXETH15M-26APR280315-15,81824667-aa92-4871-5619-a20e13a2629e,1777360167,0.2,1.0,no,"{""count_fp"":""1.00"",""created_time"":""2026-04-28T07:09:27.257888Z"",""no_price_dollars"":""0.8000"",""taker_side"":""no"",""ticker"":""KXETH15M-26APR280315-15"",""trade_id"":""81824667-aa92-4871-5619-a20e13a2629e"",""yes_price_dollars"":""0.2000""}"
KXETH15M-26APR280315-15,b07865df-12ae-6326-97e4-8a25eb437c7f,1777360169,0.17,84.0,no,"{""count_fp"":""84.00"",""created_time"":""2026-04-28T07:09:29.917385Z"",""no_price_dollars"":""0.8300"",""taker_side"":""no"",""ticker"":""KXETH15M-26APR280315-15"",""trade_id"":""b07865df-12ae-6326-97e4-8a25eb437c7f"",""yes_price_dollars"":""0.1700""}"
KXETH15M-26APR280315-15,5d2c6835-bc2c-69b2-a9ba-53f7dc055c70,1777360169,0.18,4.0,no,"{""count_fp"":""4.00"",""created_time"":""2026-04-28T07:09:29.617003Z"",""no_price_dollars"":""0.8200"",""taker_side"":""no"",""ticker"":""KXETH15M-26APR280315-15"",""trade_id"":""5d2c6835-bc2c-69b2-a9ba-53f7dc055c70"",""yes_price_dollars"":""0.1800""}"
KXETH15M-26APR280315-15,51fc8a83-5f3b-65ca-8f29-af56a2006045,1777360169,0.18,80.0,no,"{""count_fp"":""80.00"",""created_time"":""2026-04-28T07:09:29.617003Z"",""no_price_dollars"":""0.8200"",""taker_side"":""no"",""ticker"":""KXETH15M-26APR280315-15"",""trade_id"":""51fc8a83-5f3b-65ca-8f29-af56a2006045"",""yes_price_dollars"":""0.1800""}"
KXETH15M-26APR280315-15,a0471b1d-8946-5976-472d-5e29cdca606b,1777360170,0.17,7.0,no,"{""count_fp"":""7.00"",""created_time"":""2026-04-28T07:09:30.673446Z"",""no_price_dollars"":""0.8300"",""taker_side"":""no"",""ticker"":""KXETH15M-26APR280315-15"",""trade_id"":""a0471b1d-8946-5976-472d-5e29cdca606b"",""yes_price_dollars"":""0.1700""}"
KXETH15M-26APR280315-15,8c44f078-c6be-512e-0fb5-ba2a997abf8f,1777360170,0.17,82.0,no,"{""count_fp"":""82.00"",""created_time"":""2026-04-28T07:09:30.227154Z"",""no_price_dollars"":""0.8300"",""taker_side"":""no"",""ticker"":""KXETH15M-26APR280315-15"",""trade_id"":""8c44f078-c6be-512e-0fb5-ba2a997abf8f"",""yes_price_dollars"":""0.1700""}"
KXETH15M-26APR280315-15,e6d8dddf-05b9-67c7-3138-9335a198bfef,1777360178,0.22,1.0,yes,"{""count_fp"":""1.00"",""created_time"":""2026-04-28T07:09:38.499424Z"",""no_price_dollars"":""0.7800"",""taker_side"":""yes"",""ticker"":""KXETH15M-26APR280315-15"",""trade_id"":""e6d8dddf-05b9-67c7-3138-9335a198bfef"",""yes_price_dollars"":""0.2200""}"
KXETH15M-26APR280315-15,60aaddbc-71a9-6173-0bd3-73e5976e49b5,1777360178,0.21,1.0,yes,"{""count_fp"":""1.00"",""created_time"":""2026-04-28T07:09:38.499424Z"",""no_price_dollars"":""0.7900"",""taker_side"":""yes"",""ticker"":""KXETH15M-26APR280315-15"",""trade_id"":""60aaddbc-71a9-6173-0bd3-73e5976e49b5"",""yes_price_dollars"":""0.2100""}"
KXETH15M-26APR280315-15,b0cef02d-a335-5fd3-a68e-4407eb2dd81f,1777360180,0.19,4.36,yes,"{""count_fp"":""4.36"",""created_time"":""2026-04-28T07:09:40.149091Z"",""no_price_dollars"":""0.8100"",""taker_side"":""yes"",""ticker"":""KXETH15M-26APR280315-15"",""trade_id"":""b0cef02d-a335-5fd3-a68e-4407eb2dd81f"",""yes_price_dollars"":""0.1900""}"
KXETH15M-26APR280315-15,ac0f016f-aea4-6ad1-53d0-a2c8c437a9f1,1777360184,0.2,9.46,yes,"{""count_fp"":""9.46"",""created_time"":""2026-04-28T07:09:44.928022Z"",""no_price_dollars"":""0.8000"",""taker_side"":""yes"",""ticker"":""KXETH15M-26APR280315-15"",""trade_id"":""ac0f016f-aea4-6ad1-53d0-a2c8c437a9f1"",""yes_price_dollars"":""0.2000""}"
KXETH15M-26APR280315-15,f6b51c54-2576-7216-ed05-b274c60c506b,1777360184,0.14,4.69,no,"{""count_fp"":""4.69"",""created_time"":""2026-04-28T07:09:44.856039Z"",""no_price_dollars"":""0.8600"",""taker_side"":""no"",""ticker"":""KXETH15M-26APR280315-15"",""trade_id"":""f6b51c54-2576-7216-ed05-b274c60c506b"",""yes_price_dollars"":""0.1400""}"
KXETH15M-26APR280315-15,8dd38e25-505f-74a7-da2b-81883271cd63,1777360184,0.16,1.0,no,"{""count_fp"":""1.00"",""created_time"":""2026-04-28T07:09:44.856039Z"",""no_price_dollars"":""0.8400"",""taker_side"":""no"",""ticker"":""KXETH15M-26APR280315-15"",""trade_id"":""8dd38e25-505f-74a7-da2b-81883271cd63"",""yes_price_dollars"":""0.1600""}"
KXETH15M-26APR280315-15,1f7b40b5-3c4d-7e2d-de65-3dac9ee6fa55,1777360184,0.16,0.31,no,"{""count_fp"":""0.31"",""created_time"":""2026-04-28T07:09:44.856039Z"",""no_price_dollars"":""0.8400"",""taker_side"":""no"",""ticker"":""KXETH15M-26APR280315-15"",""trade_id"":""1f7b40b5-3c4d-7e2d-de65-3dac9ee6fa55"",""yes_price_dollars"":""0.1600""}"
KXETH15M-26APR280315-15,01a2819b-67fe-6e38-f4aa-a966b7328856,1777360185,0.21,5.0,yes,"{""count_fp"":""5.00"",""created_time"":""2026-04-28T07:09:45.521913Z"",""no_price_dollars"":""0.7900"",""taker_side"":""yes"",""ticker"":""KXETH15M-26APR280315-15"",""trade_id"":""01a2819b-67fe-6e38-f4aa-a966b7328856"",""yes_price_dollars"":""0.2100""}"
KXETH15M-26APR280315-15,c58cccbd-eee1-4fcb-7e65-afa365892493,1777360185,0.2,10.0,yes,"{""count_fp"":""10.00"",""created_time"":""2026-04-28T07:09:45.459798Z"",""no_price_dollars"":""0.8000"",""taker_side"":""yes"",""ticker"":""KXETH15M-26APR280315-15"",""trade_id"":""c58cccbd-eee1-4fcb-7e65-afa365892493"",""yes_price_dollars"":""0.2000""}"
KXETH15M-26APR280315-15,12affb8b-8588-7e17-9e61-99ce37865687,1777360185,0.17,1.0,no,"{""count_fp"":""1.00"",""created_time"":""2026-04-28T07:09:45.391367Z"",""no_price_dollars"":""0.8300"",""taker_side"":""no"",""ticker"":""KXETH15M-26APR280315-15"",""trade_id"":""12affb8b-8588-7e17-9e61-99ce37865687"",""yes_price_dollars"":""0.1700""}"
KXETH15M-26APR280315-15,01004528-e20e-778e-b17a-6a69a50e07eb,1777360185,0.16,6.0,no,"{""count_fp"":""6.00"",""created_time"":""2026-04-28T07:09:45.391367Z"",""no_price_dollars"":""0.8400"",""taker_side"":""no"",""ticker"":""KXETH15M-26APR280315-15"",""trade_id"":""01004528-e20e-778e-b17a-6a69a50e07eb"",""yes_price_dollars"":""0.1600""}"
KXETH15M-26APR280315-15,03098b19-0c9b-4374-38a8-e00df31abe80,1777360187,0.2,119.44,no,"{""count_fp"":""119.44"",""created_time"":""2026-04-28T07:09:47.362331Z"",""no_price_dollars"":""0.8000"",""taker_side"":""no"",""ticker"":""KXETH15M-26APR280315-15"",""trade_id"":""03098b19-0c9b-4374-38a8-e00df31abe80"",""yes_price_dollars"":""0.2000""}"
KXETH15M-26APR280315-15,527874fc-e44b-6924-41ef-34ea6a0a97c0,1777360187,0.2,20.0,no,"{""count_fp"":""20.00"",""created_time"":""2026-04-28T07:09:47.066723Z"",""no_price_dollars"":""0.8000"",""taker_side"":""no"",""ticker"":""KXETH15M-26APR280315-15"",""trade_id"":""527874fc-e44b-6924-41ef-34ea6a0a97c0"",""yes_price_dollars"":""0.2000""}"
KXETH15M-26APR280315-15,ba2cd224-0883-59b8-7d9b-2788a1661e3c,1777360189,0.2,50.0,no,"{""count_fp"":""50.00"",""created_time"":""2026-04-28T07:09:49.592137Z"",""no_price_dollars"":""0.8000"",""taker_side"":""no"",""ticker"":""KXETH15M-26APR280315-15"",""trade_id"":""ba2cd224-0883-59b8-7d9b-2788a1661e3c"",""yes_price_dollars"":""0.2000""}"
KXETH15M-26APR280315-15,72e814b0-e9fe-6189-5d12-b33f6e341fdb,1777360190,0.19,1.0,no,"{""count_fp"":""1.00"",""created_time"":""2026-04-28T07:09:50.082059Z"",""no_price_dollars"":""0.8100"",""taker_side"":""no"",""ticker"":""KXETH15M-26APR280315-15"",""trade_id"":""72e814b0-e9fe-6189-5d12-b33f6e341fdb"",""yes_price_dollars"":""0.1900""}"
KXETH15M-26APR280315-15,66641145-77d3-6be0-4a41-211ab2185e8c,1777360190,0.2,0.56,no,"{""count_fp"":""0.56"",""created_time"":""2026-04-28T07:09:50.082059Z"",""no_price_dollars"":""0.8000"",""taker_side"":""no"",""ticker"":""KXETH15M-26APR280315-15"",""trade_id"":""66641145-77d3-6be0-4a41-211ab2185e8c"",""yes_price_dollars"":""0.2000""}"
KXETH15M-26APR280315-15,1a9f296e-1e63-61f4-68c4-e65e92c58bf7,1777360190,0.18,10.0,no,"{""count_fp"":""10.00"",""created_time"":""2026-04-28T07:09:50.082059Z"",""no_price_dollars"":""0.8200"",""taker_side"":""no"",""ticker"":""KXETH15M-26APR280315-15"",""trade_id"":""1a9f296e-1e63-61f4-68c4-e65e92c58bf7"",""yes_price_dollars"":""0.1800""}"
KXETH15M-26APR280315-15,08507f4d-c692-6270-7a2d-d6828501cdf1,1777360190,0.18,12.22,no,"{""count_fp"":""12.22"",""created_time"":""2026-04-28T07:09:50.082059Z"",""no_price_dollars"":""0.8200"",""taker_side"":""no"",""ticker"":""KXETH15M-26APR280315-15"",""trade_id"":""08507f4d-c692-6270-7a2d-d6828501cdf1"",""yes_price_dollars"":""0.1800""}"
KXETH15M-26APR280315-15,54a3df20-fae4-779e-4656-7891d1aceca2,1777360191,0.15,1.0,no,"{""count_fp"":""1.00"",""created_time"":""2026-04-28T07:09:51.624029Z"",""no_price_dollars"":""0.8500"",""taker_side"":""no"",""ticker"":""KXETH15M-26APR280315-15"",""trade_id"":""54a3df20-fae4-779e-4656-7891d1aceca2"",""yes_price_dollars"":""0.1500""}"
KXETH15M-26APR280315-15,f5ff3a8a-f378-76fd-6952-6b764a29221d,1777360191,0.17,100.0,yes,"{""count_fp"":""100.00"",""created_time"":""2026-04-28T07:09:51.172361Z"",""no_price_dollars"":""0.8300"",""taker_side"":""yes"",""ticker"":""KXETH15M-26APR280315-15"",""trade_id"":""f5ff3a8a-f378-76fd-6952-6b764a29221d"",""yes_price_dollars"":""0.1700""}"
KXETH15M-26APR280315-15,d6b4f261-9701-7186-733a-e34e7f13a071,1777360191,0.17,1.0,yes,"{""count_fp"":""1.00"",""created_time"":""2026-04-28T07:09:51.172361Z"",""no_price_dollars"":""0.8300"",""taker_side"":""yes"",""ticker"":""KXETH15M-26APR280315-15"",""trade_id"":""d6b4f261-9701-7186-733a-e34e7f13a071"",""yes_price_dollars"":""0.1700""}"
KXETH15M-26APR280315-15,c29426e4-7fec-72be-5d5e-df0eb4b073bf,1777360191,0.2,2.13,yes,"{""count_fp"":""2.13"",""created_time"":""2026-04-28T07:09:51.172361Z"",""no_price_dollars"":""0.8000"",""taker_side"":""yes"",""ticker"":""KXETH15M-26APR280315-15"",""trade_id"":""c29426e4-7fec-72be-5d5e-df0eb4b073bf"",""yes_price_dollars"":""0.2000""}"
KXETH15M-26APR280315-15,6344896c-a4b0-7249-8ca1-a2b733b158a0,1777360194,0.12,3.0,yes,"{""count_fp"":""3.00"",""created_time"":""2026-04-28T07:09:54.816549Z"",""no_price_dollars"":""0.8800"",""taker_side"":""yes"",""ticker"":""KXETH15M-26APR280315-15"",""trade_id"":""6344896c-a4b0-7249-8ca1-a2b733b158a0"",""yes_price_dollars"":""0.1200""}"
KXETH15M-26APR280315-15,00665a61-bc50-7e06-8514-6f95e64980af,1777360194,0.12,1.0,yes,"{""count_fp"":""1.00"",""created_time"":""2026-04-28T07:09:54.816549Z"",""no_price_dollars"":""0.8800"",""taker_side"":""yes"",""ticker"":""KXETH15M-26APR280315-15"",""trade_id"":""00665a61-bc50-7e06-8514-6f95e64980af"",""yes_price_dollars"":""0.1200""}"
KXETH15M-26APR280315-15,e952ed4b-5318-4710-e579-dd696bd3ba77,1777360194,0.11,1.0,yes,"{""count_fp"":""1.00"",""created_time"":""2026-04-28T07:09:54.786295Z"",""no_price_dollars"":""0.8900"",""taker_side"":""yes"",""ticker"":""KXETH15M-26APR280315-15"",""trade_id"":""e952ed4b-5318-4710-e579-dd696bd3ba77"",""yes_price_dollars"":""0.1100""}"
KXETH15M-26APR280315-15,8cf60224-3d4c-4716-f415-2b686349d1fb,1777360194,0.12,9.0,yes,"{""count_fp"":""9.00"",""created_time"":""2026-04-28T07:09:54.786295Z"",""no_price_dollars"":""0.8800"",""taker_side"":""yes"",""ticker"":""KXETH15M-26APR280315-15"",""trade_id"":""8cf60224-3d4c-4716-f415-2b686349d1fb"",""yes_price_dollars"":""0.1200""}"
KXETH15M-26APR280315-15,e3859bfe-fd35-4492-e52f-8f7feaff39d0,1777360194,0.11,1.0,yes,"{""count_fp"":""1.00"",""created_time"":""2026-04-28T07:09:54.628834Z"",""no_price_dollars"":""0.8900"",""taker_side"":""yes"",""ticker"":""KXETH15M-26APR280315-15"",""trade_id"":""e3859bfe-fd35-4492-e52f-8f7feaff39d0"",""yes_price_dollars"":""0.1100""}"
KXETH15M-26APR280315-15,4bb15baa-d561-4ba2-e7ff-b6f65351b004,1777360194,0.12,99.0,yes,"{""count_fp"":""99.00"",""created_time"":""2026-04-28T07:09:54.628834Z"",""no_price_dollars"":""0.8800"",""taker_side"":""yes"",""ticker"":""KXETH15M-26APR280315-15"",""trade_id"":""4bb15baa-d561-4ba2-e7ff-b6f65351b004"",""yes_price_dollars"":""0.1200""}"
KXETH15M-26APR280315-15,fe264785-5c83-5e0b-6f2c-cacf5c5e417a,1777360194,0.13,6.0,no,"{""count_fp"":""6.00"",""created_time"":""2026-04-28T07:09:54.458839Z"",""no_price_dollars"":""0.8700"",""taker_side"":""no"",""ticker"":""KXETH15M-26APR280315-15"",""trade_id"":""fe264785-5c83-5e0b-6f2c-cacf5c5e417a"",""yes_price_dollars"":""0.1300""}"
KXETH15M-26APR280315-15,c3645b41-4889-5749-6732-6b0ccf8bebce,1777360194,0.13,250.0,no,"{""count_fp"":""250.00"",""created_time"":""2026-04-28T07:09:54.458839Z"",""no_price_dollars"":""0.8700"",""taker_side"":""no"",""ticker"":""KXETH15M-26APR280315-15"",""trade_id"":""c3645b41-4889-5749-6732-6b0ccf8bebce"",""yes_price_dollars"":""0.1300""}"
KXETH15M-26APR280315-15,78e2dec0-1367-5f71-6477-da54de3a2e32,1777360194,0.12,50.0,no,"{""count_fp"":""50.00"",""created_time"":""2026-04-28T07:09:54.458839Z"",""no_price_dollars"":""0.8800"",""taker_side"":""no"",""ticker"":""KXETH15M-26APR280315-15"",""trade_id"":""78e2dec0-1367-5f71-6477-da54de3a2e32"",""yes_price_dollars"":""0.1200""}"
KXETH15M-26APR280315-15,11209535-960c-5cce-4d88-7bbe532851e6,1777360194,0.14,1.0,no,"{""count_fp"":""1.00"",""created_time"":""2026-04-28T07:09:54.458839Z"",""no_price_dollars"":""0.8600"",""taker_side"":""no"",""ticker"":""KXETH15M-26APR280315-15"",""trade_id"":""11209535-960c-5cce-4d88-7bbe532851e6"",""yes_price_dollars"":""0.1400""}"
KXETH15M-26APR280315-15,0d6af29f-ed93-526b-73a1-2bdccc6515a8,1777360194,0.11,1.0,no,"{""count_fp"":""1.00"",""created_time"":""2026-04-28T07:09:54.458839Z"",""no_price_dollars"":""0.8900"",""taker_side"":""no"",""ticker"":""KXETH15M-26APR280315-15"",""trade_id"":""0d6af29f-ed93-526b-73a1-2bdccc6515a8"",""yes_price_dollars"":""0.1100""}"
KXETH15M-26APR280315-15,49b69293-938c-40ea-15ea-194b38bb6a7a,1777360194,0.14,9.0,no,"{""count_fp"":""9.00"",""created_time"":""2026-04-28T07:09:54.457972Z"",""no_price_dollars"":""0.8600"",""taker_side"":""no"",""ticker"":""KXETH15M-26APR280315-15"",""trade_id"":""49b69293-938c-40ea-15ea-194b38bb6a7a"",""yes_price_dollars"":""0.1400""}"
KXETH15M-26APR280315-15,02389b78-4761-479e-3b4c-ad5efc595bac,1777360194,0.14,1.0,no,"{""count_fp"":""1.00"",""created_time"":""2026-04-28T07:09:54.457972Z"",""no_price_dollars"":""0.8600"",""taker_side"":""no"",""ticker"":""KXETH15M-26APR280315-15"",""trade_id"":""02389b78-4761-479e-3b4c-ad5efc595bac"",""yes_price_dollars"":""0.1400""}"
KXETH15M-26APR280315-15,f5c2dc6d-e13f-6d6d-59ef-b3865e397d7e,1777360194,0.15,10.0,no,"{""count_fp"":""10.00"",""created_time"":""2026-04-28T07:09:54.438965Z"",""no_price_dollars"":""0.8500"",""taker_side"":""no"",""ticker"":""KXETH15M-26APR280315-15"",""trade_id"":""f5c2dc6d-e13f-6d6d-59ef-b3865e397d7e"",""yes_price_dollars"":""0.1500""}"
KXETH15M-26APR280315-15,de9b53e0-93f3-5b6e-2478-d33824fe033b,1777360195,0.15,10.0,yes,"{""count_fp"":""10.00"",""created_time"":""2026-04-28T07:09:55.581916Z"",""no_price_dollars"":""0.8500"",""taker_side"":""yes"",""ticker"":""KXETH15M-26APR280315-15"",""trade_id"":""de9b53e0-93f3-5b6e-2478-d33824fe033b"",""yes_price_dollars"":""0.1500""}"
KXETH15M-26APR280315-15,3edd9b26-7bc4-4de9-c1a0-254865c0c67b,1777360197,0.16,9.0,no,"{""count_fp"":""9.00"",""created_time"":""2026-04-28T07:09:57.167925Z"",""no_price_dollars"":""0.8400"",""taker_side"":""no"",""ticker"":""KXETH15M-26APR280315-15"",""trade_id"":""3edd9b26-7bc4-4de9-c1a0-254865c0c67b"",""yes_price_dollars"":""0.1600""}"
KXETH15M-26APR280315-15,23b05778-52c0-4e05-db3b-793be5d2099f,1777360197,0.15,31.07,no,"{""count_fp"":""31.07"",""created_time"":""2026-04-28T07:09:57.167925Z"",""no_price_dollars"":""0.8500"",""taker_side"":""no"",""ticker"":""KXETH15M-26APR280315-15"",""trade_id"":""23b05778-52c0-4e05-db3b-793be5d2099f"",""yes_price_dollars"":""0.1500""}"
KXETH15M-26APR280315-15,bbbd5adb-70e4-465d-5cae-89c9c9641343,1777360197,0.16,1.0,no,"{""count_fp"":""1.00"",""created_time"":""2026-04-28T07:09:57.154378Z"",""no_price_dollars"":""0.8400"",""taker_side"":""no"",""ticker"":""KXETH15M-26APR280315-15"",""trade_id"":""bbbd5adb-70e4-465d-5cae-89c9c9641343"",""yes_price_dollars"":""0.1600""}"
KXETH15M-26APR280315-15,0cf34a0f-64f7-600d-b841-98c1328fa15d,1777360199,0.12,1.0,yes,"{""count_fp"":""1.00"",""created_time"":""2026-04-28T07:09:59.496468Z"",""no_price_dollars"":""0.8800"",""taker_side"":""yes"",""ticker"":""KXETH15M-26APR280315-15"",""trade_id"":""0cf34a0f-64f7-600d-b841-98c1328fa15d"",""yes_price_dollars"":""0.1200""}"
KXETH15M-26APR280315-15,4cd7bef0-2d23-6f94-edcd-89e752aeafab,1777360200,0.14,5.0,yes,"{""count_fp"":""5.00"",""created_time"":""2026-04-28T07:10:00.772831Z"",""no_price_dollars"":""0.8600"",""taker_side"":""yes"",""ticker"":""KXETH15M-26APR280315-15"",""trade_id"":""4cd7bef0-2d23-6f94-edcd-89e752aeafab"",""yes_price_dollars"":""0.1400""}"
KXETH15M-26APR280315-15,d29d90e4-8990-5cf9-8141-70f9bc2ce8b7,1777360201,0.14,1.0,no,"{""count_fp"":""1.00"",""created_time"":""2026-04-28T07:10:01.043917Z"",""no_price_dollars"":""0.8600"",""taker_side"":""no"",""ticker"":""KXETH15M-26APR280315-15"",""trade_id"":""d29d90e4-8990-5cf9-8141-70f9bc2ce8b7"",""yes_price_dollars"":""0.1400""}"
KXETH15M-26APR280315-15,66fbb9b4-ecb1-557f-c4b8-1ef0ab5f2f88,1777360203,0.14,8.0,no,"{""count_fp"":""8.00"",""created_time"":""2026-04-28T07:10:03.664377Z"",""no_price_dollars"":""0.8600"",""taker_side"":""no"",""ticker"":""KXETH15M-26APR280315-15"",""trade_id"":""66fbb9b4-ecb1-557f-c4b8-1ef0ab5f2f88"",""yes_price_dollars"":""0.1400""}"
KXETH15M-26APR280315-15,cc64a4d1-9a50-4fed-29ec-1765e8ec23b3,1777360203,0.14,10.45,no,"{""count_fp"":""10.45"",""created_time"":""2026-04-28T07:10:03.263772Z"",""no_price_dollars"":""0.8600"",""taker_side"":""no"",""ticker"":""KXETH15M-26APR280315-15"",""trade_id"":""cc64a4d1-9a50-4fed-29ec-1765e8ec23b3"",""yes_price_dollars"":""0.1400""}"
KXETH15M-26APR280315-15,fd0b3682-3af0-6c69-9cf1-9bce5d8e1667,1777360203,0.14,219.0,no,"{""count_fp"":""219.00"",""created_time"":""2026-04-28T07:10:03.101757Z"",""no_price_dollars"":""0.8600"",""taker_side"":""no"",""ticker"":""KXETH15M-26APR280315-15"",""trade_id"":""fd0b3682-3af0-6c69-9cf1-9bce5d8e1667"",""yes_price_dollars"":""0.1400""}"
KXETH15M-26APR280315-15,10399b46-8d65-4384-c998-00991fd77ee1,1777360204,0.15,29.35,yes,"{""count_fp"":""29.35"",""created_time"":""2026-04-28T07:10:04.932676Z"",""no_price_dollars"":""0.8500"",""taker_side"":""yes"",""ticker"":""KXETH15M-26APR280315-15"",""trade_id"":""10399b46-8d65-4384-c998-00991fd77ee1"",""yes_price_dollars"":""0.1500""}"
KXETH15M-26APR280315-15,53943304-a16c-7139-191c-b2d6b034541b,1777360208,0.11,1.76,no,"{""count_fp"":""1.76"",""created_time"":""2026-04-28T07:10:08.862222Z"",""no_price_dollars"":""0.8900"",""taker_side"":""no"",""ticker"":""KXETH15M-26APR280315-15"",""trade_id"":""53943304-a16c-7139-191c-b2d6b034541b"",""yes_price_dollars"":""0.1100""}"
KXETH15M-26APR280315-15,28ae351e-f878-4afd-3959-c1b542a492b9,1777360208,0.11,4.0,no,"{""count_fp"":""4.00"",""created_time"":""2026-04-28T07:10:08.063519Z"",""no_price_dollars"":""0.8900"",""taker_side"":""no"",""ticker"":""KXETH15M-26APR280315-15"",""trade_id"":""28ae351e-f878-4afd-3959-c1b542a492b9"",""yes_price_dollars"":""0.1100""}"
KXETH15M-26APR280315-15,1ed76cf5-2ecf-41d1-0841-e71ccad7144d,1777360208,0.12,1.0,no,"{""count_fp"":""1.00"",""created_time"":""2026-04-28T07:10:08.063519Z"",""no_price_dollars"":""0.8800"",""taker_side"":""no"",""ticker"":""KXETH15M-26APR280315-15"",""trade_id"":""1ed76cf5-2ecf-41d1-0841-e71ccad7144d"",""yes_price_dollars"":""0.1200""}"
KXETH15M-26APR280315-15,56c780ec-4e2c-4c19-d31d-c2f505453e17,1777360209,0.11,2.0,no,"{""count_fp"":""2.00"",""created_time"":""2026-04-28T07:10:09.830508Z"",""no_price_dollars"":""0.8900"",""taker_side"":""no"",""ticker"":""KXETH15M-26APR280315-15"",""trade_id"":""56c780ec-4e2c-4c19-d31d-c2f505453e17"",""yes_price_dollars"":""0.1100""}"
KXETH15M-26APR280315-15,acb9cc44-6630-75d5-1b26-46dc66509b03,1777360210,0.11,20.0,no,"{""count_fp"":""20.00"",""created_time"":""2026-04-28T07:10:10.915655Z"",""no_price_dollars"":""0.8900"",""taker_side"":""no"",""ticker"":""KXETH15M-26APR280315-15"",""trade_id"":""acb9cc44-6630-75d5-1b26-46dc66509b03"",""yes_price_dollars"":""0.1100""}"
KXETH15M-26APR280315-15,fe141f06-cc70-5e4d-a4af-0ec94b259c6f,1777360211,0.11,167.25,no,"{""count_fp"":""167.25"",""created_time"":""2026-04-28T07:10:11.301713Z"",""no_price_dollars"":""0.8900"",""taker_side"":""no"",""ticker"":""KXETH15M-26APR280315-15"",""trade_id"":""fe141f06-cc70-5e4d-a4af-0ec94b259c6f"",""yes_price_dollars"":""0.1100""}"
KXETH15M-26APR280315-15,e9ae3cb6-ceba-4e44-28dc-66f2e42aa5b3,1777360211,0.14,10.0,yes,"{""count_fp"":""10.00"",""created_time"":""2026-04-28T07:10:11.246136Z"",""no_price_dollars"":""0.8600"",""taker_side"":""yes"",""ticker"":""KXETH15M-26APR280315-15"",""trade_id"":""e9ae3cb6-ceba-4e44-28dc-66f2e42aa5b3"",""yes_price_dollars"":""0.1400""}"
KXETH15M-26APR280315-15,7f047d2f-29e1-4330-0a82-72323f62e011,1777360211,0.15,3.61,yes,"{""count_fp"":""3.61"",""created_time"":""2026-04-28T07:10:11.246136Z"",""no_price_dollars"":""0.8500"",""taker_side"":""yes"",""ticker"":""KXETH15M-26APR280315-15"",""trade_id"":""7f047d2f-29e1-4330-0a82-72323f62e011"",""yes_price_dollars"":""0.1500""}"
KXETH15M-26APR280315-15,6c49874c-d304-401c-1a5e-9111da0a2ae9,1777360211,0.14,1.0,yes,"{""count_fp"":""1.00"",""created_time"":""2026-04-28T07:10:11.246136Z"",""no_price_dollars"":""0.8600"",""taker_side"":""yes"",""ticker"":""KXETH15M-26APR280315-15"",""trade_id"":""6c49874c-d304-401c-1a5e-9111da0a2ae9"",""yes_price_dollars"":""0.1400""}"
KXETH15M-26APR280315-15,c5d8d2ed-e280-4ca9-56f1-13b7a88d20a3,1777360211,0.11,1.12,no,"{""count_fp"":""1.12"",""created_time"":""2026-04-28T07:10:11.172196Z"",""no_price_dollars"":""0.8900"",""taker_side"":""no"",""ticker"":""KXETH15M-26APR280315-15"",""trade_id"":""c5d8d2ed-e280-4ca9-56f1-13b7a88d20a3"",""yes_price_dollars"":""0.1100""}"
KXETH15M-26APR280315-15,b1846f1f-f813-6721-3bb7-140cb0c61428,1777360214,0.087,1.0,no,"{""count_fp"":""1.00"",""created_time"":""2026-04-28T07:10:14.934021Z"",""no_price_dollars"":""0.9130"",""taker_side"":""no"",""ticker"":""KXETH15M-26APR280315-15"",""trade_id"":""b1846f1f-f813-6721-3bb7-140cb0c61428"",""yes_price_dollars"":""0.0870""}"
KXETH15M-26APR280315-15,4f36cb36-503c-6faa-31d3-cde3a239e0ab,1777360214,0.081,10.0,no,"{""count_fp"":""10.00"",""created_time"":""2026-04-28T07:10:14.934021Z"",""no_price_dollars"":""0.9190"",""taker_side"":""no"",""ticker"":""KXETH15M-26APR280315-15"",""trade_id"":""4f36cb36-503c-6faa-31d3-cde3a239e0ab"",""yes_price_dollars"":""0.0810""}"
KXETH15M-26APR280315-15,4992a911-b4b2-6d9c-20fd-833e06c5b6e8,1777360214,0.08,3.0,no,"{""count_fp"":""3.00"",""created_time"":""2026-04-28T07:10:14.934021Z"",""no_price_dollars"":""0.9200"",""taker_side"":""no"",""ticker"":""KXETH15M-26APR280315-15"",""trade_id"":""4992a911-b4b2-6d9c-20fd-833e06c5b6e8"",""yes_price_dollars"":""0.0800""}"
KXETH15M-26APR280315-15,2b67eb2f-bb84-6fb1-0cae-43d1d41d0747,1777360214,0.08,58.0,no,"{""count_fp"":""58.00"",""created_time"":""2026-04-28T07:10:14.934021Z"",""no_price_dollars"":""0.9200"",""taker_side"":""no"",""ticker"":""KXETH15M-26APR280315-15"",""trade_id"":""2b67eb2f-bb84-6fb1-0cae-43d1d41d0747"",""yes_price_dollars"":""0.0800""}"
KXETH15M-26APR280315-15,16d32df4-42da-6d24-201a-4c9aba530e66,1777360214,0.08,1.0,no,"{""count_fp"":""1.00"",""created_time"":""2026-04-28T07:10:14.934021Z"",""no_price_dollars"":""0.9200"",""taker_side"":""no"",""ticker"":""KXETH15M-26APR280315-15"",""trade_id"":""16d32df4-42da-6d24-201a-4c9aba530e66"",""yes_price_dollars"":""0.0800""}"
KXETH15M-26APR280315-15,24262c7e-dd38-5643-c726-4c9673cabc50,1777360214,0.085,24.0,no,"{""count_fp"":""24.00"",""created_time"":""2026-04-28T07:10:14.790694Z"",""no_price_dollars"":""0.9150"",""taker_side"":""no"",""ticker"":""KXETH15M-26APR280315-15"",""trade_id"":""24262c7e-dd38-5643-c726-4c9673cabc50"",""yes_price_dollars"":""0.0850""}"
KXETH15M-26APR280315-15,e68fd7e0-4083-7d84-9e89-f18f5d202432,1777360214,0.087,1.0,no,"{""count_fp"":""1.00"",""created_time"":""2026-04-28T07:10:14.770659Z"",""no_price_dollars"":""0.9130"",""taker_side"":""no"",""ticker"":""KXETH15M-26APR280315-15"",""trade_id"":""e68fd7e0-4083-7d84-9e89-f18f5d202432"",""yes_price_dollars"":""0.0870""}"
KXETH15M-26APR280315-15,57b48170-eb1c-7c5b-9231-85f671808b60,1777360214,0.085,1.18,no,"{""count_fp"":""1.18"",""created_time"":""2026-04-28T07:10:14.770659Z"",""no_price_dollars"":""0.9150"",""taker_side"":""no"",""ticker"":""KXETH15M-26APR280315-15"",""trade_id"":""57b48170-eb1c-7c5b-9231-85f671808b60"",""yes_price_dollars"":""0.0850""}"
KXETH15M-26APR280315-15,d205d067-c496-59c1-eefb-7266e3b7d3cf,1777360214,0.1,1.0,no,"{""count_fp"":""1.00"",""created_time"":""2026-04-28T07:10:14.081465Z"",""no_price_dollars"":""0.9000"",""taker_side"":""no"",""ticker"":""KXETH15M-26APR280315-15"",""trade_id"":""d205d067-c496-59c1-eefb-7266e3b7d3cf"",""yes_price_dollars"":""0.1000""}"
KXETH15M-26APR280315-15,c758acc1-65dd-550d-f9df-120d097a01da,1777360214,0.09,10.0,no,"{""count_fp"":""10.00"",""created_time"":""2026-04-28T07:10:14.081465Z"",""no_price_dollars"":""0.9100"",""taker_side"":""no"",""ticker"":""KXETH15M-26APR280315-15"",""trade_id"":""c758acc1-65dd-550d-f9df-120d097a01da"",""yes_price_dollars"":""0.0900""}"
KXETH15M-26APR280315-15,7e5d197b-3381-5427-d4dc-22a3ac524b44,1777360214,0.1,1.0,no,"{""count_fp"":""1.00"",""created_time"":""2026-04-28T07:10:14.081465Z"",""no_price_dollars"":""0.9000"",""taker_side"":""no"",""ticker"":""KXETH15M-26APR280315-15"",""trade_id"":""7e5d197b-3381-5427-d4dc-22a3ac524b44"",""yes_price_dollars"":""0.1000""}"
KXETH15M-26APR280315-15,7b5434d8-94de-56b0-cd06-15c9db715430,1777360214,0.1,1.0,no,"{""count_fp"":""1.00"",""created_time"":""2026-04-28T07:10:14.081465Z"",""no_price_dollars"":""0.9000"",""taker_side"":""no"",""ticker"":""KXETH15M-26APR280315-15"",""trade_id"":""7b5434d8-94de-56b0-cd06-15c9db715430"",""yes_price_dollars"":""0.1000""}"
KXETH15M-26APR280315-15,74178066-17e1-5925-f703-cfb1a526f374,1777360214,0.09,3.0,no,"{""count_fp"":""3.00"",""created_time"":""2026-04-28T07:10:14.081465Z"",""no_price_dollars"":""0.9100"",""taker_side"":""no"",""ticker"":""KXETH15M-26APR280315-15"",""trade_id"":""74178066-17e1-5925-f703-cfb1a526f374"",""yes_price_dollars"":""0.0900""}"
KXETH15M-26APR280315-15,068ee09a-ed4a-5797-e421-a08442880edf,1777360214,0.1,3.0,no,"{""count_fp"":""3.00"",""created_time"":""2026-04-28T07:10:14.081465Z"",""no_price_dollars"":""0.9000"",""taker_side"":""no"",""ticker"":""KXETH15M-26APR280315-15"",""trade_id"":""068ee09a-ed4a-5797-e421-a08442880edf"",""yes_price_dollars"":""0.1000""}"
KXETH15M-26APR280315-15,0634f52f-b62e-5647-f9af-dc4bdefb0d2e,1777360214,0.09,1.0,no,"{""count_fp"":""1.00"",""created_time"":""2026-04-28T07:10:14.081465Z"",""no_price_dollars"":""0.9100"",""taker_side"":""no"",""ticker"":""KXETH15M-26APR280315-15"",""trade_id"":""0634f52f-b62e-5647-f9af-dc4bdefb0d2e"",""yes_price_dollars"":""0.0900""}"
KXETH15M-26APR280315-15,957cc651-ef22-54b2-8317-a986a59f28ff,1777360215,0.07,1.0,no,"{""count_fp"":""1.00"",""created_time"":""2026-04-28T07:10:15.965501Z"",""no_price_dollars"":""0.9300"",""taker_side"":""no"",""ticker"":""KXETH15M-26APR280315-15"",""trade_id"":""957cc651-ef22-54b2-8317-a986a59f28ff"",""yes_price_dollars"":""0.0700""}"
KXETH15M-26APR280315-15,70c36c02-b2da-5998-81c5-565c9c2491b0,1777360215,0.07,29.0,no,"{""count_fp"":""29.00"",""created_time"":""2026-04-28T07:10:15.965501Z"",""no_price_dollars"":""0.9300"",""taker_side"":""no"",""ticker"":""KXETH15M-26APR280315-15"",""trade_id"":""70c36c02-b2da-5998-81c5-565c9c2491b0"",""yes_price_dollars"":""0.0700""}"
KXETH15M-26APR280315-15,66d1d4a6-2e49-56f9-a21b-2b43c845d340,1777360215,0.07,1.0,no,"{""count_fp"":""1.00"",""created_time"":""2026-04-28T07:10:15.965501Z"",""no_price_dollars"":""0.9300"",""taker_side"":""no"",""ticker"":""KXETH15M-26APR280315-15"",""trade_id"":""66d1d4a6-2e49-56f9-a21b-2b43c845d340"",""yes_price_dollars"":""0.0700""}"
KXETH15M-26APR280315-15,171ed53a-5a3f-54e1-a77d-ce239e13961d,1777360215,0.07,3.0,no,"{""count_fp"":""3.00"",""created_time"":""2026-04-28T07:10:15.965501Z"",""no_price_dollars"":""0.9300"",""taker_side"":""no"",""ticker"":""KXETH15M-26APR280315-15"",""trade_id"":""171ed53a-5a3f-54e1-a77d-ce239e13961d"",""yes_price_dollars"":""0.0700""}"
KXETH15M-26APR280315-15,0d7a6dcb-2890-5c50-97f8-2e5de7b448c5,1777360215,0.07,3.0,no,"{""count_fp"":""3.00"",""created_time"":""2026-04-28T07:10:15.965501Z"",""no_price_dollars"":""0.9300"",""taker_side"":""no"",""ticker"":""KXETH15M-26APR280315-15"",""trade_id"":""0d7a6dcb-2890-5c50-97f8-2e5de7b448c5"",""yes_price_dollars"":""0.0700""}"
KXETH15M-26APR280315-15,72d07d65-2505-4405-db8c-73bef81a3ff8,1777360215,0.081,20.0,no,"{""count_fp"":""20.00"",""created_time"":""2026-04-28T07:10:15.644149Z"",""no_price_dollars"":""0.9190"",""taker_side"":""no"",""ticker"":""KXETH15M-26APR280315-15"",""trade_id"":""72d07d65-2505-4405-db8c-73bef81a3ff8"",""yes_price_dollars"":""0.0810""}"
KXETH15M-26APR280315-15,68fc96e9-0a20-490b-c7bb-2ad11742e33f,1777360215,0.088,1.0,no,"{""count_fp"":""1.00"",""created_time"":""2026-04-28T07:10:15.644149Z"",""no_price_dollars"":""0.9120"",""taker_side"":""no"",""ticker"":""KXETH15M-26APR280315-15"",""trade_id"":""68fc96e9-0a20-490b-c7bb-2ad11742e33f"",""yes_price_dollars"":""0.0880""}"
KXETH15M-26APR280315-15,34eff9c7-cecc-424f-f106-554057687308,1777360215,0.086,400.0,no,"{""count_fp"":""400.00"",""created_time"":""2026-04-28T07:10:15.644149Z"",""no_price_dollars"":""0.9140"",""taker_side"":""no"",""ticker"":""KXETH15M-26APR280315-15"",""trade_id"":""34eff9c7-cecc-424f-f106-554057687308"",""yes_price_dollars"":""0.0860""}"
