ticker,trade_id,ts,yes_price,count,taker_side,raw_json
KXETH15M-26APR271800-00,647cf9fc-0dc3-6253-da6c-9dde76c6bf53,1777326306,0.42,5.02,no,"{""count_fp"":""5.02"",""created_time"":""2026-04-27T21:45:06.736742Z"",""no_price_dollars"":""0.5800"",""taker_side"":""no"",""ticker"":""KXETH15M-26APR271800-00"",""trade_id"":""647cf9fc-0dc3-6253-da6c-9dde76c6bf53"",""yes_price_dollars"":""0.4200""}"
KXETH15M-26APR271800-00,7985469b-0b4a-5f46-50c4-9fced0252cb3,1777326317,0.41,1.0,no,"{""count_fp"":""1.00"",""created_time"":""2026-04-27T21:45:17.406312Z"",""no_price_dollars"":""0.5900"",""taker_side"":""no"",""ticker"":""KXETH15M-26APR271800-00"",""trade_id"":""7985469b-0b4a-5f46-50c4-9fced0252cb3"",""yes_price_dollars"":""0.4100""}"
KXETH15M-26APR271800-00,6a7803c1-08a5-570e-411d-5ea751b1f8e6,1777326317,0.4,3.8,no,"{""count_fp"":""3.80"",""created_time"":""2026-04-27T21:45:17.406312Z"",""no_price_dollars"":""0.6000"",""taker_side"":""no"",""ticker"":""KXETH15M-26APR271800-00"",""trade_id"":""6a7803c1-08a5-570e-411d-5ea751b1f8e6"",""yes_price_dollars"":""0.4000""}"
KXETH15M-26APR271800-00,1e0b0245-e72e-5c72-76ac-2d68d72d069e,1777326317,0.41,5.0,no,"{""count_fp"":""5.00"",""created_time"":""2026-04-27T21:45:17.406312Z"",""no_price_dollars"":""0.5900"",""taker_side"":""no"",""ticker"":""KXETH15M-26APR271800-00"",""trade_id"":""1e0b0245-e72e-5c72-76ac-2d68d72d069e"",""yes_price_dollars"":""0.4100""}"
KXETH15M-26APR271800-00,8770c124-635a-68c2-3c4a-40c6025c0da7,1777326322,0.39,1.0,yes,"{""count_fp"":""1.00"",""created_time"":""2026-04-27T21:45:22.551736Z"",""no_price_dollars"":""0.6100"",""taker_side"":""yes"",""ticker"":""KXETH15M-26APR271800-00"",""trade_id"":""8770c124-635a-68c2-3c4a-40c6025c0da7"",""yes_price_dollars"":""0.3900""}"
KXETH15M-26APR271800-00,c4675649-c202-6262-c514-2926ff603877,1777326324,0.39,1.0,yes,"{""count_fp"":""1.00"",""created_time"":""2026-04-27T21:45:24.155104Z"",""no_price_dollars"":""0.6100"",""taker_side"":""yes"",""ticker"":""KXETH15M-26APR271800-00"",""trade_id"":""c4675649-c202-6262-c514-2926ff603877"",""yes_price_dollars"":""0.3900""}"
KXETH15M-26APR271800-00,9590f890-007b-6de9-6555-4a97a45f6c69,1777326326,0.38,1.0,no,"{""count_fp"":""1.00"",""created_time"":""2026-04-27T21:45:26.624809Z"",""no_price_dollars"":""0.6200"",""taker_side"":""no"",""ticker"":""KXETH15M-26APR271800-00"",""trade_id"":""9590f890-007b-6de9-6555-4a97a45f6c69"",""yes_price_dollars"":""0.3800""}"
KXETH15M-26APR271800-00,45466c85-0ec7-616f-7f6d-8f69b0500203,1777326326,0.37,2.0,no,"{""count_fp"":""2.00"",""created_time"":""2026-04-27T21:45:26.624809Z"",""no_price_dollars"":""0.6300"",""taker_side"":""no"",""ticker"":""KXETH15M-26APR271800-00"",""trade_id"":""45466c85-0ec7-616f-7f6d-8f69b0500203"",""yes_price_dollars"":""0.3700""}"
KXETH15M-26APR271800-00,b142c21c-7b40-7ecd-5345-530140e67942,1777326329,0.37,0.31,no,"{""count_fp"":""0.31"",""created_time"":""2026-04-27T21:45:29.287148Z"",""no_price_dollars"":""0.6300"",""taker_side"":""no"",""ticker"":""KXETH15M-26APR271800-00"",""trade_id"":""b142c21c-7b40-7ecd-5345-530140e67942"",""yes_price_dollars"":""0.3700""}"
KXETH15M-26APR271800-00,d24c675d-cb52-5ba4-969c-af4076a4b92c,1777326331,0.4,8.0,yes,"{""count_fp"":""8.00"",""created_time"":""2026-04-27T21:45:31.804344Z"",""no_price_dollars"":""0.6000"",""taker_side"":""yes"",""ticker"":""KXETH15M-26APR271800-00"",""trade_id"":""d24c675d-cb52-5ba4-969c-af4076a4b92c"",""yes_price_dollars"":""0.4000""}"
KXETH15M-26APR271800-00,d1cdcbad-900f-54d4-b9d8-57cce1ccfaef,1777326331,0.4,2.0,yes,"{""count_fp"":""2.00"",""created_time"":""2026-04-27T21:45:31.804344Z"",""no_price_dollars"":""0.6000"",""taker_side"":""yes"",""ticker"":""KXETH15M-26APR271800-00"",""trade_id"":""d1cdcbad-900f-54d4-b9d8-57cce1ccfaef"",""yes_price_dollars"":""0.4000""}"
KXETH15M-26APR271800-00,8805d1df-38f8-480e-fc80-75dec5f19cc0,1777326333,0.36,1.0,no,"{""count_fp"":""1.00"",""created_time"":""2026-04-27T21:45:33.809915Z"",""no_price_dollars"":""0.6400"",""taker_side"":""no"",""ticker"":""KXETH15M-26APR271800-00"",""trade_id"":""8805d1df-38f8-480e-fc80-75dec5f19cc0"",""yes_price_dollars"":""0.3600""}"
KXETH15M-26APR271800-00,58c58d96-96b6-4f49-fcca-aa541d0c3a58,1777326333,0.35,1.0,no,"{""count_fp"":""1.00"",""created_time"":""2026-04-27T21:45:33.809915Z"",""no_price_dollars"":""0.6500"",""taker_side"":""no"",""ticker"":""KXETH15M-26APR271800-00"",""trade_id"":""58c58d96-96b6-4f49-fcca-aa541d0c3a58"",""yes_price_dollars"":""0.3500""}"
KXETH15M-26APR271800-00,188a5226-c9f4-43e5-ebe7-8361e07f9945,1777326333,0.37,1.0,no,"{""count_fp"":""1.00"",""created_time"":""2026-04-27T21:45:33.809915Z"",""no_price_dollars"":""0.6300"",""taker_side"":""no"",""ticker"":""KXETH15M-26APR271800-00"",""trade_id"":""188a5226-c9f4-43e5-ebe7-8361e07f9945"",""yes_price_dollars"":""0.3700""}"
KXETH15M-26APR271800-00,7835cab8-3cb8-6aa5-b305-1f5074033931,1777326333,0.37,1.0,no,"{""count_fp"":""1.00"",""created_time"":""2026-04-27T21:45:33.681212Z"",""no_price_dollars"":""0.6300"",""taker_side"":""no"",""ticker"":""KXETH15M-26APR271800-00"",""trade_id"":""7835cab8-3cb8-6aa5-b305-1f5074033931"",""yes_price_dollars"":""0.3700""}"
KXETH15M-26APR271800-00,b5f2789a-317e-709c-609e-081273c80700,1777326338,0.39,52.0,yes,"{""count_fp"":""52.00"",""created_time"":""2026-04-27T21:45:38.869287Z"",""no_price_dollars"":""0.6100"",""taker_side"":""yes"",""ticker"":""KXETH15M-26APR271800-00"",""trade_id"":""b5f2789a-317e-709c-609e-081273c80700"",""yes_price_dollars"":""0.3900""}"
KXETH15M-26APR271800-00,62cdaa95-cdcb-7851-44c6-3c6a13b85c2d,1777326338,0.39,10.98,yes,"{""count_fp"":""10.98"",""created_time"":""2026-04-27T21:45:38.869287Z"",""no_price_dollars"":""0.6100"",""taker_side"":""yes"",""ticker"":""KXETH15M-26APR271800-00"",""trade_id"":""62cdaa95-cdcb-7851-44c6-3c6a13b85c2d"",""yes_price_dollars"":""0.3900""}"
KXETH15M-26APR271800-00,fae8ae1f-6f0d-5a63-0118-4f59d571c70e,1777326339,0.4,60.0,yes,"{""count_fp"":""60.00"",""created_time"":""2026-04-27T21:45:39.013924Z"",""no_price_dollars"":""0.6000"",""taker_side"":""yes"",""ticker"":""KXETH15M-26APR271800-00"",""trade_id"":""fae8ae1f-6f0d-5a63-0118-4f59d571c70e"",""yes_price_dollars"":""0.4000""}"
KXETH15M-26APR271800-00,f9545bc7-8956-68d5-6283-73101ffdfc38,1777326343,0.38,13.3,no,"{""count_fp"":""13.30"",""created_time"":""2026-04-27T21:45:43.610854Z"",""no_price_dollars"":""0.6200"",""taker_side"":""no"",""ticker"":""KXETH15M-26APR271800-00"",""trade_id"":""f9545bc7-8956-68d5-6283-73101ffdfc38"",""yes_price_dollars"":""0.3800""}"
KXETH15M-26APR271800-00,2556ce5b-40af-643c-4bbe-72357c820020,1777326343,0.38,10.26,no,"{""count_fp"":""10.26"",""created_time"":""2026-04-27T21:45:43.610854Z"",""no_price_dollars"":""0.6200"",""taker_side"":""no"",""ticker"":""KXETH15M-26APR271800-00"",""trade_id"":""2556ce5b-40af-643c-4bbe-72357c820020"",""yes_price_dollars"":""0.3800""}"
KXETH15M-26APR271800-00,a57d1c01-125e-62c1-55e1-2ca209a03a9c,1777326349,0.37,14.47,no,"{""count_fp"":""14.47"",""created_time"":""2026-04-27T21:45:49.149894Z"",""no_price_dollars"":""0.6300"",""taker_side"":""no"",""ticker"":""KXETH15M-26APR271800-00"",""trade_id"":""a57d1c01-125e-62c1-55e1-2ca209a03a9c"",""yes_price_dollars"":""0.3700""}"
KXETH15M-26APR271800-00,326bb4b0-a001-69c8-4bc9-57ca22ff8830,1777326349,0.37,1.0,no,"{""count_fp"":""1.00"",""created_time"":""2026-04-27T21:45:49.149894Z"",""no_price_dollars"":""0.6300"",""taker_side"":""no"",""ticker"":""KXETH15M-26APR271800-00"",""trade_id"":""326bb4b0-a001-69c8-4bc9-57ca22ff8830"",""yes_price_dollars"":""0.3700""}"
KXETH15M-26APR271800-00,c8f1ec66-ed32-6c81-763b-4c86cbf99714,1777326351,0.4,10.11,no,"{""count_fp"":""10.11"",""created_time"":""2026-04-27T21:45:51.697183Z"",""no_price_dollars"":""0.6000"",""taker_side"":""no"",""ticker"":""KXETH15M-26APR271800-00"",""trade_id"":""c8f1ec66-ed32-6c81-763b-4c86cbf99714"",""yes_price_dollars"":""0.4000""}"
KXETH15M-26APR271800-00,648accaa-21b6-618d-6748-c063c8d0489b,1777326351,0.4,10.0,no,"{""count_fp"":""10.00"",""created_time"":""2026-04-27T21:45:51.697183Z"",""no_price_dollars"":""0.6000"",""taker_side"":""no"",""ticker"":""KXETH15M-26APR271800-00"",""trade_id"":""648accaa-21b6-618d-6748-c063c8d0489b"",""yes_price_dollars"":""0.4000""}"
KXETH15M-26APR271800-00,9498a340-85fd-592e-1d27-64b00fa49f94,1777326360,0.39,2.0,no,"{""count_fp"":""2.00"",""created_time"":""2026-04-27T21:46:00.062164Z"",""no_price_dollars"":""0.6100"",""taker_side"":""no"",""ticker"":""KXETH15M-26APR271800-00"",""trade_id"":""9498a340-85fd-592e-1d27-64b00fa49f94"",""yes_price_dollars"":""0.3900""}"
KXETH15M-26APR271800-00,e4fe5407-33f8-4811-feee-cb714ef496ec,1777326361,0.39,1.0,yes,"{""count_fp"":""1.00"",""created_time"":""2026-04-27T21:46:01.147632Z"",""no_price_dollars"":""0.6100"",""taker_side"":""yes"",""ticker"":""KXETH15M-26APR271800-00"",""trade_id"":""e4fe5407-33f8-4811-feee-cb714ef496ec"",""yes_price_dollars"":""0.3900""}"
KXETH15M-26APR271800-00,7e0028bb-24eb-405a-f2d4-54ad240836aa,1777326361,0.42,1.0,yes,"{""count_fp"":""1.00"",""created_time"":""2026-04-27T21:46:01.147632Z"",""no_price_dollars"":""0.5800"",""taker_side"":""yes"",""ticker"":""KXETH15M-26APR271800-00"",""trade_id"":""7e0028bb-24eb-405a-f2d4-54ad240836aa"",""yes_price_dollars"":""0.4200""}"
KXETH15M-26APR271800-00,6cdc0a7d-c448-43a7-d9a2-d04c132d404c,1777326361,0.43,6.0,yes,"{""count_fp"":""6.00"",""created_time"":""2026-04-27T21:46:01.147632Z"",""no_price_dollars"":""0.5700"",""taker_side"":""yes"",""ticker"":""KXETH15M-26APR271800-00"",""trade_id"":""6cdc0a7d-c448-43a7-d9a2-d04c132d404c"",""yes_price_dollars"":""0.4300""}"
KXETH15M-26APR271800-00,d8a4079d-c342-4cc6-f5e1-1fa7ac072ed7,1777326362,0.42,1.0,no,"{""count_fp"":""1.00"",""created_time"":""2026-04-27T21:46:02.886339Z"",""no_price_dollars"":""0.5800"",""taker_side"":""no"",""ticker"":""KXETH15M-26APR271800-00"",""trade_id"":""d8a4079d-c342-4cc6-f5e1-1fa7ac072ed7"",""yes_price_dollars"":""0.4200""}"
KXETH15M-26APR271800-00,329f895a-e40a-4241-df6f-e13ea474b578,1777326362,0.42,100.0,no,"{""count_fp"":""100.00"",""created_time"":""2026-04-27T21:46:02.886339Z"",""no_price_dollars"":""0.5800"",""taker_side"":""no"",""ticker"":""KXETH15M-26APR271800-00"",""trade_id"":""329f895a-e40a-4241-df6f-e13ea474b578"",""yes_price_dollars"":""0.4200""}"
KXETH15M-26APR271800-00,e94fbb8b-c01f-4972-39cc-fabceabd802d,1777326363,0.42,8.37,no,"{""count_fp"":""8.37"",""created_time"":""2026-04-27T21:46:03.212634Z"",""no_price_dollars"":""0.5800"",""taker_side"":""no"",""ticker"":""KXETH15M-26APR271800-00"",""trade_id"":""e94fbb8b-c01f-4972-39cc-fabceabd802d"",""yes_price_dollars"":""0.4200""}"
KXETH15M-26APR271800-00,6a1a8259-f25a-4962-f534-f32e47d6313b,1777326364,0.38,39.0,no,"{""count_fp"":""39.00"",""created_time"":""2026-04-27T21:46:04.306987Z"",""no_price_dollars"":""0.6200"",""taker_side"":""no"",""ticker"":""KXETH15M-26APR271800-00"",""trade_id"":""6a1a8259-f25a-4962-f534-f32e47d6313b"",""yes_price_dollars"":""0.3800""}"
KXETH15M-26APR271800-00,28251463-ca1c-412b-cd21-0cc779d4a044,1777326364,0.4,1.0,no,"{""count_fp"":""1.00"",""created_time"":""2026-04-27T21:46:04.306987Z"",""no_price_dollars"":""0.6000"",""taker_side"":""no"",""ticker"":""KXETH15M-26APR271800-00"",""trade_id"":""28251463-ca1c-412b-cd21-0cc779d4a044"",""yes_price_dollars"":""0.4000""}"
KXETH15M-26APR271800-00,88ca5f3a-0cc2-6553-670b-f0c8fb250496,1777326367,0.43,1.0,no,"{""count_fp"":""1.00"",""created_time"":""2026-04-27T21:46:07.776619Z"",""no_price_dollars"":""0.5700"",""taker_side"":""no"",""ticker"":""KXETH15M-26APR271800-00"",""trade_id"":""88ca5f3a-0cc2-6553-670b-f0c8fb250496"",""yes_price_dollars"":""0.4300""}"
KXETH15M-26APR271800-00,c7091d45-9bc4-5d45-9d8a-da9832692647,1777326367,0.41,1.0,yes,"{""count_fp"":""1.00"",""created_time"":""2026-04-27T21:46:07.592503Z"",""no_price_dollars"":""0.5900"",""taker_side"":""yes"",""ticker"":""KXETH15M-26APR271800-00"",""trade_id"":""c7091d45-9bc4-5d45-9d8a-da9832692647"",""yes_price_dollars"":""0.4100""}"
KXETH15M-26APR271800-00,738c6981-0bab-5b58-9c22-752b7a06c077,1777326367,0.43,1.0,yes,"{""count_fp"":""1.00"",""created_time"":""2026-04-27T21:46:07.592503Z"",""no_price_dollars"":""0.5700"",""taker_side"":""yes"",""ticker"":""KXETH15M-26APR271800-00"",""trade_id"":""738c6981-0bab-5b58-9c22-752b7a06c077"",""yes_price_dollars"":""0.4300""}"
KXETH15M-26APR271800-00,5a5e39af-df9e-4ca1-4c0f-cff2c07461a1,1777326369,0.43,1.0,no,"{""count_fp"":""1.00"",""created_time"":""2026-04-27T21:46:09.611805Z"",""no_price_dollars"":""0.5700"",""taker_side"":""no"",""ticker"":""KXETH15M-26APR271800-00"",""trade_id"":""5a5e39af-df9e-4ca1-4c0f-cff2c07461a1"",""yes_price_dollars"":""0.4300""}"
KXETH15M-26APR271800-00,edf92e0f-565a-466d-2e88-ee76596784a5,1777326369,0.43,3.0,no,"{""count_fp"":""3.00"",""created_time"":""2026-04-27T21:46:09.108085Z"",""no_price_dollars"":""0.5700"",""taker_side"":""no"",""ticker"":""KXETH15M-26APR271800-00"",""trade_id"":""edf92e0f-565a-466d-2e88-ee76596784a5"",""yes_price_dollars"":""0.4300""}"
KXETH15M-26APR271800-00,c57268da-d4ca-420f-26c0-f89ff7b05ac2,1777326369,0.43,7.0,no,"{""count_fp"":""7.00"",""created_time"":""2026-04-27T21:46:09.108085Z"",""no_price_dollars"":""0.5700"",""taker_side"":""no"",""ticker"":""KXETH15M-26APR271800-00"",""trade_id"":""c57268da-d4ca-420f-26c0-f89ff7b05ac2"",""yes_price_dollars"":""0.4300""}"
KXETH15M-26APR271800-00,d3e59766-7afe-7de1-632f-92cf5a2bcf25,1777326370,0.43,1.0,no,"{""count_fp"":""1.00"",""created_time"":""2026-04-27T21:46:10.473695Z"",""no_price_dollars"":""0.5700"",""taker_side"":""no"",""ticker"":""KXETH15M-26APR271800-00"",""trade_id"":""d3e59766-7afe-7de1-632f-92cf5a2bcf25"",""yes_price_dollars"":""0.4300""}"
KXETH15M-26APR271800-00,bc3ed83b-33a3-7056-7178-630c19b242f7,1777326370,0.42,0.62,no,"{""count_fp"":""0.62"",""created_time"":""2026-04-27T21:46:10.473695Z"",""no_price_dollars"":""0.5800"",""taker_side"":""no"",""ticker"":""KXETH15M-26APR271800-00"",""trade_id"":""bc3ed83b-33a3-7056-7178-630c19b242f7"",""yes_price_dollars"":""0.4200""}"
KXETH15M-26APR271800-00,5b89c7d2-5c2b-634e-5cc3-52c66f0df2c2,1777326372,0.44,1.0,yes,"{""count_fp"":""1.00"",""created_time"":""2026-04-27T21:46:12.093993Z"",""no_price_dollars"":""0.5600"",""taker_side"":""yes"",""ticker"":""KXETH15M-26APR271800-00"",""trade_id"":""5b89c7d2-5c2b-634e-5cc3-52c66f0df2c2"",""yes_price_dollars"":""0.4400""}"
KXETH15M-26APR271800-00,eba7692c-a09f-53b8-1005-20004bffce06,1777326373,0.44,20.18,yes,"{""count_fp"":""20.18"",""created_time"":""2026-04-27T21:46:13.526966Z"",""no_price_dollars"":""0.5600"",""taker_side"":""yes"",""ticker"":""KXETH15M-26APR271800-00"",""trade_id"":""eba7692c-a09f-53b8-1005-20004bffce06"",""yes_price_dollars"":""0.4400""}"
KXETH15M-26APR271800-00,134604c1-1d2c-50cd-342f-b8b6ecbdecdf,1777326373,0.43,1.0,yes,"{""count_fp"":""1.00"",""created_time"":""2026-04-27T21:46:13.526966Z"",""no_price_dollars"":""0.5700"",""taker_side"":""yes"",""ticker"":""KXETH15M-26APR271800-00"",""trade_id"":""134604c1-1d2c-50cd-342f-b8b6ecbdecdf"",""yes_price_dollars"":""0.4300""}"
KXETH15M-26APR271800-00,ef28ec44-ba6d-64e0-c3a4-0b13258e1b8f,1777326373,0.42,10.0,no,"{""count_fp"":""10.00"",""created_time"":""2026-04-27T21:46:13.498817Z"",""no_price_dollars"":""0.5800"",""taker_side"":""no"",""ticker"":""KXETH15M-26APR271800-00"",""trade_id"":""ef28ec44-ba6d-64e0-c3a4-0b13258e1b8f"",""yes_price_dollars"":""0.4200""}"
KXETH15M-26APR271800-00,9f4a2540-040a-6056-dddb-e4776d5eda3f,1777326373,0.41,6.21,no,"{""count_fp"":""6.21"",""created_time"":""2026-04-27T21:46:13.498817Z"",""no_price_dollars"":""0.5900"",""taker_side"":""no"",""ticker"":""KXETH15M-26APR271800-00"",""trade_id"":""9f4a2540-040a-6056-dddb-e4776d5eda3f"",""yes_price_dollars"":""0.4100""}"
KXETH15M-26APR271800-00,2bf2eb51-8339-4be1-5012-bae5d4025dff,1777326376,0.4,3.18,no,"{""count_fp"":""3.18"",""created_time"":""2026-04-27T21:46:16.608057Z"",""no_price_dollars"":""0.6000"",""taker_side"":""no"",""ticker"":""KXETH15M-26APR271800-00"",""trade_id"":""2bf2eb51-8339-4be1-5012-bae5d4025dff"",""yes_price_dollars"":""0.4000""}"
KXETH15M-26APR271800-00,90959942-7a1b-444d-eca6-4f890bed7f95,1777326376,0.43,1.0,yes,"{""count_fp"":""1.00"",""created_time"":""2026-04-27T21:46:16.533581Z"",""no_price_dollars"":""0.5700"",""taker_side"":""yes"",""ticker"":""KXETH15M-26APR271800-00"",""trade_id"":""90959942-7a1b-444d-eca6-4f890bed7f95"",""yes_price_dollars"":""0.4300""}"
KXETH15M-26APR271800-00,2af163cf-490f-4356-e314-8a7994f8a3ef,1777326376,0.45,9.73,yes,"{""count_fp"":""9.73"",""created_time"":""2026-04-27T21:46:16.533581Z"",""no_price_dollars"":""0.5500"",""taker_side"":""yes"",""ticker"":""KXETH15M-26APR271800-00"",""trade_id"":""2af163cf-490f-4356-e314-8a7994f8a3ef"",""yes_price_dollars"":""0.4500""}"
KXETH15M-26APR271800-00,d38b8639-58be-6111-65c6-6ea9017da69d,1777326380,0.43,1.0,yes,"{""count_fp"":""1.00"",""created_time"":""2026-04-27T21:46:20.264529Z"",""no_price_dollars"":""0.5700"",""taker_side"":""yes"",""ticker"":""KXETH15M-26APR271800-00"",""trade_id"":""d38b8639-58be-6111-65c6-6ea9017da69d"",""yes_price_dollars"":""0.4300""}"
KXETH15M-26APR271800-00,998b59bb-3fa9-6dac-63dc-03f6d72ea9a8,1777326380,0.45,10.43,yes,"{""count_fp"":""10.43"",""created_time"":""2026-04-27T21:46:20.264529Z"",""no_price_dollars"":""0.5500"",""taker_side"":""yes"",""ticker"":""KXETH15M-26APR271800-00"",""trade_id"":""998b59bb-3fa9-6dac-63dc-03f6d72ea9a8"",""yes_price_dollars"":""0.4500""}"
KXETH15M-26APR271800-00,3f0f3c2e-397c-67fe-7204-bd9c6eb3d1b7,1777326380,0.45,10.0,yes,"{""count_fp"":""10.00"",""created_time"":""2026-04-27T21:46:20.264529Z"",""no_price_dollars"":""0.5500"",""taker_side"":""yes"",""ticker"":""KXETH15M-26APR271800-00"",""trade_id"":""3f0f3c2e-397c-67fe-7204-bd9c6eb3d1b7"",""yes_price_dollars"":""0.4500""}"
KXETH15M-26APR271800-00,e2ff2912-4a6e-61a7-3fe8-4c518e9ba051,1777326382,0.42,1.62,no,"{""count_fp"":""1.62"",""created_time"":""2026-04-27T21:46:22.294262Z"",""no_price_dollars"":""0.5800"",""taker_side"":""no"",""ticker"":""KXETH15M-26APR271800-00"",""trade_id"":""e2ff2912-4a6e-61a7-3fe8-4c518e9ba051"",""yes_price_dollars"":""0.4200""}"
KXETH15M-26APR271800-00,ed0c323d-ad68-7903-6275-80ef1a4fe13e,1777326386,0.42,10.0,yes,"{""count_fp"":""10.00"",""created_time"":""2026-04-27T21:46:26.474804Z"",""no_price_dollars"":""0.5800"",""taker_side"":""yes"",""ticker"":""KXETH15M-26APR271800-00"",""trade_id"":""ed0c323d-ad68-7903-6275-80ef1a4fe13e"",""yes_price_dollars"":""0.4200""}"
KXETH15M-26APR271800-00,47d5a242-4856-732b-522b-e6de60a8e3c5,1777326386,0.42,10.79,yes,"{""count_fp"":""10.79"",""created_time"":""2026-04-27T21:46:26.474804Z"",""no_price_dollars"":""0.5800"",""taker_side"":""yes"",""ticker"":""KXETH15M-26APR271800-00"",""trade_id"":""47d5a242-4856-732b-522b-e6de60a8e3c5"",""yes_price_dollars"":""0.4200""}"
KXETH15M-26APR271800-00,2e15f4c7-f449-7e10-4b84-52f85335584e,1777326386,0.42,1.0,yes,"{""count_fp"":""1.00"",""created_time"":""2026-04-27T21:46:26.474804Z"",""no_price_dollars"":""0.5800"",""taker_side"":""yes"",""ticker"":""KXETH15M-26APR271800-00"",""trade_id"":""2e15f4c7-f449-7e10-4b84-52f85335584e"",""yes_price_dollars"":""0.4200""}"
KXETH15M-26APR271800-00,2c2a9a03-3e7b-7148-5e74-ed454e669f6f,1777326386,0.42,10.34,yes,"{""count_fp"":""10.34"",""created_time"":""2026-04-27T21:46:26.474804Z"",""no_price_dollars"":""0.5800"",""taker_side"":""yes"",""ticker"":""KXETH15M-26APR271800-00"",""trade_id"":""2c2a9a03-3e7b-7148-5e74-ed454e669f6f"",""yes_price_dollars"":""0.4200""}"
KXETH15M-26APR271800-00,f28e1c7f-7f28-4855-d7c6-de8bcb48617b,1777326387,0.38,10.0,no,"{""count_fp"":""10.00"",""created_time"":""2026-04-27T21:46:27.979796Z"",""no_price_dollars"":""0.6200"",""taker_side"":""no"",""ticker"":""KXETH15M-26APR271800-00"",""trade_id"":""f28e1c7f-7f28-4855-d7c6-de8bcb48617b"",""yes_price_dollars"":""0.3800""}"
KXETH15M-26APR271800-00,c2ba4bb8-3bc9-4d9c-e377-e391c8ba013a,1777326387,0.38,10.26,no,"{""count_fp"":""10.26"",""created_time"":""2026-04-27T21:46:27.979796Z"",""no_price_dollars"":""0.6200"",""taker_side"":""no"",""ticker"":""KXETH15M-26APR271800-00"",""trade_id"":""c2ba4bb8-3bc9-4d9c-e377-e391c8ba013a"",""yes_price_dollars"":""0.3800""}"
KXETH15M-26APR271800-00,15ea2b8b-9602-48aa-d940-054036eb6bdb,1777326387,0.37,57.24,no,"{""count_fp"":""57.24"",""created_time"":""2026-04-27T21:46:27.979796Z"",""no_price_dollars"":""0.6300"",""taker_side"":""no"",""ticker"":""KXETH15M-26APR271800-00"",""trade_id"":""15ea2b8b-9602-48aa-d940-054036eb6bdb"",""yes_price_dollars"":""0.3700""}"
KXETH15M-26APR271800-00,a33d8015-5f8f-6054-fe18-d3916c1748a6,1777326392,0.37,6.73,no,"{""count_fp"":""6.73"",""created_time"":""2026-04-27T21:46:32.761748Z"",""no_price_dollars"":""0.6300"",""taker_side"":""no"",""ticker"":""KXETH15M-26APR271800-00"",""trade_id"":""a33d8015-5f8f-6054-fe18-d3916c1748a6"",""yes_price_dollars"":""0.3700""}"
KXETH15M-26APR271800-00,06e28cc6-137a-6207-fe52-1a51ff44264d,1777326392,0.37,1.0,no,"{""count_fp"":""1.00"",""created_time"":""2026-04-27T21:46:32.761748Z"",""no_price_dollars"":""0.6300"",""taker_side"":""no"",""ticker"":""KXETH15M-26APR271800-00"",""trade_id"":""06e28cc6-137a-6207-fe52-1a51ff44264d"",""yes_price_dollars"":""0.3700""}"
KXETH15M-26APR271800-00,9fe7ff35-ee6e-7114-d8e5-ac9862784c9c,1777326395,0.39,0.1,yes,"{""count_fp"":""0.10"",""created_time"":""2026-04-27T21:46:35.705146Z"",""no_price_dollars"":""0.6100"",""taker_side"":""yes"",""ticker"":""KXETH15M-26APR271800-00"",""trade_id"":""9fe7ff35-ee6e-7114-d8e5-ac9862784c9c"",""yes_price_dollars"":""0.3900""}"
KXETH15M-26APR271800-00,dfb35dc5-72d2-6180-16cf-a99ca4fc4730,1777326401,0.39,11.94,yes,"{""count_fp"":""11.94"",""created_time"":""2026-04-27T21:46:41.772368Z"",""no_price_dollars"":""0.6100"",""taker_side"":""yes"",""ticker"":""KXETH15M-26APR271800-00"",""trade_id"":""dfb35dc5-72d2-6180-16cf-a99ca4fc4730"",""yes_price_dollars"":""0.3900""}"
KXETH15M-26APR271800-00,d84341d0-53bb-6009-2e30-88bec32679db,1777326401,0.39,1.0,yes,"{""count_fp"":""1.00"",""created_time"":""2026-04-27T21:46:41.772368Z"",""no_price_dollars"":""0.6100"",""taker_side"":""yes"",""ticker"":""KXETH15M-26APR271800-00"",""trade_id"":""d84341d0-53bb-6009-2e30-88bec32679db"",""yes_price_dollars"":""0.3900""}"
KXETH15M-26APR271800-00,c6de6c4d-9561-6e29-03c2-1cd46271a989,1777326401,0.39,6.11,yes,"{""count_fp"":""6.11"",""created_time"":""2026-04-27T21:46:41.772368Z"",""no_price_dollars"":""0.6100"",""taker_side"":""yes"",""ticker"":""KXETH15M-26APR271800-00"",""trade_id"":""c6de6c4d-9561-6e29-03c2-1cd46271a989"",""yes_price_dollars"":""0.3900""}"
KXETH15M-26APR271800-00,75eb3c79-b68a-69bf-1512-de4d02e2cd78,1777326401,0.39,5.0,yes,"{""count_fp"":""5.00"",""created_time"":""2026-04-27T21:46:41.772368Z"",""no_price_dollars"":""0.6100"",""taker_side"":""yes"",""ticker"":""KXETH15M-26APR271800-00"",""trade_id"":""75eb3c79-b68a-69bf-1512-de4d02e2cd78"",""yes_price_dollars"":""0.3900""}"
KXETH15M-26APR271800-00,f991e6f0-c514-7c51-920f-8b9c403c0cbd,1777326402,0.35,8.91,no,"{""count_fp"":""8.91"",""created_time"":""2026-04-27T21:46:42.237393Z"",""no_price_dollars"":""0.6500"",""taker_side"":""no"",""ticker"":""KXETH15M-26APR271800-00"",""trade_id"":""f991e6f0-c514-7c51-920f-8b9c403c0cbd"",""yes_price_dollars"":""0.3500""}"
KXETH15M-26APR271800-00,d5a1b164-f51d-76cf-9afa-2859f705f8a8,1777326402,0.34,4.83,no,"{""count_fp"":""4.83"",""created_time"":""2026-04-27T21:46:42.237393Z"",""no_price_dollars"":""0.6600"",""taker_side"":""no"",""ticker"":""KXETH15M-26APR271800-00"",""trade_id"":""d5a1b164-f51d-76cf-9afa-2859f705f8a8"",""yes_price_dollars"":""0.3400""}"
KXETH15M-26APR271800-00,069ded6d-1541-787e-ab65-26e79d213cfd,1777326402,0.35,1.0,no,"{""count_fp"":""1.00"",""created_time"":""2026-04-27T21:46:42.237393Z"",""no_price_dollars"":""0.6500"",""taker_side"":""no"",""ticker"":""KXETH15M-26APR271800-00"",""trade_id"":""069ded6d-1541-787e-ab65-26e79d213cfd"",""yes_price_dollars"":""0.3500""}"
KXETH15M-26APR271800-00,9c94c578-204a-48fa-db89-448279349ccf,1777326405,0.34,0.29,no,"{""count_fp"":""0.29"",""created_time"":""2026-04-27T21:46:45.982323Z"",""no_price_dollars"":""0.6600"",""taker_side"":""no"",""ticker"":""KXETH15M-26APR271800-00"",""trade_id"":""9c94c578-204a-48fa-db89-448279349ccf"",""yes_price_dollars"":""0.3400""}"
KXETH15M-26APR271800-00,dc105e4e-6af5-469f-02ef-b55a36a342f8,1777326405,0.35,4.0,yes,"{""count_fp"":""4.00"",""created_time"":""2026-04-27T21:46:45.808917Z"",""no_price_dollars"":""0.6500"",""taker_side"":""yes"",""ticker"":""KXETH15M-26APR271800-00"",""trade_id"":""dc105e4e-6af5-469f-02ef-b55a36a342f8"",""yes_price_dollars"":""0.3500""}"
KXETH15M-26APR271800-00,db24fa2a-6482-40c7-2b9a-40aff3f9a6f5,1777326405,0.39,22.27,yes,"{""count_fp"":""22.27"",""created_time"":""2026-04-27T21:46:45.808917Z"",""no_price_dollars"":""0.6100"",""taker_side"":""yes"",""ticker"":""KXETH15M-26APR271800-00"",""trade_id"":""db24fa2a-6482-40c7-2b9a-40aff3f9a6f5"",""yes_price_dollars"":""0.3900""}"
KXETH15M-26APR271800-00,75e3d430-f641-481b-1fd3-5968002706a9,1777326405,0.38,10.0,yes,"{""count_fp"":""10.00"",""created_time"":""2026-04-27T21:46:45.808917Z"",""no_price_dollars"":""0.6200"",""taker_side"":""yes"",""ticker"":""KXETH15M-26APR271800-00"",""trade_id"":""75e3d430-f641-481b-1fd3-5968002706a9"",""yes_price_dollars"":""0.3800""}"
KXETH15M-26APR271800-00,06797c18-1ab7-49bc-3965-6eed9b8a4667,1777326405,0.38,1.0,yes,"{""count_fp"":""1.00"",""created_time"":""2026-04-27T21:46:45.808917Z"",""no_price_dollars"":""0.6200"",""taker_side"":""yes"",""ticker"":""KXETH15M-26APR271800-00"",""trade_id"":""06797c18-1ab7-49bc-3965-6eed9b8a4667"",""yes_price_dollars"":""0.3800""}"
KXETH15M-26APR271800-00,0a927f0a-2f39-6453-dbdd-9ebd5d397f48,1777326412,0.35,2.0,no,"{""count_fp"":""2.00"",""created_time"":""2026-04-27T21:46:52.842216Z"",""no_price_dollars"":""0.6500"",""taker_side"":""no"",""ticker"":""KXETH15M-26APR271800-00"",""trade_id"":""0a927f0a-2f39-6453-dbdd-9ebd5d397f48"",""yes_price_dollars"":""0.3500""}"
KXETH15M-26APR271800-00,0033ffe0-7e09-604c-cd86-0544bc77759a,1777326412,0.35,6.0,no,"{""count_fp"":""6.00"",""created_time"":""2026-04-27T21:46:52.842216Z"",""no_price_dollars"":""0.6500"",""taker_side"":""no"",""ticker"":""KXETH15M-26APR271800-00"",""trade_id"":""0033ffe0-7e09-604c-cd86-0544bc77759a"",""yes_price_dollars"":""0.3500""}"
KXETH15M-26APR271800-00,a467ee26-75d9-441c-1dec-5aca02b4860f,1777326416,0.34,19.0,no,"{""count_fp"":""19.00"",""created_time"":""2026-04-27T21:46:56.671821Z"",""no_price_dollars"":""0.6600"",""taker_side"":""no"",""ticker"":""KXETH15M-26APR271800-00"",""trade_id"":""a467ee26-75d9-441c-1dec-5aca02b4860f"",""yes_price_dollars"":""0.3400""}"
KXETH15M-26APR271800-00,3e82d407-d1d1-475f-09f6-7e6b64e68f4f,1777326416,0.34,1.0,no,"{""count_fp"":""1.00"",""created_time"":""2026-04-27T21:46:56.671821Z"",""no_price_dollars"":""0.6600"",""taker_side"":""no"",""ticker"":""KXETH15M-26APR271800-00"",""trade_id"":""3e82d407-d1d1-475f-09f6-7e6b64e68f4f"",""yes_price_dollars"":""0.3400""}"
KXETH15M-26APR271800-00,bb700e1a-b857-79aa-76b8-ffe12c530705,1777326421,0.35,1.0,yes,"{""count_fp"":""1.00"",""created_time"":""2026-04-27T21:47:01.226694Z"",""no_price_dollars"":""0.6500"",""taker_side"":""yes"",""ticker"":""KXETH15M-26APR271800-00"",""trade_id"":""bb700e1a-b857-79aa-76b8-ffe12c530705"",""yes_price_dollars"":""0.3500""}"
KXETH15M-26APR271800-00,2ab474b8-c4ee-71bb-5c40-642cf9a88848,1777326422,0.33,1.0,no,"{""count_fp"":""1.00"",""created_time"":""2026-04-27T21:47:02.314385Z"",""no_price_dollars"":""0.6700"",""taker_side"":""no"",""ticker"":""KXETH15M-26APR271800-00"",""trade_id"":""2ab474b8-c4ee-71bb-5c40-642cf9a88848"",""yes_price_dollars"":""0.3300""}"
KXETH15M-26APR271800-00,71932296-2954-670a-623f-d656060228a5,1777326425,0.35,1.0,yes,"{""count_fp"":""1.00"",""created_time"":""2026-04-27T21:47:05.310527Z"",""no_price_dollars"":""0.6500"",""taker_side"":""yes"",""ticker"":""KXETH15M-26APR271800-00"",""trade_id"":""71932296-2954-670a-623f-d656060228a5"",""yes_price_dollars"":""0.3500""}"
KXETH15M-26APR271800-00,6b4425f4-5727-662e-4dc3-31aa512e0771,1777326425,0.35,1.0,yes,"{""count_fp"":""1.00"",""created_time"":""2026-04-27T21:47:05.310527Z"",""no_price_dollars"":""0.6500"",""taker_side"":""yes"",""ticker"":""KXETH15M-26APR271800-00"",""trade_id"":""6b4425f4-5727-662e-4dc3-31aa512e0771"",""yes_price_dollars"":""0.3500""}"
KXETH15M-26APR271800-00,24fd2a1f-b9d8-6183-7b4b-7b3f49f591dd,1777326429,0.35,5.0,no,"{""count_fp"":""5.00"",""created_time"":""2026-04-27T21:47:09.388894Z"",""no_price_dollars"":""0.6500"",""taker_side"":""no"",""ticker"":""KXETH15M-26APR271800-00"",""trade_id"":""24fd2a1f-b9d8-6183-7b4b-7b3f49f591dd"",""yes_price_dollars"":""0.3500""}"
KXETH15M-26APR271800-00,76f264e0-63d4-7308-d747-8f733ad6f2e9,1777326431,0.36,2.0,yes,"{""count_fp"":""2.00"",""created_time"":""2026-04-27T21:47:11.018467Z"",""no_price_dollars"":""0.6400"",""taker_side"":""yes"",""ticker"":""KXETH15M-26APR271800-00"",""trade_id"":""76f264e0-63d4-7308-d747-8f733ad6f2e9"",""yes_price_dollars"":""0.3600""}"
KXETH15M-26APR271800-00,3241fd7b-323e-70c4-ce2a-6729f02f2b9d,1777326431,0.37,0.76,yes,"{""count_fp"":""0.76"",""created_time"":""2026-04-27T21:47:11.018467Z"",""no_price_dollars"":""0.6300"",""taker_side"":""yes"",""ticker"":""KXETH15M-26APR271800-00"",""trade_id"":""3241fd7b-323e-70c4-ce2a-6729f02f2b9d"",""yes_price_dollars"":""0.3700""}"
KXETH15M-26APR271800-00,1c04dc50-fc6e-7d62-d995-6edcc650a57c,1777326431,0.35,5.0,yes,"{""count_fp"":""5.00"",""created_time"":""2026-04-27T21:47:11.018467Z"",""no_price_dollars"":""0.6500"",""taker_side"":""yes"",""ticker"":""KXETH15M-26APR271800-00"",""trade_id"":""1c04dc50-fc6e-7d62-d995-6edcc650a57c"",""yes_price_dollars"":""0.3500""}"
KXETH15M-26APR271800-00,a151f485-4dcc-4f68-28ef-0a12deabd997,1777326432,0.32,0.91,no,"{""count_fp"":""0.91"",""created_time"":""2026-04-27T21:47:12.072632Z"",""no_price_dollars"":""0.6800"",""taker_side"":""no"",""ticker"":""KXETH15M-26APR271800-00"",""trade_id"":""a151f485-4dcc-4f68-28ef-0a12deabd997"",""yes_price_dollars"":""0.3200""}"
KXETH15M-26APR271800-00,89087787-2edd-4d1f-1495-a8731d6d3844,1777326432,0.33,2.0,no,"{""count_fp"":""2.00"",""created_time"":""2026-04-27T21:47:12.072632Z"",""no_price_dollars"":""0.6700"",""taker_side"":""no"",""ticker"":""KXETH15M-26APR271800-00"",""trade_id"":""89087787-2edd-4d1f-1495-a8731d6d3844"",""yes_price_dollars"":""0.3300""}"
KXETH15M-26APR271800-00,eec6a466-1126-55df-89dd-ffcd5bf03671,1777326433,0.37,4.7,yes,"{""count_fp"":""4.70"",""created_time"":""2026-04-27T21:47:13.167361Z"",""no_price_dollars"":""0.6300"",""taker_side"":""yes"",""ticker"":""KXETH15M-26APR271800-00"",""trade_id"":""eec6a466-1126-55df-89dd-ffcd5bf03671"",""yes_price_dollars"":""0.3700""}"
KXETH15M-26APR271800-00,ecb588eb-35e1-5fde-a9b6-f18f50558630,1777326433,0.36,1.0,yes,"{""count_fp"":""1.00"",""created_time"":""2026-04-27T21:47:13.167361Z"",""no_price_dollars"":""0.6400"",""taker_side"":""yes"",""ticker"":""KXETH15M-26APR271800-00"",""trade_id"":""ecb588eb-35e1-5fde-a9b6-f18f50558630"",""yes_price_dollars"":""0.3600""}"
KXETH15M-26APR271800-00,58539504-2aa4-5130-af55-54ba6ed824b2,1777326433,0.36,10.46,yes,"{""count_fp"":""10.46"",""created_time"":""2026-04-27T21:47:13.167361Z"",""no_price_dollars"":""0.6400"",""taker_side"":""yes"",""ticker"":""KXETH15M-26APR271800-00"",""trade_id"":""58539504-2aa4-5130-af55-54ba6ed824b2"",""yes_price_dollars"":""0.3600""}"
KXETH15M-26APR271800-00,0023ad2f-f365-5706-8e74-f196e0fe755d,1777326433,0.37,10.0,yes,"{""count_fp"":""10.00"",""created_time"":""2026-04-27T21:47:13.167361Z"",""no_price_dollars"":""0.6300"",""taker_side"":""yes"",""ticker"":""KXETH15M-26APR271800-00"",""trade_id"":""0023ad2f-f365-5706-8e74-f196e0fe755d"",""yes_price_dollars"":""0.3700""}"
KXETH15M-26APR271800-00,91db0b26-2b7e-4cb7-8d0d-bf0fa3e5dc5a,1777326434,0.31,10.0,no,"{""count_fp"":""10.00"",""created_time"":""2026-04-27T21:47:14.172709Z"",""no_price_dollars"":""0.6900"",""taker_side"":""no"",""ticker"":""KXETH15M-26APR271800-00"",""trade_id"":""91db0b26-2b7e-4cb7-8d0d-bf0fa3e5dc5a"",""yes_price_dollars"":""0.3100""}"
KXETH15M-26APR271800-00,46c3c40b-9e0a-4fb8-8b43-40c655147a41,1777326434,0.32,1.0,no,"{""count_fp"":""1.00"",""created_time"":""2026-04-27T21:47:14.172709Z"",""no_price_dollars"":""0.6800"",""taker_side"":""no"",""ticker"":""KXETH15M-26APR271800-00"",""trade_id"":""46c3c40b-9e0a-4fb8-8b43-40c655147a41"",""yes_price_dollars"":""0.3200""}"
KXETH15M-26APR271800-00,3508ab8e-01c1-491c-a3dc-3c7085641af3,1777326434,0.31,7.18,no,"{""count_fp"":""7.18"",""created_time"":""2026-04-27T21:47:14.172709Z"",""no_price_dollars"":""0.6900"",""taker_side"":""no"",""ticker"":""KXETH15M-26APR271800-00"",""trade_id"":""3508ab8e-01c1-491c-a3dc-3c7085641af3"",""yes_price_dollars"":""0.3100""}"
KXETH15M-26APR271800-00,d54e6ba9-2444-7283-be03-93446d663f8d,1777326441,0.35,3.0,yes,"{""count_fp"":""3.00"",""created_time"":""2026-04-27T21:47:21.461627Z"",""no_price_dollars"":""0.6500"",""taker_side"":""yes"",""ticker"":""KXETH15M-26APR271800-00"",""trade_id"":""d54e6ba9-2444-7283-be03-93446d663f8d"",""yes_price_dollars"":""0.3500""}"
KXETH15M-26APR271800-00,bad765af-dda0-7f4f-964f-db891f60bc87,1777326441,0.34,1.0,yes,"{""count_fp"":""1.00"",""created_time"":""2026-04-27T21:47:21.461627Z"",""no_price_dollars"":""0.6600"",""taker_side"":""yes"",""ticker"":""KXETH15M-26APR271800-00"",""trade_id"":""bad765af-dda0-7f4f-964f-db891f60bc87"",""yes_price_dollars"":""0.3400""}"
KXETH15M-26APR271800-00,31fb6258-199a-7ad0-9f3a-956e3c8386e4,1777326441,0.35,1.0,yes,"{""count_fp"":""1.00"",""created_time"":""2026-04-27T21:47:21.461627Z"",""no_price_dollars"":""0.6500"",""taker_side"":""yes"",""ticker"":""KXETH15M-26APR271800-00"",""trade_id"":""31fb6258-199a-7ad0-9f3a-956e3c8386e4"",""yes_price_dollars"":""0.3500""}"
KXETH15M-26APR271800-00,10800406-088e-74c3-9537-b27d72591e99,1777326441,0.36,8.38,yes,"{""count_fp"":""8.38"",""created_time"":""2026-04-27T21:47:21.461627Z"",""no_price_dollars"":""0.6400"",""taker_side"":""yes"",""ticker"":""KXETH15M-26APR271800-00"",""trade_id"":""10800406-088e-74c3-9537-b27d72591e99"",""yes_price_dollars"":""0.3600""}"
KXETH15M-26APR271800-00,fa27f748-ad37-6d17-56fe-5abd7ce8f4fc,1777326444,0.32,9.0,no,"{""count_fp"":""9.00"",""created_time"":""2026-04-27T21:47:24.026127Z"",""no_price_dollars"":""0.6800"",""taker_side"":""no"",""ticker"":""KXETH15M-26APR271800-00"",""trade_id"":""fa27f748-ad37-6d17-56fe-5abd7ce8f4fc"",""yes_price_dollars"":""0.3200""}"
KXETH15M-26APR271800-00,8776728b-c7ce-66fb-5cbf-b60b21eb6820,1777326444,0.32,1.0,no,"{""count_fp"":""1.00"",""created_time"":""2026-04-27T21:47:24.026127Z"",""no_price_dollars"":""0.6800"",""taker_side"":""no"",""ticker"":""KXETH15M-26APR271800-00"",""trade_id"":""8776728b-c7ce-66fb-5cbf-b60b21eb6820"",""yes_price_dollars"":""0.3200""}"
KXETH15M-26APR271800-00,e60a8383-f9db-449a-d6ac-e14149cff907,1777326448,0.31,1.0,no,"{""count_fp"":""1.00"",""created_time"":""2026-04-27T21:47:28.119168Z"",""no_price_dollars"":""0.6900"",""taker_side"":""no"",""ticker"":""KXETH15M-26APR271800-00"",""trade_id"":""e60a8383-f9db-449a-d6ac-e14149cff907"",""yes_price_dollars"":""0.3100""}"
KXETH15M-26APR271800-00,814bb906-4d29-4b94-cd19-80cbd6276f03,1777326448,0.28,13.0,no,"{""count_fp"":""13.00"",""created_time"":""2026-04-27T21:47:28.119168Z"",""no_price_dollars"":""0.7200"",""taker_side"":""no"",""ticker"":""KXETH15M-26APR271800-00"",""trade_id"":""814bb906-4d29-4b94-cd19-80cbd6276f03"",""yes_price_dollars"":""0.2800""}"
KXETH15M-26APR271800-00,b2449291-9041-4993-0c78-1a54a89e5c93,1777326453,0.26,1.0,no,"{""count_fp"":""1.00"",""created_time"":""2026-04-27T21:47:33.095808Z"",""no_price_dollars"":""0.7400"",""taker_side"":""no"",""ticker"":""KXETH15M-26APR271800-00"",""trade_id"":""b2449291-9041-4993-0c78-1a54a89e5c93"",""yes_price_dollars"":""0.2600""}"
KXETH15M-26APR271800-00,57f0c87c-1269-43e7-360d-6272527d794e,1777326453,0.29,5.0,no,"{""count_fp"":""5.00"",""created_time"":""2026-04-27T21:47:33.095808Z"",""no_price_dollars"":""0.7100"",""taker_side"":""no"",""ticker"":""KXETH15M-26APR271800-00"",""trade_id"":""57f0c87c-1269-43e7-360d-6272527d794e"",""yes_price_dollars"":""0.2900""}"
KXETH15M-26APR271800-00,b5e7a18d-4de7-44c9-f254-fc1a9dc148cc,1777326453,0.3,1.0,yes,"{""count_fp"":""1.00"",""created_time"":""2026-04-27T21:47:33.012981Z"",""no_price_dollars"":""0.7000"",""taker_side"":""yes"",""ticker"":""KXETH15M-26APR271800-00"",""trade_id"":""b5e7a18d-4de7-44c9-f254-fc1a9dc148cc"",""yes_price_dollars"":""0.3000""}"
KXETH15M-26APR271800-00,41c01b18-0a1d-4159-e2d5-c885a1b90fbb,1777326453,0.3,1.98,yes,"{""count_fp"":""1.98"",""created_time"":""2026-04-27T21:47:33.012981Z"",""no_price_dollars"":""0.7000"",""taker_side"":""yes"",""ticker"":""KXETH15M-26APR271800-00"",""trade_id"":""41c01b18-0a1d-4159-e2d5-c885a1b90fbb"",""yes_price_dollars"":""0.3000""}"
KXETH15M-26APR271800-00,7d28dcbf-2fc6-6f74-42eb-2f1bf177a0c0,1777326454,0.28,5.0,yes,"{""count_fp"":""5.00"",""created_time"":""2026-04-27T21:47:34.319412Z"",""no_price_dollars"":""0.7200"",""taker_side"":""yes"",""ticker"":""KXETH15M-26APR271800-00"",""trade_id"":""7d28dcbf-2fc6-6f74-42eb-2f1bf177a0c0"",""yes_price_dollars"":""0.2800""}"
KXETH15M-26APR271800-00,d58323b0-1914-7dc2-c793-6da1353c5b7a,1777326455,0.19,1.0,no,"{""count_fp"":""1.00"",""created_time"":""2026-04-27T21:47:35.377707Z"",""no_price_dollars"":""0.8100"",""taker_side"":""no"",""ticker"":""KXETH15M-26APR271800-00"",""trade_id"":""d58323b0-1914-7dc2-c793-6da1353c5b7a"",""yes_price_dollars"":""0.1900""}"
KXETH15M-26APR271800-00,a306004a-1fbc-7289-e010-f5425b9e67ce,1777326455,0.23,1.0,no,"{""count_fp"":""1.00"",""created_time"":""2026-04-27T21:47:35.377707Z"",""no_price_dollars"":""0.7700"",""taker_side"":""no"",""ticker"":""KXETH15M-26APR271800-00"",""trade_id"":""a306004a-1fbc-7289-e010-f5425b9e67ce"",""yes_price_dollars"":""0.2300""}"
KXETH15M-26APR271800-00,5dc3d5a1-5f41-7ce8-ea39-dcbd1e409bd4,1777326455,0.19,8.0,no,"{""count_fp"":""8.00"",""created_time"":""2026-04-27T21:47:35.377707Z"",""no_price_dollars"":""0.8100"",""taker_side"":""no"",""ticker"":""KXETH15M-26APR271800-00"",""trade_id"":""5dc3d5a1-5f41-7ce8-ea39-dcbd1e409bd4"",""yes_price_dollars"":""0.1900""}"
KXETH15M-26APR271800-00,b365ad92-2faf-4310-ffce-f68fe2873ec1,1777326455,0.25,10.0,no,"{""count_fp"":""10.00"",""created_time"":""2026-04-27T21:47:35.326367Z"",""no_price_dollars"":""0.7500"",""taker_side"":""no"",""ticker"":""KXETH15M-26APR271800-00"",""trade_id"":""b365ad92-2faf-4310-ffce-f68fe2873ec1"",""yes_price_dollars"":""0.2500""}"
KXETH15M-26APR271800-00,2c0fa0f1-2fab-6a97-7f92-620a785ef3d4,1777326456,0.25,6.75,yes,"{""count_fp"":""6.75"",""created_time"":""2026-04-27T21:47:36.412272Z"",""no_price_dollars"":""0.7500"",""taker_side"":""yes"",""ticker"":""KXETH15M-26APR271800-00"",""trade_id"":""2c0fa0f1-2fab-6a97-7f92-620a785ef3d4"",""yes_price_dollars"":""0.2500""}"
KXETH15M-26APR271800-00,5b67e385-eadb-7e7e-7612-2da481c26a18,1777326458,0.24,10.0,yes,"{""count_fp"":""10.00"",""created_time"":""2026-04-27T21:47:38.310962Z"",""no_price_dollars"":""0.7600"",""taker_side"":""yes"",""ticker"":""KXETH15M-26APR271800-00"",""trade_id"":""5b67e385-eadb-7e7e-7612-2da481c26a18"",""yes_price_dollars"":""0.2400""}"
KXETH15M-26APR271800-00,1abd59de-4577-7297-4beb-595725ef0b58,1777326458,0.25,90.0,yes,"{""count_fp"":""90.00"",""created_time"":""2026-04-27T21:47:38.310962Z"",""no_price_dollars"":""0.7500"",""taker_side"":""yes"",""ticker"":""KXETH15M-26APR271800-00"",""trade_id"":""1abd59de-4577-7297-4beb-595725ef0b58"",""yes_price_dollars"":""0.2500""}"
KXETH15M-26APR271800-00,b6f859d6-bf44-63b7-eb3f-6f5dc65a4833,1777326459,0.23,1.0,no,"{""count_fp"":""1.00"",""created_time"":""2026-04-27T21:47:39.143689Z"",""no_price_dollars"":""0.7700"",""taker_side"":""no"",""ticker"":""KXETH15M-26APR271800-00"",""trade_id"":""b6f859d6-bf44-63b7-eb3f-6f5dc65a4833"",""yes_price_dollars"":""0.2300""}"
KXETH15M-26APR271800-00,8e2ec9c7-5298-5ebf-e45a-76efd2ff9fd0,1777326461,0.21,1.0,no,"{""count_fp"":""1.00"",""created_time"":""2026-04-27T21:47:41.999997Z"",""no_price_dollars"":""0.7900"",""taker_side"":""no"",""ticker"":""KXETH15M-26APR271800-00"",""trade_id"":""8e2ec9c7-5298-5ebf-e45a-76efd2ff9fd0"",""yes_price_dollars"":""0.2100""}"
KXETH15M-26APR271800-00,af3954dc-2cd9-7e52-2b64-ea3eedb4f3b8,1777326461,0.22,1.0,no,"{""count_fp"":""1.00"",""created_time"":""2026-04-27T21:47:41.806326Z"",""no_price_dollars"":""0.7800"",""taker_side"":""no"",""ticker"":""KXETH15M-26APR271800-00"",""trade_id"":""af3954dc-2cd9-7e52-2b64-ea3eedb4f3b8"",""yes_price_dollars"":""0.2200""}"
KXETH15M-26APR271800-00,cb4b571a-1675-6530-82e1-a34ca8554580,1777326462,0.19,44.23,no,"{""count_fp"":""44.23"",""created_time"":""2026-04-27T21:47:42.770048Z"",""no_price_dollars"":""0.8100"",""taker_side"":""no"",""ticker"":""KXETH15M-26APR271800-00"",""trade_id"":""cb4b571a-1675-6530-82e1-a34ca8554580"",""yes_price_dollars"":""0.1900""}"
KXETH15M-26APR271800-00,5d798474-88db-6e54-ab9d-6a631582e974,1777326462,0.2,1.0,no,"{""count_fp"":""1.00"",""created_time"":""2026-04-27T21:47:42.770048Z"",""no_price_dollars"":""0.8000"",""taker_side"":""no"",""ticker"":""KXETH15M-26APR271800-00"",""trade_id"":""5d798474-88db-6e54-ab9d-6a631582e974"",""yes_price_dollars"":""0.2000""}"
KXETH15M-26APR271800-00,ede7d664-ec2d-7c22-cf8e-d0c1cdcf4f5c,1777326463,0.23,1.0,yes,"{""count_fp"":""1.00"",""created_time"":""2026-04-27T21:47:43.728408Z"",""no_price_dollars"":""0.7700"",""taker_side"":""yes"",""ticker"":""KXETH15M-26APR271800-00"",""trade_id"":""ede7d664-ec2d-7c22-cf8e-d0c1cdcf4f5c"",""yes_price_dollars"":""0.2300""}"
KXETH15M-26APR271800-00,59fe0114-7b11-744b-eac5-21c9c003de2d,1777326463,0.24,2.95,yes,"{""count_fp"":""2.95"",""created_time"":""2026-04-27T21:47:43.728408Z"",""no_price_dollars"":""0.7600"",""taker_side"":""yes"",""ticker"":""KXETH15M-26APR271800-00"",""trade_id"":""59fe0114-7b11-744b-eac5-21c9c003de2d"",""yes_price_dollars"":""0.2400""}"
KXETH15M-26APR271800-00,35657526-15ee-6d7a-17db-49b604cf4a33,1777326463,0.2,1.0,no,"{""count_fp"":""1.00"",""created_time"":""2026-04-27T21:47:43.227056Z"",""no_price_dollars"":""0.8000"",""taker_side"":""no"",""ticker"":""KXETH15M-26APR271800-00"",""trade_id"":""35657526-15ee-6d7a-17db-49b604cf4a33"",""yes_price_dollars"":""0.2000""}"
KXETH15M-26APR271800-00,c7c06f39-8fd9-7ed8-fc5c-46543dfd59c4,1777326466,0.19,1.0,no,"{""count_fp"":""1.00"",""created_time"":""2026-04-27T21:47:46.864777Z"",""no_price_dollars"":""0.8100"",""taker_side"":""no"",""ticker"":""KXETH15M-26APR271800-00"",""trade_id"":""c7c06f39-8fd9-7ed8-fc5c-46543dfd59c4"",""yes_price_dollars"":""0.1900""}"
KXETH15M-26APR271800-00,7204fa09-0bd9-60b8-e9ca-0b6dc9b3e7fc,1777326466,0.19,47.51,no,"{""count_fp"":""47.51"",""created_time"":""2026-04-27T21:47:46.817494Z"",""no_price_dollars"":""0.8100"",""taker_side"":""no"",""ticker"":""KXETH15M-26APR271800-00"",""trade_id"":""7204fa09-0bd9-60b8-e9ca-0b6dc9b3e7fc"",""yes_price_dollars"":""0.1900""}"
KXETH15M-26APR271800-00,4b06e2a8-bdad-4790-8960-8c7cba8c6dfc,1777326466,0.19,14.0,no,"{""count_fp"":""14.00"",""created_time"":""2026-04-27T21:47:46.124968Z"",""no_price_dollars"":""0.8100"",""taker_side"":""no"",""ticker"":""KXETH15M-26APR271800-00"",""trade_id"":""4b06e2a8-bdad-4790-8960-8c7cba8c6dfc"",""yes_price_dollars"":""0.1900""}"
KXETH15M-26APR271800-00,4daaf77c-7a41-6968-d86f-e4822bb4e1b8,1777326468,0.19,16.0,no,"{""count_fp"":""16.00"",""created_time"":""2026-04-27T21:47:48.091882Z"",""no_price_dollars"":""0.8100"",""taker_side"":""no"",""ticker"":""KXETH15M-26APR271800-00"",""trade_id"":""4daaf77c-7a41-6968-d86f-e4822bb4e1b8"",""yes_price_dollars"":""0.1900""}"
KXETH15M-26APR271800-00,606deddd-ed21-7af8-bf31-21fc071206f0,1777326469,0.19,15.0,no,"{""count_fp"":""15.00"",""created_time"":""2026-04-27T21:47:49.076901Z"",""no_price_dollars"":""0.8100"",""taker_side"":""no"",""ticker"":""KXETH15M-26APR271800-00"",""trade_id"":""606deddd-ed21-7af8-bf31-21fc071206f0"",""yes_price_dollars"":""0.1900""}"
KXETH15M-26APR271800-00,34f1900c-4bf5-6318-6937-561646c6bb84,1777326471,0.19,9.0,no,"{""count_fp"":""9.00"",""created_time"":""2026-04-27T21:47:51.776632Z"",""no_price_dollars"":""0.8100"",""taker_side"":""no"",""ticker"":""KXETH15M-26APR271800-00"",""trade_id"":""34f1900c-4bf5-6318-6937-561646c6bb84"",""yes_price_dollars"":""0.1900""}"
KXETH15M-26APR271800-00,adc79727-c3bf-4e84-661d-12c94b5067a1,1777326471,0.22,10.0,yes,"{""count_fp"":""10.00"",""created_time"":""2026-04-27T21:47:51.653501Z"",""no_price_dollars"":""0.7800"",""taker_side"":""yes"",""ticker"":""KXETH15M-26APR271800-00"",""trade_id"":""adc79727-c3bf-4e84-661d-12c94b5067a1"",""yes_price_dollars"":""0.2200""}"
KXETH15M-26APR271800-00,ada7bd68-d247-4ffe-67f2-5d8227a901a4,1777326471,0.22,3.0,yes,"{""count_fp"":""3.00"",""created_time"":""2026-04-27T21:47:51.653501Z"",""no_price_dollars"":""0.7800"",""taker_side"":""yes"",""ticker"":""KXETH15M-26APR271800-00"",""trade_id"":""ada7bd68-d247-4ffe-67f2-5d8227a901a4"",""yes_price_dollars"":""0.2200""}"
KXETH15M-26APR271800-00,88e7b7dc-5941-4399-7d0a-1223afae1ff2,1777326471,0.22,8.16,yes,"{""count_fp"":""8.16"",""created_time"":""2026-04-27T21:47:51.653501Z"",""no_price_dollars"":""0.7800"",""taker_side"":""yes"",""ticker"":""KXETH15M-26APR271800-00"",""trade_id"":""88e7b7dc-5941-4399-7d0a-1223afae1ff2"",""yes_price_dollars"":""0.2200""}"
KXETH15M-26APR271800-00,8e47beac-08db-49ae-0695-b241667299da,1777326472,0.21,1.0,yes,"{""count_fp"":""1.00"",""created_time"":""2026-04-27T21:47:52.261647Z"",""no_price_dollars"":""0.7900"",""taker_side"":""yes"",""ticker"":""KXETH15M-26APR271800-00"",""trade_id"":""8e47beac-08db-49ae-0695-b241667299da"",""yes_price_dollars"":""0.2100""}"
KXETH15M-26APR271800-00,74d0b8b5-a646-4214-21cf-795999f35a92,1777326472,0.21,1.91,yes,"{""count_fp"":""1.91"",""created_time"":""2026-04-27T21:47:52.261647Z"",""no_price_dollars"":""0.7900"",""taker_side"":""yes"",""ticker"":""KXETH15M-26APR271800-00"",""trade_id"":""74d0b8b5-a646-4214-21cf-795999f35a92"",""yes_price_dollars"":""0.2100""}"
KXETH15M-26APR271800-00,c63fb5be-f34d-4028-66d4-43dd2b9aa5a4,1777326472,0.19,14.0,no,"{""count_fp"":""14.00"",""created_time"":""2026-04-27T21:47:52.100638Z"",""no_price_dollars"":""0.8100"",""taker_side"":""no"",""ticker"":""KXETH15M-26APR271800-00"",""trade_id"":""c63fb5be-f34d-4028-66d4-43dd2b9aa5a4"",""yes_price_dollars"":""0.1900""}"
KXETH15M-26APR271800-00,5d9aa1d0-dead-6f58-f7e0-c471740c3300,1777326473,0.19,9.0,no,"{""count_fp"":""9.00"",""created_time"":""2026-04-27T21:47:53.283042Z"",""no_price_dollars"":""0.8100"",""taker_side"":""no"",""ticker"":""KXETH15M-26APR271800-00"",""trade_id"":""5d9aa1d0-dead-6f58-f7e0-c471740c3300"",""yes_price_dollars"":""0.1900""}"
KXETH15M-26APR271800-00,c184418e-33c9-482c-7eaa-654ff10cabe0,1777326474,0.19,8.26,no,"{""count_fp"":""8.26"",""created_time"":""2026-04-27T21:47:54.086181Z"",""no_price_dollars"":""0.8100"",""taker_side"":""no"",""ticker"":""KXETH15M-26APR271800-00"",""trade_id"":""c184418e-33c9-482c-7eaa-654ff10cabe0"",""yes_price_dollars"":""0.1900""}"
KXETH15M-26APR271800-00,a6d9023b-70c2-4d21-5fe8-779520beeb5d,1777326474,0.17,6.74,no,"{""count_fp"":""6.74"",""created_time"":""2026-04-27T21:47:54.086181Z"",""no_price_dollars"":""0.8300"",""taker_side"":""no"",""ticker"":""KXETH15M-26APR271800-00"",""trade_id"":""a6d9023b-70c2-4d21-5fe8-779520beeb5d"",""yes_price_dollars"":""0.1700""}"
KXETH15M-26APR271800-00,99e6b230-2c83-4cbc-7931-ec25c9565e15,1777326474,0.17,1.0,no,"{""count_fp"":""1.00"",""created_time"":""2026-04-27T21:47:54.086181Z"",""no_price_dollars"":""0.8300"",""taker_side"":""no"",""ticker"":""KXETH15M-26APR271800-00"",""trade_id"":""99e6b230-2c83-4cbc-7931-ec25c9565e15"",""yes_price_dollars"":""0.1700""}"
KXETH15M-26APR271800-00,f2ddc8f2-b265-68a4-b889-4a071fa507bd,1777326476,0.21,1.0,yes,"{""count_fp"":""1.00"",""created_time"":""2026-04-27T21:47:56.261059Z"",""no_price_dollars"":""0.7900"",""taker_side"":""yes"",""ticker"":""KXETH15M-26APR271800-00"",""trade_id"":""f2ddc8f2-b265-68a4-b889-4a071fa507bd"",""yes_price_dollars"":""0.2100""}"
KXETH15M-26APR271800-00,d2fd56e7-5f09-67fa-b575-e50c87a3bc0b,1777326476,0.21,1.58,yes,"{""count_fp"":""1.58"",""created_time"":""2026-04-27T21:47:56.261059Z"",""no_price_dollars"":""0.7900"",""taker_side"":""yes"",""ticker"":""KXETH15M-26APR271800-00"",""trade_id"":""d2fd56e7-5f09-67fa-b575-e50c87a3bc0b"",""yes_price_dollars"":""0.2100""}"
KXETH15M-26APR271800-00,c5ac960c-1308-6eae-963c-e7653932d0c2,1777326477,0.21,13.42,yes,"{""count_fp"":""13.42"",""created_time"":""2026-04-27T21:47:57.362111Z"",""no_price_dollars"":""0.7900"",""taker_side"":""yes"",""ticker"":""KXETH15M-26APR271800-00"",""trade_id"":""c5ac960c-1308-6eae-963c-e7653932d0c2"",""yes_price_dollars"":""0.2100""}"
KXETH15M-26APR271800-00,9a4fe880-0d6d-63b5-96d2-1a8b170beb76,1777326477,0.22,1063.73,yes,"{""count_fp"":""1063.73"",""created_time"":""2026-04-27T21:47:57.362111Z"",""no_price_dollars"":""0.7800"",""taker_side"":""yes"",""ticker"":""KXETH15M-26APR271800-00"",""trade_id"":""9a4fe880-0d6d-63b5-96d2-1a8b170beb76"",""yes_price_dollars"":""0.2200""}"
KXETH15M-26APR271800-00,8c0cf255-af39-6a1a-a909-bbbdd2ab285b,1777326477,0.21,1.0,yes,"{""count_fp"":""1.00"",""created_time"":""2026-04-27T21:47:57.362111Z"",""no_price_dollars"":""0.7900"",""taker_side"":""yes"",""ticker"":""KXETH15M-26APR271800-00"",""trade_id"":""8c0cf255-af39-6a1a-a909-bbbdd2ab285b"",""yes_price_dollars"":""0.2100""}"
KXETH15M-26APR271800-00,d2215863-96e8-426f-9662-ae034ee2af1e,1777326480,0.22,25.0,yes,"{""count_fp"":""25.00"",""created_time"":""2026-04-27T21:48:00.480982Z"",""no_price_dollars"":""0.7800"",""taker_side"":""yes"",""ticker"":""KXETH15M-26APR271800-00"",""trade_id"":""d2215863-96e8-426f-9662-ae034ee2af1e"",""yes_price_dollars"":""0.2200""}"
KXETH15M-26APR271800-00,7b269cbe-2c4a-4801-9637-a42128f6b9eb,1777326480,0.21,1.0,yes,"{""count_fp"":""1.00"",""created_time"":""2026-04-27T21:48:00.480982Z"",""no_price_dollars"":""0.7900"",""taker_side"":""yes"",""ticker"":""KXETH15M-26APR271800-00"",""trade_id"":""7b269cbe-2c4a-4801-9637-a42128f6b9eb"",""yes_price_dollars"":""0.2100""}"
KXETH15M-26APR271800-00,2415d07c-5969-4e14-909f-11eff60f94b7,1777326480,0.22,6.33,yes,"{""count_fp"":""6.33"",""created_time"":""2026-04-27T21:48:00.480982Z"",""no_price_dollars"":""0.7800"",""taker_side"":""yes"",""ticker"":""KXETH15M-26APR271800-00"",""trade_id"":""2415d07c-5969-4e14-909f-11eff60f94b7"",""yes_price_dollars"":""0.2200""}"
KXETH15M-26APR271800-00,0b867aae-37e3-41af-8627-01f7113456cf,1777326480,0.22,10.0,yes,"{""count_fp"":""10.00"",""created_time"":""2026-04-27T21:48:00.480982Z"",""no_price_dollars"":""0.7800"",""taker_side"":""yes"",""ticker"":""KXETH15M-26APR271800-00"",""trade_id"":""0b867aae-37e3-41af-8627-01f7113456cf"",""yes_price_dollars"":""0.2200""}"
KXETH15M-26APR271800-00,cf25f676-7930-5ffb-81bd-23f414ecf119,1777326482,0.18,1.0,no,"{""count_fp"":""1.00"",""created_time"":""2026-04-27T21:48:02.840423Z"",""no_price_dollars"":""0.8200"",""taker_side"":""no"",""ticker"":""KXETH15M-26APR271800-00"",""trade_id"":""cf25f676-7930-5ffb-81bd-23f414ecf119"",""yes_price_dollars"":""0.1800""}"
KXETH15M-26APR271800-00,9d954952-b757-4b04-1ee1-d3de1ec2987d,1777326482,0.17,1.0,no,"{""count_fp"":""1.00"",""created_time"":""2026-04-27T21:48:02.564276Z"",""no_price_dollars"":""0.8300"",""taker_side"":""no"",""ticker"":""KXETH15M-26APR271800-00"",""trade_id"":""9d954952-b757-4b04-1ee1-d3de1ec2987d"",""yes_price_dollars"":""0.1700""}"
KXETH15M-26APR271800-00,3d179332-dce1-4724-35d4-5eb0a8d0fbc7,1777326482,0.17,0.19,no,"{""count_fp"":""0.19"",""created_time"":""2026-04-27T21:48:02.564276Z"",""no_price_dollars"":""0.8300"",""taker_side"":""no"",""ticker"":""KXETH15M-26APR271800-00"",""trade_id"":""3d179332-dce1-4724-35d4-5eb0a8d0fbc7"",""yes_price_dollars"":""0.1700""}"
KXETH15M-26APR271800-00,664f7c84-867d-78e0-7155-69057263762b,1777326487,0.17,2.0,no,"{""count_fp"":""2.00"",""created_time"":""2026-04-27T21:48:07.852573Z"",""no_price_dollars"":""0.8300"",""taker_side"":""no"",""ticker"":""KXETH15M-26APR271800-00"",""trade_id"":""664f7c84-867d-78e0-7155-69057263762b"",""yes_price_dollars"":""0.1700""}"
KXETH15M-26APR271800-00,85f7036d-4c28-5978-f2c1-33ebb062a9d1,1777326487,0.18,1.0,no,"{""count_fp"":""1.00"",""created_time"":""2026-04-27T21:48:07.811887Z"",""no_price_dollars"":""0.8200"",""taker_side"":""no"",""ticker"":""KXETH15M-26APR271800-00"",""trade_id"":""85f7036d-4c28-5978-f2c1-33ebb062a9d1"",""yes_price_dollars"":""0.1800""}"
KXETH15M-26APR271800-00,e10016fc-009d-5d60-a2c3-c4f55d844343,1777326489,0.17,0.18,no,"{""count_fp"":""0.18"",""created_time"":""2026-04-27T21:48:09.814518Z"",""no_price_dollars"":""0.8300"",""taker_side"":""no"",""ticker"":""KXETH15M-26APR271800-00"",""trade_id"":""e10016fc-009d-5d60-a2c3-c4f55d844343"",""yes_price_dollars"":""0.1700""}"
KXETH15M-26APR271800-00,09148d29-a585-57c2-a6c1-26f9e475776b,1777326489,0.17,1.0,no,"{""count_fp"":""1.00"",""created_time"":""2026-04-27T21:48:09.814518Z"",""no_price_dollars"":""0.8300"",""taker_side"":""no"",""ticker"":""KXETH15M-26APR271800-00"",""trade_id"":""09148d29-a585-57c2-a6c1-26f9e475776b"",""yes_price_dollars"":""0.1700""}"
KXETH15M-26APR271800-00,45586c45-80d0-6820-3e67-480ea3c59e73,1777326493,0.19,74.71,yes,"{""count_fp"":""74.71"",""created_time"":""2026-04-27T21:48:13.372108Z"",""no_price_dollars"":""0.8100"",""taker_side"":""yes"",""ticker"":""KXETH15M-26APR271800-00"",""trade_id"":""45586c45-80d0-6820-3e67-480ea3c59e73"",""yes_price_dollars"":""0.1900""}"
KXETH15M-26APR271800-00,f1924613-8d9c-5c50-83c1-74f9f93c354b,1777326494,0.19,6.07,yes,"{""count_fp"":""6.07"",""created_time"":""2026-04-27T21:48:14.070681Z"",""no_price_dollars"":""0.8100"",""taker_side"":""yes"",""ticker"":""KXETH15M-26APR271800-00"",""trade_id"":""f1924613-8d9c-5c50-83c1-74f9f93c354b"",""yes_price_dollars"":""0.1900""}"
KXETH15M-26APR271800-00,e3e27a65-c574-523a-aaca-1e41b138501c,1777326494,0.2,1.0,yes,"{""count_fp"":""1.00"",""created_time"":""2026-04-27T21:48:14.070681Z"",""no_price_dollars"":""0.8000"",""taker_side"":""yes"",""ticker"":""KXETH15M-26APR271800-00"",""trade_id"":""e3e27a65-c574-523a-aaca-1e41b138501c"",""yes_price_dollars"":""0.2000""}"
KXETH15M-26APR271800-00,ac87a8af-8752-5113-df70-b664d65aff49,1777326498,0.17,1.0,no,"{""count_fp"":""1.00"",""created_time"":""2026-04-27T21:48:18.980569Z"",""no_price_dollars"":""0.8300"",""taker_side"":""no"",""ticker"":""KXETH15M-26APR271800-00"",""trade_id"":""ac87a8af-8752-5113-df70-b664d65aff49"",""yes_price_dollars"":""0.1700""}"
KXETH15M-26APR271800-00,2a739941-0ba1-57f0-dd4c-aedc9a37e027,1777326498,0.17,58.53,no,"{""count_fp"":""58.53"",""created_time"":""2026-04-27T21:48:18.980569Z"",""no_price_dollars"":""0.8300"",""taker_side"":""no"",""ticker"":""KXETH15M-26APR271800-00"",""trade_id"":""2a739941-0ba1-57f0-dd4c-aedc9a37e027"",""yes_price_dollars"":""0.1700""}"
KXETH15M-26APR271800-00,d8479d88-5356-7adc-dbb2-935179245a47,1777326498,0.21,1.0,yes,"{""count_fp"":""1.00"",""created_time"":""2026-04-27T21:48:18.049662Z"",""no_price_dollars"":""0.7900"",""taker_side"":""yes"",""ticker"":""KXETH15M-26APR271800-00"",""trade_id"":""d8479d88-5356-7adc-dbb2-935179245a47"",""yes_price_dollars"":""0.2100""}"
KXETH15M-26APR271800-00,7cb85e20-1dd6-74a6-fda3-e96e8eab353a,1777326498,0.18,10.0,yes,"{""count_fp"":""10.00"",""created_time"":""2026-04-27T21:48:18.049662Z"",""no_price_dollars"":""0.8200"",""taker_side"":""yes"",""ticker"":""KXETH15M-26APR271800-00"",""trade_id"":""7cb85e20-1dd6-74a6-fda3-e96e8eab353a"",""yes_price_dollars"":""0.1800""}"
KXETH15M-26APR271800-00,0d77ca6a-12bd-7b9b-fb4f-896895773e3d,1777326498,0.21,12.94,yes,"{""count_fp"":""12.94"",""created_time"":""2026-04-27T21:48:18.049662Z"",""no_price_dollars"":""0.7900"",""taker_side"":""yes"",""ticker"":""KXETH15M-26APR271800-00"",""trade_id"":""0d77ca6a-12bd-7b9b-fb4f-896895773e3d"",""yes_price_dollars"":""0.2100""}"
KXETH15M-26APR271800-00,4f9cdb22-767b-5c33-abf9-7a6b5178c400,1777326501,0.21,0.67,yes,"{""count_fp"":""0.67"",""created_time"":""2026-04-27T21:48:21.278002Z"",""no_price_dollars"":""0.7900"",""taker_side"":""yes"",""ticker"":""KXETH15M-26APR271800-00"",""trade_id"":""4f9cdb22-767b-5c33-abf9-7a6b5178c400"",""yes_price_dollars"":""0.2100""}"
KXETH15M-26APR271800-00,f019c096-fb72-555c-74b4-5646dd4a9c58,1777326508,0.21,5.73,yes,"{""count_fp"":""5.73"",""created_time"":""2026-04-27T21:48:28.494413Z"",""no_price_dollars"":""0.7900"",""taker_side"":""yes"",""ticker"":""KXETH15M-26APR271800-00"",""trade_id"":""f019c096-fb72-555c-74b4-5646dd4a9c58"",""yes_price_dollars"":""0.2100""}"
KXETH15M-26APR271800-00,8f6a10a0-4d46-7f25-65ae-3261433928f3,1777326514,0.21,12.56,yes,"{""count_fp"":""12.56"",""created_time"":""2026-04-27T21:48:34.654271Z"",""no_price_dollars"":""0.7900"",""taker_side"":""yes"",""ticker"":""KXETH15M-26APR271800-00"",""trade_id"":""8f6a10a0-4d46-7f25-65ae-3261433928f3"",""yes_price_dollars"":""0.2100""}"
KXETH15M-26APR271800-00,4320dc05-cbe3-7593-7bdb-ac3ae227c142,1777326514,0.21,10.0,yes,"{""count_fp"":""10.00"",""created_time"":""2026-04-27T21:48:34.654271Z"",""no_price_dollars"":""0.7900"",""taker_side"":""yes"",""ticker"":""KXETH15M-26APR271800-00"",""trade_id"":""4320dc05-cbe3-7593-7bdb-ac3ae227c142"",""yes_price_dollars"":""0.2100""}"
KXETH15M-26APR271800-00,b011fe38-f6be-7283-b24d-4b4baf6f3a8d,1777326518,0.25,1.0,yes,"{""count_fp"":""1.00"",""created_time"":""2026-04-27T21:48:38.798067Z"",""no_price_dollars"":""0.7500"",""taker_side"":""yes"",""ticker"":""KXETH15M-26APR271800-00"",""trade_id"":""b011fe38-f6be-7283-b24d-4b4baf6f3a8d"",""yes_price_dollars"":""0.2500""}"
KXETH15M-26APR271800-00,1663ee53-4735-4619-2e6e-5a42d8315fb5,1777326518,0.25,1.0,yes,"{""count_fp"":""1.00"",""created_time"":""2026-04-27T21:48:38.632591Z"",""no_price_dollars"":""0.7500"",""taker_side"":""yes"",""ticker"":""KXETH15M-26APR271800-00"",""trade_id"":""1663ee53-4735-4619-2e6e-5a42d8315fb5"",""yes_price_dollars"":""0.2500""}"
KXETH15M-26APR271800-00,148afcd1-824b-5024-7921-921ceeb88056,1777326518,0.25,10.0,yes,"{""count_fp"":""10.00"",""created_time"":""2026-04-27T21:48:38.428872Z"",""no_price_dollars"":""0.7500"",""taker_side"":""yes"",""ticker"":""KXETH15M-26APR271800-00"",""trade_id"":""148afcd1-824b-5024-7921-921ceeb88056"",""yes_price_dollars"":""0.2500""}"
KXETH15M-26APR271800-00,0499f61c-0e4d-5c72-4637-8533ec65c9a9,1777326518,0.25,1.0,yes,"{""count_fp"":""1.00"",""created_time"":""2026-04-27T21:48:38.428872Z"",""no_price_dollars"":""0.7500"",""taker_side"":""yes"",""ticker"":""KXETH15M-26APR271800-00"",""trade_id"":""0499f61c-0e4d-5c72-4637-8533ec65c9a9"",""yes_price_dollars"":""0.2500""}"
KXETH15M-26APR271800-00,1962033e-501f-5f79-3435-49080a750512,1777326518,0.24,48.0,no,"{""count_fp"":""48.00"",""created_time"":""2026-04-27T21:48:38.079478Z"",""no_price_dollars"":""0.7600"",""taker_side"":""no"",""ticker"":""KXETH15M-26APR271800-00"",""trade_id"":""1962033e-501f-5f79-3435-49080a750512"",""yes_price_dollars"":""0.2400""}"
KXETH15M-26APR271800-00,c353ea74-d4b3-6569-542a-8219f6b18186,1777326518,0.24,16.1,no,"{""count_fp"":""16.10"",""created_time"":""2026-04-27T21:48:38.076672Z"",""no_price_dollars"":""0.7600"",""taker_side"":""no"",""ticker"":""KXETH15M-26APR271800-00"",""trade_id"":""c353ea74-d4b3-6569-542a-8219f6b18186"",""yes_price_dollars"":""0.2400""}"
KXETH15M-26APR271800-00,6641ef06-478f-4251-a232-9a9314430a42,1777326518,0.24,48.9,no,"{""count_fp"":""48.90"",""created_time"":""2026-04-27T21:48:38.066475Z"",""no_price_dollars"":""0.7600"",""taker_side"":""no"",""ticker"":""KXETH15M-26APR271800-00"",""trade_id"":""6641ef06-478f-4251-a232-9a9314430a42"",""yes_price_dollars"":""0.2400""}"
KXETH15M-26APR271800-00,a834d618-f397-7371-2fe6-07f3dac0268e,1777326518,0.24,25.0,no,"{""count_fp"":""25.00"",""created_time"":""2026-04-27T21:48:38.033018Z"",""no_price_dollars"":""0.7600"",""taker_side"":""no"",""ticker"":""KXETH15M-26APR271800-00"",""trade_id"":""a834d618-f397-7371-2fe6-07f3dac0268e"",""yes_price_dollars"":""0.2400""}"
KXETH15M-26APR271800-00,fcbf9656-a693-4620-efc6-167af24d424c,1777326518,0.24,5.0,yes,"{""count_fp"":""5.00"",""created_time"":""2026-04-27T21:48:38.010114Z"",""no_price_dollars"":""0.7600"",""taker_side"":""yes"",""ticker"":""KXETH15M-26APR271800-00"",""trade_id"":""fcbf9656-a693-4620-efc6-167af24d424c"",""yes_price_dollars"":""0.2400""}"
KXETH15M-26APR271800-00,bebdf1d0-8a12-4829-dd4e-1770a3c77895,1777326518,0.24,25.0,yes,"{""count_fp"":""25.00"",""created_time"":""2026-04-27T21:48:38.010114Z"",""no_price_dollars"":""0.7600"",""taker_side"":""yes"",""ticker"":""KXETH15M-26APR271800-00"",""trade_id"":""bebdf1d0-8a12-4829-dd4e-1770a3c77895"",""yes_price_dollars"":""0.2400""}"
KXETH15M-26APR271800-00,2e3ab729-c42e-4382-caf7-0488e0a69835,1777326518,0.22,1.0,yes,"{""count_fp"":""1.00"",""created_time"":""2026-04-27T21:48:38.010114Z"",""no_price_dollars"":""0.7800"",""taker_side"":""yes"",""ticker"":""KXETH15M-26APR271800-00"",""trade_id"":""2e3ab729-c42e-4382-caf7-0488e0a69835"",""yes_price_dollars"":""0.2200""}"
KXETH15M-26APR271800-00,03dae50b-ebf3-6b9d-1c40-7d5aa8ac7eaa,1777326519,0.24,13.0,no,"{""count_fp"":""13.00"",""created_time"":""2026-04-27T21:48:39.158198Z"",""no_price_dollars"":""0.7600"",""taker_side"":""no"",""ticker"":""KXETH15M-26APR271800-00"",""trade_id"":""03dae50b-ebf3-6b9d-1c40-7d5aa8ac7eaa"",""yes_price_dollars"":""0.2400""}"
KXETH15M-26APR271800-00,6975a0ca-914b-7659-52ec-f93c5369e7ae,1777326519,0.24,32.0,no,"{""count_fp"":""32.00"",""created_time"":""2026-04-27T21:48:39.073776Z"",""no_price_dollars"":""0.7600"",""taker_side"":""no"",""ticker"":""KXETH15M-26APR271800-00"",""trade_id"":""6975a0ca-914b-7659-52ec-f93c5369e7ae"",""yes_price_dollars"":""0.2400""}"
KXETH15M-26APR271800-00,8e993ae4-2197-506f-4a09-d192ce4990f7,1777326520,0.24,1.0,no,"{""count_fp"":""1.00"",""created_time"":""2026-04-27T21:48:40.313675Z"",""no_price_dollars"":""0.7600"",""taker_side"":""no"",""ticker"":""KXETH15M-26APR271800-00"",""trade_id"":""8e993ae4-2197-506f-4a09-d192ce4990f7"",""yes_price_dollars"":""0.2400""}"
KXETH15M-26APR271800-00,f28ca7ea-fc1f-7655-5cee-1c0b6744e80c,1777326520,0.24,1.84,no,"{""count_fp"":""1.84"",""created_time"":""2026-04-27T21:48:40.104661Z"",""no_price_dollars"":""0.7600"",""taker_side"":""no"",""ticker"":""KXETH15M-26APR271800-00"",""trade_id"":""f28ca7ea-fc1f-7655-5cee-1c0b6744e80c"",""yes_price_dollars"":""0.2400""}"
KXETH15M-26APR271800-00,cc6429e3-88c7-7a89-641a-20accd8f7556,1777326520,0.24,14.0,no,"{""count_fp"":""14.00"",""created_time"":""2026-04-27T21:48:40.104661Z"",""no_price_dollars"":""0.7600"",""taker_side"":""no"",""ticker"":""KXETH15M-26APR271800-00"",""trade_id"":""cc6429e3-88c7-7a89-641a-20accd8f7556"",""yes_price_dollars"":""0.2400""}"
KXETH15M-26APR271800-00,bfbce029-750b-7192-6b57-cfc3afd85f49,1777326520,0.24,9.16,no,"{""count_fp"":""9.16"",""created_time"":""2026-04-27T21:48:40.104661Z"",""no_price_dollars"":""0.7600"",""taker_side"":""no"",""ticker"":""KXETH15M-26APR271800-00"",""trade_id"":""bfbce029-750b-7192-6b57-cfc3afd85f49"",""yes_price_dollars"":""0.2400""}"
KXETH15M-26APR271800-00,60298905-298c-4b70-ab53-48d4f47013df,1777326521,0.23,10.0,no,"{""count_fp"":""10.00"",""created_time"":""2026-04-27T21:48:41.108132Z"",""no_price_dollars"":""0.7700"",""taker_side"":""no"",""ticker"":""KXETH15M-26APR271800-00"",""trade_id"":""60298905-298c-4b70-ab53-48d4f47013df"",""yes_price_dollars"":""0.2300""}"
KXETH15M-26APR271800-00,0d572543-be57-4ba1-83dd-c723956d156c,1777326521,0.23,18.0,no,"{""count_fp"":""18.00"",""created_time"":""2026-04-27T21:48:41.108132Z"",""no_price_dollars"":""0.7700"",""taker_side"":""no"",""ticker"":""KXETH15M-26APR271800-00"",""trade_id"":""0d572543-be57-4ba1-83dd-c723956d156c"",""yes_price_dollars"":""0.2300""}"
KXETH15M-26APR271800-00,fcceba52-89ee-459f-c605-7f5684dec921,1777326525,0.27,4.13,yes,"{""count_fp"":""4.13"",""created_time"":""2026-04-27T21:48:45.344241Z"",""no_price_dollars"":""0.7300"",""taker_side"":""yes"",""ticker"":""KXETH15M-26APR271800-00"",""trade_id"":""fcceba52-89ee-459f-c605-7f5684dec921"",""yes_price_dollars"":""0.2700""}"
KXETH15M-26APR271800-00,d28f11dd-493c-47a2-f235-65317926f9d4,1777326525,0.29,81.08,yes,"{""count_fp"":""81.08"",""created_time"":""2026-04-27T21:48:45.344241Z"",""no_price_dollars"":""0.7100"",""taker_side"":""yes"",""ticker"":""KXETH15M-26APR271800-00"",""trade_id"":""d28f11dd-493c-47a2-f235-65317926f9d4"",""yes_price_dollars"":""0.2900""}"
KXETH15M-26APR271800-00,be63107a-46a8-4a25-f2d6-2f9aeb0c64c8,1777326525,0.28,10.0,yes,"{""count_fp"":""10.00"",""created_time"":""2026-04-27T21:48:45.344241Z"",""no_price_dollars"":""0.7200"",""taker_side"":""yes"",""ticker"":""KXETH15M-26APR271800-00"",""trade_id"":""be63107a-46a8-4a25-f2d6-2f9aeb0c64c8"",""yes_price_dollars"":""0.2800""}"
KXETH15M-26APR271800-00,42971e54-6dfc-4b2e-e097-bc18e15d6c3d,1777326525,0.28,50.0,yes,"{""count_fp"":""50.00"",""created_time"":""2026-04-27T21:48:45.344241Z"",""no_price_dollars"":""0.7200"",""taker_side"":""yes"",""ticker"":""KXETH15M-26APR271800-00"",""trade_id"":""42971e54-6dfc-4b2e-e097-bc18e15d6c3d"",""yes_price_dollars"":""0.2800""}"
KXETH15M-26APR271800-00,28ac6660-ca39-4a2b-fa9a-08a37ced4504,1777326525,0.25,1.0,yes,"{""count_fp"":""1.00"",""created_time"":""2026-04-27T21:48:45.344241Z"",""no_price_dollars"":""0.7500"",""taker_side"":""yes"",""ticker"":""KXETH15M-26APR271800-00"",""trade_id"":""28ac6660-ca39-4a2b-fa9a-08a37ced4504"",""yes_price_dollars"":""0.2500""}"
KXETH15M-26APR271800-00,14d7bfcc-3129-4414-ef6e-6848d550f1e0,1777326525,0.29,4.0,yes,"{""count_fp"":""4.00"",""created_time"":""2026-04-27T21:48:45.344241Z"",""no_price_dollars"":""0.7100"",""taker_side"":""yes"",""ticker"":""KXETH15M-26APR271800-00"",""trade_id"":""14d7bfcc-3129-4414-ef6e-6848d550f1e0"",""yes_price_dollars"":""0.2900""}"
KXETH15M-26APR271800-00,7fbed87f-2c07-5f8b-59b6-f1e4a5de90af,1777326528,0.23,9.56,no,"{""count_fp"":""9.56"",""created_time"":""2026-04-27T21:48:48.702798Z"",""no_price_dollars"":""0.7700"",""taker_side"":""no"",""ticker"":""KXETH15M-26APR271800-00"",""trade_id"":""7fbed87f-2c07-5f8b-59b6-f1e4a5de90af"",""yes_price_dollars"":""0.2300""}"
KXETH15M-26APR271800-00,7354f224-a837-5f09-69fd-ac72f2a10388,1777326528,0.23,60.72,no,"{""count_fp"":""60.72"",""created_time"":""2026-04-27T21:48:48.702798Z"",""no_price_dollars"":""0.7700"",""taker_side"":""no"",""ticker"":""KXETH15M-26APR271800-00"",""trade_id"":""7354f224-a837-5f09-69fd-ac72f2a10388"",""yes_price_dollars"":""0.2300""}"
KXETH15M-26APR271800-00,1930586c-e632-7aa4-c9ae-5fcd6d15febf,1777326528,0.24,0.6,yes,"{""count_fp"":""0.60"",""created_time"":""2026-04-27T21:48:48.437318Z"",""no_price_dollars"":""0.7600"",""taker_side"":""yes"",""ticker"":""KXETH15M-26APR271800-00"",""trade_id"":""1930586c-e632-7aa4-c9ae-5fcd6d15febf"",""yes_price_dollars"":""0.2400""}"
KXETH15M-26APR271800-00,d7eff848-1e6a-6fd9-940d-88d90b9089ed,1777326529,0.25,1.0,yes,"{""count_fp"":""1.00"",""created_time"":""2026-04-27T21:48:49.104489Z"",""no_price_dollars"":""0.7500"",""taker_side"":""yes"",""ticker"":""KXETH15M-26APR271800-00"",""trade_id"":""d7eff848-1e6a-6fd9-940d-88d90b9089ed"",""yes_price_dollars"":""0.2500""}"
KXETH15M-26APR271800-00,25a69656-8b26-4a7e-d5d6-2fe14d90293b,1777326531,0.24,21.78,no,"{""count_fp"":""21.78"",""created_time"":""2026-04-27T21:48:51.489398Z"",""no_price_dollars"":""0.7600"",""taker_side"":""no"",""ticker"":""KXETH15M-26APR271800-00"",""trade_id"":""25a69656-8b26-4a7e-d5d6-2fe14d90293b"",""yes_price_dollars"":""0.2400""}"
KXETH15M-26APR271800-00,16c66928-3b42-77ad-6af7-b0e41e987aa5,1777326536,0.27,1.0,yes,"{""count_fp"":""1.00"",""created_time"":""2026-04-27T21:48:56.876978Z"",""no_price_dollars"":""0.7300"",""taker_side"":""yes"",""ticker"":""KXETH15M-26APR271800-00"",""trade_id"":""16c66928-3b42-77ad-6af7-b0e41e987aa5"",""yes_price_dollars"":""0.2700""}"
KXETH15M-26APR271800-00,cc64b687-a9c7-7f98-c94e-c869edfae31a,1777326537,0.29,33.22,yes,"{""count_fp"":""33.22"",""created_time"":""2026-04-27T21:48:57.672762Z"",""no_price_dollars"":""0.7100"",""taker_side"":""yes"",""ticker"":""KXETH15M-26APR271800-00"",""trade_id"":""cc64b687-a9c7-7f98-c94e-c869edfae31a"",""yes_price_dollars"":""0.2900""}"
KXETH15M-26APR271800-00,6af5f891-f59b-7ed2-facb-efef8292bf46,1777326537,0.28,10.0,yes,"{""count_fp"":""10.00"",""created_time"":""2026-04-27T21:48:57.672762Z"",""no_price_dollars"":""0.7200"",""taker_side"":""yes"",""ticker"":""KXETH15M-26APR271800-00"",""trade_id"":""6af5f891-f59b-7ed2-facb-efef8292bf46"",""yes_price_dollars"":""0.2800""}"
KXETH15M-26APR271800-00,1d3aa2b7-0165-7c34-f85f-066d3b4e84fa,1777326537,0.27,1.0,yes,"{""count_fp"":""1.00"",""created_time"":""2026-04-27T21:48:57.672762Z"",""no_price_dollars"":""0.7300"",""taker_side"":""yes"",""ticker"":""KXETH15M-26APR271800-00"",""trade_id"":""1d3aa2b7-0165-7c34-f85f-066d3b4e84fa"",""yes_price_dollars"":""0.2700""}"
KXETH15M-26APR271800-00,ced41f60-39ff-5412-b2d4-25960b075bb2,1777326540,0.26,2.0,no,"{""count_fp"":""2.00"",""created_time"":""2026-04-27T21:49:00.623609Z"",""no_price_dollars"":""0.7400"",""taker_side"":""no"",""ticker"":""KXETH15M-26APR271800-00"",""trade_id"":""ced41f60-39ff-5412-b2d4-25960b075bb2"",""yes_price_dollars"":""0.2600""}"
KXETH15M-26APR271800-00,5f3e7815-c9ab-79a2-4180-77f6d711034a,1777326540,0.26,1.29,no,"{""count_fp"":""1.29"",""created_time"":""2026-04-27T21:49:00.510145Z"",""no_price_dollars"":""0.7400"",""taker_side"":""no"",""ticker"":""KXETH15M-26APR271800-00"",""trade_id"":""5f3e7815-c9ab-79a2-4180-77f6d711034a"",""yes_price_dollars"":""0.2600""}"
KXETH15M-26APR271800-00,76fab98f-6322-7775-dee4-8d797605962c,1777326540,0.27,10.0,no,"{""count_fp"":""10.00"",""created_time"":""2026-04-27T21:49:00.097046Z"",""no_price_dollars"":""0.7300"",""taker_side"":""no"",""ticker"":""KXETH15M-26APR271800-00"",""trade_id"":""76fab98f-6322-7775-dee4-8d797605962c"",""yes_price_dollars"":""0.2700""}"
KXETH15M-26APR271800-00,70ed8158-f42f-7835-f47c-29b511d58f48,1777326540,0.27,40.0,no,"{""count_fp"":""40.00"",""created_time"":""2026-04-27T21:49:00.097046Z"",""no_price_dollars"":""0.7300"",""taker_side"":""no"",""ticker"":""KXETH15M-26APR271800-00"",""trade_id"":""70ed8158-f42f-7835-f47c-29b511d58f48"",""yes_price_dollars"":""0.2700""}"
KXETH15M-26APR271800-00,3b63a8cb-8b7b-601e-5545-4612dc7bb132,1777326541,0.26,1.71,no,"{""count_fp"":""1.71"",""created_time"":""2026-04-27T21:49:01.002026Z"",""no_price_dollars"":""0.7400"",""taker_side"":""no"",""ticker"":""KXETH15M-26APR271800-00"",""trade_id"":""3b63a8cb-8b7b-601e-5545-4612dc7bb132"",""yes_price_dollars"":""0.2600""}"
KXETH15M-26APR271800-00,2e280c69-798d-6a82-7125-d21e62f10a82,1777326541,0.26,48.29,no,"{""count_fp"":""48.29"",""created_time"":""2026-04-27T21:49:01.002026Z"",""no_price_dollars"":""0.7400"",""taker_side"":""no"",""ticker"":""KXETH15M-26APR271800-00"",""trade_id"":""2e280c69-798d-6a82-7125-d21e62f10a82"",""yes_price_dollars"":""0.2600""}"
KXETH15M-26APR271800-00,132de876-19b1-6d68-e55e-de88a29446fd,1777326542,0.3,1.0,no,"{""count_fp"":""1.00"",""created_time"":""2026-04-27T21:49:02.578652Z"",""no_price_dollars"":""0.7000"",""taker_side"":""no"",""ticker"":""KXETH15M-26APR271800-00"",""trade_id"":""132de876-19b1-6d68-e55e-de88a29446fd"",""yes_price_dollars"":""0.3000""}"
KXETH15M-26APR271800-00,1f42246c-f6e9-5191-0a9b-e60f94ec27d1,1777326542,0.29,1.0,yes,"{""count_fp"":""1.00"",""created_time"":""2026-04-27T21:49:02.240502Z"",""no_price_dollars"":""0.7100"",""taker_side"":""yes"",""ticker"":""KXETH15M-26APR271800-00"",""trade_id"":""1f42246c-f6e9-5191-0a9b-e60f94ec27d1"",""yes_price_dollars"":""0.2900""}"
KXETH15M-26APR271800-00,caea7e9d-c59f-77be-36af-9a34829a4e77,1777326542,0.29,1.0,yes,"{""count_fp"":""1.00"",""created_time"":""2026-04-27T21:49:02.092171Z"",""no_price_dollars"":""0.7100"",""taker_side"":""yes"",""ticker"":""KXETH15M-26APR271800-00"",""trade_id"":""caea7e9d-c59f-77be-36af-9a34829a4e77"",""yes_price_dollars"":""0.2900""}"
KXETH15M-26APR271800-00,fc7e44d7-2645-7108-aad7-353f5fdaa8b1,1777326543,0.3,3.0,no,"{""count_fp"":""3.00"",""created_time"":""2026-04-27T21:49:03.164488Z"",""no_price_dollars"":""0.7000"",""taker_side"":""no"",""ticker"":""KXETH15M-26APR271800-00"",""trade_id"":""fc7e44d7-2645-7108-aad7-353f5fdaa8b1"",""yes_price_dollars"":""0.3000""}"
KXETH15M-26APR271800-00,88b54f7e-7709-7962-9981-8b96b5baf9fe,1777326543,0.29,44.0,no,"{""count_fp"":""44.00"",""created_time"":""2026-04-27T21:49:03.164488Z"",""no_price_dollars"":""0.7100"",""taker_side"":""no"",""ticker"":""KXETH15M-26APR271800-00"",""trade_id"":""88b54f7e-7709-7962-9981-8b96b5baf9fe"",""yes_price_dollars"":""0.2900""}"
KXETH15M-26APR271800-00,95d09703-fb1e-5847-6b99-e115ce02e51b,1777326544,0.28,11.0,yes,"{""count_fp"":""11.00"",""created_time"":""2026-04-27T21:49:04.982854Z"",""no_price_dollars"":""0.7200"",""taker_side"":""yes"",""ticker"":""KXETH15M-26APR271800-00"",""trade_id"":""95d09703-fb1e-5847-6b99-e115ce02e51b"",""yes_price_dollars"":""0.2800""}"
KXETH15M-26APR271800-00,61d9b84d-f6a5-724a-94d4-e559cb82cd76,1777326544,0.28,39.0,no,"{""count_fp"":""39.00"",""created_time"":""2026-04-27T21:49:04.137437Z"",""no_price_dollars"":""0.7200"",""taker_side"":""no"",""ticker"":""KXETH15M-26APR271800-00"",""trade_id"":""61d9b84d-f6a5-724a-94d4-e559cb82cd76"",""yes_price_dollars"":""0.2800""}"
KXETH15M-26APR271800-00,f2d0b19e-6b3b-7bb4-50c7-244adde85141,1777326546,0.29,1.0,yes,"{""count_fp"":""1.00"",""created_time"":""2026-04-27T21:49:06.402784Z"",""no_price_dollars"":""0.7100"",""taker_side"":""yes"",""ticker"":""KXETH15M-26APR271800-00"",""trade_id"":""f2d0b19e-6b3b-7bb4-50c7-244adde85141"",""yes_price_dollars"":""0.2900""}"
KXETH15M-26APR271800-00,65012e89-408a-78d5-41ee-c903a4802c2c,1777326546,0.3,2.11,yes,"{""count_fp"":""2.11"",""created_time"":""2026-04-27T21:49:06.402784Z"",""no_price_dollars"":""0.7000"",""taker_side"":""yes"",""ticker"":""KXETH15M-26APR271800-00"",""trade_id"":""65012e89-408a-78d5-41ee-c903a4802c2c"",""yes_price_dollars"":""0.3000""}"
KXETH15M-26APR271800-00,487453e1-35b9-7570-b6af-90542f6badaa,1777326549,0.31,60.0,yes,"{""count_fp"":""60.00"",""created_time"":""2026-04-27T21:49:09.967451Z"",""no_price_dollars"":""0.6900"",""taker_side"":""yes"",""ticker"":""KXETH15M-26APR271800-00"",""trade_id"":""487453e1-35b9-7570-b6af-90542f6badaa"",""yes_price_dollars"":""0.3100""}"
KXETH15M-26APR271800-00,2923baf0-e378-47c3-0653-c3467352bae3,1777326549,0.29,31.0,no,"{""count_fp"":""31.00"",""created_time"":""2026-04-27T21:49:09.111966Z"",""no_price_dollars"":""0.7100"",""taker_side"":""no"",""ticker"":""KXETH15M-26APR271800-00"",""trade_id"":""2923baf0-e378-47c3-0653-c3467352bae3"",""yes_price_dollars"":""0.2900""}"
KXETH15M-26APR271800-00,16c75e2d-6e38-4dca-2b3b-18cf35fd4c02,1777326549,0.29,10.0,no,"{""count_fp"":""10.00"",""created_time"":""2026-04-27T21:49:09.111966Z"",""no_price_dollars"":""0.7100"",""taker_side"":""no"",""ticker"":""KXETH15M-26APR271800-00"",""trade_id"":""16c75e2d-6e38-4dca-2b3b-18cf35fd4c02"",""yes_price_dollars"":""0.2900""}"
KXETH15M-26APR271800-00,e51a8046-2a58-76c2-f39d-b1f1531c57cb,1777326549,0.3,1.0,yes,"{""count_fp"":""1.00"",""created_time"":""2026-04-27T21:49:09.049392Z"",""no_price_dollars"":""0.7000"",""taker_side"":""yes"",""ticker"":""KXETH15M-26APR271800-00"",""trade_id"":""e51a8046-2a58-76c2-f39d-b1f1531c57cb"",""yes_price_dollars"":""0.3000""}"
KXETH15M-26APR271800-00,d76c960a-0aa7-7170-dc2f-90beeb2a3622,1777326549,0.33,1.16,yes,"{""count_fp"":""1.16"",""created_time"":""2026-04-27T21:49:09.049392Z"",""no_price_dollars"":""0.6700"",""taker_side"":""yes"",""ticker"":""KXETH15M-26APR271800-00"",""trade_id"":""d76c960a-0aa7-7170-dc2f-90beeb2a3622"",""yes_price_dollars"":""0.3300""}"
KXETH15M-26APR271800-00,73408152-8f64-7f41-fedd-9a51f69b6f59,1777326549,0.32,5.0,yes,"{""count_fp"":""5.00"",""created_time"":""2026-04-27T21:49:09.049392Z"",""no_price_dollars"":""0.6800"",""taker_side"":""yes"",""ticker"":""KXETH15M-26APR271800-00"",""trade_id"":""73408152-8f64-7f41-fedd-9a51f69b6f59"",""yes_price_dollars"":""0.3200""}"
KXETH15M-26APR271800-00,529060a4-e3eb-7290-f352-2d48088025b2,1777326549,0.3,7.83,yes,"{""count_fp"":""7.83"",""created_time"":""2026-04-27T21:49:09.049392Z"",""no_price_dollars"":""0.7000"",""taker_side"":""yes"",""ticker"":""KXETH15M-26APR271800-00"",""trade_id"":""529060a4-e3eb-7290-f352-2d48088025b2"",""yes_price_dollars"":""0.3000""}"
KXETH15M-26APR271800-00,906050e2-bf24-6a73-28dc-f2f232e03d86,1777326550,0.36,4.27,yes,"{""count_fp"":""4.27"",""created_time"":""2026-04-27T21:49:10.675118Z"",""no_price_dollars"":""0.6400"",""taker_side"":""yes"",""ticker"":""KXETH15M-26APR271800-00"",""trade_id"":""906050e2-bf24-6a73-28dc-f2f232e03d86"",""yes_price_dollars"":""0.3600""}"
KXETH15M-26APR271800-00,8753b73d-23a7-439c-bfe8-b24926fcbefa,1777326550,0.33,2.84,yes,"{""count_fp"":""2.84"",""created_time"":""2026-04-27T21:49:10.113282Z"",""no_price_dollars"":""0.6700"",""taker_side"":""yes"",""ticker"":""KXETH15M-26APR271800-00"",""trade_id"":""8753b73d-23a7-439c-bfe8-b24926fcbefa"",""yes_price_dollars"":""0.3300""}"
KXETH15M-26APR271800-00,7fe1dfaf-9755-5d07-5dcb-0f866a8f150c,1777326555,0.34,5.0,yes,"{""count_fp"":""5.00"",""created_time"":""2026-04-27T21:49:15.852282Z"",""no_price_dollars"":""0.6600"",""taker_side"":""yes"",""ticker"":""KXETH15M-26APR271800-00"",""trade_id"":""7fe1dfaf-9755-5d07-5dcb-0f866a8f150c"",""yes_price_dollars"":""0.3400""}"
KXETH15M-26APR271800-00,f715e2df-7e8c-7e68-b8da-f3f072fc9deb,1777326558,0.37,517.7,yes,"{""count_fp"":""517.70"",""created_time"":""2026-04-27T21:49:18.797785Z"",""no_price_dollars"":""0.6300"",""taker_side"":""yes"",""ticker"":""KXETH15M-26APR271800-00"",""trade_id"":""f715e2df-7e8c-7e68-b8da-f3f072fc9deb"",""yes_price_dollars"":""0.3700""}"
KXETH15M-26APR271800-00,b89f09cc-d879-58ae-f935-db603a99671e,1777326558,0.34,5.0,no,"{""count_fp"":""5.00"",""created_time"":""2026-04-27T21:49:18.403146Z"",""no_price_dollars"":""0.6600"",""taker_side"":""no"",""ticker"":""KXETH15M-26APR271800-00"",""trade_id"":""b89f09cc-d879-58ae-f935-db603a99671e"",""yes_price_dollars"":""0.3400""}"
KXETH15M-26APR271800-00,b691aa9a-dfa4-52f7-e6fd-6c4ca517ef27,1777326558,0.34,18.94,no,"{""count_fp"":""18.94"",""created_time"":""2026-04-27T21:49:18.403146Z"",""no_price_dollars"":""0.6600"",""taker_side"":""no"",""ticker"":""KXETH15M-26APR271800-00"",""trade_id"":""b691aa9a-dfa4-52f7-e6fd-6c4ca517ef27"",""yes_price_dollars"":""0.3400""}"
KXETH15M-26APR271800-00,7f802f6c-fbea-447a-f75d-789c4a7c7823,1777326560,0.33,2.0,no,"{""count_fp"":""2.00"",""created_time"":""2026-04-27T21:49:20.641356Z"",""no_price_dollars"":""0.6700"",""taker_side"":""no"",""ticker"":""KXETH15M-26APR271800-00"",""trade_id"":""7f802f6c-fbea-447a-f75d-789c4a7c7823"",""yes_price_dollars"":""0.3300""}"
KXETH15M-26APR271800-00,16dfa0d6-f8b0-431b-d16e-00353a7ec877,1777326560,0.33,4.99,no,"{""count_fp"":""4.99"",""created_time"":""2026-04-27T21:49:20.641356Z"",""no_price_dollars"":""0.6700"",""taker_side"":""no"",""ticker"":""KXETH15M-26APR271800-00"",""trade_id"":""16dfa0d6-f8b0-431b-d16e-00353a7ec877"",""yes_price_dollars"":""0.3300""}"
KXETH15M-26APR271800-00,83ae004c-83ec-44c0-65f5-07ce4f2bc75f,1777326560,0.37,10.35,yes,"{""count_fp"":""10.35"",""created_time"":""2026-04-27T21:49:20.379887Z"",""no_price_dollars"":""0.6300"",""taker_side"":""yes"",""ticker"":""KXETH15M-26APR271800-00"",""trade_id"":""83ae004c-83ec-44c0-65f5-07ce4f2bc75f"",""yes_price_dollars"":""0.3700""}"
KXETH15M-26APR271800-00,e706204d-8a1c-6518-4fc4-4467b80d4bef,1777326566,0.36,2.0,yes,"{""count_fp"":""2.00"",""created_time"":""2026-04-27T21:49:26.147918Z"",""no_price_dollars"":""0.6400"",""taker_side"":""yes"",""ticker"":""KXETH15M-26APR271800-00"",""trade_id"":""e706204d-8a1c-6518-4fc4-4467b80d4bef"",""yes_price_dollars"":""0.3600""}"
KXETH15M-26APR271800-00,979d97ab-e663-6224-526c-63fb81848b7c,1777326566,0.36,10.46,yes,"{""count_fp"":""10.46"",""created_time"":""2026-04-27T21:49:26.147918Z"",""no_price_dollars"":""0.6400"",""taker_side"":""yes"",""ticker"":""KXETH15M-26APR271800-00"",""trade_id"":""979d97ab-e663-6224-526c-63fb81848b7c"",""yes_price_dollars"":""0.3600""}"
KXETH15M-26APR271800-00,6a9e0c70-055a-76d9-5011-0398e462b7a8,1777326568,0.39,7.46,no,"{""count_fp"":""7.46"",""created_time"":""2026-04-27T21:49:28.114552Z"",""no_price_dollars"":""0.6100"",""taker_side"":""no"",""ticker"":""KXETH15M-26APR271800-00"",""trade_id"":""6a9e0c70-055a-76d9-5011-0398e462b7a8"",""yes_price_dollars"":""0.3900""}"
KXETH15M-26APR271800-00,4cba3138-439f-6259-d6ce-f77387c785e7,1777326569,0.35,2.0,no,"{""count_fp"":""2.00"",""created_time"":""2026-04-27T21:49:29.414713Z"",""no_price_dollars"":""0.6500"",""taker_side"":""no"",""ticker"":""KXETH15M-26APR271800-00"",""trade_id"":""4cba3138-439f-6259-d6ce-f77387c785e7"",""yes_price_dollars"":""0.3500""}"
KXETH15M-26APR271800-00,32a2dd31-e7d4-6a03-de55-1639c3ddb5f3,1777326569,0.35,18.0,no,"{""count_fp"":""18.00"",""created_time"":""2026-04-27T21:49:29.414713Z"",""no_price_dollars"":""0.6500"",""taker_side"":""no"",""ticker"":""KXETH15M-26APR271800-00"",""trade_id"":""32a2dd31-e7d4-6a03-de55-1639c3ddb5f3"",""yes_price_dollars"":""0.3500""}"
KXETH15M-26APR271800-00,f6290ec2-a0a5-7f04-9591-cb5259ccca82,1777326570,0.36,5.0,yes,"{""count_fp"":""5.00"",""created_time"":""2026-04-27T21:49:30.170697Z"",""no_price_dollars"":""0.6400"",""taker_side"":""yes"",""ticker"":""KXETH15M-26APR271800-00"",""trade_id"":""f6290ec2-a0a5-7f04-9591-cb5259ccca82"",""yes_price_dollars"":""0.3600""}"
KXETH15M-26APR271800-00,2013084b-9234-5162-aae6-38c30c506524,1777326570,0.36,21.48,yes,"{""count_fp"":""21.48"",""created_time"":""2026-04-27T21:49:30.130946Z"",""no_price_dollars"":""0.6400"",""taker_side"":""yes"",""ticker"":""KXETH15M-26APR271800-00"",""trade_id"":""2013084b-9234-5162-aae6-38c30c506524"",""yes_price_dollars"":""0.3600""}"
KXETH15M-26APR271800-00,f7e94a5c-dd1c-6026-42e2-99e02511bd80,1777326570,0.36,29.95,yes,"{""count_fp"":""29.95"",""created_time"":""2026-04-27T21:49:30.111446Z"",""no_price_dollars"":""0.6400"",""taker_side"":""yes"",""ticker"":""KXETH15M-26APR271800-00"",""trade_id"":""f7e94a5c-dd1c-6026-42e2-99e02511bd80"",""yes_price_dollars"":""0.3600""}"
KXETH15M-26APR271800-00,40c048b8-657d-7f44-762e-149a33f81b6e,1777326578,0.31,4.74,yes,"{""count_fp"":""4.74"",""created_time"":""2026-04-27T21:49:38.840618Z"",""no_price_dollars"":""0.6900"",""taker_side"":""yes"",""ticker"":""KXETH15M-26APR271800-00"",""trade_id"":""40c048b8-657d-7f44-762e-149a33f81b6e"",""yes_price_dollars"":""0.3100""}"
KXETH15M-26APR271800-00,f42139e6-d021-4078-867f-1351510914ba,1777326578,0.31,2.89,yes,"{""count_fp"":""2.89"",""created_time"":""2026-04-27T21:49:38.650755Z"",""no_price_dollars"":""0.6900"",""taker_side"":""yes"",""ticker"":""KXETH15M-26APR271800-00"",""trade_id"":""f42139e6-d021-4078-867f-1351510914ba"",""yes_price_dollars"":""0.3100""}"
KXETH15M-26APR271800-00,313c56c5-fc17-4596-4bd8-0ec1a2e4141e,1777326583,0.26,5.0,no,"{""count_fp"":""5.00"",""created_time"":""2026-04-27T21:49:43.451427Z"",""no_price_dollars"":""0.7400"",""taker_side"":""no"",""ticker"":""KXETH15M-26APR271800-00"",""trade_id"":""313c56c5-fc17-4596-4bd8-0ec1a2e4141e"",""yes_price_dollars"":""0.2600""}"
KXETH15M-26APR271800-00,de2e1a5e-e798-576d-374e-bb49c133bf98,1777326584,0.34,10.0,yes,"{""count_fp"":""10.00"",""created_time"":""2026-04-27T21:49:44.709287Z"",""no_price_dollars"":""0.6600"",""taker_side"":""yes"",""ticker"":""KXETH15M-26APR271800-00"",""trade_id"":""de2e1a5e-e798-576d-374e-bb49c133bf98"",""yes_price_dollars"":""0.3400""}"
KXETH15M-26APR271800-00,798b723a-2f3c-5b4c-5642-d393647e9648,1777326584,0.33,60.0,yes,"{""count_fp"":""60.00"",""created_time"":""2026-04-27T21:49:44.627013Z"",""no_price_dollars"":""0.6700"",""taker_side"":""yes"",""ticker"":""KXETH15M-26APR271800-00"",""trade_id"":""798b723a-2f3c-5b4c-5642-d393647e9648"",""yes_price_dollars"":""0.3300""}"
KXETH15M-26APR271800-00,851b1d0d-46ee-7307-799d-28e46fe15758,1777326584,0.31,10.0,yes,"{""count_fp"":""10.00"",""created_time"":""2026-04-27T21:49:44.593244Z"",""no_price_dollars"":""0.6900"",""taker_side"":""yes"",""ticker"":""KXETH15M-26APR271800-00"",""trade_id"":""851b1d0d-46ee-7307-799d-28e46fe15758"",""yes_price_dollars"":""0.3100""}"
KXETH15M-26APR271800-00,42aa05ba-d063-75b6-4d72-695f936c032a,1777326584,0.31,1.0,yes,"{""count_fp"":""1.00"",""created_time"":""2026-04-27T21:49:44.593244Z"",""no_price_dollars"":""0.6900"",""taker_side"":""yes"",""ticker"":""KXETH15M-26APR271800-00"",""trade_id"":""42aa05ba-d063-75b6-4d72-695f936c032a"",""yes_price_dollars"":""0.3100""}"
KXETH15M-26APR271800-00,06fbb09d-be2b-78ad-dc94-767c044b2788,1777326584,0.27,1.0,yes,"{""count_fp"":""1.00"",""created_time"":""2026-04-27T21:49:44.582917Z"",""no_price_dollars"":""0.7300"",""taker_side"":""yes"",""ticker"":""KXETH15M-26APR271800-00"",""trade_id"":""06fbb09d-be2b-78ad-dc94-767c044b2788"",""yes_price_dollars"":""0.2700""}"
KXETH15M-26APR271800-00,fbaec9c0-7f88-5a1c-1582-dc0a0ef00464,1777326587,0.36,2.0,yes,"{""count_fp"":""2.00"",""created_time"":""2026-04-27T21:49:47.139158Z"",""no_price_dollars"":""0.6400"",""taker_side"":""yes"",""ticker"":""KXETH15M-26APR271800-00"",""trade_id"":""fbaec9c0-7f88-5a1c-1582-dc0a0ef00464"",""yes_price_dollars"":""0.3600""}"
KXETH15M-26APR271800-00,70150123-534a-524d-14ba-ec17334adce2,1777326587,0.37,57.0,yes,"{""count_fp"":""57.00"",""created_time"":""2026-04-27T21:49:47.139158Z"",""no_price_dollars"":""0.6300"",""taker_side"":""yes"",""ticker"":""KXETH15M-26APR271800-00"",""trade_id"":""70150123-534a-524d-14ba-ec17334adce2"",""yes_price_dollars"":""0.3700""}"
KXETH15M-26APR271800-00,84cfb7f4-81ac-4513-0979-0b3fea8b8243,1777326593,0.4,23.0,no,"{""count_fp"":""23.00"",""created_time"":""2026-04-27T21:49:53.581867Z"",""no_price_dollars"":""0.6000"",""taker_side"":""no"",""ticker"":""KXETH15M-26APR271800-00"",""trade_id"":""84cfb7f4-81ac-4513-0979-0b3fea8b8243"",""yes_price_dollars"":""0.4000""}"
KXETH15M-26APR271800-00,6293a32c-3736-4e21-2f6e-bdfc4a1296da,1777326593,0.4,10.0,no,"{""count_fp"":""10.00"",""created_time"":""2026-04-27T21:49:53.581867Z"",""no_price_dollars"":""0.6000"",""taker_side"":""no"",""ticker"":""KXETH15M-26APR271800-00"",""trade_id"":""6293a32c-3736-4e21-2f6e-bdfc4a1296da"",""yes_price_dollars"":""0.4000""}"
KXETH15M-26APR271800-00,e4fd8953-2330-4267-fc89-e94ccadbf37b,1777326596,0.39,3.38,no,"{""count_fp"":""3.38"",""created_time"":""2026-04-27T21:49:56.586631Z"",""no_price_dollars"":""0.6100"",""taker_side"":""no"",""ticker"":""KXETH15M-26APR271800-00"",""trade_id"":""e4fd8953-2330-4267-fc89-e94ccadbf37b"",""yes_price_dollars"":""0.3900""}"
KXETH15M-26APR271800-00,e2fac0d9-d994-477d-d1e0-edb6ccc4a8cd,1777326596,0.4,10.0,no,"{""count_fp"":""10.00"",""created_time"":""2026-04-27T21:49:56.586631Z"",""no_price_dollars"":""0.6000"",""taker_side"":""no"",""ticker"":""KXETH15M-26APR271800-00"",""trade_id"":""e2fac0d9-d994-477d-d1e0-edb6ccc4a8cd"",""yes_price_dollars"":""0.4000""}"
KXETH15M-26APR271800-00,0e66e989-4479-400e-f3ee-f30acbfdf543,1777326600,0.4,50.0,yes,"{""count_fp"":""50.00"",""created_time"":""2026-04-27T21:50:00.925751Z"",""no_price_dollars"":""0.6000"",""taker_side"":""yes"",""ticker"":""KXETH15M-26APR271800-00"",""trade_id"":""0e66e989-4479-400e-f3ee-f30acbfdf543"",""yes_price_dollars"":""0.4000""}"
KXETH15M-26APR271800-00,daebbdbe-166f-6a96-30e5-16078a805b73,1777326605,0.39,5.43,no,"{""count_fp"":""5.43"",""created_time"":""2026-04-27T21:50:05.962543Z"",""no_price_dollars"":""0.6100"",""taker_side"":""no"",""ticker"":""KXETH15M-26APR271800-00"",""trade_id"":""daebbdbe-166f-6a96-30e5-16078a805b73"",""yes_price_dollars"":""0.3900""}"
KXETH15M-26APR271800-00,a08033d8-ad14-55b8-2098-3dd34ad4e279,1777326608,0.39,5.0,no,"{""count_fp"":""5.00"",""created_time"":""2026-04-27T21:50:08.170467Z"",""no_price_dollars"":""0.6100"",""taker_side"":""no"",""ticker"":""KXETH15M-26APR271800-00"",""trade_id"":""a08033d8-ad14-55b8-2098-3dd34ad4e279"",""yes_price_dollars"":""0.3900""}"
KXETH15M-26APR271800-00,53b17719-182a-5717-1820-640ff45dd82a,1777326608,0.39,5.0,no,"{""count_fp"":""5.00"",""created_time"":""2026-04-27T21:50:08.101501Z"",""no_price_dollars"":""0.6100"",""taker_side"":""no"",""ticker"":""KXETH15M-26APR271800-00"",""trade_id"":""53b17719-182a-5717-1820-640ff45dd82a"",""yes_price_dollars"":""0.3900""}"
KXETH15M-26APR271800-00,9211ef01-263a-5c2d-4d8d-adce4be214b7,1777326608,0.39,1.0,yes,"{""count_fp"":""1.00"",""created_time"":""2026-04-27T21:50:08.096909Z"",""no_price_dollars"":""0.6100"",""taker_side"":""yes"",""ticker"":""KXETH15M-26APR271800-00"",""trade_id"":""9211ef01-263a-5c2d-4d8d-adce4be214b7"",""yes_price_dollars"":""0.3900""}"
KXETH15M-26APR271800-00,8e4a8af3-f9c5-7a7e-42b3-ab07db6fcaf7,1777326610,0.4,43.18,yes,"{""count_fp"":""43.18"",""created_time"":""2026-04-27T21:50:10.538093Z"",""no_price_dollars"":""0.6000"",""taker_side"":""yes"",""ticker"":""KXETH15M-26APR271800-00"",""trade_id"":""8e4a8af3-f9c5-7a7e-42b3-ab07db6fcaf7"",""yes_price_dollars"":""0.4000""}"
KXETH15M-26APR271800-00,652fc417-94ed-698a-ad29-9febc244cfdb,1777326613,0.4,2.0,yes,"{""count_fp"":""2.00"",""created_time"":""2026-04-27T21:50:13.094582Z"",""no_price_dollars"":""0.6000"",""taker_side"":""yes"",""ticker"":""KXETH15M-26APR271800-00"",""trade_id"":""652fc417-94ed-698a-ad29-9febc244cfdb"",""yes_price_dollars"":""0.4000""}"
KXETH15M-26APR271800-00,73f04bbd-2086-73be-e47c-0152ce229bcc,1777326614,0.39,1.0,no,"{""count_fp"":""1.00"",""created_time"":""2026-04-27T21:50:14.388096Z"",""no_price_dollars"":""0.6100"",""taker_side"":""no"",""ticker"":""KXETH15M-26APR271800-00"",""trade_id"":""73f04bbd-2086-73be-e47c-0152ce229bcc"",""yes_price_dollars"":""0.3900""}"
KXETH15M-26APR271800-00,e1fe4ade-4061-7506-af3e-cbf60df8485b,1777326619,0.4,1.0,yes,"{""count_fp"":""1.00"",""created_time"":""2026-04-27T21:50:19.311615Z"",""no_price_dollars"":""0.6000"",""taker_side"":""yes"",""ticker"":""KXETH15M-26APR271800-00"",""trade_id"":""e1fe4ade-4061-7506-af3e-cbf60df8485b"",""yes_price_dollars"":""0.4000""}"
KXETH15M-26APR271800-00,c9a06441-7645-60ee-ccec-f8c219e8319b,1777326635,0.4,7.19,yes,"{""count_fp"":""7.19"",""created_time"":""2026-04-27T21:50:35.141936Z"",""no_price_dollars"":""0.6000"",""taker_side"":""yes"",""ticker"":""KXETH15M-26APR271800-00"",""trade_id"":""c9a06441-7645-60ee-ccec-f8c219e8319b"",""yes_price_dollars"":""0.4000""}"
KXETH15M-26APR271800-00,85300910-f550-64f9-4446-ad0b3190c7fd,1777326639,0.4,0.39,yes,"{""count_fp"":""0.39"",""created_time"":""2026-04-27T21:50:39.442069Z"",""no_price_dollars"":""0.6000"",""taker_side"":""yes"",""ticker"":""KXETH15M-26APR271800-00"",""trade_id"":""85300910-f550-64f9-4446-ad0b3190c7fd"",""yes_price_dollars"":""0.4000""}"
KXETH15M-26APR271800-00,84e372f4-3031-6caa-7c22-c0bbb3fb73ee,1777326639,0.4,2.0,yes,"{""count_fp"":""2.00"",""created_time"":""2026-04-27T21:50:39.442069Z"",""no_price_dollars"":""0.6000"",""taker_side"":""yes"",""ticker"":""KXETH15M-26APR271800-00"",""trade_id"":""84e372f4-3031-6caa-7c22-c0bbb3fb73ee"",""yes_price_dollars"":""0.4000""}"
KXETH15M-26APR271800-00,f50d4b9d-7e5c-6b37-b63d-1ff8b7943dd9,1777326656,0.41,3.0,yes,"{""count_fp"":""3.00"",""created_time"":""2026-04-27T21:50:56.262698Z"",""no_price_dollars"":""0.5900"",""taker_side"":""yes"",""ticker"":""KXETH15M-26APR271800-00"",""trade_id"":""f50d4b9d-7e5c-6b37-b63d-1ff8b7943dd9"",""yes_price_dollars"":""0.4100""}"
KXETH15M-26APR271800-00,dd31d1d5-6ae0-60f1-b323-46f382db9f21,1777326656,0.4,0.61,yes,"{""count_fp"":""0.61"",""created_time"":""2026-04-27T21:50:56.262698Z"",""no_price_dollars"":""0.6000"",""taker_side"":""yes"",""ticker"":""KXETH15M-26APR271800-00"",""trade_id"":""dd31d1d5-6ae0-60f1-b323-46f382db9f21"",""yes_price_dollars"":""0.4000""}"
KXETH15M-26APR271800-00,bcdacfae-c877-558c-db7d-cf68b134892d,1777326657,0.46,10.0,yes,"{""count_fp"":""10.00"",""created_time"":""2026-04-27T21:50:57.093026Z"",""no_price_dollars"":""0.5400"",""taker_side"":""yes"",""ticker"":""KXETH15M-26APR271800-00"",""trade_id"":""bcdacfae-c877-558c-db7d-cf68b134892d"",""yes_price_dollars"":""0.4600""}"
KXETH15M-26APR271800-00,2ec0f46a-9bbb-5d6f-e06b-934ec4d95370,1777326657,0.43,1.0,yes,"{""count_fp"":""1.00"",""created_time"":""2026-04-27T21:50:57.093026Z"",""no_price_dollars"":""0.5700"",""taker_side"":""yes"",""ticker"":""KXETH15M-26APR271800-00"",""trade_id"":""2ec0f46a-9bbb-5d6f-e06b-934ec4d95370"",""yes_price_dollars"":""0.4300""}"
KXETH15M-26APR271800-00,54e7c83d-7eb6-58c4-607f-62a6b5e2c05b,1777326659,0.45,0.1,no,"{""count_fp"":""0.10"",""created_time"":""2026-04-27T21:50:59.567467Z"",""no_price_dollars"":""0.5500"",""taker_side"":""no"",""ticker"":""KXETH15M-26APR271800-00"",""trade_id"":""54e7c83d-7eb6-58c4-607f-62a6b5e2c05b"",""yes_price_dollars"":""0.4500""}"
KXETH15M-26APR271800-00,1cce5f47-d306-5ffa-0686-4ed60bba4671,1777326660,0.47,2.0,no,"{""count_fp"":""2.00"",""created_time"":""2026-04-27T21:51:00.669371Z"",""no_price_dollars"":""0.5300"",""taker_side"":""no"",""ticker"":""KXETH15M-26APR271800-00"",""trade_id"":""1cce5f47-d306-5ffa-0686-4ed60bba4671"",""yes_price_dollars"":""0.4700""}"
KXETH15M-26APR271800-00,d653a9c4-7e45-4f44-24f4-bf17dfc09a84,1777326660,0.5,1.0,yes,"{""count_fp"":""1.00"",""created_time"":""2026-04-27T21:51:00.053577Z"",""no_price_dollars"":""0.5000"",""taker_side"":""yes"",""ticker"":""KXETH15M-26APR271800-00"",""trade_id"":""d653a9c4-7e45-4f44-24f4-bf17dfc09a84"",""yes_price_dollars"":""0.5000""}"
KXETH15M-26APR271800-00,74619397-cd7b-4955-15f2-ff932a0e65df,1777326660,0.49,9.0,yes,"{""count_fp"":""9.00"",""created_time"":""2026-04-27T21:51:00.053577Z"",""no_price_dollars"":""0.5100"",""taker_side"":""yes"",""ticker"":""KXETH15M-26APR271800-00"",""trade_id"":""74619397-cd7b-4955-15f2-ff932a0e65df"",""yes_price_dollars"":""0.4900""}"
KXETH15M-26APR271800-00,694b67e1-7b4f-4048-003f-ea740b1a1742,1777326660,0.51,10.0,yes,"{""count_fp"":""10.00"",""created_time"":""2026-04-27T21:51:00.053577Z"",""no_price_dollars"":""0.4900"",""taker_side"":""yes"",""ticker"":""KXETH15M-26APR271800-00"",""trade_id"":""694b67e1-7b4f-4048-003f-ea740b1a1742"",""yes_price_dollars"":""0.5100""}"
KXETH15M-26APR271800-00,3d6a567e-4999-47b0-14e2-9507b5c58c62,1777326660,0.52,30.0,yes,"{""count_fp"":""30.00"",""created_time"":""2026-04-27T21:51:00.053577Z"",""no_price_dollars"":""0.4800"",""taker_side"":""yes"",""ticker"":""KXETH15M-26APR271800-00"",""trade_id"":""3d6a567e-4999-47b0-14e2-9507b5c58c62"",""yes_price_dollars"":""0.5200""}"
KXETH15M-26APR271800-00,cafdcd4e-9e13-62eb-c565-82796529983b,1777326662,0.52,1.0,yes,"{""count_fp"":""1.00"",""created_time"":""2026-04-27T21:51:02.923725Z"",""no_price_dollars"":""0.4800"",""taker_side"":""yes"",""ticker"":""KXETH15M-26APR271800-00"",""trade_id"":""cafdcd4e-9e13-62eb-c565-82796529983b"",""yes_price_dollars"":""0.5200""}"
KXETH15M-26APR271800-00,66847a21-183c-57cf-5207-97bd27869458,1777326663,0.48,10.14,no,"{""count_fp"":""10.14"",""created_time"":""2026-04-27T21:51:03.600319Z"",""no_price_dollars"":""0.5200"",""taker_side"":""no"",""ticker"":""KXETH15M-26APR271800-00"",""trade_id"":""66847a21-183c-57cf-5207-97bd27869458"",""yes_price_dollars"":""0.4800""}"
KXETH15M-26APR271800-00,2ccf1bd3-3aa1-549e-6c1a-26502478e30e,1777326663,0.48,1.0,no,"{""count_fp"":""1.00"",""created_time"":""2026-04-27T21:51:03.600319Z"",""no_price_dollars"":""0.5200"",""taker_side"":""no"",""ticker"":""KXETH15M-26APR271800-00"",""trade_id"":""2ccf1bd3-3aa1-549e-6c1a-26502478e30e"",""yes_price_dollars"":""0.4800""}"
KXETH15M-26APR271800-00,dc0a4d8b-34d8-65b4-1378-024721b9f783,1777326663,0.5,5.0,yes,"{""count_fp"":""5.00"",""created_time"":""2026-04-27T21:51:03.488593Z"",""no_price_dollars"":""0.5000"",""taker_side"":""yes"",""ticker"":""KXETH15M-26APR271800-00"",""trade_id"":""dc0a4d8b-34d8-65b4-1378-024721b9f783"",""yes_price_dollars"":""0.5000""}"
KXETH15M-26APR271800-00,b2dbd21b-ed96-6a08-237d-d02ae99d0d24,1777326663,0.52,2.93,yes,"{""count_fp"":""2.93"",""created_time"":""2026-04-27T21:51:03.488593Z"",""no_price_dollars"":""0.4800"",""taker_side"":""yes"",""ticker"":""KXETH15M-26APR271800-00"",""trade_id"":""b2dbd21b-ed96-6a08-237d-d02ae99d0d24"",""yes_price_dollars"":""0.5200""}"
KXETH15M-26APR271800-00,a66e71bc-59ec-6bbf-10c1-d9491a5fb06a,1777326663,0.49,1.37,yes,"{""count_fp"":""1.37"",""created_time"":""2026-04-27T21:51:03.488593Z"",""no_price_dollars"":""0.5100"",""taker_side"":""yes"",""ticker"":""KXETH15M-26APR271800-00"",""trade_id"":""a66e71bc-59ec-6bbf-10c1-d9491a5fb06a"",""yes_price_dollars"":""0.4900""}"
KXETH15M-26APR271800-00,f7cf1534-eb23-5abe-a6be-76e907a3247e,1777326663,0.49,2.63,no,"{""count_fp"":""2.63"",""created_time"":""2026-04-27T21:51:03.017142Z"",""no_price_dollars"":""0.5100"",""taker_side"":""no"",""ticker"":""KXETH15M-26APR271800-00"",""trade_id"":""f7cf1534-eb23-5abe-a6be-76e907a3247e"",""yes_price_dollars"":""0.4900""}"
KXETH15M-26APR271800-00,417571b3-a2a3-7c8c-d791-1a1e7098d2ae,1777326667,0.51,1.0,yes,"{""count_fp"":""1.00"",""created_time"":""2026-04-27T21:51:07.115601Z"",""no_price_dollars"":""0.4900"",""taker_side"":""yes"",""ticker"":""KXETH15M-26APR271800-00"",""trade_id"":""417571b3-a2a3-7c8c-d791-1a1e7098d2ae"",""yes_price_dollars"":""0.5100""}"
KXETH15M-26APR271800-00,ded3e129-b115-7d35-5dd4-d5c9c1490f71,1777326668,0.5,10.0,no,"{""count_fp"":""10.00"",""created_time"":""2026-04-27T21:51:08.318106Z"",""no_price_dollars"":""0.5000"",""taker_side"":""no"",""ticker"":""KXETH15M-26APR271800-00"",""trade_id"":""ded3e129-b115-7d35-5dd4-d5c9c1490f71"",""yes_price_dollars"":""0.5000""}"
KXETH15M-26APR271800-00,8ed59dd2-bddd-7f23-51fb-29d54d25faa3,1777326668,0.5,10.0,no,"{""count_fp"":""10.00"",""created_time"":""2026-04-27T21:51:08.318106Z"",""no_price_dollars"":""0.5000"",""taker_side"":""no"",""ticker"":""KXETH15M-26APR271800-00"",""trade_id"":""8ed59dd2-bddd-7f23-51fb-29d54d25faa3"",""yes_price_dollars"":""0.5000""}"
KXETH15M-26APR271800-00,4b1aedb3-4f9c-7cb4-7adc-71a45c75de35,1777326668,0.5,100.0,no,"{""count_fp"":""100.00"",""created_time"":""2026-04-27T21:51:08.318106Z"",""no_price_dollars"":""0.5000"",""taker_side"":""no"",""ticker"":""KXETH15M-26APR271800-00"",""trade_id"":""4b1aedb3-4f9c-7cb4-7adc-71a45c75de35"",""yes_price_dollars"":""0.5000""}"
KXETH15M-26APR271800-00,e1422f7e-bd28-633b-8282-eb15b23bebe3,1777326668,0.51,1.0,yes,"{""count_fp"":""1.00"",""created_time"":""2026-04-27T21:51:08.013992Z"",""no_price_dollars"":""0.4900"",""taker_side"":""yes"",""ticker"":""KXETH15M-26APR271800-00"",""trade_id"":""e1422f7e-bd28-633b-8282-eb15b23bebe3"",""yes_price_dollars"":""0.5100""}"
KXETH15M-26APR271800-00,6e05c549-67f5-6dbc-acfd-c40bb5a68ea6,1777326668,0.55,26.94,yes,"{""count_fp"":""26.94"",""created_time"":""2026-04-27T21:51:08.013992Z"",""no_price_dollars"":""0.4500"",""taker_side"":""yes"",""ticker"":""KXETH15M-26APR271800-00"",""trade_id"":""6e05c549-67f5-6dbc-acfd-c40bb5a68ea6"",""yes_price_dollars"":""0.5500""}"
KXETH15M-26APR271800-00,31fcd08e-abb2-63b0-9c0e-3699c7bc7a53,1777326668,0.54,5.0,yes,"{""count_fp"":""5.00"",""created_time"":""2026-04-27T21:51:08.013992Z"",""no_price_dollars"":""0.4600"",""taker_side"":""yes"",""ticker"":""KXETH15M-26APR271800-00"",""trade_id"":""31fcd08e-abb2-63b0-9c0e-3699c7bc7a53"",""yes_price_dollars"":""0.5400""}"
KXETH15M-26APR271800-00,177c983e-50a0-6a8f-86be-5d566508e96b,1777326668,0.54,10.0,yes,"{""count_fp"":""10.00"",""created_time"":""2026-04-27T21:51:08.013992Z"",""no_price_dollars"":""0.4600"",""taker_side"":""yes"",""ticker"":""KXETH15M-26APR271800-00"",""trade_id"":""177c983e-50a0-6a8f-86be-5d566508e96b"",""yes_price_dollars"":""0.5400""}"
KXETH15M-26APR271800-00,089897d1-04be-674e-9380-30c27a3addde,1777326668,0.55,10.0,yes,"{""count_fp"":""10.00"",""created_time"":""2026-04-27T21:51:08.013992Z"",""no_price_dollars"":""0.4500"",""taker_side"":""yes"",""ticker"":""KXETH15M-26APR271800-00"",""trade_id"":""089897d1-04be-674e-9380-30c27a3addde"",""yes_price_dollars"":""0.5500""}"
