ticker,trade_id,ts,yes_price,count,taker_side,raw_json
KXETH15M-26APR272015-15,51e1c428-e10c-5198-fb94-376ccb9d83f3,1777334406,0.51,34.0,no,"{""count_fp"":""34.00"",""created_time"":""2026-04-28T00:00:06.475116Z"",""no_price_dollars"":""0.4900"",""taker_side"":""no"",""ticker"":""KXETH15M-26APR272015-15"",""trade_id"":""51e1c428-e10c-5198-fb94-376ccb9d83f3"",""yes_price_dollars"":""0.5100""}"
KXETH15M-26APR272015-15,97bb3ac9-626c-7014-65bb-644e26bef52b,1777334407,0.5,18.0,no,"{""count_fp"":""18.00"",""created_time"":""2026-04-28T00:00:07.905562Z"",""no_price_dollars"":""0.5000"",""taker_side"":""no"",""ticker"":""KXETH15M-26APR272015-15"",""trade_id"":""97bb3ac9-626c-7014-65bb-644e26bef52b"",""yes_price_dollars"":""0.5000""}"
KXETH15M-26APR272015-15,8adbe6c3-5c6b-6a28-4453-adffa0ffe562,1777334409,0.22,20.0,no,"{""count_fp"":""20.00"",""created_time"":""2026-04-28T00:00:09.249824Z"",""no_price_dollars"":""0.7800"",""taker_side"":""no"",""ticker"":""KXETH15M-26APR272015-15"",""trade_id"":""8adbe6c3-5c6b-6a28-4453-adffa0ffe562"",""yes_price_dollars"":""0.2200""}"
KXETH15M-26APR272015-15,8378a97a-99ac-61c8-5cba-06c4717d608b,1777334409,0.4,8.0,no,"{""count_fp"":""8.00"",""created_time"":""2026-04-28T00:00:09.249824Z"",""no_price_dollars"":""0.6000"",""taker_side"":""no"",""ticker"":""KXETH15M-26APR272015-15"",""trade_id"":""8378a97a-99ac-61c8-5cba-06c4717d608b"",""yes_price_dollars"":""0.4000""}"
KXETH15M-26APR272015-15,1c2f4326-1494-6c0f-6217-f4ac7bc7f5f1,1777334409,0.25,1.0,no,"{""count_fp"":""1.00"",""created_time"":""2026-04-28T00:00:09.249824Z"",""no_price_dollars"":""0.7500"",""taker_side"":""no"",""ticker"":""KXETH15M-26APR272015-15"",""trade_id"":""1c2f4326-1494-6c0f-6217-f4ac7bc7f5f1"",""yes_price_dollars"":""0.2500""}"
KXETH15M-26APR272015-15,0c77b287-e68b-6cbe-4bfc-90f70b43256a,1777334409,0.3,4.0,no,"{""count_fp"":""4.00"",""created_time"":""2026-04-28T00:00:09.249824Z"",""no_price_dollars"":""0.7000"",""taker_side"":""no"",""ticker"":""KXETH15M-26APR272015-15"",""trade_id"":""0c77b287-e68b-6cbe-4bfc-90f70b43256a"",""yes_price_dollars"":""0.3000""}"
KXETH15M-26APR272015-15,47efe8cf-3d06-547a-0131-5a3381f9a907,1777334410,0.49,8.0,no,"{""count_fp"":""8.00"",""created_time"":""2026-04-28T00:00:10.657621Z"",""no_price_dollars"":""0.5100"",""taker_side"":""no"",""ticker"":""KXETH15M-26APR272015-15"",""trade_id"":""47efe8cf-3d06-547a-0131-5a3381f9a907"",""yes_price_dollars"":""0.4900""}"
KXETH15M-26APR272015-15,23d852ec-c59e-5ede-d2ec-895e1fc1736c,1777334410,0.5,30.0,yes,"{""count_fp"":""30.00"",""created_time"":""2026-04-28T00:00:10.605483Z"",""no_price_dollars"":""0.5000"",""taker_side"":""yes"",""ticker"":""KXETH15M-26APR272015-15"",""trade_id"":""23d852ec-c59e-5ede-d2ec-895e1fc1736c"",""yes_price_dollars"":""0.5000""}"
KXETH15M-26APR272015-15,e089191f-8ce9-5379-345f-cdcb44f7af9a,1777334417,0.5,9.47,yes,"{""count_fp"":""9.47"",""created_time"":""2026-04-28T00:00:17.648289Z"",""no_price_dollars"":""0.5000"",""taker_side"":""yes"",""ticker"":""KXETH15M-26APR272015-15"",""trade_id"":""e089191f-8ce9-5379-345f-cdcb44f7af9a"",""yes_price_dollars"":""0.5000""}"
KXETH15M-26APR272015-15,709623f9-e575-6d69-9112-74d847fc3eed,1777334419,0.48,2.0,no,"{""count_fp"":""2.00"",""created_time"":""2026-04-28T00:00:19.306246Z"",""no_price_dollars"":""0.5200"",""taker_side"":""no"",""ticker"":""KXETH15M-26APR272015-15"",""trade_id"":""709623f9-e575-6d69-9112-74d847fc3eed"",""yes_price_dollars"":""0.4800""}"
KXETH15M-26APR272015-15,d4313161-6e55-4bfd-82e8-b93eb39321ad,1777334421,0.46,1.0,no,"{""count_fp"":""1.00"",""created_time"":""2026-04-28T00:00:21.025886Z"",""no_price_dollars"":""0.5400"",""taker_side"":""no"",""ticker"":""KXETH15M-26APR272015-15"",""trade_id"":""d4313161-6e55-4bfd-82e8-b93eb39321ad"",""yes_price_dollars"":""0.4600""}"
KXETH15M-26APR272015-15,e7e8b97c-090e-5976-f305-57320bf76fab,1777334425,0.46,92.0,no,"{""count_fp"":""92.00"",""created_time"":""2026-04-28T00:00:25.042573Z"",""no_price_dollars"":""0.5400"",""taker_side"":""no"",""ticker"":""KXETH15M-26APR272015-15"",""trade_id"":""e7e8b97c-090e-5976-f305-57320bf76fab"",""yes_price_dollars"":""0.4600""}"
KXETH15M-26APR272015-15,8ed2b543-7272-76e2-4959-bb21da5ae6ab,1777334429,0.46,1.0,no,"{""count_fp"":""1.00"",""created_time"":""2026-04-28T00:00:29.041983Z"",""no_price_dollars"":""0.5400"",""taker_side"":""no"",""ticker"":""KXETH15M-26APR272015-15"",""trade_id"":""8ed2b543-7272-76e2-4959-bb21da5ae6ab"",""yes_price_dollars"":""0.4600""}"
KXETH15M-26APR272015-15,c165cc25-7444-40ec-fc5e-9f30d172e586,1777334432,0.47,0.75,no,"{""count_fp"":""0.75"",""created_time"":""2026-04-28T00:00:32.951197Z"",""no_price_dollars"":""0.5300"",""taker_side"":""no"",""ticker"":""KXETH15M-26APR272015-15"",""trade_id"":""c165cc25-7444-40ec-fc5e-9f30d172e586"",""yes_price_dollars"":""0.4700""}"
KXETH15M-26APR272015-15,1ca66c8f-4f31-42f8-f5ef-3f8619d8beb7,1777334432,0.47,9.78,no,"{""count_fp"":""9.78"",""created_time"":""2026-04-28T00:00:32.951197Z"",""no_price_dollars"":""0.5300"",""taker_side"":""no"",""ticker"":""KXETH15M-26APR272015-15"",""trade_id"":""1ca66c8f-4f31-42f8-f5ef-3f8619d8beb7"",""yes_price_dollars"":""0.4700""}"
KXETH15M-26APR272015-15,9f5f4aa9-718a-7532-aa3b-d05e4b936528,1777334435,0.48,1.0,yes,"{""count_fp"":""1.00"",""created_time"":""2026-04-28T00:00:35.989033Z"",""no_price_dollars"":""0.5200"",""taker_side"":""yes"",""ticker"":""KXETH15M-26APR272015-15"",""trade_id"":""9f5f4aa9-718a-7532-aa3b-d05e4b936528"",""yes_price_dollars"":""0.4800""}"
KXETH15M-26APR272015-15,05c097ab-5261-6f9d-7c79-5bda92515706,1777334435,0.48,1.0,yes,"{""count_fp"":""1.00"",""created_time"":""2026-04-28T00:00:35.209833Z"",""no_price_dollars"":""0.5200"",""taker_side"":""yes"",""ticker"":""KXETH15M-26APR272015-15"",""trade_id"":""05c097ab-5261-6f9d-7c79-5bda92515706"",""yes_price_dollars"":""0.4800""}"
KXETH15M-26APR272015-15,81747005-5b02-5862-603e-483396bc55a8,1777334438,0.45,2.13,yes,"{""count_fp"":""2.13"",""created_time"":""2026-04-28T00:00:38.947105Z"",""no_price_dollars"":""0.5500"",""taker_side"":""yes"",""ticker"":""KXETH15M-26APR272015-15"",""trade_id"":""81747005-5b02-5862-603e-483396bc55a8"",""yes_price_dollars"":""0.4500""}"
KXETH15M-26APR272015-15,78882a12-b503-5a29-b3c9-0fcfdc76b51a,1777334442,0.4,5.0,no,"{""count_fp"":""5.00"",""created_time"":""2026-04-28T00:00:42.471724Z"",""no_price_dollars"":""0.6000"",""taker_side"":""no"",""ticker"":""KXETH15M-26APR272015-15"",""trade_id"":""78882a12-b503-5a29-b3c9-0fcfdc76b51a"",""yes_price_dollars"":""0.4000""}"
KXETH15M-26APR272015-15,fce9a266-4806-4186-48ff-1cf8b9156910,1777334446,0.36,6.0,yes,"{""count_fp"":""6.00"",""created_time"":""2026-04-28T00:00:46.872813Z"",""no_price_dollars"":""0.6400"",""taker_side"":""yes"",""ticker"":""KXETH15M-26APR272015-15"",""trade_id"":""fce9a266-4806-4186-48ff-1cf8b9156910"",""yes_price_dollars"":""0.3600""}"
KXETH15M-26APR272015-15,1c6bf132-a2ba-7bf4-56fb-125503da5ae2,1777334446,0.33,1.43,no,"{""count_fp"":""1.43"",""created_time"":""2026-04-28T00:00:46.857141Z"",""no_price_dollars"":""0.6700"",""taker_side"":""no"",""ticker"":""KXETH15M-26APR272015-15"",""trade_id"":""1c6bf132-a2ba-7bf4-56fb-125503da5ae2"",""yes_price_dollars"":""0.3300""}"
KXETH15M-26APR272015-15,f9421354-c70e-65c4-67ed-4c51e0063c0e,1777334447,0.33,4.58,no,"{""count_fp"":""4.58"",""created_time"":""2026-04-28T00:00:47.711697Z"",""no_price_dollars"":""0.6700"",""taker_side"":""no"",""ticker"":""KXETH15M-26APR272015-15"",""trade_id"":""f9421354-c70e-65c4-67ed-4c51e0063c0e"",""yes_price_dollars"":""0.3300""}"
KXETH15M-26APR272015-15,0982970c-9796-6277-431c-821111d7b20f,1777334447,0.34,10.0,no,"{""count_fp"":""10.00"",""created_time"":""2026-04-28T00:00:47.711697Z"",""no_price_dollars"":""0.6600"",""taker_side"":""no"",""ticker"":""KXETH15M-26APR272015-15"",""trade_id"":""0982970c-9796-6277-431c-821111d7b20f"",""yes_price_dollars"":""0.3400""}"
KXETH15M-26APR272015-15,d00713ac-fa92-572a-6ea8-80bb41132e08,1777334447,0.36,1.0,yes,"{""count_fp"":""1.00"",""created_time"":""2026-04-28T00:00:47.627277Z"",""no_price_dollars"":""0.6400"",""taker_side"":""yes"",""ticker"":""KXETH15M-26APR272015-15"",""trade_id"":""d00713ac-fa92-572a-6ea8-80bb41132e08"",""yes_price_dollars"":""0.3600""}"
KXETH15M-26APR272015-15,164863d2-dede-7d6a-9401-9c6ea5b17a74,1777334447,0.36,47.67,yes,"{""count_fp"":""47.67"",""created_time"":""2026-04-28T00:00:47.486951Z"",""no_price_dollars"":""0.6400"",""taker_side"":""yes"",""ticker"":""KXETH15M-26APR272015-15"",""trade_id"":""164863d2-dede-7d6a-9401-9c6ea5b17a74"",""yes_price_dollars"":""0.3600""}"
KXETH15M-26APR272015-15,73f145d1-423e-54e2-248f-d584dd680e0c,1777334449,0.35,53.17,yes,"{""count_fp"":""53.17"",""created_time"":""2026-04-28T00:00:49.312285Z"",""no_price_dollars"":""0.6500"",""taker_side"":""yes"",""ticker"":""KXETH15M-26APR272015-15"",""trade_id"":""73f145d1-423e-54e2-248f-d584dd680e0c"",""yes_price_dollars"":""0.3500""}"
KXETH15M-26APR272015-15,e2a40b4f-2c5d-4247-a669-4c440e7b5b75,1777334454,0.33,2.89,yes,"{""count_fp"":""2.89"",""created_time"":""2026-04-28T00:00:54.806708Z"",""no_price_dollars"":""0.6700"",""taker_side"":""yes"",""ticker"":""KXETH15M-26APR272015-15"",""trade_id"":""e2a40b4f-2c5d-4247-a669-4c440e7b5b75"",""yes_price_dollars"":""0.3300""}"
KXETH15M-26APR272015-15,d3409143-7746-4256-3ff4-85157122659a,1777334455,0.33,2.0,yes,"{""count_fp"":""2.00"",""created_time"":""2026-04-28T00:00:55.077587Z"",""no_price_dollars"":""0.6700"",""taker_side"":""yes"",""ticker"":""KXETH15M-26APR272015-15"",""trade_id"":""d3409143-7746-4256-3ff4-85157122659a"",""yes_price_dollars"":""0.3300""}"
KXETH15M-26APR272015-15,f6da21ed-dc55-4765-b826-f5778739de85,1777334456,0.32,54.83,yes,"{""count_fp"":""54.83"",""created_time"":""2026-04-28T00:00:56.945981Z"",""no_price_dollars"":""0.6800"",""taker_side"":""yes"",""ticker"":""KXETH15M-26APR272015-15"",""trade_id"":""f6da21ed-dc55-4765-b826-f5778739de85"",""yes_price_dollars"":""0.3200""}"
KXETH15M-26APR272015-15,ee7139b6-1728-4ec0-8e13-9f625a2f0282,1777334456,0.32,28.0,yes,"{""count_fp"":""28.00"",""created_time"":""2026-04-28T00:00:56.945981Z"",""no_price_dollars"":""0.6800"",""taker_side"":""yes"",""ticker"":""KXETH15M-26APR272015-15"",""trade_id"":""ee7139b6-1728-4ec0-8e13-9f625a2f0282"",""yes_price_dollars"":""0.3200""}"
KXETH15M-26APR272015-15,da0204c1-955e-4605-a8f2-341f43714aa3,1777334456,0.3,3.0,yes,"{""count_fp"":""3.00"",""created_time"":""2026-04-28T00:00:56.945981Z"",""no_price_dollars"":""0.7000"",""taker_side"":""yes"",""ticker"":""KXETH15M-26APR272015-15"",""trade_id"":""da0204c1-955e-4605-a8f2-341f43714aa3"",""yes_price_dollars"":""0.3000""}"
KXETH15M-26APR272015-15,80775415-8c17-4c37-84ae-065db0c0b60e,1777334456,0.31,1.0,yes,"{""count_fp"":""1.00"",""created_time"":""2026-04-28T00:00:56.945981Z"",""no_price_dollars"":""0.6900"",""taker_side"":""yes"",""ticker"":""KXETH15M-26APR272015-15"",""trade_id"":""80775415-8c17-4c37-84ae-065db0c0b60e"",""yes_price_dollars"":""0.3100""}"
KXETH15M-26APR272015-15,9d4a2f85-ec0e-58c1-dd43-08878ff8b082,1777334456,0.3,2.0,no,"{""count_fp"":""2.00"",""created_time"":""2026-04-28T00:00:56.371244Z"",""no_price_dollars"":""0.7000"",""taker_side"":""no"",""ticker"":""KXETH15M-26APR272015-15"",""trade_id"":""9d4a2f85-ec0e-58c1-dd43-08878ff8b082"",""yes_price_dollars"":""0.3000""}"
KXETH15M-26APR272015-15,ae8e7b66-72f3-7685-a5ce-dc7605df7ccd,1777334458,0.28,1.0,no,"{""count_fp"":""1.00"",""created_time"":""2026-04-28T00:00:58.863382Z"",""no_price_dollars"":""0.7200"",""taker_side"":""no"",""ticker"":""KXETH15M-26APR272015-15"",""trade_id"":""ae8e7b66-72f3-7685-a5ce-dc7605df7ccd"",""yes_price_dollars"":""0.2800""}"
KXETH15M-26APR272015-15,3e99c40e-5bfe-45e2-fc8a-75a0a675a61b,1777334459,0.28,13.62,no,"{""count_fp"":""13.62"",""created_time"":""2026-04-28T00:00:59.289927Z"",""no_price_dollars"":""0.7200"",""taker_side"":""no"",""ticker"":""KXETH15M-26APR272015-15"",""trade_id"":""3e99c40e-5bfe-45e2-fc8a-75a0a675a61b"",""yes_price_dollars"":""0.2800""}"
KXETH15M-26APR272015-15,4f5580b6-ac82-558a-06be-65a3373a45f7,1777334459,0.28,13.62,no,"{""count_fp"":""13.62"",""created_time"":""2026-04-28T00:00:59.169452Z"",""no_price_dollars"":""0.7200"",""taker_side"":""no"",""ticker"":""KXETH15M-26APR272015-15"",""trade_id"":""4f5580b6-ac82-558a-06be-65a3373a45f7"",""yes_price_dollars"":""0.2800""}"
KXETH15M-26APR272015-15,993f52c8-3a00-6cfc-d413-488fc0f9ce8c,1777334460,0.3,5.0,yes,"{""count_fp"":""5.00"",""created_time"":""2026-04-28T00:01:00.150579Z"",""no_price_dollars"":""0.7000"",""taker_side"":""yes"",""ticker"":""KXETH15M-26APR272015-15"",""trade_id"":""993f52c8-3a00-6cfc-d413-488fc0f9ce8c"",""yes_price_dollars"":""0.3000""}"
KXETH15M-26APR272015-15,74142808-62d4-63d6-ca24-0c49feee0ec5,1777334460,0.31,1.0,yes,"{""count_fp"":""1.00"",""created_time"":""2026-04-28T00:01:00.150579Z"",""no_price_dollars"":""0.6900"",""taker_side"":""yes"",""ticker"":""KXETH15M-26APR272015-15"",""trade_id"":""74142808-62d4-63d6-ca24-0c49feee0ec5"",""yes_price_dollars"":""0.3100""}"
KXETH15M-26APR272015-15,9463b773-de6a-5a12-7aa1-17891b127c63,1777334461,0.32,1.0,no,"{""count_fp"":""1.00"",""created_time"":""2026-04-28T00:01:01.222135Z"",""no_price_dollars"":""0.6800"",""taker_side"":""no"",""ticker"":""KXETH15M-26APR272015-15"",""trade_id"":""9463b773-de6a-5a12-7aa1-17891b127c63"",""yes_price_dollars"":""0.3200""}"
KXETH15M-26APR272015-15,2f122437-029d-6c6d-3691-a160b26ec575,1777334461,0.37,5.0,yes,"{""count_fp"":""5.00"",""created_time"":""2026-04-28T00:01:01.123905Z"",""no_price_dollars"":""0.6300"",""taker_side"":""yes"",""ticker"":""KXETH15M-26APR272015-15"",""trade_id"":""2f122437-029d-6c6d-3691-a160b26ec575"",""yes_price_dollars"":""0.3700""}"
KXETH15M-26APR272015-15,1a050bd7-be7d-6a94-3f77-f46ecc8a4b88,1777334461,0.3,2.0,yes,"{""count_fp"":""2.00"",""created_time"":""2026-04-28T00:01:01.123905Z"",""no_price_dollars"":""0.7000"",""taker_side"":""yes"",""ticker"":""KXETH15M-26APR272015-15"",""trade_id"":""1a050bd7-be7d-6a94-3f77-f46ecc8a4b88"",""yes_price_dollars"":""0.3000""}"
KXETH15M-26APR272015-15,72970dfa-4e28-50be-87a9-eb93341e7b46,1777334462,0.34,10.0,no,"{""count_fp"":""10.00"",""created_time"":""2026-04-28T00:01:02.829713Z"",""no_price_dollars"":""0.6600"",""taker_side"":""no"",""ticker"":""KXETH15M-26APR272015-15"",""trade_id"":""72970dfa-4e28-50be-87a9-eb93341e7b46"",""yes_price_dollars"":""0.3400""}"
KXETH15M-26APR272015-15,3a9dafd1-8426-5a9e-8a88-3171501b108b,1777334462,0.33,18.76,no,"{""count_fp"":""18.76"",""created_time"":""2026-04-28T00:01:02.829713Z"",""no_price_dollars"":""0.6700"",""taker_side"":""no"",""ticker"":""KXETH15M-26APR272015-15"",""trade_id"":""3a9dafd1-8426-5a9e-8a88-3171501b108b"",""yes_price_dollars"":""0.3300""}"
KXETH15M-26APR272015-15,9b5ebd61-b93a-7d02-e149-9bc217107fe4,1777334463,0.37,3.0,yes,"{""count_fp"":""3.00"",""created_time"":""2026-04-28T00:01:03.714124Z"",""no_price_dollars"":""0.6300"",""taker_side"":""yes"",""ticker"":""KXETH15M-26APR272015-15"",""trade_id"":""9b5ebd61-b93a-7d02-e149-9bc217107fe4"",""yes_price_dollars"":""0.3700""}"
KXETH15M-26APR272015-15,73cb74d9-8f54-730d-ebd7-e948b699965e,1777334463,0.37,10.0,yes,"{""count_fp"":""10.00"",""created_time"":""2026-04-28T00:01:03.714124Z"",""no_price_dollars"":""0.6300"",""taker_side"":""yes"",""ticker"":""KXETH15M-26APR272015-15"",""trade_id"":""73cb74d9-8f54-730d-ebd7-e948b699965e"",""yes_price_dollars"":""0.3700""}"
KXETH15M-26APR272015-15,a4916e9b-5c9a-7e46-7f7d-aacff89f9368,1777334464,0.37,38.14,yes,"{""count_fp"":""38.14"",""created_time"":""2026-04-28T00:01:04.630869Z"",""no_price_dollars"":""0.6300"",""taker_side"":""yes"",""ticker"":""KXETH15M-26APR272015-15"",""trade_id"":""a4916e9b-5c9a-7e46-7f7d-aacff89f9368"",""yes_price_dollars"":""0.3700""}"
KXETH15M-26APR272015-15,2259b151-f47e-4d9a-bb0f-a54a4397eaa3,1777334464,0.3,27.97,no,"{""count_fp"":""27.97"",""created_time"":""2026-04-28T00:01:04.608441Z"",""no_price_dollars"":""0.7000"",""taker_side"":""no"",""ticker"":""KXETH15M-26APR272015-15"",""trade_id"":""2259b151-f47e-4d9a-bb0f-a54a4397eaa3"",""yes_price_dollars"":""0.3000""}"
KXETH15M-26APR272015-15,29e819de-dd2e-5d7e-9a85-d8cff9e9c537,1777334465,0.3,13.99,no,"{""count_fp"":""13.99"",""created_time"":""2026-04-28T00:01:05.386266Z"",""no_price_dollars"":""0.7000"",""taker_side"":""no"",""ticker"":""KXETH15M-26APR272015-15"",""trade_id"":""29e819de-dd2e-5d7e-9a85-d8cff9e9c537"",""yes_price_dollars"":""0.3000""}"
KXETH15M-26APR272015-15,dc01bfe1-3cae-6756-051c-d3072831c8af,1777334465,0.3,5.0,no,"{""count_fp"":""5.00"",""created_time"":""2026-04-28T00:01:05.077163Z"",""no_price_dollars"":""0.7000"",""taker_side"":""no"",""ticker"":""KXETH15M-26APR272015-15"",""trade_id"":""dc01bfe1-3cae-6756-051c-d3072831c8af"",""yes_price_dollars"":""0.3000""}"
KXETH15M-26APR272015-15,fb5b6f8f-1278-70e5-e937-cc6a1be46c8a,1777334466,0.31,2.0,no,"{""count_fp"":""2.00"",""created_time"":""2026-04-28T00:01:06.368688Z"",""no_price_dollars"":""0.6900"",""taker_side"":""no"",""ticker"":""KXETH15M-26APR272015-15"",""trade_id"":""fb5b6f8f-1278-70e5-e937-cc6a1be46c8a"",""yes_price_dollars"":""0.3100""}"
KXETH15M-26APR272015-15,b54cc70e-a850-731d-ebbb-1a946ced4836,1777334466,0.31,4.99,no,"{""count_fp"":""4.99"",""created_time"":""2026-04-28T00:01:06.368688Z"",""no_price_dollars"":""0.6900"",""taker_side"":""no"",""ticker"":""KXETH15M-26APR272015-15"",""trade_id"":""b54cc70e-a850-731d-ebbb-1a946ced4836"",""yes_price_dollars"":""0.3100""}"
KXETH15M-26APR272015-15,0db440d8-8e29-4ce0-85a4-6073f8261124,1777334468,0.3,2.0,no,"{""count_fp"":""2.00"",""created_time"":""2026-04-28T00:01:08.897071Z"",""no_price_dollars"":""0.7000"",""taker_side"":""no"",""ticker"":""KXETH15M-26APR272015-15"",""trade_id"":""0db440d8-8e29-4ce0-85a4-6073f8261124"",""yes_price_dollars"":""0.3000""}"
KXETH15M-26APR272015-15,26c0f754-ec89-57bc-d606-248efc793f44,1777334470,0.3,1.0,no,"{""count_fp"":""1.00"",""created_time"":""2026-04-28T00:01:10.241494Z"",""no_price_dollars"":""0.7000"",""taker_side"":""no"",""ticker"":""KXETH15M-26APR272015-15"",""trade_id"":""26c0f754-ec89-57bc-d606-248efc793f44"",""yes_price_dollars"":""0.3000""}"
KXETH15M-26APR272015-15,abba8d1e-3305-7cec-8bbc-6eb04516d83b,1777334474,0.25,10.0,no,"{""count_fp"":""10.00"",""created_time"":""2026-04-28T00:01:14.960865Z"",""no_price_dollars"":""0.7500"",""taker_side"":""no"",""ticker"":""KXETH15M-26APR272015-15"",""trade_id"":""abba8d1e-3305-7cec-8bbc-6eb04516d83b"",""yes_price_dollars"":""0.2500""}"
KXETH15M-26APR272015-15,b57497df-b9ad-65fd-c26d-d78b582d3ca9,1777334474,0.28,5.96,yes,"{""count_fp"":""5.96"",""created_time"":""2026-04-28T00:01:14.824119Z"",""no_price_dollars"":""0.7200"",""taker_side"":""yes"",""ticker"":""KXETH15M-26APR272015-15"",""trade_id"":""b57497df-b9ad-65fd-c26d-d78b582d3ca9"",""yes_price_dollars"":""0.2800""}"
KXETH15M-26APR272015-15,78e0783a-7fbd-7b00-aeef-88185489ba6c,1777334474,0.3,7.0,no,"{""count_fp"":""7.00"",""created_time"":""2026-04-28T00:01:14.724497Z"",""no_price_dollars"":""0.7000"",""taker_side"":""no"",""ticker"":""KXETH15M-26APR272015-15"",""trade_id"":""78e0783a-7fbd-7b00-aeef-88185489ba6c"",""yes_price_dollars"":""0.3000""}"
KXETH15M-26APR272015-15,4fc5f4f5-4515-6648-f79e-149e52903dbd,1777334477,0.24,9.36,yes,"{""count_fp"":""9.36"",""created_time"":""2026-04-28T00:01:17.557082Z"",""no_price_dollars"":""0.7600"",""taker_side"":""yes"",""ticker"":""KXETH15M-26APR272015-15"",""trade_id"":""4fc5f4f5-4515-6648-f79e-149e52903dbd"",""yes_price_dollars"":""0.2400""}"
KXETH15M-26APR272015-15,e07f07de-dfad-699e-8f39-e2572a071d59,1777334479,0.31,1.0,yes,"{""count_fp"":""1.00"",""created_time"":""2026-04-28T00:01:19.591639Z"",""no_price_dollars"":""0.6900"",""taker_side"":""yes"",""ticker"":""KXETH15M-26APR272015-15"",""trade_id"":""e07f07de-dfad-699e-8f39-e2572a071d59"",""yes_price_dollars"":""0.3100""}"
KXETH15M-26APR272015-15,439c9073-2e7a-66b7-9422-b574516a92e4,1777334479,0.32,2.0,yes,"{""count_fp"":""2.00"",""created_time"":""2026-04-28T00:01:19.591639Z"",""no_price_dollars"":""0.6800"",""taker_side"":""yes"",""ticker"":""KXETH15M-26APR272015-15"",""trade_id"":""439c9073-2e7a-66b7-9422-b574516a92e4"",""yes_price_dollars"":""0.3200""}"
KXETH15M-26APR272015-15,0790dbe3-8ec4-6b57-998b-3cd92ac88b39,1777334479,0.32,5.71,yes,"{""count_fp"":""5.71"",""created_time"":""2026-04-28T00:01:19.591639Z"",""no_price_dollars"":""0.6800"",""taker_side"":""yes"",""ticker"":""KXETH15M-26APR272015-15"",""trade_id"":""0790dbe3-8ec4-6b57-998b-3cd92ac88b39"",""yes_price_dollars"":""0.3200""}"
KXETH15M-26APR272015-15,c1399a12-320a-6efd-757a-3aa808058ed6,1777334481,0.31,3.07,yes,"{""count_fp"":""3.07"",""created_time"":""2026-04-28T00:01:21.387436Z"",""no_price_dollars"":""0.6900"",""taker_side"":""yes"",""ticker"":""KXETH15M-26APR272015-15"",""trade_id"":""c1399a12-320a-6efd-757a-3aa808058ed6"",""yes_price_dollars"":""0.3100""}"
KXETH15M-26APR272015-15,f086edc9-4222-5c12-888d-b5cfd07fe723,1777334481,0.27,134.44,no,"{""count_fp"":""134.44"",""created_time"":""2026-04-28T00:01:21.030934Z"",""no_price_dollars"":""0.7300"",""taker_side"":""no"",""ticker"":""KXETH15M-26APR272015-15"",""trade_id"":""f086edc9-4222-5c12-888d-b5cfd07fe723"",""yes_price_dollars"":""0.2700""}"
KXETH15M-26APR272015-15,70b39ab6-958e-4197-0cb3-3de831b5575b,1777334485,0.27,2.46,yes,"{""count_fp"":""2.46"",""created_time"":""2026-04-28T00:01:25.640603Z"",""no_price_dollars"":""0.7300"",""taker_side"":""yes"",""ticker"":""KXETH15M-26APR272015-15"",""trade_id"":""70b39ab6-958e-4197-0cb3-3de831b5575b"",""yes_price_dollars"":""0.2700""}"
KXETH15M-26APR272015-15,302fe1ec-f952-50fc-1347-68cf09eb28c1,1777334486,0.24,1.29,no,"{""count_fp"":""1.29"",""created_time"":""2026-04-28T00:01:26.007879Z"",""no_price_dollars"":""0.7600"",""taker_side"":""no"",""ticker"":""KXETH15M-26APR272015-15"",""trade_id"":""302fe1ec-f952-50fc-1347-68cf09eb28c1"",""yes_price_dollars"":""0.2400""}"
KXETH15M-26APR272015-15,be234859-3645-4bcb-b829-cdc9a862c998,1777334488,0.27,1.0,yes,"{""count_fp"":""1.00"",""created_time"":""2026-04-28T00:01:28.753002Z"",""no_price_dollars"":""0.7300"",""taker_side"":""yes"",""ticker"":""KXETH15M-26APR272015-15"",""trade_id"":""be234859-3645-4bcb-b829-cdc9a862c998"",""yes_price_dollars"":""0.2700""}"
KXETH15M-26APR272015-15,8650c341-7e00-4b2d-862f-c932dfa2d143,1777334488,0.27,2.0,yes,"{""count_fp"":""2.00"",""created_time"":""2026-04-28T00:01:28.753002Z"",""no_price_dollars"":""0.7300"",""taker_side"":""yes"",""ticker"":""KXETH15M-26APR272015-15"",""trade_id"":""8650c341-7e00-4b2d-862f-c932dfa2d143"",""yes_price_dollars"":""0.2700""}"
KXETH15M-26APR272015-15,863149e9-75f2-4b3c-b361-06f4c951e89a,1777334488,0.26,10.0,yes,"{""count_fp"":""10.00"",""created_time"":""2026-04-28T00:01:28.753002Z"",""no_price_dollars"":""0.7400"",""taker_side"":""yes"",""ticker"":""KXETH15M-26APR272015-15"",""trade_id"":""863149e9-75f2-4b3c-b361-06f4c951e89a"",""yes_price_dollars"":""0.2600""}"
KXETH15M-26APR272015-15,549d903f-36da-75f1-61f0-b7fbee0c3e61,1777334491,0.31,40.0,yes,"{""count_fp"":""40.00"",""created_time"":""2026-04-28T00:01:31.534888Z"",""no_price_dollars"":""0.6900"",""taker_side"":""yes"",""ticker"":""KXETH15M-26APR272015-15"",""trade_id"":""549d903f-36da-75f1-61f0-b7fbee0c3e61"",""yes_price_dollars"":""0.3100""}"
KXETH15M-26APR272015-15,3de0dd06-b63a-4ab6-9085-d1b23c0042c3,1777334498,0.4,1.0,no,"{""count_fp"":""1.00"",""created_time"":""2026-04-28T00:01:38.074494Z"",""no_price_dollars"":""0.6000"",""taker_side"":""no"",""ticker"":""KXETH15M-26APR272015-15"",""trade_id"":""3de0dd06-b63a-4ab6-9085-d1b23c0042c3"",""yes_price_dollars"":""0.4000""}"
KXETH15M-26APR272015-15,fbc84fd0-fffa-4596-3e11-75032bbc0d7b,1777334499,0.4,1.52,no,"{""count_fp"":""1.52"",""created_time"":""2026-04-28T00:01:39.519017Z"",""no_price_dollars"":""0.6000"",""taker_side"":""no"",""ticker"":""KXETH15M-26APR272015-15"",""trade_id"":""fbc84fd0-fffa-4596-3e11-75032bbc0d7b"",""yes_price_dollars"":""0.4000""}"
KXETH15M-26APR272015-15,52265872-3cb9-4e01-dad1-170e874dc8df,1777334500,0.45,6.0,no,"{""count_fp"":""6.00"",""created_time"":""2026-04-28T00:01:40.690011Z"",""no_price_dollars"":""0.5500"",""taker_side"":""no"",""ticker"":""KXETH15M-26APR272015-15"",""trade_id"":""52265872-3cb9-4e01-dad1-170e874dc8df"",""yes_price_dollars"":""0.4500""}"
KXETH15M-26APR272015-15,42b7a457-bf36-60df-2c43-b270f7aea4e4,1777334508,0.46,20.94,yes,"{""count_fp"":""20.94"",""created_time"":""2026-04-28T00:01:48.419985Z"",""no_price_dollars"":""0.5400"",""taker_side"":""yes"",""ticker"":""KXETH15M-26APR272015-15"",""trade_id"":""42b7a457-bf36-60df-2c43-b270f7aea4e4"",""yes_price_dollars"":""0.4600""}"
KXETH15M-26APR272015-15,ea83786a-1a9e-4117-f861-4f4887705fc0,1777334511,0.46,2.0,yes,"{""count_fp"":""2.00"",""created_time"":""2026-04-28T00:01:51.129055Z"",""no_price_dollars"":""0.5400"",""taker_side"":""yes"",""ticker"":""KXETH15M-26APR272015-15"",""trade_id"":""ea83786a-1a9e-4117-f861-4f4887705fc0"",""yes_price_dollars"":""0.4600""}"
KXETH15M-26APR272015-15,f9a3732e-ba68-5ace-ebc1-aab1dc4859d0,1777334513,0.44,2.0,no,"{""count_fp"":""2.00"",""created_time"":""2026-04-28T00:01:53.001574Z"",""no_price_dollars"":""0.5600"",""taker_side"":""no"",""ticker"":""KXETH15M-26APR272015-15"",""trade_id"":""f9a3732e-ba68-5ace-ebc1-aab1dc4859d0"",""yes_price_dollars"":""0.4400""}"
KXETH15M-26APR272015-15,378b063f-4dc6-7b47-de70-0c03ee20fb84,1777334514,0.46,10.06,yes,"{""count_fp"":""10.06"",""created_time"":""2026-04-28T00:01:54.764603Z"",""no_price_dollars"":""0.5400"",""taker_side"":""yes"",""ticker"":""KXETH15M-26APR272015-15"",""trade_id"":""378b063f-4dc6-7b47-de70-0c03ee20fb84"",""yes_price_dollars"":""0.4600""}"
KXETH15M-26APR272015-15,2cfa2d82-fae6-7fef-f7d3-ea29997682b0,1777334514,0.46,1.0,yes,"{""count_fp"":""1.00"",""created_time"":""2026-04-28T00:01:54.764603Z"",""no_price_dollars"":""0.5400"",""taker_side"":""yes"",""ticker"":""KXETH15M-26APR272015-15"",""trade_id"":""2cfa2d82-fae6-7fef-f7d3-ea29997682b0"",""yes_price_dollars"":""0.4600""}"
KXETH15M-26APR272015-15,47ee3419-e5b6-7c7a-e931-bc2ef68a56bc,1777334518,0.48,3.94,yes,"{""count_fp"":""3.94"",""created_time"":""2026-04-28T00:01:58.356423Z"",""no_price_dollars"":""0.5200"",""taker_side"":""yes"",""ticker"":""KXETH15M-26APR272015-15"",""trade_id"":""47ee3419-e5b6-7c7a-e931-bc2ef68a56bc"",""yes_price_dollars"":""0.4800""}"
KXETH15M-26APR272015-15,074af091-1dbe-6d26-0c37-2a4de3cee80f,1777334518,0.46,8.81,no,"{""count_fp"":""8.81"",""created_time"":""2026-04-28T00:01:58.341432Z"",""no_price_dollars"":""0.5400"",""taker_side"":""no"",""ticker"":""KXETH15M-26APR272015-15"",""trade_id"":""074af091-1dbe-6d26-0c37-2a4de3cee80f"",""yes_price_dollars"":""0.4600""}"
KXETH15M-26APR272015-15,df9321ca-8075-6e5a-b795-db8ec1a6f7c3,1777334518,0.47,10.0,no,"{""count_fp"":""10.00"",""created_time"":""2026-04-28T00:01:58.112621Z"",""no_price_dollars"":""0.5300"",""taker_side"":""no"",""ticker"":""KXETH15M-26APR272015-15"",""trade_id"":""df9321ca-8075-6e5a-b795-db8ec1a6f7c3"",""yes_price_dollars"":""0.4700""}"
KXETH15M-26APR272015-15,45cf6ffb-e1ae-49aa-61c8-24f626d2c6c3,1777334520,0.46,80.0,no,"{""count_fp"":""80.00"",""created_time"":""2026-04-28T00:02:00.366422Z"",""no_price_dollars"":""0.5400"",""taker_side"":""no"",""ticker"":""KXETH15M-26APR272015-15"",""trade_id"":""45cf6ffb-e1ae-49aa-61c8-24f626d2c6c3"",""yes_price_dollars"":""0.4600""}"
KXETH15M-26APR272015-15,9995f389-d21e-45ee-4864-ca981bd6dabb,1777334521,0.46,0.13,no,"{""count_fp"":""0.13"",""created_time"":""2026-04-28T00:02:01.277884Z"",""no_price_dollars"":""0.5400"",""taker_side"":""no"",""ticker"":""KXETH15M-26APR272015-15"",""trade_id"":""9995f389-d21e-45ee-4864-ca981bd6dabb"",""yes_price_dollars"":""0.4600""}"
KXETH15M-26APR272015-15,a5fe7381-6e74-6e33-e2be-a9484c4ec6dd,1777334522,0.49,18.82,yes,"{""count_fp"":""18.82"",""created_time"":""2026-04-28T00:02:02.693741Z"",""no_price_dollars"":""0.5100"",""taker_side"":""yes"",""ticker"":""KXETH15M-26APR272015-15"",""trade_id"":""a5fe7381-6e74-6e33-e2be-a9484c4ec6dd"",""yes_price_dollars"":""0.4900""}"
KXETH15M-26APR272015-15,72529832-b38a-6a2f-de2c-4c129a90b890,1777334522,0.46,0.87,yes,"{""count_fp"":""0.87"",""created_time"":""2026-04-28T00:02:02.693741Z"",""no_price_dollars"":""0.5400"",""taker_side"":""yes"",""ticker"":""KXETH15M-26APR272015-15"",""trade_id"":""72529832-b38a-6a2f-de2c-4c129a90b890"",""yes_price_dollars"":""0.4600""}"
KXETH15M-26APR272015-15,71bf0a90-4cd2-58e2-08ab-0eb611b69b4b,1777334522,0.44,14.97,no,"{""count_fp"":""14.97"",""created_time"":""2026-04-28T00:02:02.539627Z"",""no_price_dollars"":""0.5600"",""taker_side"":""no"",""ticker"":""KXETH15M-26APR272015-15"",""trade_id"":""71bf0a90-4cd2-58e2-08ab-0eb611b69b4b"",""yes_price_dollars"":""0.4400""}"
KXETH15M-26APR272015-15,44277da2-db18-58e0-3f9a-21d8e92702c7,1777334522,0.45,10.0,no,"{""count_fp"":""10.00"",""created_time"":""2026-04-28T00:02:02.539627Z"",""no_price_dollars"":""0.5500"",""taker_side"":""no"",""ticker"":""KXETH15M-26APR272015-15"",""trade_id"":""44277da2-db18-58e0-3f9a-21d8e92702c7"",""yes_price_dollars"":""0.4500""}"
KXETH15M-26APR272015-15,0da90d09-3470-5330-3224-86d1b4264526,1777334522,0.45,100.0,no,"{""count_fp"":""100.00"",""created_time"":""2026-04-28T00:02:02.539627Z"",""no_price_dollars"":""0.5500"",""taker_side"":""no"",""ticker"":""KXETH15M-26APR272015-15"",""trade_id"":""0da90d09-3470-5330-3224-86d1b4264526"",""yes_price_dollars"":""0.4500""}"
KXETH15M-26APR272015-15,d7406547-9391-7557-dff7-e79ebc964ec7,1777334525,0.42,1.97,yes,"{""count_fp"":""1.97"",""created_time"":""2026-04-28T00:02:05.891793Z"",""no_price_dollars"":""0.5800"",""taker_side"":""yes"",""ticker"":""KXETH15M-26APR272015-15"",""trade_id"":""d7406547-9391-7557-dff7-e79ebc964ec7"",""yes_price_dollars"":""0.4200""}"
KXETH15M-26APR272015-15,9cbb115e-d6b9-482b-957b-b062cdb2afef,1777334526,0.42,6.0,yes,"{""count_fp"":""6.00"",""created_time"":""2026-04-28T00:02:06.233999Z"",""no_price_dollars"":""0.5800"",""taker_side"":""yes"",""ticker"":""KXETH15M-26APR272015-15"",""trade_id"":""9cbb115e-d6b9-482b-957b-b062cdb2afef"",""yes_price_dollars"":""0.4200""}"
KXETH15M-26APR272015-15,b88bf94f-fafe-5cb1-5469-a0e1ee8bb04f,1777334531,0.38,7.85,no,"{""count_fp"":""7.85"",""created_time"":""2026-04-28T00:02:11.541959Z"",""no_price_dollars"":""0.6200"",""taker_side"":""no"",""ticker"":""KXETH15M-26APR272015-15"",""trade_id"":""b88bf94f-fafe-5cb1-5469-a0e1ee8bb04f"",""yes_price_dollars"":""0.3800""}"
KXETH15M-26APR272015-15,788c58c9-4615-6959-ff44-c4595480d466,1777334534,0.4,5.0,no,"{""count_fp"":""5.00"",""created_time"":""2026-04-28T00:02:14.801092Z"",""no_price_dollars"":""0.6000"",""taker_side"":""no"",""ticker"":""KXETH15M-26APR272015-15"",""trade_id"":""788c58c9-4615-6959-ff44-c4595480d466"",""yes_price_dollars"":""0.4000""}"
KXETH15M-26APR272015-15,44c78ef7-f72b-65b4-fe58-6634c7b84eb7,1777334534,0.4,10.0,no,"{""count_fp"":""10.00"",""created_time"":""2026-04-28T00:02:14.801092Z"",""no_price_dollars"":""0.6000"",""taker_side"":""no"",""ticker"":""KXETH15M-26APR272015-15"",""trade_id"":""44c78ef7-f72b-65b4-fe58-6634c7b84eb7"",""yes_price_dollars"":""0.4000""}"
KXETH15M-26APR272015-15,068276ff-f762-672e-55df-7582f44619af,1777334541,0.39,1.59,no,"{""count_fp"":""1.59"",""created_time"":""2026-04-28T00:02:21.790766Z"",""no_price_dollars"":""0.6100"",""taker_side"":""no"",""ticker"":""KXETH15M-26APR272015-15"",""trade_id"":""068276ff-f762-672e-55df-7582f44619af"",""yes_price_dollars"":""0.3900""}"
KXETH15M-26APR272015-15,4d3de402-d90a-7782-a851-70eaf5edf978,1777334546,0.44,3.28,yes,"{""count_fp"":""3.28"",""created_time"":""2026-04-28T00:02:26.227049Z"",""no_price_dollars"":""0.5600"",""taker_side"":""yes"",""ticker"":""KXETH15M-26APR272015-15"",""trade_id"":""4d3de402-d90a-7782-a851-70eaf5edf978"",""yes_price_dollars"":""0.4400""}"
KXETH15M-26APR272015-15,b723af57-c468-552e-8dee-916dca9c4a65,1777334550,0.4,7.97,no,"{""count_fp"":""7.97"",""created_time"":""2026-04-28T00:02:30.844094Z"",""no_price_dollars"":""0.6000"",""taker_side"":""no"",""ticker"":""KXETH15M-26APR272015-15"",""trade_id"":""b723af57-c468-552e-8dee-916dca9c4a65"",""yes_price_dollars"":""0.4000""}"
KXETH15M-26APR272015-15,99911828-5d87-5829-b419-e0e2e9fd2833,1777334553,0.41,8.1,no,"{""count_fp"":""8.10"",""created_time"":""2026-04-28T00:02:33.546705Z"",""no_price_dollars"":""0.5900"",""taker_side"":""no"",""ticker"":""KXETH15M-26APR272015-15"",""trade_id"":""99911828-5d87-5829-b419-e0e2e9fd2833"",""yes_price_dollars"":""0.4100""}"
KXETH15M-26APR272015-15,0689673a-d15a-6ade-bb1c-7a4180bdb2e7,1777334557,0.42,8.1,no,"{""count_fp"":""8.10"",""created_time"":""2026-04-28T00:02:37.502579Z"",""no_price_dollars"":""0.5800"",""taker_side"":""no"",""ticker"":""KXETH15M-26APR272015-15"",""trade_id"":""0689673a-d15a-6ade-bb1c-7a4180bdb2e7"",""yes_price_dollars"":""0.4200""}"
KXETH15M-26APR272015-15,ea61de12-87ca-5ed6-8c11-24a803f64b34,1777334559,0.46,20.96,yes,"{""count_fp"":""20.96"",""created_time"":""2026-04-28T00:02:39.894482Z"",""no_price_dollars"":""0.5400"",""taker_side"":""yes"",""ticker"":""KXETH15M-26APR272015-15"",""trade_id"":""ea61de12-87ca-5ed6-8c11-24a803f64b34"",""yes_price_dollars"":""0.4600""}"
KXETH15M-26APR272015-15,ae4bf4e2-1068-7e12-6fb1-111823f5b536,1777334559,0.45,1.0,yes,"{""count_fp"":""1.00"",""created_time"":""2026-04-28T00:02:39.100508Z"",""no_price_dollars"":""0.5500"",""taker_side"":""yes"",""ticker"":""KXETH15M-26APR272015-15"",""trade_id"":""ae4bf4e2-1068-7e12-6fb1-111823f5b536"",""yes_price_dollars"":""0.4500""}"
KXETH15M-26APR272015-15,6a7457e4-54ca-7f76-72c3-d3a4033c8e78,1777334559,0.46,19.96,yes,"{""count_fp"":""19.96"",""created_time"":""2026-04-28T00:02:39.100508Z"",""no_price_dollars"":""0.5400"",""taker_side"":""yes"",""ticker"":""KXETH15M-26APR272015-15"",""trade_id"":""6a7457e4-54ca-7f76-72c3-d3a4033c8e78"",""yes_price_dollars"":""0.4600""}"
KXETH15M-26APR272015-15,2262c9f0-a74e-4ac3-96c9-76c0acd0208e,1777334580,0.41,10.0,no,"{""count_fp"":""10.00"",""created_time"":""2026-04-28T00:03:00.257308Z"",""no_price_dollars"":""0.5900"",""taker_side"":""no"",""ticker"":""KXETH15M-26APR272015-15"",""trade_id"":""2262c9f0-a74e-4ac3-96c9-76c0acd0208e"",""yes_price_dollars"":""0.4100""}"
KXETH15M-26APR272015-15,005a4d35-1802-4f3d-959a-b4b19fa93532,1777334580,0.4,10.0,no,"{""count_fp"":""10.00"",""created_time"":""2026-04-28T00:03:00.257308Z"",""no_price_dollars"":""0.6000"",""taker_side"":""no"",""ticker"":""KXETH15M-26APR272015-15"",""trade_id"":""005a4d35-1802-4f3d-959a-b4b19fa93532"",""yes_price_dollars"":""0.4000""}"
KXETH15M-26APR272015-15,0096a9e3-229b-5753-0740-c79ca6daf8bb,1777334583,0.44,2.0,yes,"{""count_fp"":""2.00"",""created_time"":""2026-04-28T00:03:03.006385Z"",""no_price_dollars"":""0.5600"",""taker_side"":""yes"",""ticker"":""KXETH15M-26APR272015-15"",""trade_id"":""0096a9e3-229b-5753-0740-c79ca6daf8bb"",""yes_price_dollars"":""0.4400""}"
KXETH15M-26APR272015-15,1c3e3ffc-afc2-4f2a-0545-e42e0851b8ab,1777334584,0.44,7.85,no,"{""count_fp"":""7.85"",""created_time"":""2026-04-28T00:03:04.412675Z"",""no_price_dollars"":""0.5600"",""taker_side"":""no"",""ticker"":""KXETH15M-26APR272015-15"",""trade_id"":""1c3e3ffc-afc2-4f2a-0545-e42e0851b8ab"",""yes_price_dollars"":""0.4400""}"
KXETH15M-26APR272015-15,47bf827c-e3af-6dbd-4c85-cfa736a7c9e9,1777334593,0.33,25.0,yes,"{""count_fp"":""25.00"",""created_time"":""2026-04-28T00:03:13.124542Z"",""no_price_dollars"":""0.6700"",""taker_side"":""yes"",""ticker"":""KXETH15M-26APR272015-15"",""trade_id"":""47bf827c-e3af-6dbd-4c85-cfa736a7c9e9"",""yes_price_dollars"":""0.3300""}"
KXETH15M-26APR272015-15,bed9d467-2d81-7797-d247-2f47fb6590d0,1777334596,0.32,5.0,yes,"{""count_fp"":""5.00"",""created_time"":""2026-04-28T00:03:16.140538Z"",""no_price_dollars"":""0.6800"",""taker_side"":""yes"",""ticker"":""KXETH15M-26APR272015-15"",""trade_id"":""bed9d467-2d81-7797-d247-2f47fb6590d0"",""yes_price_dollars"":""0.3200""}"
KXETH15M-26APR272015-15,5f9133cb-b113-7469-d090-31545da70cf1,1777334596,0.32,10.0,yes,"{""count_fp"":""10.00"",""created_time"":""2026-04-28T00:03:16.140538Z"",""no_price_dollars"":""0.6800"",""taker_side"":""yes"",""ticker"":""KXETH15M-26APR272015-15"",""trade_id"":""5f9133cb-b113-7469-d090-31545da70cf1"",""yes_price_dollars"":""0.3200""}"
KXETH15M-26APR272015-15,5ae5c6b2-bb15-7f61-d028-a8d80af80630,1777334596,0.31,10.0,yes,"{""count_fp"":""10.00"",""created_time"":""2026-04-28T00:03:16.140538Z"",""no_price_dollars"":""0.6900"",""taker_side"":""yes"",""ticker"":""KXETH15M-26APR272015-15"",""trade_id"":""5ae5c6b2-bb15-7f61-d028-a8d80af80630"",""yes_price_dollars"":""0.3100""}"
KXETH15M-26APR272015-15,7e44a850-3f8d-5e0d-5e9f-d0a34a2671f2,1777334597,0.28,1.0,no,"{""count_fp"":""1.00"",""created_time"":""2026-04-28T00:03:17.362318Z"",""no_price_dollars"":""0.7200"",""taker_side"":""no"",""ticker"":""KXETH15M-26APR272015-15"",""trade_id"":""7e44a850-3f8d-5e0d-5e9f-d0a34a2671f2"",""yes_price_dollars"":""0.2800""}"
KXETH15M-26APR272015-15,e9ef1685-3587-5e05-6e69-daf9fbacbb19,1777334599,0.27,1.0,no,"{""count_fp"":""1.00"",""created_time"":""2026-04-28T00:03:19.378755Z"",""no_price_dollars"":""0.7300"",""taker_side"":""no"",""ticker"":""KXETH15M-26APR272015-15"",""trade_id"":""e9ef1685-3587-5e05-6e69-daf9fbacbb19"",""yes_price_dollars"":""0.2700""}"
KXETH15M-26APR272015-15,bd0ae5a2-17d1-5ff9-77b7-d54fae4f1cc9,1777334599,0.27,4.0,no,"{""count_fp"":""4.00"",""created_time"":""2026-04-28T00:03:19.378755Z"",""no_price_dollars"":""0.7300"",""taker_side"":""no"",""ticker"":""KXETH15M-26APR272015-15"",""trade_id"":""bd0ae5a2-17d1-5ff9-77b7-d54fae4f1cc9"",""yes_price_dollars"":""0.2700""}"
KXETH15M-26APR272015-15,d21e4bc0-bfff-6272-ce24-32f99533deb8,1777334601,0.28,3.47,yes,"{""count_fp"":""3.47"",""created_time"":""2026-04-28T00:03:21.532561Z"",""no_price_dollars"":""0.7200"",""taker_side"":""yes"",""ticker"":""KXETH15M-26APR272015-15"",""trade_id"":""d21e4bc0-bfff-6272-ce24-32f99533deb8"",""yes_price_dollars"":""0.2800""}"
KXETH15M-26APR272015-15,de8b35e8-ef0a-7a15-8c87-1ca7f4f28163,1777334604,0.28,138.0,yes,"{""count_fp"":""138.00"",""created_time"":""2026-04-28T00:03:24.525013Z"",""no_price_dollars"":""0.7200"",""taker_side"":""yes"",""ticker"":""KXETH15M-26APR272015-15"",""trade_id"":""de8b35e8-ef0a-7a15-8c87-1ca7f4f28163"",""yes_price_dollars"":""0.2800""}"
KXETH15M-26APR272015-15,e74d0ecf-c55a-6f4e-77a3-4267e41f39b3,1777334605,0.28,1.78,no,"{""count_fp"":""1.78"",""created_time"":""2026-04-28T00:03:25.356746Z"",""no_price_dollars"":""0.7200"",""taker_side"":""no"",""ticker"":""KXETH15M-26APR272015-15"",""trade_id"":""e74d0ecf-c55a-6f4e-77a3-4267e41f39b3"",""yes_price_dollars"":""0.2800""}"
KXETH15M-26APR272015-15,230d8145-eba2-6d99-49c2-cf8c8604b08c,1777334605,0.31,1.0,no,"{""count_fp"":""1.00"",""created_time"":""2026-04-28T00:03:25.356746Z"",""no_price_dollars"":""0.6900"",""taker_side"":""no"",""ticker"":""KXETH15M-26APR272015-15"",""trade_id"":""230d8145-eba2-6d99-49c2-cf8c8604b08c"",""yes_price_dollars"":""0.3100""}"
KXETH15M-26APR272015-15,c11ec1ab-8b2e-4bca-e4fe-bd8e813d14e7,1777334606,0.28,1.0,no,"{""count_fp"":""1.00"",""created_time"":""2026-04-28T00:03:26.232421Z"",""no_price_dollars"":""0.7200"",""taker_side"":""no"",""ticker"":""KXETH15M-26APR272015-15"",""trade_id"":""c11ec1ab-8b2e-4bca-e4fe-bd8e813d14e7"",""yes_price_dollars"":""0.2800""}"
KXETH15M-26APR272015-15,12efeae5-a2b6-7b3a-8734-9c8be08524d3,1777334609,0.28,19.69,no,"{""count_fp"":""19.69"",""created_time"":""2026-04-28T00:03:29.839453Z"",""no_price_dollars"":""0.7200"",""taker_side"":""no"",""ticker"":""KXETH15M-26APR272015-15"",""trade_id"":""12efeae5-a2b6-7b3a-8734-9c8be08524d3"",""yes_price_dollars"":""0.2800""}"
KXETH15M-26APR272015-15,c0b10475-472e-4b22-08df-79aece1eaa07,1777334611,0.28,398.15,no,"{""count_fp"":""398.15"",""created_time"":""2026-04-28T00:03:31.545939Z"",""no_price_dollars"":""0.7200"",""taker_side"":""no"",""ticker"":""KXETH15M-26APR272015-15"",""trade_id"":""c0b10475-472e-4b22-08df-79aece1eaa07"",""yes_price_dollars"":""0.2800""}"
KXETH15M-26APR272015-15,cf87da99-ae52-471f-a1c7-cb143fc40bb5,1777334613,0.32,2.98,yes,"{""count_fp"":""2.98"",""created_time"":""2026-04-28T00:03:33.632376Z"",""no_price_dollars"":""0.6800"",""taker_side"":""yes"",""ticker"":""KXETH15M-26APR272015-15"",""trade_id"":""cf87da99-ae52-471f-a1c7-cb143fc40bb5"",""yes_price_dollars"":""0.3200""}"
KXETH15M-26APR272015-15,874ea65e-5112-44aa-0aa0-9bba09e213de,1777334617,0.28,2.0,no,"{""count_fp"":""2.00"",""created_time"":""2026-04-28T00:03:37.677845Z"",""no_price_dollars"":""0.7200"",""taker_side"":""no"",""ticker"":""KXETH15M-26APR272015-15"",""trade_id"":""874ea65e-5112-44aa-0aa0-9bba09e213de"",""yes_price_dollars"":""0.2800""}"
KXETH15M-26APR272015-15,b952b31f-9ee2-672a-b17a-217ba0f38c44,1777334620,0.34,84.33,yes,"{""count_fp"":""84.33"",""created_time"":""2026-04-28T00:03:40.850863Z"",""no_price_dollars"":""0.6600"",""taker_side"":""yes"",""ticker"":""KXETH15M-26APR272015-15"",""trade_id"":""b952b31f-9ee2-672a-b17a-217ba0f38c44"",""yes_price_dollars"":""0.3400""}"
KXETH15M-26APR272015-15,e42559c0-a31a-7332-82c8-1da4e7a64174,1777334620,0.34,14.05,yes,"{""count_fp"":""14.05"",""created_time"":""2026-04-28T00:03:40.014316Z"",""no_price_dollars"":""0.6600"",""taker_side"":""yes"",""ticker"":""KXETH15M-26APR272015-15"",""trade_id"":""e42559c0-a31a-7332-82c8-1da4e7a64174"",""yes_price_dollars"":""0.3400""}"
KXETH15M-26APR272015-15,55240068-1609-7a44-a4ce-62921f0b7477,1777334625,0.29,2.0,no,"{""count_fp"":""2.00"",""created_time"":""2026-04-28T00:03:45.949919Z"",""no_price_dollars"":""0.7100"",""taker_side"":""no"",""ticker"":""KXETH15M-26APR272015-15"",""trade_id"":""55240068-1609-7a44-a4ce-62921f0b7477"",""yes_price_dollars"":""0.2900""}"
KXETH15M-26APR272015-15,40b5de4a-2fdc-440e-73b0-9a049e7bba53,1777334630,0.29,6.81,no,"{""count_fp"":""6.81"",""created_time"":""2026-04-28T00:03:50.731979Z"",""no_price_dollars"":""0.7100"",""taker_side"":""no"",""ticker"":""KXETH15M-26APR272015-15"",""trade_id"":""40b5de4a-2fdc-440e-73b0-9a049e7bba53"",""yes_price_dollars"":""0.2900""}"
KXETH15M-26APR272015-15,242af455-c77e-50ca-e235-cf078c15de4f,1777334633,0.29,2.76,no,"{""count_fp"":""2.76"",""created_time"":""2026-04-28T00:03:53.544934Z"",""no_price_dollars"":""0.7100"",""taker_side"":""no"",""ticker"":""KXETH15M-26APR272015-15"",""trade_id"":""242af455-c77e-50ca-e235-cf078c15de4f"",""yes_price_dollars"":""0.2900""}"
KXETH15M-26APR272015-15,25a6d24b-1347-4db3-539e-8ae8886d53f7,1777334633,0.3,1.0,no,"{""count_fp"":""1.00"",""created_time"":""2026-04-28T00:03:53.360045Z"",""no_price_dollars"":""0.7000"",""taker_side"":""no"",""ticker"":""KXETH15M-26APR272015-15"",""trade_id"":""25a6d24b-1347-4db3-539e-8ae8886d53f7"",""yes_price_dollars"":""0.3000""}"
KXETH15M-26APR272015-15,c346636a-746e-5aa2-ddc9-f7f49047acd3,1777334634,0.29,13.62,no,"{""count_fp"":""13.62"",""created_time"":""2026-04-28T00:03:54.080475Z"",""no_price_dollars"":""0.7100"",""taker_side"":""no"",""ticker"":""KXETH15M-26APR272015-15"",""trade_id"":""c346636a-746e-5aa2-ddc9-f7f49047acd3"",""yes_price_dollars"":""0.2900""}"
KXETH15M-26APR272015-15,42461606-cc32-6c3e-d0cf-9eb3faa354e3,1777334635,0.29,2.0,no,"{""count_fp"":""2.00"",""created_time"":""2026-04-28T00:03:55.711441Z"",""no_price_dollars"":""0.7100"",""taker_side"":""no"",""ticker"":""KXETH15M-26APR272015-15"",""trade_id"":""42461606-cc32-6c3e-d0cf-9eb3faa354e3"",""yes_price_dollars"":""0.2900""}"
KXETH15M-26APR272015-15,f0503d25-1de7-66e6-7616-0a898317c0df,1777334637,0.33,2.89,yes,"{""count_fp"":""2.89"",""created_time"":""2026-04-28T00:03:57.411176Z"",""no_price_dollars"":""0.6700"",""taker_side"":""yes"",""ticker"":""KXETH15M-26APR272015-15"",""trade_id"":""f0503d25-1de7-66e6-7616-0a898317c0df"",""yes_price_dollars"":""0.3300""}"
KXETH15M-26APR272015-15,f7ed297a-e1fd-76a5-8b72-19d37b21a57b,1777334638,0.3,0.34,no,"{""count_fp"":""0.34"",""created_time"":""2026-04-28T00:03:58.062099Z"",""no_price_dollars"":""0.7000"",""taker_side"":""no"",""ticker"":""KXETH15M-26APR272015-15"",""trade_id"":""f7ed297a-e1fd-76a5-8b72-19d37b21a57b"",""yes_price_dollars"":""0.3000""}"
KXETH15M-26APR272015-15,02b61d46-dc4a-5eeb-eae9-7b8247a2ba3f,1777334641,0.26,2.0,no,"{""count_fp"":""2.00"",""created_time"":""2026-04-28T00:04:01.052355Z"",""no_price_dollars"":""0.7400"",""taker_side"":""no"",""ticker"":""KXETH15M-26APR272015-15"",""trade_id"":""02b61d46-dc4a-5eeb-eae9-7b8247a2ba3f"",""yes_price_dollars"":""0.2600""}"
KXETH15M-26APR272015-15,68fca816-84c7-77ce-9cd8-c251fa9aad43,1777334643,0.29,2.0,yes,"{""count_fp"":""2.00"",""created_time"":""2026-04-28T00:04:03.994158Z"",""no_price_dollars"":""0.7100"",""taker_side"":""yes"",""ticker"":""KXETH15M-26APR272015-15"",""trade_id"":""68fca816-84c7-77ce-9cd8-c251fa9aad43"",""yes_price_dollars"":""0.2900""}"
KXETH15M-26APR272015-15,391def98-6492-7fc6-6eb7-52fe996e6f6f,1777334647,0.3,6.99,no,"{""count_fp"":""6.99"",""created_time"":""2026-04-28T00:04:07.777351Z"",""no_price_dollars"":""0.7000"",""taker_side"":""no"",""ticker"":""KXETH15M-26APR272015-15"",""trade_id"":""391def98-6492-7fc6-6eb7-52fe996e6f6f"",""yes_price_dollars"":""0.3000""}"
KXETH15M-26APR272015-15,aac8d1b9-07ca-5d9e-62a3-0d1938e4348b,1777334647,0.3,3.0,no,"{""count_fp"":""3.00"",""created_time"":""2026-04-28T00:04:07.019539Z"",""no_price_dollars"":""0.7000"",""taker_side"":""no"",""ticker"":""KXETH15M-26APR272015-15"",""trade_id"":""aac8d1b9-07ca-5d9e-62a3-0d1938e4348b"",""yes_price_dollars"":""0.3000""}"
KXETH15M-26APR272015-15,d925e958-a1cb-7d1d-7969-cd86439c8999,1777334652,0.3,1.0,no,"{""count_fp"":""1.00"",""created_time"":""2026-04-28T00:04:12.144873Z"",""no_price_dollars"":""0.7000"",""taker_side"":""no"",""ticker"":""KXETH15M-26APR272015-15"",""trade_id"":""d925e958-a1cb-7d1d-7969-cd86439c8999"",""yes_price_dollars"":""0.3000""}"
KXETH15M-26APR272015-15,9e50d51c-6746-7787-7e64-bb5f45e30346,1777334652,0.3,10.0,no,"{""count_fp"":""10.00"",""created_time"":""2026-04-28T00:04:12.144873Z"",""no_price_dollars"":""0.7000"",""taker_side"":""no"",""ticker"":""KXETH15M-26APR272015-15"",""trade_id"":""9e50d51c-6746-7787-7e64-bb5f45e30346"",""yes_price_dollars"":""0.3000""}"
KXETH15M-26APR272015-15,4bcb5daa-b302-6f3f-a5a7-6ccbcc3836f5,1777334654,0.32,5.0,yes,"{""count_fp"":""5.00"",""created_time"":""2026-04-28T00:04:14.577839Z"",""no_price_dollars"":""0.6800"",""taker_side"":""yes"",""ticker"":""KXETH15M-26APR272015-15"",""trade_id"":""4bcb5daa-b302-6f3f-a5a7-6ccbcc3836f5"",""yes_price_dollars"":""0.3200""}"
KXETH15M-26APR272015-15,6c56e5d4-d9a9-4176-fe75-09ba0241002f,1777334661,0.31,3.0,no,"{""count_fp"":""3.00"",""created_time"":""2026-04-28T00:04:21.087458Z"",""no_price_dollars"":""0.6900"",""taker_side"":""no"",""ticker"":""KXETH15M-26APR272015-15"",""trade_id"":""6c56e5d4-d9a9-4176-fe75-09ba0241002f"",""yes_price_dollars"":""0.3100""}"
KXETH15M-26APR272015-15,16481f4b-2fe6-70eb-bfbf-25602fd30fdf,1777334662,0.26,1.44,no,"{""count_fp"":""1.44"",""created_time"":""2026-04-28T00:04:22.538808Z"",""no_price_dollars"":""0.7400"",""taker_side"":""no"",""ticker"":""KXETH15M-26APR272015-15"",""trade_id"":""16481f4b-2fe6-70eb-bfbf-25602fd30fdf"",""yes_price_dollars"":""0.2600""}"
KXETH15M-26APR272015-15,1494c19c-02c7-7f83-94cc-6b2f0d3ddd83,1777334662,0.28,3.0,no,"{""count_fp"":""3.00"",""created_time"":""2026-04-28T00:04:22.538808Z"",""no_price_dollars"":""0.7200"",""taker_side"":""no"",""ticker"":""KXETH15M-26APR272015-15"",""trade_id"":""1494c19c-02c7-7f83-94cc-6b2f0d3ddd83"",""yes_price_dollars"":""0.2800""}"
KXETH15M-26APR272015-15,1595e712-dec2-4bb3-4c2e-573e012c1f87,1777334664,0.26,1.32,no,"{""count_fp"":""1.32"",""created_time"":""2026-04-28T00:04:24.821661Z"",""no_price_dollars"":""0.7400"",""taker_side"":""no"",""ticker"":""KXETH15M-26APR272015-15"",""trade_id"":""1595e712-dec2-4bb3-4c2e-573e012c1f87"",""yes_price_dollars"":""0.2600""}"
KXETH15M-26APR272015-15,0a8a6149-46af-5335-0e29-4f1eaf09a8c5,1777334668,0.27,68.34,yes,"{""count_fp"":""68.34"",""created_time"":""2026-04-28T00:04:28.801Z"",""no_price_dollars"":""0.7300"",""taker_side"":""yes"",""ticker"":""KXETH15M-26APR272015-15"",""trade_id"":""0a8a6149-46af-5335-0e29-4f1eaf09a8c5"",""yes_price_dollars"":""0.2700""}"
KXETH15M-26APR272015-15,5635684c-37f3-4762-e91d-8a46df702c7b,1777334668,0.27,3.52,yes,"{""count_fp"":""3.52"",""created_time"":""2026-04-28T00:04:28.502923Z"",""no_price_dollars"":""0.7300"",""taker_side"":""yes"",""ticker"":""KXETH15M-26APR272015-15"",""trade_id"":""5635684c-37f3-4762-e91d-8a46df702c7b"",""yes_price_dollars"":""0.2700""}"
KXETH15M-26APR272015-15,62d715b0-01e7-483a-0a08-13f6856d56a1,1777334682,0.25,2.0,no,"{""count_fp"":""2.00"",""created_time"":""2026-04-28T00:04:42.201895Z"",""no_price_dollars"":""0.7500"",""taker_side"":""no"",""ticker"":""KXETH15M-26APR272015-15"",""trade_id"":""62d715b0-01e7-483a-0a08-13f6856d56a1"",""yes_price_dollars"":""0.2500""}"
KXETH15M-26APR272015-15,aeedf975-64ea-56df-88d6-f14c87821dee,1777334691,0.27,2.39,yes,"{""count_fp"":""2.39"",""created_time"":""2026-04-28T00:04:51.367398Z"",""no_price_dollars"":""0.7300"",""taker_side"":""yes"",""ticker"":""KXETH15M-26APR272015-15"",""trade_id"":""aeedf975-64ea-56df-88d6-f14c87821dee"",""yes_price_dollars"":""0.2700""}"
KXETH15M-26APR272015-15,efbe5f16-a8f3-6c22-9cd5-5c754d211839,1777334692,0.25,3.0,no,"{""count_fp"":""3.00"",""created_time"":""2026-04-28T00:04:52.216465Z"",""no_price_dollars"":""0.7500"",""taker_side"":""no"",""ticker"":""KXETH15M-26APR272015-15"",""trade_id"":""efbe5f16-a8f3-6c22-9cd5-5c754d211839"",""yes_price_dollars"":""0.2500""}"
KXETH15M-26APR272015-15,bd27050a-788c-695b-b9fc-e1b5cfb4ac1c,1777334692,0.25,8.8,no,"{""count_fp"":""8.80"",""created_time"":""2026-04-28T00:04:52.216465Z"",""no_price_dollars"":""0.7500"",""taker_side"":""no"",""ticker"":""KXETH15M-26APR272015-15"",""trade_id"":""bd27050a-788c-695b-b9fc-e1b5cfb4ac1c"",""yes_price_dollars"":""0.2500""}"
KXETH15M-26APR272015-15,ad6a0643-1d27-612d-88af-3fb8275a60b9,1777334692,0.25,1.3,no,"{""count_fp"":""1.30"",""created_time"":""2026-04-28T00:04:52.216465Z"",""no_price_dollars"":""0.7500"",""taker_side"":""no"",""ticker"":""KXETH15M-26APR272015-15"",""trade_id"":""ad6a0643-1d27-612d-88af-3fb8275a60b9"",""yes_price_dollars"":""0.2500""}"
KXETH15M-26APR272015-15,ff16a064-88c1-718d-d4b1-e8c2d234388b,1777334697,0.28,10.0,no,"{""count_fp"":""10.00"",""created_time"":""2026-04-28T00:04:57.873451Z"",""no_price_dollars"":""0.7200"",""taker_side"":""no"",""ticker"":""KXETH15M-26APR272015-15"",""trade_id"":""ff16a064-88c1-718d-d4b1-e8c2d234388b"",""yes_price_dollars"":""0.2800""}"
KXETH15M-26APR272015-15,e68c0e27-2e33-7d09-f45a-476c1dea83d5,1777334697,0.28,825.05,no,"{""count_fp"":""825.05"",""created_time"":""2026-04-28T00:04:57.873451Z"",""no_price_dollars"":""0.7200"",""taker_side"":""no"",""ticker"":""KXETH15M-26APR272015-15"",""trade_id"":""e68c0e27-2e33-7d09-f45a-476c1dea83d5"",""yes_price_dollars"":""0.2800""}"
KXETH15M-26APR272015-15,e2578db5-bfad-7e31-edbb-7ad5e22a0de2,1777334697,0.27,100.0,no,"{""count_fp"":""100.00"",""created_time"":""2026-04-28T00:04:57.873451Z"",""no_price_dollars"":""0.7300"",""taker_side"":""no"",""ticker"":""KXETH15M-26APR272015-15"",""trade_id"":""e2578db5-bfad-7e31-edbb-7ad5e22a0de2"",""yes_price_dollars"":""0.2700""}"
KXETH15M-26APR272015-15,c623d432-3122-7a80-fa97-9a94120e9fda,1777334697,0.26,53.99,no,"{""count_fp"":""53.99"",""created_time"":""2026-04-28T00:04:57.873451Z"",""no_price_dollars"":""0.7400"",""taker_side"":""no"",""ticker"":""KXETH15M-26APR272015-15"",""trade_id"":""c623d432-3122-7a80-fa97-9a94120e9fda"",""yes_price_dollars"":""0.2600""}"
KXETH15M-26APR272015-15,bc2350a8-d0ab-7fe3-f93d-440986146445,1777334697,0.23,10.0,no,"{""count_fp"":""10.00"",""created_time"":""2026-04-28T00:04:57.873451Z"",""no_price_dollars"":""0.7700"",""taker_side"":""no"",""ticker"":""KXETH15M-26APR272015-15"",""trade_id"":""bc2350a8-d0ab-7fe3-f93d-440986146445"",""yes_price_dollars"":""0.2300""}"
KXETH15M-26APR272015-15,ab5d7431-e895-7123-dd6b-0d5e562d1ab4,1777334697,0.22,50.0,no,"{""count_fp"":""50.00"",""created_time"":""2026-04-28T00:04:57.873451Z"",""no_price_dollars"":""0.7800"",""taker_side"":""no"",""ticker"":""KXETH15M-26APR272015-15"",""trade_id"":""ab5d7431-e895-7123-dd6b-0d5e562d1ab4"",""yes_price_dollars"":""0.2200""}"
KXETH15M-26APR272015-15,6432a221-78fb-77dd-d629-a9d071ba941a,1777334697,0.26,96.71,no,"{""count_fp"":""96.71"",""created_time"":""2026-04-28T00:04:57.873451Z"",""no_price_dollars"":""0.7400"",""taker_side"":""no"",""ticker"":""KXETH15M-26APR272015-15"",""trade_id"":""6432a221-78fb-77dd-d629-a9d071ba941a"",""yes_price_dollars"":""0.2600""}"
KXETH15M-26APR272015-15,41cdd8e5-0196-7707-f807-b9256fb6ee6f,1777334697,0.2,1.0,no,"{""count_fp"":""1.00"",""created_time"":""2026-04-28T00:04:57.873451Z"",""no_price_dollars"":""0.8000"",""taker_side"":""no"",""ticker"":""KXETH15M-26APR272015-15"",""trade_id"":""41cdd8e5-0196-7707-f807-b9256fb6ee6f"",""yes_price_dollars"":""0.2000""}"
KXETH15M-26APR272015-15,2801855b-fc0e-76bd-e44b-0d67393528ac,1777334697,0.22,1.0,no,"{""count_fp"":""1.00"",""created_time"":""2026-04-28T00:04:57.873451Z"",""no_price_dollars"":""0.7800"",""taker_side"":""no"",""ticker"":""KXETH15M-26APR272015-15"",""trade_id"":""2801855b-fc0e-76bd-e44b-0d67393528ac"",""yes_price_dollars"":""0.2200""}"
KXETH15M-26APR272015-15,08343bca-eb62-7c9d-d671-2faa65b8c260,1777334697,0.21,1.0,no,"{""count_fp"":""1.00"",""created_time"":""2026-04-28T00:04:57.873451Z"",""no_price_dollars"":""0.7900"",""taker_side"":""no"",""ticker"":""KXETH15M-26APR272015-15"",""trade_id"":""08343bca-eb62-7c9d-d671-2faa65b8c260"",""yes_price_dollars"":""0.2100""}"
KXETH15M-26APR272015-15,050ad44e-16cb-7ce4-e59d-0e60bea5a12b,1777334697,0.2,10.0,no,"{""count_fp"":""10.00"",""created_time"":""2026-04-28T00:04:57.873451Z"",""no_price_dollars"":""0.8000"",""taker_side"":""no"",""ticker"":""KXETH15M-26APR272015-15"",""trade_id"":""050ad44e-16cb-7ce4-e59d-0e60bea5a12b"",""yes_price_dollars"":""0.2000""}"
KXETH15M-26APR272015-15,0144e219-c770-7181-c76d-488343b52b81,1777334697,0.19,236.61,no,"{""count_fp"":""236.61"",""created_time"":""2026-04-28T00:04:57.873451Z"",""no_price_dollars"":""0.8100"",""taker_side"":""no"",""ticker"":""KXETH15M-26APR272015-15"",""trade_id"":""0144e219-c770-7181-c76d-488343b52b81"",""yes_price_dollars"":""0.1900""}"
KXETH15M-26APR272015-15,6baedf91-204f-73a3-23fc-068f9e4e57eb,1777334700,0.26,2.0,no,"{""count_fp"":""2.00"",""created_time"":""2026-04-28T00:05:00.242695Z"",""no_price_dollars"":""0.7400"",""taker_side"":""no"",""ticker"":""KXETH15M-26APR272015-15"",""trade_id"":""6baedf91-204f-73a3-23fc-068f9e4e57eb"",""yes_price_dollars"":""0.2600""}"
KXETH15M-26APR272015-15,31f1c71e-71a4-40be-7c54-7a797a0557d9,1777334701,0.27,88.09,yes,"{""count_fp"":""88.09"",""created_time"":""2026-04-28T00:05:01.998599Z"",""no_price_dollars"":""0.7300"",""taker_side"":""yes"",""ticker"":""KXETH15M-26APR272015-15"",""trade_id"":""31f1c71e-71a4-40be-7c54-7a797a0557d9"",""yes_price_dollars"":""0.2700""}"
KXETH15M-26APR272015-15,8dc5fc5a-bac7-631f-f9de-311d374ce04e,1777334703,0.22,1.0,yes,"{""count_fp"":""1.00"",""created_time"":""2026-04-28T00:05:03.898846Z"",""no_price_dollars"":""0.7800"",""taker_side"":""yes"",""ticker"":""KXETH15M-26APR272015-15"",""trade_id"":""8dc5fc5a-bac7-631f-f9de-311d374ce04e"",""yes_price_dollars"":""0.2200""}"
KXETH15M-26APR272015-15,1aea24d8-93c3-44bc-7213-239b75138de2,1777334703,0.24,9.07,yes,"{""count_fp"":""9.07"",""created_time"":""2026-04-28T00:05:03.435817Z"",""no_price_dollars"":""0.7600"",""taker_side"":""yes"",""ticker"":""KXETH15M-26APR272015-15"",""trade_id"":""1aea24d8-93c3-44bc-7213-239b75138de2"",""yes_price_dollars"":""0.2400""}"
KXETH15M-26APR272015-15,4099fe99-1f4b-58ec-8ba9-e90b358ff3a2,1777334704,0.21,6.81,yes,"{""count_fp"":""6.81"",""created_time"":""2026-04-28T00:05:04.301573Z"",""no_price_dollars"":""0.7900"",""taker_side"":""yes"",""ticker"":""KXETH15M-26APR272015-15"",""trade_id"":""4099fe99-1f4b-58ec-8ba9-e90b358ff3a2"",""yes_price_dollars"":""0.2100""}"
KXETH15M-26APR272015-15,eec0973e-e027-4348-d28d-b80c9a0b942a,1777334706,0.22,62.0,yes,"{""count_fp"":""62.00"",""created_time"":""2026-04-28T00:05:06.116117Z"",""no_price_dollars"":""0.7800"",""taker_side"":""yes"",""ticker"":""KXETH15M-26APR272015-15"",""trade_id"":""eec0973e-e027-4348-d28d-b80c9a0b942a"",""yes_price_dollars"":""0.2200""}"
KXETH15M-26APR272015-15,0e292190-1b16-65b6-3392-0e7bb5e97c23,1777334707,0.17,5.95,no,"{""count_fp"":""5.95"",""created_time"":""2026-04-28T00:05:07.817588Z"",""no_price_dollars"":""0.8300"",""taker_side"":""no"",""ticker"":""KXETH15M-26APR272015-15"",""trade_id"":""0e292190-1b16-65b6-3392-0e7bb5e97c23"",""yes_price_dollars"":""0.1700""}"
KXETH15M-26APR272015-15,8806d4ed-1d6f-6640-5b20-716f6fcae1e6,1777334708,0.19,44.0,yes,"{""count_fp"":""44.00"",""created_time"":""2026-04-28T00:05:08.127299Z"",""no_price_dollars"":""0.8100"",""taker_side"":""yes"",""ticker"":""KXETH15M-26APR272015-15"",""trade_id"":""8806d4ed-1d6f-6640-5b20-716f6fcae1e6"",""yes_price_dollars"":""0.1900""}"
KXETH15M-26APR272015-15,4cdd4d6e-b389-60f4-69f3-c68f93c950cd,1777334708,0.18,10.0,yes,"{""count_fp"":""10.00"",""created_time"":""2026-04-28T00:05:08.127299Z"",""no_price_dollars"":""0.8200"",""taker_side"":""yes"",""ticker"":""KXETH15M-26APR272015-15"",""trade_id"":""4cdd4d6e-b389-60f4-69f3-c68f93c950cd"",""yes_price_dollars"":""0.1800""}"
KXETH15M-26APR272015-15,954b7c8e-452d-517a-d40e-38dbcb221232,1777334711,0.19,1.2,yes,"{""count_fp"":""1.20"",""created_time"":""2026-04-28T00:05:11.959464Z"",""no_price_dollars"":""0.8100"",""taker_side"":""yes"",""ticker"":""KXETH15M-26APR272015-15"",""trade_id"":""954b7c8e-452d-517a-d40e-38dbcb221232"",""yes_price_dollars"":""0.1900""}"
KXETH15M-26APR272015-15,d231e3cb-9397-7ba1-e9dd-a192ea6cd20c,1777334712,0.16,1.0,no,"{""count_fp"":""1.00"",""created_time"":""2026-04-28T00:05:12.740328Z"",""no_price_dollars"":""0.8400"",""taker_side"":""no"",""ticker"":""KXETH15M-26APR272015-15"",""trade_id"":""d231e3cb-9397-7ba1-e9dd-a192ea6cd20c"",""yes_price_dollars"":""0.1600""}"
KXETH15M-26APR272015-15,c7e19a59-acb7-5f22-5de7-f91362731eb9,1777334713,0.15,7.57,no,"{""count_fp"":""7.57"",""created_time"":""2026-04-28T00:05:13.317196Z"",""no_price_dollars"":""0.8500"",""taker_side"":""no"",""ticker"":""KXETH15M-26APR272015-15"",""trade_id"":""c7e19a59-acb7-5f22-5de7-f91362731eb9"",""yes_price_dollars"":""0.1500""}"
KXETH15M-26APR272015-15,c40f7335-3acc-5c32-724a-68ee781c23cc,1777334713,0.16,10.0,no,"{""count_fp"":""10.00"",""created_time"":""2026-04-28T00:05:13.317196Z"",""no_price_dollars"":""0.8400"",""taker_side"":""no"",""ticker"":""KXETH15M-26APR272015-15"",""trade_id"":""c40f7335-3acc-5c32-724a-68ee781c23cc"",""yes_price_dollars"":""0.1600""}"
KXETH15M-26APR272015-15,75f13a40-2c15-5f36-14a4-2fd02801feda,1777334714,0.19,0.99,yes,"{""count_fp"":""0.99"",""created_time"":""2026-04-28T00:05:14.401442Z"",""no_price_dollars"":""0.8100"",""taker_side"":""yes"",""ticker"":""KXETH15M-26APR272015-15"",""trade_id"":""75f13a40-2c15-5f36-14a4-2fd02801feda"",""yes_price_dollars"":""0.1900""}"
KXETH15M-26APR272015-15,567496ce-c5fe-77c9-fee6-81ce65496a7c,1777334714,0.18,1.43,yes,"{""count_fp"":""1.43"",""created_time"":""2026-04-28T00:05:14.335042Z"",""no_price_dollars"":""0.8200"",""taker_side"":""yes"",""ticker"":""KXETH15M-26APR272015-15"",""trade_id"":""567496ce-c5fe-77c9-fee6-81ce65496a7c"",""yes_price_dollars"":""0.1800""}"
KXETH15M-26APR272015-15,d32f0d03-5ba4-7633-e212-6df2dc533b88,1777334719,0.18,1.97,no,"{""count_fp"":""1.97"",""created_time"":""2026-04-28T00:05:19.881442Z"",""no_price_dollars"":""0.8200"",""taker_side"":""no"",""ticker"":""KXETH15M-26APR272015-15"",""trade_id"":""d32f0d03-5ba4-7633-e212-6df2dc533b88"",""yes_price_dollars"":""0.1800""}"
KXETH15M-26APR272015-15,f29922a0-7965-53c6-0351-09566ab84056,1777334720,0.2,9.02,yes,"{""count_fp"":""9.02"",""created_time"":""2026-04-28T00:05:20.642279Z"",""no_price_dollars"":""0.8000"",""taker_side"":""yes"",""ticker"":""KXETH15M-26APR272015-15"",""trade_id"":""f29922a0-7965-53c6-0351-09566ab84056"",""yes_price_dollars"":""0.2000""}"
KXETH15M-26APR272015-15,afeb7a95-cb61-7866-971c-6b5a95dc1abc,1777334723,0.18,1.17,no,"{""count_fp"":""1.17"",""created_time"":""2026-04-28T00:05:23.250616Z"",""no_price_dollars"":""0.8200"",""taker_side"":""no"",""ticker"":""KXETH15M-26APR272015-15"",""trade_id"":""afeb7a95-cb61-7866-971c-6b5a95dc1abc"",""yes_price_dollars"":""0.1800""}"
KXETH15M-26APR272015-15,e2e1b048-9ffc-7b0a-31ce-80b3e71f4248,1777334724,0.15,19.0,no,"{""count_fp"":""19.00"",""created_time"":""2026-04-28T00:05:24.834005Z"",""no_price_dollars"":""0.8500"",""taker_side"":""no"",""ticker"":""KXETH15M-26APR272015-15"",""trade_id"":""e2e1b048-9ffc-7b0a-31ce-80b3e71f4248"",""yes_price_dollars"":""0.1500""}"
KXETH15M-26APR272015-15,5bd86c77-73ed-7f41-0248-77ac0f780923,1777334726,0.23,10.0,yes,"{""count_fp"":""10.00"",""created_time"":""2026-04-28T00:05:26.754272Z"",""no_price_dollars"":""0.7700"",""taker_side"":""yes"",""ticker"":""KXETH15M-26APR272015-15"",""trade_id"":""5bd86c77-73ed-7f41-0248-77ac0f780923"",""yes_price_dollars"":""0.2300""}"
KXETH15M-26APR272015-15,cb9da4a5-f247-45c6-8b28-cc46c58c6f19,1777334726,0.21,12.04,no,"{""count_fp"":""12.04"",""created_time"":""2026-04-28T00:05:26.723729Z"",""no_price_dollars"":""0.7900"",""taker_side"":""no"",""ticker"":""KXETH15M-26APR272015-15"",""trade_id"":""cb9da4a5-f247-45c6-8b28-cc46c58c6f19"",""yes_price_dollars"":""0.2100""}"
KXETH15M-26APR272015-15,59006323-7806-65bf-9c22-49584a3c5f19,1777334727,0.26,10.47,no,"{""count_fp"":""10.47"",""created_time"":""2026-04-28T00:05:27.992941Z"",""no_price_dollars"":""0.7400"",""taker_side"":""no"",""ticker"":""KXETH15M-26APR272015-15"",""trade_id"":""59006323-7806-65bf-9c22-49584a3c5f19"",""yes_price_dollars"":""0.2600""}"
KXETH15M-26APR272015-15,a9c2d43a-4b57-6a02-6b7d-cfac1ccce2bd,1777334730,0.27,0.39,no,"{""count_fp"":""0.39"",""created_time"":""2026-04-28T00:05:30.706179Z"",""no_price_dollars"":""0.7300"",""taker_side"":""no"",""ticker"":""KXETH15M-26APR272015-15"",""trade_id"":""a9c2d43a-4b57-6a02-6b7d-cfac1ccce2bd"",""yes_price_dollars"":""0.2700""}"
KXETH15M-26APR272015-15,bc6d7f4c-148e-47e6-b3e9-dd899a9a9f67,1777334730,0.29,1.0,yes,"{""count_fp"":""1.00"",""created_time"":""2026-04-28T00:05:30.174066Z"",""no_price_dollars"":""0.7100"",""taker_side"":""yes"",""ticker"":""KXETH15M-26APR272015-15"",""trade_id"":""bc6d7f4c-148e-47e6-b3e9-dd899a9a9f67"",""yes_price_dollars"":""0.2900""}"
KXETH15M-26APR272015-15,1acec14a-688b-442e-16ba-c51964545340,1777334739,0.26,2.55,yes,"{""count_fp"":""2.55"",""created_time"":""2026-04-28T00:05:39.411085Z"",""no_price_dollars"":""0.7400"",""taker_side"":""yes"",""ticker"":""KXETH15M-26APR272015-15"",""trade_id"":""1acec14a-688b-442e-16ba-c51964545340"",""yes_price_dollars"":""0.2600""}"
KXETH15M-26APR272015-15,4adacae1-7861-4eb2-d87a-f1328853eba7,1777334741,0.22,1.01,no,"{""count_fp"":""1.01"",""created_time"":""2026-04-28T00:05:41.027865Z"",""no_price_dollars"":""0.7800"",""taker_side"":""no"",""ticker"":""KXETH15M-26APR272015-15"",""trade_id"":""4adacae1-7861-4eb2-d87a-f1328853eba7"",""yes_price_dollars"":""0.2200""}"
KXETH15M-26APR272015-15,f2e9fbc7-11db-4a8e-ee46-1f646648fa21,1777334745,0.24,1.78,no,"{""count_fp"":""1.78"",""created_time"":""2026-04-28T00:05:45.323485Z"",""no_price_dollars"":""0.7600"",""taker_side"":""no"",""ticker"":""KXETH15M-26APR272015-15"",""trade_id"":""f2e9fbc7-11db-4a8e-ee46-1f646648fa21"",""yes_price_dollars"":""0.2400""}"
KXETH15M-26APR272015-15,e6bfce34-9183-48a0-0c06-94b18a68fe93,1777334752,0.24,5.0,no,"{""count_fp"":""5.00"",""created_time"":""2026-04-28T00:05:52.318526Z"",""no_price_dollars"":""0.7600"",""taker_side"":""no"",""ticker"":""KXETH15M-26APR272015-15"",""trade_id"":""e6bfce34-9183-48a0-0c06-94b18a68fe93"",""yes_price_dollars"":""0.2400""}"
KXETH15M-26APR272015-15,a478d8ad-186f-4598-1895-3c9c25c46386,1777334752,0.23,1.39,no,"{""count_fp"":""1.39"",""created_time"":""2026-04-28T00:05:52.318526Z"",""no_price_dollars"":""0.7700"",""taker_side"":""no"",""ticker"":""KXETH15M-26APR272015-15"",""trade_id"":""a478d8ad-186f-4598-1895-3c9c25c46386"",""yes_price_dollars"":""0.2300""}"
KXETH15M-26APR272015-15,c1b4f0a1-bf05-783e-fafc-e40bb8bef8fa,1777334761,0.2,15.82,yes,"{""count_fp"":""15.82"",""created_time"":""2026-04-28T00:06:01.158119Z"",""no_price_dollars"":""0.8000"",""taker_side"":""yes"",""ticker"":""KXETH15M-26APR272015-15"",""trade_id"":""c1b4f0a1-bf05-783e-fafc-e40bb8bef8fa"",""yes_price_dollars"":""0.2000""}"
KXETH15M-26APR272015-15,acc7d00a-0370-4478-30df-bcd19aff2113,1777334762,0.17,1.0,no,"{""count_fp"":""1.00"",""created_time"":""2026-04-28T00:06:02.374561Z"",""no_price_dollars"":""0.8300"",""taker_side"":""no"",""ticker"":""KXETH15M-26APR272015-15"",""trade_id"":""acc7d00a-0370-4478-30df-bcd19aff2113"",""yes_price_dollars"":""0.1700""}"
KXETH15M-26APR272015-15,af032f32-3331-7082-0bbd-ba0214781f7a,1777334765,0.19,69.0,yes,"{""count_fp"":""69.00"",""created_time"":""2026-04-28T00:06:05.135256Z"",""no_price_dollars"":""0.8100"",""taker_side"":""yes"",""ticker"":""KXETH15M-26APR272015-15"",""trade_id"":""af032f32-3331-7082-0bbd-ba0214781f7a"",""yes_price_dollars"":""0.1900""}"
KXETH15M-26APR272015-15,63a66c89-6a32-777c-1f99-d2953847a627,1777334765,0.18,5.0,yes,"{""count_fp"":""5.00"",""created_time"":""2026-04-28T00:06:05.135256Z"",""no_price_dollars"":""0.8200"",""taker_side"":""yes"",""ticker"":""KXETH15M-26APR272015-15"",""trade_id"":""63a66c89-6a32-777c-1f99-d2953847a627"",""yes_price_dollars"":""0.1800""}"
KXETH15M-26APR272015-15,f3847a3f-ec91-5166-9025-e1b86d3280e6,1777334766,0.19,1.32,yes,"{""count_fp"":""1.32"",""created_time"":""2026-04-28T00:06:06.930707Z"",""no_price_dollars"":""0.8100"",""taker_side"":""yes"",""ticker"":""KXETH15M-26APR272015-15"",""trade_id"":""f3847a3f-ec91-5166-9025-e1b86d3280e6"",""yes_price_dollars"":""0.1900""}"
KXETH15M-26APR272015-15,6b169f78-741d-623e-982b-19c66632e996,1777334767,0.19,2.49,yes,"{""count_fp"":""2.49"",""created_time"":""2026-04-28T00:06:07.277271Z"",""no_price_dollars"":""0.8100"",""taker_side"":""yes"",""ticker"":""KXETH15M-26APR272015-15"",""trade_id"":""6b169f78-741d-623e-982b-19c66632e996"",""yes_price_dollars"":""0.1900""}"
KXETH15M-26APR272015-15,28989614-18bd-5769-26d0-f49c9ea60845,1777334768,0.16,5.0,yes,"{""count_fp"":""5.00"",""created_time"":""2026-04-28T00:06:08.850166Z"",""no_price_dollars"":""0.8400"",""taker_side"":""yes"",""ticker"":""KXETH15M-26APR272015-15"",""trade_id"":""28989614-18bd-5769-26d0-f49c9ea60845"",""yes_price_dollars"":""0.1600""}"
KXETH15M-26APR272015-15,daaa626c-3690-4dc6-f4ad-89e044e3a8cc,1777334769,0.15,10.0,no,"{""count_fp"":""10.00"",""created_time"":""2026-04-28T00:06:09.990949Z"",""no_price_dollars"":""0.8500"",""taker_side"":""no"",""ticker"":""KXETH15M-26APR272015-15"",""trade_id"":""daaa626c-3690-4dc6-f4ad-89e044e3a8cc"",""yes_price_dollars"":""0.1500""}"
KXETH15M-26APR272015-15,015ea3b2-020c-477a-919b-a1a488afefe4,1777334770,0.15,10.0,no,"{""count_fp"":""10.00"",""created_time"":""2026-04-28T00:06:10.590532Z"",""no_price_dollars"":""0.8500"",""taker_side"":""no"",""ticker"":""KXETH15M-26APR272015-15"",""trade_id"":""015ea3b2-020c-477a-919b-a1a488afefe4"",""yes_price_dollars"":""0.1500""}"
KXETH15M-26APR272015-15,36e4b246-8a70-46be-ed38-163adfa75318,1777334771,0.15,10.0,no,"{""count_fp"":""10.00"",""created_time"":""2026-04-28T00:06:11.170399Z"",""no_price_dollars"":""0.8500"",""taker_side"":""no"",""ticker"":""KXETH15M-26APR272015-15"",""trade_id"":""36e4b246-8a70-46be-ed38-163adfa75318"",""yes_price_dollars"":""0.1500""}"
KXETH15M-26APR272015-15,c6a6b8c3-b77b-556f-a4c7-795e7b79cab4,1777334773,0.2,2.43,no,"{""count_fp"":""2.43"",""created_time"":""2026-04-28T00:06:13.548532Z"",""no_price_dollars"":""0.8000"",""taker_side"":""no"",""ticker"":""KXETH15M-26APR272015-15"",""trade_id"":""c6a6b8c3-b77b-556f-a4c7-795e7b79cab4"",""yes_price_dollars"":""0.2000""}"
KXETH15M-26APR272015-15,b91080cb-21dc-448b-b4a4-c028685313c0,1777334776,0.19,67.68,yes,"{""count_fp"":""67.68"",""created_time"":""2026-04-28T00:06:16.461956Z"",""no_price_dollars"":""0.8100"",""taker_side"":""yes"",""ticker"":""KXETH15M-26APR272015-15"",""trade_id"":""b91080cb-21dc-448b-b4a4-c028685313c0"",""yes_price_dollars"":""0.1900""}"
KXETH15M-26APR272015-15,e03692aa-c300-6651-6593-678bf535c3d2,1777334777,0.17,10.0,no,"{""count_fp"":""10.00"",""created_time"":""2026-04-28T00:06:17.698887Z"",""no_price_dollars"":""0.8300"",""taker_side"":""no"",""ticker"":""KXETH15M-26APR272015-15"",""trade_id"":""e03692aa-c300-6651-6593-678bf535c3d2"",""yes_price_dollars"":""0.1700""}"
KXETH15M-26APR272015-15,0490cdff-0bd4-6a9a-461b-5092a37e989c,1777334777,0.15,10.94,no,"{""count_fp"":""10.94"",""created_time"":""2026-04-28T00:06:17.698887Z"",""no_price_dollars"":""0.8500"",""taker_side"":""no"",""ticker"":""KXETH15M-26APR272015-15"",""trade_id"":""0490cdff-0bd4-6a9a-461b-5092a37e989c"",""yes_price_dollars"":""0.1500""}"
KXETH15M-26APR272015-15,a2b81042-5a50-65d3-0a5a-8bf560afa308,1777334777,0.19,1.18,yes,"{""count_fp"":""1.18"",""created_time"":""2026-04-28T00:06:17.485695Z"",""no_price_dollars"":""0.8100"",""taker_side"":""yes"",""ticker"":""KXETH15M-26APR272015-15"",""trade_id"":""a2b81042-5a50-65d3-0a5a-8bf560afa308"",""yes_price_dollars"":""0.1900""}"
KXETH15M-26APR272015-15,84202c1e-9f68-5ce7-3c6e-bb988cfd74dc,1777334779,0.17,27.79,yes,"{""count_fp"":""27.79"",""created_time"":""2026-04-28T00:06:19.973893Z"",""no_price_dollars"":""0.8300"",""taker_side"":""yes"",""ticker"":""KXETH15M-26APR272015-15"",""trade_id"":""84202c1e-9f68-5ce7-3c6e-bb988cfd74dc"",""yes_price_dollars"":""0.1700""}"
KXETH15M-26APR272015-15,4613cfa8-4e3c-708f-312a-6d90c921cff8,1777334780,0.17,2.62,yes,"{""count_fp"":""2.62"",""created_time"":""2026-04-28T00:06:20.987175Z"",""no_price_dollars"":""0.8300"",""taker_side"":""yes"",""ticker"":""KXETH15M-26APR272015-15"",""trade_id"":""4613cfa8-4e3c-708f-312a-6d90c921cff8"",""yes_price_dollars"":""0.1700""}"
KXETH15M-26APR272015-15,d3f3c4f5-b9df-565a-43d1-8e6be068830d,1777334783,0.17,0.94,no,"{""count_fp"":""0.94"",""created_time"":""2026-04-28T00:06:23.595907Z"",""no_price_dollars"":""0.8300"",""taker_side"":""no"",""ticker"":""KXETH15M-26APR272015-15"",""trade_id"":""d3f3c4f5-b9df-565a-43d1-8e6be068830d"",""yes_price_dollars"":""0.1700""}"
KXETH15M-26APR272015-15,807b6475-9657-5290-6808-5e25077ac8c3,1777334783,0.17,10.0,no,"{""count_fp"":""10.00"",""created_time"":""2026-04-28T00:06:23.595907Z"",""no_price_dollars"":""0.8300"",""taker_side"":""no"",""ticker"":""KXETH15M-26APR272015-15"",""trade_id"":""807b6475-9657-5290-6808-5e25077ac8c3"",""yes_price_dollars"":""0.1700""}"
KXETH15M-26APR272015-15,3e9fc369-06ec-5c56-6dd3-eec8727e55e0,1777334783,0.17,0.06,no,"{""count_fp"":""0.06"",""created_time"":""2026-04-28T00:06:23.595907Z"",""no_price_dollars"":""0.8300"",""taker_side"":""no"",""ticker"":""KXETH15M-26APR272015-15"",""trade_id"":""3e9fc369-06ec-5c56-6dd3-eec8727e55e0"",""yes_price_dollars"":""0.1700""}"
KXETH15M-26APR272015-15,14dc93ec-6adc-7a5b-85e4-bdc78bcc9d34,1777334788,0.23,19.78,yes,"{""count_fp"":""19.78"",""created_time"":""2026-04-28T00:06:28.120475Z"",""no_price_dollars"":""0.7700"",""taker_side"":""yes"",""ticker"":""KXETH15M-26APR272015-15"",""trade_id"":""14dc93ec-6adc-7a5b-85e4-bdc78bcc9d34"",""yes_price_dollars"":""0.2300""}"
KXETH15M-26APR272015-15,e350e179-7635-50ef-ec41-3c220972f7fd,1777334789,0.23,3.95,yes,"{""count_fp"":""3.95"",""created_time"":""2026-04-28T00:06:29.009134Z"",""no_price_dollars"":""0.7700"",""taker_side"":""yes"",""ticker"":""KXETH15M-26APR272015-15"",""trade_id"":""e350e179-7635-50ef-ec41-3c220972f7fd"",""yes_price_dollars"":""0.2300""}"
KXETH15M-26APR272015-15,d49c6f12-d76d-6dd7-f982-64afd102f6dd,1777334796,0.19,21.0,yes,"{""count_fp"":""21.00"",""created_time"":""2026-04-28T00:06:36.252955Z"",""no_price_dollars"":""0.8100"",""taker_side"":""yes"",""ticker"":""KXETH15M-26APR272015-15"",""trade_id"":""d49c6f12-d76d-6dd7-f982-64afd102f6dd"",""yes_price_dollars"":""0.1900""}"
KXETH15M-26APR272015-15,41a23725-2a55-596f-f191-9ad45df16919,1777334796,0.19,79.0,yes,"{""count_fp"":""79.00"",""created_time"":""2026-04-28T00:06:36.121538Z"",""no_price_dollars"":""0.8100"",""taker_side"":""yes"",""ticker"":""KXETH15M-26APR272015-15"",""trade_id"":""41a23725-2a55-596f-f191-9ad45df16919"",""yes_price_dollars"":""0.1900""}"
KXETH15M-26APR272015-15,e335be32-1ad1-5409-9ecf-9ea350d59833,1777334802,0.28,34.58,yes,"{""count_fp"":""34.58"",""created_time"":""2026-04-28T00:06:42.714589Z"",""no_price_dollars"":""0.7200"",""taker_side"":""yes"",""ticker"":""KXETH15M-26APR272015-15"",""trade_id"":""e335be32-1ad1-5409-9ecf-9ea350d59833"",""yes_price_dollars"":""0.2800""}"
KXETH15M-26APR272015-15,7853ec0b-ff07-56b1-8443-a2069714483c,1777334802,0.28,10.0,yes,"{""count_fp"":""10.00"",""created_time"":""2026-04-28T00:06:42.714589Z"",""no_price_dollars"":""0.7200"",""taker_side"":""yes"",""ticker"":""KXETH15M-26APR272015-15"",""trade_id"":""7853ec0b-ff07-56b1-8443-a2069714483c"",""yes_price_dollars"":""0.2800""}"
KXETH15M-26APR272015-15,6c583e7c-e557-59b2-847e-e0d3665d4600,1777334802,0.28,5.0,yes,"{""count_fp"":""5.00"",""created_time"":""2026-04-28T00:06:42.714589Z"",""no_price_dollars"":""0.7200"",""taker_side"":""yes"",""ticker"":""KXETH15M-26APR272015-15"",""trade_id"":""6c583e7c-e557-59b2-847e-e0d3665d4600"",""yes_price_dollars"":""0.2800""}"
KXETH15M-26APR272015-15,de7ce663-a8cf-4987-ff50-dc3b183eb54c,1777334804,0.23,6.39,no,"{""count_fp"":""6.39"",""created_time"":""2026-04-28T00:06:44.263788Z"",""no_price_dollars"":""0.7700"",""taker_side"":""no"",""ticker"":""KXETH15M-26APR272015-15"",""trade_id"":""de7ce663-a8cf-4987-ff50-dc3b183eb54c"",""yes_price_dollars"":""0.2300""}"
KXETH15M-26APR272015-15,3b8e3da6-043f-5833-2185-050c65773f0f,1777334808,0.2,21.55,yes,"{""count_fp"":""21.55"",""created_time"":""2026-04-28T00:06:48.630678Z"",""no_price_dollars"":""0.8000"",""taker_side"":""yes"",""ticker"":""KXETH15M-26APR272015-15"",""trade_id"":""3b8e3da6-043f-5833-2185-050c65773f0f"",""yes_price_dollars"":""0.2000""}"
KXETH15M-26APR272015-15,da02263f-2e85-58c1-e1a2-7b863a19f1c7,1777334808,0.2,76.0,yes,"{""count_fp"":""76.00"",""created_time"":""2026-04-28T00:06:48.104042Z"",""no_price_dollars"":""0.8000"",""taker_side"":""yes"",""ticker"":""KXETH15M-26APR272015-15"",""trade_id"":""da02263f-2e85-58c1-e1a2-7b863a19f1c7"",""yes_price_dollars"":""0.2000""}"
KXETH15M-26APR272015-15,146bcd88-7d33-709b-eaba-a478925a2e2b,1777334814,0.23,20.62,yes,"{""count_fp"":""20.62"",""created_time"":""2026-04-28T00:06:54.541867Z"",""no_price_dollars"":""0.7700"",""taker_side"":""yes"",""ticker"":""KXETH15M-26APR272015-15"",""trade_id"":""146bcd88-7d33-709b-eaba-a478925a2e2b"",""yes_price_dollars"":""0.2300""}"
KXETH15M-26APR272015-15,770b0a4b-c75d-6dc0-35b6-c5110614bd3a,1777334814,0.21,0.99,no,"{""count_fp"":""0.99"",""created_time"":""2026-04-28T00:06:54.052459Z"",""no_price_dollars"":""0.7900"",""taker_side"":""no"",""ticker"":""KXETH15M-26APR272015-15"",""trade_id"":""770b0a4b-c75d-6dc0-35b6-c5110614bd3a"",""yes_price_dollars"":""0.2100""}"
KXETH15M-26APR272015-15,81371721-3faf-6f3b-d0da-a1a81fdde81f,1777334820,0.22,4.12,yes,"{""count_fp"":""4.12"",""created_time"":""2026-04-28T00:07:00.930518Z"",""no_price_dollars"":""0.7800"",""taker_side"":""yes"",""ticker"":""KXETH15M-26APR272015-15"",""trade_id"":""81371721-3faf-6f3b-d0da-a1a81fdde81f"",""yes_price_dollars"":""0.2200""}"
KXETH15M-26APR272015-15,c4fad968-f947-5bac-ca69-23be477693dc,1777334820,0.21,10.0,no,"{""count_fp"":""10.00"",""created_time"":""2026-04-28T00:07:00.665291Z"",""no_price_dollars"":""0.7900"",""taker_side"":""no"",""ticker"":""KXETH15M-26APR272015-15"",""trade_id"":""c4fad968-f947-5bac-ca69-23be477693dc"",""yes_price_dollars"":""0.2100""}"
KXETH15M-26APR272015-15,3e96783b-1aa2-5135-dd65-d34e2ea5b5b1,1777334820,0.2,2.0,no,"{""count_fp"":""2.00"",""created_time"":""2026-04-28T00:07:00.665291Z"",""no_price_dollars"":""0.8000"",""taker_side"":""no"",""ticker"":""KXETH15M-26APR272015-15"",""trade_id"":""3e96783b-1aa2-5135-dd65-d34e2ea5b5b1"",""yes_price_dollars"":""0.2000""}"
KXETH15M-26APR272015-15,748b1a66-b623-5333-cc17-f2dee8c753bf,1777334821,0.22,2.06,yes,"{""count_fp"":""2.06"",""created_time"":""2026-04-28T00:07:01.880457Z"",""no_price_dollars"":""0.7800"",""taker_side"":""yes"",""ticker"":""KXETH15M-26APR272015-15"",""trade_id"":""748b1a66-b623-5333-cc17-f2dee8c753bf"",""yes_price_dollars"":""0.2200""}"
KXETH15M-26APR272015-15,fa8ef620-146e-7ea5-8dda-a049298f1f85,1777334821,0.19,6.01,no,"{""count_fp"":""6.01"",""created_time"":""2026-04-28T00:07:01.628397Z"",""no_price_dollars"":""0.8100"",""taker_side"":""no"",""ticker"":""KXETH15M-26APR272015-15"",""trade_id"":""fa8ef620-146e-7ea5-8dda-a049298f1f85"",""yes_price_dollars"":""0.1900""}"
KXETH15M-26APR272015-15,b5fd4802-f63f-6cd3-18a9-b9e73477192f,1777334822,0.22,27.86,yes,"{""count_fp"":""27.86"",""created_time"":""2026-04-28T00:07:02.195715Z"",""no_price_dollars"":""0.7800"",""taker_side"":""yes"",""ticker"":""KXETH15M-26APR272015-15"",""trade_id"":""b5fd4802-f63f-6cd3-18a9-b9e73477192f"",""yes_price_dollars"":""0.2200""}"
KXETH15M-26APR272015-15,e6d58807-9eef-77da-c547-a5b2050b2735,1777334829,0.21,2.49,no,"{""count_fp"":""2.49"",""created_time"":""2026-04-28T00:07:09.556673Z"",""no_price_dollars"":""0.7900"",""taker_side"":""no"",""ticker"":""KXETH15M-26APR272015-15"",""trade_id"":""e6d58807-9eef-77da-c547-a5b2050b2735"",""yes_price_dollars"":""0.2100""}"
KXETH15M-26APR272015-15,e2e44f88-edbe-4c02-4852-59dff4dc95f2,1777334829,0.21,3.33,no,"{""count_fp"":""3.33"",""created_time"":""2026-04-28T00:07:09.080329Z"",""no_price_dollars"":""0.7900"",""taker_side"":""no"",""ticker"":""KXETH15M-26APR272015-15"",""trade_id"":""e2e44f88-edbe-4c02-4852-59dff4dc95f2"",""yes_price_dollars"":""0.2100""}"
KXETH15M-26APR272015-15,7e9fb1a8-f1bf-4bae-780f-561523752934,1777334829,0.21,4.01,no,"{""count_fp"":""4.01"",""created_time"":""2026-04-28T00:07:09.080329Z"",""no_price_dollars"":""0.7900"",""taker_side"":""no"",""ticker"":""KXETH15M-26APR272015-15"",""trade_id"":""7e9fb1a8-f1bf-4bae-780f-561523752934"",""yes_price_dollars"":""0.2100""}"
KXETH15M-26APR272015-15,c657213f-c1a7-53ea-eddf-e25ee1c89e49,1777334832,0.21,1.0,no,"{""count_fp"":""1.00"",""created_time"":""2026-04-28T00:07:12.101905Z"",""no_price_dollars"":""0.7900"",""taker_side"":""no"",""ticker"":""KXETH15M-26APR272015-15"",""trade_id"":""c657213f-c1a7-53ea-eddf-e25ee1c89e49"",""yes_price_dollars"":""0.2100""}"
KXETH15M-26APR272015-15,98593751-c1eb-48a9-b6c7-a3baca02881a,1777334832,0.22,1.0,no,"{""count_fp"":""1.00"",""created_time"":""2026-04-28T00:07:12.018943Z"",""no_price_dollars"":""0.7800"",""taker_side"":""no"",""ticker"":""KXETH15M-26APR272015-15"",""trade_id"":""98593751-c1eb-48a9-b6c7-a3baca02881a"",""yes_price_dollars"":""0.2200""}"
KXETH15M-26APR272015-15,30f808fc-5c4c-5c00-86e1-95895bce8a9c,1777334837,0.3,1.57,yes,"{""count_fp"":""1.57"",""created_time"":""2026-04-28T00:07:17.722743Z"",""no_price_dollars"":""0.7000"",""taker_side"":""yes"",""ticker"":""KXETH15M-26APR272015-15"",""trade_id"":""30f808fc-5c4c-5c00-86e1-95895bce8a9c"",""yes_price_dollars"":""0.3000""}"
KXETH15M-26APR272015-15,133c8ec7-470c-5a94-855a-9e22b41ed10e,1777334837,0.28,5.0,yes,"{""count_fp"":""5.00"",""created_time"":""2026-04-28T00:07:17.722743Z"",""no_price_dollars"":""0.7200"",""taker_side"":""yes"",""ticker"":""KXETH15M-26APR272015-15"",""trade_id"":""133c8ec7-470c-5a94-855a-9e22b41ed10e"",""yes_price_dollars"":""0.2800""}"
KXETH15M-26APR272015-15,e63ca93b-53d4-5708-237b-b1ae8da107f4,1777334838,0.3,1.0,yes,"{""count_fp"":""1.00"",""created_time"":""2026-04-28T00:07:18.159904Z"",""no_price_dollars"":""0.7000"",""taker_side"":""yes"",""ticker"":""KXETH15M-26APR272015-15"",""trade_id"":""e63ca93b-53d4-5708-237b-b1ae8da107f4"",""yes_price_dollars"":""0.3000""}"
KXETH15M-26APR272015-15,79fc3105-0bb1-4f90-55fb-190dfd99ee49,1777334844,0.25,5.0,no,"{""count_fp"":""5.00"",""created_time"":""2026-04-28T00:07:24.195265Z"",""no_price_dollars"":""0.7500"",""taker_side"":""no"",""ticker"":""KXETH15M-26APR272015-15"",""trade_id"":""79fc3105-0bb1-4f90-55fb-190dfd99ee49"",""yes_price_dollars"":""0.2500""}"
KXETH15M-26APR272015-15,39a72575-7640-4e28-7795-0512f0ffa047,1777334844,0.25,1.0,no,"{""count_fp"":""1.00"",""created_time"":""2026-04-28T00:07:24.195265Z"",""no_price_dollars"":""0.7500"",""taker_side"":""no"",""ticker"":""KXETH15M-26APR272015-15"",""trade_id"":""39a72575-7640-4e28-7795-0512f0ffa047"",""yes_price_dollars"":""0.2500""}"
KXETH15M-26APR272015-15,117a7c95-0ff1-7317-b5c7-ccddd8e8329f,1777334847,0.3,1.57,no,"{""count_fp"":""1.57"",""created_time"":""2026-04-28T00:07:27.156523Z"",""no_price_dollars"":""0.7000"",""taker_side"":""no"",""ticker"":""KXETH15M-26APR272015-15"",""trade_id"":""117a7c95-0ff1-7317-b5c7-ccddd8e8329f"",""yes_price_dollars"":""0.3000""}"
KXETH15M-26APR272015-15,fd32e1a8-5c03-4be3-b401-600d17e6ff8c,1777334851,0.29,0.31,yes,"{""count_fp"":""0.31"",""created_time"":""2026-04-28T00:07:31.228707Z"",""no_price_dollars"":""0.7100"",""taker_side"":""yes"",""ticker"":""KXETH15M-26APR272015-15"",""trade_id"":""fd32e1a8-5c03-4be3-b401-600d17e6ff8c"",""yes_price_dollars"":""0.2900""}"
KXETH15M-26APR272015-15,629291f3-c7dd-6b40-ada5-fc348f347b46,1777334856,0.28,10.0,no,"{""count_fp"":""10.00"",""created_time"":""2026-04-28T00:07:36.172868Z"",""no_price_dollars"":""0.7200"",""taker_side"":""no"",""ticker"":""KXETH15M-26APR272015-15"",""trade_id"":""629291f3-c7dd-6b40-ada5-fc348f347b46"",""yes_price_dollars"":""0.2800""}"
KXETH15M-26APR272015-15,027a47a5-1bbc-40ca-a0c4-10899dbf70a7,1777334859,0.23,1.27,no,"{""count_fp"":""1.27"",""created_time"":""2026-04-28T00:07:39.442559Z"",""no_price_dollars"":""0.7700"",""taker_side"":""no"",""ticker"":""KXETH15M-26APR272015-15"",""trade_id"":""027a47a5-1bbc-40ca-a0c4-10899dbf70a7"",""yes_price_dollars"":""0.2300""}"
KXETH15M-26APR272015-15,6d724ecb-0501-480e-508e-276091e5f895,1777334861,0.27,3.52,yes,"{""count_fp"":""3.52"",""created_time"":""2026-04-28T00:07:41.331574Z"",""no_price_dollars"":""0.7300"",""taker_side"":""yes"",""ticker"":""KXETH15M-26APR272015-15"",""trade_id"":""6d724ecb-0501-480e-508e-276091e5f895"",""yes_price_dollars"":""0.2700""}"
KXETH15M-26APR272015-15,0442f079-17ad-7df6-9161-6b4af8b4858d,1777334862,0.27,70.47,yes,"{""count_fp"":""70.47"",""created_time"":""2026-04-28T00:07:42.203321Z"",""no_price_dollars"":""0.7300"",""taker_side"":""yes"",""ticker"":""KXETH15M-26APR272015-15"",""trade_id"":""0442f079-17ad-7df6-9161-6b4af8b4858d"",""yes_price_dollars"":""0.2700""}"
KXETH15M-26APR272015-15,f249100c-5426-701a-cc66-8c35df4b50d7,1777334865,0.27,10.0,no,"{""count_fp"":""10.00"",""created_time"":""2026-04-28T00:07:45.426608Z"",""no_price_dollars"":""0.7300"",""taker_side"":""no"",""ticker"":""KXETH15M-26APR272015-15"",""trade_id"":""f249100c-5426-701a-cc66-8c35df4b50d7"",""yes_price_dollars"":""0.2700""}"
KXETH15M-26APR272015-15,40b90520-3e9a-701b-d134-429efe05bb85,1777334865,0.27,21.95,no,"{""count_fp"":""21.95"",""created_time"":""2026-04-28T00:07:45.426608Z"",""no_price_dollars"":""0.7300"",""taker_side"":""no"",""ticker"":""KXETH15M-26APR272015-15"",""trade_id"":""40b90520-3e9a-701b-d134-429efe05bb85"",""yes_price_dollars"":""0.2700""}"
KXETH15M-26APR272015-15,42113bfe-3a57-64db-d63a-fc850f82cebc,1777334866,0.29,2.69,yes,"{""count_fp"":""2.69"",""created_time"":""2026-04-28T00:07:46.699483Z"",""no_price_dollars"":""0.7100"",""taker_side"":""yes"",""ticker"":""KXETH15M-26APR272015-15"",""trade_id"":""42113bfe-3a57-64db-d63a-fc850f82cebc"",""yes_price_dollars"":""0.2900""}"
KXETH15M-26APR272015-15,a5df417e-00e0-5646-403e-3a204c6c562c,1777334867,0.32,5.0,no,"{""count_fp"":""5.00"",""created_time"":""2026-04-28T00:07:47.814328Z"",""no_price_dollars"":""0.6800"",""taker_side"":""no"",""ticker"":""KXETH15M-26APR272015-15"",""trade_id"":""a5df417e-00e0-5646-403e-3a204c6c562c"",""yes_price_dollars"":""0.3200""}"
KXETH15M-26APR272015-15,8fb257cf-6bd0-5445-69da-894979081340,1777334867,0.34,5.0,no,"{""count_fp"":""5.00"",""created_time"":""2026-04-28T00:07:47.814328Z"",""no_price_dollars"":""0.6600"",""taker_side"":""no"",""ticker"":""KXETH15M-26APR272015-15"",""trade_id"":""8fb257cf-6bd0-5445-69da-894979081340"",""yes_price_dollars"":""0.3400""}"
KXETH15M-26APR272015-15,66063e40-8c8f-5d32-72f5-7856a7be3a59,1777334867,0.31,69.45,no,"{""count_fp"":""69.45"",""created_time"":""2026-04-28T00:07:47.814328Z"",""no_price_dollars"":""0.6900"",""taker_side"":""no"",""ticker"":""KXETH15M-26APR272015-15"",""trade_id"":""66063e40-8c8f-5d32-72f5-7856a7be3a59"",""yes_price_dollars"":""0.3100""}"
KXETH15M-26APR272015-15,648c067b-680a-5ea7-4812-3c18145b679d,1777334867,0.34,100.0,no,"{""count_fp"":""100.00"",""created_time"":""2026-04-28T00:07:47.814328Z"",""no_price_dollars"":""0.6600"",""taker_side"":""no"",""ticker"":""KXETH15M-26APR272015-15"",""trade_id"":""648c067b-680a-5ea7-4812-3c18145b679d"",""yes_price_dollars"":""0.3400""}"
KXETH15M-26APR272015-15,dc56ff11-fe49-4315-efad-de35bfcc5df2,1777334871,0.38,14.78,no,"{""count_fp"":""14.78"",""created_time"":""2026-04-28T00:07:51.218749Z"",""no_price_dollars"":""0.6200"",""taker_side"":""no"",""ticker"":""KXETH15M-26APR272015-15"",""trade_id"":""dc56ff11-fe49-4315-efad-de35bfcc5df2"",""yes_price_dollars"":""0.3800""}"
KXETH15M-26APR272015-15,429c55a0-e820-448f-c3f9-c694ac94c75d,1777334871,0.38,5.0,no,"{""count_fp"":""5.00"",""created_time"":""2026-04-28T00:07:51.218749Z"",""no_price_dollars"":""0.6200"",""taker_side"":""no"",""ticker"":""KXETH15M-26APR272015-15"",""trade_id"":""429c55a0-e820-448f-c3f9-c694ac94c75d"",""yes_price_dollars"":""0.3800""}"
KXETH15M-26APR272015-15,f4afa3ae-ee9f-7386-d073-7e6095b71270,1777334871,0.41,10.0,yes,"{""count_fp"":""10.00"",""created_time"":""2026-04-28T00:07:51.136692Z"",""no_price_dollars"":""0.5900"",""taker_side"":""yes"",""ticker"":""KXETH15M-26APR272015-15"",""trade_id"":""f4afa3ae-ee9f-7386-d073-7e6095b71270"",""yes_price_dollars"":""0.4100""}"
KXETH15M-26APR272015-15,7f814378-ab78-736d-d26b-e696de27e502,1777334871,0.42,10.0,yes,"{""count_fp"":""10.00"",""created_time"":""2026-04-28T00:07:51.136692Z"",""no_price_dollars"":""0.5800"",""taker_side"":""yes"",""ticker"":""KXETH15M-26APR272015-15"",""trade_id"":""7f814378-ab78-736d-d26b-e696de27e502"",""yes_price_dollars"":""0.4200""}"
KXETH15M-26APR272015-15,74091a24-592d-7bc5-e951-3823bb8a3b90,1777334871,0.41,10.0,yes,"{""count_fp"":""10.00"",""created_time"":""2026-04-28T00:07:51.136692Z"",""no_price_dollars"":""0.5900"",""taker_side"":""yes"",""ticker"":""KXETH15M-26APR272015-15"",""trade_id"":""74091a24-592d-7bc5-e951-3823bb8a3b90"",""yes_price_dollars"":""0.4100""}"
KXETH15M-26APR272015-15,0b4da84b-1050-7dd6-de5e-1d9d02c91a4d,1777334871,0.42,70.0,yes,"{""count_fp"":""70.00"",""created_time"":""2026-04-28T00:07:51.136692Z"",""no_price_dollars"":""0.5800"",""taker_side"":""yes"",""ticker"":""KXETH15M-26APR272015-15"",""trade_id"":""0b4da84b-1050-7dd6-de5e-1d9d02c91a4d"",""yes_price_dollars"":""0.4200""}"
KXETH15M-26APR272015-15,13ff6103-a35b-6c72-c80c-f9f5718be40d,1777334871,0.37,1.0,yes,"{""count_fp"":""1.00"",""created_time"":""2026-04-28T00:07:51.128827Z"",""no_price_dollars"":""0.6300"",""taker_side"":""yes"",""ticker"":""KXETH15M-26APR272015-15"",""trade_id"":""13ff6103-a35b-6c72-c80c-f9f5718be40d"",""yes_price_dollars"":""0.3700""}"
KXETH15M-26APR272015-15,614d019b-c108-4a53-71f5-5408bc50ba6e,1777334876,0.44,18.0,yes,"{""count_fp"":""18.00"",""created_time"":""2026-04-28T00:07:56.696888Z"",""no_price_dollars"":""0.5600"",""taker_side"":""yes"",""ticker"":""KXETH15M-26APR272015-15"",""trade_id"":""614d019b-c108-4a53-71f5-5408bc50ba6e"",""yes_price_dollars"":""0.4400""}"
KXETH15M-26APR272015-15,295e6450-f0a3-47bf-4ed1-5425e4d9047b,1777334876,0.44,10.0,yes,"{""count_fp"":""10.00"",""created_time"":""2026-04-28T00:07:56.696888Z"",""no_price_dollars"":""0.5600"",""taker_side"":""yes"",""ticker"":""KXETH15M-26APR272015-15"",""trade_id"":""295e6450-f0a3-47bf-4ed1-5425e4d9047b"",""yes_price_dollars"":""0.4400""}"
KXETH15M-26APR272015-15,29a69382-7f33-71e2-1761-f4b33af31b6d,1777334877,0.43,8.37,no,"{""count_fp"":""8.37"",""created_time"":""2026-04-28T00:07:57.125379Z"",""no_price_dollars"":""0.5700"",""taker_side"":""no"",""ticker"":""KXETH15M-26APR272015-15"",""trade_id"":""29a69382-7f33-71e2-1761-f4b33af31b6d"",""yes_price_dollars"":""0.4300""}"
KXETH15M-26APR272015-15,a9bc1556-dfeb-6e8a-2d1d-9c4c7bbc300d,1777334878,0.44,13.09,no,"{""count_fp"":""13.09"",""created_time"":""2026-04-28T00:07:58.568014Z"",""no_price_dollars"":""0.5600"",""taker_side"":""no"",""ticker"":""KXETH15M-26APR272015-15"",""trade_id"":""a9bc1556-dfeb-6e8a-2d1d-9c4c7bbc300d"",""yes_price_dollars"":""0.4400""}"
KXETH15M-26APR272015-15,6f9e41c4-89cd-7670-22e9-014f7c2f3d50,1777334881,0.45,15.0,yes,"{""count_fp"":""15.00"",""created_time"":""2026-04-28T00:08:01.086665Z"",""no_price_dollars"":""0.5500"",""taker_side"":""yes"",""ticker"":""KXETH15M-26APR272015-15"",""trade_id"":""6f9e41c4-89cd-7670-22e9-014f7c2f3d50"",""yes_price_dollars"":""0.4500""}"
KXETH15M-26APR272015-15,01b0df1f-c63e-7c47-12e6-65e2b7d3cbc6,1777334881,0.45,1.0,yes,"{""count_fp"":""1.00"",""created_time"":""2026-04-28T00:08:01.086665Z"",""no_price_dollars"":""0.5500"",""taker_side"":""yes"",""ticker"":""KXETH15M-26APR272015-15"",""trade_id"":""01b0df1f-c63e-7c47-12e6-65e2b7d3cbc6"",""yes_price_dollars"":""0.4500""}"
KXETH15M-26APR272015-15,6d920b91-e67d-5a94-b652-ce33cb079688,1777334882,0.45,21.39,yes,"{""count_fp"":""21.39"",""created_time"":""2026-04-28T00:08:02.854356Z"",""no_price_dollars"":""0.5500"",""taker_side"":""yes"",""ticker"":""KXETH15M-26APR272015-15"",""trade_id"":""6d920b91-e67d-5a94-b652-ce33cb079688"",""yes_price_dollars"":""0.4500""}"
KXETH15M-26APR272015-15,a803c94a-95a9-52c4-d205-0c86bcb106a0,1777334882,0.45,1.06,yes,"{""count_fp"":""1.06"",""created_time"":""2026-04-28T00:08:02.733466Z"",""no_price_dollars"":""0.5500"",""taker_side"":""yes"",""ticker"":""KXETH15M-26APR272015-15"",""trade_id"":""a803c94a-95a9-52c4-d205-0c86bcb106a0"",""yes_price_dollars"":""0.4500""}"
KXETH15M-26APR272015-15,a1f45b9a-435b-4ac2-8177-3c2accdcc151,1777334883,0.44,17.32,no,"{""count_fp"":""17.32"",""created_time"":""2026-04-28T00:08:03.884912Z"",""no_price_dollars"":""0.5600"",""taker_side"":""no"",""ticker"":""KXETH15M-26APR272015-15"",""trade_id"":""a1f45b9a-435b-4ac2-8177-3c2accdcc151"",""yes_price_dollars"":""0.4400""}"
KXETH15M-26APR272015-15,d66d1b74-8013-5f22-c42a-17391510cb8d,1777334883,0.44,2.47,no,"{""count_fp"":""2.47"",""created_time"":""2026-04-28T00:08:03.057679Z"",""no_price_dollars"":""0.5600"",""taker_side"":""no"",""ticker"":""KXETH15M-26APR272015-15"",""trade_id"":""d66d1b74-8013-5f22-c42a-17391510cb8d"",""yes_price_dollars"":""0.4400""}"
KXETH15M-26APR272015-15,a8c17b06-4fe7-6683-b5d4-7a2da1283582,1777334885,0.44,3.0,no,"{""count_fp"":""3.00"",""created_time"":""2026-04-28T00:08:05.858696Z"",""no_price_dollars"":""0.5600"",""taker_side"":""no"",""ticker"":""KXETH15M-26APR272015-15"",""trade_id"":""a8c17b06-4fe7-6683-b5d4-7a2da1283582"",""yes_price_dollars"":""0.4400""}"
KXETH15M-26APR272015-15,f7ad5d9b-d0b5-59b9-0902-cf20dfc25eba,1777334886,0.5,10.53,yes,"{""count_fp"":""10.53"",""created_time"":""2026-04-28T00:08:06.975337Z"",""no_price_dollars"":""0.5000"",""taker_side"":""yes"",""ticker"":""KXETH15M-26APR272015-15"",""trade_id"":""f7ad5d9b-d0b5-59b9-0902-cf20dfc25eba"",""yes_price_dollars"":""0.5000""}"
KXETH15M-26APR272015-15,f091705b-95db-5707-0b79-262d7676f36b,1777334886,0.5,1.0,yes,"{""count_fp"":""1.00"",""created_time"":""2026-04-28T00:08:06.975337Z"",""no_price_dollars"":""0.5000"",""taker_side"":""yes"",""ticker"":""KXETH15M-26APR272015-15"",""trade_id"":""f091705b-95db-5707-0b79-262d7676f36b"",""yes_price_dollars"":""0.5000""}"
KXETH15M-26APR272015-15,b994bca1-9d33-5d97-1c5b-c992d0a5086d,1777334886,0.5,0.29,yes,"{""count_fp"":""0.29"",""created_time"":""2026-04-28T00:08:06.975337Z"",""no_price_dollars"":""0.5000"",""taker_side"":""yes"",""ticker"":""KXETH15M-26APR272015-15"",""trade_id"":""b994bca1-9d33-5d97-1c5b-c992d0a5086d"",""yes_price_dollars"":""0.5000""}"
KXETH15M-26APR272015-15,22f8cbe5-ee08-5057-0d1a-d37bce293845,1777334886,0.49,0.18,yes,"{""count_fp"":""0.18"",""created_time"":""2026-04-28T00:08:06.975337Z"",""no_price_dollars"":""0.5100"",""taker_side"":""yes"",""ticker"":""KXETH15M-26APR272015-15"",""trade_id"":""22f8cbe5-ee08-5057-0d1a-d37bce293845"",""yes_price_dollars"":""0.4900""}"
KXETH15M-26APR272015-15,10c2b93b-4884-6d53-8469-df895752fe19,1777334886,0.49,10.0,yes,"{""count_fp"":""10.00"",""created_time"":""2026-04-28T00:08:06.806672Z"",""no_price_dollars"":""0.5100"",""taker_side"":""yes"",""ticker"":""KXETH15M-26APR272015-15"",""trade_id"":""10c2b93b-4884-6d53-8469-df895752fe19"",""yes_price_dollars"":""0.4900""}"
KXETH15M-26APR272015-15,8c038629-5cd5-4b4c-c2fb-18422c9c8718,1777334886,0.45,24.76,yes,"{""count_fp"":""24.76"",""created_time"":""2026-04-28T00:08:06.582582Z"",""no_price_dollars"":""0.5500"",""taker_side"":""yes"",""ticker"":""KXETH15M-26APR272015-15"",""trade_id"":""8c038629-5cd5-4b4c-c2fb-18422c9c8718"",""yes_price_dollars"":""0.4500""}"
KXETH15M-26APR272015-15,4259c602-1679-6284-80dc-81b0b62faf78,1777334886,0.45,42.79,yes,"{""count_fp"":""42.79"",""created_time"":""2026-04-28T00:08:06.165181Z"",""no_price_dollars"":""0.5500"",""taker_side"":""yes"",""ticker"":""KXETH15M-26APR272015-15"",""trade_id"":""4259c602-1679-6284-80dc-81b0b62faf78"",""yes_price_dollars"":""0.4500""}"
KXETH15M-26APR272015-15,e1d9e1d8-afdb-6983-dcd7-77afe15ba2d5,1777334887,0.5,0.71,yes,"{""count_fp"":""0.71"",""created_time"":""2026-04-28T00:08:07.170002Z"",""no_price_dollars"":""0.5000"",""taker_side"":""yes"",""ticker"":""KXETH15M-26APR272015-15"",""trade_id"":""e1d9e1d8-afdb-6983-dcd7-77afe15ba2d5"",""yes_price_dollars"":""0.5000""}"
KXETH15M-26APR272015-15,d930c04f-dc79-6514-f762-1e20a5d7b727,1777334887,0.5,8.0,yes,"{""count_fp"":""8.00"",""created_time"":""2026-04-28T00:08:07.170002Z"",""no_price_dollars"":""0.5000"",""taker_side"":""yes"",""ticker"":""KXETH15M-26APR272015-15"",""trade_id"":""d930c04f-dc79-6514-f762-1e20a5d7b727"",""yes_price_dollars"":""0.5000""}"
KXETH15M-26APR272015-15,10a830d9-2eea-63cf-d1ca-55b68362fcc9,1777334887,0.51,19.84,yes,"{""count_fp"":""19.84"",""created_time"":""2026-04-28T00:08:07.170002Z"",""no_price_dollars"":""0.4900"",""taker_side"":""yes"",""ticker"":""KXETH15M-26APR272015-15"",""trade_id"":""10a830d9-2eea-63cf-d1ca-55b68362fcc9"",""yes_price_dollars"":""0.5100""}"
KXETH15M-26APR272015-15,755eeb9a-997f-58f9-025e-55567f3fa509,1777334888,0.49,10.0,no,"{""count_fp"":""10.00"",""created_time"":""2026-04-28T00:08:08.679031Z"",""no_price_dollars"":""0.5100"",""taker_side"":""no"",""ticker"":""KXETH15M-26APR272015-15"",""trade_id"":""755eeb9a-997f-58f9-025e-55567f3fa509"",""yes_price_dollars"":""0.4900""}"
KXETH15M-26APR272015-15,3669910f-6579-5e2d-3eaa-cf5e1c2c74d6,1777334888,0.49,9.0,no,"{""count_fp"":""9.00"",""created_time"":""2026-04-28T00:08:08.679031Z"",""no_price_dollars"":""0.5100"",""taker_side"":""no"",""ticker"":""KXETH15M-26APR272015-15"",""trade_id"":""3669910f-6579-5e2d-3eaa-cf5e1c2c74d6"",""yes_price_dollars"":""0.4900""}"
KXETH15M-26APR272015-15,52b0e5c7-d89e-49e7-19bc-71038c5bb265,1777334888,0.51,2.0,yes,"{""count_fp"":""2.00"",""created_time"":""2026-04-28T00:08:08.030183Z"",""no_price_dollars"":""0.4900"",""taker_side"":""yes"",""ticker"":""KXETH15M-26APR272015-15"",""trade_id"":""52b0e5c7-d89e-49e7-19bc-71038c5bb265"",""yes_price_dollars"":""0.5100""}"
KXETH15M-26APR272015-15,55aa59a1-f4ae-53d7-b424-8a90cfea3701,1777334891,0.51,0.24,yes,"{""count_fp"":""0.24"",""created_time"":""2026-04-28T00:08:11.782492Z"",""no_price_dollars"":""0.4900"",""taker_side"":""yes"",""ticker"":""KXETH15M-26APR272015-15"",""trade_id"":""55aa59a1-f4ae-53d7-b424-8a90cfea3701"",""yes_price_dollars"":""0.5100""}"
KXETH15M-26APR272015-15,fa538bbe-0136-5cdb-44c4-7b5e5c468d70,1777334892,0.53,30.0,yes,"{""count_fp"":""30.00"",""created_time"":""2026-04-28T00:08:12.792053Z"",""no_price_dollars"":""0.4700"",""taker_side"":""yes"",""ticker"":""KXETH15M-26APR272015-15"",""trade_id"":""fa538bbe-0136-5cdb-44c4-7b5e5c468d70"",""yes_price_dollars"":""0.5300""}"
KXETH15M-26APR272015-15,e837c449-005c-620d-d399-48a354dc05fc,1777334892,0.52,0.16,yes,"{""count_fp"":""0.16"",""created_time"":""2026-04-28T00:08:12.703161Z"",""no_price_dollars"":""0.4800"",""taker_side"":""yes"",""ticker"":""KXETH15M-26APR272015-15"",""trade_id"":""e837c449-005c-620d-d399-48a354dc05fc"",""yes_price_dollars"":""0.5200""}"
KXETH15M-26APR272015-15,a49211ca-2210-78ed-4796-b193245a50e4,1777334892,0.52,9.0,yes,"{""count_fp"":""9.00"",""created_time"":""2026-04-28T00:08:12.692379Z"",""no_price_dollars"":""0.4800"",""taker_side"":""yes"",""ticker"":""KXETH15M-26APR272015-15"",""trade_id"":""a49211ca-2210-78ed-4796-b193245a50e4"",""yes_price_dollars"":""0.5200""}"
KXETH15M-26APR272015-15,f32f8f55-e572-6b47-f2ac-106f5ce82df1,1777334892,0.51,7.92,yes,"{""count_fp"":""7.92"",""created_time"":""2026-04-28T00:08:12.605615Z"",""no_price_dollars"":""0.4900"",""taker_side"":""yes"",""ticker"":""KXETH15M-26APR272015-15"",""trade_id"":""f32f8f55-e572-6b47-f2ac-106f5ce82df1"",""yes_price_dollars"":""0.5100""}"
KXETH15M-26APR272015-15,df64486d-e364-6bd9-c050-c9eb77d462bc,1777334892,0.52,20.84,yes,"{""count_fp"":""20.84"",""created_time"":""2026-04-28T00:08:12.605615Z"",""no_price_dollars"":""0.4800"",""taker_side"":""yes"",""ticker"":""KXETH15M-26APR272015-15"",""trade_id"":""df64486d-e364-6bd9-c050-c9eb77d462bc"",""yes_price_dollars"":""0.5200""}"
KXETH15M-26APR272015-15,ee96ba3a-86fd-4b36-c90f-c6786ff27e55,1777334894,0.53,10.0,no,"{""count_fp"":""10.00"",""created_time"":""2026-04-28T00:08:14.093819Z"",""no_price_dollars"":""0.4700"",""taker_side"":""no"",""ticker"":""KXETH15M-26APR272015-15"",""trade_id"":""ee96ba3a-86fd-4b36-c90f-c6786ff27e55"",""yes_price_dollars"":""0.5300""}"
KXETH15M-26APR272015-15,a613b962-7fed-42ad-d1fb-fa58828f0c8e,1777334894,0.53,100.0,no,"{""count_fp"":""100.00"",""created_time"":""2026-04-28T00:08:14.093819Z"",""no_price_dollars"":""0.4700"",""taker_side"":""no"",""ticker"":""KXETH15M-26APR272015-15"",""trade_id"":""a613b962-7fed-42ad-d1fb-fa58828f0c8e"",""yes_price_dollars"":""0.5300""}"
KXETH15M-26APR272015-15,2c285d26-6a09-650e-14c8-02c7b826867d,1777334896,0.49,1.0,no,"{""count_fp"":""1.00"",""created_time"":""2026-04-28T00:08:16.714236Z"",""no_price_dollars"":""0.5100"",""taker_side"":""no"",""ticker"":""KXETH15M-26APR272015-15"",""trade_id"":""2c285d26-6a09-650e-14c8-02c7b826867d"",""yes_price_dollars"":""0.4900""}"
KXETH15M-26APR272015-15,bb46d80e-8d30-6d8a-37f3-2e6ba65996e2,1777334896,0.54,19.0,yes,"{""count_fp"":""19.00"",""created_time"":""2026-04-28T00:08:16.340125Z"",""no_price_dollars"":""0.4600"",""taker_side"":""yes"",""ticker"":""KXETH15M-26APR272015-15"",""trade_id"":""bb46d80e-8d30-6d8a-37f3-2e6ba65996e2"",""yes_price_dollars"":""0.5400""}"
KXETH15M-26APR272015-15,9555ba9b-d396-7996-0934-b222175436ef,1777334897,0.53,3.58,yes,"{""count_fp"":""3.58"",""created_time"":""2026-04-28T00:08:17.624061Z"",""no_price_dollars"":""0.4700"",""taker_side"":""yes"",""ticker"":""KXETH15M-26APR272015-15"",""trade_id"":""9555ba9b-d396-7996-0934-b222175436ef"",""yes_price_dollars"":""0.5300""}"
KXETH15M-26APR272015-15,bd52be42-1ef2-7a0e-288a-5c9a99a792e3,1777334898,0.52,1.0,yes,"{""count_fp"":""1.00"",""created_time"":""2026-04-28T00:08:18.658821Z"",""no_price_dollars"":""0.4800"",""taker_side"":""yes"",""ticker"":""KXETH15M-26APR272015-15"",""trade_id"":""bd52be42-1ef2-7a0e-288a-5c9a99a792e3"",""yes_price_dollars"":""0.5200""}"
KXETH15M-26APR272015-15,34dfd5c3-edfa-7352-edb6-5692c352e2cf,1777334899,0.52,37.21,yes,"{""count_fp"":""37.21"",""created_time"":""2026-04-28T00:08:19.913091Z"",""no_price_dollars"":""0.4800"",""taker_side"":""yes"",""ticker"":""KXETH15M-26APR272015-15"",""trade_id"":""34dfd5c3-edfa-7352-edb6-5692c352e2cf"",""yes_price_dollars"":""0.5200""}"
