ticker,trade_id,ts,yes_price,count,taker_side,raw_json
KXETH15M-26APR272330-30,b15e4432-d877-5932-a157-caf2f5c7f161,1777346126,0.5,9.66,no,"{""count_fp"":""9.66"",""created_time"":""2026-04-28T03:15:26.702123Z"",""no_price_dollars"":""0.5000"",""taker_side"":""no"",""ticker"":""KXETH15M-26APR272330-30"",""trade_id"":""b15e4432-d877-5932-a157-caf2f5c7f161"",""yes_price_dollars"":""0.5000""}"
KXETH15M-26APR272330-30,73d91ed5-1fef-482e-fcc7-232c6e62ee1d,1777346135,0.5,1.0,no,"{""count_fp"":""1.00"",""created_time"":""2026-04-28T03:15:35.196126Z"",""no_price_dollars"":""0.5000"",""taker_side"":""no"",""ticker"":""KXETH15M-26APR272330-30"",""trade_id"":""73d91ed5-1fef-482e-fcc7-232c6e62ee1d"",""yes_price_dollars"":""0.5000""}"
KXETH15M-26APR272330-30,be5eeb72-434d-750f-c641-9194c3758640,1777346137,0.5,7.32,no,"{""count_fp"":""7.32"",""created_time"":""2026-04-28T03:15:37.312132Z"",""no_price_dollars"":""0.5000"",""taker_side"":""no"",""ticker"":""KXETH15M-26APR272330-30"",""trade_id"":""be5eeb72-434d-750f-c641-9194c3758640"",""yes_price_dollars"":""0.5000""}"
KXETH15M-26APR272330-30,9ff3968c-2b8d-7b81-e491-1a2eab2e907a,1777346137,0.5,2.0,no,"{""count_fp"":""2.00"",""created_time"":""2026-04-28T03:15:37.312132Z"",""no_price_dollars"":""0.5000"",""taker_side"":""no"",""ticker"":""KXETH15M-26APR272330-30"",""trade_id"":""9ff3968c-2b8d-7b81-e491-1a2eab2e907a"",""yes_price_dollars"":""0.5000""}"
KXETH15M-26APR272330-30,9e8c24e1-7c30-719f-f7c0-6c4dd82bd3ed,1777346137,0.51,10.0,no,"{""count_fp"":""10.00"",""created_time"":""2026-04-28T03:15:37.312132Z"",""no_price_dollars"":""0.4900"",""taker_side"":""no"",""ticker"":""KXETH15M-26APR272330-30"",""trade_id"":""9e8c24e1-7c30-719f-f7c0-6c4dd82bd3ed"",""yes_price_dollars"":""0.5100""}"
KXETH15M-26APR272330-30,f3fcfcb4-5daa-5ec7-7541-78e987cce2e4,1777346137,0.53,1.0,yes,"{""count_fp"":""1.00"",""created_time"":""2026-04-28T03:15:37.035325Z"",""no_price_dollars"":""0.4700"",""taker_side"":""yes"",""ticker"":""KXETH15M-26APR272330-30"",""trade_id"":""f3fcfcb4-5daa-5ec7-7541-78e987cce2e4"",""yes_price_dollars"":""0.5300""}"
KXETH15M-26APR272330-30,e714a5f8-beb7-5120-5b68-b0e9805cd4bb,1777346137,0.56,100.0,yes,"{""count_fp"":""100.00"",""created_time"":""2026-04-28T03:15:37.035325Z"",""no_price_dollars"":""0.4400"",""taker_side"":""yes"",""ticker"":""KXETH15M-26APR272330-30"",""trade_id"":""e714a5f8-beb7-5120-5b68-b0e9805cd4bb"",""yes_price_dollars"":""0.5600""}"
KXETH15M-26APR272330-30,e0ec7d1c-1e68-5031-5611-d559fdb310bc,1777346137,0.56,10.0,yes,"{""count_fp"":""10.00"",""created_time"":""2026-04-28T03:15:37.035325Z"",""no_price_dollars"":""0.4400"",""taker_side"":""yes"",""ticker"":""KXETH15M-26APR272330-30"",""trade_id"":""e0ec7d1c-1e68-5031-5611-d559fdb310bc"",""yes_price_dollars"":""0.5600""}"
KXETH15M-26APR272330-30,d77b683d-eadc-50ff-dee5-abd9f253dff5,1777346140,0.57,100.0,yes,"{""count_fp"":""100.00"",""created_time"":""2026-04-28T03:15:40.631059Z"",""no_price_dollars"":""0.4300"",""taker_side"":""yes"",""ticker"":""KXETH15M-26APR272330-30"",""trade_id"":""d77b683d-eadc-50ff-dee5-abd9f253dff5"",""yes_price_dollars"":""0.5700""}"
KXETH15M-26APR272330-30,b6f6b955-064f-502b-fade-fe2bca983c84,1777346140,0.55,1.0,yes,"{""count_fp"":""1.00"",""created_time"":""2026-04-28T03:15:40.631059Z"",""no_price_dollars"":""0.4500"",""taker_side"":""yes"",""ticker"":""KXETH15M-26APR272330-30"",""trade_id"":""b6f6b955-064f-502b-fade-fe2bca983c84"",""yes_price_dollars"":""0.5500""}"
KXETH15M-26APR272330-30,03612b8b-ed02-542c-ec3a-75778a4ba8eb,1777346140,0.57,10.0,yes,"{""count_fp"":""10.00"",""created_time"":""2026-04-28T03:15:40.631059Z"",""no_price_dollars"":""0.4300"",""taker_side"":""yes"",""ticker"":""KXETH15M-26APR272330-30"",""trade_id"":""03612b8b-ed02-542c-ec3a-75778a4ba8eb"",""yes_price_dollars"":""0.5700""}"
KXETH15M-26APR272330-30,1b6f5b41-5429-4fdd-c668-ff2860ff83af,1777346140,0.52,0.39,no,"{""count_fp"":""0.39"",""created_time"":""2026-04-28T03:15:40.398426Z"",""no_price_dollars"":""0.4800"",""taker_side"":""no"",""ticker"":""KXETH15M-26APR272330-30"",""trade_id"":""1b6f5b41-5429-4fdd-c668-ff2860ff83af"",""yes_price_dollars"":""0.5200""}"
KXETH15M-26APR272330-30,e02d5d1c-9b12-6d47-b93d-e7bb0ce58849,1777346140,0.52,1.0,yes,"{""count_fp"":""1.00"",""created_time"":""2026-04-28T03:15:40.018393Z"",""no_price_dollars"":""0.4800"",""taker_side"":""yes"",""ticker"":""KXETH15M-26APR272330-30"",""trade_id"":""e02d5d1c-9b12-6d47-b93d-e7bb0ce58849"",""yes_price_dollars"":""0.5200""}"
KXETH15M-26APR272330-30,e187e323-a878-5fe6-6bc8-e65e8e063b58,1777346141,0.6,38.0,yes,"{""count_fp"":""38.00"",""created_time"":""2026-04-28T03:15:41.123312Z"",""no_price_dollars"":""0.4000"",""taker_side"":""yes"",""ticker"":""KXETH15M-26APR272330-30"",""trade_id"":""e187e323-a878-5fe6-6bc8-e65e8e063b58"",""yes_price_dollars"":""0.6000""}"
KXETH15M-26APR272330-30,6a5accc5-cb4b-5fd1-5b3e-3fa47edb7454,1777346141,0.59,1.0,yes,"{""count_fp"":""1.00"",""created_time"":""2026-04-28T03:15:41.123312Z"",""no_price_dollars"":""0.4100"",""taker_side"":""yes"",""ticker"":""KXETH15M-26APR272330-30"",""trade_id"":""6a5accc5-cb4b-5fd1-5b3e-3fa47edb7454"",""yes_price_dollars"":""0.5900""}"
KXETH15M-26APR272330-30,f63cc745-6356-639d-051b-364f21279057,1777346142,0.62,1.0,yes,"{""count_fp"":""1.00"",""created_time"":""2026-04-28T03:15:42.923639Z"",""no_price_dollars"":""0.3800"",""taker_side"":""yes"",""ticker"":""KXETH15M-26APR272330-30"",""trade_id"":""f63cc745-6356-639d-051b-364f21279057"",""yes_price_dollars"":""0.6200""}"
KXETH15M-26APR272330-30,b1f785cb-d7b0-5577-9818-fa92e96826e4,1777346143,0.62,1.0,yes,"{""count_fp"":""1.00"",""created_time"":""2026-04-28T03:15:43.685646Z"",""no_price_dollars"":""0.3800"",""taker_side"":""yes"",""ticker"":""KXETH15M-26APR272330-30"",""trade_id"":""b1f785cb-d7b0-5577-9818-fa92e96826e4"",""yes_price_dollars"":""0.6200""}"
KXETH15M-26APR272330-30,f7901c5c-d98c-7fee-33d7-4aa8cf4b20c0,1777346144,0.64,0.38,yes,"{""count_fp"":""0.38"",""created_time"":""2026-04-28T03:15:44.878477Z"",""no_price_dollars"":""0.3600"",""taker_side"":""yes"",""ticker"":""KXETH15M-26APR272330-30"",""trade_id"":""f7901c5c-d98c-7fee-33d7-4aa8cf4b20c0"",""yes_price_dollars"":""0.6400""}"
KXETH15M-26APR272330-30,8a05dbf3-8a4f-45c9-2a4f-7e89ba069a7d,1777346144,0.63,100.0,yes,"{""count_fp"":""100.00"",""created_time"":""2026-04-28T03:15:44.864304Z"",""no_price_dollars"":""0.3700"",""taker_side"":""yes"",""ticker"":""KXETH15M-26APR272330-30"",""trade_id"":""8a05dbf3-8a4f-45c9-2a4f-7e89ba069a7d"",""yes_price_dollars"":""0.6300""}"
KXETH15M-26APR272330-30,7245920a-1b3f-4975-2fa7-a723319d9f0b,1777346144,0.63,10.0,yes,"{""count_fp"":""10.00"",""created_time"":""2026-04-28T03:15:44.864304Z"",""no_price_dollars"":""0.3700"",""taker_side"":""yes"",""ticker"":""KXETH15M-26APR272330-30"",""trade_id"":""7245920a-1b3f-4975-2fa7-a723319d9f0b"",""yes_price_dollars"":""0.6300""}"
KXETH15M-26APR272330-30,6f4ff37e-0753-6ece-b32c-7110237373e2,1777346144,0.62,1.0,yes,"{""count_fp"":""1.00"",""created_time"":""2026-04-28T03:15:44.775527Z"",""no_price_dollars"":""0.3800"",""taker_side"":""yes"",""ticker"":""KXETH15M-26APR272330-30"",""trade_id"":""6f4ff37e-0753-6ece-b32c-7110237373e2"",""yes_price_dollars"":""0.6200""}"
KXETH15M-26APR272330-30,037dca9c-81da-69d3-c7b4-72429c387e7d,1777346148,0.66,1.0,yes,"{""count_fp"":""1.00"",""created_time"":""2026-04-28T03:15:48.163327Z"",""no_price_dollars"":""0.3400"",""taker_side"":""yes"",""ticker"":""KXETH15M-26APR272330-30"",""trade_id"":""037dca9c-81da-69d3-c7b4-72429c387e7d"",""yes_price_dollars"":""0.6600""}"
KXETH15M-26APR272330-30,c86d8772-7493-73ec-75ae-b06feb8e0fef,1777346150,0.66,2.95,yes,"{""count_fp"":""2.95"",""created_time"":""2026-04-28T03:15:50.109618Z"",""no_price_dollars"":""0.3400"",""taker_side"":""yes"",""ticker"":""KXETH15M-26APR272330-30"",""trade_id"":""c86d8772-7493-73ec-75ae-b06feb8e0fef"",""yes_price_dollars"":""0.6600""}"
KXETH15M-26APR272330-30,00221577-212b-5f04-9fa2-6b6c956cfd8b,1777346150,0.66,1.47,yes,"{""count_fp"":""1.47"",""created_time"":""2026-04-28T03:15:50.069808Z"",""no_price_dollars"":""0.3400"",""taker_side"":""yes"",""ticker"":""KXETH15M-26APR272330-30"",""trade_id"":""00221577-212b-5f04-9fa2-6b6c956cfd8b"",""yes_price_dollars"":""0.6600""}"
KXETH15M-26APR272330-30,779cf5e2-3b7c-4fa7-2fa5-dc01330e510f,1777346151,0.65,1.0,no,"{""count_fp"":""1.00"",""created_time"":""2026-04-28T03:15:51.504528Z"",""no_price_dollars"":""0.3500"",""taker_side"":""no"",""ticker"":""KXETH15M-26APR272330-30"",""trade_id"":""779cf5e2-3b7c-4fa7-2fa5-dc01330e510f"",""yes_price_dollars"":""0.6500""}"
KXETH15M-26APR272330-30,42745947-743a-456f-185e-7ae91c306c56,1777346151,0.63,3.23,no,"{""count_fp"":""3.23"",""created_time"":""2026-04-28T03:15:51.504528Z"",""no_price_dollars"":""0.3700"",""taker_side"":""no"",""ticker"":""KXETH15M-26APR272330-30"",""trade_id"":""42745947-743a-456f-185e-7ae91c306c56"",""yes_price_dollars"":""0.6300""}"
KXETH15M-26APR272330-30,0a6b7e57-439b-473b-0273-389542b83aa1,1777346151,0.64,1.0,no,"{""count_fp"":""1.00"",""created_time"":""2026-04-28T03:15:51.504528Z"",""no_price_dollars"":""0.3600"",""taker_side"":""no"",""ticker"":""KXETH15M-26APR272330-30"",""trade_id"":""0a6b7e57-439b-473b-0273-389542b83aa1"",""yes_price_dollars"":""0.6400""}"
KXETH15M-26APR272330-30,019f7130-16be-6687-df6b-557284037c54,1777346154,0.64,30.03,yes,"{""count_fp"":""30.03"",""created_time"":""2026-04-28T03:15:54.855647Z"",""no_price_dollars"":""0.3600"",""taker_side"":""yes"",""ticker"":""KXETH15M-26APR272330-30"",""trade_id"":""019f7130-16be-6687-df6b-557284037c54"",""yes_price_dollars"":""0.6400""}"
KXETH15M-26APR272330-30,ce8fb945-795e-75ec-f7c3-dbee286610d0,1777346156,0.65,5.0,yes,"{""count_fp"":""5.00"",""created_time"":""2026-04-28T03:15:56.551407Z"",""no_price_dollars"":""0.3500"",""taker_side"":""yes"",""ticker"":""KXETH15M-26APR272330-30"",""trade_id"":""ce8fb945-795e-75ec-f7c3-dbee286610d0"",""yes_price_dollars"":""0.6500""}"
KXETH15M-26APR272330-30,26ccb96c-e3e6-63b3-2306-684e43a4dff8,1777346160,0.64,23.0,yes,"{""count_fp"":""23.00"",""created_time"":""2026-04-28T03:16:00.860796Z"",""no_price_dollars"":""0.3600"",""taker_side"":""yes"",""ticker"":""KXETH15M-26APR272330-30"",""trade_id"":""26ccb96c-e3e6-63b3-2306-684e43a4dff8"",""yes_price_dollars"":""0.6400""}"
KXETH15M-26APR272330-30,8059f766-6d9e-7d87-7ac2-7cbd9dca64c2,1777346160,0.63,6.0,no,"{""count_fp"":""6.00"",""created_time"":""2026-04-28T03:16:00.159419Z"",""no_price_dollars"":""0.3700"",""taker_side"":""no"",""ticker"":""KXETH15M-26APR272330-30"",""trade_id"":""8059f766-6d9e-7d87-7ac2-7cbd9dca64c2"",""yes_price_dollars"":""0.6300""}"
KXETH15M-26APR272330-30,b7cf0e46-c649-66b3-3582-5c1989a03846,1777346165,0.63,2.0,no,"{""count_fp"":""2.00"",""created_time"":""2026-04-28T03:16:05.354356Z"",""no_price_dollars"":""0.3700"",""taker_side"":""no"",""ticker"":""KXETH15M-26APR272330-30"",""trade_id"":""b7cf0e46-c649-66b3-3582-5c1989a03846"",""yes_price_dollars"":""0.6300""}"
KXETH15M-26APR272330-30,b50a7da4-fe56-660b-2f4c-ec0dde0cf5ae,1777346165,0.63,15.77,no,"{""count_fp"":""15.77"",""created_time"":""2026-04-28T03:16:05.354356Z"",""no_price_dollars"":""0.3700"",""taker_side"":""no"",""ticker"":""KXETH15M-26APR272330-30"",""trade_id"":""b50a7da4-fe56-660b-2f4c-ec0dde0cf5ae"",""yes_price_dollars"":""0.6300""}"
KXETH15M-26APR272330-30,72ec9ad4-c05d-570a-3b81-9aef28813073,1777346170,0.57,2.0,no,"{""count_fp"":""2.00"",""created_time"":""2026-04-28T03:16:10.893085Z"",""no_price_dollars"":""0.4300"",""taker_side"":""no"",""ticker"":""KXETH15M-26APR272330-30"",""trade_id"":""72ec9ad4-c05d-570a-3b81-9aef28813073"",""yes_price_dollars"":""0.5700""}"
KXETH15M-26APR272330-30,4ec5760f-3c82-596b-d20b-a015bfffa4d0,1777346170,0.59,2.0,yes,"{""count_fp"":""2.00"",""created_time"":""2026-04-28T03:16:10.091943Z"",""no_price_dollars"":""0.4100"",""taker_side"":""yes"",""ticker"":""KXETH15M-26APR272330-30"",""trade_id"":""4ec5760f-3c82-596b-d20b-a015bfffa4d0"",""yes_price_dollars"":""0.5900""}"
KXETH15M-26APR272330-30,68b8673b-917a-6aa7-edcd-1b8ebab3ea28,1777346171,0.62,1.0,yes,"{""count_fp"":""1.00"",""created_time"":""2026-04-28T03:16:11.608771Z"",""no_price_dollars"":""0.3800"",""taker_side"":""yes"",""ticker"":""KXETH15M-26APR272330-30"",""trade_id"":""68b8673b-917a-6aa7-edcd-1b8ebab3ea28"",""yes_price_dollars"":""0.6200""}"
KXETH15M-26APR272330-30,ceff55ea-a608-5524-bacf-a42c55f73b24,1777346171,0.58,10.0,yes,"{""count_fp"":""10.00"",""created_time"":""2026-04-28T03:16:11.306945Z"",""no_price_dollars"":""0.4200"",""taker_side"":""yes"",""ticker"":""KXETH15M-26APR272330-30"",""trade_id"":""ceff55ea-a608-5524-bacf-a42c55f73b24"",""yes_price_dollars"":""0.5800""}"
KXETH15M-26APR272330-30,f81bda0c-234e-53bb-55f0-236b15721f0c,1777346172,0.61,1.0,yes,"{""count_fp"":""1.00"",""created_time"":""2026-04-28T03:16:12.895251Z"",""no_price_dollars"":""0.3900"",""taker_side"":""yes"",""ticker"":""KXETH15M-26APR272330-30"",""trade_id"":""f81bda0c-234e-53bb-55f0-236b15721f0c"",""yes_price_dollars"":""0.6100""}"
KXETH15M-26APR272330-30,1d38d517-2a66-52cf-599b-38c1f3a20514,1777346174,0.61,1.19,yes,"{""count_fp"":""1.19"",""created_time"":""2026-04-28T03:16:14.198133Z"",""no_price_dollars"":""0.3900"",""taker_side"":""yes"",""ticker"":""KXETH15M-26APR272330-30"",""trade_id"":""1d38d517-2a66-52cf-599b-38c1f3a20514"",""yes_price_dollars"":""0.6100""}"
KXETH15M-26APR272330-30,9c8bd2b7-f862-4f8b-ef27-93c932e88038,1777346174,0.61,15.95,yes,"{""count_fp"":""15.95"",""created_time"":""2026-04-28T03:16:14.031211Z"",""no_price_dollars"":""0.3900"",""taker_side"":""yes"",""ticker"":""KXETH15M-26APR272330-30"",""trade_id"":""9c8bd2b7-f862-4f8b-ef27-93c932e88038"",""yes_price_dollars"":""0.6100""}"
KXETH15M-26APR272330-30,7bc647f8-66d1-50bd-45d8-1b3f8878d4cf,1777346176,0.57,30.0,yes,"{""count_fp"":""30.00"",""created_time"":""2026-04-28T03:16:16.783338Z"",""no_price_dollars"":""0.4300"",""taker_side"":""yes"",""ticker"":""KXETH15M-26APR272330-30"",""trade_id"":""7bc647f8-66d1-50bd-45d8-1b3f8878d4cf"",""yes_price_dollars"":""0.5700""}"
KXETH15M-26APR272330-30,35df382f-0e74-5d65-5f3e-2ec3ee14010a,1777346176,0.57,10.0,yes,"{""count_fp"":""10.00"",""created_time"":""2026-04-28T03:16:16.783338Z"",""no_price_dollars"":""0.4300"",""taker_side"":""yes"",""ticker"":""KXETH15M-26APR272330-30"",""trade_id"":""35df382f-0e74-5d65-5f3e-2ec3ee14010a"",""yes_price_dollars"":""0.5700""}"
KXETH15M-26APR272330-30,e1ca7b75-6692-467f-a68b-7d817c04bbb8,1777346176,0.57,41.19,yes,"{""count_fp"":""41.19"",""created_time"":""2026-04-28T03:16:16.592903Z"",""no_price_dollars"":""0.4300"",""taker_side"":""yes"",""ticker"":""KXETH15M-26APR272330-30"",""trade_id"":""e1ca7b75-6692-467f-a68b-7d817c04bbb8"",""yes_price_dollars"":""0.5700""}"
KXETH15M-26APR272330-30,7acca901-16f1-5412-1c8f-3dc812d8e0df,1777346179,0.56,11.86,no,"{""count_fp"":""11.86"",""created_time"":""2026-04-28T03:16:19.715659Z"",""no_price_dollars"":""0.4400"",""taker_side"":""no"",""ticker"":""KXETH15M-26APR272330-30"",""trade_id"":""7acca901-16f1-5412-1c8f-3dc812d8e0df"",""yes_price_dollars"":""0.5600""}"
KXETH15M-26APR272330-30,11e6b7a0-277b-5728-16f6-2f833870128b,1777346179,0.56,10.0,no,"{""count_fp"":""10.00"",""created_time"":""2026-04-28T03:16:19.715659Z"",""no_price_dollars"":""0.4400"",""taker_side"":""no"",""ticker"":""KXETH15M-26APR272330-30"",""trade_id"":""11e6b7a0-277b-5728-16f6-2f833870128b"",""yes_price_dollars"":""0.5600""}"
KXETH15M-26APR272330-30,51470043-9a83-574b-1dd0-1b174f832769,1777346181,0.57,10.0,yes,"{""count_fp"":""10.00"",""created_time"":""2026-04-28T03:16:21.151433Z"",""no_price_dollars"":""0.4300"",""taker_side"":""yes"",""ticker"":""KXETH15M-26APR272330-30"",""trade_id"":""51470043-9a83-574b-1dd0-1b174f832769"",""yes_price_dollars"":""0.5700""}"
KXETH15M-26APR272330-30,701b3851-9d6d-574a-5c77-a583bb78c6b8,1777346183,0.58,10.0,yes,"{""count_fp"":""10.00"",""created_time"":""2026-04-28T03:16:23.433413Z"",""no_price_dollars"":""0.4200"",""taker_side"":""yes"",""ticker"":""KXETH15M-26APR272330-30"",""trade_id"":""701b3851-9d6d-574a-5c77-a583bb78c6b8"",""yes_price_dollars"":""0.5800""}"
KXETH15M-26APR272330-30,ef22da92-a185-7671-addf-2abf3358c4a3,1777346184,0.61,100.0,yes,"{""count_fp"":""100.00"",""created_time"":""2026-04-28T03:16:24.879448Z"",""no_price_dollars"":""0.3900"",""taker_side"":""yes"",""ticker"":""KXETH15M-26APR272330-30"",""trade_id"":""ef22da92-a185-7671-addf-2abf3358c4a3"",""yes_price_dollars"":""0.6100""}"
KXETH15M-26APR272330-30,8bdc88c1-2381-7dcc-10d4-2ba66057e88c,1777346184,0.59,4.89,yes,"{""count_fp"":""4.89"",""created_time"":""2026-04-28T03:16:24.620883Z"",""no_price_dollars"":""0.4100"",""taker_side"":""yes"",""ticker"":""KXETH15M-26APR272330-30"",""trade_id"":""8bdc88c1-2381-7dcc-10d4-2ba66057e88c"",""yes_price_dollars"":""0.5900""}"
KXETH15M-26APR272330-30,e2da7f79-b1a9-4a1e-d885-5be784341afb,1777346186,0.61,10.0,no,"{""count_fp"":""10.00"",""created_time"":""2026-04-28T03:16:26.802748Z"",""no_price_dollars"":""0.3900"",""taker_side"":""no"",""ticker"":""KXETH15M-26APR272330-30"",""trade_id"":""e2da7f79-b1a9-4a1e-d885-5be784341afb"",""yes_price_dollars"":""0.6100""}"
KXETH15M-26APR272330-30,3b194a58-3f94-44cb-d055-2f78e3b022df,1777346189,0.63,10.0,yes,"{""count_fp"":""10.00"",""created_time"":""2026-04-28T03:16:29.619626Z"",""no_price_dollars"":""0.3700"",""taker_side"":""yes"",""ticker"":""KXETH15M-26APR272330-30"",""trade_id"":""3b194a58-3f94-44cb-d055-2f78e3b022df"",""yes_price_dollars"":""0.6300""}"
KXETH15M-26APR272330-30,86847b02-b92b-6824-b87d-795d4b28eccb,1777346192,0.65,2.0,yes,"{""count_fp"":""2.00"",""created_time"":""2026-04-28T03:16:32.494573Z"",""no_price_dollars"":""0.3500"",""taker_side"":""yes"",""ticker"":""KXETH15M-26APR272330-30"",""trade_id"":""86847b02-b92b-6824-b87d-795d4b28eccb"",""yes_price_dollars"":""0.6500""}"
KXETH15M-26APR272330-30,5f6b022a-e33d-50bd-128f-d804876a22bc,1777346195,0.67,2.65,no,"{""count_fp"":""2.65"",""created_time"":""2026-04-28T03:16:35.933521Z"",""no_price_dollars"":""0.3300"",""taker_side"":""no"",""ticker"":""KXETH15M-26APR272330-30"",""trade_id"":""5f6b022a-e33d-50bd-128f-d804876a22bc"",""yes_price_dollars"":""0.6700""}"
KXETH15M-26APR272330-30,e7a3fca5-2baf-77e4-0615-10fa344d650f,1777346195,0.65,10.0,yes,"{""count_fp"":""10.00"",""created_time"":""2026-04-28T03:16:35.187114Z"",""no_price_dollars"":""0.3500"",""taker_side"":""yes"",""ticker"":""KXETH15M-26APR272330-30"",""trade_id"":""e7a3fca5-2baf-77e4-0615-10fa344d650f"",""yes_price_dollars"":""0.6500""}"
KXETH15M-26APR272330-30,689b2db6-bc27-55bc-caa7-df433a77a7df,1777346197,0.69,1.98,yes,"{""count_fp"":""1.98"",""created_time"":""2026-04-28T03:16:37.797479Z"",""no_price_dollars"":""0.3100"",""taker_side"":""yes"",""ticker"":""KXETH15M-26APR272330-30"",""trade_id"":""689b2db6-bc27-55bc-caa7-df433a77a7df"",""yes_price_dollars"":""0.6900""}"
KXETH15M-26APR272330-30,0693efe2-247f-6564-ebd0-720013c38d53,1777346200,0.69,1.0,yes,"{""count_fp"":""1.00"",""created_time"":""2026-04-28T03:16:40.024218Z"",""no_price_dollars"":""0.3100"",""taker_side"":""yes"",""ticker"":""KXETH15M-26APR272330-30"",""trade_id"":""0693efe2-247f-6564-ebd0-720013c38d53"",""yes_price_dollars"":""0.6900""}"
KXETH15M-26APR272330-30,b7ec1fa4-6cb5-4f0f-b88d-8388446b9794,1777346204,0.68,0.17,yes,"{""count_fp"":""0.17"",""created_time"":""2026-04-28T03:16:44.107954Z"",""no_price_dollars"":""0.3200"",""taker_side"":""yes"",""ticker"":""KXETH15M-26APR272330-30"",""trade_id"":""b7ec1fa4-6cb5-4f0f-b88d-8388446b9794"",""yes_price_dollars"":""0.6800""}"
KXETH15M-26APR272330-30,d36ff117-3c01-5e5d-b71a-e885390b960c,1777346206,0.66,106.34,no,"{""count_fp"":""106.34"",""created_time"":""2026-04-28T03:16:46.805881Z"",""no_price_dollars"":""0.3400"",""taker_side"":""no"",""ticker"":""KXETH15M-26APR272330-30"",""trade_id"":""d36ff117-3c01-5e5d-b71a-e885390b960c"",""yes_price_dollars"":""0.6600""}"
KXETH15M-26APR272330-30,39954ba3-ef5c-72f6-9b28-72a7322c8c45,1777346208,0.68,5.67,yes,"{""count_fp"":""5.67"",""created_time"":""2026-04-28T03:16:48.968923Z"",""no_price_dollars"":""0.3200"",""taker_side"":""yes"",""ticker"":""KXETH15M-26APR272330-30"",""trade_id"":""39954ba3-ef5c-72f6-9b28-72a7322c8c45"",""yes_price_dollars"":""0.6800""}"
KXETH15M-26APR272330-30,bd1e54ba-fbf5-6415-7ee0-844d03df9be0,1777346214,0.69,5.0,yes,"{""count_fp"":""5.00"",""created_time"":""2026-04-28T03:16:54.396571Z"",""no_price_dollars"":""0.3100"",""taker_side"":""yes"",""ticker"":""KXETH15M-26APR272330-30"",""trade_id"":""bd1e54ba-fbf5-6415-7ee0-844d03df9be0"",""yes_price_dollars"":""0.6900""}"
KXETH15M-26APR272330-30,3b22a825-d9af-62e8-51a7-58705a720fbb,1777346214,0.69,5.0,yes,"{""count_fp"":""5.00"",""created_time"":""2026-04-28T03:16:54.396571Z"",""no_price_dollars"":""0.3100"",""taker_side"":""yes"",""ticker"":""KXETH15M-26APR272330-30"",""trade_id"":""3b22a825-d9af-62e8-51a7-58705a720fbb"",""yes_price_dollars"":""0.6900""}"
KXETH15M-26APR272330-30,71657fad-5274-72fe-565a-a90ed1c5247f,1777346214,0.67,10.0,yes,"{""count_fp"":""10.00"",""created_time"":""2026-04-28T03:16:54.376644Z"",""no_price_dollars"":""0.3300"",""taker_side"":""yes"",""ticker"":""KXETH15M-26APR272330-30"",""trade_id"":""71657fad-5274-72fe-565a-a90ed1c5247f"",""yes_price_dollars"":""0.6700""}"
KXETH15M-26APR272330-30,1b2a11d2-bdcf-4af8-90ad-dbd577d2c3f7,1777346217,0.7,1.0,yes,"{""count_fp"":""1.00"",""created_time"":""2026-04-28T03:16:57.674751Z"",""no_price_dollars"":""0.3000"",""taker_side"":""yes"",""ticker"":""KXETH15M-26APR272330-30"",""trade_id"":""1b2a11d2-bdcf-4af8-90ad-dbd577d2c3f7"",""yes_price_dollars"":""0.7000""}"
KXETH15M-26APR272330-30,4f461a9c-c75f-5620-3cee-0e2c19a2312f,1777346217,0.7,3.0,yes,"{""count_fp"":""3.00"",""created_time"":""2026-04-28T03:16:57.394422Z"",""no_price_dollars"":""0.3000"",""taker_side"":""yes"",""ticker"":""KXETH15M-26APR272330-30"",""trade_id"":""4f461a9c-c75f-5620-3cee-0e2c19a2312f"",""yes_price_dollars"":""0.7000""}"
KXETH15M-26APR272330-30,01bc0729-78d9-59ac-2d51-b823e45a52dd,1777346217,0.7,2.0,yes,"{""count_fp"":""2.00"",""created_time"":""2026-04-28T03:16:57.394422Z"",""no_price_dollars"":""0.3000"",""taker_side"":""yes"",""ticker"":""KXETH15M-26APR272330-30"",""trade_id"":""01bc0729-78d9-59ac-2d51-b823e45a52dd"",""yes_price_dollars"":""0.7000""}"
KXETH15M-26APR272330-30,f49e0f30-12b8-77cc-0871-0d06bf6f558f,1777346218,0.69,2.0,no,"{""count_fp"":""2.00"",""created_time"":""2026-04-28T03:16:58.528451Z"",""no_price_dollars"":""0.3100"",""taker_side"":""no"",""ticker"":""KXETH15M-26APR272330-30"",""trade_id"":""f49e0f30-12b8-77cc-0871-0d06bf6f558f"",""yes_price_dollars"":""0.6900""}"
KXETH15M-26APR272330-30,6d03dafa-fe89-7b79-0df1-a75d38038db4,1777346218,0.69,13.38,no,"{""count_fp"":""13.38"",""created_time"":""2026-04-28T03:16:58.528451Z"",""no_price_dollars"":""0.3100"",""taker_side"":""no"",""ticker"":""KXETH15M-26APR272330-30"",""trade_id"":""6d03dafa-fe89-7b79-0df1-a75d38038db4"",""yes_price_dollars"":""0.6900""}"
KXETH15M-26APR272330-30,f182996b-3b39-75ad-d660-fac7659932a8,1777346219,0.69,46.15,no,"{""count_fp"":""46.15"",""created_time"":""2026-04-28T03:16:59.950458Z"",""no_price_dollars"":""0.3100"",""taker_side"":""no"",""ticker"":""KXETH15M-26APR272330-30"",""trade_id"":""f182996b-3b39-75ad-d660-fac7659932a8"",""yes_price_dollars"":""0.6900""}"
KXETH15M-26APR272330-30,dd48a258-888b-7c2c-4aaf-b7b48f41f1bf,1777346221,0.7,4.19,yes,"{""count_fp"":""4.19"",""created_time"":""2026-04-28T03:17:01.353233Z"",""no_price_dollars"":""0.3000"",""taker_side"":""yes"",""ticker"":""KXETH15M-26APR272330-30"",""trade_id"":""dd48a258-888b-7c2c-4aaf-b7b48f41f1bf"",""yes_price_dollars"":""0.7000""}"
KXETH15M-26APR272330-30,2cf51ebb-446f-7bbc-73d7-6459cfcf9c9b,1777346222,0.7,5.0,yes,"{""count_fp"":""5.00"",""created_time"":""2026-04-28T03:17:02.218636Z"",""no_price_dollars"":""0.3000"",""taker_side"":""yes"",""ticker"":""KXETH15M-26APR272330-30"",""trade_id"":""2cf51ebb-446f-7bbc-73d7-6459cfcf9c9b"",""yes_price_dollars"":""0.7000""}"
KXETH15M-26APR272330-30,b6fda182-9859-7e15-1c15-6ec3442c6f34,1777346228,0.69,15.38,no,"{""count_fp"":""15.38"",""created_time"":""2026-04-28T03:17:08.350926Z"",""no_price_dollars"":""0.3100"",""taker_side"":""no"",""ticker"":""KXETH15M-26APR272330-30"",""trade_id"":""b6fda182-9859-7e15-1c15-6ec3442c6f34"",""yes_price_dollars"":""0.6900""}"
KXETH15M-26APR272330-30,2098e7ab-796f-4f98-7ea7-5f51296e91dd,1777346230,0.7,1.3,yes,"{""count_fp"":""1.30"",""created_time"":""2026-04-28T03:17:10.267627Z"",""no_price_dollars"":""0.3000"",""taker_side"":""yes"",""ticker"":""KXETH15M-26APR272330-30"",""trade_id"":""2098e7ab-796f-4f98-7ea7-5f51296e91dd"",""yes_price_dollars"":""0.7000""}"
KXETH15M-26APR272330-30,a3d59eb6-9715-5a24-2a4b-c89d0a2e4588,1777346231,0.7,10.0,yes,"{""count_fp"":""10.00"",""created_time"":""2026-04-28T03:17:11.949308Z"",""no_price_dollars"":""0.3000"",""taker_side"":""yes"",""ticker"":""KXETH15M-26APR272330-30"",""trade_id"":""a3d59eb6-9715-5a24-2a4b-c89d0a2e4588"",""yes_price_dollars"":""0.7000""}"
KXETH15M-26APR272330-30,ce2c956b-67af-729c-029d-96d9cec8af6d,1777346232,0.71,0.97,yes,"{""count_fp"":""0.97"",""created_time"":""2026-04-28T03:17:12.055817Z"",""no_price_dollars"":""0.2900"",""taker_side"":""yes"",""ticker"":""KXETH15M-26APR272330-30"",""trade_id"":""ce2c956b-67af-729c-029d-96d9cec8af6d"",""yes_price_dollars"":""0.7100""}"
KXETH15M-26APR272330-30,7e3c5e4c-826b-57ac-6537-c5b24fb9b695,1777346237,0.71,1.0,yes,"{""count_fp"":""1.00"",""created_time"":""2026-04-28T03:17:17.142586Z"",""no_price_dollars"":""0.2900"",""taker_side"":""yes"",""ticker"":""KXETH15M-26APR272330-30"",""trade_id"":""7e3c5e4c-826b-57ac-6537-c5b24fb9b695"",""yes_price_dollars"":""0.7100""}"
KXETH15M-26APR272330-30,fb7a9dd4-cbb7-5bb8-fac0-b52ac25f8137,1777346238,0.7,34.41,yes,"{""count_fp"":""34.41"",""created_time"":""2026-04-28T03:17:18.974267Z"",""no_price_dollars"":""0.3000"",""taker_side"":""yes"",""ticker"":""KXETH15M-26APR272330-30"",""trade_id"":""fb7a9dd4-cbb7-5bb8-fac0-b52ac25f8137"",""yes_price_dollars"":""0.7000""}"
KXETH15M-26APR272330-30,dcbb8f39-cbc9-503e-fba0-bc94a7f9ce1b,1777346238,0.7,58.59,yes,"{""count_fp"":""58.59"",""created_time"":""2026-04-28T03:17:18.974267Z"",""no_price_dollars"":""0.3000"",""taker_side"":""yes"",""ticker"":""KXETH15M-26APR272330-30"",""trade_id"":""dcbb8f39-cbc9-503e-fba0-bc94a7f9ce1b"",""yes_price_dollars"":""0.7000""}"
KXETH15M-26APR272330-30,764c08ba-3ff9-5b42-17a3-a005ae267ddb,1777346238,0.7,41.41,yes,"{""count_fp"":""41.41"",""created_time"":""2026-04-28T03:17:18.682599Z"",""no_price_dollars"":""0.3000"",""taker_side"":""yes"",""ticker"":""KXETH15M-26APR272330-30"",""trade_id"":""764c08ba-3ff9-5b42-17a3-a005ae267ddb"",""yes_price_dollars"":""0.7000""}"
KXETH15M-26APR272330-30,133600c2-38d9-4a69-01d0-f2051bd247b4,1777346238,0.69,2.0,no,"{""count_fp"":""2.00"",""created_time"":""2026-04-28T03:17:18.500589Z"",""no_price_dollars"":""0.3100"",""taker_side"":""no"",""ticker"":""KXETH15M-26APR272330-30"",""trade_id"":""133600c2-38d9-4a69-01d0-f2051bd247b4"",""yes_price_dollars"":""0.6900""}"
KXETH15M-26APR272330-30,5cc86790-9377-7f18-d111-e7dfc7eb14e5,1777346241,0.69,11.0,yes,"{""count_fp"":""11.00"",""created_time"":""2026-04-28T03:17:21.267811Z"",""no_price_dollars"":""0.3100"",""taker_side"":""yes"",""ticker"":""KXETH15M-26APR272330-30"",""trade_id"":""5cc86790-9377-7f18-d111-e7dfc7eb14e5"",""yes_price_dollars"":""0.6900""}"
KXETH15M-26APR272330-30,2de71fd0-593a-751f-8f3a-610a999f1b95,1777346241,0.69,10.0,yes,"{""count_fp"":""10.00"",""created_time"":""2026-04-28T03:17:21.169895Z"",""no_price_dollars"":""0.3100"",""taker_side"":""yes"",""ticker"":""KXETH15M-26APR272330-30"",""trade_id"":""2de71fd0-593a-751f-8f3a-610a999f1b95"",""yes_price_dollars"":""0.6900""}"
KXETH15M-26APR272330-30,0c2beb6c-1263-7ddc-8bd4-fdce4a1043d1,1777346241,0.69,3.8,yes,"{""count_fp"":""3.80"",""created_time"":""2026-04-28T03:17:21.169895Z"",""no_price_dollars"":""0.3100"",""taker_side"":""yes"",""ticker"":""KXETH15M-26APR272330-30"",""trade_id"":""0c2beb6c-1263-7ddc-8bd4-fdce4a1043d1"",""yes_price_dollars"":""0.6900""}"
KXETH15M-26APR272330-30,db64bb06-caad-56a5-8b3b-60dc92e8cce4,1777346243,0.65,12.0,no,"{""count_fp"":""12.00"",""created_time"":""2026-04-28T03:17:23.104755Z"",""no_price_dollars"":""0.3500"",""taker_side"":""no"",""ticker"":""KXETH15M-26APR272330-30"",""trade_id"":""db64bb06-caad-56a5-8b3b-60dc92e8cce4"",""yes_price_dollars"":""0.6500""}"
KXETH15M-26APR272330-30,8d03bb77-7dda-5bbb-a9e5-ad7c7719f028,1777346243,0.67,2.0,no,"{""count_fp"":""2.00"",""created_time"":""2026-04-28T03:17:23.104755Z"",""no_price_dollars"":""0.3300"",""taker_side"":""no"",""ticker"":""KXETH15M-26APR272330-30"",""trade_id"":""8d03bb77-7dda-5bbb-a9e5-ad7c7719f028"",""yes_price_dollars"":""0.6700""}"
KXETH15M-26APR272330-30,3d564f27-2720-5092-ae3f-cb7092f71d22,1777346243,0.68,1.0,no,"{""count_fp"":""1.00"",""created_time"":""2026-04-28T03:17:23.104755Z"",""no_price_dollars"":""0.3200"",""taker_side"":""no"",""ticker"":""KXETH15M-26APR272330-30"",""trade_id"":""3d564f27-2720-5092-ae3f-cb7092f71d22"",""yes_price_dollars"":""0.6800""}"
KXETH15M-26APR272330-30,ed85464c-b549-5955-6d57-615c2206e5ec,1777346245,0.65,28.0,no,"{""count_fp"":""28.00"",""created_time"":""2026-04-28T03:17:25.474604Z"",""no_price_dollars"":""0.3500"",""taker_side"":""no"",""ticker"":""KXETH15M-26APR272330-30"",""trade_id"":""ed85464c-b549-5955-6d57-615c2206e5ec"",""yes_price_dollars"":""0.6500""}"
KXETH15M-26APR272330-30,fbfe155e-ca95-625a-1719-1bfc95db90c9,1777346246,0.51,45.0,no,"{""count_fp"":""45.00"",""created_time"":""2026-04-28T03:17:26.740389Z"",""no_price_dollars"":""0.4900"",""taker_side"":""no"",""ticker"":""KXETH15M-26APR272330-30"",""trade_id"":""fbfe155e-ca95-625a-1719-1bfc95db90c9"",""yes_price_dollars"":""0.5100""}"
KXETH15M-26APR272330-30,f95f2a82-158c-68ca-0f2a-27102637eaa5,1777346246,0.53,10.0,no,"{""count_fp"":""10.00"",""created_time"":""2026-04-28T03:17:26.740389Z"",""no_price_dollars"":""0.4700"",""taker_side"":""no"",""ticker"":""KXETH15M-26APR272330-30"",""trade_id"":""f95f2a82-158c-68ca-0f2a-27102637eaa5"",""yes_price_dollars"":""0.5300""}"
KXETH15M-26APR272330-30,31219b6e-87a1-67d9-17ef-1a2221896174,1777346246,0.54,825.1,no,"{""count_fp"":""825.10"",""created_time"":""2026-04-28T03:17:26.740389Z"",""no_price_dollars"":""0.4600"",""taker_side"":""no"",""ticker"":""KXETH15M-26APR272330-30"",""trade_id"":""31219b6e-87a1-67d9-17ef-1a2221896174"",""yes_price_dollars"":""0.5400""}"
KXETH15M-26APR272330-30,87fca516-fc0b-7359-6136-c5aec100d846,1777346246,0.53,60.0,no,"{""count_fp"":""60.00"",""created_time"":""2026-04-28T03:17:26.327084Z"",""no_price_dollars"":""0.4700"",""taker_side"":""no"",""ticker"":""KXETH15M-26APR272330-30"",""trade_id"":""87fca516-fc0b-7359-6136-c5aec100d846"",""yes_price_dollars"":""0.5300""}"
KXETH15M-26APR272330-30,2fd1543d-a881-7a98-4314-8bfd5da090e8,1777346246,0.57,10.0,no,"{""count_fp"":""10.00"",""created_time"":""2026-04-28T03:17:26.327084Z"",""no_price_dollars"":""0.4300"",""taker_side"":""no"",""ticker"":""KXETH15M-26APR272330-30"",""trade_id"":""2fd1543d-a881-7a98-4314-8bfd5da090e8"",""yes_price_dollars"":""0.5700""}"
KXETH15M-26APR272330-30,071662b6-1bb8-7c58-74f9-66db24b8df3b,1777346246,0.53,11.0,no,"{""count_fp"":""11.00"",""created_time"":""2026-04-28T03:17:26.327084Z"",""no_price_dollars"":""0.4700"",""taker_side"":""no"",""ticker"":""KXETH15M-26APR272330-30"",""trade_id"":""071662b6-1bb8-7c58-74f9-66db24b8df3b"",""yes_price_dollars"":""0.5300""}"
KXETH15M-26APR272330-30,1faaa027-662b-4fc6-3777-f988dfd01736,1777346246,0.58,10.0,no,"{""count_fp"":""10.00"",""created_time"":""2026-04-28T03:17:26.318283Z"",""no_price_dollars"":""0.4200"",""taker_side"":""no"",""ticker"":""KXETH15M-26APR272330-30"",""trade_id"":""1faaa027-662b-4fc6-3777-f988dfd01736"",""yes_price_dollars"":""0.5800""}"
KXETH15M-26APR272330-30,a62c5293-b0b7-4e08-3cb8-e08affcffcd1,1777346248,0.55,23.0,yes,"{""count_fp"":""23.00"",""created_time"":""2026-04-28T03:17:28.163042Z"",""no_price_dollars"":""0.4500"",""taker_side"":""yes"",""ticker"":""KXETH15M-26APR272330-30"",""trade_id"":""a62c5293-b0b7-4e08-3cb8-e08affcffcd1"",""yes_price_dollars"":""0.5500""}"
KXETH15M-26APR272330-30,7f6c1022-a985-6888-b8c8-361ebedfb489,1777346250,0.51,1.0,no,"{""count_fp"":""1.00"",""created_time"":""2026-04-28T03:17:30.813766Z"",""no_price_dollars"":""0.4900"",""taker_side"":""no"",""ticker"":""KXETH15M-26APR272330-30"",""trade_id"":""7f6c1022-a985-6888-b8c8-361ebedfb489"",""yes_price_dollars"":""0.5100""}"
KXETH15M-26APR272330-30,dcc6daae-3453-6668-65b1-1a190f8a64a9,1777346252,0.54,8.66,yes,"{""count_fp"":""8.66"",""created_time"":""2026-04-28T03:17:32.571494Z"",""no_price_dollars"":""0.4600"",""taker_side"":""yes"",""ticker"":""KXETH15M-26APR272330-30"",""trade_id"":""dcc6daae-3453-6668-65b1-1a190f8a64a9"",""yes_price_dollars"":""0.5400""}"
KXETH15M-26APR272330-30,6a2d2d42-3340-6007-f0d8-e769cf582b55,1777346258,0.52,1.47,no,"{""count_fp"":""1.47"",""created_time"":""2026-04-28T03:17:38.792831Z"",""no_price_dollars"":""0.4800"",""taker_side"":""no"",""ticker"":""KXETH15M-26APR272330-30"",""trade_id"":""6a2d2d42-3340-6007-f0d8-e769cf582b55"",""yes_price_dollars"":""0.5200""}"
KXETH15M-26APR272330-30,2225a10e-99d6-7587-a31d-a9b400a026b7,1777346259,0.52,5.91,no,"{""count_fp"":""5.91"",""created_time"":""2026-04-28T03:17:39.087693Z"",""no_price_dollars"":""0.4800"",""taker_side"":""no"",""ticker"":""KXETH15M-26APR272330-30"",""trade_id"":""2225a10e-99d6-7587-a31d-a9b400a026b7"",""yes_price_dollars"":""0.5200""}"
KXETH15M-26APR272330-30,587669bc-e20a-5361-7651-4339a689cdb5,1777346263,0.54,0.47,no,"{""count_fp"":""0.47"",""created_time"":""2026-04-28T03:17:43.408628Z"",""no_price_dollars"":""0.4600"",""taker_side"":""no"",""ticker"":""KXETH15M-26APR272330-30"",""trade_id"":""587669bc-e20a-5361-7651-4339a689cdb5"",""yes_price_dollars"":""0.5400""}"
KXETH15M-26APR272330-30,52e8ba49-9810-5576-49d0-8abccb3f1746,1777346263,0.54,10.0,no,"{""count_fp"":""10.00"",""created_time"":""2026-04-28T03:17:43.408628Z"",""no_price_dollars"":""0.4600"",""taker_side"":""no"",""ticker"":""KXETH15M-26APR272330-30"",""trade_id"":""52e8ba49-9810-5576-49d0-8abccb3f1746"",""yes_price_dollars"":""0.5400""}"
KXETH15M-26APR272330-30,55a230d5-b6d6-78dd-95f4-bfee3cb42111,1777346267,0.54,2.09,no,"{""count_fp"":""2.09"",""created_time"":""2026-04-28T03:17:47.825694Z"",""no_price_dollars"":""0.4600"",""taker_side"":""no"",""ticker"":""KXETH15M-26APR272330-30"",""trade_id"":""55a230d5-b6d6-78dd-95f4-bfee3cb42111"",""yes_price_dollars"":""0.5400""}"
KXETH15M-26APR272330-30,e61ede46-8cb5-7c2e-237a-7b7c7ae219a8,1777346270,0.55,2.0,yes,"{""count_fp"":""2.00"",""created_time"":""2026-04-28T03:17:50.048Z"",""no_price_dollars"":""0.4500"",""taker_side"":""yes"",""ticker"":""KXETH15M-26APR272330-30"",""trade_id"":""e61ede46-8cb5-7c2e-237a-7b7c7ae219a8"",""yes_price_dollars"":""0.5500""}"
KXETH15M-26APR272330-30,cfc3c059-ef8b-72e0-17ed-310998168671,1777346270,0.58,14.83,yes,"{""count_fp"":""14.83"",""created_time"":""2026-04-28T03:17:50.048Z"",""no_price_dollars"":""0.4200"",""taker_side"":""yes"",""ticker"":""KXETH15M-26APR272330-30"",""trade_id"":""cfc3c059-ef8b-72e0-17ed-310998168671"",""yes_price_dollars"":""0.5800""}"
KXETH15M-26APR272330-30,fa9d84a3-58df-7d38-6eba-b46afea51d35,1777346272,0.58,85.17,yes,"{""count_fp"":""85.17"",""created_time"":""2026-04-28T03:17:52.993413Z"",""no_price_dollars"":""0.4200"",""taker_side"":""yes"",""ticker"":""KXETH15M-26APR272330-30"",""trade_id"":""fa9d84a3-58df-7d38-6eba-b46afea51d35"",""yes_price_dollars"":""0.5800""}"
KXETH15M-26APR272330-30,c356bcbc-157e-7a43-472a-6dba51902d0c,1777346272,0.57,10.0,yes,"{""count_fp"":""10.00"",""created_time"":""2026-04-28T03:17:52.993413Z"",""no_price_dollars"":""0.4300"",""taker_side"":""yes"",""ticker"":""KXETH15M-26APR272330-30"",""trade_id"":""c356bcbc-157e-7a43-472a-6dba51902d0c"",""yes_price_dollars"":""0.5700""}"
KXETH15M-26APR272330-30,4dba22d3-3ab5-732b-5c29-d80d07a92ece,1777346272,0.59,4.83,yes,"{""count_fp"":""4.83"",""created_time"":""2026-04-28T03:17:52.993413Z"",""no_price_dollars"":""0.4100"",""taker_side"":""yes"",""ticker"":""KXETH15M-26APR272330-30"",""trade_id"":""4dba22d3-3ab5-732b-5c29-d80d07a92ece"",""yes_price_dollars"":""0.5900""}"
KXETH15M-26APR272330-30,f5b576c8-91c1-5323-3f2d-84b6f8b4528b,1777346276,0.55,10.0,no,"{""count_fp"":""10.00"",""created_time"":""2026-04-28T03:17:56.588223Z"",""no_price_dollars"":""0.4500"",""taker_side"":""no"",""ticker"":""KXETH15M-26APR272330-30"",""trade_id"":""f5b576c8-91c1-5323-3f2d-84b6f8b4528b"",""yes_price_dollars"":""0.5500""}"
KXETH15M-26APR272330-30,f44ae284-ca1c-55f6-046d-eb140349bc67,1777346276,0.55,10.18,no,"{""count_fp"":""10.18"",""created_time"":""2026-04-28T03:17:56.588223Z"",""no_price_dollars"":""0.4500"",""taker_side"":""no"",""ticker"":""KXETH15M-26APR272330-30"",""trade_id"":""f44ae284-ca1c-55f6-046d-eb140349bc67"",""yes_price_dollars"":""0.5500""}"
KXETH15M-26APR272330-30,eefbd56b-4f42-5e59-1be7-ef0548205489,1777346276,0.54,27.44,no,"{""count_fp"":""27.44"",""created_time"":""2026-04-28T03:17:56.588223Z"",""no_price_dollars"":""0.4600"",""taker_side"":""no"",""ticker"":""KXETH15M-26APR272330-30"",""trade_id"":""eefbd56b-4f42-5e59-1be7-ef0548205489"",""yes_price_dollars"":""0.5400""}"
KXETH15M-26APR272330-30,8f33e6ae-3d5c-5697-2c99-4bf40d0d6e17,1777346276,0.54,5.15,no,"{""count_fp"":""5.15"",""created_time"":""2026-04-28T03:17:56.588223Z"",""no_price_dollars"":""0.4600"",""taker_side"":""no"",""ticker"":""KXETH15M-26APR272330-30"",""trade_id"":""8f33e6ae-3d5c-5697-2c99-4bf40d0d6e17"",""yes_price_dollars"":""0.5400""}"
KXETH15M-26APR272330-30,1eba497d-49d8-57cb-d8d7-7ab80e9fe4b3,1777346278,0.54,4.19,no,"{""count_fp"":""4.19"",""created_time"":""2026-04-28T03:17:58.700498Z"",""no_price_dollars"":""0.4600"",""taker_side"":""no"",""ticker"":""KXETH15M-26APR272330-30"",""trade_id"":""1eba497d-49d8-57cb-d8d7-7ab80e9fe4b3"",""yes_price_dollars"":""0.5400""}"
KXETH15M-26APR272330-30,9065508a-c0fa-668f-f51f-dc92798e0177,1777346279,0.55,0.47,no,"{""count_fp"":""0.47"",""created_time"":""2026-04-28T03:17:59.863585Z"",""no_price_dollars"":""0.4500"",""taker_side"":""no"",""ticker"":""KXETH15M-26APR272330-30"",""trade_id"":""9065508a-c0fa-668f-f51f-dc92798e0177"",""yes_price_dollars"":""0.5500""}"
KXETH15M-26APR272330-30,547cff35-889a-6b34-cca6-af01ebb841b5,1777346279,0.55,10.0,no,"{""count_fp"":""10.00"",""created_time"":""2026-04-28T03:17:59.863585Z"",""no_price_dollars"":""0.4500"",""taker_side"":""no"",""ticker"":""KXETH15M-26APR272330-30"",""trade_id"":""547cff35-889a-6b34-cca6-af01ebb841b5"",""yes_price_dollars"":""0.5500""}"
KXETH15M-26APR272330-30,f411e92b-1c57-4c64-be97-f83a34be5c4e,1777346280,0.59,10.0,yes,"{""count_fp"":""10.00"",""created_time"":""2026-04-28T03:18:00.127283Z"",""no_price_dollars"":""0.4100"",""taker_side"":""yes"",""ticker"":""KXETH15M-26APR272330-30"",""trade_id"":""f411e92b-1c57-4c64-be97-f83a34be5c4e"",""yes_price_dollars"":""0.5900""}"
KXETH15M-26APR272330-30,4ff8e174-6222-4ad6-8d70-31d137d99742,1777346280,0.59,10.0,yes,"{""count_fp"":""10.00"",""created_time"":""2026-04-28T03:18:00.127283Z"",""no_price_dollars"":""0.4100"",""taker_side"":""yes"",""ticker"":""KXETH15M-26APR272330-30"",""trade_id"":""4ff8e174-6222-4ad6-8d70-31d137d99742"",""yes_price_dollars"":""0.5900""}"
KXETH15M-26APR272330-30,fd9b60fd-2305-624b-2dd5-e9e97a6672a9,1777346281,0.56,85.29,no,"{""count_fp"":""85.29"",""created_time"":""2026-04-28T03:18:01.835474Z"",""no_price_dollars"":""0.4400"",""taker_side"":""no"",""ticker"":""KXETH15M-26APR272330-30"",""trade_id"":""fd9b60fd-2305-624b-2dd5-e9e97a6672a9"",""yes_price_dollars"":""0.5600""}"
KXETH15M-26APR272330-30,c0a11ed3-ba9d-6e97-22ba-256ab3cfa43e,1777346281,0.56,1.0,no,"{""count_fp"":""1.00"",""created_time"":""2026-04-28T03:18:01.835474Z"",""no_price_dollars"":""0.4400"",""taker_side"":""no"",""ticker"":""KXETH15M-26APR272330-30"",""trade_id"":""c0a11ed3-ba9d-6e97-22ba-256ab3cfa43e"",""yes_price_dollars"":""0.5600""}"
KXETH15M-26APR272330-30,75e3505f-5ca3-6d78-0113-5d9a94cf8752,1777346281,0.56,10.0,no,"{""count_fp"":""10.00"",""created_time"":""2026-04-28T03:18:01.835474Z"",""no_price_dollars"":""0.4400"",""taker_side"":""no"",""ticker"":""KXETH15M-26APR272330-30"",""trade_id"":""75e3505f-5ca3-6d78-0113-5d9a94cf8752"",""yes_price_dollars"":""0.5600""}"
KXETH15M-26APR272330-30,7d5569c5-297f-555e-fb78-dadab7985fab,1777346285,0.57,4.0,no,"{""count_fp"":""4.00"",""created_time"":""2026-04-28T03:18:05.381533Z"",""no_price_dollars"":""0.4300"",""taker_side"":""no"",""ticker"":""KXETH15M-26APR272330-30"",""trade_id"":""7d5569c5-297f-555e-fb78-dadab7985fab"",""yes_price_dollars"":""0.5700""}"
KXETH15M-26APR272330-30,feb4a676-b955-644b-14ca-3da30945b49d,1777346290,0.58,4.8,no,"{""count_fp"":""4.80"",""created_time"":""2026-04-28T03:18:10.641255Z"",""no_price_dollars"":""0.4200"",""taker_side"":""no"",""ticker"":""KXETH15M-26APR272330-30"",""trade_id"":""feb4a676-b955-644b-14ca-3da30945b49d"",""yes_price_dollars"":""0.5800""}"
KXETH15M-26APR272330-30,4a58df7e-4498-4232-d466-c8da41abfbf6,1777346290,0.58,10.98,no,"{""count_fp"":""10.98"",""created_time"":""2026-04-28T03:18:10.222652Z"",""no_price_dollars"":""0.4200"",""taker_side"":""no"",""ticker"":""KXETH15M-26APR272330-30"",""trade_id"":""4a58df7e-4498-4232-d466-c8da41abfbf6"",""yes_price_dollars"":""0.5800""}"
KXETH15M-26APR272330-30,2bd7bb5a-0df7-424e-fa81-21f8beca2c87,1777346290,0.58,0.46,no,"{""count_fp"":""0.46"",""created_time"":""2026-04-28T03:18:10.222652Z"",""no_price_dollars"":""0.4200"",""taker_side"":""no"",""ticker"":""KXETH15M-26APR272330-30"",""trade_id"":""2bd7bb5a-0df7-424e-fa81-21f8beca2c87"",""yes_price_dollars"":""0.5800""}"
KXETH15M-26APR272330-30,e5924c8e-4af4-782d-0f0c-3a569518e52e,1777346291,0.6,11.0,yes,"{""count_fp"":""11.00"",""created_time"":""2026-04-28T03:18:11.731995Z"",""no_price_dollars"":""0.4000"",""taker_side"":""yes"",""ticker"":""KXETH15M-26APR272330-30"",""trade_id"":""e5924c8e-4af4-782d-0f0c-3a569518e52e"",""yes_price_dollars"":""0.6000""}"
KXETH15M-26APR272330-30,96074bb0-54b6-7eaf-084c-27ce7f9c3d27,1777346291,0.62,9.36,yes,"{""count_fp"":""9.36"",""created_time"":""2026-04-28T03:18:11.731995Z"",""no_price_dollars"":""0.3800"",""taker_side"":""yes"",""ticker"":""KXETH15M-26APR272330-30"",""trade_id"":""96074bb0-54b6-7eaf-084c-27ce7f9c3d27"",""yes_price_dollars"":""0.6200""}"
KXETH15M-26APR272330-30,0d61dbae-d979-7f9b-2d4c-2dd2a56e8b05,1777346291,0.6,2.0,yes,"{""count_fp"":""2.00"",""created_time"":""2026-04-28T03:18:11.731995Z"",""no_price_dollars"":""0.4000"",""taker_side"":""yes"",""ticker"":""KXETH15M-26APR272330-30"",""trade_id"":""0d61dbae-d979-7f9b-2d4c-2dd2a56e8b05"",""yes_price_dollars"":""0.6000""}"
KXETH15M-26APR272330-30,91a9ac0e-3055-5c93-d767-bded1bac73a9,1777346299,0.59,58.55,no,"{""count_fp"":""58.55"",""created_time"":""2026-04-28T03:18:19.855748Z"",""no_price_dollars"":""0.4100"",""taker_side"":""no"",""ticker"":""KXETH15M-26APR272330-30"",""trade_id"":""91a9ac0e-3055-5c93-d767-bded1bac73a9"",""yes_price_dollars"":""0.5900""}"
KXETH15M-26APR272330-30,b43e4530-44cb-5d5d-a439-df0c190cb092,1777346299,0.6,10.0,no,"{""count_fp"":""10.00"",""created_time"":""2026-04-28T03:18:19.153401Z"",""no_price_dollars"":""0.4000"",""taker_side"":""no"",""ticker"":""KXETH15M-26APR272330-30"",""trade_id"":""b43e4530-44cb-5d5d-a439-df0c190cb092"",""yes_price_dollars"":""0.6000""}"
KXETH15M-26APR272330-30,26f9d7c2-3be9-5eaf-823e-f3c2521b094d,1777346299,0.59,22.62,no,"{""count_fp"":""22.62"",""created_time"":""2026-04-28T03:18:19.153401Z"",""no_price_dollars"":""0.4100"",""taker_side"":""no"",""ticker"":""KXETH15M-26APR272330-30"",""trade_id"":""26f9d7c2-3be9-5eaf-823e-f3c2521b094d"",""yes_price_dollars"":""0.5900""}"
KXETH15M-26APR272330-30,d4c30b68-dcf0-70e0-0559-dda3f101f001,1777346301,0.64,10.0,yes,"{""count_fp"":""10.00"",""created_time"":""2026-04-28T03:18:21.054451Z"",""no_price_dollars"":""0.3600"",""taker_side"":""yes"",""ticker"":""KXETH15M-26APR272330-30"",""trade_id"":""d4c30b68-dcf0-70e0-0559-dda3f101f001"",""yes_price_dollars"":""0.6400""}"
KXETH15M-26APR272330-30,6d6ae6e6-39e3-72da-150e-1dd1deadbb59,1777346301,0.64,10.0,yes,"{""count_fp"":""10.00"",""created_time"":""2026-04-28T03:18:21.054451Z"",""no_price_dollars"":""0.3600"",""taker_side"":""yes"",""ticker"":""KXETH15M-26APR272330-30"",""trade_id"":""6d6ae6e6-39e3-72da-150e-1dd1deadbb59"",""yes_price_dollars"":""0.6400""}"
KXETH15M-26APR272330-30,cb8d2bfa-03fb-4c65-d816-9fbb0d4f6649,1777346303,0.68,1.42,yes,"{""count_fp"":""1.42"",""created_time"":""2026-04-28T03:18:23.316127Z"",""no_price_dollars"":""0.3200"",""taker_side"":""yes"",""ticker"":""KXETH15M-26APR272330-30"",""trade_id"":""cb8d2bfa-03fb-4c65-d816-9fbb0d4f6649"",""yes_price_dollars"":""0.6800""}"
KXETH15M-26APR272330-30,68e90a42-892d-64a7-6170-324f16989f35,1777346304,0.65,5.17,no,"{""count_fp"":""5.17"",""created_time"":""2026-04-28T03:18:24.616247Z"",""no_price_dollars"":""0.3500"",""taker_side"":""no"",""ticker"":""KXETH15M-26APR272330-30"",""trade_id"":""68e90a42-892d-64a7-6170-324f16989f35"",""yes_price_dollars"":""0.6500""}"
KXETH15M-26APR272330-30,7bd5ce69-76a5-40cb-0fcb-212d5714da21,1777346307,0.65,1.03,no,"{""count_fp"":""1.03"",""created_time"":""2026-04-28T03:18:27.546005Z"",""no_price_dollars"":""0.3500"",""taker_side"":""no"",""ticker"":""KXETH15M-26APR272330-30"",""trade_id"":""7bd5ce69-76a5-40cb-0fcb-212d5714da21"",""yes_price_dollars"":""0.6500""}"
KXETH15M-26APR272330-30,977f4305-ce17-438b-89b2-afd60982f7b4,1777346311,0.69,7.09,yes,"{""count_fp"":""7.09"",""created_time"":""2026-04-28T03:18:31.021297Z"",""no_price_dollars"":""0.3100"",""taker_side"":""yes"",""ticker"":""KXETH15M-26APR272330-30"",""trade_id"":""977f4305-ce17-438b-89b2-afd60982f7b4"",""yes_price_dollars"":""0.6900""}"
KXETH15M-26APR272330-30,6c572d3a-a241-6c77-0e77-ca0c3a11d83d,1777346315,0.68,457.61,no,"{""count_fp"":""457.61"",""created_time"":""2026-04-28T03:18:35.461284Z"",""no_price_dollars"":""0.3200"",""taker_side"":""no"",""ticker"":""KXETH15M-26APR272330-30"",""trade_id"":""6c572d3a-a241-6c77-0e77-ca0c3a11d83d"",""yes_price_dollars"":""0.6800""}"
KXETH15M-26APR272330-30,886e3241-940d-62e2-0af6-5afcc251f1ff,1777346321,0.69,1.4,yes,"{""count_fp"":""1.40"",""created_time"":""2026-04-28T03:18:41.269755Z"",""no_price_dollars"":""0.3100"",""taker_side"":""yes"",""ticker"":""KXETH15M-26APR272330-30"",""trade_id"":""886e3241-940d-62e2-0af6-5afcc251f1ff"",""yes_price_dollars"":""0.6900""}"
KXETH15M-26APR272330-30,bf80076d-560f-7a04-e262-dfecabf3eb82,1777346321,0.69,70.92,yes,"{""count_fp"":""70.92"",""created_time"":""2026-04-28T03:18:41.227431Z"",""no_price_dollars"":""0.3100"",""taker_side"":""yes"",""ticker"":""KXETH15M-26APR272330-30"",""trade_id"":""bf80076d-560f-7a04-e262-dfecabf3eb82"",""yes_price_dollars"":""0.6900""}"
KXETH15M-26APR272330-30,7b8e0fd0-43e9-6e0c-2402-dc6571653f10,1777346327,0.66,100.0,no,"{""count_fp"":""100.00"",""created_time"":""2026-04-28T03:18:47.356662Z"",""no_price_dollars"":""0.3400"",""taker_side"":""no"",""ticker"":""KXETH15M-26APR272330-30"",""trade_id"":""7b8e0fd0-43e9-6e0c-2402-dc6571653f10"",""yes_price_dollars"":""0.6600""}"
KXETH15M-26APR272330-30,4fd780cd-1328-57d4-26a2-d1a1017f0962,1777346327,0.68,1.0,yes,"{""count_fp"":""1.00"",""created_time"":""2026-04-28T03:18:47.259965Z"",""no_price_dollars"":""0.3200"",""taker_side"":""yes"",""ticker"":""KXETH15M-26APR272330-30"",""trade_id"":""4fd780cd-1328-57d4-26a2-d1a1017f0962"",""yes_price_dollars"":""0.6800""}"
KXETH15M-26APR272330-30,ed8c40b7-fc90-63e4-5df5-0f5d35983936,1777346330,0.64,100.0,yes,"{""count_fp"":""100.00"",""created_time"":""2026-04-28T03:18:50.315902Z"",""no_price_dollars"":""0.3600"",""taker_side"":""yes"",""ticker"":""KXETH15M-26APR272330-30"",""trade_id"":""ed8c40b7-fc90-63e4-5df5-0f5d35983936"",""yes_price_dollars"":""0.6400""}"
KXETH15M-26APR272330-30,39dfde07-c82c-659a-700f-30d5ab384cda,1777346330,0.65,111.5,yes,"{""count_fp"":""111.50"",""created_time"":""2026-04-28T03:18:50.315902Z"",""no_price_dollars"":""0.3500"",""taker_side"":""yes"",""ticker"":""KXETH15M-26APR272330-30"",""trade_id"":""39dfde07-c82c-659a-700f-30d5ab384cda"",""yes_price_dollars"":""0.6500""}"
KXETH15M-26APR272330-30,ed349434-04ee-557f-fe45-8f0d09656b2b,1777346339,0.6,2.34,no,"{""count_fp"":""2.34"",""created_time"":""2026-04-28T03:18:59.511395Z"",""no_price_dollars"":""0.4000"",""taker_side"":""no"",""ticker"":""KXETH15M-26APR272330-30"",""trade_id"":""ed349434-04ee-557f-fe45-8f0d09656b2b"",""yes_price_dollars"":""0.6000""}"
KXETH15M-26APR272330-30,f4812fef-1dde-6fd5-cba6-822d7984ade8,1777346341,0.61,2.0,no,"{""count_fp"":""2.00"",""created_time"":""2026-04-28T03:19:01.893645Z"",""no_price_dollars"":""0.3900"",""taker_side"":""no"",""ticker"":""KXETH15M-26APR272330-30"",""trade_id"":""f4812fef-1dde-6fd5-cba6-822d7984ade8"",""yes_price_dollars"":""0.6100""}"
KXETH15M-26APR272330-30,ce6d43aa-0dea-6637-c90f-75d11c40de27,1777346341,0.6,10.0,no,"{""count_fp"":""10.00"",""created_time"":""2026-04-28T03:19:01.893645Z"",""no_price_dollars"":""0.4000"",""taker_side"":""no"",""ticker"":""KXETH15M-26APR272330-30"",""trade_id"":""ce6d43aa-0dea-6637-c90f-75d11c40de27"",""yes_price_dollars"":""0.6000""}"
KXETH15M-26APR272330-30,5c147400-c633-5b26-4e71-adb18ad2f2d8,1777346341,0.63,1.0,yes,"{""count_fp"":""1.00"",""created_time"":""2026-04-28T03:19:01.051829Z"",""no_price_dollars"":""0.3700"",""taker_side"":""yes"",""ticker"":""KXETH15M-26APR272330-30"",""trade_id"":""5c147400-c633-5b26-4e71-adb18ad2f2d8"",""yes_price_dollars"":""0.6300""}"
KXETH15M-26APR272330-30,535fbfb7-8a56-6dd7-b783-40013faa02f6,1777346345,0.59,6.86,no,"{""count_fp"":""6.86"",""created_time"":""2026-04-28T03:19:05.823376Z"",""no_price_dollars"":""0.4100"",""taker_side"":""no"",""ticker"":""KXETH15M-26APR272330-30"",""trade_id"":""535fbfb7-8a56-6dd7-b783-40013faa02f6"",""yes_price_dollars"":""0.5900""}"
KXETH15M-26APR272330-30,aee92995-4348-454a-0944-8ff03e8d870e,1777346347,0.6,1.0,yes,"{""count_fp"":""1.00"",""created_time"":""2026-04-28T03:19:07.675171Z"",""no_price_dollars"":""0.4000"",""taker_side"":""yes"",""ticker"":""KXETH15M-26APR272330-30"",""trade_id"":""aee92995-4348-454a-0944-8ff03e8d870e"",""yes_price_dollars"":""0.6000""}"
KXETH15M-26APR272330-30,7c870b4e-7706-6397-f081-cb464ae0fa0e,1777346352,0.59,4.68,no,"{""count_fp"":""4.68"",""created_time"":""2026-04-28T03:19:12.659203Z"",""no_price_dollars"":""0.4100"",""taker_side"":""no"",""ticker"":""KXETH15M-26APR272330-30"",""trade_id"":""7c870b4e-7706-6397-f081-cb464ae0fa0e"",""yes_price_dollars"":""0.5900""}"
KXETH15M-26APR272330-30,db188f76-6e52-71c7-6d65-704d293747be,1777346363,0.59,0.46,no,"{""count_fp"":""0.46"",""created_time"":""2026-04-28T03:19:23.790027Z"",""no_price_dollars"":""0.4100"",""taker_side"":""no"",""ticker"":""KXETH15M-26APR272330-30"",""trade_id"":""db188f76-6e52-71c7-6d65-704d293747be"",""yes_price_dollars"":""0.5900""}"
KXETH15M-26APR272330-30,9e737cf6-6c3e-6d4f-0701-fcab204d69da,1777346363,0.59,11.0,no,"{""count_fp"":""11.00"",""created_time"":""2026-04-28T03:19:23.764375Z"",""no_price_dollars"":""0.4100"",""taker_side"":""no"",""ticker"":""KXETH15M-26APR272330-30"",""trade_id"":""9e737cf6-6c3e-6d4f-0701-fcab204d69da"",""yes_price_dollars"":""0.5900""}"
KXETH15M-26APR272330-30,ed75c9e2-3e04-7d5f-ec0b-66e6812cb0bb,1777346366,0.54,20.66,no,"{""count_fp"":""20.66"",""created_time"":""2026-04-28T03:19:26.089379Z"",""no_price_dollars"":""0.4600"",""taker_side"":""no"",""ticker"":""KXETH15M-26APR272330-30"",""trade_id"":""ed75c9e2-3e04-7d5f-ec0b-66e6812cb0bb"",""yes_price_dollars"":""0.5400""}"
KXETH15M-26APR272330-30,9e6948e8-1e5d-70cf-cbac-c066a711ed63,1777346366,0.51,3.31,no,"{""count_fp"":""3.31"",""created_time"":""2026-04-28T03:19:26.089379Z"",""no_price_dollars"":""0.4900"",""taker_side"":""no"",""ticker"":""KXETH15M-26APR272330-30"",""trade_id"":""9e6948e8-1e5d-70cf-cbac-c066a711ed63"",""yes_price_dollars"":""0.5100""}"
KXETH15M-26APR272330-30,907c6e23-3b14-7873-da26-e004e7f920e0,1777346366,0.54,7.0,no,"{""count_fp"":""7.00"",""created_time"":""2026-04-28T03:19:26.089379Z"",""no_price_dollars"":""0.4600"",""taker_side"":""no"",""ticker"":""KXETH15M-26APR272330-30"",""trade_id"":""907c6e23-3b14-7873-da26-e004e7f920e0"",""yes_price_dollars"":""0.5400""}"
KXETH15M-26APR272330-30,666debb5-8cab-70c3-f95b-e72e7e0f9692,1777346366,0.55,10.0,no,"{""count_fp"":""10.00"",""created_time"":""2026-04-28T03:19:26.089379Z"",""no_price_dollars"":""0.4500"",""taker_side"":""no"",""ticker"":""KXETH15M-26APR272330-30"",""trade_id"":""666debb5-8cab-70c3-f95b-e72e7e0f9692"",""yes_price_dollars"":""0.5500""}"
KXETH15M-26APR272330-30,40b33247-fbf1-7940-d44f-1b54ff3478f8,1777346366,0.54,10.0,no,"{""count_fp"":""10.00"",""created_time"":""2026-04-28T03:19:26.089379Z"",""no_price_dollars"":""0.4600"",""taker_side"":""no"",""ticker"":""KXETH15M-26APR272330-30"",""trade_id"":""40b33247-fbf1-7940-d44f-1b54ff3478f8"",""yes_price_dollars"":""0.5400""}"
KXETH15M-26APR272330-30,09a07c2b-7492-724c-d87e-a19dde5e026f,1777346366,0.57,1.0,no,"{""count_fp"":""1.00"",""created_time"":""2026-04-28T03:19:26.089379Z"",""no_price_dollars"":""0.4300"",""taker_side"":""no"",""ticker"":""KXETH15M-26APR272330-30"",""trade_id"":""09a07c2b-7492-724c-d87e-a19dde5e026f"",""yes_price_dollars"":""0.5700""}"
KXETH15M-26APR272330-30,80e78d28-ade6-5fdd-78a1-a334c5208a6b,1777346380,0.57,1.0,yes,"{""count_fp"":""1.00"",""created_time"":""2026-04-28T03:19:40.152426Z"",""no_price_dollars"":""0.4300"",""taker_side"":""yes"",""ticker"":""KXETH15M-26APR272330-30"",""trade_id"":""80e78d28-ade6-5fdd-78a1-a334c5208a6b"",""yes_price_dollars"":""0.5700""}"
KXETH15M-26APR272330-30,8496ab46-0f69-5f93-0d60-281f48226a11,1777346380,0.54,0.61,no,"{""count_fp"":""0.61"",""created_time"":""2026-04-28T03:19:40.021916Z"",""no_price_dollars"":""0.4600"",""taker_side"":""no"",""ticker"":""KXETH15M-26APR272330-30"",""trade_id"":""8496ab46-0f69-5f93-0d60-281f48226a11"",""yes_price_dollars"":""0.5400""}"
KXETH15M-26APR272330-30,61461e59-dc55-46f7-9cee-88a52427e8c9,1777346383,0.53,44.0,no,"{""count_fp"":""44.00"",""created_time"":""2026-04-28T03:19:43.963277Z"",""no_price_dollars"":""0.4700"",""taker_side"":""no"",""ticker"":""KXETH15M-26APR272330-30"",""trade_id"":""61461e59-dc55-46f7-9cee-88a52427e8c9"",""yes_price_dollars"":""0.5300""}"
KXETH15M-26APR272330-30,371ca789-b0bc-4a8e-a9be-8ea05e2bd34e,1777346383,0.53,10.0,no,"{""count_fp"":""10.00"",""created_time"":""2026-04-28T03:19:43.963277Z"",""no_price_dollars"":""0.4700"",""taker_side"":""no"",""ticker"":""KXETH15M-26APR272330-30"",""trade_id"":""371ca789-b0bc-4a8e-a9be-8ea05e2bd34e"",""yes_price_dollars"":""0.5300""}"
KXETH15M-26APR272330-30,d6ea61d4-0e6a-4392-c965-794f71015605,1777346390,0.53,2.01,no,"{""count_fp"":""2.01"",""created_time"":""2026-04-28T03:19:50.026662Z"",""no_price_dollars"":""0.4700"",""taker_side"":""no"",""ticker"":""KXETH15M-26APR272330-30"",""trade_id"":""d6ea61d4-0e6a-4392-c965-794f71015605"",""yes_price_dollars"":""0.5300""}"
KXETH15M-26APR272330-30,b9e1d69a-6e56-7e49-2897-49f59e0dfcb3,1777346396,0.46,10.0,yes,"{""count_fp"":""10.00"",""created_time"":""2026-04-28T03:19:56.292125Z"",""no_price_dollars"":""0.5400"",""taker_side"":""yes"",""ticker"":""KXETH15M-26APR272330-30"",""trade_id"":""b9e1d69a-6e56-7e49-2897-49f59e0dfcb3"",""yes_price_dollars"":""0.4600""}"
KXETH15M-26APR272330-30,a2b2575c-4c9a-7fa3-0b0e-12ef227ec72c,1777346396,0.47,10.0,yes,"{""count_fp"":""10.00"",""created_time"":""2026-04-28T03:19:56.292125Z"",""no_price_dollars"":""0.5300"",""taker_side"":""yes"",""ticker"":""KXETH15M-26APR272330-30"",""trade_id"":""a2b2575c-4c9a-7fa3-0b0e-12ef227ec72c"",""yes_price_dollars"":""0.4700""}"
KXETH15M-26APR272330-30,1db8e9c1-c7c0-5167-908c-057de3ee294b,1777346401,0.54,50.0,yes,"{""count_fp"":""50.00"",""created_time"":""2026-04-28T03:20:01.246731Z"",""no_price_dollars"":""0.4600"",""taker_side"":""yes"",""ticker"":""KXETH15M-26APR272330-30"",""trade_id"":""1db8e9c1-c7c0-5167-908c-057de3ee294b"",""yes_price_dollars"":""0.5400""}"
KXETH15M-26APR272330-30,b7b7cb5f-104a-61ac-48ed-3d8b73a58424,1777346401,0.51,10.0,yes,"{""count_fp"":""10.00"",""created_time"":""2026-04-28T03:20:01.137973Z"",""no_price_dollars"":""0.4900"",""taker_side"":""yes"",""ticker"":""KXETH15M-26APR272330-30"",""trade_id"":""b7b7cb5f-104a-61ac-48ed-3d8b73a58424"",""yes_price_dollars"":""0.5100""}"
KXETH15M-26APR272330-30,57cb3a78-e351-6f8f-5bd2-6798c507e709,1777346401,0.51,10.0,yes,"{""count_fp"":""10.00"",""created_time"":""2026-04-28T03:20:01.137973Z"",""no_price_dollars"":""0.4900"",""taker_side"":""yes"",""ticker"":""KXETH15M-26APR272330-30"",""trade_id"":""57cb3a78-e351-6f8f-5bd2-6798c507e709"",""yes_price_dollars"":""0.5100""}"
KXETH15M-26APR272330-30,ae9c9dc2-ce6c-73fd-db22-400aebb7df3b,1777346403,0.54,6.0,no,"{""count_fp"":""6.00"",""created_time"":""2026-04-28T03:20:03.137425Z"",""no_price_dollars"":""0.4600"",""taker_side"":""no"",""ticker"":""KXETH15M-26APR272330-30"",""trade_id"":""ae9c9dc2-ce6c-73fd-db22-400aebb7df3b"",""yes_price_dollars"":""0.5400""}"
KXETH15M-26APR272330-30,3090a643-3c19-5f57-acdb-cdaa01b54248,1777346410,0.56,1.03,yes,"{""count_fp"":""1.03"",""created_time"":""2026-04-28T03:20:10.327507Z"",""no_price_dollars"":""0.4400"",""taker_side"":""yes"",""ticker"":""KXETH15M-26APR272330-30"",""trade_id"":""3090a643-3c19-5f57-acdb-cdaa01b54248"",""yes_price_dollars"":""0.5600""}"
KXETH15M-26APR272330-30,9b9a4d44-8acd-7d60-d874-73916df2afda,1777346414,0.54,1.0,no,"{""count_fp"":""1.00"",""created_time"":""2026-04-28T03:20:14.167656Z"",""no_price_dollars"":""0.4600"",""taker_side"":""no"",""ticker"":""KXETH15M-26APR272330-30"",""trade_id"":""9b9a4d44-8acd-7d60-d874-73916df2afda"",""yes_price_dollars"":""0.5400""}"
KXETH15M-26APR272330-30,db76ce32-f49a-7fd0-fc1f-b848ba9c38bd,1777346420,0.56,10.0,no,"{""count_fp"":""10.00"",""created_time"":""2026-04-28T03:20:20.531861Z"",""no_price_dollars"":""0.4400"",""taker_side"":""no"",""ticker"":""KXETH15M-26APR272330-30"",""trade_id"":""db76ce32-f49a-7fd0-fc1f-b848ba9c38bd"",""yes_price_dollars"":""0.5600""}"
KXETH15M-26APR272330-30,03b5213f-9375-780f-f82a-9500cec50b51,1777346420,0.56,20.0,no,"{""count_fp"":""20.00"",""created_time"":""2026-04-28T03:20:20.531861Z"",""no_price_dollars"":""0.4400"",""taker_side"":""no"",""ticker"":""KXETH15M-26APR272330-30"",""trade_id"":""03b5213f-9375-780f-f82a-9500cec50b51"",""yes_price_dollars"":""0.5600""}"
KXETH15M-26APR272330-30,e44ea2f3-18aa-57d9-b5c4-c8485e19a4da,1777346425,0.59,10.0,yes,"{""count_fp"":""10.00"",""created_time"":""2026-04-28T03:20:25.635175Z"",""no_price_dollars"":""0.4100"",""taker_side"":""yes"",""ticker"":""KXETH15M-26APR272330-30"",""trade_id"":""e44ea2f3-18aa-57d9-b5c4-c8485e19a4da"",""yes_price_dollars"":""0.5900""}"
KXETH15M-26APR272330-30,920feb83-e147-56bb-853d-60a09f7be570,1777346425,0.57,1.0,yes,"{""count_fp"":""1.00"",""created_time"":""2026-04-28T03:20:25.635175Z"",""no_price_dollars"":""0.4300"",""taker_side"":""yes"",""ticker"":""KXETH15M-26APR272330-30"",""trade_id"":""920feb83-e147-56bb-853d-60a09f7be570"",""yes_price_dollars"":""0.5700""}"
KXETH15M-26APR272330-30,0dbba8a0-e7d5-5dcb-b185-2bb135e81b60,1777346425,0.59,5.5,yes,"{""count_fp"":""5.50"",""created_time"":""2026-04-28T03:20:25.635175Z"",""no_price_dollars"":""0.4100"",""taker_side"":""yes"",""ticker"":""KXETH15M-26APR272330-30"",""trade_id"":""0dbba8a0-e7d5-5dcb-b185-2bb135e81b60"",""yes_price_dollars"":""0.5900""}"
KXETH15M-26APR272330-30,8122ab2d-b154-4f7d-14da-4fb8e7374cd3,1777346428,0.55,10.0,no,"{""count_fp"":""10.00"",""created_time"":""2026-04-28T03:20:28.278955Z"",""no_price_dollars"":""0.4500"",""taker_side"":""no"",""ticker"":""KXETH15M-26APR272330-30"",""trade_id"":""8122ab2d-b154-4f7d-14da-4fb8e7374cd3"",""yes_price_dollars"":""0.5500""}"
KXETH15M-26APR272330-30,7ea077ac-5735-4fef-37e0-c66c4165a4f1,1777346428,0.55,11.14,no,"{""count_fp"":""11.14"",""created_time"":""2026-04-28T03:20:28.278955Z"",""no_price_dollars"":""0.4500"",""taker_side"":""no"",""ticker"":""KXETH15M-26APR272330-30"",""trade_id"":""7ea077ac-5735-4fef-37e0-c66c4165a4f1"",""yes_price_dollars"":""0.5500""}"
KXETH15M-26APR272330-30,0197e087-ba21-46f3-a3a4-e432fba1ae31,1777346429,0.55,2.13,no,"{""count_fp"":""2.13"",""created_time"":""2026-04-28T03:20:29.730036Z"",""no_price_dollars"":""0.4500"",""taker_side"":""no"",""ticker"":""KXETH15M-26APR272330-30"",""trade_id"":""0197e087-ba21-46f3-a3a4-e432fba1ae31"",""yes_price_dollars"":""0.5500""}"
KXETH15M-26APR272330-30,5db7d4a8-0ee7-7c7c-ae36-e158bd63ae02,1777346432,0.62,6.25,yes,"{""count_fp"":""6.25"",""created_time"":""2026-04-28T03:20:32.452461Z"",""no_price_dollars"":""0.3800"",""taker_side"":""yes"",""ticker"":""KXETH15M-26APR272330-30"",""trade_id"":""5db7d4a8-0ee7-7c7c-ae36-e158bd63ae02"",""yes_price_dollars"":""0.6200""}"
KXETH15M-26APR272330-30,ce523e67-4305-404c-ce36-143dc1e88055,1777346445,0.5,1.0,no,"{""count_fp"":""1.00"",""created_time"":""2026-04-28T03:20:45.382194Z"",""no_price_dollars"":""0.5000"",""taker_side"":""no"",""ticker"":""KXETH15M-26APR272330-30"",""trade_id"":""ce523e67-4305-404c-ce36-143dc1e88055"",""yes_price_dollars"":""0.5000""}"
KXETH15M-26APR272330-30,eb600ee1-81ad-5f70-72af-1ca4f78f6705,1777346455,0.49,9.62,no,"{""count_fp"":""9.62"",""created_time"":""2026-04-28T03:20:55.456303Z"",""no_price_dollars"":""0.5100"",""taker_side"":""no"",""ticker"":""KXETH15M-26APR272330-30"",""trade_id"":""eb600ee1-81ad-5f70-72af-1ca4f78f6705"",""yes_price_dollars"":""0.4900""}"
KXETH15M-26APR272330-30,bf0b2523-dcfe-5564-4e27-15b05e8aec65,1777346455,0.49,10.0,no,"{""count_fp"":""10.00"",""created_time"":""2026-04-28T03:20:55.456303Z"",""no_price_dollars"":""0.5100"",""taker_side"":""no"",""ticker"":""KXETH15M-26APR272330-30"",""trade_id"":""bf0b2523-dcfe-5564-4e27-15b05e8aec65"",""yes_price_dollars"":""0.4900""}"
KXETH15M-26APR272330-30,b889a726-46f3-6a32-e5a2-df8772c649e0,1777346458,0.52,43.0,yes,"{""count_fp"":""43.00"",""created_time"":""2026-04-28T03:20:58.544864Z"",""no_price_dollars"":""0.4800"",""taker_side"":""yes"",""ticker"":""KXETH15M-26APR272330-30"",""trade_id"":""b889a726-46f3-6a32-e5a2-df8772c649e0"",""yes_price_dollars"":""0.5200""}"
KXETH15M-26APR272330-30,555fd50e-0981-65e7-71d3-469fd24103c9,1777346458,0.48,3.72,no,"{""count_fp"":""3.72"",""created_time"":""2026-04-28T03:20:58.538121Z"",""no_price_dollars"":""0.5200"",""taker_side"":""no"",""ticker"":""KXETH15M-26APR272330-30"",""trade_id"":""555fd50e-0981-65e7-71d3-469fd24103c9"",""yes_price_dollars"":""0.4800""}"
KXETH15M-26APR272330-30,49893303-b811-4093-6bf2-086a73bc5525,1777346459,0.48,46.51,no,"{""count_fp"":""46.51"",""created_time"":""2026-04-28T03:20:59.065915Z"",""no_price_dollars"":""0.5200"",""taker_side"":""no"",""ticker"":""KXETH15M-26APR272330-30"",""trade_id"":""49893303-b811-4093-6bf2-086a73bc5525"",""yes_price_dollars"":""0.4800""}"
KXETH15M-26APR272330-30,356a1b62-c956-46b6-0e03-d17fd53c7188,1777346465,0.53,0.73,yes,"{""count_fp"":""0.73"",""created_time"":""2026-04-28T03:21:05.119185Z"",""no_price_dollars"":""0.4700"",""taker_side"":""yes"",""ticker"":""KXETH15M-26APR272330-30"",""trade_id"":""356a1b62-c956-46b6-0e03-d17fd53c7188"",""yes_price_dollars"":""0.5300""}"
KXETH15M-26APR272330-30,9cf46dc5-22b3-70c6-977a-7133d97b510c,1777346485,0.53,3.72,yes,"{""count_fp"":""3.72"",""created_time"":""2026-04-28T03:21:25.404371Z"",""no_price_dollars"":""0.4700"",""taker_side"":""yes"",""ticker"":""KXETH15M-26APR272330-30"",""trade_id"":""9cf46dc5-22b3-70c6-977a-7133d97b510c"",""yes_price_dollars"":""0.5300""}"
KXETH15M-26APR272330-30,7eb6842d-9988-6a8d-3cdb-132cec4be608,1777346488,0.56,10.0,yes,"{""count_fp"":""10.00"",""created_time"":""2026-04-28T03:21:28.426739Z"",""no_price_dollars"":""0.4400"",""taker_side"":""yes"",""ticker"":""KXETH15M-26APR272330-30"",""trade_id"":""7eb6842d-9988-6a8d-3cdb-132cec4be608"",""yes_price_dollars"":""0.5600""}"
KXETH15M-26APR272330-30,1336585f-d70e-628b-2adc-66c67823c975,1777346492,0.58,17.0,yes,"{""count_fp"":""17.00"",""created_time"":""2026-04-28T03:21:32.503144Z"",""no_price_dollars"":""0.4200"",""taker_side"":""yes"",""ticker"":""KXETH15M-26APR272330-30"",""trade_id"":""1336585f-d70e-628b-2adc-66c67823c975"",""yes_price_dollars"":""0.5800""}"
KXETH15M-26APR272330-30,11520ec0-1b44-43d0-c9f1-d22cbc2b2ca1,1777346493,0.55,4.27,no,"{""count_fp"":""4.27"",""created_time"":""2026-04-28T03:21:33.707536Z"",""no_price_dollars"":""0.4500"",""taker_side"":""no"",""ticker"":""KXETH15M-26APR272330-30"",""trade_id"":""11520ec0-1b44-43d0-c9f1-d22cbc2b2ca1"",""yes_price_dollars"":""0.5500""}"
KXETH15M-26APR272330-30,d638b708-690e-567f-114d-ad0ac27066a9,1777346501,0.58,21.0,yes,"{""count_fp"":""21.00"",""created_time"":""2026-04-28T03:21:41.990313Z"",""no_price_dollars"":""0.4200"",""taker_side"":""yes"",""ticker"":""KXETH15M-26APR272330-30"",""trade_id"":""d638b708-690e-567f-114d-ad0ac27066a9"",""yes_price_dollars"":""0.5800""}"
KXETH15M-26APR272330-30,5332f2cf-3e63-580f-35bb-8c219180f6fc,1777346501,0.58,10.0,yes,"{""count_fp"":""10.00"",""created_time"":""2026-04-28T03:21:41.990313Z"",""no_price_dollars"":""0.4200"",""taker_side"":""yes"",""ticker"":""KXETH15M-26APR272330-30"",""trade_id"":""5332f2cf-3e63-580f-35bb-8c219180f6fc"",""yes_price_dollars"":""0.5800""}"
KXETH15M-26APR272330-30,fb364758-29ff-79d4-fcd3-a42db461f15f,1777346501,0.56,10.0,yes,"{""count_fp"":""10.00"",""created_time"":""2026-04-28T03:21:41.262063Z"",""no_price_dollars"":""0.4400"",""taker_side"":""yes"",""ticker"":""KXETH15M-26APR272330-30"",""trade_id"":""fb364758-29ff-79d4-fcd3-a42db461f15f"",""yes_price_dollars"":""0.5600""}"
KXETH15M-26APR272330-30,e8e91664-8368-4c49-48c8-03788d63964e,1777346504,0.66,442.0,yes,"{""count_fp"":""442.00"",""created_time"":""2026-04-28T03:21:44.620038Z"",""no_price_dollars"":""0.3400"",""taker_side"":""yes"",""ticker"":""KXETH15M-26APR272330-30"",""trade_id"":""e8e91664-8368-4c49-48c8-03788d63964e"",""yes_price_dollars"":""0.6600""}"
KXETH15M-26APR272330-30,c714132f-5881-74c0-60a0-a60812233095,1777346504,0.65,10.0,yes,"{""count_fp"":""10.00"",""created_time"":""2026-04-28T03:21:44.517982Z"",""no_price_dollars"":""0.3500"",""taker_side"":""yes"",""ticker"":""KXETH15M-26APR272330-30"",""trade_id"":""c714132f-5881-74c0-60a0-a60812233095"",""yes_price_dollars"":""0.6500""}"
KXETH15M-26APR272330-30,58b6e378-9c62-7b42-4bbd-8cfadd742dd9,1777346504,0.65,10.0,yes,"{""count_fp"":""10.00"",""created_time"":""2026-04-28T03:21:44.517982Z"",""no_price_dollars"":""0.3500"",""taker_side"":""yes"",""ticker"":""KXETH15M-26APR272330-30"",""trade_id"":""58b6e378-9c62-7b42-4bbd-8cfadd742dd9"",""yes_price_dollars"":""0.6500""}"
KXETH15M-26APR272330-30,f461f9a0-cf0d-5f6d-8a1a-ed572c214697,1777346509,0.65,0.73,no,"{""count_fp"":""0.73"",""created_time"":""2026-04-28T03:21:49.935344Z"",""no_price_dollars"":""0.3500"",""taker_side"":""no"",""ticker"":""KXETH15M-26APR272330-30"",""trade_id"":""f461f9a0-cf0d-5f6d-8a1a-ed572c214697"",""yes_price_dollars"":""0.6500""}"
KXETH15M-26APR272330-30,6872e784-36ed-7c70-66fd-93d36ab0efa1,1777346514,0.64,2.0,no,"{""count_fp"":""2.00"",""created_time"":""2026-04-28T03:21:54.170926Z"",""no_price_dollars"":""0.3600"",""taker_side"":""no"",""ticker"":""KXETH15M-26APR272330-30"",""trade_id"":""6872e784-36ed-7c70-66fd-93d36ab0efa1"",""yes_price_dollars"":""0.6400""}"
KXETH15M-26APR272330-30,fb1595d2-5a0c-4b3d-ec3f-adc33a8f75a2,1777346522,0.64,10.0,no,"{""count_fp"":""10.00"",""created_time"":""2026-04-28T03:22:02.506158Z"",""no_price_dollars"":""0.3600"",""taker_side"":""no"",""ticker"":""KXETH15M-26APR272330-30"",""trade_id"":""fb1595d2-5a0c-4b3d-ec3f-adc33a8f75a2"",""yes_price_dollars"":""0.6400""}"
KXETH15M-26APR272330-30,6dcc5ab6-e9ed-4dec-cc1d-477ec1316da1,1777346522,0.64,10.0,no,"{""count_fp"":""10.00"",""created_time"":""2026-04-28T03:22:02.506158Z"",""no_price_dollars"":""0.3600"",""taker_side"":""no"",""ticker"":""KXETH15M-26APR272330-30"",""trade_id"":""6dcc5ab6-e9ed-4dec-cc1d-477ec1316da1"",""yes_price_dollars"":""0.6400""}"
KXETH15M-26APR272330-30,298be95e-54d9-49d7-eb44-39986fefae47,1777346522,0.63,6.22,no,"{""count_fp"":""6.22"",""created_time"":""2026-04-28T03:22:02.506158Z"",""no_price_dollars"":""0.3700"",""taker_side"":""no"",""ticker"":""KXETH15M-26APR272330-30"",""trade_id"":""298be95e-54d9-49d7-eb44-39986fefae47"",""yes_price_dollars"":""0.6300""}"
KXETH15M-26APR272330-30,c03607fd-c926-7f7f-da98-047df76f0908,1777346526,0.68,53.0,yes,"{""count_fp"":""53.00"",""created_time"":""2026-04-28T03:22:06.551048Z"",""no_price_dollars"":""0.3200"",""taker_side"":""yes"",""ticker"":""KXETH15M-26APR272330-30"",""trade_id"":""c03607fd-c926-7f7f-da98-047df76f0908"",""yes_price_dollars"":""0.6800""}"
KXETH15M-26APR272330-30,8bf55d35-ff1a-5733-5bc4-63d7eca5cb35,1777346538,0.69,6.0,yes,"{""count_fp"":""6.00"",""created_time"":""2026-04-28T03:22:18.401821Z"",""no_price_dollars"":""0.3100"",""taker_side"":""yes"",""ticker"":""KXETH15M-26APR272330-30"",""trade_id"":""8bf55d35-ff1a-5733-5bc4-63d7eca5cb35"",""yes_price_dollars"":""0.6900""}"
KXETH15M-26APR272330-30,68418748-d843-7df3-a142-8ae8aa2ce324,1777346541,0.64,10.0,no,"{""count_fp"":""10.00"",""created_time"":""2026-04-28T03:22:21.833524Z"",""no_price_dollars"":""0.3600"",""taker_side"":""no"",""ticker"":""KXETH15M-26APR272330-30"",""trade_id"":""68418748-d843-7df3-a142-8ae8aa2ce324"",""yes_price_dollars"":""0.6400""}"
KXETH15M-26APR272330-30,7a7a398c-1141-61ee-35c7-7b901554c597,1777346541,0.65,10.0,no,"{""count_fp"":""10.00"",""created_time"":""2026-04-28T03:22:21.818445Z"",""no_price_dollars"":""0.3500"",""taker_side"":""no"",""ticker"":""KXETH15M-26APR272330-30"",""trade_id"":""7a7a398c-1141-61ee-35c7-7b901554c597"",""yes_price_dollars"":""0.6500""}"
KXETH15M-26APR272330-30,da326909-98b7-6fba-7305-e62d8da38d88,1777346542,0.58,4.27,yes,"{""count_fp"":""4.27"",""created_time"":""2026-04-28T03:22:22.661005Z"",""no_price_dollars"":""0.4200"",""taker_side"":""yes"",""ticker"":""KXETH15M-26APR272330-30"",""trade_id"":""da326909-98b7-6fba-7305-e62d8da38d88"",""yes_price_dollars"":""0.5800""}"
KXETH15M-26APR272330-30,672f753d-8238-6cb7-004a-86cf1aff63f0,1777346555,0.54,10.0,no,"{""count_fp"":""10.00"",""created_time"":""2026-04-28T03:22:35.230212Z"",""no_price_dollars"":""0.4600"",""taker_side"":""no"",""ticker"":""KXETH15M-26APR272330-30"",""trade_id"":""672f753d-8238-6cb7-004a-86cf1aff63f0"",""yes_price_dollars"":""0.5400""}"
KXETH15M-26APR272330-30,49b0976c-e816-6a88-28b6-d08bf07ea8be,1777346555,0.53,0.47,no,"{""count_fp"":""0.47"",""created_time"":""2026-04-28T03:22:35.230212Z"",""no_price_dollars"":""0.4700"",""taker_side"":""no"",""ticker"":""KXETH15M-26APR272330-30"",""trade_id"":""49b0976c-e816-6a88-28b6-d08bf07ea8be"",""yes_price_dollars"":""0.5300""}"
KXETH15M-26APR272330-30,ca3d7863-0a3e-71c7-ea71-403f78204d70,1777346558,0.55,5.28,yes,"{""count_fp"":""5.28"",""created_time"":""2026-04-28T03:22:38.744782Z"",""no_price_dollars"":""0.4500"",""taker_side"":""yes"",""ticker"":""KXETH15M-26APR272330-30"",""trade_id"":""ca3d7863-0a3e-71c7-ea71-403f78204d70"",""yes_price_dollars"":""0.5500""}"
KXETH15M-26APR272330-30,e7440f4f-6f25-7cb4-33c0-f5c040930408,1777346563,0.52,20.47,no,"{""count_fp"":""20.47"",""created_time"":""2026-04-28T03:22:43.003166Z"",""no_price_dollars"":""0.4800"",""taker_side"":""no"",""ticker"":""KXETH15M-26APR272330-30"",""trade_id"":""e7440f4f-6f25-7cb4-33c0-f5c040930408"",""yes_price_dollars"":""0.5200""}"
KXETH15M-26APR272330-30,af60b276-a2aa-7abc-2e18-5968d5a40e7a,1777346563,0.53,59.53,no,"{""count_fp"":""59.53"",""created_time"":""2026-04-28T03:22:43.003166Z"",""no_price_dollars"":""0.4700"",""taker_side"":""no"",""ticker"":""KXETH15M-26APR272330-30"",""trade_id"":""af60b276-a2aa-7abc-2e18-5968d5a40e7a"",""yes_price_dollars"":""0.5300""}"
KXETH15M-26APR272330-30,9a0208ad-6d0f-7341-324a-b08550b982e6,1777346563,0.53,10.0,no,"{""count_fp"":""10.00"",""created_time"":""2026-04-28T03:22:43.003166Z"",""no_price_dollars"":""0.4700"",""taker_side"":""no"",""ticker"":""KXETH15M-26APR272330-30"",""trade_id"":""9a0208ad-6d0f-7341-324a-b08550b982e6"",""yes_price_dollars"":""0.5300""}"
KXETH15M-26APR272330-30,08a4f4a5-1771-7361-2c95-18e402d4b62d,1777346563,0.52,10.0,no,"{""count_fp"":""10.00"",""created_time"":""2026-04-28T03:22:43.003166Z"",""no_price_dollars"":""0.4800"",""taker_side"":""no"",""ticker"":""KXETH15M-26APR272330-30"",""trade_id"":""08a4f4a5-1771-7361-2c95-18e402d4b62d"",""yes_price_dollars"":""0.5200""}"
KXETH15M-26APR272330-30,50416707-c7cb-66cb-e591-1562eff31d56,1777346564,0.52,60.0,no,"{""count_fp"":""60.00"",""created_time"":""2026-04-28T03:22:44.091239Z"",""no_price_dollars"":""0.4800"",""taker_side"":""no"",""ticker"":""KXETH15M-26APR272330-30"",""trade_id"":""50416707-c7cb-66cb-e591-1562eff31d56"",""yes_price_dollars"":""0.5200""}"
KXETH15M-26APR272330-30,f907a425-f054-5acf-acd5-e180ec30a28f,1777346575,0.54,10.0,yes,"{""count_fp"":""10.00"",""created_time"":""2026-04-28T03:22:55.715365Z"",""no_price_dollars"":""0.4600"",""taker_side"":""yes"",""ticker"":""KXETH15M-26APR272330-30"",""trade_id"":""f907a425-f054-5acf-acd5-e180ec30a28f"",""yes_price_dollars"":""0.5400""}"
KXETH15M-26APR272330-30,29ce8c6e-331e-54df-a155-5fab56600d74,1777346575,0.54,36.15,yes,"{""count_fp"":""36.15"",""created_time"":""2026-04-28T03:22:55.715365Z"",""no_price_dollars"":""0.4600"",""taker_side"":""yes"",""ticker"":""KXETH15M-26APR272330-30"",""trade_id"":""29ce8c6e-331e-54df-a155-5fab56600d74"",""yes_price_dollars"":""0.5400""}"
KXETH15M-26APR272330-30,11b7fd09-992b-79d2-eeba-650a606eeb84,1777346578,0.49,8.97,yes,"{""count_fp"":""8.97"",""created_time"":""2026-04-28T03:22:58.449713Z"",""no_price_dollars"":""0.5100"",""taker_side"":""yes"",""ticker"":""KXETH15M-26APR272330-30"",""trade_id"":""11b7fd09-992b-79d2-eeba-650a606eeb84"",""yes_price_dollars"":""0.4900""}"
KXETH15M-26APR272330-30,7c752669-5b5b-52fc-945e-d5356281accb,1777346579,0.44,5.0,no,"{""count_fp"":""5.00"",""created_time"":""2026-04-28T03:22:59.769214Z"",""no_price_dollars"":""0.5600"",""taker_side"":""no"",""ticker"":""KXETH15M-26APR272330-30"",""trade_id"":""7c752669-5b5b-52fc-945e-d5356281accb"",""yes_price_dollars"":""0.4400""}"
KXETH15M-26APR272330-30,f4739db4-8e71-691e-dde9-9e12c5163f7b,1777346590,0.43,3.4,no,"{""count_fp"":""3.40"",""created_time"":""2026-04-28T03:23:10.859829Z"",""no_price_dollars"":""0.5700"",""taker_side"":""no"",""ticker"":""KXETH15M-26APR272330-30"",""trade_id"":""f4739db4-8e71-691e-dde9-9e12c5163f7b"",""yes_price_dollars"":""0.4300""}"
KXETH15M-26APR272330-30,3b5b8cfb-2222-6ac1-cc63-352ee489d120,1777346593,0.42,1.0,no,"{""count_fp"":""1.00"",""created_time"":""2026-04-28T03:23:13.369502Z"",""no_price_dollars"":""0.5800"",""taker_side"":""no"",""ticker"":""KXETH15M-26APR272330-30"",""trade_id"":""3b5b8cfb-2222-6ac1-cc63-352ee489d120"",""yes_price_dollars"":""0.4200""}"
KXETH15M-26APR272330-30,7135554d-c46a-7e5a-0b89-aaec229e784c,1777346594,0.42,41.19,no,"{""count_fp"":""41.19"",""created_time"":""2026-04-28T03:23:14.758604Z"",""no_price_dollars"":""0.5800"",""taker_side"":""no"",""ticker"":""KXETH15M-26APR272330-30"",""trade_id"":""7135554d-c46a-7e5a-0b89-aaec229e784c"",""yes_price_dollars"":""0.4200""}"
KXETH15M-26APR272330-30,ca69da22-0871-4ddc-1d62-4f27fd2fbed1,1777346600,0.42,390.94,no,"{""count_fp"":""390.94"",""created_time"":""2026-04-28T03:23:20.378544Z"",""no_price_dollars"":""0.5800"",""taker_side"":""no"",""ticker"":""KXETH15M-26APR272330-30"",""trade_id"":""ca69da22-0871-4ddc-1d62-4f27fd2fbed1"",""yes_price_dollars"":""0.4200""}"
KXETH15M-26APR272330-30,c61687ed-d2b1-4bff-3fe6-49d4251a42f3,1777346600,0.42,100.0,no,"{""count_fp"":""100.00"",""created_time"":""2026-04-28T03:23:20.378544Z"",""no_price_dollars"":""0.5800"",""taker_side"":""no"",""ticker"":""KXETH15M-26APR272330-30"",""trade_id"":""c61687ed-d2b1-4bff-3fe6-49d4251a42f3"",""yes_price_dollars"":""0.4200""}"
KXETH15M-26APR272330-30,3fa4cd68-e556-4b0d-26c7-1df756fb3d74,1777346600,0.42,10.0,no,"{""count_fp"":""10.00"",""created_time"":""2026-04-28T03:23:20.378544Z"",""no_price_dollars"":""0.5800"",""taker_side"":""no"",""ticker"":""KXETH15M-26APR272330-30"",""trade_id"":""3fa4cd68-e556-4b0d-26c7-1df756fb3d74"",""yes_price_dollars"":""0.4200""}"
KXETH15M-26APR272330-30,8bb79a17-87db-7e7f-03e3-72ad9c8ade79,1777346602,0.43,10.0,no,"{""count_fp"":""10.00"",""created_time"":""2026-04-28T03:23:22.956617Z"",""no_price_dollars"":""0.5700"",""taker_side"":""no"",""ticker"":""KXETH15M-26APR272330-30"",""trade_id"":""8bb79a17-87db-7e7f-03e3-72ad9c8ade79"",""yes_price_dollars"":""0.4300""}"
KXETH15M-26APR272330-30,58463514-6bf6-57a2-d548-d2738ef87c15,1777346610,0.38,27.0,no,"{""count_fp"":""27.00"",""created_time"":""2026-04-28T03:23:30.329013Z"",""no_price_dollars"":""0.6200"",""taker_side"":""no"",""ticker"":""KXETH15M-26APR272330-30"",""trade_id"":""58463514-6bf6-57a2-d548-d2738ef87c15"",""yes_price_dollars"":""0.3800""}"
KXETH15M-26APR272330-30,1f845114-3d76-568a-daf6-4cc65134d859,1777346610,0.4,5.0,no,"{""count_fp"":""5.00"",""created_time"":""2026-04-28T03:23:30.329013Z"",""no_price_dollars"":""0.6000"",""taker_side"":""no"",""ticker"":""KXETH15M-26APR272330-30"",""trade_id"":""1f845114-3d76-568a-daf6-4cc65134d859"",""yes_price_dollars"":""0.4000""}"
KXETH15M-26APR272330-30,6e11dba9-0bd0-4c40-0bf4-e2a0eed6cfa3,1777346614,0.37,30.0,no,"{""count_fp"":""30.00"",""created_time"":""2026-04-28T03:23:34.285779Z"",""no_price_dollars"":""0.6300"",""taker_side"":""no"",""ticker"":""KXETH15M-26APR272330-30"",""trade_id"":""6e11dba9-0bd0-4c40-0bf4-e2a0eed6cfa3"",""yes_price_dollars"":""0.3700""}"
KXETH15M-26APR272330-30,83e0e93b-27c7-4e05-66a9-37551396e3b1,1777346614,0.38,10.0,no,"{""count_fp"":""10.00"",""created_time"":""2026-04-28T03:23:34.231871Z"",""no_price_dollars"":""0.6200"",""taker_side"":""no"",""ticker"":""KXETH15M-26APR272330-30"",""trade_id"":""83e0e93b-27c7-4e05-66a9-37551396e3b1"",""yes_price_dollars"":""0.3800""}"
KXETH15M-26APR272330-30,11adadf8-bcdb-4818-2825-c44395bb7257,1777346616,0.33,3.0,no,"{""count_fp"":""3.00"",""created_time"":""2026-04-28T03:23:36.431918Z"",""no_price_dollars"":""0.6700"",""taker_side"":""no"",""ticker"":""KXETH15M-26APR272330-30"",""trade_id"":""11adadf8-bcdb-4818-2825-c44395bb7257"",""yes_price_dollars"":""0.3300""}"
KXETH15M-26APR272330-30,b9b03e3b-7b03-7625-67cd-fccbe8bc0d0a,1777346622,0.38,5.0,yes,"{""count_fp"":""5.00"",""created_time"":""2026-04-28T03:23:42.825179Z"",""no_price_dollars"":""0.6200"",""taker_side"":""yes"",""ticker"":""KXETH15M-26APR272330-30"",""trade_id"":""b9b03e3b-7b03-7625-67cd-fccbe8bc0d0a"",""yes_price_dollars"":""0.3800""}"
KXETH15M-26APR272330-30,ecc2b4de-77bd-55b0-1af2-1fbe4e9cbb51,1777346623,0.33,1.0,no,"{""count_fp"":""1.00"",""created_time"":""2026-04-28T03:23:43.816032Z"",""no_price_dollars"":""0.6700"",""taker_side"":""no"",""ticker"":""KXETH15M-26APR272330-30"",""trade_id"":""ecc2b4de-77bd-55b0-1af2-1fbe4e9cbb51"",""yes_price_dollars"":""0.3300""}"
KXETH15M-26APR272330-30,d3daac12-84a2-4f62-a4d1-f39e0224ecbd,1777346623,0.34,2.0,no,"{""count_fp"":""2.00"",""created_time"":""2026-04-28T03:23:43.401353Z"",""no_price_dollars"":""0.6600"",""taker_side"":""no"",""ticker"":""KXETH15M-26APR272330-30"",""trade_id"":""d3daac12-84a2-4f62-a4d1-f39e0224ecbd"",""yes_price_dollars"":""0.3400""}"
KXETH15M-26APR272330-30,55166bcf-b325-4d50-8a4f-44ab46417ccd,1777346624,0.33,2.07,no,"{""count_fp"":""2.07"",""created_time"":""2026-04-28T03:23:44.326472Z"",""no_price_dollars"":""0.6700"",""taker_side"":""no"",""ticker"":""KXETH15M-26APR272330-30"",""trade_id"":""55166bcf-b325-4d50-8a4f-44ab46417ccd"",""yes_price_dollars"":""0.3300""}"
KXETH15M-26APR272330-30,96034976-492d-75a4-f625-6341c6ef199d,1777346628,0.39,58.58,no,"{""count_fp"":""58.58"",""created_time"":""2026-04-28T03:23:48.404533Z"",""no_price_dollars"":""0.6100"",""taker_side"":""no"",""ticker"":""KXETH15M-26APR272330-30"",""trade_id"":""96034976-492d-75a4-f625-6341c6ef199d"",""yes_price_dollars"":""0.3900""}"
KXETH15M-26APR272330-30,5209754f-af2f-5015-183d-4f68939a64fb,1777346628,0.38,10.0,yes,"{""count_fp"":""10.00"",""created_time"":""2026-04-28T03:23:48.347533Z"",""no_price_dollars"":""0.6200"",""taker_side"":""yes"",""ticker"":""KXETH15M-26APR272330-30"",""trade_id"":""5209754f-af2f-5015-183d-4f68939a64fb"",""yes_price_dollars"":""0.3800""}"
KXETH15M-26APR272330-30,cfaabdde-9939-6a96-f8e0-c0b3b6fed3cb,1777346629,0.4,10.0,no,"{""count_fp"":""10.00"",""created_time"":""2026-04-28T03:23:49.791256Z"",""no_price_dollars"":""0.6000"",""taker_side"":""no"",""ticker"":""KXETH15M-26APR272330-30"",""trade_id"":""cfaabdde-9939-6a96-f8e0-c0b3b6fed3cb"",""yes_price_dollars"":""0.4000""}"
KXETH15M-26APR272330-30,56d09863-33a9-61b8-eb11-c033489b61e9,1777346629,0.39,108.08,no,"{""count_fp"":""108.08"",""created_time"":""2026-04-28T03:23:49.791256Z"",""no_price_dollars"":""0.6100"",""taker_side"":""no"",""ticker"":""KXETH15M-26APR272330-30"",""trade_id"":""56d09863-33a9-61b8-eb11-c033489b61e9"",""yes_price_dollars"":""0.3900""}"
KXETH15M-26APR272330-30,025a4de8-2e4d-6098-18a1-60f98750f0f9,1777346630,0.39,1.0,no,"{""count_fp"":""1.00"",""created_time"":""2026-04-28T03:23:50.691198Z"",""no_price_dollars"":""0.6100"",""taker_side"":""no"",""ticker"":""KXETH15M-26APR272330-30"",""trade_id"":""025a4de8-2e4d-6098-18a1-60f98750f0f9"",""yes_price_dollars"":""0.3900""}"
KXETH15M-26APR272330-30,34a6fbcd-3fb7-6aa5-7887-a84f01d8fce3,1777346635,0.38,1.0,no,"{""count_fp"":""1.00"",""created_time"":""2026-04-28T03:23:55.556147Z"",""no_price_dollars"":""0.6200"",""taker_side"":""no"",""ticker"":""KXETH15M-26APR272330-30"",""trade_id"":""34a6fbcd-3fb7-6aa5-7887-a84f01d8fce3"",""yes_price_dollars"":""0.3800""}"
KXETH15M-26APR272330-30,d5be0583-602d-4a03-626d-8f0bc64993c6,1777346636,0.41,1.0,yes,"{""count_fp"":""1.00"",""created_time"":""2026-04-28T03:23:56.730602Z"",""no_price_dollars"":""0.5900"",""taker_side"":""yes"",""ticker"":""KXETH15M-26APR272330-30"",""trade_id"":""d5be0583-602d-4a03-626d-8f0bc64993c6"",""yes_price_dollars"":""0.4100""}"
KXETH15M-26APR272330-30,3e059476-b165-735c-9507-4e4b5bba7fcd,1777346637,0.38,4.0,no,"{""count_fp"":""4.00"",""created_time"":""2026-04-28T03:23:57.295575Z"",""no_price_dollars"":""0.6200"",""taker_side"":""no"",""ticker"":""KXETH15M-26APR272330-30"",""trade_id"":""3e059476-b165-735c-9507-4e4b5bba7fcd"",""yes_price_dollars"":""0.3800""}"
KXETH15M-26APR272330-30,b2579a55-e0d9-61f0-eb7a-0801a32aac4d,1777346639,0.39,172.39,no,"{""count_fp"":""172.39"",""created_time"":""2026-04-28T03:23:59.540306Z"",""no_price_dollars"":""0.6100"",""taker_side"":""no"",""ticker"":""KXETH15M-26APR272330-30"",""trade_id"":""b2579a55-e0d9-61f0-eb7a-0801a32aac4d"",""yes_price_dollars"":""0.3900""}"
KXETH15M-26APR272330-30,97bd12d0-7d53-62e8-d738-e65d4aebc6c5,1777346639,0.39,10.0,no,"{""count_fp"":""10.00"",""created_time"":""2026-04-28T03:23:59.540306Z"",""no_price_dollars"":""0.6100"",""taker_side"":""no"",""ticker"":""KXETH15M-26APR272330-30"",""trade_id"":""97bd12d0-7d53-62e8-d738-e65d4aebc6c5"",""yes_price_dollars"":""0.3900""}"
KXETH15M-26APR272330-30,edfa766d-fdf0-5647-4e2b-367588422f62,1777346643,0.41,10.0,no,"{""count_fp"":""10.00"",""created_time"":""2026-04-28T03:24:03.930343Z"",""no_price_dollars"":""0.5900"",""taker_side"":""no"",""ticker"":""KXETH15M-26APR272330-30"",""trade_id"":""edfa766d-fdf0-5647-4e2b-367588422f62"",""yes_price_dollars"":""0.4100""}"
KXETH15M-26APR272330-30,c86e84a5-a457-5d42-7c74-dc5257e896ac,1777346643,0.41,9.51,no,"{""count_fp"":""9.51"",""created_time"":""2026-04-28T03:24:03.930343Z"",""no_price_dollars"":""0.5900"",""taker_side"":""no"",""ticker"":""KXETH15M-26APR272330-30"",""trade_id"":""c86e84a5-a457-5d42-7c74-dc5257e896ac"",""yes_price_dollars"":""0.4100""}"
KXETH15M-26APR272330-30,bfe725c8-c7d4-50f8-6dfe-aae2861dc09c,1777346643,0.41,100.0,no,"{""count_fp"":""100.00"",""created_time"":""2026-04-28T03:24:03.930343Z"",""no_price_dollars"":""0.5900"",""taker_side"":""no"",""ticker"":""KXETH15M-26APR272330-30"",""trade_id"":""bfe725c8-c7d4-50f8-6dfe-aae2861dc09c"",""yes_price_dollars"":""0.4100""}"
KXETH15M-26APR272330-30,267f156c-6349-5ea4-58e1-f3134e620785,1777346643,0.4,42.61,no,"{""count_fp"":""42.61"",""created_time"":""2026-04-28T03:24:03.930343Z"",""no_price_dollars"":""0.6000"",""taker_side"":""no"",""ticker"":""KXETH15M-26APR272330-30"",""trade_id"":""267f156c-6349-5ea4-58e1-f3134e620785"",""yes_price_dollars"":""0.4000""}"
KXETH15M-26APR272330-30,9a7462e3-6d1b-7218-bb74-799ad8cf7f14,1777346643,0.44,4.0,yes,"{""count_fp"":""4.00"",""created_time"":""2026-04-28T03:24:03.365671Z"",""no_price_dollars"":""0.5600"",""taker_side"":""yes"",""ticker"":""KXETH15M-26APR272330-30"",""trade_id"":""9a7462e3-6d1b-7218-bb74-799ad8cf7f14"",""yes_price_dollars"":""0.4400""}"
KXETH15M-26APR272330-30,b0f965c1-d038-7f87-11fd-cc0076a5379c,1777346654,0.35,10.0,no,"{""count_fp"":""10.00"",""created_time"":""2026-04-28T03:24:14.463779Z"",""no_price_dollars"":""0.6500"",""taker_side"":""no"",""ticker"":""KXETH15M-26APR272330-30"",""trade_id"":""b0f965c1-d038-7f87-11fd-cc0076a5379c"",""yes_price_dollars"":""0.3500""}"
KXETH15M-26APR272330-30,ec899285-0531-454d-c61f-6034de669a9e,1777346654,0.36,100.0,no,"{""count_fp"":""100.00"",""created_time"":""2026-04-28T03:24:14.445878Z"",""no_price_dollars"":""0.6400"",""taker_side"":""no"",""ticker"":""KXETH15M-26APR272330-30"",""trade_id"":""ec899285-0531-454d-c61f-6034de669a9e"",""yes_price_dollars"":""0.3600""}"
KXETH15M-26APR272330-30,a1371f4b-e645-4362-ff20-e071c0ae0b0a,1777346654,0.37,10.0,no,"{""count_fp"":""10.00"",""created_time"":""2026-04-28T03:24:14.445878Z"",""no_price_dollars"":""0.6300"",""taker_side"":""no"",""ticker"":""KXETH15M-26APR272330-30"",""trade_id"":""a1371f4b-e645-4362-ff20-e071c0ae0b0a"",""yes_price_dollars"":""0.3700""}"
KXETH15M-26APR272330-30,688ddba4-4759-50da-a528-d64241d3060c,1777346660,0.33,0.72,yes,"{""count_fp"":""0.72"",""created_time"":""2026-04-28T03:24:20.695443Z"",""no_price_dollars"":""0.6700"",""taker_side"":""yes"",""ticker"":""KXETH15M-26APR272330-30"",""trade_id"":""688ddba4-4759-50da-a528-d64241d3060c"",""yes_price_dollars"":""0.3300""}"
KXETH15M-26APR272330-30,04f9bb63-8575-56e6-0413-c65d00565690,1777346662,0.32,2.0,yes,"{""count_fp"":""2.00"",""created_time"":""2026-04-28T03:24:22.592077Z"",""no_price_dollars"":""0.6800"",""taker_side"":""yes"",""ticker"":""KXETH15M-26APR272330-30"",""trade_id"":""04f9bb63-8575-56e6-0413-c65d00565690"",""yes_price_dollars"":""0.3200""}"
KXETH15M-26APR272330-30,23ea8b97-d258-50cb-eac1-59f37434f1f9,1777346662,0.31,1.0,no,"{""count_fp"":""1.00"",""created_time"":""2026-04-28T03:24:22.415437Z"",""no_price_dollars"":""0.6900"",""taker_side"":""no"",""ticker"":""KXETH15M-26APR272330-30"",""trade_id"":""23ea8b97-d258-50cb-eac1-59f37434f1f9"",""yes_price_dollars"":""0.3100""}"
KXETH15M-26APR272330-30,d4ba44b9-4b9d-58be-a402-5167ef311c24,1777346667,0.32,7.0,no,"{""count_fp"":""7.00"",""created_time"":""2026-04-28T03:24:27.399938Z"",""no_price_dollars"":""0.6800"",""taker_side"":""no"",""ticker"":""KXETH15M-26APR272330-30"",""trade_id"":""d4ba44b9-4b9d-58be-a402-5167ef311c24"",""yes_price_dollars"":""0.3200""}"
KXETH15M-26APR272330-30,99142f47-d828-5424-b3d7-a6d6b3cba142,1777346667,0.32,10.0,no,"{""count_fp"":""10.00"",""created_time"":""2026-04-28T03:24:27.399938Z"",""no_price_dollars"":""0.6800"",""taker_side"":""no"",""ticker"":""KXETH15M-26APR272330-30"",""trade_id"":""99142f47-d828-5424-b3d7-a6d6b3cba142"",""yes_price_dollars"":""0.3200""}"
KXETH15M-26APR272330-30,8a8396fa-3c7c-5b49-b671-0d49d489473f,1777346675,0.32,1.0,no,"{""count_fp"":""1.00"",""created_time"":""2026-04-28T03:24:35.096992Z"",""no_price_dollars"":""0.6800"",""taker_side"":""no"",""ticker"":""KXETH15M-26APR272330-30"",""trade_id"":""8a8396fa-3c7c-5b49-b671-0d49d489473f"",""yes_price_dollars"":""0.3200""}"
KXETH15M-26APR272330-30,77cca748-2c12-7b48-28ae-888d2461a596,1777346676,0.35,9.93,yes,"{""count_fp"":""9.93"",""created_time"":""2026-04-28T03:24:36.703873Z"",""no_price_dollars"":""0.6500"",""taker_side"":""yes"",""ticker"":""KXETH15M-26APR272330-30"",""trade_id"":""77cca748-2c12-7b48-28ae-888d2461a596"",""yes_price_dollars"":""0.3500""}"
KXETH15M-26APR272330-30,4b9c98db-fa4e-756c-27c5-816127e56843,1777346676,0.35,1.0,yes,"{""count_fp"":""1.00"",""created_time"":""2026-04-28T03:24:36.703873Z"",""no_price_dollars"":""0.6500"",""taker_side"":""yes"",""ticker"":""KXETH15M-26APR272330-30"",""trade_id"":""4b9c98db-fa4e-756c-27c5-816127e56843"",""yes_price_dollars"":""0.3500""}"
KXETH15M-26APR272330-30,fbf8f1dc-a097-44c5-c95c-e13e2c08ab9f,1777346677,0.32,4.0,no,"{""count_fp"":""4.00"",""created_time"":""2026-04-28T03:24:37.848996Z"",""no_price_dollars"":""0.6800"",""taker_side"":""no"",""ticker"":""KXETH15M-26APR272330-30"",""trade_id"":""fbf8f1dc-a097-44c5-c95c-e13e2c08ab9f"",""yes_price_dollars"":""0.3200""}"
KXETH15M-26APR272330-30,7399b6eb-159c-7f6b-cc61-d91176bf9a6d,1777346680,0.31,4.0,no,"{""count_fp"":""4.00"",""created_time"":""2026-04-28T03:24:40.948581Z"",""no_price_dollars"":""0.6900"",""taker_side"":""no"",""ticker"":""KXETH15M-26APR272330-30"",""trade_id"":""7399b6eb-159c-7f6b-cc61-d91176bf9a6d"",""yes_price_dollars"":""0.3100""}"
KXETH15M-26APR272330-30,bb2b3f99-c99d-7770-6eba-1995943d6704,1777346680,0.32,5.61,no,"{""count_fp"":""5.61"",""created_time"":""2026-04-28T03:24:40.647436Z"",""no_price_dollars"":""0.6800"",""taker_side"":""no"",""ticker"":""KXETH15M-26APR272330-30"",""trade_id"":""bb2b3f99-c99d-7770-6eba-1995943d6704"",""yes_price_dollars"":""0.3200""}"
KXETH15M-26APR272330-30,00379c0f-6d81-785a-cd17-c8feaf00a268,1777346681,0.3,58.55,yes,"{""count_fp"":""58.55"",""created_time"":""2026-04-28T03:24:41.652906Z"",""no_price_dollars"":""0.7000"",""taker_side"":""yes"",""ticker"":""KXETH15M-26APR272330-30"",""trade_id"":""00379c0f-6d81-785a-cd17-c8feaf00a268"",""yes_price_dollars"":""0.3000""}"
KXETH15M-26APR272330-30,c390bf0e-b4e6-5cc2-04c8-607f2df817d8,1777346681,0.3,2.0,no,"{""count_fp"":""2.00"",""created_time"":""2026-04-28T03:24:41.271707Z"",""no_price_dollars"":""0.7000"",""taker_side"":""no"",""ticker"":""KXETH15M-26APR272330-30"",""trade_id"":""c390bf0e-b4e6-5cc2-04c8-607f2df817d8"",""yes_price_dollars"":""0.3000""}"
KXETH15M-26APR272330-30,8712eb4b-e8b2-455d-602e-6218e1920024,1777346682,0.25,12.0,no,"{""count_fp"":""12.00"",""created_time"":""2026-04-28T03:24:42.246293Z"",""no_price_dollars"":""0.7500"",""taker_side"":""no"",""ticker"":""KXETH15M-26APR272330-30"",""trade_id"":""8712eb4b-e8b2-455d-602e-6218e1920024"",""yes_price_dollars"":""0.2500""}"
KXETH15M-26APR272330-30,f86240d3-2113-5b3b-8a18-7e2f96ed0f06,1777346683,0.26,10.0,no,"{""count_fp"":""10.00"",""created_time"":""2026-04-28T03:24:43.493811Z"",""no_price_dollars"":""0.7400"",""taker_side"":""no"",""ticker"":""KXETH15M-26APR272330-30"",""trade_id"":""f86240d3-2113-5b3b-8a18-7e2f96ed0f06"",""yes_price_dollars"":""0.2600""}"
KXETH15M-26APR272330-30,a230843a-3d15-5bde-9223-f6306cb415b8,1777346683,0.26,3.09,no,"{""count_fp"":""3.09"",""created_time"":""2026-04-28T03:24:43.493811Z"",""no_price_dollars"":""0.7400"",""taker_side"":""no"",""ticker"":""KXETH15M-26APR272330-30"",""trade_id"":""a230843a-3d15-5bde-9223-f6306cb415b8"",""yes_price_dollars"":""0.2600""}"
KXETH15M-26APR272330-30,63564cfc-4125-4a7f-35bf-247f490b3eb2,1777346683,0.29,4.68,yes,"{""count_fp"":""4.68"",""created_time"":""2026-04-28T03:24:43.166116Z"",""no_price_dollars"":""0.7100"",""taker_side"":""yes"",""ticker"":""KXETH15M-26APR272330-30"",""trade_id"":""63564cfc-4125-4a7f-35bf-247f490b3eb2"",""yes_price_dollars"":""0.2900""}"
KXETH15M-26APR272330-30,c5b9f6fa-bd96-6201-9da1-678fa60f2c78,1777346684,0.25,88.0,no,"{""count_fp"":""88.00"",""created_time"":""2026-04-28T03:24:44.055889Z"",""no_price_dollars"":""0.7500"",""taker_side"":""no"",""ticker"":""KXETH15M-26APR272330-30"",""trade_id"":""c5b9f6fa-bd96-6201-9da1-678fa60f2c78"",""yes_price_dollars"":""0.2500""}"
KXETH15M-26APR272330-30,60babe38-2d11-696e-89a3-03c672032cf0,1777346684,0.25,100.0,no,"{""count_fp"":""100.00"",""created_time"":""2026-04-28T03:24:44.055889Z"",""no_price_dollars"":""0.7500"",""taker_side"":""no"",""ticker"":""KXETH15M-26APR272330-30"",""trade_id"":""60babe38-2d11-696e-89a3-03c672032cf0"",""yes_price_dollars"":""0.2500""}"
KXETH15M-26APR272330-30,46aa717c-12c4-68fc-8385-6c98a026ee4c,1777346684,0.24,9.88,no,"{""count_fp"":""9.88"",""created_time"":""2026-04-28T03:24:44.055889Z"",""no_price_dollars"":""0.7600"",""taker_side"":""no"",""ticker"":""KXETH15M-26APR272330-30"",""trade_id"":""46aa717c-12c4-68fc-8385-6c98a026ee4c"",""yes_price_dollars"":""0.2400""}"
KXETH15M-26APR272330-30,422b8560-0947-6356-b3d0-99cea29044b4,1777346684,0.25,162.12,no,"{""count_fp"":""162.12"",""created_time"":""2026-04-28T03:24:44.055889Z"",""no_price_dollars"":""0.7500"",""taker_side"":""no"",""ticker"":""KXETH15M-26APR272330-30"",""trade_id"":""422b8560-0947-6356-b3d0-99cea29044b4"",""yes_price_dollars"":""0.2500""}"
KXETH15M-26APR272330-30,350bbbac-fe13-618d-980c-9f784e969b21,1777346684,0.24,66.0,no,"{""count_fp"":""66.00"",""created_time"":""2026-04-28T03:24:44.055889Z"",""no_price_dollars"":""0.7600"",""taker_side"":""no"",""ticker"":""KXETH15M-26APR272330-30"",""trade_id"":""350bbbac-fe13-618d-980c-9f784e969b21"",""yes_price_dollars"":""0.2400""}"
KXETH15M-26APR272330-30,24e8b36d-da69-61e8-8f11-85522507316e,1777346686,0.18,19.0,no,"{""count_fp"":""19.00"",""created_time"":""2026-04-28T03:24:46.054341Z"",""no_price_dollars"":""0.8200"",""taker_side"":""no"",""ticker"":""KXETH15M-26APR272330-30"",""trade_id"":""24e8b36d-da69-61e8-8f11-85522507316e"",""yes_price_dollars"":""0.1800""}"
KXETH15M-26APR272330-30,19c1ffdd-8846-67cb-8507-e7cbbe210ad8,1777346686,0.19,1.0,no,"{""count_fp"":""1.00"",""created_time"":""2026-04-28T03:24:46.054341Z"",""no_price_dollars"":""0.8100"",""taker_side"":""no"",""ticker"":""KXETH15M-26APR272330-30"",""trade_id"":""19c1ffdd-8846-67cb-8507-e7cbbe210ad8"",""yes_price_dollars"":""0.1900""}"
KXETH15M-26APR272330-30,ecbfd3e4-1eb1-490e-060e-163e49b3d71b,1777346687,0.19,1.0,no,"{""count_fp"":""1.00"",""created_time"":""2026-04-28T03:24:47.965546Z"",""no_price_dollars"":""0.8100"",""taker_side"":""no"",""ticker"":""KXETH15M-26APR272330-30"",""trade_id"":""ecbfd3e4-1eb1-490e-060e-163e49b3d71b"",""yes_price_dollars"":""0.1900""}"
KXETH15M-26APR272330-30,88fb083c-b48d-443e-72ca-f68082cd448f,1777346687,0.19,1.0,no,"{""count_fp"":""1.00"",""created_time"":""2026-04-28T03:24:47.960082Z"",""no_price_dollars"":""0.8100"",""taker_side"":""no"",""ticker"":""KXETH15M-26APR272330-30"",""trade_id"":""88fb083c-b48d-443e-72ca-f68082cd448f"",""yes_price_dollars"":""0.1900""}"
KXETH15M-26APR272330-30,d7905d78-f1d1-5336-7ee2-4bf561106aa3,1777346687,0.19,1.0,no,"{""count_fp"":""1.00"",""created_time"":""2026-04-28T03:24:47.959743Z"",""no_price_dollars"":""0.8100"",""taker_side"":""no"",""ticker"":""KXETH15M-26APR272330-30"",""trade_id"":""d7905d78-f1d1-5336-7ee2-4bf561106aa3"",""yes_price_dollars"":""0.1900""}"
KXETH15M-26APR272330-30,6ff4e7d5-54b1-646b-fbe4-6b7eb09d5ad4,1777346690,0.18,1.0,no,"{""count_fp"":""1.00"",""created_time"":""2026-04-28T03:24:50.631942Z"",""no_price_dollars"":""0.8200"",""taker_side"":""no"",""ticker"":""KXETH15M-26APR272330-30"",""trade_id"":""6ff4e7d5-54b1-646b-fbe4-6b7eb09d5ad4"",""yes_price_dollars"":""0.1800""}"
KXETH15M-26APR272330-30,fde8e976-2c59-52fc-8e00-9b7813d16141,1777346692,0.13,1.0,no,"{""count_fp"":""1.00"",""created_time"":""2026-04-28T03:24:52.865155Z"",""no_price_dollars"":""0.8700"",""taker_side"":""no"",""ticker"":""KXETH15M-26APR272330-30"",""trade_id"":""fde8e976-2c59-52fc-8e00-9b7813d16141"",""yes_price_dollars"":""0.1300""}"
KXETH15M-26APR272330-30,41dba5e5-15df-7a58-8f57-b55eb8f998e4,1777346692,0.13,1.0,no,"{""count_fp"":""1.00"",""created_time"":""2026-04-28T03:24:52.618898Z"",""no_price_dollars"":""0.8700"",""taker_side"":""no"",""ticker"":""KXETH15M-26APR272330-30"",""trade_id"":""41dba5e5-15df-7a58-8f57-b55eb8f998e4"",""yes_price_dollars"":""0.1300""}"
KXETH15M-26APR272330-30,8cc9c6de-6513-7eac-015f-dda49d04fb28,1777346692,0.13,1.0,no,"{""count_fp"":""1.00"",""created_time"":""2026-04-28T03:24:52.580121Z"",""no_price_dollars"":""0.8700"",""taker_side"":""no"",""ticker"":""KXETH15M-26APR272330-30"",""trade_id"":""8cc9c6de-6513-7eac-015f-dda49d04fb28"",""yes_price_dollars"":""0.1300""}"
KXETH15M-26APR272330-30,02eb64e6-0d7f-7190-100e-aea043353c40,1777346692,0.13,1.0,no,"{""count_fp"":""1.00"",""created_time"":""2026-04-28T03:24:52.327354Z"",""no_price_dollars"":""0.8700"",""taker_side"":""no"",""ticker"":""KXETH15M-26APR272330-30"",""trade_id"":""02eb64e6-0d7f-7190-100e-aea043353c40"",""yes_price_dollars"":""0.1300""}"
KXETH15M-26APR272330-30,8a4e373d-b10c-432f-926a-45c07a3bef9f,1777346692,0.16,1.0,no,"{""count_fp"":""1.00"",""created_time"":""2026-04-28T03:24:52.119566Z"",""no_price_dollars"":""0.8400"",""taker_side"":""no"",""ticker"":""KXETH15M-26APR272330-30"",""trade_id"":""8a4e373d-b10c-432f-926a-45c07a3bef9f"",""yes_price_dollars"":""0.1600""}"
KXETH15M-26APR272330-30,2e325ab2-8749-41c0-8cd5-93168b3b4bda,1777346692,0.14,100.0,no,"{""count_fp"":""100.00"",""created_time"":""2026-04-28T03:24:52.119566Z"",""no_price_dollars"":""0.8600"",""taker_side"":""no"",""ticker"":""KXETH15M-26APR272330-30"",""trade_id"":""2e325ab2-8749-41c0-8cd5-93168b3b4bda"",""yes_price_dollars"":""0.1400""}"
KXETH15M-26APR272330-30,81c7f4b1-de29-4547-a289-42ac2927122a,1777346693,0.18,5.0,yes,"{""count_fp"":""5.00"",""created_time"":""2026-04-28T03:24:53.576499Z"",""no_price_dollars"":""0.8200"",""taker_side"":""yes"",""ticker"":""KXETH15M-26APR272330-30"",""trade_id"":""81c7f4b1-de29-4547-a289-42ac2927122a"",""yes_price_dollars"":""0.1800""}"
KXETH15M-26APR272330-30,2229ec9f-9bad-56be-dbcc-760ce63a273c,1777346693,0.18,51.65,yes,"{""count_fp"":""51.65"",""created_time"":""2026-04-28T03:24:53.068474Z"",""no_price_dollars"":""0.8200"",""taker_side"":""yes"",""ticker"":""KXETH15M-26APR272330-30"",""trade_id"":""2229ec9f-9bad-56be-dbcc-760ce63a273c"",""yes_price_dollars"":""0.1800""}"
KXETH15M-26APR272330-30,639e681e-8ae3-5a4d-b6ae-6e2492d961a7,1777346695,0.15,1.0,yes,"{""count_fp"":""1.00"",""created_time"":""2026-04-28T03:24:55.171686Z"",""no_price_dollars"":""0.8500"",""taker_side"":""yes"",""ticker"":""KXETH15M-26APR272330-30"",""trade_id"":""639e681e-8ae3-5a4d-b6ae-6e2492d961a7"",""yes_price_dollars"":""0.1500""}"
KXETH15M-26APR272330-30,4f22c9af-aacb-5a59-88ae-9956a6520a83,1777346697,0.15,2.07,yes,"{""count_fp"":""2.07"",""created_time"":""2026-04-28T03:24:57.448357Z"",""no_price_dollars"":""0.8500"",""taker_side"":""yes"",""ticker"":""KXETH15M-26APR272330-30"",""trade_id"":""4f22c9af-aacb-5a59-88ae-9956a6520a83"",""yes_price_dollars"":""0.1500""}"
KXETH15M-26APR272330-30,c3e25508-5f65-7f2c-5d4d-b89b1a52c2c1,1777346698,0.14,5.75,no,"{""count_fp"":""5.75"",""created_time"":""2026-04-28T03:24:58.854845Z"",""no_price_dollars"":""0.8600"",""taker_side"":""no"",""ticker"":""KXETH15M-26APR272330-30"",""trade_id"":""c3e25508-5f65-7f2c-5d4d-b89b1a52c2c1"",""yes_price_dollars"":""0.1400""}"
KXETH15M-26APR272330-30,734d45f2-35c0-5fbe-fbfe-dc86ae620e68,1777346700,0.19,10.0,yes,"{""count_fp"":""10.00"",""created_time"":""2026-04-28T03:25:00.963341Z"",""no_price_dollars"":""0.8100"",""taker_side"":""yes"",""ticker"":""KXETH15M-26APR272330-30"",""trade_id"":""734d45f2-35c0-5fbe-fbfe-dc86ae620e68"",""yes_price_dollars"":""0.1900""}"
KXETH15M-26APR272330-30,7b7cfcb2-a83d-62f4-66db-3b66e0e3479d,1777346700,0.17,100.0,no,"{""count_fp"":""100.00"",""created_time"":""2026-04-28T03:25:00.701675Z"",""no_price_dollars"":""0.8300"",""taker_side"":""no"",""ticker"":""KXETH15M-26APR272330-30"",""trade_id"":""7b7cfcb2-a83d-62f4-66db-3b66e0e3479d"",""yes_price_dollars"":""0.1700""}"
