ticker,trade_id,ts,yes_price,count,taker_side,raw_json
KXETH15M-26APR271515-15,a7ce2fcc-8c5f-5873-db22-3be8152b3ba9,1777316413,0.5,1.0,yes,"{""count_fp"":""1.00"",""created_time"":""2026-04-27T19:00:13.633484Z"",""no_price_dollars"":""0.5000"",""taker_side"":""yes"",""ticker"":""KXETH15M-26APR271515-15"",""trade_id"":""a7ce2fcc-8c5f-5873-db22-3be8152b3ba9"",""yes_price_dollars"":""0.5000""}"
KXETH15M-26APR271515-15,53f8d0b6-e4a1-50bc-e9d1-7d8c2ee74989,1777316413,0.5,5.0,yes,"{""count_fp"":""5.00"",""created_time"":""2026-04-27T19:00:13.633484Z"",""no_price_dollars"":""0.5000"",""taker_side"":""yes"",""ticker"":""KXETH15M-26APR271515-15"",""trade_id"":""53f8d0b6-e4a1-50bc-e9d1-7d8c2ee74989"",""yes_price_dollars"":""0.5000""}"
KXETH15M-26APR271515-15,2145a3bc-7d60-5fbe-bc06-936c79a19607,1777316413,0.49,10.0,no,"{""count_fp"":""10.00"",""created_time"":""2026-04-27T19:00:13.612783Z"",""no_price_dollars"":""0.5100"",""taker_side"":""no"",""ticker"":""KXETH15M-26APR271515-15"",""trade_id"":""2145a3bc-7d60-5fbe-bc06-936c79a19607"",""yes_price_dollars"":""0.4900""}"
KXETH15M-26APR271515-15,414b6ba2-53d0-408e-fd61-9e3c877c80cf,1777316413,0.49,1.0,no,"{""count_fp"":""1.00"",""created_time"":""2026-04-27T19:00:13.274905Z"",""no_price_dollars"":""0.5100"",""taker_side"":""no"",""ticker"":""KXETH15M-26APR271515-15"",""trade_id"":""414b6ba2-53d0-408e-fd61-9e3c877c80cf"",""yes_price_dollars"":""0.4900""}"
KXETH15M-26APR271515-15,a14a8d5d-7eea-60ee-5457-6afff33d6242,1777316414,0.5,3.0,no,"{""count_fp"":""3.00"",""created_time"":""2026-04-27T19:00:14.215439Z"",""no_price_dollars"":""0.5000"",""taker_side"":""no"",""ticker"":""KXETH15M-26APR271515-15"",""trade_id"":""a14a8d5d-7eea-60ee-5457-6afff33d6242"",""yes_price_dollars"":""0.5000""}"
KXETH15M-26APR271515-15,714e0911-0521-4a86-294a-ec253d9cb96a,1777316416,0.52,1.0,yes,"{""count_fp"":""1.00"",""created_time"":""2026-04-27T19:00:16.283982Z"",""no_price_dollars"":""0.4800"",""taker_side"":""yes"",""ticker"":""KXETH15M-26APR271515-15"",""trade_id"":""714e0911-0521-4a86-294a-ec253d9cb96a"",""yes_price_dollars"":""0.5200""}"
KXETH15M-26APR271515-15,b59cff3a-ac54-5b27-12d1-0e2e3bfaca70,1777316420,0.56,31.4,yes,"{""count_fp"":""31.40"",""created_time"":""2026-04-27T19:00:20.117283Z"",""no_price_dollars"":""0.4400"",""taker_side"":""yes"",""ticker"":""KXETH15M-26APR271515-15"",""trade_id"":""b59cff3a-ac54-5b27-12d1-0e2e3bfaca70"",""yes_price_dollars"":""0.5600""}"
KXETH15M-26APR271515-15,749fc307-0b8e-575c-390d-8d402a65bbe9,1777316420,0.54,1.0,yes,"{""count_fp"":""1.00"",""created_time"":""2026-04-27T19:00:20.117283Z"",""no_price_dollars"":""0.4600"",""taker_side"":""yes"",""ticker"":""KXETH15M-26APR271515-15"",""trade_id"":""749fc307-0b8e-575c-390d-8d402a65bbe9"",""yes_price_dollars"":""0.5400""}"
KXETH15M-26APR271515-15,a9f94d81-51d0-7eb7-06b1-0a7028c3efc4,1777316423,0.58,7.43,yes,"{""count_fp"":""7.43"",""created_time"":""2026-04-27T19:00:23.812829Z"",""no_price_dollars"":""0.4200"",""taker_side"":""yes"",""ticker"":""KXETH15M-26APR271515-15"",""trade_id"":""a9f94d81-51d0-7eb7-06b1-0a7028c3efc4"",""yes_price_dollars"":""0.5800""}"
KXETH15M-26APR271515-15,60a23c52-0367-7627-29bd-7493453ffb24,1777316423,0.54,1.0,yes,"{""count_fp"":""1.00"",""created_time"":""2026-04-27T19:00:23.812829Z"",""no_price_dollars"":""0.4600"",""taker_side"":""yes"",""ticker"":""KXETH15M-26APR271515-15"",""trade_id"":""60a23c52-0367-7627-29bd-7493453ffb24"",""yes_price_dollars"":""0.5400""}"
KXETH15M-26APR271515-15,986a4c51-9e30-73dc-ff79-815325fd2d96,1777316426,0.54,4.0,yes,"{""count_fp"":""4.00"",""created_time"":""2026-04-27T19:00:26.760759Z"",""no_price_dollars"":""0.4600"",""taker_side"":""yes"",""ticker"":""KXETH15M-26APR271515-15"",""trade_id"":""986a4c51-9e30-73dc-ff79-815325fd2d96"",""yes_price_dollars"":""0.5400""}"
KXETH15M-26APR271515-15,3e37d987-1ee8-785e-d5a5-0f678d51037f,1777316426,0.52,1.0,yes,"{""count_fp"":""1.00"",""created_time"":""2026-04-27T19:00:26.760759Z"",""no_price_dollars"":""0.4800"",""taker_side"":""yes"",""ticker"":""KXETH15M-26APR271515-15"",""trade_id"":""3e37d987-1ee8-785e-d5a5-0f678d51037f"",""yes_price_dollars"":""0.5200""}"
KXETH15M-26APR271515-15,ba4b0683-04e9-67c4-8de2-914f378b207d,1777316428,0.51,4.85,no,"{""count_fp"":""4.85"",""created_time"":""2026-04-27T19:00:28.727536Z"",""no_price_dollars"":""0.4900"",""taker_side"":""no"",""ticker"":""KXETH15M-26APR271515-15"",""trade_id"":""ba4b0683-04e9-67c4-8de2-914f378b207d"",""yes_price_dollars"":""0.5100""}"
KXETH15M-26APR271515-15,33030796-d541-6378-8a75-f2dd6bc4c95d,1777316428,0.51,5.0,no,"{""count_fp"":""5.00"",""created_time"":""2026-04-27T19:00:28.727536Z"",""no_price_dollars"":""0.4900"",""taker_side"":""no"",""ticker"":""KXETH15M-26APR271515-15"",""trade_id"":""33030796-d541-6378-8a75-f2dd6bc4c95d"",""yes_price_dollars"":""0.5100""}"
KXETH15M-26APR271515-15,8cb4578d-94b9-754d-7f8f-5d6a4cd26d4a,1777316429,0.57,96.16,yes,"{""count_fp"":""96.16"",""created_time"":""2026-04-27T19:00:29.513101Z"",""no_price_dollars"":""0.4300"",""taker_side"":""yes"",""ticker"":""KXETH15M-26APR271515-15"",""trade_id"":""8cb4578d-94b9-754d-7f8f-5d6a4cd26d4a"",""yes_price_dollars"":""0.5700""}"
KXETH15M-26APR271515-15,395be28a-e274-78d3-7357-9b04899cb370,1777316429,0.56,31.17,yes,"{""count_fp"":""31.17"",""created_time"":""2026-04-27T19:00:29.513101Z"",""no_price_dollars"":""0.4400"",""taker_side"":""yes"",""ticker"":""KXETH15M-26APR271515-15"",""trade_id"":""395be28a-e274-78d3-7357-9b04899cb370"",""yes_price_dollars"":""0.5600""}"
KXETH15M-26APR271515-15,07748363-0cdf-7ee6-4bf1-3d1803ca383d,1777316429,0.52,1.0,yes,"{""count_fp"":""1.00"",""created_time"":""2026-04-27T19:00:29.513101Z"",""no_price_dollars"":""0.4800"",""taker_side"":""yes"",""ticker"":""KXETH15M-26APR271515-15"",""trade_id"":""07748363-0cdf-7ee6-4bf1-3d1803ca383d"",""yes_price_dollars"":""0.5200""}"
KXETH15M-26APR271515-15,cc1a6fa4-3776-4c90-11e3-cd9595a94246,1777316432,0.52,1.0,yes,"{""count_fp"":""1.00"",""created_time"":""2026-04-27T19:00:32.455058Z"",""no_price_dollars"":""0.4800"",""taker_side"":""yes"",""ticker"":""KXETH15M-26APR271515-15"",""trade_id"":""cc1a6fa4-3776-4c90-11e3-cd9595a94246"",""yes_price_dollars"":""0.5200""}"
KXETH15M-26APR271515-15,52d4be7c-4781-4efd-0785-3a9a908ca1e5,1777316432,0.54,6.86,yes,"{""count_fp"":""6.86"",""created_time"":""2026-04-27T19:00:32.455058Z"",""no_price_dollars"":""0.4600"",""taker_side"":""yes"",""ticker"":""KXETH15M-26APR271515-15"",""trade_id"":""52d4be7c-4781-4efd-0785-3a9a908ca1e5"",""yes_price_dollars"":""0.5400""}"
KXETH15M-26APR271515-15,ef889dec-6d09-6bf0-7445-18d09ca97601,1777316440,0.51,18.02,no,"{""count_fp"":""18.02"",""created_time"":""2026-04-27T19:00:40.274861Z"",""no_price_dollars"":""0.4900"",""taker_side"":""no"",""ticker"":""KXETH15M-26APR271515-15"",""trade_id"":""ef889dec-6d09-6bf0-7445-18d09ca97601"",""yes_price_dollars"":""0.5100""}"
KXETH15M-26APR271515-15,1b64beaa-88f3-69b8-4b1a-5e940c2b1155,1777316440,0.51,10.98,no,"{""count_fp"":""10.98"",""created_time"":""2026-04-27T19:00:40.274861Z"",""no_price_dollars"":""0.4900"",""taker_side"":""no"",""ticker"":""KXETH15M-26APR271515-15"",""trade_id"":""1b64beaa-88f3-69b8-4b1a-5e940c2b1155"",""yes_price_dollars"":""0.5100""}"
KXETH15M-26APR271515-15,2a27cd8a-0204-45be-1d1d-2b4881ee11ba,1777316446,0.52,1.0,no,"{""count_fp"":""1.00"",""created_time"":""2026-04-27T19:00:46.617293Z"",""no_price_dollars"":""0.4800"",""taker_side"":""no"",""ticker"":""KXETH15M-26APR271515-15"",""trade_id"":""2a27cd8a-0204-45be-1d1d-2b4881ee11ba"",""yes_price_dollars"":""0.5200""}"
KXETH15M-26APR271515-15,853376ca-8f08-45fe-834e-9f69253d552a,1777316450,0.52,2.0,no,"{""count_fp"":""2.00"",""created_time"":""2026-04-27T19:00:50.522183Z"",""no_price_dollars"":""0.4800"",""taker_side"":""no"",""ticker"":""KXETH15M-26APR271515-15"",""trade_id"":""853376ca-8f08-45fe-834e-9f69253d552a"",""yes_price_dollars"":""0.5200""}"
KXETH15M-26APR271515-15,5c1dcf5a-a1c7-4dda-05a8-98e06682fe94,1777316451,0.53,1.0,yes,"{""count_fp"":""1.00"",""created_time"":""2026-04-27T19:00:51.499433Z"",""no_price_dollars"":""0.4700"",""taker_side"":""yes"",""ticker"":""KXETH15M-26APR271515-15"",""trade_id"":""5c1dcf5a-a1c7-4dda-05a8-98e06682fe94"",""yes_price_dollars"":""0.5300""}"
KXETH15M-26APR271515-15,4116834e-88ee-6486-456e-ab933f0459f5,1777316459,0.53,1.0,no,"{""count_fp"":""1.00"",""created_time"":""2026-04-27T19:00:59.056674Z"",""no_price_dollars"":""0.4700"",""taker_side"":""no"",""ticker"":""KXETH15M-26APR271515-15"",""trade_id"":""4116834e-88ee-6486-456e-ab933f0459f5"",""yes_price_dollars"":""0.5300""}"
KXETH15M-26APR271515-15,d54b3588-ec70-6537-84c5-b44a8f088cc6,1777316462,0.56,1.0,yes,"{""count_fp"":""1.00"",""created_time"":""2026-04-27T19:01:02.079421Z"",""no_price_dollars"":""0.4400"",""taker_side"":""yes"",""ticker"":""KXETH15M-26APR271515-15"",""trade_id"":""d54b3588-ec70-6537-84c5-b44a8f088cc6"",""yes_price_dollars"":""0.5600""}"
KXETH15M-26APR271515-15,2b23f8bd-3188-7aa0-4943-1e3cbe0d68a4,1777316463,0.6,2.0,no,"{""count_fp"":""2.00"",""created_time"":""2026-04-27T19:01:03.711389Z"",""no_price_dollars"":""0.4000"",""taker_side"":""no"",""ticker"":""KXETH15M-26APR271515-15"",""trade_id"":""2b23f8bd-3188-7aa0-4943-1e3cbe0d68a4"",""yes_price_dollars"":""0.6000""}"
KXETH15M-26APR271515-15,a4ca47e8-2a79-72b5-60ee-68ed7e4c049a,1777316465,0.62,1.0,yes,"{""count_fp"":""1.00"",""created_time"":""2026-04-27T19:01:05.128928Z"",""no_price_dollars"":""0.3800"",""taker_side"":""yes"",""ticker"":""KXETH15M-26APR271515-15"",""trade_id"":""a4ca47e8-2a79-72b5-60ee-68ed7e4c049a"",""yes_price_dollars"":""0.6200""}"
KXETH15M-26APR271515-15,a1fd3d88-ca19-4e05-f148-081693ed3e0b,1777316469,0.6,1.0,no,"{""count_fp"":""1.00"",""created_time"":""2026-04-27T19:01:09.806322Z"",""no_price_dollars"":""0.4000"",""taker_side"":""no"",""ticker"":""KXETH15M-26APR271515-15"",""trade_id"":""a1fd3d88-ca19-4e05-f148-081693ed3e0b"",""yes_price_dollars"":""0.6000""}"
KXETH15M-26APR271515-15,03a9db20-9e02-4ff4-d63b-63da0c3103fa,1777316469,0.59,1.0,no,"{""count_fp"":""1.00"",""created_time"":""2026-04-27T19:01:09.806322Z"",""no_price_dollars"":""0.4100"",""taker_side"":""no"",""ticker"":""KXETH15M-26APR271515-15"",""trade_id"":""03a9db20-9e02-4ff4-d63b-63da0c3103fa"",""yes_price_dollars"":""0.5900""}"
KXETH15M-26APR271515-15,91014af6-d29d-7005-94db-40c512f50ab6,1777316470,0.61,4.78,yes,"{""count_fp"":""4.78"",""created_time"":""2026-04-27T19:01:10.153405Z"",""no_price_dollars"":""0.3900"",""taker_side"":""yes"",""ticker"":""KXETH15M-26APR271515-15"",""trade_id"":""91014af6-d29d-7005-94db-40c512f50ab6"",""yes_price_dollars"":""0.6100""}"
KXETH15M-26APR271515-15,84041ecf-bd89-4245-2533-d99781bc9542,1777316485,0.63,1.0,yes,"{""count_fp"":""1.00"",""created_time"":""2026-04-27T19:01:25.619308Z"",""no_price_dollars"":""0.3700"",""taker_side"":""yes"",""ticker"":""KXETH15M-26APR271515-15"",""trade_id"":""84041ecf-bd89-4245-2533-d99781bc9542"",""yes_price_dollars"":""0.6300""}"
KXETH15M-26APR271515-15,8bd6d091-f569-5745-ef38-8896cb7d8cc6,1777316485,0.63,104.6,yes,"{""count_fp"":""104.60"",""created_time"":""2026-04-27T19:01:25.342325Z"",""no_price_dollars"":""0.3700"",""taker_side"":""yes"",""ticker"":""KXETH15M-26APR271515-15"",""trade_id"":""8bd6d091-f569-5745-ef38-8896cb7d8cc6"",""yes_price_dollars"":""0.6300""}"
KXETH15M-26APR271515-15,fe414c3c-6e19-5af0-56aa-61c57c4bdb65,1777316487,0.59,100.0,no,"{""count_fp"":""100.00"",""created_time"":""2026-04-27T19:01:27.600782Z"",""no_price_dollars"":""0.4100"",""taker_side"":""no"",""ticker"":""KXETH15M-26APR271515-15"",""trade_id"":""fe414c3c-6e19-5af0-56aa-61c57c4bdb65"",""yes_price_dollars"":""0.5900""}"
KXETH15M-26APR271515-15,d6d59be1-860e-5326-482c-df5b38083226,1777316487,0.57,1.0,no,"{""count_fp"":""1.00"",""created_time"":""2026-04-27T19:01:27.600782Z"",""no_price_dollars"":""0.4300"",""taker_side"":""no"",""ticker"":""KXETH15M-26APR271515-15"",""trade_id"":""d6d59be1-860e-5326-482c-df5b38083226"",""yes_price_dollars"":""0.5700""}"
KXETH15M-26APR271515-15,ceccdf4f-de47-5e1b-7407-d9d0cb37081f,1777316487,0.58,1.0,no,"{""count_fp"":""1.00"",""created_time"":""2026-04-27T19:01:27.600782Z"",""no_price_dollars"":""0.4200"",""taker_side"":""no"",""ticker"":""KXETH15M-26APR271515-15"",""trade_id"":""ceccdf4f-de47-5e1b-7407-d9d0cb37081f"",""yes_price_dollars"":""0.5800""}"
KXETH15M-26APR271515-15,70d1bba2-f1cc-5406-4bc1-4099cf692e67,1777316487,0.57,15.33,no,"{""count_fp"":""15.33"",""created_time"":""2026-04-27T19:01:27.600782Z"",""no_price_dollars"":""0.4300"",""taker_side"":""no"",""ticker"":""KXETH15M-26APR271515-15"",""trade_id"":""70d1bba2-f1cc-5406-4bc1-4099cf692e67"",""yes_price_dollars"":""0.5700""}"
KXETH15M-26APR271515-15,688ea03c-f4cb-5dae-62bd-7145dcf560d5,1777316487,0.61,1.0,no,"{""count_fp"":""1.00"",""created_time"":""2026-04-27T19:01:27.600782Z"",""no_price_dollars"":""0.3900"",""taker_side"":""no"",""ticker"":""KXETH15M-26APR271515-15"",""trade_id"":""688ea03c-f4cb-5dae-62bd-7145dcf560d5"",""yes_price_dollars"":""0.6100""}"
KXETH15M-26APR271515-15,5d33c59b-08ec-5b1d-786c-f34934f1c3af,1777316487,0.58,10.0,no,"{""count_fp"":""10.00"",""created_time"":""2026-04-27T19:01:27.600782Z"",""no_price_dollars"":""0.4200"",""taker_side"":""no"",""ticker"":""KXETH15M-26APR271515-15"",""trade_id"":""5d33c59b-08ec-5b1d-786c-f34934f1c3af"",""yes_price_dollars"":""0.5800""}"
KXETH15M-26APR271515-15,1f076a79-aa28-7941-901c-fb4556c537eb,1777316488,0.61,1.0,yes,"{""count_fp"":""1.00"",""created_time"":""2026-04-27T19:01:28.559935Z"",""no_price_dollars"":""0.3900"",""taker_side"":""yes"",""ticker"":""KXETH15M-26APR271515-15"",""trade_id"":""1f076a79-aa28-7941-901c-fb4556c537eb"",""yes_price_dollars"":""0.6100""}"
KXETH15M-26APR271515-15,1df8ccb8-62d7-78b1-a63c-b732f1c4588f,1777316488,0.61,5.0,yes,"{""count_fp"":""5.00"",""created_time"":""2026-04-27T19:01:28.559935Z"",""no_price_dollars"":""0.3900"",""taker_side"":""yes"",""ticker"":""KXETH15M-26APR271515-15"",""trade_id"":""1df8ccb8-62d7-78b1-a63c-b732f1c4588f"",""yes_price_dollars"":""0.6100""}"
KXETH15M-26APR271515-15,a47c1795-2c7c-6e38-7002-db1ef06654e4,1777316488,0.6,22.2,yes,"{""count_fp"":""22.20"",""created_time"":""2026-04-27T19:01:28.241007Z"",""no_price_dollars"":""0.4000"",""taker_side"":""yes"",""ticker"":""KXETH15M-26APR271515-15"",""trade_id"":""a47c1795-2c7c-6e38-7002-db1ef06654e4"",""yes_price_dollars"":""0.6000""}"
KXETH15M-26APR271515-15,3bc14674-e74f-67e1-6d97-b0d9cfdca9fc,1777316488,0.6,1.0,yes,"{""count_fp"":""1.00"",""created_time"":""2026-04-27T19:01:28.241007Z"",""no_price_dollars"":""0.4000"",""taker_side"":""yes"",""ticker"":""KXETH15M-26APR271515-15"",""trade_id"":""3bc14674-e74f-67e1-6d97-b0d9cfdca9fc"",""yes_price_dollars"":""0.6000""}"
KXETH15M-26APR271515-15,84c26b05-2135-6c09-3bc8-d422c59faee7,1777316490,0.55,1.0,no,"{""count_fp"":""1.00"",""created_time"":""2026-04-27T19:01:30.463871Z"",""no_price_dollars"":""0.4500"",""taker_side"":""no"",""ticker"":""KXETH15M-26APR271515-15"",""trade_id"":""84c26b05-2135-6c09-3bc8-d422c59faee7"",""yes_price_dollars"":""0.5500""}"
KXETH15M-26APR271515-15,18e22768-dae3-6564-38e5-2cf9e2226f98,1777316490,0.55,20.39,no,"{""count_fp"":""20.39"",""created_time"":""2026-04-27T19:01:30.463871Z"",""no_price_dollars"":""0.4500"",""taker_side"":""no"",""ticker"":""KXETH15M-26APR271515-15"",""trade_id"":""18e22768-dae3-6564-38e5-2cf9e2226f98"",""yes_price_dollars"":""0.5500""}"
KXETH15M-26APR271515-15,9f44258e-c2db-7e5d-3d97-a10d2d3d3784,1777316500,0.58,10.0,yes,"{""count_fp"":""10.00"",""created_time"":""2026-04-27T19:01:40.911614Z"",""no_price_dollars"":""0.4200"",""taker_side"":""yes"",""ticker"":""KXETH15M-26APR271515-15"",""trade_id"":""9f44258e-c2db-7e5d-3d97-a10d2d3d3784"",""yes_price_dollars"":""0.5800""}"
KXETH15M-26APR271515-15,45eb2d5b-3dac-788c-2483-e8e26f6b097c,1777316500,0.59,6.54,yes,"{""count_fp"":""6.54"",""created_time"":""2026-04-27T19:01:40.911614Z"",""no_price_dollars"":""0.4100"",""taker_side"":""yes"",""ticker"":""KXETH15M-26APR271515-15"",""trade_id"":""45eb2d5b-3dac-788c-2483-e8e26f6b097c"",""yes_price_dollars"":""0.5900""}"
KXETH15M-26APR271515-15,b6984644-f585-5b7c-c8bb-37b76e77b6ba,1777316502,0.56,1.0,no,"{""count_fp"":""1.00"",""created_time"":""2026-04-27T19:01:42.811914Z"",""no_price_dollars"":""0.4400"",""taker_side"":""no"",""ticker"":""KXETH15M-26APR271515-15"",""trade_id"":""b6984644-f585-5b7c-c8bb-37b76e77b6ba"",""yes_price_dollars"":""0.5600""}"
KXETH15M-26APR271515-15,faf8d432-b555-41c4-b045-cb37a2dcf861,1777316502,0.59,7.7,yes,"{""count_fp"":""7.70"",""created_time"":""2026-04-27T19:01:42.673703Z"",""no_price_dollars"":""0.4100"",""taker_side"":""yes"",""ticker"":""KXETH15M-26APR271515-15"",""trade_id"":""faf8d432-b555-41c4-b045-cb37a2dcf861"",""yes_price_dollars"":""0.5900""}"
KXETH15M-26APR271515-15,c4352f0e-cb50-478c-9957-e2b1e5b18078,1777316502,0.59,8.62,yes,"{""count_fp"":""8.62"",""created_time"":""2026-04-27T19:01:42.673703Z"",""no_price_dollars"":""0.4100"",""taker_side"":""yes"",""ticker"":""KXETH15M-26APR271515-15"",""trade_id"":""c4352f0e-cb50-478c-9957-e2b1e5b18078"",""yes_price_dollars"":""0.5900""}"
KXETH15M-26APR271515-15,e51255f8-71e5-514c-2e78-9e00bf849382,1777316502,0.56,2.37,no,"{""count_fp"":""2.37"",""created_time"":""2026-04-27T19:01:42.585782Z"",""no_price_dollars"":""0.4400"",""taker_side"":""no"",""ticker"":""KXETH15M-26APR271515-15"",""trade_id"":""e51255f8-71e5-514c-2e78-9e00bf849382"",""yes_price_dollars"":""0.5600""}"
KXETH15M-26APR271515-15,4c6174b3-6b86-534b-2608-8f5a9e886b41,1777316502,0.56,2.0,no,"{""count_fp"":""2.00"",""created_time"":""2026-04-27T19:01:42.585782Z"",""no_price_dollars"":""0.4400"",""taker_side"":""no"",""ticker"":""KXETH15M-26APR271515-15"",""trade_id"":""4c6174b3-6b86-534b-2608-8f5a9e886b41"",""yes_price_dollars"":""0.5600""}"
KXETH15M-26APR271515-15,51c506b1-0d8a-5280-342b-198ddd51c499,1777316503,0.56,0.63,no,"{""count_fp"":""0.63"",""created_time"":""2026-04-27T19:01:43.009363Z"",""no_price_dollars"":""0.4400"",""taker_side"":""no"",""ticker"":""KXETH15M-26APR271515-15"",""trade_id"":""51c506b1-0d8a-5280-342b-198ddd51c499"",""yes_price_dollars"":""0.5600""}"
KXETH15M-26APR271515-15,30ce0c91-d86a-5f6f-3108-df0ce42fbe67,1777316504,0.53,34.0,no,"{""count_fp"":""34.00"",""created_time"":""2026-04-27T19:01:44.752682Z"",""no_price_dollars"":""0.4700"",""taker_side"":""no"",""ticker"":""KXETH15M-26APR271515-15"",""trade_id"":""30ce0c91-d86a-5f6f-3108-df0ce42fbe67"",""yes_price_dollars"":""0.5300""}"
KXETH15M-26APR271515-15,31e610f7-48f8-780e-fb08-f97b6fac098c,1777316507,0.51,3.0,yes,"{""count_fp"":""3.00"",""created_time"":""2026-04-27T19:01:47.614956Z"",""no_price_dollars"":""0.4900"",""taker_side"":""yes"",""ticker"":""KXETH15M-26APR271515-15"",""trade_id"":""31e610f7-48f8-780e-fb08-f97b6fac098c"",""yes_price_dollars"":""0.5100""}"
KXETH15M-26APR271515-15,fd7289c1-b451-5d2b-c885-41a5eb5849e7,1777316507,0.51,1.0,no,"{""count_fp"":""1.00"",""created_time"":""2026-04-27T19:01:47.365641Z"",""no_price_dollars"":""0.4900"",""taker_side"":""no"",""ticker"":""KXETH15M-26APR271515-15"",""trade_id"":""fd7289c1-b451-5d2b-c885-41a5eb5849e7"",""yes_price_dollars"":""0.5100""}"
KXETH15M-26APR271515-15,abe2079b-832a-5d4a-d9c7-fecfac7ca04a,1777316507,0.5,0.94,no,"{""count_fp"":""0.94"",""created_time"":""2026-04-27T19:01:47.365641Z"",""no_price_dollars"":""0.5000"",""taker_side"":""no"",""ticker"":""KXETH15M-26APR271515-15"",""trade_id"":""abe2079b-832a-5d4a-d9c7-fecfac7ca04a"",""yes_price_dollars"":""0.5000""}"
KXETH15M-26APR271515-15,967badea-068e-58b9-7aa6-dca72e1e6bd0,1777316509,0.54,5.81,no,"{""count_fp"":""5.81"",""created_time"":""2026-04-27T19:01:49.298529Z"",""no_price_dollars"":""0.4600"",""taker_side"":""no"",""ticker"":""KXETH15M-26APR271515-15"",""trade_id"":""967badea-068e-58b9-7aa6-dca72e1e6bd0"",""yes_price_dollars"":""0.5400""}"
KXETH15M-26APR271515-15,7f7c4b7a-e41e-48bb-439d-92601842609c,1777316511,0.52,1.0,yes,"{""count_fp"":""1.00"",""created_time"":""2026-04-27T19:01:51.884902Z"",""no_price_dollars"":""0.4800"",""taker_side"":""yes"",""ticker"":""KXETH15M-26APR271515-15"",""trade_id"":""7f7c4b7a-e41e-48bb-439d-92601842609c"",""yes_price_dollars"":""0.5200""}"
KXETH15M-26APR271515-15,ad50c673-caba-6819-fe05-0dc97bf977f7,1777316515,0.55,1.0,yes,"{""count_fp"":""1.00"",""created_time"":""2026-04-27T19:01:55.624499Z"",""no_price_dollars"":""0.4500"",""taker_side"":""yes"",""ticker"":""KXETH15M-26APR271515-15"",""trade_id"":""ad50c673-caba-6819-fe05-0dc97bf977f7"",""yes_price_dollars"":""0.5500""}"
KXETH15M-26APR271515-15,7b583e61-7b1f-6a35-e277-556a1127c723,1777316515,0.57,21.24,yes,"{""count_fp"":""21.24"",""created_time"":""2026-04-27T19:01:55.624499Z"",""no_price_dollars"":""0.4300"",""taker_side"":""yes"",""ticker"":""KXETH15M-26APR271515-15"",""trade_id"":""7b583e61-7b1f-6a35-e277-556a1127c723"",""yes_price_dollars"":""0.5700""}"
KXETH15M-26APR271515-15,30a0ff56-0212-6df3-f04d-bfcbf1cc6c93,1777316515,0.56,10.0,yes,"{""count_fp"":""10.00"",""created_time"":""2026-04-27T19:01:55.624499Z"",""no_price_dollars"":""0.4400"",""taker_side"":""yes"",""ticker"":""KXETH15M-26APR271515-15"",""trade_id"":""30a0ff56-0212-6df3-f04d-bfcbf1cc6c93"",""yes_price_dollars"":""0.5600""}"
KXETH15M-26APR271515-15,05e901e4-18f7-612e-f260-a6f41165eddd,1777316515,0.57,2.0,yes,"{""count_fp"":""2.00"",""created_time"":""2026-04-27T19:01:55.624499Z"",""no_price_dollars"":""0.4300"",""taker_side"":""yes"",""ticker"":""KXETH15M-26APR271515-15"",""trade_id"":""05e901e4-18f7-612e-f260-a6f41165eddd"",""yes_price_dollars"":""0.5700""}"
KXETH15M-26APR271515-15,f12595ff-5a7c-457b-b036-61d04bc0f33b,1777316518,0.53,10.0,no,"{""count_fp"":""10.00"",""created_time"":""2026-04-27T19:01:58.165287Z"",""no_price_dollars"":""0.4700"",""taker_side"":""no"",""ticker"":""KXETH15M-26APR271515-15"",""trade_id"":""f12595ff-5a7c-457b-b036-61d04bc0f33b"",""yes_price_dollars"":""0.5300""}"
KXETH15M-26APR271515-15,e166a9a4-f3cc-4b1e-966a-6a3b9b3a7e90,1777316518,0.53,10.56,no,"{""count_fp"":""10.56"",""created_time"":""2026-04-27T19:01:58.165287Z"",""no_price_dollars"":""0.4700"",""taker_side"":""no"",""ticker"":""KXETH15M-26APR271515-15"",""trade_id"":""e166a9a4-f3cc-4b1e-966a-6a3b9b3a7e90"",""yes_price_dollars"":""0.5300""}"
KXETH15M-26APR271515-15,a52c64fb-b787-4910-a5c7-aebfb17a25a8,1777316518,0.53,51.39,no,"{""count_fp"":""51.39"",""created_time"":""2026-04-27T19:01:58.165287Z"",""no_price_dollars"":""0.4700"",""taker_side"":""no"",""ticker"":""KXETH15M-26APR271515-15"",""trade_id"":""a52c64fb-b787-4910-a5c7-aebfb17a25a8"",""yes_price_dollars"":""0.5300""}"
KXETH15M-26APR271515-15,d5a3f568-1d2c-5832-f4ac-3d14c14d7811,1777316524,0.61,10.0,yes,"{""count_fp"":""10.00"",""created_time"":""2026-04-27T19:02:04.478318Z"",""no_price_dollars"":""0.3900"",""taker_side"":""yes"",""ticker"":""KXETH15M-26APR271515-15"",""trade_id"":""d5a3f568-1d2c-5832-f4ac-3d14c14d7811"",""yes_price_dollars"":""0.6100""}"
KXETH15M-26APR271515-15,9be11255-dcc8-5ef4-f508-b526481f2fbc,1777316524,0.61,10.95,yes,"{""count_fp"":""10.95"",""created_time"":""2026-04-27T19:02:04.478318Z"",""no_price_dollars"":""0.3900"",""taker_side"":""yes"",""ticker"":""KXETH15M-26APR271515-15"",""trade_id"":""9be11255-dcc8-5ef4-f508-b526481f2fbc"",""yes_price_dollars"":""0.6100""}"
KXETH15M-26APR271515-15,54a3d932-11f0-5afd-e591-5a989876f158,1777316524,0.61,8.1,yes,"{""count_fp"":""8.10"",""created_time"":""2026-04-27T19:02:04.478318Z"",""no_price_dollars"":""0.3900"",""taker_side"":""yes"",""ticker"":""KXETH15M-26APR271515-15"",""trade_id"":""54a3d932-11f0-5afd-e591-5a989876f158"",""yes_price_dollars"":""0.6100""}"
KXETH15M-26APR271515-15,3964d895-aaa9-55ad-fdb4-708bfb9f2d4e,1777316524,0.62,20.95,yes,"{""count_fp"":""20.95"",""created_time"":""2026-04-27T19:02:04.478318Z"",""no_price_dollars"":""0.3800"",""taker_side"":""yes"",""ticker"":""KXETH15M-26APR271515-15"",""trade_id"":""3964d895-aaa9-55ad-fdb4-708bfb9f2d4e"",""yes_price_dollars"":""0.6200""}"
KXETH15M-26APR271515-15,08d3eedc-ea97-4200-8bcf-5e426aa7dcb4,1777316526,0.55,64.19,no,"{""count_fp"":""64.19"",""created_time"":""2026-04-27T19:02:06.261329Z"",""no_price_dollars"":""0.4500"",""taker_side"":""no"",""ticker"":""KXETH15M-26APR271515-15"",""trade_id"":""08d3eedc-ea97-4200-8bcf-5e426aa7dcb4"",""yes_price_dollars"":""0.5500""}"
KXETH15M-26APR271515-15,b8e18b80-4c5a-7f2f-1506-cab015342cde,1777316527,0.59,7.7,yes,"{""count_fp"":""7.70"",""created_time"":""2026-04-27T19:02:07.621265Z"",""no_price_dollars"":""0.4100"",""taker_side"":""yes"",""ticker"":""KXETH15M-26APR271515-15"",""trade_id"":""b8e18b80-4c5a-7f2f-1506-cab015342cde"",""yes_price_dollars"":""0.5900""}"
KXETH15M-26APR271515-15,b5d52fbd-2d4e-7450-0007-b963a0f58f39,1777316527,0.6,70.0,yes,"{""count_fp"":""70.00"",""created_time"":""2026-04-27T19:02:07.621265Z"",""no_price_dollars"":""0.4000"",""taker_side"":""yes"",""ticker"":""KXETH15M-26APR271515-15"",""trade_id"":""b5d52fbd-2d4e-7450-0007-b963a0f58f39"",""yes_price_dollars"":""0.6000""}"
KXETH15M-26APR271515-15,991e5cbc-68a1-752d-398d-c4dd5a289d22,1777316527,0.61,39.15,yes,"{""count_fp"":""39.15"",""created_time"":""2026-04-27T19:02:07.621265Z"",""no_price_dollars"":""0.3900"",""taker_side"":""yes"",""ticker"":""KXETH15M-26APR271515-15"",""trade_id"":""991e5cbc-68a1-752d-398d-c4dd5a289d22"",""yes_price_dollars"":""0.6100""}"
KXETH15M-26APR271515-15,59f5f625-1ff3-7fcc-07a7-02afd13c6ff1,1777316527,0.59,1.0,yes,"{""count_fp"":""1.00"",""created_time"":""2026-04-27T19:02:07.621265Z"",""no_price_dollars"":""0.4100"",""taker_side"":""yes"",""ticker"":""KXETH15M-26APR271515-15"",""trade_id"":""59f5f625-1ff3-7fcc-07a7-02afd13c6ff1"",""yes_price_dollars"":""0.5900""}"
KXETH15M-26APR271515-15,fb33b40e-898e-71b3-d568-33362e7bd645,1777316532,0.55,2.27,no,"{""count_fp"":""2.27"",""created_time"":""2026-04-27T19:02:12.202996Z"",""no_price_dollars"":""0.4500"",""taker_side"":""no"",""ticker"":""KXETH15M-26APR271515-15"",""trade_id"":""fb33b40e-898e-71b3-d568-33362e7bd645"",""yes_price_dollars"":""0.5500""}"
KXETH15M-26APR271515-15,a7360c99-a063-7c4d-ea2d-901012ce8a9f,1777316532,0.55,2.0,no,"{""count_fp"":""2.00"",""created_time"":""2026-04-27T19:02:12.202996Z"",""no_price_dollars"":""0.4500"",""taker_side"":""no"",""ticker"":""KXETH15M-26APR271515-15"",""trade_id"":""a7360c99-a063-7c4d-ea2d-901012ce8a9f"",""yes_price_dollars"":""0.5500""}"
KXETH15M-26APR271515-15,a79d2f30-b406-5c3b-5ad6-289ec1bb7b6d,1777316536,0.55,4.27,no,"{""count_fp"":""4.27"",""created_time"":""2026-04-27T19:02:16.611744Z"",""no_price_dollars"":""0.4500"",""taker_side"":""no"",""ticker"":""KXETH15M-26APR271515-15"",""trade_id"":""a79d2f30-b406-5c3b-5ad6-289ec1bb7b6d"",""yes_price_dollars"":""0.5500""}"
KXETH15M-26APR271515-15,eecf40f6-925b-693d-45f3-61212ab40c1b,1777316543,0.53,2.0,no,"{""count_fp"":""2.00"",""created_time"":""2026-04-27T19:02:23.335473Z"",""no_price_dollars"":""0.4700"",""taker_side"":""no"",""ticker"":""KXETH15M-26APR271515-15"",""trade_id"":""eecf40f6-925b-693d-45f3-61212ab40c1b"",""yes_price_dollars"":""0.5300""}"
KXETH15M-26APR271515-15,cd223bc7-92bc-6282-5f5f-723a5db9429f,1777316543,0.49,10.0,no,"{""count_fp"":""10.00"",""created_time"":""2026-04-27T19:02:23.335473Z"",""no_price_dollars"":""0.5100"",""taker_side"":""no"",""ticker"":""KXETH15M-26APR271515-15"",""trade_id"":""cd223bc7-92bc-6282-5f5f-723a5db9429f"",""yes_price_dollars"":""0.4900""}"
KXETH15M-26APR271515-15,b8a58a3d-5de1-6fe9-6d1a-18156ccdb552,1777316543,0.49,1.0,no,"{""count_fp"":""1.00"",""created_time"":""2026-04-27T19:02:23.335473Z"",""no_price_dollars"":""0.5100"",""taker_side"":""no"",""ticker"":""KXETH15M-26APR271515-15"",""trade_id"":""b8a58a3d-5de1-6fe9-6d1a-18156ccdb552"",""yes_price_dollars"":""0.4900""}"
KXETH15M-26APR271515-15,24c00a10-9204-444e-d56f-e0eb0a615dfb,1777316544,0.48,1.0,no,"{""count_fp"":""1.00"",""created_time"":""2026-04-27T19:02:24.711957Z"",""no_price_dollars"":""0.5200"",""taker_side"":""no"",""ticker"":""KXETH15M-26APR271515-15"",""trade_id"":""24c00a10-9204-444e-d56f-e0eb0a615dfb"",""yes_price_dollars"":""0.4800""}"
KXETH15M-26APR271515-15,c4a12ad9-d671-6d0d-c3af-0dcea4a4f058,1777316545,0.58,39.9,no,"{""count_fp"":""39.90"",""created_time"":""2026-04-27T19:02:25.415689Z"",""no_price_dollars"":""0.4200"",""taker_side"":""no"",""ticker"":""KXETH15M-26APR271515-15"",""trade_id"":""c4a12ad9-d671-6d0d-c3af-0dcea4a4f058"",""yes_price_dollars"":""0.5800""}"
KXETH15M-26APR271515-15,233b79c1-97ed-4419-16c6-fcc0eb971660,1777316545,0.58,50.0,no,"{""count_fp"":""50.00"",""created_time"":""2026-04-27T19:02:25.403977Z"",""no_price_dollars"":""0.4200"",""taker_side"":""no"",""ticker"":""KXETH15M-26APR271515-15"",""trade_id"":""233b79c1-97ed-4419-16c6-fcc0eb971660"",""yes_price_dollars"":""0.5800""}"
KXETH15M-26APR271515-15,e4563e2b-3ed1-4ebd-3cb1-457a191fdfa4,1777316545,0.58,1280.0,no,"{""count_fp"":""1280.00"",""created_time"":""2026-04-27T19:02:25.400217Z"",""no_price_dollars"":""0.4200"",""taker_side"":""no"",""ticker"":""KXETH15M-26APR271515-15"",""trade_id"":""e4563e2b-3ed1-4ebd-3cb1-457a191fdfa4"",""yes_price_dollars"":""0.5800""}"
KXETH15M-26APR271515-15,6d1d6d13-2f39-4b91-19b8-ab7f7adb5e10,1777316545,0.58,578.0,no,"{""count_fp"":""578.00"",""created_time"":""2026-04-27T19:02:25.392869Z"",""no_price_dollars"":""0.4200"",""taker_side"":""no"",""ticker"":""KXETH15M-26APR271515-15"",""trade_id"":""6d1d6d13-2f39-4b91-19b8-ab7f7adb5e10"",""yes_price_dollars"":""0.5800""}"
KXETH15M-26APR271515-15,5c887df9-344d-63b5-05c4-cc06fb79c468,1777316545,0.58,50.0,no,"{""count_fp"":""50.00"",""created_time"":""2026-04-27T19:02:25.372609Z"",""no_price_dollars"":""0.4200"",""taker_side"":""no"",""ticker"":""KXETH15M-26APR271515-15"",""trade_id"":""5c887df9-344d-63b5-05c4-cc06fb79c468"",""yes_price_dollars"":""0.5800""}"
KXETH15M-26APR271515-15,3d9e0e0e-2971-58a5-20d7-664ba115bcc8,1777316545,0.58,40.0,no,"{""count_fp"":""40.00"",""created_time"":""2026-04-27T19:02:25.370199Z"",""no_price_dollars"":""0.4200"",""taker_side"":""no"",""ticker"":""KXETH15M-26APR271515-15"",""trade_id"":""3d9e0e0e-2971-58a5-20d7-664ba115bcc8"",""yes_price_dollars"":""0.5800""}"
KXETH15M-26APR271515-15,fd2423a5-d783-6aa3-5880-e820667f15ff,1777316545,0.54,2.0,yes,"{""count_fp"":""2.00"",""created_time"":""2026-04-27T19:02:25.348509Z"",""no_price_dollars"":""0.4600"",""taker_side"":""yes"",""ticker"":""KXETH15M-26APR271515-15"",""trade_id"":""fd2423a5-d783-6aa3-5880-e820667f15ff"",""yes_price_dollars"":""0.5400""}"
KXETH15M-26APR271515-15,cb4b9a6b-b5bb-6e99-46f2-6a60cf3ff909,1777316545,0.49,39.0,yes,"{""count_fp"":""39.00"",""created_time"":""2026-04-27T19:02:25.348509Z"",""no_price_dollars"":""0.5100"",""taker_side"":""yes"",""ticker"":""KXETH15M-26APR271515-15"",""trade_id"":""cb4b9a6b-b5bb-6e99-46f2-6a60cf3ff909"",""yes_price_dollars"":""0.4900""}"
KXETH15M-26APR271515-15,97100c3e-369f-6e73-5a2c-00297f986582,1777316545,0.53,10.0,yes,"{""count_fp"":""10.00"",""created_time"":""2026-04-27T19:02:25.348509Z"",""no_price_dollars"":""0.4700"",""taker_side"":""yes"",""ticker"":""KXETH15M-26APR271515-15"",""trade_id"":""97100c3e-369f-6e73-5a2c-00297f986582"",""yes_price_dollars"":""0.5300""}"
KXETH15M-26APR271515-15,769038fa-edec-6dd0-79f7-62a4503de725,1777316545,0.57,70.0,yes,"{""count_fp"":""70.00"",""created_time"":""2026-04-27T19:02:25.348509Z"",""no_price_dollars"":""0.4300"",""taker_side"":""yes"",""ticker"":""KXETH15M-26APR271515-15"",""trade_id"":""769038fa-edec-6dd0-79f7-62a4503de725"",""yes_price_dollars"":""0.5700""}"
KXETH15M-26APR271515-15,47dfd479-0d77-663f-59d3-c569e2f225d6,1777316545,0.54,100.0,yes,"{""count_fp"":""100.00"",""created_time"":""2026-04-27T19:02:25.348509Z"",""no_price_dollars"":""0.4600"",""taker_side"":""yes"",""ticker"":""KXETH15M-26APR271515-15"",""trade_id"":""47dfd479-0d77-663f-59d3-c569e2f225d6"",""yes_price_dollars"":""0.5400""}"
KXETH15M-26APR271515-15,43dd58c8-4ecf-6341-4163-a70fe905abdd,1777316545,0.55,1.0,yes,"{""count_fp"":""1.00"",""created_time"":""2026-04-27T19:02:25.348509Z"",""no_price_dollars"":""0.4500"",""taker_side"":""yes"",""ticker"":""KXETH15M-26APR271515-15"",""trade_id"":""43dd58c8-4ecf-6341-4163-a70fe905abdd"",""yes_price_dollars"":""0.5500""}"
KXETH15M-26APR271515-15,3af2fa13-6f96-613d-5f46-5f8c02d12cca,1777316545,0.56,1.0,yes,"{""count_fp"":""1.00"",""created_time"":""2026-04-27T19:02:25.348509Z"",""no_price_dollars"":""0.4400"",""taker_side"":""yes"",""ticker"":""KXETH15M-26APR271515-15"",""trade_id"":""3af2fa13-6f96-613d-5f46-5f8c02d12cca"",""yes_price_dollars"":""0.5600""}"
KXETH15M-26APR271515-15,35e651ce-1c09-6d59-528b-43d085d6ffee,1777316545,0.55,550.48,yes,"{""count_fp"":""550.48"",""created_time"":""2026-04-27T19:02:25.348509Z"",""no_price_dollars"":""0.4500"",""taker_side"":""yes"",""ticker"":""KXETH15M-26APR271515-15"",""trade_id"":""35e651ce-1c09-6d59-528b-43d085d6ffee"",""yes_price_dollars"":""0.5500""}"
KXETH15M-26APR271515-15,6bdfa9cb-c915-6395-5acf-bc3c4d8377c0,1777316547,0.58,5.0,no,"{""count_fp"":""5.00"",""created_time"":""2026-04-27T19:02:27.263005Z"",""no_price_dollars"":""0.4200"",""taker_side"":""no"",""ticker"":""KXETH15M-26APR271515-15"",""trade_id"":""6bdfa9cb-c915-6395-5acf-bc3c4d8377c0"",""yes_price_dollars"":""0.5800""}"
KXETH15M-26APR271515-15,678a7be0-fb50-6471-44da-4060d6449ff5,1777316550,0.59,16.47,yes,"{""count_fp"":""16.47"",""created_time"":""2026-04-27T19:02:30.967538Z"",""no_price_dollars"":""0.4100"",""taker_side"":""yes"",""ticker"":""KXETH15M-26APR271515-15"",""trade_id"":""678a7be0-fb50-6471-44da-4060d6449ff5"",""yes_price_dollars"":""0.5900""}"
KXETH15M-26APR271515-15,e100a1d8-4795-5f3d-2813-1e2d9d665cb4,1777316552,0.58,714.0,no,"{""count_fp"":""714.00"",""created_time"":""2026-04-27T19:02:32.074111Z"",""no_price_dollars"":""0.4200"",""taker_side"":""no"",""ticker"":""KXETH15M-26APR271515-15"",""trade_id"":""e100a1d8-4795-5f3d-2813-1e2d9d665cb4"",""yes_price_dollars"":""0.5800""}"
KXETH15M-26APR271515-15,c2f08f4c-7db5-6579-af6f-2a2def24a44c,1777316553,0.58,576.0,no,"{""count_fp"":""576.00"",""created_time"":""2026-04-27T19:02:33.515591Z"",""no_price_dollars"":""0.4200"",""taker_side"":""no"",""ticker"":""KXETH15M-26APR271515-15"",""trade_id"":""c2f08f4c-7db5-6579-af6f-2a2def24a44c"",""yes_price_dollars"":""0.5800""}"
KXETH15M-26APR271515-15,5a80b1c8-5185-722d-3db0-079403f5bc28,1777316555,0.58,34.0,no,"{""count_fp"":""34.00"",""created_time"":""2026-04-27T19:02:35.997767Z"",""no_price_dollars"":""0.4200"",""taker_side"":""no"",""ticker"":""KXETH15M-26APR271515-15"",""trade_id"":""5a80b1c8-5185-722d-3db0-079403f5bc28"",""yes_price_dollars"":""0.5800""}"
KXETH15M-26APR271515-15,b7a1f8b1-4655-5021-9746-ddc717ca94ec,1777316557,0.58,273.0,no,"{""count_fp"":""273.00"",""created_time"":""2026-04-27T19:02:37.826412Z"",""no_price_dollars"":""0.4200"",""taker_side"":""no"",""ticker"":""KXETH15M-26APR271515-15"",""trade_id"":""b7a1f8b1-4655-5021-9746-ddc717ca94ec"",""yes_price_dollars"":""0.5800""}"
KXETH15M-26APR271515-15,d2e0565a-da14-5a95-a2ec-98c864a10f51,1777316557,0.59,23.06,yes,"{""count_fp"":""23.06"",""created_time"":""2026-04-27T19:02:37.691137Z"",""no_price_dollars"":""0.4100"",""taker_side"":""yes"",""ticker"":""KXETH15M-26APR271515-15"",""trade_id"":""d2e0565a-da14-5a95-a2ec-98c864a10f51"",""yes_price_dollars"":""0.5900""}"
KXETH15M-26APR271515-15,9f35fc2f-34c5-5999-5f9a-4e4b19474ba0,1777316557,0.58,18.0,no,"{""count_fp"":""18.00"",""created_time"":""2026-04-27T19:02:37.269082Z"",""no_price_dollars"":""0.4200"",""taker_side"":""no"",""ticker"":""KXETH15M-26APR271515-15"",""trade_id"":""9f35fc2f-34c5-5999-5f9a-4e4b19474ba0"",""yes_price_dollars"":""0.5800""}"
KXETH15M-26APR271515-15,3a3d7f2b-cb45-5901-33ca-257df0c49220,1777316557,0.58,4.57,no,"{""count_fp"":""4.57"",""created_time"":""2026-04-27T19:02:37.212914Z"",""no_price_dollars"":""0.4200"",""taker_side"":""no"",""ticker"":""KXETH15M-26APR271515-15"",""trade_id"":""3a3d7f2b-cb45-5901-33ca-257df0c49220"",""yes_price_dollars"":""0.5800""}"
KXETH15M-26APR271515-15,b0e3abbc-d45c-431a-e151-9fdc03fada4b,1777316558,0.47,3.0,no,"{""count_fp"":""3.00"",""created_time"":""2026-04-27T19:02:38.477924Z"",""no_price_dollars"":""0.5300"",""taker_side"":""no"",""ticker"":""KXETH15M-26APR271515-15"",""trade_id"":""b0e3abbc-d45c-431a-e151-9fdc03fada4b"",""yes_price_dollars"":""0.4700""}"
KXETH15M-26APR271515-15,05417017-16b9-4bd1-2203-a86a7e6c55c8,1777316558,0.58,0.05,no,"{""count_fp"":""0.05"",""created_time"":""2026-04-27T19:02:38.420888Z"",""no_price_dollars"":""0.4200"",""taker_side"":""no"",""ticker"":""KXETH15M-26APR271515-15"",""trade_id"":""05417017-16b9-4bd1-2203-a86a7e6c55c8"",""yes_price_dollars"":""0.5800""}"
KXETH15M-26APR271515-15,c0993ee1-5b01-7a5d-2c04-973a29488208,1777316558,0.58,564.0,no,"{""count_fp"":""564.00"",""created_time"":""2026-04-27T19:02:38.380728Z"",""no_price_dollars"":""0.4200"",""taker_side"":""no"",""ticker"":""KXETH15M-26APR271515-15"",""trade_id"":""c0993ee1-5b01-7a5d-2c04-973a29488208"",""yes_price_dollars"":""0.5800""}"
KXETH15M-26APR271515-15,f7c9c709-bc7d-7e6b-6bb3-d6cbd86ae43d,1777316559,0.47,2.0,yes,"{""count_fp"":""2.00"",""created_time"":""2026-04-27T19:02:39.936092Z"",""no_price_dollars"":""0.5300"",""taker_side"":""yes"",""ticker"":""KXETH15M-26APR271515-15"",""trade_id"":""f7c9c709-bc7d-7e6b-6bb3-d6cbd86ae43d"",""yes_price_dollars"":""0.4700""}"
KXETH15M-26APR271515-15,03335a55-ec9d-732c-5b27-0f41be05d515,1777316559,0.47,100.0,yes,"{""count_fp"":""100.00"",""created_time"":""2026-04-27T19:02:39.936092Z"",""no_price_dollars"":""0.5300"",""taker_side"":""yes"",""ticker"":""KXETH15M-26APR271515-15"",""trade_id"":""03335a55-ec9d-732c-5b27-0f41be05d515"",""yes_price_dollars"":""0.4700""}"
KXETH15M-26APR271515-15,11e79b6b-b913-75b9-ff92-eac314b40dea,1777316560,0.48,1.0,yes,"{""count_fp"":""1.00"",""created_time"":""2026-04-27T19:02:40.757324Z"",""no_price_dollars"":""0.5200"",""taker_side"":""yes"",""ticker"":""KXETH15M-26APR271515-15"",""trade_id"":""11e79b6b-b913-75b9-ff92-eac314b40dea"",""yes_price_dollars"":""0.4800""}"
KXETH15M-26APR271515-15,4330bf82-fcad-4335-68d6-9881b675ad7a,1777316561,0.47,1.82,no,"{""count_fp"":""1.82"",""created_time"":""2026-04-27T19:02:41.504519Z"",""no_price_dollars"":""0.5300"",""taker_side"":""no"",""ticker"":""KXETH15M-26APR271515-15"",""trade_id"":""4330bf82-fcad-4335-68d6-9881b675ad7a"",""yes_price_dollars"":""0.4700""}"
KXETH15M-26APR271515-15,058f2457-2917-5484-f463-7fbfbf988090,1777316562,0.47,1.0,yes,"{""count_fp"":""1.00"",""created_time"":""2026-04-27T19:02:42.168911Z"",""no_price_dollars"":""0.5300"",""taker_side"":""yes"",""ticker"":""KXETH15M-26APR271515-15"",""trade_id"":""058f2457-2917-5484-f463-7fbfbf988090"",""yes_price_dollars"":""0.4700""}"
KXETH15M-26APR271515-15,97d62765-8864-6fc9-5fb5-d39114ca4949,1777316563,0.45,7.4,no,"{""count_fp"":""7.40"",""created_time"":""2026-04-27T19:02:43.934748Z"",""no_price_dollars"":""0.5500"",""taker_side"":""no"",""ticker"":""KXETH15M-26APR271515-15"",""trade_id"":""97d62765-8864-6fc9-5fb5-d39114ca4949"",""yes_price_dollars"":""0.4500""}"
KXETH15M-26APR271515-15,179c27ec-4a40-67ca-4393-fcc59de92d07,1777316563,0.44,192.6,no,"{""count_fp"":""192.60"",""created_time"":""2026-04-27T19:02:43.934748Z"",""no_price_dollars"":""0.5600"",""taker_side"":""no"",""ticker"":""KXETH15M-26APR271515-15"",""trade_id"":""179c27ec-4a40-67ca-4393-fcc59de92d07"",""yes_price_dollars"":""0.4400""}"
KXETH15M-26APR271515-15,c04848ee-acb9-5231-ec4a-03bf0855069a,1777316563,0.46,0.18,no,"{""count_fp"":""0.18"",""created_time"":""2026-04-27T19:02:43.919278Z"",""no_price_dollars"":""0.5400"",""taker_side"":""no"",""ticker"":""KXETH15M-26APR271515-15"",""trade_id"":""c04848ee-acb9-5231-ec4a-03bf0855069a"",""yes_price_dollars"":""0.4600""}"
KXETH15M-26APR271515-15,216eb490-7825-5ab6-f5b6-7379783c21ba,1777316563,0.45,2.0,no,"{""count_fp"":""2.00"",""created_time"":""2026-04-27T19:02:43.919278Z"",""no_price_dollars"":""0.5500"",""taker_side"":""no"",""ticker"":""KXETH15M-26APR271515-15"",""trade_id"":""216eb490-7825-5ab6-f5b6-7379783c21ba"",""yes_price_dollars"":""0.4500""}"
KXETH15M-26APR271515-15,0c0a890b-04e8-5e8d-fd8d-25bd03e54a99,1777316563,0.45,2.82,no,"{""count_fp"":""2.82"",""created_time"":""2026-04-27T19:02:43.919278Z"",""no_price_dollars"":""0.5500"",""taker_side"":""no"",""ticker"":""KXETH15M-26APR271515-15"",""trade_id"":""0c0a890b-04e8-5e8d-fd8d-25bd03e54a99"",""yes_price_dollars"":""0.4500""}"
KXETH15M-26APR271515-15,bc2b73e0-fb2f-6120-b8b7-7c53c98a5090,1777316564,0.45,2.0,yes,"{""count_fp"":""2.00"",""created_time"":""2026-04-27T19:02:44.382049Z"",""no_price_dollars"":""0.5500"",""taker_side"":""yes"",""ticker"":""KXETH15M-26APR271515-15"",""trade_id"":""bc2b73e0-fb2f-6120-b8b7-7c53c98a5090"",""yes_price_dollars"":""0.4500""}"
KXETH15M-26APR271515-15,4f886e58-a6c3-58fc-60f5-0195d50ec5e4,1777316564,0.45,14.07,yes,"{""count_fp"":""14.07"",""created_time"":""2026-04-27T19:02:44.369748Z"",""no_price_dollars"":""0.5500"",""taker_side"":""yes"",""ticker"":""KXETH15M-26APR271515-15"",""trade_id"":""4f886e58-a6c3-58fc-60f5-0195d50ec5e4"",""yes_price_dollars"":""0.4500""}"
KXETH15M-26APR271515-15,da872983-ccf4-66ba-54e4-2298d2378d87,1777316566,0.44,10.0,no,"{""count_fp"":""10.00"",""created_time"":""2026-04-27T19:02:46.783597Z"",""no_price_dollars"":""0.5600"",""taker_side"":""no"",""ticker"":""KXETH15M-26APR271515-15"",""trade_id"":""da872983-ccf4-66ba-54e4-2298d2378d87"",""yes_price_dollars"":""0.4400""}"
KXETH15M-26APR271515-15,d6a5ffc0-73e7-5d4b-2bde-2084eabdafa2,1777316567,0.45,100.0,yes,"{""count_fp"":""100.00"",""created_time"":""2026-04-27T19:02:47.744675Z"",""no_price_dollars"":""0.5500"",""taker_side"":""yes"",""ticker"":""KXETH15M-26APR271515-15"",""trade_id"":""d6a5ffc0-73e7-5d4b-2bde-2084eabdafa2"",""yes_price_dollars"":""0.4500""}"
KXETH15M-26APR271515-15,2467fb95-226c-5a86-ecbc-36a852829577,1777316571,0.45,250.0,no,"{""count_fp"":""250.00"",""created_time"":""2026-04-27T19:02:51.616689Z"",""no_price_dollars"":""0.5500"",""taker_side"":""no"",""ticker"":""KXETH15M-26APR271515-15"",""trade_id"":""2467fb95-226c-5a86-ecbc-36a852829577"",""yes_price_dollars"":""0.4500""}"
KXETH15M-26APR271515-15,d3310358-1284-507e-fc98-bf4a78db4c73,1777316573,0.45,176.26,no,"{""count_fp"":""176.26"",""created_time"":""2026-04-27T19:02:53.062198Z"",""no_price_dollars"":""0.5500"",""taker_side"":""no"",""ticker"":""KXETH15M-26APR271515-15"",""trade_id"":""d3310358-1284-507e-fc98-bf4a78db4c73"",""yes_price_dollars"":""0.4500""}"
KXETH15M-26APR271515-15,f9e7e1a2-8bdc-7e02-c6aa-266742706e13,1777316574,0.45,10.0,no,"{""count_fp"":""10.00"",""created_time"":""2026-04-27T19:02:54.398419Z"",""no_price_dollars"":""0.5500"",""taker_side"":""no"",""ticker"":""KXETH15M-26APR271515-15"",""trade_id"":""f9e7e1a2-8bdc-7e02-c6aa-266742706e13"",""yes_price_dollars"":""0.4500""}"
KXETH15M-26APR271515-15,711a43cd-bdf3-5f42-7752-c62032fd7414,1777316580,0.42,2.09,yes,"{""count_fp"":""2.09"",""created_time"":""2026-04-27T19:03:00.632303Z"",""no_price_dollars"":""0.5800"",""taker_side"":""yes"",""ticker"":""KXETH15M-26APR271515-15"",""trade_id"":""711a43cd-bdf3-5f42-7752-c62032fd7414"",""yes_price_dollars"":""0.4200""}"
KXETH15M-26APR271515-15,7c45dd94-3dcf-71b2-ecaa-f1a3eb5be798,1777316581,0.41,100.0,yes,"{""count_fp"":""100.00"",""created_time"":""2026-04-27T19:03:01.700915Z"",""no_price_dollars"":""0.5900"",""taker_side"":""yes"",""ticker"":""KXETH15M-26APR271515-15"",""trade_id"":""7c45dd94-3dcf-71b2-ecaa-f1a3eb5be798"",""yes_price_dollars"":""0.4100""}"
KXETH15M-26APR271515-15,a2d6fb3b-47ed-6185-4146-ef3b4982091f,1777316589,0.4,2.0,no,"{""count_fp"":""2.00"",""created_time"":""2026-04-27T19:03:09.186878Z"",""no_price_dollars"":""0.6000"",""taker_side"":""no"",""ticker"":""KXETH15M-26APR271515-15"",""trade_id"":""a2d6fb3b-47ed-6185-4146-ef3b4982091f"",""yes_price_dollars"":""0.4000""}"
KXETH15M-26APR271515-15,c958d341-612a-749b-7555-24c6d538788a,1777316591,0.37,10.0,yes,"{""count_fp"":""10.00"",""created_time"":""2026-04-27T19:03:11.989599Z"",""no_price_dollars"":""0.6300"",""taker_side"":""yes"",""ticker"":""KXETH15M-26APR271515-15"",""trade_id"":""c958d341-612a-749b-7555-24c6d538788a"",""yes_price_dollars"":""0.3700""}"
KXETH15M-26APR271515-15,a4db7db4-45b3-71be-6f1f-c09200febe2a,1777316591,0.37,100.0,yes,"{""count_fp"":""100.00"",""created_time"":""2026-04-27T19:03:11.989599Z"",""no_price_dollars"":""0.6300"",""taker_side"":""yes"",""ticker"":""KXETH15M-26APR271515-15"",""trade_id"":""a4db7db4-45b3-71be-6f1f-c09200febe2a"",""yes_price_dollars"":""0.3700""}"
KXETH15M-26APR271515-15,6b5cc689-e7aa-6fdd-48f5-65e34b04e35d,1777316591,0.4,0.25,no,"{""count_fp"":""0.25"",""created_time"":""2026-04-27T19:03:11.516695Z"",""no_price_dollars"":""0.6000"",""taker_side"":""no"",""ticker"":""KXETH15M-26APR271515-15"",""trade_id"":""6b5cc689-e7aa-6fdd-48f5-65e34b04e35d"",""yes_price_dollars"":""0.4000""}"
KXETH15M-26APR271515-15,11ad167c-2329-678c-655a-b1c374e515da,1777316591,0.4,9.75,no,"{""count_fp"":""9.75"",""created_time"":""2026-04-27T19:03:11.516695Z"",""no_price_dollars"":""0.6000"",""taker_side"":""no"",""ticker"":""KXETH15M-26APR271515-15"",""trade_id"":""11ad167c-2329-678c-655a-b1c374e515da"",""yes_price_dollars"":""0.4000""}"
KXETH15M-26APR271515-15,bf113c21-2e15-5f7e-4a66-963116e8f080,1777316594,0.39,2.45,yes,"{""count_fp"":""2.45"",""created_time"":""2026-04-27T19:03:14.472598Z"",""no_price_dollars"":""0.6100"",""taker_side"":""yes"",""ticker"":""KXETH15M-26APR271515-15"",""trade_id"":""bf113c21-2e15-5f7e-4a66-963116e8f080"",""yes_price_dollars"":""0.3900""}"
KXETH15M-26APR271515-15,ee4b62de-a3c5-7a02-3b4b-04e358e36d14,1777316595,0.39,97.0,yes,"{""count_fp"":""97.00"",""created_time"":""2026-04-27T19:03:15.534926Z"",""no_price_dollars"":""0.6100"",""taker_side"":""yes"",""ticker"":""KXETH15M-26APR271515-15"",""trade_id"":""ee4b62de-a3c5-7a02-3b4b-04e358e36d14"",""yes_price_dollars"":""0.3900""}"
KXETH15M-26APR271515-15,ba8df302-8141-6413-272e-61b269d6ebd4,1777316604,0.39,2.45,yes,"{""count_fp"":""2.45"",""created_time"":""2026-04-27T19:03:24.517866Z"",""no_price_dollars"":""0.6100"",""taker_side"":""yes"",""ticker"":""KXETH15M-26APR271515-15"",""trade_id"":""ba8df302-8141-6413-272e-61b269d6ebd4"",""yes_price_dollars"":""0.3900""}"
KXETH15M-26APR271515-15,9a330c07-79da-7846-56f8-d8848ed38e4b,1777316606,0.37,1.0,no,"{""count_fp"":""1.00"",""created_time"":""2026-04-27T19:03:26.347469Z"",""no_price_dollars"":""0.6300"",""taker_side"":""no"",""ticker"":""KXETH15M-26APR271515-15"",""trade_id"":""9a330c07-79da-7846-56f8-d8848ed38e4b"",""yes_price_dollars"":""0.3700""}"
KXETH15M-26APR271515-15,7edc4d2b-633a-73d0-4dd8-0ac1da4daf24,1777316606,0.38,1.0,no,"{""count_fp"":""1.00"",""created_time"":""2026-04-27T19:03:26.347469Z"",""no_price_dollars"":""0.6200"",""taker_side"":""no"",""ticker"":""KXETH15M-26APR271515-15"",""trade_id"":""7edc4d2b-633a-73d0-4dd8-0ac1da4daf24"",""yes_price_dollars"":""0.3800""}"
KXETH15M-26APR271515-15,87b638bb-58fd-4705-6a27-f27e31b4c654,1777316607,0.33,100.0,yes,"{""count_fp"":""100.00"",""created_time"":""2026-04-27T19:03:27.522436Z"",""no_price_dollars"":""0.6700"",""taker_side"":""yes"",""ticker"":""KXETH15M-26APR271515-15"",""trade_id"":""87b638bb-58fd-4705-6a27-f27e31b4c654"",""yes_price_dollars"":""0.3300""}"
KXETH15M-26APR271515-15,a11d83f5-d7d1-51c5-e421-533ffe8024fc,1777316607,0.35,1.0,no,"{""count_fp"":""1.00"",""created_time"":""2026-04-27T19:03:27.311387Z"",""no_price_dollars"":""0.6500"",""taker_side"":""no"",""ticker"":""KXETH15M-26APR271515-15"",""trade_id"":""a11d83f5-d7d1-51c5-e421-533ffe8024fc"",""yes_price_dollars"":""0.3500""}"
KXETH15M-26APR271515-15,8f4ffd69-8693-4282-de86-bf68fd12699e,1777316608,0.3,89.0,no,"{""count_fp"":""89.00"",""created_time"":""2026-04-27T19:03:28.468069Z"",""no_price_dollars"":""0.7000"",""taker_side"":""no"",""ticker"":""KXETH15M-26APR271515-15"",""trade_id"":""8f4ffd69-8693-4282-de86-bf68fd12699e"",""yes_price_dollars"":""0.3000""}"
KXETH15M-26APR271515-15,1504e7a6-fe90-4722-ee3f-e01527f04672,1777316608,0.3,1.0,no,"{""count_fp"":""1.00"",""created_time"":""2026-04-27T19:03:28.468069Z"",""no_price_dollars"":""0.7000"",""taker_side"":""no"",""ticker"":""KXETH15M-26APR271515-15"",""trade_id"":""1504e7a6-fe90-4722-ee3f-e01527f04672"",""yes_price_dollars"":""0.3000""}"
KXETH15M-26APR271515-15,0fc51595-2cce-4c05-dca6-557608e5e775,1777316608,0.3,1.0,no,"{""count_fp"":""1.00"",""created_time"":""2026-04-27T19:03:28.468069Z"",""no_price_dollars"":""0.7000"",""taker_side"":""no"",""ticker"":""KXETH15M-26APR271515-15"",""trade_id"":""0fc51595-2cce-4c05-dca6-557608e5e775"",""yes_price_dollars"":""0.3000""}"
KXETH15M-26APR271515-15,50971da0-475b-5bd1-a21f-32c22a8e859e,1777316608,0.32,19.0,yes,"{""count_fp"":""19.00"",""created_time"":""2026-04-27T19:03:28.159992Z"",""no_price_dollars"":""0.6800"",""taker_side"":""yes"",""ticker"":""KXETH15M-26APR271515-15"",""trade_id"":""50971da0-475b-5bd1-a21f-32c22a8e859e"",""yes_price_dollars"":""0.3200""}"
KXETH15M-26APR271515-15,b0f1dd84-ab7f-660a-98f4-8865c928495a,1777316611,0.3,0.43,no,"{""count_fp"":""0.43"",""created_time"":""2026-04-27T19:03:31.544456Z"",""no_price_dollars"":""0.7000"",""taker_side"":""no"",""ticker"":""KXETH15M-26APR271515-15"",""trade_id"":""b0f1dd84-ab7f-660a-98f4-8865c928495a"",""yes_price_dollars"":""0.3000""}"
KXETH15M-26APR271515-15,350344f7-0373-6dc8-b06c-85564d9d5c25,1777316611,0.33,1.0,no,"{""count_fp"":""1.00"",""created_time"":""2026-04-27T19:03:31.544456Z"",""no_price_dollars"":""0.6700"",""taker_side"":""no"",""ticker"":""KXETH15M-26APR271515-15"",""trade_id"":""350344f7-0373-6dc8-b06c-85564d9d5c25"",""yes_price_dollars"":""0.3300""}"
KXETH15M-26APR271515-15,d60f79b1-caf3-70d8-e63e-16d33a36fbde,1777316612,0.33,1.0,no,"{""count_fp"":""1.00"",""created_time"":""2026-04-27T19:03:32.093703Z"",""no_price_dollars"":""0.6700"",""taker_side"":""no"",""ticker"":""KXETH15M-26APR271515-15"",""trade_id"":""d60f79b1-caf3-70d8-e63e-16d33a36fbde"",""yes_price_dollars"":""0.3300""}"
KXETH15M-26APR271515-15,ad782b5d-6eaf-79fe-d1b5-40a5965c9f4a,1777316612,0.3,4.0,no,"{""count_fp"":""4.00"",""created_time"":""2026-04-27T19:03:32.093703Z"",""no_price_dollars"":""0.7000"",""taker_side"":""no"",""ticker"":""KXETH15M-26APR271515-15"",""trade_id"":""ad782b5d-6eaf-79fe-d1b5-40a5965c9f4a"",""yes_price_dollars"":""0.3000""}"
KXETH15M-26APR271515-15,7c6a8769-0655-5045-cb06-7d711ed09d0b,1777316616,0.34,5.62,yes,"{""count_fp"":""5.62"",""created_time"":""2026-04-27T19:03:36.141689Z"",""no_price_dollars"":""0.6600"",""taker_side"":""yes"",""ticker"":""KXETH15M-26APR271515-15"",""trade_id"":""7c6a8769-0655-5045-cb06-7d711ed09d0b"",""yes_price_dollars"":""0.3400""}"
KXETH15M-26APR271515-15,6a478f53-ffc9-759d-bbc4-39e7b649dd47,1777316620,0.33,10.0,yes,"{""count_fp"":""10.00"",""created_time"":""2026-04-27T19:03:40.429965Z"",""no_price_dollars"":""0.6700"",""taker_side"":""yes"",""ticker"":""KXETH15M-26APR271515-15"",""trade_id"":""6a478f53-ffc9-759d-bbc4-39e7b649dd47"",""yes_price_dollars"":""0.3300""}"
KXETH15M-26APR271515-15,bf270ac3-f96a-45c5-65b8-f929f7e632c8,1777316620,0.33,4.0,yes,"{""count_fp"":""4.00"",""created_time"":""2026-04-27T19:03:40.388954Z"",""no_price_dollars"":""0.6700"",""taker_side"":""yes"",""ticker"":""KXETH15M-26APR271515-15"",""trade_id"":""bf270ac3-f96a-45c5-65b8-f929f7e632c8"",""yes_price_dollars"":""0.3300""}"
KXETH15M-26APR271515-15,24f968aa-633d-4cb1-7c57-e723a6f74e3c,1777316620,0.33,100.0,yes,"{""count_fp"":""100.00"",""created_time"":""2026-04-27T19:03:40.388954Z"",""no_price_dollars"":""0.6700"",""taker_side"":""yes"",""ticker"":""KXETH15M-26APR271515-15"",""trade_id"":""24f968aa-633d-4cb1-7c57-e723a6f74e3c"",""yes_price_dollars"":""0.3300""}"
KXETH15M-26APR271515-15,07cdbdb9-3e9d-4d4c-5ea8-d798ce272a39,1777316620,0.33,20.0,yes,"{""count_fp"":""20.00"",""created_time"":""2026-04-27T19:03:40.388954Z"",""no_price_dollars"":""0.6700"",""taker_side"":""yes"",""ticker"":""KXETH15M-26APR271515-15"",""trade_id"":""07cdbdb9-3e9d-4d4c-5ea8-d798ce272a39"",""yes_price_dollars"":""0.3300""}"
KXETH15M-26APR271515-15,a6470e8c-45a8-5898-e714-b8f6877be280,1777316624,0.34,27.75,yes,"{""count_fp"":""27.75"",""created_time"":""2026-04-27T19:03:44.883587Z"",""no_price_dollars"":""0.6600"",""taker_side"":""yes"",""ticker"":""KXETH15M-26APR271515-15"",""trade_id"":""a6470e8c-45a8-5898-e714-b8f6877be280"",""yes_price_dollars"":""0.3400""}"
KXETH15M-26APR271515-15,2bc2e930-7b47-7a9e-a792-fe15635803e2,1777316626,0.33,2.0,no,"{""count_fp"":""2.00"",""created_time"":""2026-04-27T19:03:46.612599Z"",""no_price_dollars"":""0.6700"",""taker_side"":""no"",""ticker"":""KXETH15M-26APR271515-15"",""trade_id"":""2bc2e930-7b47-7a9e-a792-fe15635803e2"",""yes_price_dollars"":""0.3300""}"
KXETH15M-26APR271515-15,d07ba504-9a23-5d96-23c0-a6e36be4a0fa,1777316628,0.33,102.1,no,"{""count_fp"":""102.10"",""created_time"":""2026-04-27T19:03:48.910042Z"",""no_price_dollars"":""0.6700"",""taker_side"":""no"",""ticker"":""KXETH15M-26APR271515-15"",""trade_id"":""d07ba504-9a23-5d96-23c0-a6e36be4a0fa"",""yes_price_dollars"":""0.3300""}"
KXETH15M-26APR271515-15,7a41c268-3fab-7db4-346b-78424ea99cf7,1777316634,0.31,1.0,no,"{""count_fp"":""1.00"",""created_time"":""2026-04-27T19:03:54.694522Z"",""no_price_dollars"":""0.6900"",""taker_side"":""no"",""ticker"":""KXETH15M-26APR271515-15"",""trade_id"":""7a41c268-3fab-7db4-346b-78424ea99cf7"",""yes_price_dollars"":""0.3100""}"
KXETH15M-26APR271515-15,209318c3-3fdc-73b9-116d-a5a14f7783dc,1777316634,0.31,9.0,no,"{""count_fp"":""9.00"",""created_time"":""2026-04-27T19:03:54.694522Z"",""no_price_dollars"":""0.6900"",""taker_side"":""no"",""ticker"":""KXETH15M-26APR271515-15"",""trade_id"":""209318c3-3fdc-73b9-116d-a5a14f7783dc"",""yes_price_dollars"":""0.3100""}"
KXETH15M-26APR271515-15,50639756-7c97-52f6-b595-f9e50084afba,1777316640,0.3,2.0,no,"{""count_fp"":""2.00"",""created_time"":""2026-04-27T19:04:00.911218Z"",""no_price_dollars"":""0.7000"",""taker_side"":""no"",""ticker"":""KXETH15M-26APR271515-15"",""trade_id"":""50639756-7c97-52f6-b595-f9e50084afba"",""yes_price_dollars"":""0.3000""}"
KXETH15M-26APR271515-15,6210c249-de23-62e2-b38e-2a13139b84ba,1777316643,0.3,3.0,no,"{""count_fp"":""3.00"",""created_time"":""2026-04-27T19:04:03.598564Z"",""no_price_dollars"":""0.7000"",""taker_side"":""no"",""ticker"":""KXETH15M-26APR271515-15"",""trade_id"":""6210c249-de23-62e2-b38e-2a13139b84ba"",""yes_price_dollars"":""0.3000""}"
KXETH15M-26APR271515-15,222ff3a6-8447-42a2-b48e-eafed1a9af62,1777316643,0.3,21.49,no,"{""count_fp"":""21.49"",""created_time"":""2026-04-27T19:04:03.592659Z"",""no_price_dollars"":""0.7000"",""taker_side"":""no"",""ticker"":""KXETH15M-26APR271515-15"",""trade_id"":""222ff3a6-8447-42a2-b48e-eafed1a9af62"",""yes_price_dollars"":""0.3000""}"
KXETH15M-26APR271515-15,282eddbd-c67f-442a-3a2d-b2029827d46a,1777316643,0.3,48.51,no,"{""count_fp"":""48.51"",""created_time"":""2026-04-27T19:04:03.572076Z"",""no_price_dollars"":""0.7000"",""taker_side"":""no"",""ticker"":""KXETH15M-26APR271515-15"",""trade_id"":""282eddbd-c67f-442a-3a2d-b2029827d46a"",""yes_price_dollars"":""0.3000""}"
KXETH15M-26APR271515-15,8785ce6c-0744-4844-479a-ff086209f268,1777316644,0.31,71.95,yes,"{""count_fp"":""71.95"",""created_time"":""2026-04-27T19:04:04.776813Z"",""no_price_dollars"":""0.6900"",""taker_side"":""yes"",""ticker"":""KXETH15M-26APR271515-15"",""trade_id"":""8785ce6c-0744-4844-479a-ff086209f268"",""yes_price_dollars"":""0.3100""}"
KXETH15M-26APR271515-15,2f2a9937-d9f3-59ba-4594-abfb230916ce,1777316644,0.3,6.0,no,"{""count_fp"":""6.00"",""created_time"":""2026-04-27T19:04:04.512539Z"",""no_price_dollars"":""0.7000"",""taker_side"":""no"",""ticker"":""KXETH15M-26APR271515-15"",""trade_id"":""2f2a9937-d9f3-59ba-4594-abfb230916ce"",""yes_price_dollars"":""0.3000""}"
KXETH15M-26APR271515-15,76741e01-5671-4993-a9c3-e179cadbcd6f,1777316645,0.31,0.05,yes,"{""count_fp"":""0.05"",""created_time"":""2026-04-27T19:04:05.495186Z"",""no_price_dollars"":""0.6900"",""taker_side"":""yes"",""ticker"":""KXETH15M-26APR271515-15"",""trade_id"":""76741e01-5671-4993-a9c3-e179cadbcd6f"",""yes_price_dollars"":""0.3100""}"
KXETH15M-26APR271515-15,9ae5475a-d885-7c17-8ad7-1b60cfde91f3,1777316645,0.31,9.95,yes,"{""count_fp"":""9.95"",""created_time"":""2026-04-27T19:04:05.467127Z"",""no_price_dollars"":""0.6900"",""taker_side"":""yes"",""ticker"":""KXETH15M-26APR271515-15"",""trade_id"":""9ae5475a-d885-7c17-8ad7-1b60cfde91f3"",""yes_price_dollars"":""0.3100""}"
KXETH15M-26APR271515-15,403c64fb-6a80-7a9c-8fc7-cae085cc892c,1777316645,0.31,28.05,yes,"{""count_fp"":""28.05"",""created_time"":""2026-04-27T19:04:05.467127Z"",""no_price_dollars"":""0.6900"",""taker_side"":""yes"",""ticker"":""KXETH15M-26APR271515-15"",""trade_id"":""403c64fb-6a80-7a9c-8fc7-cae085cc892c"",""yes_price_dollars"":""0.3100""}"
KXETH15M-26APR271515-15,26edf63a-be44-7c81-9bad-8f09afa8e218,1777316645,0.31,20.0,yes,"{""count_fp"":""20.00"",""created_time"":""2026-04-27T19:04:05.467127Z"",""no_price_dollars"":""0.6900"",""taker_side"":""yes"",""ticker"":""KXETH15M-26APR271515-15"",""trade_id"":""26edf63a-be44-7c81-9bad-8f09afa8e218"",""yes_price_dollars"":""0.3100""}"
KXETH15M-26APR271515-15,20b44fff-2d11-6b4b-16c7-751690df4a79,1777316649,0.33,8.68,yes,"{""count_fp"":""8.68"",""created_time"":""2026-04-27T19:04:09.186964Z"",""no_price_dollars"":""0.6700"",""taker_side"":""yes"",""ticker"":""KXETH15M-26APR271515-15"",""trade_id"":""20b44fff-2d11-6b4b-16c7-751690df4a79"",""yes_price_dollars"":""0.3300""}"
KXETH15M-26APR271515-15,4101f36e-ed17-49d7-a82e-ea17fe53e6bd,1777316662,0.32,1.0,no,"{""count_fp"":""1.00"",""created_time"":""2026-04-27T19:04:22.312836Z"",""no_price_dollars"":""0.6800"",""taker_side"":""no"",""ticker"":""KXETH15M-26APR271515-15"",""trade_id"":""4101f36e-ed17-49d7-a82e-ea17fe53e6bd"",""yes_price_dollars"":""0.3200""}"
KXETH15M-26APR271515-15,ec91f7e4-7bc6-5cfd-b6bc-abd65ccd20b8,1777316671,0.27,1.0,no,"{""count_fp"":""1.00"",""created_time"":""2026-04-27T19:04:31.132094Z"",""no_price_dollars"":""0.7300"",""taker_side"":""no"",""ticker"":""KXETH15M-26APR271515-15"",""trade_id"":""ec91f7e4-7bc6-5cfd-b6bc-abd65ccd20b8"",""yes_price_dollars"":""0.2700""}"
KXETH15M-26APR271515-15,1fca4bce-145a-6727-0c34-c1f351431ecd,1777316673,0.27,100.0,yes,"{""count_fp"":""100.00"",""created_time"":""2026-04-27T19:04:33.790438Z"",""no_price_dollars"":""0.7300"",""taker_side"":""yes"",""ticker"":""KXETH15M-26APR271515-15"",""trade_id"":""1fca4bce-145a-6727-0c34-c1f351431ecd"",""yes_price_dollars"":""0.2700""}"
KXETH15M-26APR271515-15,027d44b4-edb2-6cf1-1363-98942dfab8da,1777316673,0.28,2.1,yes,"{""count_fp"":""2.10"",""created_time"":""2026-04-27T19:04:33.790438Z"",""no_price_dollars"":""0.7200"",""taker_side"":""yes"",""ticker"":""KXETH15M-26APR271515-15"",""trade_id"":""027d44b4-edb2-6cf1-1363-98942dfab8da"",""yes_price_dollars"":""0.2800""}"
KXETH15M-26APR271515-15,c17be5b5-40d7-6276-e907-ee58c0364c03,1777316681,0.28,20.0,yes,"{""count_fp"":""20.00"",""created_time"":""2026-04-27T19:04:41.645228Z"",""no_price_dollars"":""0.7200"",""taker_side"":""yes"",""ticker"":""KXETH15M-26APR271515-15"",""trade_id"":""c17be5b5-40d7-6276-e907-ee58c0364c03"",""yes_price_dollars"":""0.2800""}"
KXETH15M-26APR271515-15,014e3e65-9826-6023-bab7-6ebd7fb30672,1777316681,0.28,1.0,no,"{""count_fp"":""1.00"",""created_time"":""2026-04-27T19:04:41.228457Z"",""no_price_dollars"":""0.7200"",""taker_side"":""no"",""ticker"":""KXETH15M-26APR271515-15"",""trade_id"":""014e3e65-9826-6023-bab7-6ebd7fb30672"",""yes_price_dollars"":""0.2800""}"
KXETH15M-26APR271515-15,74eadd1f-7882-6e01-8fe9-c7f7afd2a054,1777316682,0.32,100.0,yes,"{""count_fp"":""100.00"",""created_time"":""2026-04-27T19:04:42.952363Z"",""no_price_dollars"":""0.6800"",""taker_side"":""yes"",""ticker"":""KXETH15M-26APR271515-15"",""trade_id"":""74eadd1f-7882-6e01-8fe9-c7f7afd2a054"",""yes_price_dollars"":""0.3200""}"
KXETH15M-26APR271515-15,707a1f24-6a5f-5ada-d6bb-db61a3395902,1777316682,0.31,66.36,no,"{""count_fp"":""66.36"",""created_time"":""2026-04-27T19:04:42.947831Z"",""no_price_dollars"":""0.6900"",""taker_side"":""no"",""ticker"":""KXETH15M-26APR271515-15"",""trade_id"":""707a1f24-6a5f-5ada-d6bb-db61a3395902"",""yes_price_dollars"":""0.3100""}"
KXETH15M-26APR271515-15,236bc0e6-bfaa-5448-0716-13a00dbc10a5,1777316682,0.32,100.0,yes,"{""count_fp"":""100.00"",""created_time"":""2026-04-27T19:04:42.551097Z"",""no_price_dollars"":""0.6800"",""taker_side"":""yes"",""ticker"":""KXETH15M-26APR271515-15"",""trade_id"":""236bc0e6-bfaa-5448-0716-13a00dbc10a5"",""yes_price_dollars"":""0.3200""}"
KXETH15M-26APR271515-15,7b270f12-dcf0-7f01-c6c1-dcf758e67750,1777316682,0.33,100.0,yes,"{""count_fp"":""100.00"",""created_time"":""2026-04-27T19:04:42.315957Z"",""no_price_dollars"":""0.6700"",""taker_side"":""yes"",""ticker"":""KXETH15M-26APR271515-15"",""trade_id"":""7b270f12-dcf0-7f01-c6c1-dcf758e67750"",""yes_price_dollars"":""0.3300""}"
KXETH15M-26APR271515-15,8c519ac5-0a31-4a0e-213c-5fef6ef3970c,1777316682,0.32,50.0,yes,"{""count_fp"":""50.00"",""created_time"":""2026-04-27T19:04:42.287233Z"",""no_price_dollars"":""0.6800"",""taker_side"":""yes"",""ticker"":""KXETH15M-26APR271515-15"",""trade_id"":""8c519ac5-0a31-4a0e-213c-5fef6ef3970c"",""yes_price_dollars"":""0.3200""}"
KXETH15M-26APR271515-15,cdfc864e-7d95-5c3a-e8db-8b20ac8ee25c,1777316682,0.32,50.0,yes,"{""count_fp"":""50.00"",""created_time"":""2026-04-27T19:04:42.283422Z"",""no_price_dollars"":""0.6800"",""taker_side"":""yes"",""ticker"":""KXETH15M-26APR271515-15"",""trade_id"":""cdfc864e-7d95-5c3a-e8db-8b20ac8ee25c"",""yes_price_dollars"":""0.3200""}"
KXETH15M-26APR271515-15,f148296f-00ed-5f62-3eae-42f77a3ca30c,1777316682,0.3,49.95,yes,"{""count_fp"":""49.95"",""created_time"":""2026-04-27T19:04:42.202259Z"",""no_price_dollars"":""0.7000"",""taker_side"":""yes"",""ticker"":""KXETH15M-26APR271515-15"",""trade_id"":""f148296f-00ed-5f62-3eae-42f77a3ca30c"",""yes_price_dollars"":""0.3000""}"
KXETH15M-26APR271515-15,d48af258-823e-5241-3a59-14bf82802294,1777316682,0.3,20.0,yes,"{""count_fp"":""20.00"",""created_time"":""2026-04-27T19:04:42.202259Z"",""no_price_dollars"":""0.7000"",""taker_side"":""yes"",""ticker"":""KXETH15M-26APR271515-15"",""trade_id"":""d48af258-823e-5241-3a59-14bf82802294"",""yes_price_dollars"":""0.3000""}"
KXETH15M-26APR271515-15,4af6a33e-c150-6011-4b81-70e7610069f8,1777316685,0.33,0.31,yes,"{""count_fp"":""0.31"",""created_time"":""2026-04-27T19:04:45.399285Z"",""no_price_dollars"":""0.6700"",""taker_side"":""yes"",""ticker"":""KXETH15M-26APR271515-15"",""trade_id"":""4af6a33e-c150-6011-4b81-70e7610069f8"",""yes_price_dollars"":""0.3300""}"
KXETH15M-26APR271515-15,a5793a00-8413-547e-3e60-e6598006de42,1777316689,0.32,4.31,no,"{""count_fp"":""4.31"",""created_time"":""2026-04-27T19:04:49.423388Z"",""no_price_dollars"":""0.6800"",""taker_side"":""no"",""ticker"":""KXETH15M-26APR271515-15"",""trade_id"":""a5793a00-8413-547e-3e60-e6598006de42"",""yes_price_dollars"":""0.3200""}"
KXETH15M-26APR271515-15,cfaea315-d917-771c-4dff-2df821c856c3,1777316690,0.32,5.78,yes,"{""count_fp"":""5.78"",""created_time"":""2026-04-27T19:04:50.338147Z"",""no_price_dollars"":""0.6800"",""taker_side"":""yes"",""ticker"":""KXETH15M-26APR271515-15"",""trade_id"":""cfaea315-d917-771c-4dff-2df821c856c3"",""yes_price_dollars"":""0.3200""}"
KXETH15M-26APR271515-15,cba8d6a1-5dd3-4ea8-3bf3-6ddeade35f37,1777316694,0.29,4.37,yes,"{""count_fp"":""4.37"",""created_time"":""2026-04-27T19:04:54.270342Z"",""no_price_dollars"":""0.7100"",""taker_side"":""yes"",""ticker"":""KXETH15M-26APR271515-15"",""trade_id"":""cba8d6a1-5dd3-4ea8-3bf3-6ddeade35f37"",""yes_price_dollars"":""0.2900""}"
KXETH15M-26APR271515-15,c8a84855-1ad8-5c61-652e-f90e140736aa,1777316695,0.28,1.0,no,"{""count_fp"":""1.00"",""created_time"":""2026-04-27T19:04:55.190347Z"",""no_price_dollars"":""0.7200"",""taker_side"":""no"",""ticker"":""KXETH15M-26APR271515-15"",""trade_id"":""c8a84855-1ad8-5c61-652e-f90e140736aa"",""yes_price_dollars"":""0.2800""}"
KXETH15M-26APR271515-15,95977562-a4f3-5026-7773-9fc41648ef05,1777316695,0.28,9.0,no,"{""count_fp"":""9.00"",""created_time"":""2026-04-27T19:04:55.190347Z"",""no_price_dollars"":""0.7200"",""taker_side"":""no"",""ticker"":""KXETH15M-26APR271515-15"",""trade_id"":""95977562-a4f3-5026-7773-9fc41648ef05"",""yes_price_dollars"":""0.2800""}"
KXETH15M-26APR271515-15,8d83fd5b-bfa7-410c-d0f6-f85ad3f70cc3,1777316696,0.29,48.35,yes,"{""count_fp"":""48.35"",""created_time"":""2026-04-27T19:04:56.704632Z"",""no_price_dollars"":""0.7100"",""taker_side"":""yes"",""ticker"":""KXETH15M-26APR271515-15"",""trade_id"":""8d83fd5b-bfa7-410c-d0f6-f85ad3f70cc3"",""yes_price_dollars"":""0.2900""}"
KXETH15M-26APR271515-15,4555db04-22af-67c9-4634-8ca2d9780348,1777316700,0.29,1.0,no,"{""count_fp"":""1.00"",""created_time"":""2026-04-27T19:05:00.779249Z"",""no_price_dollars"":""0.7100"",""taker_side"":""no"",""ticker"":""KXETH15M-26APR271515-15"",""trade_id"":""4555db04-22af-67c9-4634-8ca2d9780348"",""yes_price_dollars"":""0.2900""}"
KXETH15M-26APR271515-15,ccf13c23-fb1f-7d24-b86c-8679d7944757,1777316706,0.3,31.77,yes,"{""count_fp"":""31.77"",""created_time"":""2026-04-27T19:05:06.056774Z"",""no_price_dollars"":""0.7000"",""taker_side"":""yes"",""ticker"":""KXETH15M-26APR271515-15"",""trade_id"":""ccf13c23-fb1f-7d24-b86c-8679d7944757"",""yes_price_dollars"":""0.3000""}"
KXETH15M-26APR271515-15,9372fe14-6337-53d0-7942-80822f6000d7,1777316707,0.29,15.88,yes,"{""count_fp"":""15.88"",""created_time"":""2026-04-27T19:05:07.827672Z"",""no_price_dollars"":""0.7100"",""taker_side"":""yes"",""ticker"":""KXETH15M-26APR271515-15"",""trade_id"":""9372fe14-6337-53d0-7942-80822f6000d7"",""yes_price_dollars"":""0.2900""}"
KXETH15M-26APR271515-15,3fdf4bca-a9a5-7429-db89-31963580a562,1777316709,0.28,10.0,no,"{""count_fp"":""10.00"",""created_time"":""2026-04-27T19:05:09.685427Z"",""no_price_dollars"":""0.7200"",""taker_side"":""no"",""ticker"":""KXETH15M-26APR271515-15"",""trade_id"":""3fdf4bca-a9a5-7429-db89-31963580a562"",""yes_price_dollars"":""0.2800""}"
KXETH15M-26APR271515-15,16a71218-d16b-79ba-aa6b-92b404f65176,1777316712,0.27,94.1,no,"{""count_fp"":""94.10"",""created_time"":""2026-04-27T19:05:12.777286Z"",""no_price_dollars"":""0.7300"",""taker_side"":""no"",""ticker"":""KXETH15M-26APR271515-15"",""trade_id"":""16a71218-d16b-79ba-aa6b-92b404f65176"",""yes_price_dollars"":""0.2700""}"
KXETH15M-26APR271515-15,f4eb81f4-3363-5a3f-059c-5c91524892bd,1777316722,0.25,1.0,no,"{""count_fp"":""1.00"",""created_time"":""2026-04-27T19:05:22.591302Z"",""no_price_dollars"":""0.7500"",""taker_side"":""no"",""ticker"":""KXETH15M-26APR271515-15"",""trade_id"":""f4eb81f4-3363-5a3f-059c-5c91524892bd"",""yes_price_dollars"":""0.2500""}"
KXETH15M-26APR271515-15,74aac64f-22a6-575e-2e48-668b1897dd6f,1777316722,0.25,1.0,no,"{""count_fp"":""1.00"",""created_time"":""2026-04-27T19:05:22.591302Z"",""no_price_dollars"":""0.7500"",""taker_side"":""no"",""ticker"":""KXETH15M-26APR271515-15"",""trade_id"":""74aac64f-22a6-575e-2e48-668b1897dd6f"",""yes_price_dollars"":""0.2500""}"
KXETH15M-26APR271515-15,3639c8ba-1239-535d-3005-46a197822c29,1777316722,0.25,4.0,no,"{""count_fp"":""4.00"",""created_time"":""2026-04-27T19:05:22.591302Z"",""no_price_dollars"":""0.7500"",""taker_side"":""no"",""ticker"":""KXETH15M-26APR271515-15"",""trade_id"":""3639c8ba-1239-535d-3005-46a197822c29"",""yes_price_dollars"":""0.2500""}"
KXETH15M-26APR271515-15,f5919382-9932-7859-b204-700dada74bbb,1777316722,0.28,1.0,no,"{""count_fp"":""1.00"",""created_time"":""2026-04-27T19:05:22.130425Z"",""no_price_dollars"":""0.7200"",""taker_side"":""no"",""ticker"":""KXETH15M-26APR271515-15"",""trade_id"":""f5919382-9932-7859-b204-700dada74bbb"",""yes_price_dollars"":""0.2800""}"
KXETH15M-26APR271515-15,ebfd70fb-b4fc-7f5f-8b94-c0bcd1412fb2,1777316722,0.28,5.0,no,"{""count_fp"":""5.00"",""created_time"":""2026-04-27T19:05:22.130425Z"",""no_price_dollars"":""0.7200"",""taker_side"":""no"",""ticker"":""KXETH15M-26APR271515-15"",""trade_id"":""ebfd70fb-b4fc-7f5f-8b94-c0bcd1412fb2"",""yes_price_dollars"":""0.2800""}"
KXETH15M-26APR271515-15,62383dac-b8db-693b-e73a-29a9236e41d4,1777316725,0.27,4.31,yes,"{""count_fp"":""4.31"",""created_time"":""2026-04-27T19:05:25.735322Z"",""no_price_dollars"":""0.7300"",""taker_side"":""yes"",""ticker"":""KXETH15M-26APR271515-15"",""trade_id"":""62383dac-b8db-693b-e73a-29a9236e41d4"",""yes_price_dollars"":""0.2700""}"
KXETH15M-26APR271515-15,f399add0-84e3-6763-6eac-922ee995911c,1777316726,0.27,3.52,yes,"{""count_fp"":""3.52"",""created_time"":""2026-04-27T19:05:26.561393Z"",""no_price_dollars"":""0.7300"",""taker_side"":""yes"",""ticker"":""KXETH15M-26APR271515-15"",""trade_id"":""f399add0-84e3-6763-6eac-922ee995911c"",""yes_price_dollars"":""0.2700""}"
KXETH15M-26APR271515-15,a1108f69-edc9-52b0-ecfe-ab0e2b32c27c,1777316729,0.28,1.0,no,"{""count_fp"":""1.00"",""created_time"":""2026-04-27T19:05:29.935813Z"",""no_price_dollars"":""0.7200"",""taker_side"":""no"",""ticker"":""KXETH15M-26APR271515-15"",""trade_id"":""a1108f69-edc9-52b0-ecfe-ab0e2b32c27c"",""yes_price_dollars"":""0.2800""}"
KXETH15M-26APR271515-15,e3e185f4-b68f-590e-a32f-e1c13718eb7e,1777316735,0.25,29.32,no,"{""count_fp"":""29.32"",""created_time"":""2026-04-27T19:05:35.271312Z"",""no_price_dollars"":""0.7500"",""taker_side"":""no"",""ticker"":""KXETH15M-26APR271515-15"",""trade_id"":""e3e185f4-b68f-590e-a32f-e1c13718eb7e"",""yes_price_dollars"":""0.2500""}"
KXETH15M-26APR271515-15,ba411d5c-1f37-5acd-8d9d-09f34eab5420,1777316735,0.26,9.68,no,"{""count_fp"":""9.68"",""created_time"":""2026-04-27T19:05:35.271312Z"",""no_price_dollars"":""0.7400"",""taker_side"":""no"",""ticker"":""KXETH15M-26APR271515-15"",""trade_id"":""ba411d5c-1f37-5acd-8d9d-09f34eab5420"",""yes_price_dollars"":""0.2600""}"
KXETH15M-26APR271515-15,c4fcbd13-a91b-6381-8d50-4f27e7116808,1777316735,0.26,0.32,no,"{""count_fp"":""0.32"",""created_time"":""2026-04-27T19:05:35.234809Z"",""no_price_dollars"":""0.7400"",""taker_side"":""no"",""ticker"":""KXETH15M-26APR271515-15"",""trade_id"":""c4fcbd13-a91b-6381-8d50-4f27e7116808"",""yes_price_dollars"":""0.2600""}"
KXETH15M-26APR271515-15,b3e03130-1038-679c-860c-bc830d3195e2,1777316735,0.26,1.0,no,"{""count_fp"":""1.00"",""created_time"":""2026-04-27T19:05:35.234809Z"",""no_price_dollars"":""0.7400"",""taker_side"":""no"",""ticker"":""KXETH15M-26APR271515-15"",""trade_id"":""b3e03130-1038-679c-860c-bc830d3195e2"",""yes_price_dollars"":""0.2600""}"
KXETH15M-26APR271515-15,bec7b9b7-26e8-66c1-0fd6-7953d493385f,1777316738,0.23,1.0,no,"{""count_fp"":""1.00"",""created_time"":""2026-04-27T19:05:38.393587Z"",""no_price_dollars"":""0.7700"",""taker_side"":""no"",""ticker"":""KXETH15M-26APR271515-15"",""trade_id"":""bec7b9b7-26e8-66c1-0fd6-7953d493385f"",""yes_price_dollars"":""0.2300""}"
KXETH15M-26APR271515-15,bd9f5808-315e-6424-0bf9-9124b6a34340,1777316738,0.22,1.0,no,"{""count_fp"":""1.00"",""created_time"":""2026-04-27T19:05:38.393587Z"",""no_price_dollars"":""0.7800"",""taker_side"":""no"",""ticker"":""KXETH15M-26APR271515-15"",""trade_id"":""bd9f5808-315e-6424-0bf9-9124b6a34340"",""yes_price_dollars"":""0.2200""}"
KXETH15M-26APR271515-15,b2ed5b00-d7d1-6aff-188b-dde95c756057,1777316738,0.23,1.0,no,"{""count_fp"":""1.00"",""created_time"":""2026-04-27T19:05:38.393587Z"",""no_price_dollars"":""0.7700"",""taker_side"":""no"",""ticker"":""KXETH15M-26APR271515-15"",""trade_id"":""b2ed5b00-d7d1-6aff-188b-dde95c756057"",""yes_price_dollars"":""0.2300""}"
KXETH15M-26APR271515-15,8b153856-6489-65d4-3ad0-58a3df7bc55c,1777316738,0.22,3.0,no,"{""count_fp"":""3.00"",""created_time"":""2026-04-27T19:05:38.393587Z"",""no_price_dollars"":""0.7800"",""taker_side"":""no"",""ticker"":""KXETH15M-26APR271515-15"",""trade_id"":""8b153856-6489-65d4-3ad0-58a3df7bc55c"",""yes_price_dollars"":""0.2200""}"
KXETH15M-26APR271515-15,81eeae14-1ade-6330-3882-3bde5714818f,1777316738,0.24,1.0,no,"{""count_fp"":""1.00"",""created_time"":""2026-04-27T19:05:38.393587Z"",""no_price_dollars"":""0.7600"",""taker_side"":""no"",""ticker"":""KXETH15M-26APR271515-15"",""trade_id"":""81eeae14-1ade-6330-3882-3bde5714818f"",""yes_price_dollars"":""0.2400""}"
KXETH15M-26APR271515-15,ecf7c70f-c11f-6533-d7de-9faee65290b8,1777316743,0.23,1.82,yes,"{""count_fp"":""1.82"",""created_time"":""2026-04-27T19:05:43.985568Z"",""no_price_dollars"":""0.7700"",""taker_side"":""yes"",""ticker"":""KXETH15M-26APR271515-15"",""trade_id"":""ecf7c70f-c11f-6533-d7de-9faee65290b8"",""yes_price_dollars"":""0.2300""}"
KXETH15M-26APR271515-15,b0332b25-1a3f-6e2b-9224-78a8ca58445c,1777316744,0.23,1.0,yes,"{""count_fp"":""1.00"",""created_time"":""2026-04-27T19:05:44.323331Z"",""no_price_dollars"":""0.7700"",""taker_side"":""yes"",""ticker"":""KXETH15M-26APR271515-15"",""trade_id"":""b0332b25-1a3f-6e2b-9224-78a8ca58445c"",""yes_price_dollars"":""0.2300""}"
KXETH15M-26APR271515-15,a044fa82-f1d8-6dc9-81ea-c217febe2813,1777316746,0.2,1.0,no,"{""count_fp"":""1.00"",""created_time"":""2026-04-27T19:05:46.824823Z"",""no_price_dollars"":""0.8000"",""taker_side"":""no"",""ticker"":""KXETH15M-26APR271515-15"",""trade_id"":""a044fa82-f1d8-6dc9-81ea-c217febe2813"",""yes_price_dollars"":""0.2000""}"
KXETH15M-26APR271515-15,7536f7c2-9e87-6bb6-1cfd-c3e01b6c4afe,1777316747,0.2,2.0,no,"{""count_fp"":""2.00"",""created_time"":""2026-04-27T19:05:47.064769Z"",""no_price_dollars"":""0.8000"",""taker_side"":""no"",""ticker"":""KXETH15M-26APR271515-15"",""trade_id"":""7536f7c2-9e87-6bb6-1cfd-c3e01b6c4afe"",""yes_price_dollars"":""0.2000""}"
KXETH15M-26APR271515-15,bc1c80f4-298b-571e-bc0f-874e4685d41e,1777316749,0.21,5.23,no,"{""count_fp"":""5.23"",""created_time"":""2026-04-27T19:05:49.820778Z"",""no_price_dollars"":""0.7900"",""taker_side"":""no"",""ticker"":""KXETH15M-26APR271515-15"",""trade_id"":""bc1c80f4-298b-571e-bc0f-874e4685d41e"",""yes_price_dollars"":""0.2100""}"
KXETH15M-26APR271515-15,6fea4522-be2e-5c3d-944c-599561bae93d,1777316749,0.21,1.0,no,"{""count_fp"":""1.00"",""created_time"":""2026-04-27T19:05:49.820778Z"",""no_price_dollars"":""0.7900"",""taker_side"":""no"",""ticker"":""KXETH15M-26APR271515-15"",""trade_id"":""6fea4522-be2e-5c3d-944c-599561bae93d"",""yes_price_dollars"":""0.2100""}"
KXETH15M-26APR271515-15,e0284778-51fb-5607-79ff-9927d15a4f84,1777316749,0.21,0.75,yes,"{""count_fp"":""0.75"",""created_time"":""2026-04-27T19:05:49.722933Z"",""no_price_dollars"":""0.7900"",""taker_side"":""yes"",""ticker"":""KXETH15M-26APR271515-15"",""trade_id"":""e0284778-51fb-5607-79ff-9927d15a4f84"",""yes_price_dollars"":""0.2100""}"
KXETH15M-26APR271515-15,e36fe42a-5ec3-79b7-31dc-c26222a1c038,1777316749,0.21,91.0,yes,"{""count_fp"":""91.00"",""created_time"":""2026-04-27T19:05:49.717961Z"",""no_price_dollars"":""0.7900"",""taker_side"":""yes"",""ticker"":""KXETH15M-26APR271515-15"",""trade_id"":""e36fe42a-5ec3-79b7-31dc-c26222a1c038"",""yes_price_dollars"":""0.2100""}"
KXETH15M-26APR271515-15,341e59d2-9b60-5ec2-1896-a507f70adbdd,1777316750,0.23,100.0,yes,"{""count_fp"":""100.00"",""created_time"":""2026-04-27T19:05:50.452411Z"",""no_price_dollars"":""0.7700"",""taker_side"":""yes"",""ticker"":""KXETH15M-26APR271515-15"",""trade_id"":""341e59d2-9b60-5ec2-1896-a507f70adbdd"",""yes_price_dollars"":""0.2300""}"
KXETH15M-26APR271515-15,ae6742fb-f5ac-56d3-525b-ce36988c7834,1777316751,0.23,83.08,yes,"{""count_fp"":""83.08"",""created_time"":""2026-04-27T19:05:51.761164Z"",""no_price_dollars"":""0.7700"",""taker_side"":""yes"",""ticker"":""KXETH15M-26APR271515-15"",""trade_id"":""ae6742fb-f5ac-56d3-525b-ce36988c7834"",""yes_price_dollars"":""0.2300""}"
KXETH15M-26APR271515-15,f2f7c2f6-b2e6-7a44-cbc7-33d196625c2c,1777316755,0.19,1.0,no,"{""count_fp"":""1.00"",""created_time"":""2026-04-27T19:05:55.877009Z"",""no_price_dollars"":""0.8100"",""taker_side"":""no"",""ticker"":""KXETH15M-26APR271515-15"",""trade_id"":""f2f7c2f6-b2e6-7a44-cbc7-33d196625c2c"",""yes_price_dollars"":""0.1900""}"
KXETH15M-26APR271515-15,4dc0cd20-1224-7673-9e2c-9de82377555c,1777316755,0.2,17.0,yes,"{""count_fp"":""17.00"",""created_time"":""2026-04-27T19:05:55.772141Z"",""no_price_dollars"":""0.8000"",""taker_side"":""yes"",""ticker"":""KXETH15M-26APR271515-15"",""trade_id"":""4dc0cd20-1224-7673-9e2c-9de82377555c"",""yes_price_dollars"":""0.2000""}"
KXETH15M-26APR271515-15,f5de4b9a-10a6-7561-7845-503f55b974b0,1777316757,0.18,1.0,no,"{""count_fp"":""1.00"",""created_time"":""2026-04-27T19:05:57.150859Z"",""no_price_dollars"":""0.8200"",""taker_side"":""no"",""ticker"":""KXETH15M-26APR271515-15"",""trade_id"":""f5de4b9a-10a6-7561-7845-503f55b974b0"",""yes_price_dollars"":""0.1800""}"
KXETH15M-26APR271515-15,7ea0a3e2-eb16-797f-58e8-66bb48c26def,1777316757,0.18,1.0,no,"{""count_fp"":""1.00"",""created_time"":""2026-04-27T19:05:57.150859Z"",""no_price_dollars"":""0.8200"",""taker_side"":""no"",""ticker"":""KXETH15M-26APR271515-15"",""trade_id"":""7ea0a3e2-eb16-797f-58e8-66bb48c26def"",""yes_price_dollars"":""0.1800""}"
KXETH15M-26APR271515-15,b5982573-5078-5f84-bbb0-6f0c25a4c309,1777316758,0.17,1.0,no,"{""count_fp"":""1.00"",""created_time"":""2026-04-27T19:05:58.439338Z"",""no_price_dollars"":""0.8300"",""taker_side"":""no"",""ticker"":""KXETH15M-26APR271515-15"",""trade_id"":""b5982573-5078-5f84-bbb0-6f0c25a4c309"",""yes_price_dollars"":""0.1700""}"
KXETH15M-26APR271515-15,5da3e959-601d-5861-8aa5-74e8bab74b0b,1777316758,0.17,8.0,no,"{""count_fp"":""8.00"",""created_time"":""2026-04-27T19:05:58.439338Z"",""no_price_dollars"":""0.8300"",""taker_side"":""no"",""ticker"":""KXETH15M-26APR271515-15"",""trade_id"":""5da3e959-601d-5861-8aa5-74e8bab74b0b"",""yes_price_dollars"":""0.1700""}"
KXETH15M-26APR271515-15,3aaff062-51de-594e-8399-0deb0e4638b4,1777316758,0.17,1.0,no,"{""count_fp"":""1.00"",""created_time"":""2026-04-27T19:05:58.439338Z"",""no_price_dollars"":""0.8300"",""taker_side"":""no"",""ticker"":""KXETH15M-26APR271515-15"",""trade_id"":""3aaff062-51de-594e-8399-0deb0e4638b4"",""yes_price_dollars"":""0.1700""}"
KXETH15M-26APR271515-15,a2bc46ad-f54b-57ea-0430-818e79b73e17,1777316759,0.17,10.0,yes,"{""count_fp"":""10.00"",""created_time"":""2026-04-27T19:05:59.270313Z"",""no_price_dollars"":""0.8300"",""taker_side"":""yes"",""ticker"":""KXETH15M-26APR271515-15"",""trade_id"":""a2bc46ad-f54b-57ea-0430-818e79b73e17"",""yes_price_dollars"":""0.1700""}"
KXETH15M-26APR271515-15,0ec155e1-f701-5afc-1a2c-f3eb6e41a6cc,1777316759,0.17,32.03,yes,"{""count_fp"":""32.03"",""created_time"":""2026-04-27T19:05:59.270313Z"",""no_price_dollars"":""0.8300"",""taker_side"":""yes"",""ticker"":""KXETH15M-26APR271515-15"",""trade_id"":""0ec155e1-f701-5afc-1a2c-f3eb6e41a6cc"",""yes_price_dollars"":""0.1700""}"
KXETH15M-26APR271515-15,57724a9d-c6de-7327-9d2b-67c682cf17a6,1777316760,0.16,1.0,no,"{""count_fp"":""1.00"",""created_time"":""2026-04-27T19:06:00.926175Z"",""no_price_dollars"":""0.8400"",""taker_side"":""no"",""ticker"":""KXETH15M-26APR271515-15"",""trade_id"":""57724a9d-c6de-7327-9d2b-67c682cf17a6"",""yes_price_dollars"":""0.1600""}"
KXETH15M-26APR271515-15,229c6daf-4a69-7714-aacc-8c08a84eadeb,1777316760,0.16,7.56,no,"{""count_fp"":""7.56"",""created_time"":""2026-04-27T19:06:00.926175Z"",""no_price_dollars"":""0.8400"",""taker_side"":""no"",""ticker"":""KXETH15M-26APR271515-15"",""trade_id"":""229c6daf-4a69-7714-aacc-8c08a84eadeb"",""yes_price_dollars"":""0.1600""}"
KXETH15M-26APR271515-15,715c576c-8426-448e-73ee-012736418a42,1777316760,0.18,0.78,yes,"{""count_fp"":""0.78"",""created_time"":""2026-04-27T19:06:00.758479Z"",""no_price_dollars"":""0.8200"",""taker_side"":""yes"",""ticker"":""KXETH15M-26APR271515-15"",""trade_id"":""715c576c-8426-448e-73ee-012736418a42"",""yes_price_dollars"":""0.1800""}"
KXETH15M-26APR271515-15,875f5354-4531-4cd8-29d2-4ea0a3b9e090,1777316760,0.17,67.97,yes,"{""count_fp"":""67.97"",""created_time"":""2026-04-27T19:06:00.730549Z"",""no_price_dollars"":""0.8300"",""taker_side"":""yes"",""ticker"":""KXETH15M-26APR271515-15"",""trade_id"":""875f5354-4531-4cd8-29d2-4ea0a3b9e090"",""yes_price_dollars"":""0.1700""}"
KXETH15M-26APR271515-15,de01697e-108b-6f5a-2ae3-148d5e198a0a,1777316760,0.14,30.0,no,"{""count_fp"":""30.00"",""created_time"":""2026-04-27T19:06:00.338614Z"",""no_price_dollars"":""0.8600"",""taker_side"":""no"",""ticker"":""KXETH15M-26APR271515-15"",""trade_id"":""de01697e-108b-6f5a-2ae3-148d5e198a0a"",""yes_price_dollars"":""0.1400""}"
KXETH15M-26APR271515-15,31414736-138a-62e7-10c1-14fd71a8a2a0,1777316760,0.16,1.0,no,"{""count_fp"":""1.00"",""created_time"":""2026-04-27T19:06:00.338614Z"",""no_price_dollars"":""0.8400"",""taker_side"":""no"",""ticker"":""KXETH15M-26APR271515-15"",""trade_id"":""31414736-138a-62e7-10c1-14fd71a8a2a0"",""yes_price_dollars"":""0.1600""}"
KXETH15M-26APR271515-15,b044eb31-8d55-56ff-54bd-f4438e559e1f,1777316760,0.16,1.0,no,"{""count_fp"":""1.00"",""created_time"":""2026-04-27T19:06:00.217158Z"",""no_price_dollars"":""0.8400"",""taker_side"":""no"",""ticker"":""KXETH15M-26APR271515-15"",""trade_id"":""b044eb31-8d55-56ff-54bd-f4438e559e1f"",""yes_price_dollars"":""0.1600""}"
KXETH15M-26APR271515-15,9053afb4-b381-51ac-533c-8484b4594183,1777316760,0.16,1.0,no,"{""count_fp"":""1.00"",""created_time"":""2026-04-27T19:06:00.217158Z"",""no_price_dollars"":""0.8400"",""taker_side"":""no"",""ticker"":""KXETH15M-26APR271515-15"",""trade_id"":""9053afb4-b381-51ac-533c-8484b4594183"",""yes_price_dollars"":""0.1600""}"
KXETH15M-26APR271515-15,575092e2-523b-5de4-7485-cd0d0e3b2de5,1777316760,0.15,1.0,no,"{""count_fp"":""1.00"",""created_time"":""2026-04-27T19:06:00.217158Z"",""no_price_dollars"":""0.8500"",""taker_side"":""no"",""ticker"":""KXETH15M-26APR271515-15"",""trade_id"":""575092e2-523b-5de4-7485-cd0d0e3b2de5"",""yes_price_dollars"":""0.1500""}"
KXETH15M-26APR271515-15,5616fae1-acd1-5c79-6497-88328e7af444,1777316760,0.16,1.0,no,"{""count_fp"":""1.00"",""created_time"":""2026-04-27T19:06:00.217158Z"",""no_price_dollars"":""0.8400"",""taker_side"":""no"",""ticker"":""KXETH15M-26APR271515-15"",""trade_id"":""5616fae1-acd1-5c79-6497-88328e7af444"",""yes_price_dollars"":""0.1600""}"
KXETH15M-26APR271515-15,461d14c2-0c4d-5e7c-4da4-c6a2e0fed9b4,1777316760,0.14,10.0,no,"{""count_fp"":""10.00"",""created_time"":""2026-04-27T19:06:00.217158Z"",""no_price_dollars"":""0.8600"",""taker_side"":""no"",""ticker"":""KXETH15M-26APR271515-15"",""trade_id"":""461d14c2-0c4d-5e7c-4da4-c6a2e0fed9b4"",""yes_price_dollars"":""0.1400""}"
KXETH15M-26APR271515-15,3d5a9bfc-224f-5762-6c0e-426703992c1a,1777316760,0.14,48.44,no,"{""count_fp"":""48.44"",""created_time"":""2026-04-27T19:06:00.217158Z"",""no_price_dollars"":""0.8600"",""taker_side"":""no"",""ticker"":""KXETH15M-26APR271515-15"",""trade_id"":""3d5a9bfc-224f-5762-6c0e-426703992c1a"",""yes_price_dollars"":""0.1400""}"
KXETH15M-26APR271515-15,18d6ecf6-1bec-51d9-503d-b2a6ba45f75b,1777316760,0.16,7.56,no,"{""count_fp"":""7.56"",""created_time"":""2026-04-27T19:06:00.217158Z"",""no_price_dollars"":""0.8400"",""taker_side"":""no"",""ticker"":""KXETH15M-26APR271515-15"",""trade_id"":""18d6ecf6-1bec-51d9-503d-b2a6ba45f75b"",""yes_price_dollars"":""0.1600""}"
KXETH15M-26APR271515-15,136193b3-344e-5d62-0231-3eef37300d76,1777316762,0.18,4.22,yes,"{""count_fp"":""4.22"",""created_time"":""2026-04-27T19:06:02.081202Z"",""no_price_dollars"":""0.8200"",""taker_side"":""yes"",""ticker"":""KXETH15M-26APR271515-15"",""trade_id"":""136193b3-344e-5d62-0231-3eef37300d76"",""yes_price_dollars"":""0.1800""}"
KXETH15M-26APR271515-15,fc5a851c-78b6-7edd-5129-47fe16b855dd,1777316762,0.17,100.0,yes,"{""count_fp"":""100.00"",""created_time"":""2026-04-27T19:06:02.067146Z"",""no_price_dollars"":""0.8300"",""taker_side"":""yes"",""ticker"":""KXETH15M-26APR271515-15"",""trade_id"":""fc5a851c-78b6-7edd-5129-47fe16b855dd"",""yes_price_dollars"":""0.1700""}"
KXETH15M-26APR271515-15,e055da7b-5422-6d56-722d-ab9687ae95bc,1777316765,0.21,4.3,yes,"{""count_fp"":""4.30"",""created_time"":""2026-04-27T19:06:05.966788Z"",""no_price_dollars"":""0.7900"",""taker_side"":""yes"",""ticker"":""KXETH15M-26APR271515-15"",""trade_id"":""e055da7b-5422-6d56-722d-ab9687ae95bc"",""yes_price_dollars"":""0.2100""}"
KXETH15M-26APR271515-15,4c79fa0e-02ea-40b7-dbbe-99c340d41b88,1777316765,0.2,100.0,yes,"{""count_fp"":""100.00"",""created_time"":""2026-04-27T19:06:05.087341Z"",""no_price_dollars"":""0.8000"",""taker_side"":""yes"",""ticker"":""KXETH15M-26APR271515-15"",""trade_id"":""4c79fa0e-02ea-40b7-dbbe-99c340d41b88"",""yes_price_dollars"":""0.2000""}"
KXETH15M-26APR271515-15,175cf0f6-a4e2-7c2a-b691-582941ecdc70,1777316770,0.2,42.68,yes,"{""count_fp"":""42.68"",""created_time"":""2026-04-27T19:06:10.478723Z"",""no_price_dollars"":""0.8000"",""taker_side"":""yes"",""ticker"":""KXETH15M-26APR271515-15"",""trade_id"":""175cf0f6-a4e2-7c2a-b691-582941ecdc70"",""yes_price_dollars"":""0.2000""}"
KXETH15M-26APR271515-15,fc8c66fd-48f0-5baa-9141-b243dea6e8ea,1777316772,0.19,10.0,no,"{""count_fp"":""10.00"",""created_time"":""2026-04-27T19:06:12.849709Z"",""no_price_dollars"":""0.8100"",""taker_side"":""no"",""ticker"":""KXETH15M-26APR271515-15"",""trade_id"":""fc8c66fd-48f0-5baa-9141-b243dea6e8ea"",""yes_price_dollars"":""0.1900""}"
KXETH15M-26APR271515-15,e4f31101-de67-5e96-641a-ce4d54d45e1e,1777316772,0.19,6.09,no,"{""count_fp"":""6.09"",""created_time"":""2026-04-27T19:06:12.754204Z"",""no_price_dollars"":""0.8100"",""taker_side"":""no"",""ticker"":""KXETH15M-26APR271515-15"",""trade_id"":""e4f31101-de67-5e96-641a-ce4d54d45e1e"",""yes_price_dollars"":""0.1900""}"
KXETH15M-26APR271515-15,f9d8709e-a0c2-7234-89b5-8c93da4f04ff,1777316776,0.14,1.0,no,"{""count_fp"":""1.00"",""created_time"":""2026-04-27T19:06:16.763733Z"",""no_price_dollars"":""0.8600"",""taker_side"":""no"",""ticker"":""KXETH15M-26APR271515-15"",""trade_id"":""f9d8709e-a0c2-7234-89b5-8c93da4f04ff"",""yes_price_dollars"":""0.1400""}"
KXETH15M-26APR271515-15,868b58db-696e-7cba-c6c2-b0ebdfa83b8f,1777316776,0.14,1.0,no,"{""count_fp"":""1.00"",""created_time"":""2026-04-27T19:06:16.261565Z"",""no_price_dollars"":""0.8600"",""taker_side"":""no"",""ticker"":""KXETH15M-26APR271515-15"",""trade_id"":""868b58db-696e-7cba-c6c2-b0ebdfa83b8f"",""yes_price_dollars"":""0.1400""}"
KXETH15M-26APR271515-15,889725cf-0b65-54a1-37d2-22b85f5ecf8d,1777316777,0.14,2.0,no,"{""count_fp"":""2.00"",""created_time"":""2026-04-27T19:06:17.523523Z"",""no_price_dollars"":""0.8600"",""taker_side"":""no"",""ticker"":""KXETH15M-26APR271515-15"",""trade_id"":""889725cf-0b65-54a1-37d2-22b85f5ecf8d"",""yes_price_dollars"":""0.1400""}"
KXETH15M-26APR271515-15,3eecddcf-4970-4969-eefb-99e82e677dd4,1777316777,0.15,3.15,yes,"{""count_fp"":""3.15"",""created_time"":""2026-04-27T19:06:17.116328Z"",""no_price_dollars"":""0.8500"",""taker_side"":""yes"",""ticker"":""KXETH15M-26APR271515-15"",""trade_id"":""3eecddcf-4970-4969-eefb-99e82e677dd4"",""yes_price_dollars"":""0.1500""}"
KXETH15M-26APR271515-15,d6f7a33e-5bdc-5158-620c-0737667b9e5d,1777316780,0.14,8.64,no,"{""count_fp"":""8.64"",""created_time"":""2026-04-27T19:06:20.692429Z"",""no_price_dollars"":""0.8600"",""taker_side"":""no"",""ticker"":""KXETH15M-26APR271515-15"",""trade_id"":""d6f7a33e-5bdc-5158-620c-0737667b9e5d"",""yes_price_dollars"":""0.1400""}"
KXETH15M-26APR271515-15,8c1ea081-61ed-55f5-56b4-8054e8b1de8a,1777316780,0.14,1.0,no,"{""count_fp"":""1.00"",""created_time"":""2026-04-27T19:06:20.692429Z"",""no_price_dollars"":""0.8600"",""taker_side"":""no"",""ticker"":""KXETH15M-26APR271515-15"",""trade_id"":""8c1ea081-61ed-55f5-56b4-8054e8b1de8a"",""yes_price_dollars"":""0.1400""}"
KXETH15M-26APR271515-15,7417d9a3-c5b3-5d0e-4c5b-6dc592e5b166,1777316780,0.14,4.17,no,"{""count_fp"":""4.17"",""created_time"":""2026-04-27T19:06:20.692429Z"",""no_price_dollars"":""0.8600"",""taker_side"":""no"",""ticker"":""KXETH15M-26APR271515-15"",""trade_id"":""7417d9a3-c5b3-5d0e-4c5b-6dc592e5b166"",""yes_price_dollars"":""0.1400""}"
KXETH15M-26APR271515-15,5ae1d6c0-2ad4-4da5-791c-189d4e2843f0,1777316781,0.15,64.19,yes,"{""count_fp"":""64.19"",""created_time"":""2026-04-27T19:06:21.118752Z"",""no_price_dollars"":""0.8500"",""taker_side"":""yes"",""ticker"":""KXETH15M-26APR271515-15"",""trade_id"":""5ae1d6c0-2ad4-4da5-791c-189d4e2843f0"",""yes_price_dollars"":""0.1500""}"
KXETH15M-26APR271515-15,c8d3c097-5277-4399-dbbb-3da58444172c,1777316783,0.14,5.0,yes,"{""count_fp"":""5.00"",""created_time"":""2026-04-27T19:06:23.892018Z"",""no_price_dollars"":""0.8600"",""taker_side"":""yes"",""ticker"":""KXETH15M-26APR271515-15"",""trade_id"":""c8d3c097-5277-4399-dbbb-3da58444172c"",""yes_price_dollars"":""0.1400""}"
KXETH15M-26APR271515-15,c79296af-f4c8-4be3-c069-1aa3a4b87da3,1777316783,0.15,10.0,yes,"{""count_fp"":""10.00"",""created_time"":""2026-04-27T19:06:23.892018Z"",""no_price_dollars"":""0.8500"",""taker_side"":""yes"",""ticker"":""KXETH15M-26APR271515-15"",""trade_id"":""c79296af-f4c8-4be3-c069-1aa3a4b87da3"",""yes_price_dollars"":""0.1500""}"
KXETH15M-26APR271515-15,cacfee71-4710-6441-5e1d-fb89c401d100,1777316783,0.13,100.0,yes,"{""count_fp"":""100.00"",""created_time"":""2026-04-27T19:06:23.779589Z"",""no_price_dollars"":""0.8700"",""taker_side"":""yes"",""ticker"":""KXETH15M-26APR271515-15"",""trade_id"":""cacfee71-4710-6441-5e1d-fb89c401d100"",""yes_price_dollars"":""0.1300""}"
KXETH15M-26APR271515-15,dbf0a8e3-1777-50de-ad58-d18b0ec8013a,1777316783,0.12,26.0,no,"{""count_fp"":""26.00"",""created_time"":""2026-04-27T19:06:23.702198Z"",""no_price_dollars"":""0.8800"",""taker_side"":""no"",""ticker"":""KXETH15M-26APR271515-15"",""trade_id"":""dbf0a8e3-1777-50de-ad58-d18b0ec8013a"",""yes_price_dollars"":""0.1200""}"
KXETH15M-26APR271515-15,55617fa0-cbd7-5554-b01c-4b7ebfe9a042,1777316783,0.13,2.0,no,"{""count_fp"":""2.00"",""created_time"":""2026-04-27T19:06:23.702198Z"",""no_price_dollars"":""0.8700"",""taker_side"":""no"",""ticker"":""KXETH15M-26APR271515-15"",""trade_id"":""55617fa0-cbd7-5554-b01c-4b7ebfe9a042"",""yes_price_dollars"":""0.1300""}"
KXETH15M-26APR271515-15,5251fcf8-7530-5786-8a59-a3b4763ed51b,1777316783,0.13,12.0,no,"{""count_fp"":""12.00"",""created_time"":""2026-04-27T19:06:23.702198Z"",""no_price_dollars"":""0.8700"",""taker_side"":""no"",""ticker"":""KXETH15M-26APR271515-15"",""trade_id"":""5251fcf8-7530-5786-8a59-a3b4763ed51b"",""yes_price_dollars"":""0.1300""}"
KXETH15M-26APR271515-15,30d16000-25b2-5585-af54-f94208089810,1777316783,0.12,10.0,no,"{""count_fp"":""10.00"",""created_time"":""2026-04-27T19:06:23.702198Z"",""no_price_dollars"":""0.8800"",""taker_side"":""no"",""ticker"":""KXETH15M-26APR271515-15"",""trade_id"":""30d16000-25b2-5585-af54-f94208089810"",""yes_price_dollars"":""0.1200""}"
KXETH15M-26APR271515-15,3c71f8ed-e020-704e-f0e9-99d65a7dc3e2,1777316784,0.15,100.0,yes,"{""count_fp"":""100.00"",""created_time"":""2026-04-27T19:06:24.776846Z"",""no_price_dollars"":""0.8500"",""taker_side"":""yes"",""ticker"":""KXETH15M-26APR271515-15"",""trade_id"":""3c71f8ed-e020-704e-f0e9-99d65a7dc3e2"",""yes_price_dollars"":""0.1500""}"
KXETH15M-26APR271515-15,a941dc6d-f624-5fad-dbae-51633d49651a,1777316784,0.15,100.0,yes,"{""count_fp"":""100.00"",""created_time"":""2026-04-27T19:06:24.373615Z"",""no_price_dollars"":""0.8500"",""taker_side"":""yes"",""ticker"":""KXETH15M-26APR271515-15"",""trade_id"":""a941dc6d-f624-5fad-dbae-51633d49651a"",""yes_price_dollars"":""0.1500""}"
KXETH15M-26APR271515-15,88b346f0-5431-521c-76f9-11b9528e0378,1777316784,0.15,100.0,yes,"{""count_fp"":""100.00"",""created_time"":""2026-04-27T19:06:24.009583Z"",""no_price_dollars"":""0.8500"",""taker_side"":""yes"",""ticker"":""KXETH15M-26APR271515-15"",""trade_id"":""88b346f0-5431-521c-76f9-11b9528e0378"",""yes_price_dollars"":""0.1500""}"
KXETH15M-26APR271515-15,808d776f-0b57-5cb8-256b-46d70db85abb,1777316785,0.15,99.0,yes,"{""count_fp"":""99.00"",""created_time"":""2026-04-27T19:06:25.835017Z"",""no_price_dollars"":""0.8500"",""taker_side"":""yes"",""ticker"":""KXETH15M-26APR271515-15"",""trade_id"":""808d776f-0b57-5cb8-256b-46d70db85abb"",""yes_price_dollars"":""0.1500""}"
KXETH15M-26APR271515-15,74037551-d127-5560-4d8f-57f8fa30cd43,1777316785,0.15,1.0,yes,"{""count_fp"":""1.00"",""created_time"":""2026-04-27T19:06:25.383047Z"",""no_price_dollars"":""0.8500"",""taker_side"":""yes"",""ticker"":""KXETH15M-26APR271515-15"",""trade_id"":""74037551-d127-5560-4d8f-57f8fa30cd43"",""yes_price_dollars"":""0.1500""}"
KXETH15M-26APR271515-15,6fb379e9-ac77-6573-d988-c273ee80ccc2,1777316787,0.15,1.0,no,"{""count_fp"":""1.00"",""created_time"":""2026-04-27T19:06:27.709339Z"",""no_price_dollars"":""0.8500"",""taker_side"":""no"",""ticker"":""KXETH15M-26APR271515-15"",""trade_id"":""6fb379e9-ac77-6573-d988-c273ee80ccc2"",""yes_price_dollars"":""0.1500""}"
KXETH15M-26APR271515-15,07bcdfe3-841f-7b19-7ac2-05a95246bb4b,1777316789,0.15,10.0,yes,"{""count_fp"":""10.00"",""created_time"":""2026-04-27T19:06:29.904964Z"",""no_price_dollars"":""0.8500"",""taker_side"":""yes"",""ticker"":""KXETH15M-26APR271515-15"",""trade_id"":""07bcdfe3-841f-7b19-7ac2-05a95246bb4b"",""yes_price_dollars"":""0.1500""}"
KXETH15M-26APR271515-15,f74be189-da59-496f-8777-0c3b0acc2aa2,1777316789,0.15,100.0,yes,"{""count_fp"":""100.00"",""created_time"":""2026-04-27T19:06:29.754213Z"",""no_price_dollars"":""0.8500"",""taker_side"":""yes"",""ticker"":""KXETH15M-26APR271515-15"",""trade_id"":""f74be189-da59-496f-8777-0c3b0acc2aa2"",""yes_price_dollars"":""0.1500""}"
KXETH15M-26APR271515-15,b962f406-ea47-60b3-dc3e-26fbd9affeb4,1777316790,0.15,99.12,yes,"{""count_fp"":""99.12"",""created_time"":""2026-04-27T19:06:30.008661Z"",""no_price_dollars"":""0.8500"",""taker_side"":""yes"",""ticker"":""KXETH15M-26APR271515-15"",""trade_id"":""b962f406-ea47-60b3-dc3e-26fbd9affeb4"",""yes_price_dollars"":""0.1500""}"
KXETH15M-26APR271515-15,a2b97359-bc6f-6919-e151-00b2528e270f,1777316790,0.15,9.88,yes,"{""count_fp"":""9.88"",""created_time"":""2026-04-27T19:06:30.008661Z"",""no_price_dollars"":""0.8500"",""taker_side"":""yes"",""ticker"":""KXETH15M-26APR271515-15"",""trade_id"":""a2b97359-bc6f-6919-e151-00b2528e270f"",""yes_price_dollars"":""0.1500""}"
KXETH15M-26APR271515-15,48bfbb3e-8e6f-4e7f-7a61-3de6cd786ec0,1777316791,0.15,100.0,yes,"{""count_fp"":""100.00"",""created_time"":""2026-04-27T19:06:31.589857Z"",""no_price_dollars"":""0.8500"",""taker_side"":""yes"",""ticker"":""KXETH15M-26APR271515-15"",""trade_id"":""48bfbb3e-8e6f-4e7f-7a61-3de6cd786ec0"",""yes_price_dollars"":""0.1500""}"
KXETH15M-26APR271515-15,c32687d4-9f4b-467f-3b6e-42ef49e08ef8,1777316792,0.14,114.0,no,"{""count_fp"":""114.00"",""created_time"":""2026-04-27T19:06:32.720442Z"",""no_price_dollars"":""0.8600"",""taker_side"":""no"",""ticker"":""KXETH15M-26APR271515-15"",""trade_id"":""c32687d4-9f4b-467f-3b6e-42ef49e08ef8"",""yes_price_dollars"":""0.1400""}"
KXETH15M-26APR271515-15,acd80dab-c261-5bdd-9735-83778228c34a,1777316792,0.14,1.0,no,"{""count_fp"":""1.00"",""created_time"":""2026-04-27T19:06:32.285396Z"",""no_price_dollars"":""0.8600"",""taker_side"":""no"",""ticker"":""KXETH15M-26APR271515-15"",""trade_id"":""acd80dab-c261-5bdd-9735-83778228c34a"",""yes_price_dollars"":""0.1400""}"
KXETH15M-26APR271515-15,3068a711-4d67-5747-b1f0-608ea990157c,1777316792,0.14,26.0,no,"{""count_fp"":""26.00"",""created_time"":""2026-04-27T19:06:32.285396Z"",""no_price_dollars"":""0.8600"",""taker_side"":""no"",""ticker"":""KXETH15M-26APR271515-15"",""trade_id"":""3068a711-4d67-5747-b1f0-608ea990157c"",""yes_price_dollars"":""0.1400""}"
KXETH15M-26APR271515-15,1fbd9139-99e8-547f-99f4-ceea712f32ca,1777316793,0.15,94.1,yes,"{""count_fp"":""94.10"",""created_time"":""2026-04-27T19:06:33.557459Z"",""no_price_dollars"":""0.8500"",""taker_side"":""yes"",""ticker"":""KXETH15M-26APR271515-15"",""trade_id"":""1fbd9139-99e8-547f-99f4-ceea712f32ca"",""yes_price_dollars"":""0.1500""}"
KXETH15M-26APR271515-15,eedb171a-55c0-7a57-26f0-6aab7980c26a,1777316794,0.15,1.0,yes,"{""count_fp"":""1.00"",""created_time"":""2026-04-27T19:06:34.310815Z"",""no_price_dollars"":""0.8500"",""taker_side"":""yes"",""ticker"":""KXETH15M-26APR271515-15"",""trade_id"":""eedb171a-55c0-7a57-26f0-6aab7980c26a"",""yes_price_dollars"":""0.1500""}"
KXETH15M-26APR271515-15,6f5db86f-ee94-5822-929a-477244127873,1777316803,0.16,4.0,yes,"{""count_fp"":""4.00"",""created_time"":""2026-04-27T19:06:43.337194Z"",""no_price_dollars"":""0.8400"",""taker_side"":""yes"",""ticker"":""KXETH15M-26APR271515-15"",""trade_id"":""6f5db86f-ee94-5822-929a-477244127873"",""yes_price_dollars"":""0.1600""}"
KXETH15M-26APR271515-15,0a9cbd92-5ea8-566b-af6e-25b7a86bb94e,1777316803,0.16,100.0,yes,"{""count_fp"":""100.00"",""created_time"":""2026-04-27T19:06:43.337194Z"",""no_price_dollars"":""0.8400"",""taker_side"":""yes"",""ticker"":""KXETH15M-26APR271515-15"",""trade_id"":""0a9cbd92-5ea8-566b-af6e-25b7a86bb94e"",""yes_price_dollars"":""0.1600""}"
KXETH15M-26APR271515-15,e6efaa8c-cd86-59f3-fb21-23e4e651d7ec,1777316809,0.17,9.85,yes,"{""count_fp"":""9.85"",""created_time"":""2026-04-27T19:06:49.509846Z"",""no_price_dollars"":""0.8300"",""taker_side"":""yes"",""ticker"":""KXETH15M-26APR271515-15"",""trade_id"":""e6efaa8c-cd86-59f3-fb21-23e4e651d7ec"",""yes_price_dollars"":""0.1700""}"
KXETH15M-26APR271515-15,370e01f9-1cf2-4bb3-d88d-44119309013c,1777316810,0.17,1.11,yes,"{""count_fp"":""1.11"",""created_time"":""2026-04-27T19:06:50.422843Z"",""no_price_dollars"":""0.8300"",""taker_side"":""yes"",""ticker"":""KXETH15M-26APR271515-15"",""trade_id"":""370e01f9-1cf2-4bb3-d88d-44119309013c"",""yes_price_dollars"":""0.1700""}"
KXETH15M-26APR271515-15,97ca3395-efce-4393-fa22-eddc9cdae824,1777316812,0.17,2.22,yes,"{""count_fp"":""2.22"",""created_time"":""2026-04-27T19:06:52.982373Z"",""no_price_dollars"":""0.8300"",""taker_side"":""yes"",""ticker"":""KXETH15M-26APR271515-15"",""trade_id"":""97ca3395-efce-4393-fa22-eddc9cdae824"",""yes_price_dollars"":""0.1700""}"
KXETH15M-26APR271515-15,0e0e9fd1-c606-5885-a402-10c83d8380cf,1777316816,0.18,0.82,yes,"{""count_fp"":""0.82"",""created_time"":""2026-04-27T19:06:56.803384Z"",""no_price_dollars"":""0.8200"",""taker_side"":""yes"",""ticker"":""KXETH15M-26APR271515-15"",""trade_id"":""0e0e9fd1-c606-5885-a402-10c83d8380cf"",""yes_price_dollars"":""0.1800""}"
KXETH15M-26APR271515-15,b3add0d5-90fe-6ed5-3b74-abe125f409d3,1777316816,0.18,415.18,yes,"{""count_fp"":""415.18"",""created_time"":""2026-04-27T19:06:56.799393Z"",""no_price_dollars"":""0.8200"",""taker_side"":""yes"",""ticker"":""KXETH15M-26APR271515-15"",""trade_id"":""b3add0d5-90fe-6ed5-3b74-abe125f409d3"",""yes_price_dollars"":""0.1800""}"
KXETH15M-26APR271515-15,1798c26a-baa2-65ab-01ca-7366358334b4,1777316816,0.17,0.82,yes,"{""count_fp"":""0.82"",""created_time"":""2026-04-27T19:06:56.799393Z"",""no_price_dollars"":""0.8300"",""taker_side"":""yes"",""ticker"":""KXETH15M-26APR271515-15"",""trade_id"":""1798c26a-baa2-65ab-01ca-7366358334b4"",""yes_price_dollars"":""0.1700""}"
KXETH15M-26APR271515-15,2791fb4e-e626-75f7-63ad-8dcc636dfc04,1777316816,0.17,86.0,yes,"{""count_fp"":""86.00"",""created_time"":""2026-04-27T19:06:56.132156Z"",""no_price_dollars"":""0.8300"",""taker_side"":""yes"",""ticker"":""KXETH15M-26APR271515-15"",""trade_id"":""2791fb4e-e626-75f7-63ad-8dcc636dfc04"",""yes_price_dollars"":""0.1700""}"
KXETH15M-26APR271515-15,5c16f75a-2344-7909-98b6-705246dfae5d,1777316818,0.19,10.0,no,"{""count_fp"":""10.00"",""created_time"":""2026-04-27T19:06:58.083034Z"",""no_price_dollars"":""0.8100"",""taker_side"":""no"",""ticker"":""KXETH15M-26APR271515-15"",""trade_id"":""5c16f75a-2344-7909-98b6-705246dfae5d"",""yes_price_dollars"":""0.1900""}"
KXETH15M-26APR271515-15,e0e26a71-abe4-6848-fb1a-0626886646dd,1777316819,0.19,0.74,yes,"{""count_fp"":""0.74"",""created_time"":""2026-04-27T19:06:59.768859Z"",""no_price_dollars"":""0.8100"",""taker_side"":""yes"",""ticker"":""KXETH15M-26APR271515-15"",""trade_id"":""e0e26a71-abe4-6848-fb1a-0626886646dd"",""yes_price_dollars"":""0.1900""}"
