ticker,trade_id,ts,yes_price,count,taker_side,raw_json
KXETH15M-26APR281015-15,d636dd18-83b8-64c2-cc4c-b8547a1168a7,1777384811,0.39,1.59,no,"{""count_fp"":""1.59"",""created_time"":""2026-04-28T14:00:11.960789Z"",""no_price_dollars"":""0.6100"",""taker_side"":""no"",""ticker"":""KXETH15M-26APR281015-15"",""trade_id"":""d636dd18-83b8-64c2-cc4c-b8547a1168a7"",""yes_price_dollars"":""0.3900""}"
KXETH15M-26APR281015-15,8441db4d-c627-6f86-4a49-28aeafefb90f,1777384815,0.41,1.0,no,"{""count_fp"":""1.00"",""created_time"":""2026-04-28T14:00:15.774121Z"",""no_price_dollars"":""0.5900"",""taker_side"":""no"",""ticker"":""KXETH15M-26APR281015-15"",""trade_id"":""8441db4d-c627-6f86-4a49-28aeafefb90f"",""yes_price_dollars"":""0.4100""}"
KXETH15M-26APR281015-15,3bce76ef-7b5f-642a-47c9-6fd644378869,1777384815,0.42,2.0,no,"{""count_fp"":""2.00"",""created_time"":""2026-04-28T14:00:15.774121Z"",""no_price_dollars"":""0.5800"",""taker_side"":""no"",""ticker"":""KXETH15M-26APR281015-15"",""trade_id"":""3bce76ef-7b5f-642a-47c9-6fd644378869"",""yes_price_dollars"":""0.4200""}"
KXETH15M-26APR281015-15,4280d191-1cc8-5c1d-e42e-5c9ecfd07985,1777384819,0.41,3.29,no,"{""count_fp"":""3.29"",""created_time"":""2026-04-28T14:00:19.475808Z"",""no_price_dollars"":""0.5900"",""taker_side"":""no"",""ticker"":""KXETH15M-26APR281015-15"",""trade_id"":""4280d191-1cc8-5c1d-e42e-5c9ecfd07985"",""yes_price_dollars"":""0.4100""}"
KXETH15M-26APR281015-15,b5cbefc2-5740-608d-ef32-b45c2389ba39,1777384831,0.41,4.93,no,"{""count_fp"":""4.93"",""created_time"":""2026-04-28T14:00:31.368681Z"",""no_price_dollars"":""0.5900"",""taker_side"":""no"",""ticker"":""KXETH15M-26APR281015-15"",""trade_id"":""b5cbefc2-5740-608d-ef32-b45c2389ba39"",""yes_price_dollars"":""0.4100""}"
KXETH15M-26APR281015-15,bbc3b0ff-09a2-6829-6587-9f264b9bd076,1777384832,0.41,1.0,no,"{""count_fp"":""1.00"",""created_time"":""2026-04-28T14:00:32.900679Z"",""no_price_dollars"":""0.5900"",""taker_side"":""no"",""ticker"":""KXETH15M-26APR281015-15"",""trade_id"":""bbc3b0ff-09a2-6829-6587-9f264b9bd076"",""yes_price_dollars"":""0.4100""}"
KXETH15M-26APR281015-15,6e90d7dc-b506-57dd-f9bb-9ffeb02e1f9e,1777384833,0.41,8.0,no,"{""count_fp"":""8.00"",""created_time"":""2026-04-28T14:00:33.400752Z"",""no_price_dollars"":""0.5900"",""taker_side"":""no"",""ticker"":""KXETH15M-26APR281015-15"",""trade_id"":""6e90d7dc-b506-57dd-f9bb-9ffeb02e1f9e"",""yes_price_dollars"":""0.4100""}"
KXETH15M-26APR281015-15,04e648ca-a39f-50a6-e8ea-10321b4aea86,1777384833,0.41,0.23,no,"{""count_fp"":""0.23"",""created_time"":""2026-04-28T14:00:33.400752Z"",""no_price_dollars"":""0.5900"",""taker_side"":""no"",""ticker"":""KXETH15M-26APR281015-15"",""trade_id"":""04e648ca-a39f-50a6-e8ea-10321b4aea86"",""yes_price_dollars"":""0.4100""}"
KXETH15M-26APR281015-15,6f78952b-8263-4a36-6623-3412479129d2,1777384834,0.41,83.0,no,"{""count_fp"":""83.00"",""created_time"":""2026-04-28T14:00:34.189388Z"",""no_price_dollars"":""0.5900"",""taker_side"":""no"",""ticker"":""KXETH15M-26APR281015-15"",""trade_id"":""6f78952b-8263-4a36-6623-3412479129d2"",""yes_price_dollars"":""0.4100""}"
KXETH15M-26APR281015-15,d61f053d-4aa9-47db-2160-9b7d8223dd55,1777384836,0.47,97.79,yes,"{""count_fp"":""97.79"",""created_time"":""2026-04-28T14:00:36.447115Z"",""no_price_dollars"":""0.5300"",""taker_side"":""yes"",""ticker"":""KXETH15M-26APR281015-15"",""trade_id"":""d61f053d-4aa9-47db-2160-9b7d8223dd55"",""yes_price_dollars"":""0.4700""}"
KXETH15M-26APR281015-15,c6281e43-b103-4871-395b-ae48d55cb18d,1777384836,0.44,10.0,yes,"{""count_fp"":""10.00"",""created_time"":""2026-04-28T14:00:36.447115Z"",""no_price_dollars"":""0.5600"",""taker_side"":""yes"",""ticker"":""KXETH15M-26APR281015-15"",""trade_id"":""c6281e43-b103-4871-395b-ae48d55cb18d"",""yes_price_dollars"":""0.4400""}"
KXETH15M-26APR281015-15,90ad958a-437e-47c7-2a21-a17a477864ca,1777384836,0.44,100.0,yes,"{""count_fp"":""100.00"",""created_time"":""2026-04-28T14:00:36.447115Z"",""no_price_dollars"":""0.5600"",""taker_side"":""yes"",""ticker"":""KXETH15M-26APR281015-15"",""trade_id"":""90ad958a-437e-47c7-2a21-a17a477864ca"",""yes_price_dollars"":""0.4400""}"
KXETH15M-26APR281015-15,16a865d1-94cc-454b-1e20-45d9af4d320d,1777384836,0.44,2.0,yes,"{""count_fp"":""2.00"",""created_time"":""2026-04-28T14:00:36.447115Z"",""no_price_dollars"":""0.5600"",""taker_side"":""yes"",""ticker"":""KXETH15M-26APR281015-15"",""trade_id"":""16a865d1-94cc-454b-1e20-45d9af4d320d"",""yes_price_dollars"":""0.4400""}"
KXETH15M-26APR281015-15,4e11fa64-e83f-54e7-ba0e-7d8a3d67ce3f,1777384837,0.44,10.73,yes,"{""count_fp"":""10.73"",""created_time"":""2026-04-28T14:00:37.166168Z"",""no_price_dollars"":""0.5600"",""taker_side"":""yes"",""ticker"":""KXETH15M-26APR281015-15"",""trade_id"":""4e11fa64-e83f-54e7-ba0e-7d8a3d67ce3f"",""yes_price_dollars"":""0.4400""}"
KXETH15M-26APR281015-15,01fb0b10-789f-4812-2d15-d2fa7843ef0a,1777384837,0.41,5.0,no,"{""count_fp"":""5.00"",""created_time"":""2026-04-28T14:00:37.147178Z"",""no_price_dollars"":""0.5900"",""taker_side"":""no"",""ticker"":""KXETH15M-26APR281015-15"",""trade_id"":""01fb0b10-789f-4812-2d15-d2fa7843ef0a"",""yes_price_dollars"":""0.4100""}"
KXETH15M-26APR281015-15,841daaed-d93f-5de7-1788-245d9e1aee6b,1777384838,0.45,2.0,yes,"{""count_fp"":""2.00"",""created_time"":""2026-04-28T14:00:38.135598Z"",""no_price_dollars"":""0.5500"",""taker_side"":""yes"",""ticker"":""KXETH15M-26APR281015-15"",""trade_id"":""841daaed-d93f-5de7-1788-245d9e1aee6b"",""yes_price_dollars"":""0.4500""}"
KXETH15M-26APR281015-15,3b07f9ad-6f27-547f-6bf5-68b3cb2a9d2b,1777384841,0.44,43.0,yes,"{""count_fp"":""43.00"",""created_time"":""2026-04-28T14:00:41.293687Z"",""no_price_dollars"":""0.5600"",""taker_side"":""yes"",""ticker"":""KXETH15M-26APR281015-15"",""trade_id"":""3b07f9ad-6f27-547f-6bf5-68b3cb2a9d2b"",""yes_price_dollars"":""0.4400""}"
KXETH15M-26APR281015-15,cfe50567-97b3-437f-9793-83b692137ed3,1777384841,0.44,1.0,yes,"{""count_fp"":""1.00"",""created_time"":""2026-04-28T14:00:41.198558Z"",""no_price_dollars"":""0.5600"",""taker_side"":""yes"",""ticker"":""KXETH15M-26APR281015-15"",""trade_id"":""cfe50567-97b3-437f-9793-83b692137ed3"",""yes_price_dollars"":""0.4400""}"
KXETH15M-26APR281015-15,3d7f7293-1977-4895-c1cf-dbdc451b1cba,1777384846,0.4,2.0,no,"{""count_fp"":""2.00"",""created_time"":""2026-04-28T14:00:46.855497Z"",""no_price_dollars"":""0.6000"",""taker_side"":""no"",""ticker"":""KXETH15M-26APR281015-15"",""trade_id"":""3d7f7293-1977-4895-c1cf-dbdc451b1cba"",""yes_price_dollars"":""0.4000""}"
KXETH15M-26APR281015-15,88f33b6a-dc27-719a-0c5b-3422d9c68ce2,1777384848,0.39,1.0,no,"{""count_fp"":""1.00"",""created_time"":""2026-04-28T14:00:48.868085Z"",""no_price_dollars"":""0.6100"",""taker_side"":""no"",""ticker"":""KXETH15M-26APR281015-15"",""trade_id"":""88f33b6a-dc27-719a-0c5b-3422d9c68ce2"",""yes_price_dollars"":""0.3900""}"
KXETH15M-26APR281015-15,fd48873e-5777-5e0c-974d-d472fea3ae59,1777384855,0.39,32.93,no,"{""count_fp"":""32.93"",""created_time"":""2026-04-28T14:00:55.054436Z"",""no_price_dollars"":""0.6100"",""taker_side"":""no"",""ticker"":""KXETH15M-26APR281015-15"",""trade_id"":""fd48873e-5777-5e0c-974d-d472fea3ae59"",""yes_price_dollars"":""0.3900""}"
KXETH15M-26APR281015-15,eaeaa360-0933-7ff0-e797-7371af0f0fed,1777384860,0.39,6.07,no,"{""count_fp"":""6.07"",""created_time"":""2026-04-28T14:01:00.795809Z"",""no_price_dollars"":""0.6100"",""taker_side"":""no"",""ticker"":""KXETH15M-26APR281015-15"",""trade_id"":""eaeaa360-0933-7ff0-e797-7371af0f0fed"",""yes_price_dollars"":""0.3900""}"
KXETH15M-26APR281015-15,a551e57b-192c-7a8d-c874-8178bf1d94c5,1777384860,0.39,7.93,no,"{""count_fp"":""7.93"",""created_time"":""2026-04-28T14:01:00.795809Z"",""no_price_dollars"":""0.6100"",""taker_side"":""no"",""ticker"":""KXETH15M-26APR281015-15"",""trade_id"":""a551e57b-192c-7a8d-c874-8178bf1d94c5"",""yes_price_dollars"":""0.3900""}"
KXETH15M-26APR281015-15,cf9cdc04-2fe3-6d18-c19c-90f0fc6d0799,1777384860,0.39,1.0,no,"{""count_fp"":""1.00"",""created_time"":""2026-04-28T14:01:00.208606Z"",""no_price_dollars"":""0.6100"",""taker_side"":""no"",""ticker"":""KXETH15M-26APR281015-15"",""trade_id"":""cf9cdc04-2fe3-6d18-c19c-90f0fc6d0799"",""yes_price_dollars"":""0.3900""}"
KXETH15M-26APR281015-15,ea5696b4-472b-4be6-7da8-003f931ec926,1777384863,0.39,1.0,no,"{""count_fp"":""1.00"",""created_time"":""2026-04-28T14:01:03.325489Z"",""no_price_dollars"":""0.6100"",""taker_side"":""no"",""ticker"":""KXETH15M-26APR281015-15"",""trade_id"":""ea5696b4-472b-4be6-7da8-003f931ec926"",""yes_price_dollars"":""0.3900""}"
KXETH15M-26APR281015-15,c6706acc-4128-434b-87ce-37753f1dc9f7,1777384871,0.4,4.61,yes,"{""count_fp"":""4.61"",""created_time"":""2026-04-28T14:01:11.584895Z"",""no_price_dollars"":""0.6000"",""taker_side"":""yes"",""ticker"":""KXETH15M-26APR281015-15"",""trade_id"":""c6706acc-4128-434b-87ce-37753f1dc9f7"",""yes_price_dollars"":""0.4000""}"
KXETH15M-26APR281015-15,ba03faba-960b-7d2a-72cf-4fb6e7b041aa,1777384871,0.37,1.0,no,"{""count_fp"":""1.00"",""created_time"":""2026-04-28T14:01:11.494293Z"",""no_price_dollars"":""0.6300"",""taker_side"":""no"",""ticker"":""KXETH15M-26APR281015-15"",""trade_id"":""ba03faba-960b-7d2a-72cf-4fb6e7b041aa"",""yes_price_dollars"":""0.3700""}"
KXETH15M-26APR281015-15,5caea681-b50b-5234-5779-10da62410cd7,1777384879,0.37,10.0,yes,"{""count_fp"":""10.00"",""created_time"":""2026-04-28T14:01:19.836135Z"",""no_price_dollars"":""0.6300"",""taker_side"":""yes"",""ticker"":""KXETH15M-26APR281015-15"",""trade_id"":""5caea681-b50b-5234-5779-10da62410cd7"",""yes_price_dollars"":""0.3700""}"
KXETH15M-26APR281015-15,584d818f-5487-544b-5a6e-42fbfa847f4b,1777384879,0.37,100.0,yes,"{""count_fp"":""100.00"",""created_time"":""2026-04-28T14:01:19.836135Z"",""no_price_dollars"":""0.6300"",""taker_side"":""yes"",""ticker"":""KXETH15M-26APR281015-15"",""trade_id"":""584d818f-5487-544b-5a6e-42fbfa847f4b"",""yes_price_dollars"":""0.3700""}"
KXETH15M-26APR281015-15,50de29b7-cc0e-53f1-7ecb-5edad32e3b52,1777384879,0.37,10.0,yes,"{""count_fp"":""10.00"",""created_time"":""2026-04-28T14:01:19.836135Z"",""no_price_dollars"":""0.6300"",""taker_side"":""yes"",""ticker"":""KXETH15M-26APR281015-15"",""trade_id"":""50de29b7-cc0e-53f1-7ecb-5edad32e3b52"",""yes_price_dollars"":""0.3700""}"
KXETH15M-26APR281015-15,29d20d9d-8b92-5d2f-7c01-f802f88407e5,1777384879,0.39,1.0,yes,"{""count_fp"":""1.00"",""created_time"":""2026-04-28T14:01:19.836135Z"",""no_price_dollars"":""0.6100"",""taker_side"":""yes"",""ticker"":""KXETH15M-26APR281015-15"",""trade_id"":""29d20d9d-8b92-5d2f-7c01-f802f88407e5"",""yes_price_dollars"":""0.3900""}"
KXETH15M-26APR281015-15,26d55a40-7451-5eef-751d-be289fbab701,1777384879,0.39,79.0,yes,"{""count_fp"":""79.00"",""created_time"":""2026-04-28T14:01:19.836135Z"",""no_price_dollars"":""0.6100"",""taker_side"":""yes"",""ticker"":""KXETH15M-26APR281015-15"",""trade_id"":""26d55a40-7451-5eef-751d-be289fbab701"",""yes_price_dollars"":""0.3900""}"
KXETH15M-26APR281015-15,d5913041-29b3-501d-cdaf-38d78b959ea4,1777384881,0.36,5.0,no,"{""count_fp"":""5.00"",""created_time"":""2026-04-28T14:01:21.326776Z"",""no_price_dollars"":""0.6400"",""taker_side"":""no"",""ticker"":""KXETH15M-26APR281015-15"",""trade_id"":""d5913041-29b3-501d-cdaf-38d78b959ea4"",""yes_price_dollars"":""0.3600""}"
KXETH15M-26APR281015-15,1c978865-978c-5879-ebeb-b07cb141391d,1777384881,0.34,9.78,no,"{""count_fp"":""9.78"",""created_time"":""2026-04-28T14:01:21.326776Z"",""no_price_dollars"":""0.6600"",""taker_side"":""no"",""ticker"":""KXETH15M-26APR281015-15"",""trade_id"":""1c978865-978c-5879-ebeb-b07cb141391d"",""yes_price_dollars"":""0.3400""}"
KXETH15M-26APR281015-15,98cb3b53-9a41-6c20-2719-7b7cc9d6108e,1777384887,0.35,0.81,yes,"{""count_fp"":""0.81"",""created_time"":""2026-04-28T14:01:27.419958Z"",""no_price_dollars"":""0.6500"",""taker_side"":""yes"",""ticker"":""KXETH15M-26APR281015-15"",""trade_id"":""98cb3b53-9a41-6c20-2719-7b7cc9d6108e"",""yes_price_dollars"":""0.3500""}"
KXETH15M-26APR281015-15,4adcadf0-6181-4b9c-a912-d97991c78cfa,1777384888,0.37,38.82,yes,"{""count_fp"":""38.82"",""created_time"":""2026-04-28T14:01:28.663532Z"",""no_price_dollars"":""0.6300"",""taker_side"":""yes"",""ticker"":""KXETH15M-26APR281015-15"",""trade_id"":""4adcadf0-6181-4b9c-a912-d97991c78cfa"",""yes_price_dollars"":""0.3700""}"
KXETH15M-26APR281015-15,184c7107-3d26-55f6-3484-eda94973e177,1777384891,0.36,3.0,no,"{""count_fp"":""3.00"",""created_time"":""2026-04-28T14:01:31.598666Z"",""no_price_dollars"":""0.6400"",""taker_side"":""no"",""ticker"":""KXETH15M-26APR281015-15"",""trade_id"":""184c7107-3d26-55f6-3484-eda94973e177"",""yes_price_dollars"":""0.3600""}"
KXETH15M-26APR281015-15,b41e0bd3-985e-5506-291f-54b58b478eff,1777384891,0.36,1.0,no,"{""count_fp"":""1.00"",""created_time"":""2026-04-28T14:01:31.574305Z"",""no_price_dollars"":""0.6400"",""taker_side"":""no"",""ticker"":""KXETH15M-26APR281015-15"",""trade_id"":""b41e0bd3-985e-5506-291f-54b58b478eff"",""yes_price_dollars"":""0.3600""}"
KXETH15M-26APR281015-15,ec39b37d-e57e-4a15-0b25-cbb76f079069,1777384894,0.37,10.0,yes,"{""count_fp"":""10.00"",""created_time"":""2026-04-28T14:01:34.063904Z"",""no_price_dollars"":""0.6300"",""taker_side"":""yes"",""ticker"":""KXETH15M-26APR281015-15"",""trade_id"":""ec39b37d-e57e-4a15-0b25-cbb76f079069"",""yes_price_dollars"":""0.3700""}"
KXETH15M-26APR281015-15,2d236b71-f7fd-4774-259f-29be806ba93e,1777384894,0.37,30.0,yes,"{""count_fp"":""30.00"",""created_time"":""2026-04-28T14:01:34.063904Z"",""no_price_dollars"":""0.6300"",""taker_side"":""yes"",""ticker"":""KXETH15M-26APR281015-15"",""trade_id"":""2d236b71-f7fd-4774-259f-29be806ba93e"",""yes_price_dollars"":""0.3700""}"
KXETH15M-26APR281015-15,fc36d63d-7232-5ad2-1332-5216c70f8757,1777384897,0.36,2.0,no,"{""count_fp"":""2.00"",""created_time"":""2026-04-28T14:01:37.402874Z"",""no_price_dollars"":""0.6400"",""taker_side"":""no"",""ticker"":""KXETH15M-26APR281015-15"",""trade_id"":""fc36d63d-7232-5ad2-1332-5216c70f8757"",""yes_price_dollars"":""0.3600""}"
KXETH15M-26APR281015-15,b11e88d4-55d7-6a3e-afbd-c181efca4772,1777384900,0.32,287.67,no,"{""count_fp"":""287.67"",""created_time"":""2026-04-28T14:01:40.219687Z"",""no_price_dollars"":""0.6800"",""taker_side"":""no"",""ticker"":""KXETH15M-26APR281015-15"",""trade_id"":""b11e88d4-55d7-6a3e-afbd-c181efca4772"",""yes_price_dollars"":""0.3200""}"
KXETH15M-26APR281015-15,7eed1154-2b20-41a6-0959-7d0e1ea58367,1777384901,0.3,49.0,no,"{""count_fp"":""49.00"",""created_time"":""2026-04-28T14:01:41.652379Z"",""no_price_dollars"":""0.7000"",""taker_side"":""no"",""ticker"":""KXETH15M-26APR281015-15"",""trade_id"":""7eed1154-2b20-41a6-0959-7d0e1ea58367"",""yes_price_dollars"":""0.3000""}"
KXETH15M-26APR281015-15,78008002-5f0a-426d-2c5f-50a1a2e1e4b0,1777384901,0.31,1.0,no,"{""count_fp"":""1.00"",""created_time"":""2026-04-28T14:01:41.652379Z"",""no_price_dollars"":""0.6900"",""taker_side"":""no"",""ticker"":""KXETH15M-26APR281015-15"",""trade_id"":""78008002-5f0a-426d-2c5f-50a1a2e1e4b0"",""yes_price_dollars"":""0.3100""}"
KXETH15M-26APR281015-15,42ef0119-6e03-65f1-dfe9-b60c214c46d2,1777384903,0.31,4.0,yes,"{""count_fp"":""4.00"",""created_time"":""2026-04-28T14:01:43.769653Z"",""no_price_dollars"":""0.6900"",""taker_side"":""yes"",""ticker"":""KXETH15M-26APR281015-15"",""trade_id"":""42ef0119-6e03-65f1-dfe9-b60c214c46d2"",""yes_price_dollars"":""0.3100""}"
KXETH15M-26APR281015-15,9be020ef-6f0f-4e75-8b83-d12609ef0e98,1777384909,0.29,5.0,no,"{""count_fp"":""5.00"",""created_time"":""2026-04-28T14:01:49.053695Z"",""no_price_dollars"":""0.7100"",""taker_side"":""no"",""ticker"":""KXETH15M-26APR281015-15"",""trade_id"":""9be020ef-6f0f-4e75-8b83-d12609ef0e98"",""yes_price_dollars"":""0.2900""}"
KXETH15M-26APR281015-15,9555a95b-368e-47f6-aa5f-fefb8ca4debc,1777384909,0.29,9.31,no,"{""count_fp"":""9.31"",""created_time"":""2026-04-28T14:01:49.053695Z"",""no_price_dollars"":""0.7100"",""taker_side"":""no"",""ticker"":""KXETH15M-26APR281015-15"",""trade_id"":""9555a95b-368e-47f6-aa5f-fefb8ca4debc"",""yes_price_dollars"":""0.2900""}"
KXETH15M-26APR281015-15,6e4cb6ee-e90b-4dc6-854f-c9177338176e,1777384909,0.28,53.98,no,"{""count_fp"":""53.98"",""created_time"":""2026-04-28T14:01:49.053695Z"",""no_price_dollars"":""0.7200"",""taker_side"":""no"",""ticker"":""KXETH15M-26APR281015-15"",""trade_id"":""6e4cb6ee-e90b-4dc6-854f-c9177338176e"",""yes_price_dollars"":""0.2800""}"
KXETH15M-26APR281015-15,978dcc3e-0c25-441c-f246-5dd224294f96,1777384914,0.29,3.61,no,"{""count_fp"":""3.61"",""created_time"":""2026-04-28T14:01:54.518305Z"",""no_price_dollars"":""0.7100"",""taker_side"":""no"",""ticker"":""KXETH15M-26APR281015-15"",""trade_id"":""978dcc3e-0c25-441c-f246-5dd224294f96"",""yes_price_dollars"":""0.2900""}"
KXETH15M-26APR281015-15,4808f087-6388-435d-e335-c7eb4703964b,1777384914,0.29,10.0,no,"{""count_fp"":""10.00"",""created_time"":""2026-04-28T14:01:54.518305Z"",""no_price_dollars"":""0.7100"",""taker_side"":""no"",""ticker"":""KXETH15M-26APR281015-15"",""trade_id"":""4808f087-6388-435d-e335-c7eb4703964b"",""yes_price_dollars"":""0.2900""}"
KXETH15M-26APR281015-15,7968e125-523f-58a2-29fb-b94515ae88be,1777384916,0.28,0.2,no,"{""count_fp"":""0.20"",""created_time"":""2026-04-28T14:01:56.266677Z"",""no_price_dollars"":""0.7200"",""taker_side"":""no"",""ticker"":""KXETH15M-26APR281015-15"",""trade_id"":""7968e125-523f-58a2-29fb-b94515ae88be"",""yes_price_dollars"":""0.2800""}"
KXETH15M-26APR281015-15,7c7f44cf-6e97-5e2a-de22-d1cf404e6422,1777384917,0.27,1.0,no,"{""count_fp"":""1.00"",""created_time"":""2026-04-28T14:01:57.834564Z"",""no_price_dollars"":""0.7300"",""taker_side"":""no"",""ticker"":""KXETH15M-26APR281015-15"",""trade_id"":""7c7f44cf-6e97-5e2a-de22-d1cf404e6422"",""yes_price_dollars"":""0.2700""}"
KXETH15M-26APR281015-15,91b68136-88ed-5ec0-5e41-822953d3ab0a,1777384922,0.3,100.0,yes,"{""count_fp"":""100.00"",""created_time"":""2026-04-28T14:02:02.511842Z"",""no_price_dollars"":""0.7000"",""taker_side"":""yes"",""ticker"":""KXETH15M-26APR281015-15"",""trade_id"":""91b68136-88ed-5ec0-5e41-822953d3ab0a"",""yes_price_dollars"":""0.3000""}"
KXETH15M-26APR281015-15,a784eb30-f773-5fa6-c102-62bee463e844,1777384923,0.3,1.0,no,"{""count_fp"":""1.00"",""created_time"":""2026-04-28T14:02:03.335691Z"",""no_price_dollars"":""0.7000"",""taker_side"":""no"",""ticker"":""KXETH15M-26APR281015-15"",""trade_id"":""a784eb30-f773-5fa6-c102-62bee463e844"",""yes_price_dollars"":""0.3000""}"
KXETH15M-26APR281015-15,c384dcf9-bf34-6ae9-ae5e-78195f422695,1777384927,0.31,10.0,yes,"{""count_fp"":""10.00"",""created_time"":""2026-04-28T14:02:07.770408Z"",""no_price_dollars"":""0.6900"",""taker_side"":""yes"",""ticker"":""KXETH15M-26APR281015-15"",""trade_id"":""c384dcf9-bf34-6ae9-ae5e-78195f422695"",""yes_price_dollars"":""0.3100""}"
KXETH15M-26APR281015-15,572685cf-7b1d-664e-a562-557428a13f60,1777384927,0.31,18.77,yes,"{""count_fp"":""18.77"",""created_time"":""2026-04-28T14:02:07.770408Z"",""no_price_dollars"":""0.6900"",""taker_side"":""yes"",""ticker"":""KXETH15M-26APR281015-15"",""trade_id"":""572685cf-7b1d-664e-a562-557428a13f60"",""yes_price_dollars"":""0.3100""}"
KXETH15M-26APR281015-15,28fea9a9-aa7c-642b-8726-bf258d8fed2a,1777384927,0.31,2.0,yes,"{""count_fp"":""2.00"",""created_time"":""2026-04-28T14:02:07.770408Z"",""no_price_dollars"":""0.6900"",""taker_side"":""yes"",""ticker"":""KXETH15M-26APR281015-15"",""trade_id"":""28fea9a9-aa7c-642b-8726-bf258d8fed2a"",""yes_price_dollars"":""0.3100""}"
KXETH15M-26APR281015-15,53510b16-574b-6622-6f34-dee6d3375534,1777384927,0.3,20.98,no,"{""count_fp"":""20.98"",""created_time"":""2026-04-28T14:02:07.727101Z"",""no_price_dollars"":""0.7000"",""taker_side"":""no"",""ticker"":""KXETH15M-26APR281015-15"",""trade_id"":""53510b16-574b-6622-6f34-dee6d3375534"",""yes_price_dollars"":""0.3000""}"
KXETH15M-26APR281015-15,3cf6be63-ced7-4e5e-e983-8c347a47a330,1777384929,0.3,6.0,no,"{""count_fp"":""6.00"",""created_time"":""2026-04-28T14:02:09.737338Z"",""no_price_dollars"":""0.7000"",""taker_side"":""no"",""ticker"":""KXETH15M-26APR281015-15"",""trade_id"":""3cf6be63-ced7-4e5e-e983-8c347a47a330"",""yes_price_dollars"":""0.3000""}"
KXETH15M-26APR281015-15,45e467e3-3467-6ff2-13a9-5898834108b4,1777384934,0.3,72.0,no,"{""count_fp"":""72.00"",""created_time"":""2026-04-28T14:02:14.907269Z"",""no_price_dollars"":""0.7000"",""taker_side"":""no"",""ticker"":""KXETH15M-26APR281015-15"",""trade_id"":""45e467e3-3467-6ff2-13a9-5898834108b4"",""yes_price_dollars"":""0.3000""}"
KXETH15M-26APR281015-15,3c47fb00-ed23-6d27-791e-de4472f87aca,1777384935,0.25,18.0,no,"{""count_fp"":""18.00"",""created_time"":""2026-04-28T14:02:15.316555Z"",""no_price_dollars"":""0.7500"",""taker_side"":""no"",""ticker"":""KXETH15M-26APR281015-15"",""trade_id"":""3c47fb00-ed23-6d27-791e-de4472f87aca"",""yes_price_dollars"":""0.2500""}"
KXETH15M-26APR281015-15,9e3809ea-7943-4c4b-5dab-76f86d93140e,1777384935,0.25,5.98,no,"{""count_fp"":""5.98"",""created_time"":""2026-04-28T14:02:15.086537Z"",""no_price_dollars"":""0.7500"",""taker_side"":""no"",""ticker"":""KXETH15M-26APR281015-15"",""trade_id"":""9e3809ea-7943-4c4b-5dab-76f86d93140e"",""yes_price_dollars"":""0.2500""}"
KXETH15M-26APR281015-15,74ec40dd-ac8b-4b7a-7b04-569d41645278,1777384935,0.3,0.02,no,"{""count_fp"":""0.02"",""created_time"":""2026-04-28T14:02:15.086537Z"",""no_price_dollars"":""0.7000"",""taker_side"":""no"",""ticker"":""KXETH15M-26APR281015-15"",""trade_id"":""74ec40dd-ac8b-4b7a-7b04-569d41645278"",""yes_price_dollars"":""0.3000""}"
KXETH15M-26APR281015-15,50c2da82-56ac-5aa5-0828-23f3d43356fd,1777384941,0.24,6.47,no,"{""count_fp"":""6.47"",""created_time"":""2026-04-28T14:02:21.623384Z"",""no_price_dollars"":""0.7600"",""taker_side"":""no"",""ticker"":""KXETH15M-26APR281015-15"",""trade_id"":""50c2da82-56ac-5aa5-0828-23f3d43356fd"",""yes_price_dollars"":""0.2400""}"
KXETH15M-26APR281015-15,dc514f4a-4599-401a-df54-ce38be9102b4,1777384942,0.26,10.0,yes,"{""count_fp"":""10.00"",""created_time"":""2026-04-28T14:02:22.051031Z"",""no_price_dollars"":""0.7400"",""taker_side"":""yes"",""ticker"":""KXETH15M-26APR281015-15"",""trade_id"":""dc514f4a-4599-401a-df54-ce38be9102b4"",""yes_price_dollars"":""0.2600""}"
KXETH15M-26APR281015-15,013cd719-ff31-4316-cc72-97deee4633e8,1777384942,0.26,30.0,yes,"{""count_fp"":""30.00"",""created_time"":""2026-04-28T14:02:22.051031Z"",""no_price_dollars"":""0.7400"",""taker_side"":""yes"",""ticker"":""KXETH15M-26APR281015-15"",""trade_id"":""013cd719-ff31-4316-cc72-97deee4633e8"",""yes_price_dollars"":""0.2600""}"
KXETH15M-26APR281015-15,f9af83d1-b305-73da-6eed-e7899abda7c8,1777384947,0.25,3.29,yes,"{""count_fp"":""3.29"",""created_time"":""2026-04-28T14:02:27.056972Z"",""no_price_dollars"":""0.7500"",""taker_side"":""yes"",""ticker"":""KXETH15M-26APR281015-15"",""trade_id"":""f9af83d1-b305-73da-6eed-e7899abda7c8"",""yes_price_dollars"":""0.2500""}"
KXETH15M-26APR281015-15,c1ea1147-ea1d-7960-cb67-29d0c6010961,1777384953,0.17,6.0,no,"{""count_fp"":""6.00"",""created_time"":""2026-04-28T14:02:33.345335Z"",""no_price_dollars"":""0.8300"",""taker_side"":""no"",""ticker"":""KXETH15M-26APR281015-15"",""trade_id"":""c1ea1147-ea1d-7960-cb67-29d0c6010961"",""yes_price_dollars"":""0.1700""}"
KXETH15M-26APR281015-15,d552637f-e58d-714e-741a-c72c62a93260,1777384958,0.18,85.62,yes,"{""count_fp"":""85.62"",""created_time"":""2026-04-28T14:02:38.895625Z"",""no_price_dollars"":""0.8200"",""taker_side"":""yes"",""ticker"":""KXETH15M-26APR281015-15"",""trade_id"":""d552637f-e58d-714e-741a-c72c62a93260"",""yes_price_dollars"":""0.1800""}"
KXETH15M-26APR281015-15,c5fdec80-b39b-7836-7659-7267b28b7ccc,1777384958,0.17,10.0,yes,"{""count_fp"":""10.00"",""created_time"":""2026-04-28T14:02:38.895625Z"",""no_price_dollars"":""0.8300"",""taker_side"":""yes"",""ticker"":""KXETH15M-26APR281015-15"",""trade_id"":""c5fdec80-b39b-7836-7659-7267b28b7ccc"",""yes_price_dollars"":""0.1700""}"
KXETH15M-26APR281015-15,05a55183-4eb5-716d-4c5b-571a5bf39928,1777384958,0.17,10.0,yes,"{""count_fp"":""10.00"",""created_time"":""2026-04-28T14:02:38.895625Z"",""no_price_dollars"":""0.8300"",""taker_side"":""yes"",""ticker"":""KXETH15M-26APR281015-15"",""trade_id"":""05a55183-4eb5-716d-4c5b-571a5bf39928"",""yes_price_dollars"":""0.1700""}"
KXETH15M-26APR281015-15,15a24ab2-145c-581e-4a48-bd577331e1d5,1777384960,0.16,1.0,no,"{""count_fp"":""1.00"",""created_time"":""2026-04-28T14:02:40.299868Z"",""no_price_dollars"":""0.8400"",""taker_side"":""no"",""ticker"":""KXETH15M-26APR281015-15"",""trade_id"":""15a24ab2-145c-581e-4a48-bd577331e1d5"",""yes_price_dollars"":""0.1600""}"
KXETH15M-26APR281015-15,a623614a-e037-7b1e-4532-2df94f7b5f7a,1777384961,0.17,50.0,no,"{""count_fp"":""50.00"",""created_time"":""2026-04-28T14:02:41.990089Z"",""no_price_dollars"":""0.8300"",""taker_side"":""no"",""ticker"":""KXETH15M-26APR281015-15"",""trade_id"":""a623614a-e037-7b1e-4532-2df94f7b5f7a"",""yes_price_dollars"":""0.1700""}"
KXETH15M-26APR281015-15,3d5513d4-4031-6d37-1a63-82cfcfb5e6b3,1777384967,0.21,4.51,yes,"{""count_fp"":""4.51"",""created_time"":""2026-04-28T14:02:47.528598Z"",""no_price_dollars"":""0.7900"",""taker_side"":""yes"",""ticker"":""KXETH15M-26APR281015-15"",""trade_id"":""3d5513d4-4031-6d37-1a63-82cfcfb5e6b3"",""yes_price_dollars"":""0.2100""}"
KXETH15M-26APR281015-15,c967f54d-4c2d-424f-4fac-884d03e863fb,1777384973,0.21,0.49,yes,"{""count_fp"":""0.49"",""created_time"":""2026-04-28T14:02:53.716408Z"",""no_price_dollars"":""0.7900"",""taker_side"":""yes"",""ticker"":""KXETH15M-26APR281015-15"",""trade_id"":""c967f54d-4c2d-424f-4fac-884d03e863fb"",""yes_price_dollars"":""0.2100""}"
KXETH15M-26APR281015-15,87c81686-535b-72a6-9abd-2c50a45832fe,1777384982,0.24,20.0,no,"{""count_fp"":""20.00"",""created_time"":""2026-04-28T14:03:02.326393Z"",""no_price_dollars"":""0.7600"",""taker_side"":""no"",""ticker"":""KXETH15M-26APR281015-15"",""trade_id"":""87c81686-535b-72a6-9abd-2c50a45832fe"",""yes_price_dollars"":""0.2400""}"
KXETH15M-26APR281015-15,91df2cd0-cb98-5f09-1d9e-4d206796518a,1777384983,0.22,1.0,no,"{""count_fp"":""1.00"",""created_time"":""2026-04-28T14:03:03.340924Z"",""no_price_dollars"":""0.7800"",""taker_side"":""no"",""ticker"":""KXETH15M-26APR281015-15"",""trade_id"":""91df2cd0-cb98-5f09-1d9e-4d206796518a"",""yes_price_dollars"":""0.2200""}"
KXETH15M-26APR281015-15,96da8043-e7d7-7d89-ff53-967294533e4b,1777384984,0.23,6.34,no,"{""count_fp"":""6.34"",""created_time"":""2026-04-28T14:03:04.702317Z"",""no_price_dollars"":""0.7700"",""taker_side"":""no"",""ticker"":""KXETH15M-26APR281015-15"",""trade_id"":""96da8043-e7d7-7d89-ff53-967294533e4b"",""yes_price_dollars"":""0.2300""}"
KXETH15M-26APR281015-15,dc1f8e22-9d22-40f0-5365-cfece0e8d57c,1777384987,0.25,6.0,yes,"{""count_fp"":""6.00"",""created_time"":""2026-04-28T14:03:07.315978Z"",""no_price_dollars"":""0.7500"",""taker_side"":""yes"",""ticker"":""KXETH15M-26APR281015-15"",""trade_id"":""dc1f8e22-9d22-40f0-5365-cfece0e8d57c"",""yes_price_dollars"":""0.2500""}"
KXETH15M-26APR281015-15,b1a39788-cf06-48a5-7ac5-8bfe1b4bfcd9,1777384987,0.26,2.0,yes,"{""count_fp"":""2.00"",""created_time"":""2026-04-28T14:03:07.315978Z"",""no_price_dollars"":""0.7400"",""taker_side"":""yes"",""ticker"":""KXETH15M-26APR281015-15"",""trade_id"":""b1a39788-cf06-48a5-7ac5-8bfe1b4bfcd9"",""yes_price_dollars"":""0.2600""}"
KXETH15M-26APR281015-15,8605c596-992d-420a-73e9-cfaf8cb4b133,1777384987,0.25,0.06,yes,"{""count_fp"":""0.06"",""created_time"":""2026-04-28T14:03:07.315978Z"",""no_price_dollars"":""0.7500"",""taker_side"":""yes"",""ticker"":""KXETH15M-26APR281015-15"",""trade_id"":""8605c596-992d-420a-73e9-cfaf8cb4b133"",""yes_price_dollars"":""0.2500""}"
KXETH15M-26APR281015-15,72af71e4-823b-40d8-704e-7747483e49dc,1777384987,0.24,1.0,yes,"{""count_fp"":""1.00"",""created_time"":""2026-04-28T14:03:07.315978Z"",""no_price_dollars"":""0.7600"",""taker_side"":""yes"",""ticker"":""KXETH15M-26APR281015-15"",""trade_id"":""72af71e4-823b-40d8-704e-7747483e49dc"",""yes_price_dollars"":""0.2400""}"
KXETH15M-26APR281015-15,54a3bf24-50f9-4210-78a4-520ab3c85f70,1777384987,0.27,77.18,yes,"{""count_fp"":""77.18"",""created_time"":""2026-04-28T14:03:07.315978Z"",""no_price_dollars"":""0.7300"",""taker_side"":""yes"",""ticker"":""KXETH15M-26APR281015-15"",""trade_id"":""54a3bf24-50f9-4210-78a4-520ab3c85f70"",""yes_price_dollars"":""0.2700""}"
KXETH15M-26APR281015-15,7d8728f4-b343-6c06-d42a-3e25064f71c6,1777384989,0.23,1.0,no,"{""count_fp"":""1.00"",""created_time"":""2026-04-28T14:03:09.179974Z"",""no_price_dollars"":""0.7700"",""taker_side"":""no"",""ticker"":""KXETH15M-26APR281015-15"",""trade_id"":""7d8728f4-b343-6c06-d42a-3e25064f71c6"",""yes_price_dollars"":""0.2300""}"
KXETH15M-26APR281015-15,b1feef18-41b5-428c-5968-b9abb8b45754,1777384990,0.28,39.0,yes,"{""count_fp"":""39.00"",""created_time"":""2026-04-28T14:03:10.017808Z"",""no_price_dollars"":""0.7200"",""taker_side"":""yes"",""ticker"":""KXETH15M-26APR281015-15"",""trade_id"":""b1feef18-41b5-428c-5968-b9abb8b45754"",""yes_price_dollars"":""0.2800""}"
KXETH15M-26APR281015-15,0c445587-4933-4771-19f8-121644d16c0f,1777384991,0.28,3.0,yes,"{""count_fp"":""3.00"",""created_time"":""2026-04-28T14:03:11.644981Z"",""no_price_dollars"":""0.7200"",""taker_side"":""yes"",""ticker"":""KXETH15M-26APR281015-15"",""trade_id"":""0c445587-4933-4771-19f8-121644d16c0f"",""yes_price_dollars"":""0.2800""}"
KXETH15M-26APR281015-15,2294121c-f6f7-48c2-c137-13774bb24576,1777384996,0.26,6.63,no,"{""count_fp"":""6.63"",""created_time"":""2026-04-28T14:03:16.262058Z"",""no_price_dollars"":""0.7400"",""taker_side"":""no"",""ticker"":""KXETH15M-26APR281015-15"",""trade_id"":""2294121c-f6f7-48c2-c137-13774bb24576"",""yes_price_dollars"":""0.2600""}"
KXETH15M-26APR281015-15,8ed0194f-c329-7784-14fb-80dd864717a9,1777385005,0.25,147.0,yes,"{""count_fp"":""147.00"",""created_time"":""2026-04-28T14:03:25.403354Z"",""no_price_dollars"":""0.7500"",""taker_side"":""yes"",""ticker"":""KXETH15M-26APR281015-15"",""trade_id"":""8ed0194f-c329-7784-14fb-80dd864717a9"",""yes_price_dollars"":""0.2500""}"
KXETH15M-26APR281015-15,459e1a2c-8ecb-569e-18e5-703bdba5e263,1777385007,0.25,2.71,no,"{""count_fp"":""2.71"",""created_time"":""2026-04-28T14:03:27.390124Z"",""no_price_dollars"":""0.7500"",""taker_side"":""no"",""ticker"":""KXETH15M-26APR281015-15"",""trade_id"":""459e1a2c-8ecb-569e-18e5-703bdba5e263"",""yes_price_dollars"":""0.2500""}"
KXETH15M-26APR281015-15,92a852c9-4997-732a-df11-7923f9a48056,1777385013,0.27,96.72,yes,"{""count_fp"":""96.72"",""created_time"":""2026-04-28T14:03:33.240926Z"",""no_price_dollars"":""0.7300"",""taker_side"":""yes"",""ticker"":""KXETH15M-26APR281015-15"",""trade_id"":""92a852c9-4997-732a-df11-7923f9a48056"",""yes_price_dollars"":""0.2700""}"
KXETH15M-26APR281015-15,59f7c8f9-10c4-7e33-e0b9-cddb24b90f70,1777385013,0.28,3.28,yes,"{""count_fp"":""3.28"",""created_time"":""2026-04-28T14:03:33.240926Z"",""no_price_dollars"":""0.7200"",""taker_side"":""yes"",""ticker"":""KXETH15M-26APR281015-15"",""trade_id"":""59f7c8f9-10c4-7e33-e0b9-cddb24b90f70"",""yes_price_dollars"":""0.2800""}"
KXETH15M-26APR281015-15,4dc2557c-d337-4bee-f524-072444126bf2,1777385013,0.27,3.28,yes,"{""count_fp"":""3.28"",""created_time"":""2026-04-28T14:03:33.225976Z"",""no_price_dollars"":""0.7300"",""taker_side"":""yes"",""ticker"":""KXETH15M-26APR281015-15"",""trade_id"":""4dc2557c-d337-4bee-f524-072444126bf2"",""yes_price_dollars"":""0.2700""}"
KXETH15M-26APR281015-15,7f357a0c-0690-5426-b5da-f788ad88f9d4,1777385016,0.26,1.32,no,"{""count_fp"":""1.32"",""created_time"":""2026-04-28T14:03:36.987102Z"",""no_price_dollars"":""0.7400"",""taker_side"":""no"",""ticker"":""KXETH15M-26APR281015-15"",""trade_id"":""7f357a0c-0690-5426-b5da-f788ad88f9d4"",""yes_price_dollars"":""0.2600""}"
KXETH15M-26APR281015-15,ad2160cd-d274-539f-5d7b-fa0cd2510a72,1777385022,0.29,2.0,yes,"{""count_fp"":""2.00"",""created_time"":""2026-04-28T14:03:42.325159Z"",""no_price_dollars"":""0.7100"",""taker_side"":""yes"",""ticker"":""KXETH15M-26APR281015-15"",""trade_id"":""ad2160cd-d274-539f-5d7b-fa0cd2510a72"",""yes_price_dollars"":""0.2900""}"
KXETH15M-26APR281015-15,38d36782-ab79-5e2d-4b62-bd9ff525431d,1777385022,0.29,14.0,yes,"{""count_fp"":""14.00"",""created_time"":""2026-04-28T14:03:42.325159Z"",""no_price_dollars"":""0.7100"",""taker_side"":""yes"",""ticker"":""KXETH15M-26APR281015-15"",""trade_id"":""38d36782-ab79-5e2d-4b62-bd9ff525431d"",""yes_price_dollars"":""0.2900""}"
KXETH15M-26APR281015-15,98c2f8c5-5db7-5483-af20-1ab706b4052f,1777385032,0.27,0.68,no,"{""count_fp"":""0.68"",""created_time"":""2026-04-28T14:03:52.672071Z"",""no_price_dollars"":""0.7300"",""taker_side"":""no"",""ticker"":""KXETH15M-26APR281015-15"",""trade_id"":""98c2f8c5-5db7-5483-af20-1ab706b4052f"",""yes_price_dollars"":""0.2700""}"
KXETH15M-26APR281015-15,9476b8c3-75de-5e8f-ba3d-19a0947e740a,1777385032,0.26,15.91,no,"{""count_fp"":""15.91"",""created_time"":""2026-04-28T14:03:52.672071Z"",""no_price_dollars"":""0.7400"",""taker_side"":""no"",""ticker"":""KXETH15M-26APR281015-15"",""trade_id"":""9476b8c3-75de-5e8f-ba3d-19a0947e740a"",""yes_price_dollars"":""0.2600""}"
KXETH15M-26APR281015-15,1e74bd16-9d43-5160-a7f0-f49d1fabdd6d,1777385032,0.27,10.0,no,"{""count_fp"":""10.00"",""created_time"":""2026-04-28T14:03:52.672071Z"",""no_price_dollars"":""0.7300"",""taker_side"":""no"",""ticker"":""KXETH15M-26APR281015-15"",""trade_id"":""1e74bd16-9d43-5160-a7f0-f49d1fabdd6d"",""yes_price_dollars"":""0.2700""}"
KXETH15M-26APR281015-15,e3b928b0-6e3b-7206-8052-6b492197f86d,1777385039,0.3,1.0,yes,"{""count_fp"":""1.00"",""created_time"":""2026-04-28T14:03:59.332477Z"",""no_price_dollars"":""0.7000"",""taker_side"":""yes"",""ticker"":""KXETH15M-26APR281015-15"",""trade_id"":""e3b928b0-6e3b-7206-8052-6b492197f86d"",""yes_price_dollars"":""0.3000""}"
KXETH15M-26APR281015-15,c282b21a-468f-72f5-867b-9556e640b815,1777385039,0.3,2.0,yes,"{""count_fp"":""2.00"",""created_time"":""2026-04-28T14:03:59.332477Z"",""no_price_dollars"":""0.7000"",""taker_side"":""yes"",""ticker"":""KXETH15M-26APR281015-15"",""trade_id"":""c282b21a-468f-72f5-867b-9556e640b815"",""yes_price_dollars"":""0.3000""}"
KXETH15M-26APR281015-15,626b40a6-a5b3-7736-8bad-4812875d2629,1777385039,0.3,142.0,yes,"{""count_fp"":""142.00"",""created_time"":""2026-04-28T14:03:59.332477Z"",""no_price_dollars"":""0.7000"",""taker_side"":""yes"",""ticker"":""KXETH15M-26APR281015-15"",""trade_id"":""626b40a6-a5b3-7736-8bad-4812875d2629"",""yes_price_dollars"":""0.3000""}"
KXETH15M-26APR281015-15,1793dcb1-a99e-7bc9-ae16-ce0a979cf456,1777385039,0.3,50.0,yes,"{""count_fp"":""50.00"",""created_time"":""2026-04-28T14:03:59.332477Z"",""no_price_dollars"":""0.7000"",""taker_side"":""yes"",""ticker"":""KXETH15M-26APR281015-15"",""trade_id"":""1793dcb1-a99e-7bc9-ae16-ce0a979cf456"",""yes_price_dollars"":""0.3000""}"
KXETH15M-26APR281015-15,3cd9456c-cbb3-626a-0fe9-bf2a15d6550a,1777385040,0.31,2.0,no,"{""count_fp"":""2.00"",""created_time"":""2026-04-28T14:04:00.416764Z"",""no_price_dollars"":""0.6900"",""taker_side"":""no"",""ticker"":""KXETH15M-26APR281015-15"",""trade_id"":""3cd9456c-cbb3-626a-0fe9-bf2a15d6550a"",""yes_price_dollars"":""0.3100""}"
KXETH15M-26APR281015-15,1040fe15-1477-741e-0bff-8d9718012822,1777385041,0.31,3.0,no,"{""count_fp"":""3.00"",""created_time"":""2026-04-28T14:04:01.024987Z"",""no_price_dollars"":""0.6900"",""taker_side"":""no"",""ticker"":""KXETH15M-26APR281015-15"",""trade_id"":""1040fe15-1477-741e-0bff-8d9718012822"",""yes_price_dollars"":""0.3100""}"
KXETH15M-26APR281015-15,0b1bc76a-0cce-462a-7473-fc6f94c16673,1777385042,0.33,1.0,no,"{""count_fp"":""1.00"",""created_time"":""2026-04-28T14:04:02.396936Z"",""no_price_dollars"":""0.6700"",""taker_side"":""no"",""ticker"":""KXETH15M-26APR281015-15"",""trade_id"":""0b1bc76a-0cce-462a-7473-fc6f94c16673"",""yes_price_dollars"":""0.3300""}"
KXETH15M-26APR281015-15,4d78b291-6d14-4eda-2827-a9a902f43439,1777385042,0.33,1.0,no,"{""count_fp"":""1.00"",""created_time"":""2026-04-28T14:04:02.104396Z"",""no_price_dollars"":""0.6700"",""taker_side"":""no"",""ticker"":""KXETH15M-26APR281015-15"",""trade_id"":""4d78b291-6d14-4eda-2827-a9a902f43439"",""yes_price_dollars"":""0.3300""}"
KXETH15M-26APR281015-15,f21b69c6-b88d-5a5c-18fc-22c98d459a51,1777385047,0.36,3.0,yes,"{""count_fp"":""3.00"",""created_time"":""2026-04-28T14:04:07.449509Z"",""no_price_dollars"":""0.6400"",""taker_side"":""yes"",""ticker"":""KXETH15M-26APR281015-15"",""trade_id"":""f21b69c6-b88d-5a5c-18fc-22c98d459a51"",""yes_price_dollars"":""0.3600""}"
KXETH15M-26APR281015-15,07de51e8-8c28-6eef-42c7-8bdd552485bb,1777385048,0.4,5.0,yes,"{""count_fp"":""5.00"",""created_time"":""2026-04-28T14:04:08.899003Z"",""no_price_dollars"":""0.6000"",""taker_side"":""yes"",""ticker"":""KXETH15M-26APR281015-15"",""trade_id"":""07de51e8-8c28-6eef-42c7-8bdd552485bb"",""yes_price_dollars"":""0.4000""}"
KXETH15M-26APR281015-15,611033eb-582a-4ece-08b8-b87deddfe77b,1777385049,0.39,1.0,no,"{""count_fp"":""1.00"",""created_time"":""2026-04-28T14:04:09.157742Z"",""no_price_dollars"":""0.6100"",""taker_side"":""no"",""ticker"":""KXETH15M-26APR281015-15"",""trade_id"":""611033eb-582a-4ece-08b8-b87deddfe77b"",""yes_price_dollars"":""0.3900""}"
KXETH15M-26APR281015-15,c5ef2273-34ba-56b5-0a4a-033ed86d213d,1777385051,0.41,23.0,yes,"{""count_fp"":""23.00"",""created_time"":""2026-04-28T14:04:11.360865Z"",""no_price_dollars"":""0.5900"",""taker_side"":""yes"",""ticker"":""KXETH15M-26APR281015-15"",""trade_id"":""c5ef2273-34ba-56b5-0a4a-033ed86d213d"",""yes_price_dollars"":""0.4100""}"
KXETH15M-26APR281015-15,aa861ab4-640c-530f-1fe0-c9f492a35634,1777385051,0.4,10.0,yes,"{""count_fp"":""10.00"",""created_time"":""2026-04-28T14:04:11.360865Z"",""no_price_dollars"":""0.6000"",""taker_side"":""yes"",""ticker"":""KXETH15M-26APR281015-15"",""trade_id"":""aa861ab4-640c-530f-1fe0-c9f492a35634"",""yes_price_dollars"":""0.4000""}"
KXETH15M-26APR281015-15,97b56432-9ea5-50f5-07fb-70557906484d,1777385051,0.41,21.89,yes,"{""count_fp"":""21.89"",""created_time"":""2026-04-28T14:04:11.360865Z"",""no_price_dollars"":""0.5900"",""taker_side"":""yes"",""ticker"":""KXETH15M-26APR281015-15"",""trade_id"":""97b56432-9ea5-50f5-07fb-70557906484d"",""yes_price_dollars"":""0.4100""}"
KXETH15M-26APR281015-15,687374d6-9658-593f-3eb2-afc5513fe473,1777385051,0.4,10.39,yes,"{""count_fp"":""10.39"",""created_time"":""2026-04-28T14:04:11.360865Z"",""no_price_dollars"":""0.6000"",""taker_side"":""yes"",""ticker"":""KXETH15M-26APR281015-15"",""trade_id"":""687374d6-9658-593f-3eb2-afc5513fe473"",""yes_price_dollars"":""0.4000""}"
KXETH15M-26APR281015-15,baa47f44-dbfc-4b78-47fd-49bd8a0737a9,1777385052,0.37,5.0,no,"{""count_fp"":""5.00"",""created_time"":""2026-04-28T14:04:12.634701Z"",""no_price_dollars"":""0.6300"",""taker_side"":""no"",""ticker"":""KXETH15M-26APR281015-15"",""trade_id"":""baa47f44-dbfc-4b78-47fd-49bd8a0737a9"",""yes_price_dollars"":""0.3700""}"
KXETH15M-26APR281015-15,e6f8e4a7-470a-5bf2-2aa6-fbda8bbe29e3,1777385052,0.38,10.0,no,"{""count_fp"":""10.00"",""created_time"":""2026-04-28T14:04:12.509481Z"",""no_price_dollars"":""0.6200"",""taker_side"":""no"",""ticker"":""KXETH15M-26APR281015-15"",""trade_id"":""e6f8e4a7-470a-5bf2-2aa6-fbda8bbe29e3"",""yes_price_dollars"":""0.3800""}"
KXETH15M-26APR281015-15,988b2fdb-00ba-5c06-0501-434b6d35a123,1777385052,0.38,10.0,no,"{""count_fp"":""10.00"",""created_time"":""2026-04-28T14:04:12.509481Z"",""no_price_dollars"":""0.6200"",""taker_side"":""no"",""ticker"":""KXETH15M-26APR281015-15"",""trade_id"":""988b2fdb-00ba-5c06-0501-434b6d35a123"",""yes_price_dollars"":""0.3800""}"
KXETH15M-26APR281015-15,090e5ece-089d-43f1-438b-f4f8efe69895,1777385056,0.37,2.0,no,"{""count_fp"":""2.00"",""created_time"":""2026-04-28T14:04:16.961698Z"",""no_price_dollars"":""0.6300"",""taker_side"":""no"",""ticker"":""KXETH15M-26APR281015-15"",""trade_id"":""090e5ece-089d-43f1-438b-f4f8efe69895"",""yes_price_dollars"":""0.3700""}"
KXETH15M-26APR281015-15,d26930b9-ce65-5065-e77b-775dda0f8181,1777385059,0.31,3.0,yes,"{""count_fp"":""3.00"",""created_time"":""2026-04-28T14:04:19.913816Z"",""no_price_dollars"":""0.6900"",""taker_side"":""yes"",""ticker"":""KXETH15M-26APR281015-15"",""trade_id"":""d26930b9-ce65-5065-e77b-775dda0f8181"",""yes_price_dollars"":""0.3100""}"
KXETH15M-26APR281015-15,d362a7f7-00a8-6753-5764-e37536d5fe82,1777385059,0.3,4.12,no,"{""count_fp"":""4.12"",""created_time"":""2026-04-28T14:04:19.140252Z"",""no_price_dollars"":""0.7000"",""taker_side"":""no"",""ticker"":""KXETH15M-26APR281015-15"",""trade_id"":""d362a7f7-00a8-6753-5764-e37536d5fe82"",""yes_price_dollars"":""0.3000""}"
KXETH15M-26APR281015-15,8d4da39f-e327-6873-6822-8163a7802f97,1777385059,0.31,10.0,no,"{""count_fp"":""10.00"",""created_time"":""2026-04-28T14:04:19.140252Z"",""no_price_dollars"":""0.6900"",""taker_side"":""no"",""ticker"":""KXETH15M-26APR281015-15"",""trade_id"":""8d4da39f-e327-6873-6822-8163a7802f97"",""yes_price_dollars"":""0.3100""}"
KXETH15M-26APR281015-15,c3d1eab0-f22c-78df-acd7-19cc504c319a,1777385060,0.3,14.11,no,"{""count_fp"":""14.11"",""created_time"":""2026-04-28T14:04:20.001622Z"",""no_price_dollars"":""0.7000"",""taker_side"":""no"",""ticker"":""KXETH15M-26APR281015-15"",""trade_id"":""c3d1eab0-f22c-78df-acd7-19cc504c319a"",""yes_price_dollars"":""0.3000""}"
KXETH15M-26APR281015-15,32d97aa6-2987-66cf-8441-c12a354731fa,1777385061,0.31,2.89,yes,"{""count_fp"":""2.89"",""created_time"":""2026-04-28T14:04:21.408932Z"",""no_price_dollars"":""0.6900"",""taker_side"":""yes"",""ticker"":""KXETH15M-26APR281015-15"",""trade_id"":""32d97aa6-2987-66cf-8441-c12a354731fa"",""yes_price_dollars"":""0.3100""}"
KXETH15M-26APR281015-15,f197816b-3100-688b-a473-fad3cbbc95b6,1777385064,0.3,554.0,no,"{""count_fp"":""554.00"",""created_time"":""2026-04-28T14:04:24.596298Z"",""no_price_dollars"":""0.7000"",""taker_side"":""no"",""ticker"":""KXETH15M-26APR281015-15"",""trade_id"":""f197816b-3100-688b-a473-fad3cbbc95b6"",""yes_price_dollars"":""0.3000""}"
KXETH15M-26APR281015-15,2f9b6fc2-e614-4547-7d2c-a618abcaad1e,1777385066,0.3,1.0,no,"{""count_fp"":""1.00"",""created_time"":""2026-04-28T14:04:26.004502Z"",""no_price_dollars"":""0.7000"",""taker_side"":""no"",""ticker"":""KXETH15M-26APR281015-15"",""trade_id"":""2f9b6fc2-e614-4547-7d2c-a618abcaad1e"",""yes_price_dollars"":""0.3000""}"
KXETH15M-26APR281015-15,d2e0b613-7fec-4177-9675-562c9344d37a,1777385069,0.3,0.27,no,"{""count_fp"":""0.27"",""created_time"":""2026-04-28T14:04:29.206721Z"",""no_price_dollars"":""0.7000"",""taker_side"":""no"",""ticker"":""KXETH15M-26APR281015-15"",""trade_id"":""d2e0b613-7fec-4177-9675-562c9344d37a"",""yes_price_dollars"":""0.3000""}"
KXETH15M-26APR281015-15,bbc69930-64e4-61c3-af1d-0e09868295ce,1777385071,0.3,5.0,no,"{""count_fp"":""5.00"",""created_time"":""2026-04-28T14:04:31.863898Z"",""no_price_dollars"":""0.7000"",""taker_side"":""no"",""ticker"":""KXETH15M-26APR281015-15"",""trade_id"":""bbc69930-64e4-61c3-af1d-0e09868295ce"",""yes_price_dollars"":""0.3000""}"
KXETH15M-26APR281015-15,df7d8ca1-bfb4-4d87-c9cd-62c46820d746,1777385072,0.3,5.0,no,"{""count_fp"":""5.00"",""created_time"":""2026-04-28T14:04:32.466667Z"",""no_price_dollars"":""0.7000"",""taker_side"":""no"",""ticker"":""KXETH15M-26APR281015-15"",""trade_id"":""df7d8ca1-bfb4-4d87-c9cd-62c46820d746"",""yes_price_dollars"":""0.3000""}"
KXETH15M-26APR281015-15,5495324f-ba40-5687-b49b-f5435696183a,1777385073,0.3,4.18,no,"{""count_fp"":""4.18"",""created_time"":""2026-04-28T14:04:33.350629Z"",""no_price_dollars"":""0.7000"",""taker_side"":""no"",""ticker"":""KXETH15M-26APR281015-15"",""trade_id"":""5495324f-ba40-5687-b49b-f5435696183a"",""yes_price_dollars"":""0.3000""}"
KXETH15M-26APR281015-15,5eb52b79-24fc-71ab-4294-3d8fed915dd6,1777385074,0.3,5.0,no,"{""count_fp"":""5.00"",""created_time"":""2026-04-28T14:04:34.128241Z"",""no_price_dollars"":""0.7000"",""taker_side"":""no"",""ticker"":""KXETH15M-26APR281015-15"",""trade_id"":""5eb52b79-24fc-71ab-4294-3d8fed915dd6"",""yes_price_dollars"":""0.3000""}"
KXETH15M-26APR281015-15,04f9a54c-f918-66b3-eb32-c89348c6bb4e,1777385075,0.3,8.0,no,"{""count_fp"":""8.00"",""created_time"":""2026-04-28T14:04:35.859277Z"",""no_price_dollars"":""0.7000"",""taker_side"":""no"",""ticker"":""KXETH15M-26APR281015-15"",""trade_id"":""04f9a54c-f918-66b3-eb32-c89348c6bb4e"",""yes_price_dollars"":""0.3000""}"
KXETH15M-26APR281015-15,9e02c8d3-50ac-4cbf-c766-96b2bf271ad6,1777385076,0.3,10.0,no,"{""count_fp"":""10.00"",""created_time"":""2026-04-28T14:04:36.175594Z"",""no_price_dollars"":""0.7000"",""taker_side"":""no"",""ticker"":""KXETH15M-26APR281015-15"",""trade_id"":""9e02c8d3-50ac-4cbf-c766-96b2bf271ad6"",""yes_price_dollars"":""0.3000""}"
KXETH15M-26APR281015-15,c1f6b918-25c9-65ed-a1b8-38bd0eea0519,1777385093,0.31,10.0,yes,"{""count_fp"":""10.00"",""created_time"":""2026-04-28T14:04:53.974427Z"",""no_price_dollars"":""0.6900"",""taker_side"":""yes"",""ticker"":""KXETH15M-26APR281015-15"",""trade_id"":""c1f6b918-25c9-65ed-a1b8-38bd0eea0519"",""yes_price_dollars"":""0.3100""}"
KXETH15M-26APR281015-15,af2405fd-9cd0-7b3f-cedc-de7e498b588a,1777385096,0.3,563.0,no,"{""count_fp"":""563.00"",""created_time"":""2026-04-28T14:04:56.539685Z"",""no_price_dollars"":""0.7000"",""taker_side"":""no"",""ticker"":""KXETH15M-26APR281015-15"",""trade_id"":""af2405fd-9cd0-7b3f-cedc-de7e498b588a"",""yes_price_dollars"":""0.3000""}"
KXETH15M-26APR281015-15,f74377e4-9c30-5a63-bc30-cd75ef8862fa,1777385097,0.3,2.0,no,"{""count_fp"":""2.00"",""created_time"":""2026-04-28T14:04:57.070443Z"",""no_price_dollars"":""0.7000"",""taker_side"":""no"",""ticker"":""KXETH15M-26APR281015-15"",""trade_id"":""f74377e4-9c30-5a63-bc30-cd75ef8862fa"",""yes_price_dollars"":""0.3000""}"
KXETH15M-26APR281015-15,d1e3d135-58d4-4f1f-7bb9-519c20ba9d36,1777385100,0.3,0.41,no,"{""count_fp"":""0.41"",""created_time"":""2026-04-28T14:05:00.336684Z"",""no_price_dollars"":""0.7000"",""taker_side"":""no"",""ticker"":""KXETH15M-26APR281015-15"",""trade_id"":""d1e3d135-58d4-4f1f-7bb9-519c20ba9d36"",""yes_price_dollars"":""0.3000""}"
KXETH15M-26APR281015-15,355ade5c-84c0-762f-8f35-9ec167dad826,1777385100,0.3,130.0,no,"{""count_fp"":""130.00"",""created_time"":""2026-04-28T14:05:00.222689Z"",""no_price_dollars"":""0.7000"",""taker_side"":""no"",""ticker"":""KXETH15M-26APR281015-15"",""trade_id"":""355ade5c-84c0-762f-8f35-9ec167dad826"",""yes_price_dollars"":""0.3000""}"
KXETH15M-26APR281015-15,1ad0237f-9e84-5a4f-42c3-48e0d36f7cda,1777385100,0.3,73.91,no,"{""count_fp"":""73.91"",""created_time"":""2026-04-28T14:05:00.164752Z"",""no_price_dollars"":""0.7000"",""taker_side"":""no"",""ticker"":""KXETH15M-26APR281015-15"",""trade_id"":""1ad0237f-9e84-5a4f-42c3-48e0d36f7cda"",""yes_price_dollars"":""0.3000""}"
KXETH15M-26APR281015-15,3df3bf47-b96c-744f-7f40-acd1749a5b26,1777385100,0.3,620.0,no,"{""count_fp"":""620.00"",""created_time"":""2026-04-28T14:05:00.151893Z"",""no_price_dollars"":""0.7000"",""taker_side"":""no"",""ticker"":""KXETH15M-26APR281015-15"",""trade_id"":""3df3bf47-b96c-744f-7f40-acd1749a5b26"",""yes_price_dollars"":""0.3000""}"
KXETH15M-26APR281015-15,ec27ffb2-62f9-44d5-0d83-031fdfd6ade1,1777385104,0.3,29.0,yes,"{""count_fp"":""29.00"",""created_time"":""2026-04-28T14:05:04.621845Z"",""no_price_dollars"":""0.7000"",""taker_side"":""yes"",""ticker"":""KXETH15M-26APR281015-15"",""trade_id"":""ec27ffb2-62f9-44d5-0d83-031fdfd6ade1"",""yes_price_dollars"":""0.3000""}"
KXETH15M-26APR281015-15,97e95853-f565-7f15-6c8f-d4cdf67065c1,1777385110,0.3,28.0,yes,"{""count_fp"":""28.00"",""created_time"":""2026-04-28T14:05:10.302054Z"",""no_price_dollars"":""0.7000"",""taker_side"":""yes"",""ticker"":""KXETH15M-26APR281015-15"",""trade_id"":""97e95853-f565-7f15-6c8f-d4cdf67065c1"",""yes_price_dollars"":""0.3000""}"
KXETH15M-26APR281015-15,61cc05b5-e952-6889-6143-d768de28d488,1777385111,0.29,3.0,yes,"{""count_fp"":""3.00"",""created_time"":""2026-04-28T14:05:11.485331Z"",""no_price_dollars"":""0.7100"",""taker_side"":""yes"",""ticker"":""KXETH15M-26APR281015-15"",""trade_id"":""61cc05b5-e952-6889-6143-d768de28d488"",""yes_price_dollars"":""0.2900""}"
KXETH15M-26APR281015-15,f9531cac-97de-7971-ad6d-516802e06c12,1777385111,0.29,9.31,no,"{""count_fp"":""9.31"",""created_time"":""2026-04-28T14:05:11.226762Z"",""no_price_dollars"":""0.7100"",""taker_side"":""no"",""ticker"":""KXETH15M-26APR281015-15"",""trade_id"":""f9531cac-97de-7971-ad6d-516802e06c12"",""yes_price_dollars"":""0.2900""}"
KXETH15M-26APR281015-15,b42c10fd-29d5-7b88-bd11-86fd9f4728c3,1777385111,0.28,53.98,no,"{""count_fp"":""53.98"",""created_time"":""2026-04-28T14:05:11.226762Z"",""no_price_dollars"":""0.7200"",""taker_side"":""no"",""ticker"":""KXETH15M-26APR281015-15"",""trade_id"":""b42c10fd-29d5-7b88-bd11-86fd9f4728c3"",""yes_price_dollars"":""0.2800""}"
KXETH15M-26APR281015-15,9017cbfa-b679-7c90-8026-7c05e9333174,1777385111,0.29,5.0,no,"{""count_fp"":""5.00"",""created_time"":""2026-04-28T14:05:11.226762Z"",""no_price_dollars"":""0.7100"",""taker_side"":""no"",""ticker"":""KXETH15M-26APR281015-15"",""trade_id"":""9017cbfa-b679-7c90-8026-7c05e9333174"",""yes_price_dollars"":""0.2900""}"
KXETH15M-26APR281015-15,e6913056-87e7-5bfc-c67e-e1eda5944eed,1777385117,0.28,10.0,yes,"{""count_fp"":""10.00"",""created_time"":""2026-04-28T14:05:17.982439Z"",""no_price_dollars"":""0.7200"",""taker_side"":""yes"",""ticker"":""KXETH15M-26APR281015-15"",""trade_id"":""e6913056-87e7-5bfc-c67e-e1eda5944eed"",""yes_price_dollars"":""0.2800""}"
KXETH15M-26APR281015-15,152e5d8d-1e72-5899-dde5-b795f7f38ac0,1777385117,0.28,100.0,yes,"{""count_fp"":""100.00"",""created_time"":""2026-04-28T14:05:17.982439Z"",""no_price_dollars"":""0.7200"",""taker_side"":""yes"",""ticker"":""KXETH15M-26APR281015-15"",""trade_id"":""152e5d8d-1e72-5899-dde5-b795f7f38ac0"",""yes_price_dollars"":""0.2800""}"
KXETH15M-26APR281015-15,0fe4055c-eec1-56af-f3da-a8f405eab62d,1777385117,0.28,10.0,yes,"{""count_fp"":""10.00"",""created_time"":""2026-04-28T14:05:17.982439Z"",""no_price_dollars"":""0.7200"",""taker_side"":""yes"",""ticker"":""KXETH15M-26APR281015-15"",""trade_id"":""0fe4055c-eec1-56af-f3da-a8f405eab62d"",""yes_price_dollars"":""0.2800""}"
KXETH15M-26APR281015-15,94e17ec8-5809-7a64-957d-5067046fd54f,1777385120,0.28,34.05,no,"{""count_fp"":""34.05"",""created_time"":""2026-04-28T14:05:20.509082Z"",""no_price_dollars"":""0.7200"",""taker_side"":""no"",""ticker"":""KXETH15M-26APR281015-15"",""trade_id"":""94e17ec8-5809-7a64-957d-5067046fd54f"",""yes_price_dollars"":""0.2800""}"
KXETH15M-26APR281015-15,02fbb18f-274d-74a8-9a53-280f312a757b,1777385124,0.25,1.0,no,"{""count_fp"":""1.00"",""created_time"":""2026-04-28T14:05:24.720602Z"",""no_price_dollars"":""0.7500"",""taker_side"":""no"",""ticker"":""KXETH15M-26APR281015-15"",""trade_id"":""02fbb18f-274d-74a8-9a53-280f312a757b"",""yes_price_dollars"":""0.2500""}"
KXETH15M-26APR281015-15,f46b57d2-1ee9-4bb4-b8e8-88bbdf9e36af,1777385126,0.25,1.0,no,"{""count_fp"":""1.00"",""created_time"":""2026-04-28T14:05:26.503468Z"",""no_price_dollars"":""0.7500"",""taker_side"":""no"",""ticker"":""KXETH15M-26APR281015-15"",""trade_id"":""f46b57d2-1ee9-4bb4-b8e8-88bbdf9e36af"",""yes_price_dollars"":""0.2500""}"
KXETH15M-26APR281015-15,66bed909-5e0d-7194-def5-e3f5bed65b4a,1777385126,0.26,3.65,yes,"{""count_fp"":""3.65"",""created_time"":""2026-04-28T14:05:26.455365Z"",""no_price_dollars"":""0.7400"",""taker_side"":""yes"",""ticker"":""KXETH15M-26APR281015-15"",""trade_id"":""66bed909-5e0d-7194-def5-e3f5bed65b4a"",""yes_price_dollars"":""0.2600""}"
KXETH15M-26APR281015-15,557be37f-05fd-405c-9f22-bd7d9e0d260a,1777385131,0.25,100.0,yes,"{""count_fp"":""100.00"",""created_time"":""2026-04-28T14:05:31.806388Z"",""no_price_dollars"":""0.7500"",""taker_side"":""yes"",""ticker"":""KXETH15M-26APR281015-15"",""trade_id"":""557be37f-05fd-405c-9f22-bd7d9e0d260a"",""yes_price_dollars"":""0.2500""}"
KXETH15M-26APR281015-15,7c097467-c9c8-4089-a5bd-c94112b5291e,1777385132,0.25,10.0,yes,"{""count_fp"":""10.00"",""created_time"":""2026-04-28T14:05:32.016154Z"",""no_price_dollars"":""0.7500"",""taker_side"":""yes"",""ticker"":""KXETH15M-26APR281015-15"",""trade_id"":""7c097467-c9c8-4089-a5bd-c94112b5291e"",""yes_price_dollars"":""0.2500""}"
KXETH15M-26APR281015-15,57d7c5ce-cc3f-469c-9c8c-44e23698f1a7,1777385132,0.25,100.0,yes,"{""count_fp"":""100.00"",""created_time"":""2026-04-28T14:05:32.016154Z"",""no_price_dollars"":""0.7500"",""taker_side"":""yes"",""ticker"":""KXETH15M-26APR281015-15"",""trade_id"":""57d7c5ce-cc3f-469c-9c8c-44e23698f1a7"",""yes_price_dollars"":""0.2500""}"
KXETH15M-26APR281015-15,8951d86f-d7d3-69df-3906-0025c71c601a,1777385135,0.29,10.0,yes,"{""count_fp"":""10.00"",""created_time"":""2026-04-28T14:05:35.285724Z"",""no_price_dollars"":""0.7100"",""taker_side"":""yes"",""ticker"":""KXETH15M-26APR281015-15"",""trade_id"":""8951d86f-d7d3-69df-3906-0025c71c601a"",""yes_price_dollars"":""0.2900""}"
KXETH15M-26APR281015-15,e057e283-52c7-7aa7-81d3-4ef7feb3d016,1777385135,0.29,10.0,yes,"{""count_fp"":""10.00"",""created_time"":""2026-04-28T14:05:35.221862Z"",""no_price_dollars"":""0.7100"",""taker_side"":""yes"",""ticker"":""KXETH15M-26APR281015-15"",""trade_id"":""e057e283-52c7-7aa7-81d3-4ef7feb3d016"",""yes_price_dollars"":""0.2900""}"
KXETH15M-26APR281015-15,dac8353f-7836-7508-fb5b-1e23cbefab1a,1777385135,0.28,10.0,yes,"{""count_fp"":""10.00"",""created_time"":""2026-04-28T14:05:35.178256Z"",""no_price_dollars"":""0.7200"",""taker_side"":""yes"",""ticker"":""KXETH15M-26APR281015-15"",""trade_id"":""dac8353f-7836-7508-fb5b-1e23cbefab1a"",""yes_price_dollars"":""0.2800""}"
KXETH15M-26APR281015-15,f727f6b8-5b8f-5ba3-0095-aee3e7b6700b,1777385137,0.33,2.0,yes,"{""count_fp"":""2.00"",""created_time"":""2026-04-28T14:05:37.886227Z"",""no_price_dollars"":""0.6700"",""taker_side"":""yes"",""ticker"":""KXETH15M-26APR281015-15"",""trade_id"":""f727f6b8-5b8f-5ba3-0095-aee3e7b6700b"",""yes_price_dollars"":""0.3300""}"
KXETH15M-26APR281015-15,a16a27fc-f010-5667-0d68-001d18e70e27,1777385137,0.33,37.0,yes,"{""count_fp"":""37.00"",""created_time"":""2026-04-28T14:05:37.886227Z"",""no_price_dollars"":""0.6700"",""taker_side"":""yes"",""ticker"":""KXETH15M-26APR281015-15"",""trade_id"":""a16a27fc-f010-5667-0d68-001d18e70e27"",""yes_price_dollars"":""0.3300""}"
KXETH15M-26APR281015-15,e64bb967-000f-7d2a-75a2-0e052301c497,1777385137,0.32,1.0,yes,"{""count_fp"":""1.00"",""created_time"":""2026-04-28T14:05:37.608143Z"",""no_price_dollars"":""0.6800"",""taker_side"":""yes"",""ticker"":""KXETH15M-26APR281015-15"",""trade_id"":""e64bb967-000f-7d2a-75a2-0e052301c497"",""yes_price_dollars"":""0.3200""}"
KXETH15M-26APR281015-15,dcc575fc-658d-7c1c-76f7-36025c6c21e7,1777385137,0.32,10.0,yes,"{""count_fp"":""10.00"",""created_time"":""2026-04-28T14:05:37.608143Z"",""no_price_dollars"":""0.6800"",""taker_side"":""yes"",""ticker"":""KXETH15M-26APR281015-15"",""trade_id"":""dcc575fc-658d-7c1c-76f7-36025c6c21e7"",""yes_price_dollars"":""0.3200""}"
KXETH15M-26APR281015-15,f654cae9-efb5-54cc-06cc-237a74f8fa4f,1777385138,0.33,10.0,no,"{""count_fp"":""10.00"",""created_time"":""2026-04-28T14:05:38.604065Z"",""no_price_dollars"":""0.6700"",""taker_side"":""no"",""ticker"":""KXETH15M-26APR281015-15"",""trade_id"":""f654cae9-efb5-54cc-06cc-237a74f8fa4f"",""yes_price_dollars"":""0.3300""}"
KXETH15M-26APR281015-15,0a9df8c7-e0f9-5efc-eb7d-b50b22bc013f,1777385138,0.33,8.38,no,"{""count_fp"":""8.38"",""created_time"":""2026-04-28T14:05:38.374043Z"",""no_price_dollars"":""0.6700"",""taker_side"":""no"",""ticker"":""KXETH15M-26APR281015-15"",""trade_id"":""0a9df8c7-e0f9-5efc-eb7d-b50b22bc013f"",""yes_price_dollars"":""0.3300""}"
KXETH15M-26APR281015-15,ca1d0ad7-3c0a-4b2c-c9f2-5929853da5bf,1777385138,0.34,5.0,yes,"{""count_fp"":""5.00"",""created_time"":""2026-04-28T14:05:38.199265Z"",""no_price_dollars"":""0.6600"",""taker_side"":""yes"",""ticker"":""KXETH15M-26APR281015-15"",""trade_id"":""ca1d0ad7-3c0a-4b2c-c9f2-5929853da5bf"",""yes_price_dollars"":""0.3400""}"
KXETH15M-26APR281015-15,6b7d984f-0d29-4a93-f753-5051dd0e6dd4,1777385138,0.34,5.0,yes,"{""count_fp"":""5.00"",""created_time"":""2026-04-28T14:05:38.199265Z"",""no_price_dollars"":""0.6600"",""taker_side"":""yes"",""ticker"":""KXETH15M-26APR281015-15"",""trade_id"":""6b7d984f-0d29-4a93-f753-5051dd0e6dd4"",""yes_price_dollars"":""0.3400""}"
KXETH15M-26APR281015-15,42b9ff4d-71da-4e98-dcfd-151d47c4c735,1777385138,0.34,5.0,yes,"{""count_fp"":""5.00"",""created_time"":""2026-04-28T14:05:38.199265Z"",""no_price_dollars"":""0.6600"",""taker_side"":""yes"",""ticker"":""KXETH15M-26APR281015-15"",""trade_id"":""42b9ff4d-71da-4e98-dcfd-151d47c4c735"",""yes_price_dollars"":""0.3400""}"
KXETH15M-26APR281015-15,5f0c8893-1f3e-64cc-9049-d87ca4436a04,1777385145,0.32,28.0,yes,"{""count_fp"":""28.00"",""created_time"":""2026-04-28T14:05:45.855225Z"",""no_price_dollars"":""0.6800"",""taker_side"":""yes"",""ticker"":""KXETH15M-26APR281015-15"",""trade_id"":""5f0c8893-1f3e-64cc-9049-d87ca4436a04"",""yes_price_dollars"":""0.3200""}"
KXETH15M-26APR281015-15,e8b4b5f8-c03d-4890-6ff9-977706d1c893,1777385150,0.29,1.0,no,"{""count_fp"":""1.00"",""created_time"":""2026-04-28T14:05:50.570446Z"",""no_price_dollars"":""0.7100"",""taker_side"":""no"",""ticker"":""KXETH15M-26APR281015-15"",""trade_id"":""e8b4b5f8-c03d-4890-6ff9-977706d1c893"",""yes_price_dollars"":""0.2900""}"
KXETH15M-26APR281015-15,73cd23d0-0d2e-4d60-52f2-aa86d639e9e0,1777385152,0.31,1.0,yes,"{""count_fp"":""1.00"",""created_time"":""2026-04-28T14:05:52.287246Z"",""no_price_dollars"":""0.6900"",""taker_side"":""yes"",""ticker"":""KXETH15M-26APR281015-15"",""trade_id"":""73cd23d0-0d2e-4d60-52f2-aa86d639e9e0"",""yes_price_dollars"":""0.3100""}"
KXETH15M-26APR281015-15,2cb63e81-c0c3-6a15-6d4a-54cf108a51b7,1777385155,0.32,5.0,yes,"{""count_fp"":""5.00"",""created_time"":""2026-04-28T14:05:55.940829Z"",""no_price_dollars"":""0.6800"",""taker_side"":""yes"",""ticker"":""KXETH15M-26APR281015-15"",""trade_id"":""2cb63e81-c0c3-6a15-6d4a-54cf108a51b7"",""yes_price_dollars"":""0.3200""}"
KXETH15M-26APR281015-15,28d14e7e-2d12-6a33-4cac-09e48921a87d,1777385155,0.32,1.0,yes,"{""count_fp"":""1.00"",""created_time"":""2026-04-28T14:05:55.940829Z"",""no_price_dollars"":""0.6800"",""taker_side"":""yes"",""ticker"":""KXETH15M-26APR281015-15"",""trade_id"":""28d14e7e-2d12-6a33-4cac-09e48921a87d"",""yes_price_dollars"":""0.3200""}"
KXETH15M-26APR281015-15,19795ef1-aa8e-4d28-7d89-772c58ed8c9d,1777385156,0.33,1.0,yes,"{""count_fp"":""1.00"",""created_time"":""2026-04-28T14:05:56.328468Z"",""no_price_dollars"":""0.6700"",""taker_side"":""yes"",""ticker"":""KXETH15M-26APR281015-15"",""trade_id"":""19795ef1-aa8e-4d28-7d89-772c58ed8c9d"",""yes_price_dollars"":""0.3300""}"
KXETH15M-26APR281015-15,4a48502a-e84d-5410-5d5d-a41640c899b7,1777385161,0.33,1.0,no,"{""count_fp"":""1.00"",""created_time"":""2026-04-28T14:06:01.457109Z"",""no_price_dollars"":""0.6700"",""taker_side"":""no"",""ticker"":""KXETH15M-26APR281015-15"",""trade_id"":""4a48502a-e84d-5410-5d5d-a41640c899b7"",""yes_price_dollars"":""0.3300""}"
KXETH15M-26APR281015-15,60fa8fcc-5d17-6f9d-bf2b-d3c190d05ead,1777385163,0.35,1.0,yes,"{""count_fp"":""1.00"",""created_time"":""2026-04-28T14:06:03.543696Z"",""no_price_dollars"":""0.6500"",""taker_side"":""yes"",""ticker"":""KXETH15M-26APR281015-15"",""trade_id"":""60fa8fcc-5d17-6f9d-bf2b-d3c190d05ead"",""yes_price_dollars"":""0.3500""}"
KXETH15M-26APR281015-15,11ae8b3e-e5f7-66be-80fa-1d78f6ea3fb5,1777385163,0.35,38.0,yes,"{""count_fp"":""38.00"",""created_time"":""2026-04-28T14:06:03.543696Z"",""no_price_dollars"":""0.6500"",""taker_side"":""yes"",""ticker"":""KXETH15M-26APR281015-15"",""trade_id"":""11ae8b3e-e5f7-66be-80fa-1d78f6ea3fb5"",""yes_price_dollars"":""0.3500""}"
KXETH15M-26APR281015-15,f20cb3f6-9e1a-47cd-9808-a0dd890f06e9,1777385163,0.34,1.0,yes,"{""count_fp"":""1.00"",""created_time"":""2026-04-28T14:06:03.490015Z"",""no_price_dollars"":""0.6600"",""taker_side"":""yes"",""ticker"":""KXETH15M-26APR281015-15"",""trade_id"":""f20cb3f6-9e1a-47cd-9808-a0dd890f06e9"",""yes_price_dollars"":""0.3400""}"
KXETH15M-26APR281015-15,2336d38d-74af-4520-a4d7-eab2694e3eba,1777385163,0.34,2.0,yes,"{""count_fp"":""2.00"",""created_time"":""2026-04-28T14:06:03.490015Z"",""no_price_dollars"":""0.6600"",""taker_side"":""yes"",""ticker"":""KXETH15M-26APR281015-15"",""trade_id"":""2336d38d-74af-4520-a4d7-eab2694e3eba"",""yes_price_dollars"":""0.3400""}"
KXETH15M-26APR281015-15,4ed31083-4a11-6108-9eec-70fb96baabe7,1777385165,0.39,5.83,no,"{""count_fp"":""5.83"",""created_time"":""2026-04-28T14:06:05.796515Z"",""no_price_dollars"":""0.6100"",""taker_side"":""no"",""ticker"":""KXETH15M-26APR281015-15"",""trade_id"":""4ed31083-4a11-6108-9eec-70fb96baabe7"",""yes_price_dollars"":""0.3900""}"
KXETH15M-26APR281015-15,e24fec57-7700-46ab-2ac1-448f9fc1739e,1777385165,0.38,1.0,yes,"{""count_fp"":""1.00"",""created_time"":""2026-04-28T14:06:05.073596Z"",""no_price_dollars"":""0.6200"",""taker_side"":""yes"",""ticker"":""KXETH15M-26APR281015-15"",""trade_id"":""e24fec57-7700-46ab-2ac1-448f9fc1739e"",""yes_price_dollars"":""0.3800""}"
KXETH15M-26APR281015-15,b4e90909-a7c2-4188-1ca5-119cc9b6e96d,1777385165,0.37,1.0,yes,"{""count_fp"":""1.00"",""created_time"":""2026-04-28T14:06:05.073596Z"",""no_price_dollars"":""0.6300"",""taker_side"":""yes"",""ticker"":""KXETH15M-26APR281015-15"",""trade_id"":""b4e90909-a7c2-4188-1ca5-119cc9b6e96d"",""yes_price_dollars"":""0.3700""}"
KXETH15M-26APR281015-15,21c2ce56-af62-7628-c9bb-08c84119f151,1777385165,0.36,1.0,yes,"{""count_fp"":""1.00"",""created_time"":""2026-04-28T14:06:05.031015Z"",""no_price_dollars"":""0.6400"",""taker_side"":""yes"",""ticker"":""KXETH15M-26APR281015-15"",""trade_id"":""21c2ce56-af62-7628-c9bb-08c84119f151"",""yes_price_dollars"":""0.3600""}"
KXETH15M-26APR281015-15,2a2f8fef-2f25-7c60-25ed-5f289fd95e67,1777385166,0.41,1.0,no,"{""count_fp"":""1.00"",""created_time"":""2026-04-28T14:06:06.148562Z"",""no_price_dollars"":""0.5900"",""taker_side"":""no"",""ticker"":""KXETH15M-26APR281015-15"",""trade_id"":""2a2f8fef-2f25-7c60-25ed-5f289fd95e67"",""yes_price_dollars"":""0.4100""}"
KXETH15M-26APR281015-15,f796b4d8-08aa-61aa-3843-490aba6f7dec,1777385166,0.42,10.0,no,"{""count_fp"":""10.00"",""created_time"":""2026-04-28T14:06:06.106105Z"",""no_price_dollars"":""0.5800"",""taker_side"":""no"",""ticker"":""KXETH15M-26APR281015-15"",""trade_id"":""f796b4d8-08aa-61aa-3843-490aba6f7dec"",""yes_price_dollars"":""0.4200""}"
KXETH15M-26APR281015-15,87c3c180-2009-6458-16cc-ad709ef7620b,1777385166,0.41,61.91,no,"{""count_fp"":""61.91"",""created_time"":""2026-04-28T14:06:06.106105Z"",""no_price_dollars"":""0.5900"",""taker_side"":""no"",""ticker"":""KXETH15M-26APR281015-15"",""trade_id"":""87c3c180-2009-6458-16cc-ad709ef7620b"",""yes_price_dollars"":""0.4100""}"
KXETH15M-26APR281015-15,f2bc2904-712e-5518-06c7-a477844b1d4a,1777385186,0.43,50.0,yes,"{""count_fp"":""50.00"",""created_time"":""2026-04-28T14:06:26.984383Z"",""no_price_dollars"":""0.5700"",""taker_side"":""yes"",""ticker"":""KXETH15M-26APR281015-15"",""trade_id"":""f2bc2904-712e-5518-06c7-a477844b1d4a"",""yes_price_dollars"":""0.4300""}"
KXETH15M-26APR281015-15,95f69a6f-52c9-692c-3e77-8eae1d102dc9,1777385192,0.43,0.81,no,"{""count_fp"":""0.81"",""created_time"":""2026-04-28T14:06:32.827788Z"",""no_price_dollars"":""0.5700"",""taker_side"":""no"",""ticker"":""KXETH15M-26APR281015-15"",""trade_id"":""95f69a6f-52c9-692c-3e77-8eae1d102dc9"",""yes_price_dollars"":""0.4300""}"
KXETH15M-26APR281015-15,b8f48067-3a0c-5a79-c50d-646515a49f96,1777385193,0.47,10.0,yes,"{""count_fp"":""10.00"",""created_time"":""2026-04-28T14:06:33.613678Z"",""no_price_dollars"":""0.5300"",""taker_side"":""yes"",""ticker"":""KXETH15M-26APR281015-15"",""trade_id"":""b8f48067-3a0c-5a79-c50d-646515a49f96"",""yes_price_dollars"":""0.4700""}"
KXETH15M-26APR281015-15,4ff13cab-ea69-57a1-cb99-b30b3cf901f1,1777385193,0.47,10.0,yes,"{""count_fp"":""10.00"",""created_time"":""2026-04-28T14:06:33.613678Z"",""no_price_dollars"":""0.5300"",""taker_side"":""yes"",""ticker"":""KXETH15M-26APR281015-15"",""trade_id"":""4ff13cab-ea69-57a1-cb99-b30b3cf901f1"",""yes_price_dollars"":""0.4700""}"
KXETH15M-26APR281015-15,f502981c-b915-4635-397e-f9442943260c,1777385195,0.45,125.0,no,"{""count_fp"":""125.00"",""created_time"":""2026-04-28T14:06:35.807963Z"",""no_price_dollars"":""0.5500"",""taker_side"":""no"",""ticker"":""KXETH15M-26APR281015-15"",""trade_id"":""f502981c-b915-4635-397e-f9442943260c"",""yes_price_dollars"":""0.4500""}"
KXETH15M-26APR281015-15,eeacb651-8ffc-4cc4-2d8d-8ca286cf9579,1777385195,0.45,10.0,no,"{""count_fp"":""10.00"",""created_time"":""2026-04-28T14:06:35.807963Z"",""no_price_dollars"":""0.5500"",""taker_side"":""no"",""ticker"":""KXETH15M-26APR281015-15"",""trade_id"":""eeacb651-8ffc-4cc4-2d8d-8ca286cf9579"",""yes_price_dollars"":""0.4500""}"
KXETH15M-26APR281015-15,aa9f3848-46c9-43fc-14c2-4ea12d487e43,1777385195,0.44,22.64,no,"{""count_fp"":""22.64"",""created_time"":""2026-04-28T14:06:35.807963Z"",""no_price_dollars"":""0.5600"",""taker_side"":""no"",""ticker"":""KXETH15M-26APR281015-15"",""trade_id"":""aa9f3848-46c9-43fc-14c2-4ea12d487e43"",""yes_price_dollars"":""0.4400""}"
KXETH15M-26APR281015-15,82931cba-ae72-48fc-3a8d-25bde0639bb0,1777385195,0.45,10.0,no,"{""count_fp"":""10.00"",""created_time"":""2026-04-28T14:06:35.807963Z"",""no_price_dollars"":""0.5500"",""taker_side"":""no"",""ticker"":""KXETH15M-26APR281015-15"",""trade_id"":""82931cba-ae72-48fc-3a8d-25bde0639bb0"",""yes_price_dollars"":""0.4500""}"
KXETH15M-26APR281015-15,00d5993d-5141-487e-9a20-09fbe8c1416a,1777385195,0.45,1.0,no,"{""count_fp"":""1.00"",""created_time"":""2026-04-28T14:06:35.058184Z"",""no_price_dollars"":""0.5500"",""taker_side"":""no"",""ticker"":""KXETH15M-26APR281015-15"",""trade_id"":""00d5993d-5141-487e-9a20-09fbe8c1416a"",""yes_price_dollars"":""0.4500""}"
KXETH15M-26APR281015-15,03aca0ee-10c0-44b5-46da-6c771a6aea4d,1777385198,0.46,20.08,yes,"{""count_fp"":""20.08"",""created_time"":""2026-04-28T14:06:38.892488Z"",""no_price_dollars"":""0.5400"",""taker_side"":""yes"",""ticker"":""KXETH15M-26APR281015-15"",""trade_id"":""03aca0ee-10c0-44b5-46da-6c771a6aea4d"",""yes_price_dollars"":""0.4600""}"
KXETH15M-26APR281015-15,cfb7cfa3-263c-54ba-0545-6ab777d74bd7,1777385201,0.4,8.06,no,"{""count_fp"":""8.06"",""created_time"":""2026-04-28T14:06:41.972862Z"",""no_price_dollars"":""0.6000"",""taker_side"":""no"",""ticker"":""KXETH15M-26APR281015-15"",""trade_id"":""cfb7cfa3-263c-54ba-0545-6ab777d74bd7"",""yes_price_dollars"":""0.4000""}"
KXETH15M-26APR281015-15,c658acb1-75cd-656a-d2c2-d793613ed8fa,1777385201,0.42,1.0,no,"{""count_fp"":""1.00"",""created_time"":""2026-04-28T14:06:41.290462Z"",""no_price_dollars"":""0.5800"",""taker_side"":""no"",""ticker"":""KXETH15M-26APR281015-15"",""trade_id"":""c658acb1-75cd-656a-d2c2-d793613ed8fa"",""yes_price_dollars"":""0.4200""}"
KXETH15M-26APR281015-15,56843114-88e9-643c-ffca-d7fb9f89359b,1777385201,0.41,2.0,no,"{""count_fp"":""2.00"",""created_time"":""2026-04-28T14:06:41.290462Z"",""no_price_dollars"":""0.5900"",""taker_side"":""no"",""ticker"":""KXETH15M-26APR281015-15"",""trade_id"":""56843114-88e9-643c-ffca-d7fb9f89359b"",""yes_price_dollars"":""0.4100""}"
KXETH15M-26APR281015-15,c70da87b-e650-6c89-21a4-7f972b174b4d,1777385216,0.43,1.0,yes,"{""count_fp"":""1.00"",""created_time"":""2026-04-28T14:06:56.551309Z"",""no_price_dollars"":""0.5700"",""taker_side"":""yes"",""ticker"":""KXETH15M-26APR281015-15"",""trade_id"":""c70da87b-e650-6c89-21a4-7f972b174b4d"",""yes_price_dollars"":""0.4300""}"
KXETH15M-26APR281015-15,828661f7-48d9-56b8-e453-ac6b023d0775,1777385223,0.44,2.0,yes,"{""count_fp"":""2.00"",""created_time"":""2026-04-28T14:07:03.566865Z"",""no_price_dollars"":""0.5600"",""taker_side"":""yes"",""ticker"":""KXETH15M-26APR281015-15"",""trade_id"":""828661f7-48d9-56b8-e453-ac6b023d0775"",""yes_price_dollars"":""0.4400""}"
KXETH15M-26APR281015-15,3d751d7e-4668-68e9-baf3-3a13aaed9621,1777385226,0.4,3.0,no,"{""count_fp"":""3.00"",""created_time"":""2026-04-28T14:07:06.897323Z"",""no_price_dollars"":""0.6000"",""taker_side"":""no"",""ticker"":""KXETH15M-26APR281015-15"",""trade_id"":""3d751d7e-4668-68e9-baf3-3a13aaed9621"",""yes_price_dollars"":""0.4000""}"
KXETH15M-26APR281015-15,8354b634-aab0-5eed-ab0c-fc4fa3819a29,1777385229,0.43,6.56,yes,"{""count_fp"":""6.56"",""created_time"":""2026-04-28T14:07:09.376127Z"",""no_price_dollars"":""0.5700"",""taker_side"":""yes"",""ticker"":""KXETH15M-26APR281015-15"",""trade_id"":""8354b634-aab0-5eed-ab0c-fc4fa3819a29"",""yes_price_dollars"":""0.4300""}"
KXETH15M-26APR281015-15,06a789b8-1cb0-7a55-b97b-3598687832bd,1777385230,0.4,1.0,no,"{""count_fp"":""1.00"",""created_time"":""2026-04-28T14:07:10.645856Z"",""no_price_dollars"":""0.6000"",""taker_side"":""no"",""ticker"":""KXETH15M-26APR281015-15"",""trade_id"":""06a789b8-1cb0-7a55-b97b-3598687832bd"",""yes_price_dollars"":""0.4000""}"
KXETH15M-26APR281015-15,5b207f0c-9110-7b69-c9a1-19bfac8b4559,1777385240,0.38,1.0,yes,"{""count_fp"":""1.00"",""created_time"":""2026-04-28T14:07:20.424958Z"",""no_price_dollars"":""0.6200"",""taker_side"":""yes"",""ticker"":""KXETH15M-26APR281015-15"",""trade_id"":""5b207f0c-9110-7b69-c9a1-19bfac8b4559"",""yes_price_dollars"":""0.3800""}"
KXETH15M-26APR281015-15,f5f04de8-a281-6763-3c30-bca0b909460b,1777385241,0.34,1.0,no,"{""count_fp"":""1.00"",""created_time"":""2026-04-28T14:07:21.887456Z"",""no_price_dollars"":""0.6600"",""taker_side"":""no"",""ticker"":""KXETH15M-26APR281015-15"",""trade_id"":""f5f04de8-a281-6763-3c30-bca0b909460b"",""yes_price_dollars"":""0.3400""}"
KXETH15M-26APR281015-15,fa8fca53-9331-400f-12c8-5b1887cae86b,1777385241,0.34,3.79,no,"{""count_fp"":""3.79"",""created_time"":""2026-04-28T14:07:21.886104Z"",""no_price_dollars"":""0.6600"",""taker_side"":""no"",""ticker"":""KXETH15M-26APR281015-15"",""trade_id"":""fa8fca53-9331-400f-12c8-5b1887cae86b"",""yes_price_dollars"":""0.3400""}"
KXETH15M-26APR281015-15,d603e658-59ee-43bc-1273-25ebd2726ea9,1777385241,0.34,10.0,no,"{""count_fp"":""10.00"",""created_time"":""2026-04-28T14:07:21.886104Z"",""no_price_dollars"":""0.6600"",""taker_side"":""no"",""ticker"":""KXETH15M-26APR281015-15"",""trade_id"":""d603e658-59ee-43bc-1273-25ebd2726ea9"",""yes_price_dollars"":""0.3400""}"
KXETH15M-26APR281015-15,7b0cdc57-b6d7-42fc-2154-3c63b2a01e4b,1777385241,0.34,1.0,no,"{""count_fp"":""1.00"",""created_time"":""2026-04-28T14:07:21.886104Z"",""no_price_dollars"":""0.6600"",""taker_side"":""no"",""ticker"":""KXETH15M-26APR281015-15"",""trade_id"":""7b0cdc57-b6d7-42fc-2154-3c63b2a01e4b"",""yes_price_dollars"":""0.3400""}"
KXETH15M-26APR281015-15,a082e493-f58e-57d5-fdf4-adb01dd0dc10,1777385252,0.34,1.0,no,"{""count_fp"":""1.00"",""created_time"":""2026-04-28T14:07:32.998444Z"",""no_price_dollars"":""0.6600"",""taker_side"":""no"",""ticker"":""KXETH15M-26APR281015-15"",""trade_id"":""a082e493-f58e-57d5-fdf4-adb01dd0dc10"",""yes_price_dollars"":""0.3400""}"
KXETH15M-26APR281015-15,744f8b69-c865-4918-0459-8830a8391773,1777385256,0.39,7.85,no,"{""count_fp"":""7.85"",""created_time"":""2026-04-28T14:07:36.802927Z"",""no_price_dollars"":""0.6100"",""taker_side"":""no"",""ticker"":""KXETH15M-26APR281015-15"",""trade_id"":""744f8b69-c865-4918-0459-8830a8391773"",""yes_price_dollars"":""0.3900""}"
KXETH15M-26APR281015-15,ba122b9d-3ad9-599c-022e-b1a58e414773,1777385258,0.45,15.24,no,"{""count_fp"":""15.24"",""created_time"":""2026-04-28T14:07:38.671916Z"",""no_price_dollars"":""0.5500"",""taker_side"":""no"",""ticker"":""KXETH15M-26APR281015-15"",""trade_id"":""ba122b9d-3ad9-599c-022e-b1a58e414773"",""yes_price_dollars"":""0.4500""}"
KXETH15M-26APR281015-15,9b5c511c-4991-5ff0-1bdb-5b53fa0586fb,1777385259,0.45,3.65,no,"{""count_fp"":""3.65"",""created_time"":""2026-04-28T14:07:39.976834Z"",""no_price_dollars"":""0.5500"",""taker_side"":""no"",""ticker"":""KXETH15M-26APR281015-15"",""trade_id"":""9b5c511c-4991-5ff0-1bdb-5b53fa0586fb"",""yes_price_dollars"":""0.4500""}"
KXETH15M-26APR281015-15,f384a1dc-9430-412d-e7e0-72b4f339e665,1777385266,0.44,10.0,yes,"{""count_fp"":""10.00"",""created_time"":""2026-04-28T14:07:46.938994Z"",""no_price_dollars"":""0.5600"",""taker_side"":""yes"",""ticker"":""KXETH15M-26APR281015-15"",""trade_id"":""f384a1dc-9430-412d-e7e0-72b4f339e665"",""yes_price_dollars"":""0.4400""}"
KXETH15M-26APR281015-15,ef1eff1c-9ccc-7b61-55cd-b479965d52fd,1777385268,0.44,4.0,yes,"{""count_fp"":""4.00"",""created_time"":""2026-04-28T14:07:48.999497Z"",""no_price_dollars"":""0.5600"",""taker_side"":""yes"",""ticker"":""KXETH15M-26APR281015-15"",""trade_id"":""ef1eff1c-9ccc-7b61-55cd-b479965d52fd"",""yes_price_dollars"":""0.4400""}"
KXETH15M-26APR281015-15,89a7b3d6-ac6c-73a9-12d8-746258f228d5,1777385270,0.4,2.18,yes,"{""count_fp"":""2.18"",""created_time"":""2026-04-28T14:07:50.717896Z"",""no_price_dollars"":""0.6000"",""taker_side"":""yes"",""ticker"":""KXETH15M-26APR281015-15"",""trade_id"":""89a7b3d6-ac6c-73a9-12d8-746258f228d5"",""yes_price_dollars"":""0.4000""}"
KXETH15M-26APR281015-15,e780946e-7034-6181-47fb-0a82faffab99,1777385276,0.36,10.35,yes,"{""count_fp"":""10.35"",""created_time"":""2026-04-28T14:07:56.948787Z"",""no_price_dollars"":""0.6400"",""taker_side"":""yes"",""ticker"":""KXETH15M-26APR281015-15"",""trade_id"":""e780946e-7034-6181-47fb-0a82faffab99"",""yes_price_dollars"":""0.3600""}"
KXETH15M-26APR281015-15,25b2cb60-cee4-7165-8ef7-9030f221b729,1777385277,0.36,2.0,yes,"{""count_fp"":""2.00"",""created_time"":""2026-04-28T14:07:57.215698Z"",""no_price_dollars"":""0.6400"",""taker_side"":""yes"",""ticker"":""KXETH15M-26APR281015-15"",""trade_id"":""25b2cb60-cee4-7165-8ef7-9030f221b729"",""yes_price_dollars"":""0.3600""}"
KXETH15M-26APR281015-15,c19a942c-6c8c-6221-a740-666f934ca70d,1777385281,0.35,10.0,yes,"{""count_fp"":""10.00"",""created_time"":""2026-04-28T14:08:01.124548Z"",""no_price_dollars"":""0.6500"",""taker_side"":""yes"",""ticker"":""KXETH15M-26APR281015-15"",""trade_id"":""c19a942c-6c8c-6221-a740-666f934ca70d"",""yes_price_dollars"":""0.3500""}"
KXETH15M-26APR281015-15,4255af72-2bc9-5e4f-3294-82407fa930ab,1777385283,0.34,8.16,no,"{""count_fp"":""8.16"",""created_time"":""2026-04-28T14:08:03.797254Z"",""no_price_dollars"":""0.6600"",""taker_side"":""no"",""ticker"":""KXETH15M-26APR281015-15"",""trade_id"":""4255af72-2bc9-5e4f-3294-82407fa930ab"",""yes_price_dollars"":""0.3400""}"
KXETH15M-26APR281015-15,6bc94061-9ea1-59be-2d1b-cc7d43d701c8,1777385285,0.28,1.0,no,"{""count_fp"":""1.00"",""created_time"":""2026-04-28T14:08:05.643195Z"",""no_price_dollars"":""0.7200"",""taker_side"":""no"",""ticker"":""KXETH15M-26APR281015-15"",""trade_id"":""6bc94061-9ea1-59be-2d1b-cc7d43d701c8"",""yes_price_dollars"":""0.2800""}"
KXETH15M-26APR281015-15,c0979e4a-de25-42ea-ba52-42dd9aa4def8,1777385285,0.28,7.0,no,"{""count_fp"":""7.00"",""created_time"":""2026-04-28T14:08:05.224383Z"",""no_price_dollars"":""0.7200"",""taker_side"":""no"",""ticker"":""KXETH15M-26APR281015-15"",""trade_id"":""c0979e4a-de25-42ea-ba52-42dd9aa4def8"",""yes_price_dollars"":""0.2800""}"
KXETH15M-26APR281015-15,4c5979ed-cfc5-40e2-b7b1-af671e57215c,1777385285,0.28,1.0,no,"{""count_fp"":""1.00"",""created_time"":""2026-04-28T14:08:05.137624Z"",""no_price_dollars"":""0.7200"",""taker_side"":""no"",""ticker"":""KXETH15M-26APR281015-15"",""trade_id"":""4c5979ed-cfc5-40e2-b7b1-af671e57215c"",""yes_price_dollars"":""0.2800""}"
KXETH15M-26APR281015-15,641733e9-a5c1-780e-aedc-cba097a14c68,1777385285,0.28,1.0,no,"{""count_fp"":""1.00"",""created_time"":""2026-04-28T14:08:05.085254Z"",""no_price_dollars"":""0.7200"",""taker_side"":""no"",""ticker"":""KXETH15M-26APR281015-15"",""trade_id"":""641733e9-a5c1-780e-aedc-cba097a14c68"",""yes_price_dollars"":""0.2800""}"
KXETH15M-26APR281015-15,89455575-1950-67ed-b546-906ca1bac875,1777385286,0.31,100.0,yes,"{""count_fp"":""100.00"",""created_time"":""2026-04-28T14:08:06.131324Z"",""no_price_dollars"":""0.6900"",""taker_side"":""yes"",""ticker"":""KXETH15M-26APR281015-15"",""trade_id"":""89455575-1950-67ed-b546-906ca1bac875"",""yes_price_dollars"":""0.3100""}"
KXETH15M-26APR281015-15,7b303a78-ab79-74fe-869e-95005533bc0c,1777385289,0.28,2.0,no,"{""count_fp"":""2.00"",""created_time"":""2026-04-28T14:08:09.234914Z"",""no_price_dollars"":""0.7200"",""taker_side"":""no"",""ticker"":""KXETH15M-26APR281015-15"",""trade_id"":""7b303a78-ab79-74fe-869e-95005533bc0c"",""yes_price_dollars"":""0.2800""}"
KXETH15M-26APR281015-15,f82bd168-d9e7-5708-e4bf-b1828590553c,1777385291,0.29,39.0,yes,"{""count_fp"":""39.00"",""created_time"":""2026-04-28T14:08:11.989348Z"",""no_price_dollars"":""0.7100"",""taker_side"":""yes"",""ticker"":""KXETH15M-26APR281015-15"",""trade_id"":""f82bd168-d9e7-5708-e4bf-b1828590553c"",""yes_price_dollars"":""0.2900""}"
KXETH15M-26APR281015-15,e9e69359-2dee-680f-10ae-789e2b1162ea,1777385292,0.26,10.0,no,"{""count_fp"":""10.00"",""created_time"":""2026-04-28T14:08:12.224238Z"",""no_price_dollars"":""0.7400"",""taker_side"":""no"",""ticker"":""KXETH15M-26APR281015-15"",""trade_id"":""e9e69359-2dee-680f-10ae-789e2b1162ea"",""yes_price_dollars"":""0.2600""}"
KXETH15M-26APR281015-15,841cf0cf-4c19-6e66-1c3a-b73126905e90,1777385292,0.28,12.0,no,"{""count_fp"":""12.00"",""created_time"":""2026-04-28T14:08:12.224238Z"",""no_price_dollars"":""0.7200"",""taker_side"":""no"",""ticker"":""KXETH15M-26APR281015-15"",""trade_id"":""841cf0cf-4c19-6e66-1c3a-b73126905e90"",""yes_price_dollars"":""0.2800""}"
KXETH15M-26APR281015-15,1d399ace-19dd-601b-288c-d981c41b805d,1777385292,0.26,17.0,no,"{""count_fp"":""17.00"",""created_time"":""2026-04-28T14:08:12.224238Z"",""no_price_dollars"":""0.7400"",""taker_side"":""no"",""ticker"":""KXETH15M-26APR281015-15"",""trade_id"":""1d399ace-19dd-601b-288c-d981c41b805d"",""yes_price_dollars"":""0.2600""}"
KXETH15M-26APR281015-15,41842c6d-6b7b-7c13-56ec-8833badb6efd,1777385293,0.25,10.0,no,"{""count_fp"":""10.00"",""created_time"":""2026-04-28T14:08:13.834483Z"",""no_price_dollars"":""0.7500"",""taker_side"":""no"",""ticker"":""KXETH15M-26APR281015-15"",""trade_id"":""41842c6d-6b7b-7c13-56ec-8833badb6efd"",""yes_price_dollars"":""0.2500""}"
KXETH15M-26APR281015-15,4029096f-eebe-4933-90f5-e8ebb491ad89,1777385293,0.26,10.0,no,"{""count_fp"":""10.00"",""created_time"":""2026-04-28T14:08:13.139983Z"",""no_price_dollars"":""0.7400"",""taker_side"":""no"",""ticker"":""KXETH15M-26APR281015-15"",""trade_id"":""4029096f-eebe-4933-90f5-e8ebb491ad89"",""yes_price_dollars"":""0.2600""}"
KXETH15M-26APR281015-15,305b7ce0-4b4b-4bc3-affc-7f8497ecea3d,1777385293,0.25,11.0,no,"{""count_fp"":""11.00"",""created_time"":""2026-04-28T14:08:13.139983Z"",""no_price_dollars"":""0.7500"",""taker_side"":""no"",""ticker"":""KXETH15M-26APR281015-15"",""trade_id"":""305b7ce0-4b4b-4bc3-affc-7f8497ecea3d"",""yes_price_dollars"":""0.2500""}"
KXETH15M-26APR281015-15,0cdaadf6-76f3-75eb-a266-43624fdb8a75,1777385293,0.25,12.0,no,"{""count_fp"":""12.00"",""created_time"":""2026-04-28T14:08:13.108348Z"",""no_price_dollars"":""0.7500"",""taker_side"":""no"",""ticker"":""KXETH15M-26APR281015-15"",""trade_id"":""0cdaadf6-76f3-75eb-a266-43624fdb8a75"",""yes_price_dollars"":""0.2500""}"
KXETH15M-26APR281015-15,09128c3c-620d-6597-f577-fd5678227846,1777385297,0.29,3.28,yes,"{""count_fp"":""3.28"",""created_time"":""2026-04-28T14:08:17.804188Z"",""no_price_dollars"":""0.7100"",""taker_side"":""yes"",""ticker"":""KXETH15M-26APR281015-15"",""trade_id"":""09128c3c-620d-6597-f577-fd5678227846"",""yes_price_dollars"":""0.2900""}"
KXETH15M-26APR281015-15,c1468861-848b-46af-4a9c-e72dc94806cd,1777385303,0.28,1.0,no,"{""count_fp"":""1.00"",""created_time"":""2026-04-28T14:08:23.606582Z"",""no_price_dollars"":""0.7200"",""taker_side"":""no"",""ticker"":""KXETH15M-26APR281015-15"",""trade_id"":""c1468861-848b-46af-4a9c-e72dc94806cd"",""yes_price_dollars"":""0.2800""}"
KXETH15M-26APR281015-15,32657f6c-741b-55e4-7452-56fcdf9809e8,1777385310,0.29,30.0,yes,"{""count_fp"":""30.00"",""created_time"":""2026-04-28T14:08:30.555977Z"",""no_price_dollars"":""0.7100"",""taker_side"":""yes"",""ticker"":""KXETH15M-26APR281015-15"",""trade_id"":""32657f6c-741b-55e4-7452-56fcdf9809e8"",""yes_price_dollars"":""0.2900""}"
KXETH15M-26APR281015-15,f55feacb-071b-7e50-e6a7-8f8dac1b8066,1777385312,0.28,2.72,no,"{""count_fp"":""2.72"",""created_time"":""2026-04-28T14:08:32.372516Z"",""no_price_dollars"":""0.7200"",""taker_side"":""no"",""ticker"":""KXETH15M-26APR281015-15"",""trade_id"":""f55feacb-071b-7e50-e6a7-8f8dac1b8066"",""yes_price_dollars"":""0.2800""}"
KXETH15M-26APR281015-15,69a9939c-f4b7-56f7-4267-32bcb2cc2f01,1777385322,0.24,25.62,no,"{""count_fp"":""25.62"",""created_time"":""2026-04-28T14:08:42.969937Z"",""no_price_dollars"":""0.7600"",""taker_side"":""no"",""ticker"":""KXETH15M-26APR281015-15"",""trade_id"":""69a9939c-f4b7-56f7-4267-32bcb2cc2f01"",""yes_price_dollars"":""0.2400""}"
KXETH15M-26APR281015-15,9537fcdd-0380-7607-4e56-a697023c1f84,1777385322,0.26,1.0,no,"{""count_fp"":""1.00"",""created_time"":""2026-04-28T14:08:42.542232Z"",""no_price_dollars"":""0.7400"",""taker_side"":""no"",""ticker"":""KXETH15M-26APR281015-15"",""trade_id"":""9537fcdd-0380-7607-4e56-a697023c1f84"",""yes_price_dollars"":""0.2600""}"
KXETH15M-26APR281015-15,0b65103a-bb1a-793f-d506-d2c510468136,1777385325,0.25,1.0,no,"{""count_fp"":""1.00"",""created_time"":""2026-04-28T14:08:45.888941Z"",""no_price_dollars"":""0.7500"",""taker_side"":""no"",""ticker"":""KXETH15M-26APR281015-15"",""trade_id"":""0b65103a-bb1a-793f-d506-d2c510468136"",""yes_price_dollars"":""0.2500""}"
KXETH15M-26APR281015-15,75145da1-ec7f-6abb-2055-567adb86851d,1777385326,0.22,10.0,no,"{""count_fp"":""10.00"",""created_time"":""2026-04-28T14:08:46.845957Z"",""no_price_dollars"":""0.7800"",""taker_side"":""no"",""ticker"":""KXETH15M-26APR281015-15"",""trade_id"":""75145da1-ec7f-6abb-2055-567adb86851d"",""yes_price_dollars"":""0.2200""}"
KXETH15M-26APR281015-15,f4ad9dfe-118a-65ca-5c56-814f00a732cb,1777385327,0.22,10.0,yes,"{""count_fp"":""10.00"",""created_time"":""2026-04-28T14:08:47.983002Z"",""no_price_dollars"":""0.7800"",""taker_side"":""yes"",""ticker"":""KXETH15M-26APR281015-15"",""trade_id"":""f4ad9dfe-118a-65ca-5c56-814f00a732cb"",""yes_price_dollars"":""0.2200""}"
KXETH15M-26APR281015-15,fa1b8ce7-725b-417f-0e89-57c50f69a255,1777385327,0.21,1.0,no,"{""count_fp"":""1.00"",""created_time"":""2026-04-28T14:08:47.876376Z"",""no_price_dollars"":""0.7900"",""taker_side"":""no"",""ticker"":""KXETH15M-26APR281015-15"",""trade_id"":""fa1b8ce7-725b-417f-0e89-57c50f69a255"",""yes_price_dollars"":""0.2100""}"
KXETH15M-26APR281015-15,29e88226-93db-4610-b948-8d317a51b50c,1777385327,0.23,21.0,yes,"{""count_fp"":""21.00"",""created_time"":""2026-04-28T14:08:47.079688Z"",""no_price_dollars"":""0.7700"",""taker_side"":""yes"",""ticker"":""KXETH15M-26APR281015-15"",""trade_id"":""29e88226-93db-4610-b948-8d317a51b50c"",""yes_price_dollars"":""0.2300""}"
KXETH15M-26APR281015-15,8d9b097d-b8d9-544f-6786-e403bbfe6072,1777385328,0.2,1.0,no,"{""count_fp"":""1.00"",""created_time"":""2026-04-28T14:08:48.649307Z"",""no_price_dollars"":""0.8000"",""taker_side"":""no"",""ticker"":""KXETH15M-26APR281015-15"",""trade_id"":""8d9b097d-b8d9-544f-6786-e403bbfe6072"",""yes_price_dollars"":""0.2000""}"
KXETH15M-26APR281015-15,16671b08-a86f-542d-4e5a-c07630dbf5aa,1777385328,0.2,7.34,no,"{""count_fp"":""7.34"",""created_time"":""2026-04-28T14:08:48.649307Z"",""no_price_dollars"":""0.8000"",""taker_side"":""no"",""ticker"":""KXETH15M-26APR281015-15"",""trade_id"":""16671b08-a86f-542d-4e5a-c07630dbf5aa"",""yes_price_dollars"":""0.2000""}"
KXETH15M-26APR281015-15,3af1b198-2aeb-7e9b-38e4-e419cf6f1add,1777385329,0.19,1.0,no,"{""count_fp"":""1.00"",""created_time"":""2026-04-28T14:08:49.381083Z"",""no_price_dollars"":""0.8100"",""taker_side"":""no"",""ticker"":""KXETH15M-26APR281015-15"",""trade_id"":""3af1b198-2aeb-7e9b-38e4-e419cf6f1add"",""yes_price_dollars"":""0.1900""}"
KXETH15M-26APR281015-15,426c3b4c-3bdb-4fc5-ed39-a2c67bf56a84,1777385330,0.21,1.0,no,"{""count_fp"":""1.00"",""created_time"":""2026-04-28T14:08:50.304423Z"",""no_price_dollars"":""0.7900"",""taker_side"":""no"",""ticker"":""KXETH15M-26APR281015-15"",""trade_id"":""426c3b4c-3bdb-4fc5-ed39-a2c67bf56a84"",""yes_price_dollars"":""0.2100""}"
KXETH15M-26APR281015-15,a0c3415a-8e2b-4643-450e-7b120f9c90c1,1777385332,0.2,1.0,no,"{""count_fp"":""1.00"",""created_time"":""2026-04-28T14:08:52.912342Z"",""no_price_dollars"":""0.8000"",""taker_side"":""no"",""ticker"":""KXETH15M-26APR281015-15"",""trade_id"":""a0c3415a-8e2b-4643-450e-7b120f9c90c1"",""yes_price_dollars"":""0.2000""}"
KXETH15M-26APR281015-15,8c335d9b-9d0f-4fa7-21d0-427449f8d7fd,1777385332,0.2,1.0,no,"{""count_fp"":""1.00"",""created_time"":""2026-04-28T14:08:52.905094Z"",""no_price_dollars"":""0.8000"",""taker_side"":""no"",""ticker"":""KXETH15M-26APR281015-15"",""trade_id"":""8c335d9b-9d0f-4fa7-21d0-427449f8d7fd"",""yes_price_dollars"":""0.2000""}"
KXETH15M-26APR281015-15,a4744eda-5aa7-5587-5f35-043b96e8c829,1777385333,0.22,1.0,no,"{""count_fp"":""1.00"",""created_time"":""2026-04-28T14:08:53.904511Z"",""no_price_dollars"":""0.7800"",""taker_side"":""no"",""ticker"":""KXETH15M-26APR281015-15"",""trade_id"":""a4744eda-5aa7-5587-5f35-043b96e8c829"",""yes_price_dollars"":""0.2200""}"
KXETH15M-26APR281015-15,e2e16272-d964-5d40-a1c0-9d560caf028a,1777385333,0.22,100.0,yes,"{""count_fp"":""100.00"",""created_time"":""2026-04-28T14:08:53.355984Z"",""no_price_dollars"":""0.7800"",""taker_side"":""yes"",""ticker"":""KXETH15M-26APR281015-15"",""trade_id"":""e2e16272-d964-5d40-a1c0-9d560caf028a"",""yes_price_dollars"":""0.2200""}"
KXETH15M-26APR281015-15,cc4a7edc-068f-511b-237e-4deeeb259ad1,1777385333,0.2,12.22,no,"{""count_fp"":""12.22"",""created_time"":""2026-04-28T14:08:53.085586Z"",""no_price_dollars"":""0.8000"",""taker_side"":""no"",""ticker"":""KXETH15M-26APR281015-15"",""trade_id"":""cc4a7edc-068f-511b-237e-4deeeb259ad1"",""yes_price_dollars"":""0.2000""}"
KXETH15M-26APR281015-15,64f2ba99-765f-689b-2e23-66f03bd7aff5,1777385336,0.22,1.0,no,"{""count_fp"":""1.00"",""created_time"":""2026-04-28T14:08:56.717947Z"",""no_price_dollars"":""0.7800"",""taker_side"":""no"",""ticker"":""KXETH15M-26APR281015-15"",""trade_id"":""64f2ba99-765f-689b-2e23-66f03bd7aff5"",""yes_price_dollars"":""0.2200""}"
KXETH15M-26APR281015-15,9154e41d-7d93-6783-05ab-9bbee71d92a5,1777385338,0.22,1.0,no,"{""count_fp"":""1.00"",""created_time"":""2026-04-28T14:08:58.728638Z"",""no_price_dollars"":""0.7800"",""taker_side"":""no"",""ticker"":""KXETH15M-26APR281015-15"",""trade_id"":""9154e41d-7d93-6783-05ab-9bbee71d92a5"",""yes_price_dollars"":""0.2200""}"
KXETH15M-26APR281015-15,06a9bd3a-d963-6f37-2c49-e0c477b6c3dd,1777385339,0.22,1.0,no,"{""count_fp"":""1.00"",""created_time"":""2026-04-28T14:08:59.114171Z"",""no_price_dollars"":""0.7800"",""taker_side"":""no"",""ticker"":""KXETH15M-26APR281015-15"",""trade_id"":""06a9bd3a-d963-6f37-2c49-e0c477b6c3dd"",""yes_price_dollars"":""0.2200""}"
KXETH15M-26APR281015-15,83cf8afa-c6af-5e97-1cb1-1af5200f0791,1777385340,0.22,1.0,no,"{""count_fp"":""1.00"",""created_time"":""2026-04-28T14:09:00.893308Z"",""no_price_dollars"":""0.7800"",""taker_side"":""no"",""ticker"":""KXETH15M-26APR281015-15"",""trade_id"":""83cf8afa-c6af-5e97-1cb1-1af5200f0791"",""yes_price_dollars"":""0.2200""}"
KXETH15M-26APR281015-15,e4b71245-960b-5d43-5d50-2b0e6993dee9,1777385340,0.22,1.0,no,"{""count_fp"":""1.00"",""created_time"":""2026-04-28T14:09:00.805674Z"",""no_price_dollars"":""0.7800"",""taker_side"":""no"",""ticker"":""KXETH15M-26APR281015-15"",""trade_id"":""e4b71245-960b-5d43-5d50-2b0e6993dee9"",""yes_price_dollars"":""0.2200""}"
KXETH15M-26APR281015-15,cf48e3ff-c34b-6263-c03f-0bedd75d9d25,1777385345,0.2,11.39,no,"{""count_fp"":""11.39"",""created_time"":""2026-04-28T14:09:05.655809Z"",""no_price_dollars"":""0.8000"",""taker_side"":""no"",""ticker"":""KXETH15M-26APR281015-15"",""trade_id"":""cf48e3ff-c34b-6263-c03f-0bedd75d9d25"",""yes_price_dollars"":""0.2000""}"
KXETH15M-26APR281015-15,1a30ee21-8dce-6e62-d753-792f591f98ea,1777385345,0.2,10.0,no,"{""count_fp"":""10.00"",""created_time"":""2026-04-28T14:09:05.655809Z"",""no_price_dollars"":""0.8000"",""taker_side"":""no"",""ticker"":""KXETH15M-26APR281015-15"",""trade_id"":""1a30ee21-8dce-6e62-d753-792f591f98ea"",""yes_price_dollars"":""0.2000""}"
KXETH15M-26APR281015-15,db307027-0c32-738f-b3de-8da3bc537892,1777385347,0.22,100.0,yes,"{""count_fp"":""100.00"",""created_time"":""2026-04-28T14:09:07.542958Z"",""no_price_dollars"":""0.7800"",""taker_side"":""yes"",""ticker"":""KXETH15M-26APR281015-15"",""trade_id"":""db307027-0c32-738f-b3de-8da3bc537892"",""yes_price_dollars"":""0.2200""}"
KXETH15M-26APR281015-15,a4b4ba2d-edd3-42fb-9ca9-afa7fde4345d,1777385350,0.19,1.0,no,"{""count_fp"":""1.00"",""created_time"":""2026-04-28T14:09:10.300324Z"",""no_price_dollars"":""0.8100"",""taker_side"":""no"",""ticker"":""KXETH15M-26APR281015-15"",""trade_id"":""a4b4ba2d-edd3-42fb-9ca9-afa7fde4345d"",""yes_price_dollars"":""0.1900""}"
KXETH15M-26APR281015-15,d8179453-c763-7c73-c052-641a3b9df1b1,1777385351,0.19,1.0,no,"{""count_fp"":""1.00"",""created_time"":""2026-04-28T14:09:11.451274Z"",""no_price_dollars"":""0.8100"",""taker_side"":""no"",""ticker"":""KXETH15M-26APR281015-15"",""trade_id"":""d8179453-c763-7c73-c052-641a3b9df1b1"",""yes_price_dollars"":""0.1900""}"
KXETH15M-26APR281015-15,6f5e7e22-b17e-69b2-459e-87e5f9f7650c,1777385353,0.22,10.0,yes,"{""count_fp"":""10.00"",""created_time"":""2026-04-28T14:09:13.953212Z"",""no_price_dollars"":""0.7800"",""taker_side"":""yes"",""ticker"":""KXETH15M-26APR281015-15"",""trade_id"":""6f5e7e22-b17e-69b2-459e-87e5f9f7650c"",""yes_price_dollars"":""0.2200""}"
KXETH15M-26APR281015-15,218e3f5e-0b67-6419-64bb-6de88c5ff4cf,1777385353,0.22,100.0,yes,"{""count_fp"":""100.00"",""created_time"":""2026-04-28T14:09:13.953212Z"",""no_price_dollars"":""0.7800"",""taker_side"":""yes"",""ticker"":""KXETH15M-26APR281015-15"",""trade_id"":""218e3f5e-0b67-6419-64bb-6de88c5ff4cf"",""yes_price_dollars"":""0.2200""}"
KXETH15M-26APR281015-15,e2266983-ac92-6862-8bbc-5ecdd4605fae,1777385354,0.22,2.46,no,"{""count_fp"":""2.46"",""created_time"":""2026-04-28T14:09:14.347327Z"",""no_price_dollars"":""0.7800"",""taker_side"":""no"",""ticker"":""KXETH15M-26APR281015-15"",""trade_id"":""e2266983-ac92-6862-8bbc-5ecdd4605fae"",""yes_price_dollars"":""0.2200""}"
KXETH15M-26APR281015-15,b1a8628e-11c0-4fd9-a029-b37eb6cddf54,1777385355,0.22,100.0,yes,"{""count_fp"":""100.00"",""created_time"":""2026-04-28T14:09:15.607996Z"",""no_price_dollars"":""0.7800"",""taker_side"":""yes"",""ticker"":""KXETH15M-26APR281015-15"",""trade_id"":""b1a8628e-11c0-4fd9-a029-b37eb6cddf54"",""yes_price_dollars"":""0.2200""}"
KXETH15M-26APR281015-15,e3a06623-fbea-60a2-a3c3-1fd2a81e9122,1777385362,0.19,1.0,no,"{""count_fp"":""1.00"",""created_time"":""2026-04-28T14:09:22.889066Z"",""no_price_dollars"":""0.8100"",""taker_side"":""no"",""ticker"":""KXETH15M-26APR281015-15"",""trade_id"":""e3a06623-fbea-60a2-a3c3-1fd2a81e9122"",""yes_price_dollars"":""0.1900""}"
KXETH15M-26APR281015-15,41eec50f-ef33-6e3a-bf39-9e2807c4043f,1777385363,0.21,100.0,yes,"{""count_fp"":""100.00"",""created_time"":""2026-04-28T14:09:23.655078Z"",""no_price_dollars"":""0.7900"",""taker_side"":""yes"",""ticker"":""KXETH15M-26APR281015-15"",""trade_id"":""41eec50f-ef33-6e3a-bf39-9e2807c4043f"",""yes_price_dollars"":""0.2100""}"
KXETH15M-26APR281015-15,feaadb0a-37b3-5265-500d-b1386cada3ff,1777385371,0.16,1.0,no,"{""count_fp"":""1.00"",""created_time"":""2026-04-28T14:09:31.634374Z"",""no_price_dollars"":""0.8400"",""taker_side"":""no"",""ticker"":""KXETH15M-26APR281015-15"",""trade_id"":""feaadb0a-37b3-5265-500d-b1386cada3ff"",""yes_price_dollars"":""0.1600""}"
KXETH15M-26APR281015-15,d876ca9f-0b05-5ab1-22fb-2486bb4c404c,1777385373,0.14,100.0,yes,"{""count_fp"":""100.00"",""created_time"":""2026-04-28T14:09:33.640602Z"",""no_price_dollars"":""0.8600"",""taker_side"":""yes"",""ticker"":""KXETH15M-26APR281015-15"",""trade_id"":""d876ca9f-0b05-5ab1-22fb-2486bb4c404c"",""yes_price_dollars"":""0.1400""}"
KXETH15M-26APR281015-15,00a49213-7016-7aad-7459-4a70c11804e7,1777385375,0.16,20.0,yes,"{""count_fp"":""20.00"",""created_time"":""2026-04-28T14:09:35.669309Z"",""no_price_dollars"":""0.8400"",""taker_side"":""yes"",""ticker"":""KXETH15M-26APR281015-15"",""trade_id"":""00a49213-7016-7aad-7459-4a70c11804e7"",""yes_price_dollars"":""0.1600""}"
KXETH15M-26APR281015-15,bbab9726-fb51-59a6-7ba5-a1bbbd9a5286,1777385378,0.17,100.0,yes,"{""count_fp"":""100.00"",""created_time"":""2026-04-28T14:09:38.257708Z"",""no_price_dollars"":""0.8300"",""taker_side"":""yes"",""ticker"":""KXETH15M-26APR281015-15"",""trade_id"":""bbab9726-fb51-59a6-7ba5-a1bbbd9a5286"",""yes_price_dollars"":""0.1700""}"
KXETH15M-26APR281015-15,c0bba419-4a2a-77d2-4623-6097338e6e8a,1777385379,0.16,88.88,no,"{""count_fp"":""88.88"",""created_time"":""2026-04-28T14:09:39.519769Z"",""no_price_dollars"":""0.8400"",""taker_side"":""no"",""ticker"":""KXETH15M-26APR281015-15"",""trade_id"":""c0bba419-4a2a-77d2-4623-6097338e6e8a"",""yes_price_dollars"":""0.1600""}"
KXETH15M-26APR281015-15,f6a31553-1252-69de-deb9-eb9f347ccfa2,1777385382,0.17,2.5,no,"{""count_fp"":""2.50"",""created_time"":""2026-04-28T14:09:42.817112Z"",""no_price_dollars"":""0.8300"",""taker_side"":""no"",""ticker"":""KXETH15M-26APR281015-15"",""trade_id"":""f6a31553-1252-69de-deb9-eb9f347ccfa2"",""yes_price_dollars"":""0.1700""}"
KXETH15M-26APR281015-15,a4d8d36d-b77a-4a2e-7540-bf4eb66cd28e,1777385384,0.17,3.28,no,"{""count_fp"":""3.28"",""created_time"":""2026-04-28T14:09:44.080918Z"",""no_price_dollars"":""0.8300"",""taker_side"":""no"",""ticker"":""KXETH15M-26APR281015-15"",""trade_id"":""a4d8d36d-b77a-4a2e-7540-bf4eb66cd28e"",""yes_price_dollars"":""0.1700""}"
KXETH15M-26APR281015-15,dc7ae7f5-c264-50ed-941f-185354a7e138,1777385387,0.15,2.0,yes,"{""count_fp"":""2.00"",""created_time"":""2026-04-28T14:09:47.968049Z"",""no_price_dollars"":""0.8500"",""taker_side"":""yes"",""ticker"":""KXETH15M-26APR281015-15"",""trade_id"":""dc7ae7f5-c264-50ed-941f-185354a7e138"",""yes_price_dollars"":""0.1500""}"
KXETH15M-26APR281015-15,af6ac089-ee14-74bd-502b-f6cabcaaf760,1777385394,0.12,16.84,yes,"{""count_fp"":""16.84"",""created_time"":""2026-04-28T14:09:54.031776Z"",""no_price_dollars"":""0.8800"",""taker_side"":""yes"",""ticker"":""KXETH15M-26APR281015-15"",""trade_id"":""af6ac089-ee14-74bd-502b-f6cabcaaf760"",""yes_price_dollars"":""0.1200""}"
KXETH15M-26APR281015-15,da017967-8def-7c6b-e6e2-8b1f8c44f45a,1777385395,0.1,3.0,no,"{""count_fp"":""3.00"",""created_time"":""2026-04-28T14:09:55.965739Z"",""no_price_dollars"":""0.9000"",""taker_side"":""no"",""ticker"":""KXETH15M-26APR281015-15"",""trade_id"":""da017967-8def-7c6b-e6e2-8b1f8c44f45a"",""yes_price_dollars"":""0.1000""}"
KXETH15M-26APR281015-15,bb7dd129-3c4e-755c-ece9-95c6e0946143,1777385395,0.1,17.0,no,"{""count_fp"":""17.00"",""created_time"":""2026-04-28T14:09:55.965739Z"",""no_price_dollars"":""0.9000"",""taker_side"":""no"",""ticker"":""KXETH15M-26APR281015-15"",""trade_id"":""bb7dd129-3c4e-755c-ece9-95c6e0946143"",""yes_price_dollars"":""0.1000""}"
KXETH15M-26APR281015-15,b2540111-ccd4-7b17-ebce-469e67a52bb8,1777385395,0.1,1.0,no,"{""count_fp"":""1.00"",""created_time"":""2026-04-28T14:09:55.965739Z"",""no_price_dollars"":""0.9000"",""taker_side"":""no"",""ticker"":""KXETH15M-26APR281015-15"",""trade_id"":""b2540111-ccd4-7b17-ebce-469e67a52bb8"",""yes_price_dollars"":""0.1000""}"
KXETH15M-26APR281015-15,5637c251-ce04-7a3f-f257-c5026fa767ed,1777385395,0.1,1.0,no,"{""count_fp"":""1.00"",""created_time"":""2026-04-28T14:09:55.965739Z"",""no_price_dollars"":""0.9000"",""taker_side"":""no"",""ticker"":""KXETH15M-26APR281015-15"",""trade_id"":""5637c251-ce04-7a3f-f257-c5026fa767ed"",""yes_price_dollars"":""0.1000""}"
KXETH15M-26APR281015-15,ac163b57-bcf5-67ac-ea20-4f67f62c240d,1777385395,0.11,1.0,no,"{""count_fp"":""1.00"",""created_time"":""2026-04-28T14:09:55.817776Z"",""no_price_dollars"":""0.8900"",""taker_side"":""no"",""ticker"":""KXETH15M-26APR281015-15"",""trade_id"":""ac163b57-bcf5-67ac-ea20-4f67f62c240d"",""yes_price_dollars"":""0.1100""}"
KXETH15M-26APR281015-15,a50e2475-6ce1-6ea6-fb42-b17324d11823,1777385395,0.11,4.0,no,"{""count_fp"":""4.00"",""created_time"":""2026-04-28T14:09:55.817776Z"",""no_price_dollars"":""0.8900"",""taker_side"":""no"",""ticker"":""KXETH15M-26APR281015-15"",""trade_id"":""a50e2475-6ce1-6ea6-fb42-b17324d11823"",""yes_price_dollars"":""0.1100""}"
KXETH15M-26APR281015-15,24e7fdea-b3c6-6a1a-cb79-673b5feb64d6,1777385400,0.12,27.87,no,"{""count_fp"":""27.87"",""created_time"":""2026-04-28T14:10:00.162714Z"",""no_price_dollars"":""0.8800"",""taker_side"":""no"",""ticker"":""KXETH15M-26APR281015-15"",""trade_id"":""24e7fdea-b3c6-6a1a-cb79-673b5feb64d6"",""yes_price_dollars"":""0.1200""}"
KXETH15M-26APR281015-15,dd08692b-2a86-7446-9b67-534e86ccddba,1777385402,0.12,3.0,no,"{""count_fp"":""3.00"",""created_time"":""2026-04-28T14:10:02.729224Z"",""no_price_dollars"":""0.8800"",""taker_side"":""no"",""ticker"":""KXETH15M-26APR281015-15"",""trade_id"":""dd08692b-2a86-7446-9b67-534e86ccddba"",""yes_price_dollars"":""0.1200""}"
KXETH15M-26APR281015-15,91cf03c4-15ca-575e-186f-01033ab80cc5,1777385402,0.14,1.0,yes,"{""count_fp"":""1.00"",""created_time"":""2026-04-28T14:10:02.491028Z"",""no_price_dollars"":""0.8600"",""taker_side"":""yes"",""ticker"":""KXETH15M-26APR281015-15"",""trade_id"":""91cf03c4-15ca-575e-186f-01033ab80cc5"",""yes_price_dollars"":""0.1400""}"
KXETH15M-26APR281015-15,43c423cf-602e-5db6-b242-5dd34978b1ce,1777385402,0.12,2.0,no,"{""count_fp"":""2.00"",""created_time"":""2026-04-28T14:10:02.185631Z"",""no_price_dollars"":""0.8800"",""taker_side"":""no"",""ticker"":""KXETH15M-26APR281015-15"",""trade_id"":""43c423cf-602e-5db6-b242-5dd34978b1ce"",""yes_price_dollars"":""0.1200""}"
KXETH15M-26APR281015-15,c6a7b235-c22a-54d2-cbe7-02de2d6a8076,1777385404,0.12,3.28,no,"{""count_fp"":""3.28"",""created_time"":""2026-04-28T14:10:04.810511Z"",""no_price_dollars"":""0.8800"",""taker_side"":""no"",""ticker"":""KXETH15M-26APR281015-15"",""trade_id"":""c6a7b235-c22a-54d2-cbe7-02de2d6a8076"",""yes_price_dollars"":""0.1200""}"
KXETH15M-26APR281015-15,6dddaa7d-ac1a-649c-b3a6-c664bac16df7,1777385406,0.1,83.0,no,"{""count_fp"":""83.00"",""created_time"":""2026-04-28T14:10:06.199373Z"",""no_price_dollars"":""0.9000"",""taker_side"":""no"",""ticker"":""KXETH15M-26APR281015-15"",""trade_id"":""6dddaa7d-ac1a-649c-b3a6-c664bac16df7"",""yes_price_dollars"":""0.1000""}"
KXETH15M-26APR281015-15,e27cf720-528a-5cda-9aea-940f7eb93c8a,1777385407,0.07,29.0,no,"{""count_fp"":""29.00"",""created_time"":""2026-04-28T14:10:07.922666Z"",""no_price_dollars"":""0.9300"",""taker_side"":""no"",""ticker"":""KXETH15M-26APR281015-15"",""trade_id"":""e27cf720-528a-5cda-9aea-940f7eb93c8a"",""yes_price_dollars"":""0.0700""}"
KXETH15M-26APR281015-15,dedbc309-1d28-52fe-8328-ede150b1b2fb,1777385407,0.071,10.0,no,"{""count_fp"":""10.00"",""created_time"":""2026-04-28T14:10:07.922666Z"",""no_price_dollars"":""0.9290"",""taker_side"":""no"",""ticker"":""KXETH15M-26APR281015-15"",""trade_id"":""dedbc309-1d28-52fe-8328-ede150b1b2fb"",""yes_price_dollars"":""0.0710""}"
KXETH15M-26APR281015-15,d948ff22-7a68-5e17-ab95-ce25a12e9eef,1777385407,0.07,1.0,no,"{""count_fp"":""1.00"",""created_time"":""2026-04-28T14:10:07.922666Z"",""no_price_dollars"":""0.9300"",""taker_side"":""no"",""ticker"":""KXETH15M-26APR281015-15"",""trade_id"":""d948ff22-7a68-5e17-ab95-ce25a12e9eef"",""yes_price_dollars"":""0.0700""}"
KXETH15M-26APR281015-15,d5ea0839-e56f-549b-a548-be0bdcd7c969,1777385407,0.08,1.0,no,"{""count_fp"":""1.00"",""created_time"":""2026-04-28T14:10:07.922666Z"",""no_price_dollars"":""0.9200"",""taker_side"":""no"",""ticker"":""KXETH15M-26APR281015-15"",""trade_id"":""d5ea0839-e56f-549b-a548-be0bdcd7c969"",""yes_price_dollars"":""0.0800""}"
