ticker,trade_id,ts,yes_price,count,taker_side,raw_json
KXETH15M-26APR281530-30,7b43ab1f-277e-7f34-b356-6179d09f1019,1777403717,0.4,22.0,no,"{""count_fp"":""22.00"",""created_time"":""2026-04-28T19:15:17.612125Z"",""no_price_dollars"":""0.6000"",""taker_side"":""no"",""ticker"":""KXETH15M-26APR281530-30"",""trade_id"":""7b43ab1f-277e-7f34-b356-6179d09f1019"",""yes_price_dollars"":""0.4000""}"
KXETH15M-26APR281530-30,b36e7bd6-0c5a-6aed-3579-418158443e75,1777403726,0.37,5.0,no,"{""count_fp"":""5.00"",""created_time"":""2026-04-28T19:15:26.913401Z"",""no_price_dollars"":""0.6300"",""taker_side"":""no"",""ticker"":""KXETH15M-26APR281530-30"",""trade_id"":""b36e7bd6-0c5a-6aed-3579-418158443e75"",""yes_price_dollars"":""0.3700""}"
KXETH15M-26APR281530-30,9d920b39-731e-711c-6a6c-003aea744db9,1777403735,0.38,1.57,no,"{""count_fp"":""1.57"",""created_time"":""2026-04-28T19:15:35.761252Z"",""no_price_dollars"":""0.6200"",""taker_side"":""no"",""ticker"":""KXETH15M-26APR281530-30"",""trade_id"":""9d920b39-731e-711c-6a6c-003aea744db9"",""yes_price_dollars"":""0.3800""}"
KXETH15M-26APR281530-30,997de6ad-c192-4cd0-e2e4-ab3b170f3459,1777403737,0.39,1.0,no,"{""count_fp"":""1.00"",""created_time"":""2026-04-28T19:15:37.942308Z"",""no_price_dollars"":""0.6100"",""taker_side"":""no"",""ticker"":""KXETH15M-26APR281530-30"",""trade_id"":""997de6ad-c192-4cd0-e2e4-ab3b170f3459"",""yes_price_dollars"":""0.3900""}"
KXETH15M-26APR281530-30,5ed0cbcb-6c1e-4b98-ceee-927ff09d3c11,1777403737,0.38,28.81,no,"{""count_fp"":""28.81"",""created_time"":""2026-04-28T19:15:37.942308Z"",""no_price_dollars"":""0.6200"",""taker_side"":""no"",""ticker"":""KXETH15M-26APR281530-30"",""trade_id"":""5ed0cbcb-6c1e-4b98-ceee-927ff09d3c11"",""yes_price_dollars"":""0.3800""}"
KXETH15M-26APR281530-30,15118bcc-919d-4249-d41b-45e3c1b0f4b1,1777403737,0.39,9.46,no,"{""count_fp"":""9.46"",""created_time"":""2026-04-28T19:15:37.942308Z"",""no_price_dollars"":""0.6100"",""taker_side"":""no"",""ticker"":""KXETH15M-26APR281530-30"",""trade_id"":""15118bcc-919d-4249-d41b-45e3c1b0f4b1"",""yes_price_dollars"":""0.3900""}"
KXETH15M-26APR281530-30,e017f9bd-47a1-7357-e409-f01a03f17696,1777403743,0.37,12.94,yes,"{""count_fp"":""12.94"",""created_time"":""2026-04-28T19:15:43.577652Z"",""no_price_dollars"":""0.6300"",""taker_side"":""yes"",""ticker"":""KXETH15M-26APR281530-30"",""trade_id"":""e017f9bd-47a1-7357-e409-f01a03f17696"",""yes_price_dollars"":""0.3700""}"
KXETH15M-26APR281530-30,2946fa4f-b5bd-479d-31d0-447d2eb1a5d4,1777403744,0.37,1.5,no,"{""count_fp"":""1.50"",""created_time"":""2026-04-28T19:15:44.811296Z"",""no_price_dollars"":""0.6300"",""taker_side"":""no"",""ticker"":""KXETH15M-26APR281530-30"",""trade_id"":""2946fa4f-b5bd-479d-31d0-447d2eb1a5d4"",""yes_price_dollars"":""0.3700""}"
KXETH15M-26APR281530-30,710348f0-26e1-4853-5a95-e0a002a7a0ea,1777403744,0.37,87.06,yes,"{""count_fp"":""87.06"",""created_time"":""2026-04-28T19:15:44.118951Z"",""no_price_dollars"":""0.6300"",""taker_side"":""yes"",""ticker"":""KXETH15M-26APR281530-30"",""trade_id"":""710348f0-26e1-4853-5a95-e0a002a7a0ea"",""yes_price_dollars"":""0.3700""}"
KXETH15M-26APR281530-30,b2eeae91-273e-77ec-6bd4-f024fb26c7d5,1777403756,0.35,3.9,no,"{""count_fp"":""3.90"",""created_time"":""2026-04-28T19:15:56.840542Z"",""no_price_dollars"":""0.6500"",""taker_side"":""no"",""ticker"":""KXETH15M-26APR281530-30"",""trade_id"":""b2eeae91-273e-77ec-6bd4-f024fb26c7d5"",""yes_price_dollars"":""0.3500""}"
KXETH15M-26APR281530-30,20fb19b4-c189-7891-4f78-686c8129c3f0,1777403756,0.37,11.44,no,"{""count_fp"":""11.44"",""created_time"":""2026-04-28T19:15:56.840542Z"",""no_price_dollars"":""0.6300"",""taker_side"":""no"",""ticker"":""KXETH15M-26APR281530-30"",""trade_id"":""20fb19b4-c189-7891-4f78-686c8129c3f0"",""yes_price_dollars"":""0.3700""}"
KXETH15M-26APR281530-30,b5c01948-f184-5223-8820-1d07451518b5,1777403756,0.38,7.56,yes,"{""count_fp"":""7.56"",""created_time"":""2026-04-28T19:15:56.297849Z"",""no_price_dollars"":""0.6200"",""taker_side"":""yes"",""ticker"":""KXETH15M-26APR281530-30"",""trade_id"":""b5c01948-f184-5223-8820-1d07451518b5"",""yes_price_dollars"":""0.3800""}"
KXETH15M-26APR281530-30,69261c31-0e6a-5614-fc76-68171fd45561,1777403758,0.35,15.01,no,"{""count_fp"":""15.01"",""created_time"":""2026-04-28T19:15:58.867417Z"",""no_price_dollars"":""0.6500"",""taker_side"":""no"",""ticker"":""KXETH15M-26APR281530-30"",""trade_id"":""69261c31-0e6a-5614-fc76-68171fd45561"",""yes_price_dollars"":""0.3500""}"
KXETH15M-26APR281530-30,a7cac9f9-07ee-7d1c-8185-7278e83f29f1,1777403763,0.35,45.05,no,"{""count_fp"":""45.05"",""created_time"":""2026-04-28T19:16:03.018358Z"",""no_price_dollars"":""0.6500"",""taker_side"":""no"",""ticker"":""KXETH15M-26APR281530-30"",""trade_id"":""a7cac9f9-07ee-7d1c-8185-7278e83f29f1"",""yes_price_dollars"":""0.3500""}"
KXETH15M-26APR281530-30,7da0915d-743a-4070-a1aa-36a57f959fb1,1777403764,0.35,7.0,no,"{""count_fp"":""7.00"",""created_time"":""2026-04-28T19:16:04.007959Z"",""no_price_dollars"":""0.6500"",""taker_side"":""no"",""ticker"":""KXETH15M-26APR281530-30"",""trade_id"":""7da0915d-743a-4070-a1aa-36a57f959fb1"",""yes_price_dollars"":""0.3500""}"
KXETH15M-26APR281530-30,f8ad7044-5d86-479c-abb2-cb7c55794269,1777403768,0.35,3.0,no,"{""count_fp"":""3.00"",""created_time"":""2026-04-28T19:16:08.445501Z"",""no_price_dollars"":""0.6500"",""taker_side"":""no"",""ticker"":""KXETH15M-26APR281530-30"",""trade_id"":""f8ad7044-5d86-479c-abb2-cb7c55794269"",""yes_price_dollars"":""0.3500""}"
KXETH15M-26APR281530-30,170cf110-257e-406c-2647-bcaea1fd8265,1777403772,0.35,150.16,no,"{""count_fp"":""150.16"",""created_time"":""2026-04-28T19:16:12.388462Z"",""no_price_dollars"":""0.6500"",""taker_side"":""no"",""ticker"":""KXETH15M-26APR281530-30"",""trade_id"":""170cf110-257e-406c-2647-bcaea1fd8265"",""yes_price_dollars"":""0.3500""}"
KXETH15M-26APR281530-30,61b83b25-0b53-4462-5484-4c8b29310cd5,1777403777,0.36,1.0,yes,"{""count_fp"":""1.00"",""created_time"":""2026-04-28T19:16:17.954926Z"",""no_price_dollars"":""0.6400"",""taker_side"":""yes"",""ticker"":""KXETH15M-26APR281530-30"",""trade_id"":""61b83b25-0b53-4462-5484-4c8b29310cd5"",""yes_price_dollars"":""0.3600""}"
KXETH15M-26APR281530-30,799aafd8-0ca6-63f0-887c-fdd16c3b3415,1777403777,0.35,7.5,no,"{""count_fp"":""7.50"",""created_time"":""2026-04-28T19:16:17.797552Z"",""no_price_dollars"":""0.6500"",""taker_side"":""no"",""ticker"":""KXETH15M-26APR281530-30"",""trade_id"":""799aafd8-0ca6-63f0-887c-fdd16c3b3415"",""yes_price_dollars"":""0.3500""}"
KXETH15M-26APR281530-30,db964a90-200b-540c-0219-5b672a16e2cf,1777403780,0.35,5.0,yes,"{""count_fp"":""5.00"",""created_time"":""2026-04-28T19:16:20.521671Z"",""no_price_dollars"":""0.6500"",""taker_side"":""yes"",""ticker"":""KXETH15M-26APR281530-30"",""trade_id"":""db964a90-200b-540c-0219-5b672a16e2cf"",""yes_price_dollars"":""0.3500""}"
KXETH15M-26APR281530-30,99d2e95a-dc57-438d-93a7-616756828353,1777403781,0.36,1.0,yes,"{""count_fp"":""1.00"",""created_time"":""2026-04-28T19:16:21.487751Z"",""no_price_dollars"":""0.6400"",""taker_side"":""yes"",""ticker"":""KXETH15M-26APR281530-30"",""trade_id"":""99d2e95a-dc57-438d-93a7-616756828353"",""yes_price_dollars"":""0.3600""}"
KXETH15M-26APR281530-30,880c4314-d2fb-5ccc-6dbb-06c019849b5c,1777403783,0.36,3.0,yes,"{""count_fp"":""3.00"",""created_time"":""2026-04-28T19:16:23.339348Z"",""no_price_dollars"":""0.6400"",""taker_side"":""yes"",""ticker"":""KXETH15M-26APR281530-30"",""trade_id"":""880c4314-d2fb-5ccc-6dbb-06c019849b5c"",""yes_price_dollars"":""0.3600""}"
KXETH15M-26APR281530-30,f7a7823e-b4cb-5164-58ff-6d3d4764cd58,1777403783,0.36,2.0,yes,"{""count_fp"":""2.00"",""created_time"":""2026-04-28T19:16:23.186814Z"",""no_price_dollars"":""0.6400"",""taker_side"":""yes"",""ticker"":""KXETH15M-26APR281530-30"",""trade_id"":""f7a7823e-b4cb-5164-58ff-6d3d4764cd58"",""yes_price_dollars"":""0.3600""}"
KXETH15M-26APR281530-30,75f1c563-2a59-5600-361a-158850ab97fe,1777403787,0.37,2.0,yes,"{""count_fp"":""2.00"",""created_time"":""2026-04-28T19:16:27.127833Z"",""no_price_dollars"":""0.6300"",""taker_side"":""yes"",""ticker"":""KXETH15M-26APR281530-30"",""trade_id"":""75f1c563-2a59-5600-361a-158850ab97fe"",""yes_price_dollars"":""0.3700""}"
KXETH15M-26APR281530-30,3bf58558-385f-5dc6-1156-a22554dc27b1,1777403787,0.37,5.0,yes,"{""count_fp"":""5.00"",""created_time"":""2026-04-28T19:16:27.127833Z"",""no_price_dollars"":""0.6300"",""taker_side"":""yes"",""ticker"":""KXETH15M-26APR281530-30"",""trade_id"":""3bf58558-385f-5dc6-1156-a22554dc27b1"",""yes_price_dollars"":""0.3700""}"
KXETH15M-26APR281530-30,255d57b2-27cf-4c40-0571-f6304a1116ad,1777403788,0.37,2.58,yes,"{""count_fp"":""2.58"",""created_time"":""2026-04-28T19:16:28.287879Z"",""no_price_dollars"":""0.6300"",""taker_side"":""yes"",""ticker"":""KXETH15M-26APR281530-30"",""trade_id"":""255d57b2-27cf-4c40-0571-f6304a1116ad"",""yes_price_dollars"":""0.3700""}"
KXETH15M-26APR281530-30,42949df8-3f1c-7cdb-cd3f-6a40466d7317,1777403790,0.37,100.0,yes,"{""count_fp"":""100.00"",""created_time"":""2026-04-28T19:16:30.971896Z"",""no_price_dollars"":""0.6300"",""taker_side"":""yes"",""ticker"":""KXETH15M-26APR281530-30"",""trade_id"":""42949df8-3f1c-7cdb-cd3f-6a40466d7317"",""yes_price_dollars"":""0.3700""}"
KXETH15M-26APR281530-30,d9340f66-f6d9-6c76-f184-2a7a4cc258aa,1777403792,0.36,10.0,no,"{""count_fp"":""10.00"",""created_time"":""2026-04-28T19:16:32.328225Z"",""no_price_dollars"":""0.6400"",""taker_side"":""no"",""ticker"":""KXETH15M-26APR281530-30"",""trade_id"":""d9340f66-f6d9-6c76-f184-2a7a4cc258aa"",""yes_price_dollars"":""0.3600""}"
KXETH15M-26APR281530-30,b7dc3d0c-bae6-63c0-f0ed-a4f06ac74be1,1777403792,0.36,5.13,no,"{""count_fp"":""5.13"",""created_time"":""2026-04-28T19:16:32.328225Z"",""no_price_dollars"":""0.6400"",""taker_side"":""no"",""ticker"":""KXETH15M-26APR281530-30"",""trade_id"":""b7dc3d0c-bae6-63c0-f0ed-a4f06ac74be1"",""yes_price_dollars"":""0.3600""}"
KXETH15M-26APR281530-30,de8f024f-b406-46b8-4519-13789d7bdd51,1777403799,0.39,44.14,no,"{""count_fp"":""44.14"",""created_time"":""2026-04-28T19:16:39.290189Z"",""no_price_dollars"":""0.6100"",""taker_side"":""no"",""ticker"":""KXETH15M-26APR281530-30"",""trade_id"":""de8f024f-b406-46b8-4519-13789d7bdd51"",""yes_price_dollars"":""0.3900""}"
KXETH15M-26APR281530-30,c0448fc0-0762-4d52-4a7b-6ee3ae67b2ce,1777403799,0.39,1.58,no,"{""count_fp"":""1.58"",""created_time"":""2026-04-28T19:16:39.290189Z"",""no_price_dollars"":""0.6100"",""taker_side"":""no"",""ticker"":""KXETH15M-26APR281530-30"",""trade_id"":""c0448fc0-0762-4d52-4a7b-6ee3ae67b2ce"",""yes_price_dollars"":""0.3900""}"
KXETH15M-26APR281530-30,29b41d3d-0192-470e-2d6e-3112b4175316,1777403799,0.39,1.0,no,"{""count_fp"":""1.00"",""created_time"":""2026-04-28T19:16:39.019123Z"",""no_price_dollars"":""0.6100"",""taker_side"":""no"",""ticker"":""KXETH15M-26APR281530-30"",""trade_id"":""29b41d3d-0192-470e-2d6e-3112b4175316"",""yes_price_dollars"":""0.3900""}"
KXETH15M-26APR281530-30,551ba94f-66e6-6c78-65c1-74e6b8668fa5,1777403800,0.4,1.0,no,"{""count_fp"":""1.00"",""created_time"":""2026-04-28T19:16:40.510188Z"",""no_price_dollars"":""0.6000"",""taker_side"":""no"",""ticker"":""KXETH15M-26APR281530-30"",""trade_id"":""551ba94f-66e6-6c78-65c1-74e6b8668fa5"",""yes_price_dollars"":""0.4000""}"
KXETH15M-26APR281530-30,7d366543-bdd2-5624-8c8d-088888fdbe31,1777403800,0.4,1.0,no,"{""count_fp"":""1.00"",""created_time"":""2026-04-28T19:16:40.126141Z"",""no_price_dollars"":""0.6000"",""taker_side"":""no"",""ticker"":""KXETH15M-26APR281530-30"",""trade_id"":""7d366543-bdd2-5624-8c8d-088888fdbe31"",""yes_price_dollars"":""0.4000""}"
KXETH15M-26APR281530-30,1ed960fc-9ab2-7a94-016b-afa8b4b308e5,1777403800,0.4,0.79,no,"{""count_fp"":""0.79"",""created_time"":""2026-04-28T19:16:40.053134Z"",""no_price_dollars"":""0.6000"",""taker_side"":""no"",""ticker"":""KXETH15M-26APR281530-30"",""trade_id"":""1ed960fc-9ab2-7a94-016b-afa8b4b308e5"",""yes_price_dollars"":""0.4000""}"
KXETH15M-26APR281530-30,9dff794a-f88c-6b46-848a-e80af1d9b4cb,1777403805,0.39,11.71,yes,"{""count_fp"":""11.71"",""created_time"":""2026-04-28T19:16:45.228944Z"",""no_price_dollars"":""0.6100"",""taker_side"":""yes"",""ticker"":""KXETH15M-26APR281530-30"",""trade_id"":""9dff794a-f88c-6b46-848a-e80af1d9b4cb"",""yes_price_dollars"":""0.3900""}"
KXETH15M-26APR281530-30,eb2903df-a623-6fef-78d7-e89298cde1dd,1777403808,0.35,1.0,no,"{""count_fp"":""1.00"",""created_time"":""2026-04-28T19:16:48.386168Z"",""no_price_dollars"":""0.6500"",""taker_side"":""no"",""ticker"":""KXETH15M-26APR281530-30"",""trade_id"":""eb2903df-a623-6fef-78d7-e89298cde1dd"",""yes_price_dollars"":""0.3500""}"
KXETH15M-26APR281530-30,a11e9b34-4630-5846-0039-c03a36043ebf,1777403813,0.37,41.44,yes,"{""count_fp"":""41.44"",""created_time"":""2026-04-28T19:16:53.405707Z"",""no_price_dollars"":""0.6300"",""taker_side"":""yes"",""ticker"":""KXETH15M-26APR281530-30"",""trade_id"":""a11e9b34-4630-5846-0039-c03a36043ebf"",""yes_price_dollars"":""0.3700""}"
KXETH15M-26APR281530-30,3a7626c2-5488-59ae-18eb-644dcb841111,1777403813,0.37,9.0,yes,"{""count_fp"":""9.00"",""created_time"":""2026-04-28T19:16:53.405707Z"",""no_price_dollars"":""0.6300"",""taker_side"":""yes"",""ticker"":""KXETH15M-26APR281530-30"",""trade_id"":""3a7626c2-5488-59ae-18eb-644dcb841111"",""yes_price_dollars"":""0.3700""}"
KXETH15M-26APR281530-30,d747b84f-19c0-5104-bc57-eb84bb3d0f2c,1777403814,0.35,2.0,no,"{""count_fp"":""2.00"",""created_time"":""2026-04-28T19:16:54.142116Z"",""no_price_dollars"":""0.6500"",""taker_side"":""no"",""ticker"":""KXETH15M-26APR281530-30"",""trade_id"":""d747b84f-19c0-5104-bc57-eb84bb3d0f2c"",""yes_price_dollars"":""0.3500""}"
KXETH15M-26APR281530-30,18041fe8-8422-538c-0ca7-9abeaa94ff71,1777403818,0.35,3.0,no,"{""count_fp"":""3.00"",""created_time"":""2026-04-28T19:16:58.033207Z"",""no_price_dollars"":""0.6500"",""taker_side"":""no"",""ticker"":""KXETH15M-26APR281530-30"",""trade_id"":""18041fe8-8422-538c-0ca7-9abeaa94ff71"",""yes_price_dollars"":""0.3500""}"
KXETH15M-26APR281530-30,934cad61-11dd-539e-43b1-a594d95d5171,1777403819,0.38,10.0,yes,"{""count_fp"":""10.00"",""created_time"":""2026-04-28T19:16:59.982176Z"",""no_price_dollars"":""0.6200"",""taker_side"":""yes"",""ticker"":""KXETH15M-26APR281530-30"",""trade_id"":""934cad61-11dd-539e-43b1-a594d95d5171"",""yes_price_dollars"":""0.3800""}"
KXETH15M-26APR281530-30,352825d7-2eca-7bcc-54f1-89768ce9dbad,1777403824,0.35,20.0,no,"{""count_fp"":""20.00"",""created_time"":""2026-04-28T19:17:04.306677Z"",""no_price_dollars"":""0.6500"",""taker_side"":""no"",""ticker"":""KXETH15M-26APR281530-30"",""trade_id"":""352825d7-2eca-7bcc-54f1-89768ce9dbad"",""yes_price_dollars"":""0.3500""}"
KXETH15M-26APR281530-30,d9527255-ca85-58dc-c5d2-2ac531a8c613,1777403826,0.38,5.0,yes,"{""count_fp"":""5.00"",""created_time"":""2026-04-28T19:17:06.317349Z"",""no_price_dollars"":""0.6200"",""taker_side"":""yes"",""ticker"":""KXETH15M-26APR281530-30"",""trade_id"":""d9527255-ca85-58dc-c5d2-2ac531a8c613"",""yes_price_dollars"":""0.3800""}"
KXETH15M-26APR281530-30,2b9bb6a8-a578-543e-d412-e7b7e0d10bd7,1777403826,0.39,5.0,yes,"{""count_fp"":""5.00"",""created_time"":""2026-04-28T19:17:06.317349Z"",""no_price_dollars"":""0.6100"",""taker_side"":""yes"",""ticker"":""KXETH15M-26APR281530-30"",""trade_id"":""2b9bb6a8-a578-543e-d412-e7b7e0d10bd7"",""yes_price_dollars"":""0.3900""}"
KXETH15M-26APR281530-30,8d7aa934-7455-5099-7e0a-0e1df7e8f8b1,1777403835,0.4,0.35,yes,"{""count_fp"":""0.35"",""created_time"":""2026-04-28T19:17:15.284032Z"",""no_price_dollars"":""0.6000"",""taker_side"":""yes"",""ticker"":""KXETH15M-26APR281530-30"",""trade_id"":""8d7aa934-7455-5099-7e0a-0e1df7e8f8b1"",""yes_price_dollars"":""0.4000""}"
KXETH15M-26APR281530-30,51faa556-7846-5a9f-444d-82e0fb19cdf5,1777403835,0.4,2.0,yes,"{""count_fp"":""2.00"",""created_time"":""2026-04-28T19:17:15.284032Z"",""no_price_dollars"":""0.6000"",""taker_side"":""yes"",""ticker"":""KXETH15M-26APR281530-30"",""trade_id"":""51faa556-7846-5a9f-444d-82e0fb19cdf5"",""yes_price_dollars"":""0.4000""}"
KXETH15M-26APR281530-30,c8ddba0e-7495-6262-19f0-8ed968995f6b,1777403844,0.38,3.0,no,"{""count_fp"":""3.00"",""created_time"":""2026-04-28T19:17:24.972722Z"",""no_price_dollars"":""0.6200"",""taker_side"":""no"",""ticker"":""KXETH15M-26APR281530-30"",""trade_id"":""c8ddba0e-7495-6262-19f0-8ed968995f6b"",""yes_price_dollars"":""0.3800""}"
KXETH15M-26APR281530-30,f89f31c5-d979-53af-0ba2-6b299010bd17,1777403845,0.41,10.0,yes,"{""count_fp"":""10.00"",""created_time"":""2026-04-28T19:17:25.604007Z"",""no_price_dollars"":""0.5900"",""taker_side"":""yes"",""ticker"":""KXETH15M-26APR281530-30"",""trade_id"":""f89f31c5-d979-53af-0ba2-6b299010bd17"",""yes_price_dollars"":""0.4100""}"
KXETH15M-26APR281530-30,9614cf3d-d0a4-5380-26c1-c55285a0098f,1777403845,0.41,100.0,yes,"{""count_fp"":""100.00"",""created_time"":""2026-04-28T19:17:25.604007Z"",""no_price_dollars"":""0.5900"",""taker_side"":""yes"",""ticker"":""KXETH15M-26APR281530-30"",""trade_id"":""9614cf3d-d0a4-5380-26c1-c55285a0098f"",""yes_price_dollars"":""0.4100""}"
KXETH15M-26APR281530-30,d69db797-5a26-79d0-e39a-81c566dbf6a1,1777403845,0.4,2.0,yes,"{""count_fp"":""2.00"",""created_time"":""2026-04-28T19:17:25.602034Z"",""no_price_dollars"":""0.6000"",""taker_side"":""yes"",""ticker"":""KXETH15M-26APR281530-30"",""trade_id"":""d69db797-5a26-79d0-e39a-81c566dbf6a1"",""yes_price_dollars"":""0.4000""}"
KXETH15M-26APR281530-30,19ad9849-8f1e-7b70-cfee-bdd9ea819c91,1777403845,0.4,5.0,yes,"{""count_fp"":""5.00"",""created_time"":""2026-04-28T19:17:25.602034Z"",""no_price_dollars"":""0.6000"",""taker_side"":""yes"",""ticker"":""KXETH15M-26APR281530-30"",""trade_id"":""19ad9849-8f1e-7b70-cfee-bdd9ea819c91"",""yes_price_dollars"":""0.4000""}"
KXETH15M-26APR281530-30,e24719df-3f98-4f76-3421-51d47783d683,1777403851,0.44,26.24,yes,"{""count_fp"":""26.24"",""created_time"":""2026-04-28T19:17:31.821966Z"",""no_price_dollars"":""0.5600"",""taker_side"":""yes"",""ticker"":""KXETH15M-26APR281530-30"",""trade_id"":""e24719df-3f98-4f76-3421-51d47783d683"",""yes_price_dollars"":""0.4400""}"
KXETH15M-26APR281530-30,2beff2e9-1a94-4606-d085-066f8c7530c7,1777403851,0.44,26.09,yes,"{""count_fp"":""26.09"",""created_time"":""2026-04-28T19:17:31.036101Z"",""no_price_dollars"":""0.5600"",""taker_side"":""yes"",""ticker"":""KXETH15M-26APR281530-30"",""trade_id"":""2beff2e9-1a94-4606-d085-066f8c7530c7"",""yes_price_dollars"":""0.4400""}"
KXETH15M-26APR281530-30,0ec920a0-d5a9-5a44-d581-32c749a34f60,1777403854,0.41,65.6,yes,"{""count_fp"":""65.60"",""created_time"":""2026-04-28T19:17:34.868243Z"",""no_price_dollars"":""0.5900"",""taker_side"":""yes"",""ticker"":""KXETH15M-26APR281530-30"",""trade_id"":""0ec920a0-d5a9-5a44-d581-32c749a34f60"",""yes_price_dollars"":""0.4100""}"
KXETH15M-26APR281530-30,988798bc-892d-46d8-6c9e-d9811a312577,1777403859,0.41,10.0,yes,"{""count_fp"":""10.00"",""created_time"":""2026-04-28T19:17:39.229514Z"",""no_price_dollars"":""0.5900"",""taker_side"":""yes"",""ticker"":""KXETH15M-26APR281530-30"",""trade_id"":""988798bc-892d-46d8-6c9e-d9811a312577"",""yes_price_dollars"":""0.4100""}"
KXETH15M-26APR281530-30,7e36ee3c-206d-44f1-6d9b-3872913d475f,1777403859,0.41,1.7,yes,"{""count_fp"":""1.70"",""created_time"":""2026-04-28T19:17:39.229514Z"",""no_price_dollars"":""0.5900"",""taker_side"":""yes"",""ticker"":""KXETH15M-26APR281530-30"",""trade_id"":""7e36ee3c-206d-44f1-6d9b-3872913d475f"",""yes_price_dollars"":""0.4100""}"
KXETH15M-26APR281530-30,c0945878-b756-75a1-13d4-5e2ddf5ffcc4,1777403861,0.39,13.73,no,"{""count_fp"":""13.73"",""created_time"":""2026-04-28T19:17:41.196019Z"",""no_price_dollars"":""0.6100"",""taker_side"":""no"",""ticker"":""KXETH15M-26APR281530-30"",""trade_id"":""c0945878-b756-75a1-13d4-5e2ddf5ffcc4"",""yes_price_dollars"":""0.3900""}"
KXETH15M-26APR281530-30,31ec64d4-aa2d-7d6f-3904-c8d11ebd7059,1777403861,0.39,2.0,no,"{""count_fp"":""2.00"",""created_time"":""2026-04-28T19:17:41.196019Z"",""no_price_dollars"":""0.6100"",""taker_side"":""no"",""ticker"":""KXETH15M-26APR281530-30"",""trade_id"":""31ec64d4-aa2d-7d6f-3904-c8d11ebd7059"",""yes_price_dollars"":""0.3900""}"
KXETH15M-26APR281530-30,3fd55cf8-7725-7f6e-7f05-76a7de900eac,1777403863,0.4,1.0,no,"{""count_fp"":""1.00"",""created_time"":""2026-04-28T19:17:43.677338Z"",""no_price_dollars"":""0.6000"",""taker_side"":""no"",""ticker"":""KXETH15M-26APR281530-30"",""trade_id"":""3fd55cf8-7725-7f6e-7f05-76a7de900eac"",""yes_price_dollars"":""0.4000""}"
KXETH15M-26APR281530-30,3ccfbd7f-9bcb-4e08-38ba-64bb5d147a62,1777403864,0.42,4.57,yes,"{""count_fp"":""4.57"",""created_time"":""2026-04-28T19:17:44.859538Z"",""no_price_dollars"":""0.5800"",""taker_side"":""yes"",""ticker"":""KXETH15M-26APR281530-30"",""trade_id"":""3ccfbd7f-9bcb-4e08-38ba-64bb5d147a62"",""yes_price_dollars"":""0.4200""}"
KXETH15M-26APR281530-30,a58b9f6f-a306-4a25-e204-2a52c3bc07b8,1777403864,0.39,5.27,no,"{""count_fp"":""5.27"",""created_time"":""2026-04-28T19:17:44.046713Z"",""no_price_dollars"":""0.6100"",""taker_side"":""no"",""ticker"":""KXETH15M-26APR281530-30"",""trade_id"":""a58b9f6f-a306-4a25-e204-2a52c3bc07b8"",""yes_price_dollars"":""0.3900""}"
KXETH15M-26APR281530-30,2771afd8-e4da-4794-e36f-f29fad951639,1777403864,0.39,6.44,no,"{""count_fp"":""6.44"",""created_time"":""2026-04-28T19:17:44.046713Z"",""no_price_dollars"":""0.6100"",""taker_side"":""no"",""ticker"":""KXETH15M-26APR281530-30"",""trade_id"":""2771afd8-e4da-4794-e36f-f29fad951639"",""yes_price_dollars"":""0.3900""}"
KXETH15M-26APR281530-30,780bcfea-9fcf-5740-bfa5-47d93eed35ae,1777403867,0.42,0.43,yes,"{""count_fp"":""0.43"",""created_time"":""2026-04-28T19:17:47.966994Z"",""no_price_dollars"":""0.5800"",""taker_side"":""yes"",""ticker"":""KXETH15M-26APR281530-30"",""trade_id"":""780bcfea-9fcf-5740-bfa5-47d93eed35ae"",""yes_price_dollars"":""0.4200""}"
KXETH15M-26APR281530-30,67439d9c-228e-6a69-45a2-f2dd9515aaa5,1777403868,0.43,1.0,no,"{""count_fp"":""1.00"",""created_time"":""2026-04-28T19:17:48.146231Z"",""no_price_dollars"":""0.5700"",""taker_side"":""no"",""ticker"":""KXETH15M-26APR281530-30"",""trade_id"":""67439d9c-228e-6a69-45a2-f2dd9515aaa5"",""yes_price_dollars"":""0.4300""}"
KXETH15M-26APR281530-30,29ef01ee-298a-532c-832f-7b51a7202ed9,1777403871,0.45,1.0,no,"{""count_fp"":""1.00"",""created_time"":""2026-04-28T19:17:51.232008Z"",""no_price_dollars"":""0.5500"",""taker_side"":""no"",""ticker"":""KXETH15M-26APR281530-30"",""trade_id"":""29ef01ee-298a-532c-832f-7b51a7202ed9"",""yes_price_dollars"":""0.4500""}"
KXETH15M-26APR281530-30,e8cffcb9-19f0-44a7-ca4f-c05dbb5b76f7,1777403873,0.48,1.6,yes,"{""count_fp"":""1.60"",""created_time"":""2026-04-28T19:17:53.287049Z"",""no_price_dollars"":""0.5200"",""taker_side"":""yes"",""ticker"":""KXETH15M-26APR281530-30"",""trade_id"":""e8cffcb9-19f0-44a7-ca4f-c05dbb5b76f7"",""yes_price_dollars"":""0.4800""}"
KXETH15M-26APR281530-30,3f0894ff-edf8-4418-3ee3-ea5545d04dc8,1777403874,0.45,7.97,no,"{""count_fp"":""7.97"",""created_time"":""2026-04-28T19:17:54.189551Z"",""no_price_dollars"":""0.5500"",""taker_side"":""no"",""ticker"":""KXETH15M-26APR281530-30"",""trade_id"":""3f0894ff-edf8-4418-3ee3-ea5545d04dc8"",""yes_price_dollars"":""0.4500""}"
KXETH15M-26APR281530-30,4fd9beb2-2819-4bbe-74b2-d0ae15d0deb2,1777403877,0.46,5.0,yes,"{""count_fp"":""5.00"",""created_time"":""2026-04-28T19:17:57.116107Z"",""no_price_dollars"":""0.5400"",""taker_side"":""yes"",""ticker"":""KXETH15M-26APR281530-30"",""trade_id"":""4fd9beb2-2819-4bbe-74b2-d0ae15d0deb2"",""yes_price_dollars"":""0.4600""}"
KXETH15M-26APR281530-30,40acef9e-0b13-4c98-4a8a-b7106502b3d9,1777403877,0.47,5.25,yes,"{""count_fp"":""5.25"",""created_time"":""2026-04-28T19:17:57.116107Z"",""no_price_dollars"":""0.5300"",""taker_side"":""yes"",""ticker"":""KXETH15M-26APR281530-30"",""trade_id"":""40acef9e-0b13-4c98-4a8a-b7106502b3d9"",""yes_price_dollars"":""0.4700""}"
KXETH15M-26APR281530-30,46940158-ad13-63e8-c943-459e69322ad9,1777403878,0.47,20.38,yes,"{""count_fp"":""20.38"",""created_time"":""2026-04-28T19:17:58.747729Z"",""no_price_dollars"":""0.5300"",""taker_side"":""yes"",""ticker"":""KXETH15M-26APR281530-30"",""trade_id"":""46940158-ad13-63e8-c943-459e69322ad9"",""yes_price_dollars"":""0.4700""}"
KXETH15M-26APR281530-30,4320faa9-c753-67bc-6611-5c39e1208e55,1777403879,0.47,74.37,yes,"{""count_fp"":""74.37"",""created_time"":""2026-04-28T19:17:59.072344Z"",""no_price_dollars"":""0.5300"",""taker_side"":""yes"",""ticker"":""KXETH15M-26APR281530-30"",""trade_id"":""4320faa9-c753-67bc-6611-5c39e1208e55"",""yes_price_dollars"":""0.4700""}"
KXETH15M-26APR281530-30,3d249503-c25d-68f0-799d-af45141b7514,1777403879,0.47,75.79,yes,"{""count_fp"":""75.79"",""created_time"":""2026-04-28T19:17:59.072344Z"",""no_price_dollars"":""0.5300"",""taker_side"":""yes"",""ticker"":""KXETH15M-26APR281530-30"",""trade_id"":""3d249503-c25d-68f0-799d-af45141b7514"",""yes_price_dollars"":""0.4700""}"
KXETH15M-26APR281530-30,593dfeb6-acaf-443a-0326-c80d2e130958,1777403881,0.44,1.0,no,"{""count_fp"":""1.00"",""created_time"":""2026-04-28T19:18:01.229381Z"",""no_price_dollars"":""0.5600"",""taker_side"":""no"",""ticker"":""KXETH15M-26APR281530-30"",""trade_id"":""593dfeb6-acaf-443a-0326-c80d2e130958"",""yes_price_dollars"":""0.4400""}"
KXETH15M-26APR281530-30,cad2a8b2-4352-5a24-5971-c73b06fe8e41,1777403882,0.47,1.0,yes,"{""count_fp"":""1.00"",""created_time"":""2026-04-28T19:18:02.390608Z"",""no_price_dollars"":""0.5300"",""taker_side"":""yes"",""ticker"":""KXETH15M-26APR281530-30"",""trade_id"":""cad2a8b2-4352-5a24-5971-c73b06fe8e41"",""yes_price_dollars"":""0.4700""}"
KXETH15M-26APR281530-30,9120b447-dc6c-592b-6e13-189f0afdef82,1777403882,0.47,1.0,yes,"{""count_fp"":""1.00"",""created_time"":""2026-04-28T19:18:02.390608Z"",""no_price_dollars"":""0.5300"",""taker_side"":""yes"",""ticker"":""KXETH15M-26APR281530-30"",""trade_id"":""9120b447-dc6c-592b-6e13-189f0afdef82"",""yes_price_dollars"":""0.4700""}"
KXETH15M-26APR281530-30,15663dfc-2aa9-5dcb-2db1-7eefad8d46d0,1777403886,0.46,4.44,no,"{""count_fp"":""4.44"",""created_time"":""2026-04-28T19:18:06.296892Z"",""no_price_dollars"":""0.5400"",""taker_side"":""no"",""ticker"":""KXETH15M-26APR281530-30"",""trade_id"":""15663dfc-2aa9-5dcb-2db1-7eefad8d46d0"",""yes_price_dollars"":""0.4600""}"
KXETH15M-26APR281530-30,1534f418-2ac8-7877-a6d3-46e0b24daf37,1777403887,0.48,1.0,yes,"{""count_fp"":""1.00"",""created_time"":""2026-04-28T19:18:07.617577Z"",""no_price_dollars"":""0.5200"",""taker_side"":""yes"",""ticker"":""KXETH15M-26APR281530-30"",""trade_id"":""1534f418-2ac8-7877-a6d3-46e0b24daf37"",""yes_price_dollars"":""0.4800""}"
KXETH15M-26APR281530-30,b3010125-f8f0-4ae3-dc46-326c78900a2b,1777403899,0.48,50.25,yes,"{""count_fp"":""50.25"",""created_time"":""2026-04-28T19:18:19.485335Z"",""no_price_dollars"":""0.5200"",""taker_side"":""yes"",""ticker"":""KXETH15M-26APR281530-30"",""trade_id"":""b3010125-f8f0-4ae3-dc46-326c78900a2b"",""yes_price_dollars"":""0.4800""}"
KXETH15M-26APR281530-30,6d636826-0b3e-6d8d-7aeb-70390cb83a94,1777403905,0.47,10.0,no,"{""count_fp"":""10.00"",""created_time"":""2026-04-28T19:18:25.463754Z"",""no_price_dollars"":""0.5300"",""taker_side"":""no"",""ticker"":""KXETH15M-26APR281530-30"",""trade_id"":""6d636826-0b3e-6d8d-7aeb-70390cb83a94"",""yes_price_dollars"":""0.4700""}"
KXETH15M-26APR281530-30,244742a8-5241-444f-0401-26e12f9439ad,1777403907,0.46,2.0,no,"{""count_fp"":""2.00"",""created_time"":""2026-04-28T19:18:27.022791Z"",""no_price_dollars"":""0.5400"",""taker_side"":""no"",""ticker"":""KXETH15M-26APR281530-30"",""trade_id"":""244742a8-5241-444f-0401-26e12f9439ad"",""yes_price_dollars"":""0.4600""}"
KXETH15M-26APR281530-30,94ef4135-d75a-5475-65fe-67ddedd695dc,1777403911,0.42,1.67,no,"{""count_fp"":""1.67"",""created_time"":""2026-04-28T19:18:31.926835Z"",""no_price_dollars"":""0.5800"",""taker_side"":""no"",""ticker"":""KXETH15M-26APR281530-30"",""trade_id"":""94ef4135-d75a-5475-65fe-67ddedd695dc"",""yes_price_dollars"":""0.4200""}"
KXETH15M-26APR281530-30,a3938c8a-150e-6b01-179b-81d2a8f723bc,1777403912,0.42,0.33,no,"{""count_fp"":""0.33"",""created_time"":""2026-04-28T19:18:32.582901Z"",""no_price_dollars"":""0.5800"",""taker_side"":""no"",""ticker"":""KXETH15M-26APR281530-30"",""trade_id"":""a3938c8a-150e-6b01-179b-81d2a8f723bc"",""yes_price_dollars"":""0.4200""}"
KXETH15M-26APR281530-30,6ee38eeb-c922-5ef1-f1d0-b1da2b959348,1777403912,0.42,24.0,no,"{""count_fp"":""24.00"",""created_time"":""2026-04-28T19:18:32.575701Z"",""no_price_dollars"":""0.5800"",""taker_side"":""no"",""ticker"":""KXETH15M-26APR281530-30"",""trade_id"":""6ee38eeb-c922-5ef1-f1d0-b1da2b959348"",""yes_price_dollars"":""0.4200""}"
KXETH15M-26APR281530-30,df32606c-8447-43de-9ec2-e216c40dbabc,1777403912,0.44,1.95,yes,"{""count_fp"":""1.95"",""created_time"":""2026-04-28T19:18:32.506585Z"",""no_price_dollars"":""0.5600"",""taker_side"":""yes"",""ticker"":""KXETH15M-26APR281530-30"",""trade_id"":""df32606c-8447-43de-9ec2-e216c40dbabc"",""yes_price_dollars"":""0.4400""}"
KXETH15M-26APR281530-30,1078fa80-7ea2-4839-9444-47562e6a2372,1777403912,0.44,0.2,yes,"{""count_fp"":""0.20"",""created_time"":""2026-04-28T19:18:32.506585Z"",""no_price_dollars"":""0.5600"",""taker_side"":""yes"",""ticker"":""KXETH15M-26APR281530-30"",""trade_id"":""1078fa80-7ea2-4839-9444-47562e6a2372"",""yes_price_dollars"":""0.4400""}"
KXETH15M-26APR281530-30,3375494a-becb-5742-e7b0-3801832bbd9c,1777403918,0.39,100.0,yes,"{""count_fp"":""100.00"",""created_time"":""2026-04-28T19:18:38.187207Z"",""no_price_dollars"":""0.6100"",""taker_side"":""yes"",""ticker"":""KXETH15M-26APR281530-30"",""trade_id"":""3375494a-becb-5742-e7b0-3801832bbd9c"",""yes_price_dollars"":""0.3900""}"
KXETH15M-26APR281530-30,318c3f8b-975c-587d-eb70-e009d50c7299,1777403918,0.39,145.9,yes,"{""count_fp"":""145.90"",""created_time"":""2026-04-28T19:18:38.187207Z"",""no_price_dollars"":""0.6100"",""taker_side"":""yes"",""ticker"":""KXETH15M-26APR281530-30"",""trade_id"":""318c3f8b-975c-587d-eb70-e009d50c7299"",""yes_price_dollars"":""0.3900""}"
KXETH15M-26APR281530-30,e6d0ac0a-2788-5aeb-701d-dd39b164072f,1777403919,0.38,1.6,no,"{""count_fp"":""1.60"",""created_time"":""2026-04-28T19:18:39.576421Z"",""no_price_dollars"":""0.6200"",""taker_side"":""no"",""ticker"":""KXETH15M-26APR281530-30"",""trade_id"":""e6d0ac0a-2788-5aeb-701d-dd39b164072f"",""yes_price_dollars"":""0.3800""}"
KXETH15M-26APR281530-30,912077ef-5d03-437a-f85f-26b42ebd918b,1777403922,0.37,0.4,no,"{""count_fp"":""0.40"",""created_time"":""2026-04-28T19:18:42.879731Z"",""no_price_dollars"":""0.6300"",""taker_side"":""no"",""ticker"":""KXETH15M-26APR281530-30"",""trade_id"":""912077ef-5d03-437a-f85f-26b42ebd918b"",""yes_price_dollars"":""0.3700""}"
KXETH15M-26APR281530-30,96c0317c-e34b-5632-7f4a-45a8221fe3c7,1777403922,0.37,99.6,no,"{""count_fp"":""99.60"",""created_time"":""2026-04-28T19:18:42.876437Z"",""no_price_dollars"":""0.6300"",""taker_side"":""no"",""ticker"":""KXETH15M-26APR281530-30"",""trade_id"":""96c0317c-e34b-5632-7f4a-45a8221fe3c7"",""yes_price_dollars"":""0.3700""}"
KXETH15M-26APR281530-30,5f6fe8f5-7214-503b-72b4-a806011a8e9f,1777403922,0.38,0.4,no,"{""count_fp"":""0.40"",""created_time"":""2026-04-28T19:18:42.876437Z"",""no_price_dollars"":""0.6200"",""taker_side"":""no"",""ticker"":""KXETH15M-26APR281530-30"",""trade_id"":""5f6fe8f5-7214-503b-72b4-a806011a8e9f"",""yes_price_dollars"":""0.3800""}"
KXETH15M-26APR281530-30,f54f689e-cc79-748b-3211-457f56090242,1777403923,0.37,5.0,yes,"{""count_fp"":""5.00"",""created_time"":""2026-04-28T19:18:43.372384Z"",""no_price_dollars"":""0.6300"",""taker_side"":""yes"",""ticker"":""KXETH15M-26APR281530-30"",""trade_id"":""f54f689e-cc79-748b-3211-457f56090242"",""yes_price_dollars"":""0.3700""}"
KXETH15M-26APR281530-30,f10ccd54-bb8d-73f3-1fe0-bf821216446f,1777403923,0.37,10.0,yes,"{""count_fp"":""10.00"",""created_time"":""2026-04-28T19:18:43.372384Z"",""no_price_dollars"":""0.6300"",""taker_side"":""yes"",""ticker"":""KXETH15M-26APR281530-30"",""trade_id"":""f10ccd54-bb8d-73f3-1fe0-bf821216446f"",""yes_price_dollars"":""0.3700""}"
KXETH15M-26APR281530-30,9f992f9a-09b8-50a8-e618-0aa9cd7bbd10,1777403927,0.36,7.5,no,"{""count_fp"":""7.50"",""created_time"":""2026-04-28T19:18:47.845467Z"",""no_price_dollars"":""0.6400"",""taker_side"":""no"",""ticker"":""KXETH15M-26APR281530-30"",""trade_id"":""9f992f9a-09b8-50a8-e618-0aa9cd7bbd10"",""yes_price_dollars"":""0.3600""}"
KXETH15M-26APR281530-30,178a006d-6cdd-414f-f608-35143fbb2a82,1777403930,0.37,17.69,yes,"{""count_fp"":""17.69"",""created_time"":""2026-04-28T19:18:50.788779Z"",""no_price_dollars"":""0.6300"",""taker_side"":""yes"",""ticker"":""KXETH15M-26APR281530-30"",""trade_id"":""178a006d-6cdd-414f-f608-35143fbb2a82"",""yes_price_dollars"":""0.3700""}"
KXETH15M-26APR281530-30,efab6268-efc2-67ea-2b72-bf21784e3ce0,1777403932,0.35,10.0,no,"{""count_fp"":""10.00"",""created_time"":""2026-04-28T19:18:52.049867Z"",""no_price_dollars"":""0.6500"",""taker_side"":""no"",""ticker"":""KXETH15M-26APR281530-30"",""trade_id"":""efab6268-efc2-67ea-2b72-bf21784e3ce0"",""yes_price_dollars"":""0.3500""}"
KXETH15M-26APR281530-30,69f09bc0-3be6-6e11-3eda-741ce5be2ea5,1777403932,0.35,10.0,no,"{""count_fp"":""10.00"",""created_time"":""2026-04-28T19:18:52.049867Z"",""no_price_dollars"":""0.6500"",""taker_side"":""no"",""ticker"":""KXETH15M-26APR281530-30"",""trade_id"":""69f09bc0-3be6-6e11-3eda-741ce5be2ea5"",""yes_price_dollars"":""0.3500""}"
KXETH15M-26APR281530-30,183e109f-5494-6bc0-3b1b-0fb30e8254d8,1777403932,0.35,6.85,no,"{""count_fp"":""6.85"",""created_time"":""2026-04-28T19:18:52.049867Z"",""no_price_dollars"":""0.6500"",""taker_side"":""no"",""ticker"":""KXETH15M-26APR281530-30"",""trade_id"":""183e109f-5494-6bc0-3b1b-0fb30e8254d8"",""yes_price_dollars"":""0.3500""}"
KXETH15M-26APR281530-30,a23f72ef-cf94-6ec8-0f3b-f5567027a364,1777403933,0.37,2.0,yes,"{""count_fp"":""2.00"",""created_time"":""2026-04-28T19:18:53.939073Z"",""no_price_dollars"":""0.6300"",""taker_side"":""yes"",""ticker"":""KXETH15M-26APR281530-30"",""trade_id"":""a23f72ef-cf94-6ec8-0f3b-f5567027a364"",""yes_price_dollars"":""0.3700""}"
KXETH15M-26APR281530-30,037422cd-643a-4134-a053-31c07ede4b55,1777403943,0.35,22.52,no,"{""count_fp"":""22.52"",""created_time"":""2026-04-28T19:19:03.346204Z"",""no_price_dollars"":""0.6500"",""taker_side"":""no"",""ticker"":""KXETH15M-26APR281530-30"",""trade_id"":""037422cd-643a-4134-a053-31c07ede4b55"",""yes_price_dollars"":""0.3500""}"
KXETH15M-26APR281530-30,0dc7f8b1-1502-5f97-25fd-2e111bfcf1bf,1777403946,0.32,2.0,no,"{""count_fp"":""2.00"",""created_time"":""2026-04-28T19:19:06.805321Z"",""no_price_dollars"":""0.6800"",""taker_side"":""no"",""ticker"":""KXETH15M-26APR281530-30"",""trade_id"":""0dc7f8b1-1502-5f97-25fd-2e111bfcf1bf"",""yes_price_dollars"":""0.3200""}"
KXETH15M-26APR281530-30,b5633b2a-2a70-4880-b052-a1423f4a939c,1777403949,0.32,14.38,no,"{""count_fp"":""14.38"",""created_time"":""2026-04-28T19:19:09.817041Z"",""no_price_dollars"":""0.6800"",""taker_side"":""no"",""ticker"":""KXETH15M-26APR281530-30"",""trade_id"":""b5633b2a-2a70-4880-b052-a1423f4a939c"",""yes_price_dollars"":""0.3200""}"
KXETH15M-26APR281530-30,72b44ebc-2771-699c-6a4d-dba161f97950,1777403956,0.32,2.0,no,"{""count_fp"":""2.00"",""created_time"":""2026-04-28T19:19:16.976492Z"",""no_price_dollars"":""0.6800"",""taker_side"":""no"",""ticker"":""KXETH15M-26APR281530-30"",""trade_id"":""72b44ebc-2771-699c-6a4d-dba161f97950"",""yes_price_dollars"":""0.3200""}"
KXETH15M-26APR281530-30,b38e905e-ee49-5070-2de7-f68c1228456c,1777403960,0.32,1.0,no,"{""count_fp"":""1.00"",""created_time"":""2026-04-28T19:19:20.026324Z"",""no_price_dollars"":""0.6800"",""taker_side"":""no"",""ticker"":""KXETH15M-26APR281530-30"",""trade_id"":""b38e905e-ee49-5070-2de7-f68c1228456c"",""yes_price_dollars"":""0.3200""}"
KXETH15M-26APR281530-30,b287ee86-feef-70c0-bf85-1b64934e9092,1777403963,0.34,10.0,yes,"{""count_fp"":""10.00"",""created_time"":""2026-04-28T19:19:23.178456Z"",""no_price_dollars"":""0.6600"",""taker_side"":""yes"",""ticker"":""KXETH15M-26APR281530-30"",""trade_id"":""b287ee86-feef-70c0-bf85-1b64934e9092"",""yes_price_dollars"":""0.3400""}"
KXETH15M-26APR281530-30,074a9a19-d91d-5874-2a4b-a18ea0580d00,1777403968,0.36,0.5,yes,"{""count_fp"":""0.50"",""created_time"":""2026-04-28T19:19:28.066275Z"",""no_price_dollars"":""0.6400"",""taker_side"":""yes"",""ticker"":""KXETH15M-26APR281530-30"",""trade_id"":""074a9a19-d91d-5874-2a4b-a18ea0580d00"",""yes_price_dollars"":""0.3600""}"
KXETH15M-26APR281530-30,056bef96-77b0-7f95-44e1-8012837e7edc,1777403972,0.37,2.52,yes,"{""count_fp"":""2.52"",""created_time"":""2026-04-28T19:19:32.509542Z"",""no_price_dollars"":""0.6300"",""taker_side"":""yes"",""ticker"":""KXETH15M-26APR281530-30"",""trade_id"":""056bef96-77b0-7f95-44e1-8012837e7edc"",""yes_price_dollars"":""0.3700""}"
KXETH15M-26APR281530-30,f76e719b-4cb5-7363-6887-b30f2ce9c60e,1777403972,0.35,100.0,yes,"{""count_fp"":""100.00"",""created_time"":""2026-04-28T19:19:32.372513Z"",""no_price_dollars"":""0.6500"",""taker_side"":""yes"",""ticker"":""KXETH15M-26APR281530-30"",""trade_id"":""f76e719b-4cb5-7363-6887-b30f2ce9c60e"",""yes_price_dollars"":""0.3500""}"
KXETH15M-26APR281530-30,aafa7de8-408e-77c9-424d-9699404cc87f,1777403972,0.38,5.0,yes,"{""count_fp"":""5.00"",""created_time"":""2026-04-28T19:19:32.372513Z"",""no_price_dollars"":""0.6200"",""taker_side"":""yes"",""ticker"":""KXETH15M-26APR281530-30"",""trade_id"":""aafa7de8-408e-77c9-424d-9699404cc87f"",""yes_price_dollars"":""0.3800""}"
KXETH15M-26APR281530-30,5e33f08e-ab65-79d4-76b2-1f614404a154,1777403972,0.38,10.0,yes,"{""count_fp"":""10.00"",""created_time"":""2026-04-28T19:19:32.372513Z"",""no_price_dollars"":""0.6200"",""taker_side"":""yes"",""ticker"":""KXETH15M-26APR281530-30"",""trade_id"":""5e33f08e-ab65-79d4-76b2-1f614404a154"",""yes_price_dollars"":""0.3800""}"
KXETH15M-26APR281530-30,45affb71-2629-7613-5deb-b2afcd13ca3a,1777403972,0.38,8.0,yes,"{""count_fp"":""8.00"",""created_time"":""2026-04-28T19:19:32.372513Z"",""no_price_dollars"":""0.6200"",""taker_side"":""yes"",""ticker"":""KXETH15M-26APR281530-30"",""trade_id"":""45affb71-2629-7613-5deb-b2afcd13ca3a"",""yes_price_dollars"":""0.3800""}"
KXETH15M-26APR281530-30,33ea975c-6437-70a1-625a-256ec5805913,1777403972,0.35,10.0,yes,"{""count_fp"":""10.00"",""created_time"":""2026-04-28T19:19:32.372513Z"",""no_price_dollars"":""0.6500"",""taker_side"":""yes"",""ticker"":""KXETH15M-26APR281530-30"",""trade_id"":""33ea975c-6437-70a1-625a-256ec5805913"",""yes_price_dollars"":""0.3500""}"
KXETH15M-26APR281530-30,be4d9207-65a2-6b20-fe0a-ff79588d9401,1777403983,0.38,94.0,yes,"{""count_fp"":""94.00"",""created_time"":""2026-04-28T19:19:43.920242Z"",""no_price_dollars"":""0.6200"",""taker_side"":""yes"",""ticker"":""KXETH15M-26APR281530-30"",""trade_id"":""be4d9207-65a2-6b20-fe0a-ff79588d9401"",""yes_price_dollars"":""0.3800""}"
KXETH15M-26APR281530-30,a6dc1099-58d7-611b-c03a-8df297250354,1777403983,0.36,20.0,yes,"{""count_fp"":""20.00"",""created_time"":""2026-04-28T19:19:43.920242Z"",""no_price_dollars"":""0.6400"",""taker_side"":""yes"",""ticker"":""KXETH15M-26APR281530-30"",""trade_id"":""a6dc1099-58d7-611b-c03a-8df297250354"",""yes_price_dollars"":""0.3600""}"
KXETH15M-26APR281530-30,a5d708bd-ed3f-6b7f-c934-2f691e74f8aa,1777403983,0.37,1.0,yes,"{""count_fp"":""1.00"",""created_time"":""2026-04-28T19:19:43.920242Z"",""no_price_dollars"":""0.6300"",""taker_side"":""yes"",""ticker"":""KXETH15M-26APR281530-30"",""trade_id"":""a5d708bd-ed3f-6b7f-c934-2f691e74f8aa"",""yes_price_dollars"":""0.3700""}"
KXETH15M-26APR281530-30,9ae96f12-52bd-6447-f127-671dc929b1d6,1777403983,0.35,10.0,yes,"{""count_fp"":""10.00"",""created_time"":""2026-04-28T19:19:43.920242Z"",""no_price_dollars"":""0.6500"",""taker_side"":""yes"",""ticker"":""KXETH15M-26APR281530-30"",""trade_id"":""9ae96f12-52bd-6447-f127-671dc929b1d6"",""yes_price_dollars"":""0.3500""}"
KXETH15M-26APR281530-30,22b10ee1-6805-6016-c728-97d80fcce67b,1777403983,0.38,5.0,yes,"{""count_fp"":""5.00"",""created_time"":""2026-04-28T19:19:43.920242Z"",""no_price_dollars"":""0.6200"",""taker_side"":""yes"",""ticker"":""KXETH15M-26APR281530-30"",""trade_id"":""22b10ee1-6805-6016-c728-97d80fcce67b"",""yes_price_dollars"":""0.3800""}"
KXETH15M-26APR281530-30,f76523de-5930-5486-3975-c3cf98bfa532,1777403997,0.35,3.07,yes,"{""count_fp"":""3.07"",""created_time"":""2026-04-28T19:19:57.180586Z"",""no_price_dollars"":""0.6500"",""taker_side"":""yes"",""ticker"":""KXETH15M-26APR281530-30"",""trade_id"":""f76523de-5930-5486-3975-c3cf98bfa532"",""yes_price_dollars"":""0.3500""}"
KXETH15M-26APR281530-30,42ac022a-1621-7cc4-26c9-628d19f06776,1777404005,0.3,1.0,no,"{""count_fp"":""1.00"",""created_time"":""2026-04-28T19:20:05.771536Z"",""no_price_dollars"":""0.7000"",""taker_side"":""no"",""ticker"":""KXETH15M-26APR281530-30"",""trade_id"":""42ac022a-1621-7cc4-26c9-628d19f06776"",""yes_price_dollars"":""0.3000""}"
KXETH15M-26APR281530-30,538b1fc3-3789-6a74-2654-cf5251668cec,1777404005,0.32,2.0,no,"{""count_fp"":""2.00"",""created_time"":""2026-04-28T19:20:05.701353Z"",""no_price_dollars"":""0.6800"",""taker_side"":""no"",""ticker"":""KXETH15M-26APR281530-30"",""trade_id"":""538b1fc3-3789-6a74-2654-cf5251668cec"",""yes_price_dollars"":""0.3200""}"
KXETH15M-26APR281530-30,6a25e041-9aad-553f-79c0-75254b312bca,1777404006,0.29,90.0,yes,"{""count_fp"":""90.00"",""created_time"":""2026-04-28T19:20:06.348837Z"",""no_price_dollars"":""0.7100"",""taker_side"":""yes"",""ticker"":""KXETH15M-26APR281530-30"",""trade_id"":""6a25e041-9aad-553f-79c0-75254b312bca"",""yes_price_dollars"":""0.2900""}"
KXETH15M-26APR281530-30,49eed209-e47a-58d7-7a0c-341221c69a25,1777404006,0.29,10.0,yes,"{""count_fp"":""10.00"",""created_time"":""2026-04-28T19:20:06.348837Z"",""no_price_dollars"":""0.7100"",""taker_side"":""yes"",""ticker"":""KXETH15M-26APR281530-30"",""trade_id"":""49eed209-e47a-58d7-7a0c-341221c69a25"",""yes_price_dollars"":""0.2900""}"
KXETH15M-26APR281530-30,b737740a-e815-7c0d-67c6-7b0df913bde4,1777404007,0.24,1.0,no,"{""count_fp"":""1.00"",""created_time"":""2026-04-28T19:20:07.794094Z"",""no_price_dollars"":""0.7600"",""taker_side"":""no"",""ticker"":""KXETH15M-26APR281530-30"",""trade_id"":""b737740a-e815-7c0d-67c6-7b0df913bde4"",""yes_price_dollars"":""0.2400""}"
KXETH15M-26APR281530-30,aa46ae2e-2538-7e9c-46fd-674c33d0904c,1777404007,0.25,1.0,no,"{""count_fp"":""1.00"",""created_time"":""2026-04-28T19:20:07.794094Z"",""no_price_dollars"":""0.7500"",""taker_side"":""no"",""ticker"":""KXETH15M-26APR281530-30"",""trade_id"":""aa46ae2e-2538-7e9c-46fd-674c33d0904c"",""yes_price_dollars"":""0.2500""}"
KXETH15M-26APR281530-30,67a47b75-929b-7300-6d0b-8ba5d51f5ea7,1777404007,0.26,10.0,no,"{""count_fp"":""10.00"",""created_time"":""2026-04-28T19:20:07.794094Z"",""no_price_dollars"":""0.7400"",""taker_side"":""no"",""ticker"":""KXETH15M-26APR281530-30"",""trade_id"":""67a47b75-929b-7300-6d0b-8ba5d51f5ea7"",""yes_price_dollars"":""0.2600""}"
KXETH15M-26APR281530-30,5a3ddf90-bcfb-777d-4ae1-2e5775573386,1777404007,0.25,7.29,no,"{""count_fp"":""7.29"",""created_time"":""2026-04-28T19:20:07.794094Z"",""no_price_dollars"":""0.7500"",""taker_side"":""no"",""ticker"":""KXETH15M-26APR281530-30"",""trade_id"":""5a3ddf90-bcfb-777d-4ae1-2e5775573386"",""yes_price_dollars"":""0.2500""}"
KXETH15M-26APR281530-30,5783c961-2db5-7cfb-6a86-eef336807b81,1777404007,0.24,0.21,no,"{""count_fp"":""0.21"",""created_time"":""2026-04-28T19:20:07.794094Z"",""no_price_dollars"":""0.7600"",""taker_side"":""no"",""ticker"":""KXETH15M-26APR281530-30"",""trade_id"":""5783c961-2db5-7cfb-6a86-eef336807b81"",""yes_price_dollars"":""0.2400""}"
KXETH15M-26APR281530-30,3b4e997d-193c-5332-21f7-fa4a699ba07a,1777404007,0.28,54.0,yes,"{""count_fp"":""54.00"",""created_time"":""2026-04-28T19:20:07.162823Z"",""no_price_dollars"":""0.7200"",""taker_side"":""yes"",""ticker"":""KXETH15M-26APR281530-30"",""trade_id"":""3b4e997d-193c-5332-21f7-fa4a699ba07a"",""yes_price_dollars"":""0.2800""}"
KXETH15M-26APR281530-30,f274cf59-9139-4597-ed96-917fd4227bfa,1777404007,0.29,2.0,yes,"{""count_fp"":""2.00"",""created_time"":""2026-04-28T19:20:07.091398Z"",""no_price_dollars"":""0.7100"",""taker_side"":""yes"",""ticker"":""KXETH15M-26APR281530-30"",""trade_id"":""f274cf59-9139-4597-ed96-917fd4227bfa"",""yes_price_dollars"":""0.2900""}"
KXETH15M-26APR281530-30,c07d1ef6-1f94-73f4-b934-ea62eae01766,1777404008,0.25,5.0,no,"{""count_fp"":""5.00"",""created_time"":""2026-04-28T19:20:08.350239Z"",""no_price_dollars"":""0.7500"",""taker_side"":""no"",""ticker"":""KXETH15M-26APR281530-30"",""trade_id"":""c07d1ef6-1f94-73f4-b934-ea62eae01766"",""yes_price_dollars"":""0.2500""}"
KXETH15M-26APR281530-30,9209c0ac-895e-79aa-bb67-42284b820d31,1777404008,0.25,10.0,no,"{""count_fp"":""10.00"",""created_time"":""2026-04-28T19:20:08.350239Z"",""no_price_dollars"":""0.7500"",""taker_side"":""no"",""ticker"":""KXETH15M-26APR281530-30"",""trade_id"":""9209c0ac-895e-79aa-bb67-42284b820d31"",""yes_price_dollars"":""0.2500""}"
KXETH15M-26APR281530-30,c382db42-ab8c-5942-372b-ffb6ad83ea3e,1777404011,0.25,10.0,yes,"{""count_fp"":""10.00"",""created_time"":""2026-04-28T19:20:11.895825Z"",""no_price_dollars"":""0.7500"",""taker_side"":""yes"",""ticker"":""KXETH15M-26APR281530-30"",""trade_id"":""c382db42-ab8c-5942-372b-ffb6ad83ea3e"",""yes_price_dollars"":""0.2500""}"
KXETH15M-26APR281530-30,b22224af-c977-5eb9-fe5a-e1dde896557d,1777404014,0.22,4.26,no,"{""count_fp"":""4.26"",""created_time"":""2026-04-28T19:20:14.763425Z"",""no_price_dollars"":""0.7800"",""taker_side"":""no"",""ticker"":""KXETH15M-26APR281530-30"",""trade_id"":""b22224af-c977-5eb9-fe5a-e1dde896557d"",""yes_price_dollars"":""0.2200""}"
KXETH15M-26APR281530-30,5be05fcd-2610-5448-d8a0-4a3849adb083,1777404014,0.23,1.0,no,"{""count_fp"":""1.00"",""created_time"":""2026-04-28T19:20:14.763425Z"",""no_price_dollars"":""0.7700"",""taker_side"":""no"",""ticker"":""KXETH15M-26APR281530-30"",""trade_id"":""5be05fcd-2610-5448-d8a0-4a3849adb083"",""yes_price_dollars"":""0.2300""}"
KXETH15M-26APR281530-30,04e516cf-8d6c-5591-ffd1-9bac6c43aa79,1777404014,0.22,1.0,no,"{""count_fp"":""1.00"",""created_time"":""2026-04-28T19:20:14.763425Z"",""no_price_dollars"":""0.7800"",""taker_side"":""no"",""ticker"":""KXETH15M-26APR281530-30"",""trade_id"":""04e516cf-8d6c-5591-ffd1-9bac6c43aa79"",""yes_price_dollars"":""0.2200""}"
KXETH15M-26APR281530-30,5d278fa2-125b-7d67-a32f-576e54a7f42f,1777404017,0.22,1.0,yes,"{""count_fp"":""1.00"",""created_time"":""2026-04-28T19:20:17.708723Z"",""no_price_dollars"":""0.7800"",""taker_side"":""yes"",""ticker"":""KXETH15M-26APR281530-30"",""trade_id"":""5d278fa2-125b-7d67-a32f-576e54a7f42f"",""yes_price_dollars"":""0.2200""}"
KXETH15M-26APR281530-30,f46bfdd7-75cb-78d5-39cc-c4044b2e95e5,1777404017,0.21,1.0,no,"{""count_fp"":""1.00"",""created_time"":""2026-04-28T19:20:17.273857Z"",""no_price_dollars"":""0.7900"",""taker_side"":""no"",""ticker"":""KXETH15M-26APR281530-30"",""trade_id"":""f46bfdd7-75cb-78d5-39cc-c4044b2e95e5"",""yes_price_dollars"":""0.2100""}"
KXETH15M-26APR281530-30,f19a30a5-c3a8-7fec-34d4-6df6aec9d398,1777404017,0.21,24.27,no,"{""count_fp"":""24.27"",""created_time"":""2026-04-28T19:20:17.273857Z"",""no_price_dollars"":""0.7900"",""taker_side"":""no"",""ticker"":""KXETH15M-26APR281530-30"",""trade_id"":""f19a30a5-c3a8-7fec-34d4-6df6aec9d398"",""yes_price_dollars"":""0.2100""}"
KXETH15M-26APR281530-30,e79298a3-c9a8-7289-009c-a53019e5df04,1777404017,0.22,10.0,no,"{""count_fp"":""10.00"",""created_time"":""2026-04-28T19:20:17.273857Z"",""no_price_dollars"":""0.7800"",""taker_side"":""no"",""ticker"":""KXETH15M-26APR281530-30"",""trade_id"":""e79298a3-c9a8-7289-009c-a53019e5df04"",""yes_price_dollars"":""0.2200""}"
KXETH15M-26APR281530-30,886dc09b-a812-7df1-0bd2-342d8ba9136b,1777404017,0.21,200.0,no,"{""count_fp"":""200.00"",""created_time"":""2026-04-28T19:20:17.273857Z"",""no_price_dollars"":""0.7900"",""taker_side"":""no"",""ticker"":""KXETH15M-26APR281530-30"",""trade_id"":""886dc09b-a812-7df1-0bd2-342d8ba9136b"",""yes_price_dollars"":""0.2100""}"
KXETH15M-26APR281530-30,752f8c61-d4ea-731f-2364-6e8cff6632de,1777404017,0.2,0.63,no,"{""count_fp"":""0.63"",""created_time"":""2026-04-28T19:20:17.273857Z"",""no_price_dollars"":""0.8000"",""taker_side"":""no"",""ticker"":""KXETH15M-26APR281530-30"",""trade_id"":""752f8c61-d4ea-731f-2364-6e8cff6632de"",""yes_price_dollars"":""0.2000""}"
KXETH15M-26APR281530-30,4c6cb8a8-fb7f-7315-0149-abc462c09d37,1777404017,0.21,10.0,no,"{""count_fp"":""10.00"",""created_time"":""2026-04-28T19:20:17.273857Z"",""no_price_dollars"":""0.7900"",""taker_side"":""no"",""ticker"":""KXETH15M-26APR281530-30"",""trade_id"":""4c6cb8a8-fb7f-7315-0149-abc462c09d37"",""yes_price_dollars"":""0.2100""}"
KXETH15M-26APR281530-30,c10695dc-a264-69ca-4fad-0798d915565a,1777404017,0.24,25.0,yes,"{""count_fp"":""25.00"",""created_time"":""2026-04-28T19:20:17.023659Z"",""no_price_dollars"":""0.7600"",""taker_side"":""yes"",""ticker"":""KXETH15M-26APR281530-30"",""trade_id"":""c10695dc-a264-69ca-4fad-0798d915565a"",""yes_price_dollars"":""0.2400""}"
KXETH15M-26APR281530-30,6bf519c3-8eb8-5fb6-61f9-6c2f5a03bace,1777404018,0.24,9.0,yes,"{""count_fp"":""9.00"",""created_time"":""2026-04-28T19:20:18.365421Z"",""no_price_dollars"":""0.7600"",""taker_side"":""yes"",""ticker"":""KXETH15M-26APR281530-30"",""trade_id"":""6bf519c3-8eb8-5fb6-61f9-6c2f5a03bace"",""yes_price_dollars"":""0.2400""}"
KXETH15M-26APR281530-30,ee9b0ae3-afda-6852-b1e7-6874811dc3cc,1777404023,0.24,1.0,yes,"{""count_fp"":""1.00"",""created_time"":""2026-04-28T19:20:23.906978Z"",""no_price_dollars"":""0.7600"",""taker_side"":""yes"",""ticker"":""KXETH15M-26APR281530-30"",""trade_id"":""ee9b0ae3-afda-6852-b1e7-6874811dc3cc"",""yes_price_dollars"":""0.2400""}"
KXETH15M-26APR281530-30,427691f8-35f0-6b72-96c9-456525e408e1,1777404023,0.25,7.0,yes,"{""count_fp"":""7.00"",""created_time"":""2026-04-28T19:20:23.906978Z"",""no_price_dollars"":""0.7500"",""taker_side"":""yes"",""ticker"":""KXETH15M-26APR281530-30"",""trade_id"":""427691f8-35f0-6b72-96c9-456525e408e1"",""yes_price_dollars"":""0.2500""}"
KXETH15M-26APR281530-30,4a070bad-cf91-6d91-89ce-3a049634de12,1777404027,0.23,7.66,no,"{""count_fp"":""7.66"",""created_time"":""2026-04-28T19:20:27.034664Z"",""no_price_dollars"":""0.7700"",""taker_side"":""no"",""ticker"":""KXETH15M-26APR281530-30"",""trade_id"":""4a070bad-cf91-6d91-89ce-3a049634de12"",""yes_price_dollars"":""0.2300""}"
KXETH15M-26APR281530-30,56472ed2-e170-6911-5414-25a2c0665c42,1777404032,0.24,24.6,no,"{""count_fp"":""24.60"",""created_time"":""2026-04-28T19:20:32.550152Z"",""no_price_dollars"":""0.7600"",""taker_side"":""no"",""ticker"":""KXETH15M-26APR281530-30"",""trade_id"":""56472ed2-e170-6911-5414-25a2c0665c42"",""yes_price_dollars"":""0.2400""}"
KXETH15M-26APR281530-30,e4d5f850-8888-46ff-75a6-b028d4fd66ae,1777404036,0.29,10.0,yes,"{""count_fp"":""10.00"",""created_time"":""2026-04-28T19:20:36.000973Z"",""no_price_dollars"":""0.7100"",""taker_side"":""yes"",""ticker"":""KXETH15M-26APR281530-30"",""trade_id"":""e4d5f850-8888-46ff-75a6-b028d4fd66ae"",""yes_price_dollars"":""0.2900""}"
KXETH15M-26APR281530-30,12cf33e0-ecc2-4776-74b5-0872bc704dc3,1777404036,0.25,1.0,yes,"{""count_fp"":""1.00"",""created_time"":""2026-04-28T19:20:36.000973Z"",""no_price_dollars"":""0.7500"",""taker_side"":""yes"",""ticker"":""KXETH15M-26APR281530-30"",""trade_id"":""12cf33e0-ecc2-4776-74b5-0872bc704dc3"",""yes_price_dollars"":""0.2500""}"
KXETH15M-26APR281530-30,edcd0dbe-c109-603b-ee32-b3e6e4b568ce,1777404039,0.29,9.76,yes,"{""count_fp"":""9.76"",""created_time"":""2026-04-28T19:20:39.244385Z"",""no_price_dollars"":""0.7100"",""taker_side"":""yes"",""ticker"":""KXETH15M-26APR281530-30"",""trade_id"":""edcd0dbe-c109-603b-ee32-b3e6e4b568ce"",""yes_price_dollars"":""0.2900""}"
KXETH15M-26APR281530-30,9119ae23-9f70-6885-ba12-44bc6b419ee6,1777404039,0.25,65.0,no,"{""count_fp"":""65.00"",""created_time"":""2026-04-28T19:20:39.195446Z"",""no_price_dollars"":""0.7500"",""taker_side"":""no"",""ticker"":""KXETH15M-26APR281530-30"",""trade_id"":""9119ae23-9f70-6885-ba12-44bc6b419ee6"",""yes_price_dollars"":""0.2500""}"
KXETH15M-26APR281530-30,2b8b69dc-ae8f-6018-aaf1-4605db382351,1777404039,0.26,10.0,no,"{""count_fp"":""10.00"",""created_time"":""2026-04-28T19:20:39.195446Z"",""no_price_dollars"":""0.7400"",""taker_side"":""no"",""ticker"":""KXETH15M-26APR281530-30"",""trade_id"":""2b8b69dc-ae8f-6018-aaf1-4605db382351"",""yes_price_dollars"":""0.2600""}"
KXETH15M-26APR281530-30,c6742e93-f6c3-4cfb-ccd5-fb5d7ce4385d,1777404043,0.28,3.39,yes,"{""count_fp"":""3.39"",""created_time"":""2026-04-28T19:20:43.442727Z"",""no_price_dollars"":""0.7200"",""taker_side"":""yes"",""ticker"":""KXETH15M-26APR281530-30"",""trade_id"":""c6742e93-f6c3-4cfb-ccd5-fb5d7ce4385d"",""yes_price_dollars"":""0.2800""}"
KXETH15M-26APR281530-30,ec6b381d-1f0b-61a8-d6f9-35bd74343c24,1777404048,0.29,3.19,yes,"{""count_fp"":""3.19"",""created_time"":""2026-04-28T19:20:48.163755Z"",""no_price_dollars"":""0.7100"",""taker_side"":""yes"",""ticker"":""KXETH15M-26APR281530-30"",""trade_id"":""ec6b381d-1f0b-61a8-d6f9-35bd74343c24"",""yes_price_dollars"":""0.2900""}"
KXETH15M-26APR281530-30,e2132288-b32e-7ed5-9cfc-d56687efb8a2,1777404050,0.28,1.0,no,"{""count_fp"":""1.00"",""created_time"":""2026-04-28T19:20:50.575342Z"",""no_price_dollars"":""0.7200"",""taker_side"":""no"",""ticker"":""KXETH15M-26APR281530-30"",""trade_id"":""e2132288-b32e-7ed5-9cfc-d56687efb8a2"",""yes_price_dollars"":""0.2800""}"
KXETH15M-26APR281530-30,2d432fe0-08c4-5e52-9cb5-6b66f320baae,1777404051,0.24,5.0,no,"{""count_fp"":""5.00"",""created_time"":""2026-04-28T19:20:51.704451Z"",""no_price_dollars"":""0.7600"",""taker_side"":""no"",""ticker"":""KXETH15M-26APR281530-30"",""trade_id"":""2d432fe0-08c4-5e52-9cb5-6b66f320baae"",""yes_price_dollars"":""0.2400""}"
KXETH15M-26APR281530-30,2a959d45-4da5-52ac-810c-2115dd0a1edf,1777404051,0.24,2.0,no,"{""count_fp"":""2.00"",""created_time"":""2026-04-28T19:20:51.704451Z"",""no_price_dollars"":""0.7600"",""taker_side"":""no"",""ticker"":""KXETH15M-26APR281530-30"",""trade_id"":""2a959d45-4da5-52ac-810c-2115dd0a1edf"",""yes_price_dollars"":""0.2400""}"
KXETH15M-26APR281530-30,ef64adef-5a89-6f73-a276-1c64f1da1aae,1777404055,0.24,15.47,yes,"{""count_fp"":""15.47"",""created_time"":""2026-04-28T19:20:55.669825Z"",""no_price_dollars"":""0.7600"",""taker_side"":""yes"",""ticker"":""KXETH15M-26APR281530-30"",""trade_id"":""ef64adef-5a89-6f73-a276-1c64f1da1aae"",""yes_price_dollars"":""0.2400""}"
KXETH15M-26APR281530-30,87337028-6bc9-5ae0-d19d-a48a12bfda97,1777404058,0.22,5.0,no,"{""count_fp"":""5.00"",""created_time"":""2026-04-28T19:20:58.828424Z"",""no_price_dollars"":""0.7800"",""taker_side"":""no"",""ticker"":""KXETH15M-26APR281530-30"",""trade_id"":""87337028-6bc9-5ae0-d19d-a48a12bfda97"",""yes_price_dollars"":""0.2200""}"
KXETH15M-26APR281530-30,eac6437e-c262-6737-d264-b8a93e4fafb6,1777404065,0.2,0.37,no,"{""count_fp"":""0.37"",""created_time"":""2026-04-28T19:21:05.258622Z"",""no_price_dollars"":""0.8000"",""taker_side"":""no"",""ticker"":""KXETH15M-26APR281530-30"",""trade_id"":""eac6437e-c262-6737-d264-b8a93e4fafb6"",""yes_price_dollars"":""0.2000""}"
KXETH15M-26APR281530-30,9d06b3e6-2be3-623d-ffb9-e00e20f431a4,1777404065,0.2,2.63,no,"{""count_fp"":""2.63"",""created_time"":""2026-04-28T19:21:05.258622Z"",""no_price_dollars"":""0.8000"",""taker_side"":""no"",""ticker"":""KXETH15M-26APR281530-30"",""trade_id"":""9d06b3e6-2be3-623d-ffb9-e00e20f431a4"",""yes_price_dollars"":""0.2000""}"
KXETH15M-26APR281530-30,4e601ac6-aa30-65cd-c19c-16d632bb0e5c,1777404065,0.2,1.0,no,"{""count_fp"":""1.00"",""created_time"":""2026-04-28T19:21:05.258622Z"",""no_price_dollars"":""0.8000"",""taker_side"":""no"",""ticker"":""KXETH15M-26APR281530-30"",""trade_id"":""4e601ac6-aa30-65cd-c19c-16d632bb0e5c"",""yes_price_dollars"":""0.2000""}"
KXETH15M-26APR281530-30,2a3ea834-a32d-62c1-e072-115d1ec7a78b,1777404065,0.2,1.0,no,"{""count_fp"":""1.00"",""created_time"":""2026-04-28T19:21:05.258622Z"",""no_price_dollars"":""0.8000"",""taker_side"":""no"",""ticker"":""KXETH15M-26APR281530-30"",""trade_id"":""2a3ea834-a32d-62c1-e072-115d1ec7a78b"",""yes_price_dollars"":""0.2000""}"
KXETH15M-26APR281530-30,ca14a6d5-4fa8-4729-53cd-be2c37b90042,1777404067,0.19,1.0,no,"{""count_fp"":""1.00"",""created_time"":""2026-04-28T19:21:07.144431Z"",""no_price_dollars"":""0.8100"",""taker_side"":""no"",""ticker"":""KXETH15M-26APR281530-30"",""trade_id"":""ca14a6d5-4fa8-4729-53cd-be2c37b90042"",""yes_price_dollars"":""0.1900""}"
KXETH15M-26APR281530-30,f6dec8b6-dcf9-5d87-bbe9-cf5e3f150914,1777404071,0.23,10.0,yes,"{""count_fp"":""10.00"",""created_time"":""2026-04-28T19:21:11.521771Z"",""no_price_dollars"":""0.7700"",""taker_side"":""yes"",""ticker"":""KXETH15M-26APR281530-30"",""trade_id"":""f6dec8b6-dcf9-5d87-bbe9-cf5e3f150914"",""yes_price_dollars"":""0.2300""}"
KXETH15M-26APR281530-30,b3bbb389-d137-52f7-acb5-ccf24933f231,1777404071,0.24,1.22,yes,"{""count_fp"":""1.22"",""created_time"":""2026-04-28T19:21:11.521771Z"",""no_price_dollars"":""0.7600"",""taker_side"":""yes"",""ticker"":""KXETH15M-26APR281530-30"",""trade_id"":""b3bbb389-d137-52f7-acb5-ccf24933f231"",""yes_price_dollars"":""0.2400""}"
KXETH15M-26APR281530-30,e53b14bd-0b73-773f-2803-88b0fc657f2b,1777404077,0.2,6.0,no,"{""count_fp"":""6.00"",""created_time"":""2026-04-28T19:21:17.266326Z"",""no_price_dollars"":""0.8000"",""taker_side"":""no"",""ticker"":""KXETH15M-26APR281530-30"",""trade_id"":""e53b14bd-0b73-773f-2803-88b0fc657f2b"",""yes_price_dollars"":""0.2000""}"
KXETH15M-26APR281530-30,411ce25a-ff6a-50f1-7bcc-b1906ca38033,1777404080,0.25,20.0,yes,"{""count_fp"":""20.00"",""created_time"":""2026-04-28T19:21:20.656571Z"",""no_price_dollars"":""0.7500"",""taker_side"":""yes"",""ticker"":""KXETH15M-26APR281530-30"",""trade_id"":""411ce25a-ff6a-50f1-7bcc-b1906ca38033"",""yes_price_dollars"":""0.2500""}"
KXETH15M-26APR281530-30,93189ea9-437d-5a8b-ece2-087620b9ad4a,1777404080,0.24,10.0,yes,"{""count_fp"":""10.00"",""created_time"":""2026-04-28T19:21:20.610381Z"",""no_price_dollars"":""0.7600"",""taker_side"":""yes"",""ticker"":""KXETH15M-26APR281530-30"",""trade_id"":""93189ea9-437d-5a8b-ece2-087620b9ad4a"",""yes_price_dollars"":""0.2400""}"
KXETH15M-26APR281530-30,6a2f9611-d7d9-5230-c4cb-ef8c76101c3a,1777404080,0.24,10.0,yes,"{""count_fp"":""10.00"",""created_time"":""2026-04-28T19:21:20.610381Z"",""no_price_dollars"":""0.7600"",""taker_side"":""yes"",""ticker"":""KXETH15M-26APR281530-30"",""trade_id"":""6a2f9611-d7d9-5230-c4cb-ef8c76101c3a"",""yes_price_dollars"":""0.2400""}"
KXETH15M-26APR281530-30,54e49ff1-af08-4796-94aa-6027ff4f5ace,1777404098,0.2,3.23,no,"{""count_fp"":""3.23"",""created_time"":""2026-04-28T19:21:38.678141Z"",""no_price_dollars"":""0.8000"",""taker_side"":""no"",""ticker"":""KXETH15M-26APR281530-30"",""trade_id"":""54e49ff1-af08-4796-94aa-6027ff4f5ace"",""yes_price_dollars"":""0.2000""}"
KXETH15M-26APR281530-30,4878ea2b-675b-4b7f-f74b-3f06a790b099,1777404103,0.22,3.62,yes,"{""count_fp"":""3.62"",""created_time"":""2026-04-28T19:21:43.857008Z"",""no_price_dollars"":""0.7800"",""taker_side"":""yes"",""ticker"":""KXETH15M-26APR281530-30"",""trade_id"":""4878ea2b-675b-4b7f-f74b-3f06a790b099"",""yes_price_dollars"":""0.2200""}"
KXETH15M-26APR281530-30,67bb446e-dadb-5897-3e23-4b27fc8abab9,1777404111,0.22,9.0,yes,"{""count_fp"":""9.00"",""created_time"":""2026-04-28T19:21:51.849205Z"",""no_price_dollars"":""0.7800"",""taker_side"":""yes"",""ticker"":""KXETH15M-26APR281530-30"",""trade_id"":""67bb446e-dadb-5897-3e23-4b27fc8abab9"",""yes_price_dollars"":""0.2200""}"
KXETH15M-26APR281530-30,03dd44b5-ef6f-7927-8006-2b0a72a36eed,1777404111,0.22,4.44,yes,"{""count_fp"":""4.44"",""created_time"":""2026-04-28T19:21:51.681362Z"",""no_price_dollars"":""0.7800"",""taker_side"":""yes"",""ticker"":""KXETH15M-26APR281530-30"",""trade_id"":""03dd44b5-ef6f-7927-8006-2b0a72a36eed"",""yes_price_dollars"":""0.2200""}"
KXETH15M-26APR281530-30,d2a855e5-1ff1-6549-138f-330a4cca8c0f,1777404114,0.19,2.0,no,"{""count_fp"":""2.00"",""created_time"":""2026-04-28T19:21:54.690333Z"",""no_price_dollars"":""0.8100"",""taker_side"":""no"",""ticker"":""KXETH15M-26APR281530-30"",""trade_id"":""d2a855e5-1ff1-6549-138f-330a4cca8c0f"",""yes_price_dollars"":""0.1900""}"
KXETH15M-26APR281530-30,b9fc6c30-9bf0-6af9-3c93-19ca393a96eb,1777404114,0.19,10.0,no,"{""count_fp"":""10.00"",""created_time"":""2026-04-28T19:21:54.690333Z"",""no_price_dollars"":""0.8100"",""taker_side"":""no"",""ticker"":""KXETH15M-26APR281530-30"",""trade_id"":""b9fc6c30-9bf0-6af9-3c93-19ca393a96eb"",""yes_price_dollars"":""0.1900""}"
KXETH15M-26APR281530-30,b1ee9345-5d6d-62a3-30cc-52ae73ce078c,1777404114,0.18,0.87,no,"{""count_fp"":""0.87"",""created_time"":""2026-04-28T19:21:54.690333Z"",""no_price_dollars"":""0.8200"",""taker_side"":""no"",""ticker"":""KXETH15M-26APR281530-30"",""trade_id"":""b1ee9345-5d6d-62a3-30cc-52ae73ce078c"",""yes_price_dollars"":""0.1800""}"
KXETH15M-26APR281530-30,846d4b4c-a781-6822-28ea-11a7cbff37cf,1777404114,0.18,1.0,no,"{""count_fp"":""1.00"",""created_time"":""2026-04-28T19:21:54.690333Z"",""no_price_dollars"":""0.8200"",""taker_side"":""no"",""ticker"":""KXETH15M-26APR281530-30"",""trade_id"":""846d4b4c-a781-6822-28ea-11a7cbff37cf"",""yes_price_dollars"":""0.1800""}"
KXETH15M-26APR281530-30,374e1690-ab95-6ae0-3d1d-c206f379664f,1777404114,0.19,10.0,no,"{""count_fp"":""10.00"",""created_time"":""2026-04-28T19:21:54.690333Z"",""no_price_dollars"":""0.8100"",""taker_side"":""no"",""ticker"":""KXETH15M-26APR281530-30"",""trade_id"":""374e1690-ab95-6ae0-3d1d-c206f379664f"",""yes_price_dollars"":""0.1900""}"
KXETH15M-26APR281530-30,3a79a138-7b07-702c-c055-36c81c60d5d0,1777404115,0.22,2.0,yes,"{""count_fp"":""2.00"",""created_time"":""2026-04-28T19:21:55.252937Z"",""no_price_dollars"":""0.7800"",""taker_side"":""yes"",""ticker"":""KXETH15M-26APR281530-30"",""trade_id"":""3a79a138-7b07-702c-c055-36c81c60d5d0"",""yes_price_dollars"":""0.2200""}"
KXETH15M-26APR281530-30,0dbda4d3-2f59-74d3-c61f-ff184e46ce3f,1777404115,0.23,0.12,yes,"{""count_fp"":""0.12"",""created_time"":""2026-04-28T19:21:55.252937Z"",""no_price_dollars"":""0.7700"",""taker_side"":""yes"",""ticker"":""KXETH15M-26APR281530-30"",""trade_id"":""0dbda4d3-2f59-74d3-c61f-ff184e46ce3f"",""yes_price_dollars"":""0.2300""}"
KXETH15M-26APR281530-30,787be581-887e-7ddc-a766-93430e3f11c2,1777404122,0.2,1.0,no,"{""count_fp"":""1.00"",""created_time"":""2026-04-28T19:22:02.968926Z"",""no_price_dollars"":""0.8000"",""taker_side"":""no"",""ticker"":""KXETH15M-26APR281530-30"",""trade_id"":""787be581-887e-7ddc-a766-93430e3f11c2"",""yes_price_dollars"":""0.2000""}"
KXETH15M-26APR281530-30,4d6c7a5a-4517-7eff-3272-8b87b15ad901,1777404122,0.22,40.04,yes,"{""count_fp"":""40.04"",""created_time"":""2026-04-28T19:22:02.072432Z"",""no_price_dollars"":""0.7800"",""taker_side"":""yes"",""ticker"":""KXETH15M-26APR281530-30"",""trade_id"":""4d6c7a5a-4517-7eff-3272-8b87b15ad901"",""yes_price_dollars"":""0.2200""}"
KXETH15M-26APR281530-30,5661ef5f-96fa-6b7f-6172-bf1dc8088337,1777404124,0.22,1.0,no,"{""count_fp"":""1.00"",""created_time"":""2026-04-28T19:22:04.262613Z"",""no_price_dollars"":""0.7800"",""taker_side"":""no"",""ticker"":""KXETH15M-26APR281530-30"",""trade_id"":""5661ef5f-96fa-6b7f-6172-bf1dc8088337"",""yes_price_dollars"":""0.2200""}"
KXETH15M-26APR281530-30,73cef446-1353-7f4b-bc5c-5466321315cc,1777404129,0.22,1.0,no,"{""count_fp"":""1.00"",""created_time"":""2026-04-28T19:22:09.648529Z"",""no_price_dollars"":""0.7800"",""taker_side"":""no"",""ticker"":""KXETH15M-26APR281530-30"",""trade_id"":""73cef446-1353-7f4b-bc5c-5466321315cc"",""yes_price_dollars"":""0.2200""}"
KXETH15M-26APR281530-30,8f57f405-5df2-6a7c-39d0-d908ed68322c,1777404130,0.22,1.0,no,"{""count_fp"":""1.00"",""created_time"":""2026-04-28T19:22:10.205595Z"",""no_price_dollars"":""0.7800"",""taker_side"":""no"",""ticker"":""KXETH15M-26APR281530-30"",""trade_id"":""8f57f405-5df2-6a7c-39d0-d908ed68322c"",""yes_price_dollars"":""0.2200""}"
KXETH15M-26APR281530-30,05d42219-25a8-7d77-dd85-43c807e42e83,1777404134,0.24,10.0,yes,"{""count_fp"":""10.00"",""created_time"":""2026-04-28T19:22:14.950278Z"",""no_price_dollars"":""0.7600"",""taker_side"":""yes"",""ticker"":""KXETH15M-26APR281530-30"",""trade_id"":""05d42219-25a8-7d77-dd85-43c807e42e83"",""yes_price_dollars"":""0.2400""}"
KXETH15M-26APR281530-30,0ee5b090-0c26-5fe3-4706-1af7ce529858,1777404141,0.25,7.6,yes,"{""count_fp"":""7.60"",""created_time"":""2026-04-28T19:22:21.444568Z"",""no_price_dollars"":""0.7500"",""taker_side"":""yes"",""ticker"":""KXETH15M-26APR281530-30"",""trade_id"":""0ee5b090-0c26-5fe3-4706-1af7ce529858"",""yes_price_dollars"":""0.2500""}"
KXETH15M-26APR281530-30,8e778372-5af5-6dcd-3a5e-6b121cd123ba,1777404145,0.28,10.0,yes,"{""count_fp"":""10.00"",""created_time"":""2026-04-28T19:22:25.176492Z"",""no_price_dollars"":""0.7200"",""taker_side"":""yes"",""ticker"":""KXETH15M-26APR281530-30"",""trade_id"":""8e778372-5af5-6dcd-3a5e-6b121cd123ba"",""yes_price_dollars"":""0.2800""}"
KXETH15M-26APR281530-30,884b1ebb-f020-6ce8-1134-e7a8c65554f1,1777404145,0.27,20.0,yes,"{""count_fp"":""20.00"",""created_time"":""2026-04-28T19:22:25.176492Z"",""no_price_dollars"":""0.7300"",""taker_side"":""yes"",""ticker"":""KXETH15M-26APR281530-30"",""trade_id"":""884b1ebb-f020-6ce8-1134-e7a8c65554f1"",""yes_price_dollars"":""0.2700""}"
KXETH15M-26APR281530-30,78c3369e-1a46-681f-0099-0bb4becdc0bf,1777404145,0.27,2.0,yes,"{""count_fp"":""2.00"",""created_time"":""2026-04-28T19:22:25.176492Z"",""no_price_dollars"":""0.7300"",""taker_side"":""yes"",""ticker"":""KXETH15M-26APR281530-30"",""trade_id"":""78c3369e-1a46-681f-0099-0bb4becdc0bf"",""yes_price_dollars"":""0.2700""}"
KXETH15M-26APR281530-30,b1ed31dd-1d02-4621-89e2-c812db1197c7,1777404145,0.25,10.0,yes,"{""count_fp"":""10.00"",""created_time"":""2026-04-28T19:22:25.141705Z"",""no_price_dollars"":""0.7500"",""taker_side"":""yes"",""ticker"":""KXETH15M-26APR281530-30"",""trade_id"":""b1ed31dd-1d02-4621-89e2-c812db1197c7"",""yes_price_dollars"":""0.2500""}"
KXETH15M-26APR281530-30,f56b46c8-a422-7aef-f857-22811639c8a8,1777404145,0.24,100.0,yes,"{""count_fp"":""100.00"",""created_time"":""2026-04-28T19:22:25.130345Z"",""no_price_dollars"":""0.7600"",""taker_side"":""yes"",""ticker"":""KXETH15M-26APR281530-30"",""trade_id"":""f56b46c8-a422-7aef-f857-22811639c8a8"",""yes_price_dollars"":""0.2400""}"
KXETH15M-26APR281530-30,a634b0e6-d792-4993-d41b-6cf07561e08c,1777404154,0.39,1.0,yes,"{""count_fp"":""1.00"",""created_time"":""2026-04-28T19:22:34.732573Z"",""no_price_dollars"":""0.6100"",""taker_side"":""yes"",""ticker"":""KXETH15M-26APR281530-30"",""trade_id"":""a634b0e6-d792-4993-d41b-6cf07561e08c"",""yes_price_dollars"":""0.3900""}"
KXETH15M-26APR281530-30,4c692d6a-3084-4576-6111-0a742f520087,1777404154,0.34,10.0,yes,"{""count_fp"":""10.00"",""created_time"":""2026-04-28T19:22:34.668305Z"",""no_price_dollars"":""0.6600"",""taker_side"":""yes"",""ticker"":""KXETH15M-26APR281530-30"",""trade_id"":""4c692d6a-3084-4576-6111-0a742f520087"",""yes_price_dollars"":""0.3400""}"
KXETH15M-26APR281530-30,8fb9fa80-f069-6877-2b38-809c19e0a867,1777404154,0.33,100.0,yes,"{""count_fp"":""100.00"",""created_time"":""2026-04-28T19:22:34.666121Z"",""no_price_dollars"":""0.6700"",""taker_side"":""yes"",""ticker"":""KXETH15M-26APR281530-30"",""trade_id"":""8fb9fa80-f069-6877-2b38-809c19e0a867"",""yes_price_dollars"":""0.3300""}"
KXETH15M-26APR281530-30,38d82a98-d515-6f8f-2780-1f883210f914,1777404158,0.41,9.0,no,"{""count_fp"":""9.00"",""created_time"":""2026-04-28T19:22:38.994475Z"",""no_price_dollars"":""0.5900"",""taker_side"":""no"",""ticker"":""KXETH15M-26APR281530-30"",""trade_id"":""38d82a98-d515-6f8f-2780-1f883210f914"",""yes_price_dollars"":""0.4100""}"
KXETH15M-26APR281530-30,4eae5a6e-1998-6272-782e-539a9e520724,1777404158,0.44,10.0,yes,"{""count_fp"":""10.00"",""created_time"":""2026-04-28T19:22:38.167514Z"",""no_price_dollars"":""0.5600"",""taker_side"":""yes"",""ticker"":""KXETH15M-26APR281530-30"",""trade_id"":""4eae5a6e-1998-6272-782e-539a9e520724"",""yes_price_dollars"":""0.4400""}"
KXETH15M-26APR281530-30,32f0a1f0-d8ea-6c50-45fb-a14f6f82547a,1777404158,0.45,2.0,yes,"{""count_fp"":""2.00"",""created_time"":""2026-04-28T19:22:38.167514Z"",""no_price_dollars"":""0.5500"",""taker_side"":""yes"",""ticker"":""KXETH15M-26APR281530-30"",""trade_id"":""32f0a1f0-d8ea-6c50-45fb-a14f6f82547a"",""yes_price_dollars"":""0.4500""}"
KXETH15M-26APR281530-30,6354b979-70db-7482-d7a3-a1eed744f5e7,1777404159,0.42,10.0,no,"{""count_fp"":""10.00"",""created_time"":""2026-04-28T19:22:39.086284Z"",""no_price_dollars"":""0.5800"",""taker_side"":""no"",""ticker"":""KXETH15M-26APR281530-30"",""trade_id"":""6354b979-70db-7482-d7a3-a1eed744f5e7"",""yes_price_dollars"":""0.4200""}"
KXETH15M-26APR281530-30,5e7be5d0-e9b8-7b79-c54a-a5e3c9ec48e6,1777404159,0.42,70.79,no,"{""count_fp"":""70.79"",""created_time"":""2026-04-28T19:22:39.086284Z"",""no_price_dollars"":""0.5800"",""taker_side"":""no"",""ticker"":""KXETH15M-26APR281530-30"",""trade_id"":""5e7be5d0-e9b8-7b79-c54a-a5e3c9ec48e6"",""yes_price_dollars"":""0.4200""}"
KXETH15M-26APR281530-30,f9603acd-3405-5fe3-ac4b-7d091aec6daa,1777404164,0.45,0.2,yes,"{""count_fp"":""0.20"",""created_time"":""2026-04-28T19:22:44.211086Z"",""no_price_dollars"":""0.5500"",""taker_side"":""yes"",""ticker"":""KXETH15M-26APR281530-30"",""trade_id"":""f9603acd-3405-5fe3-ac4b-7d091aec6daa"",""yes_price_dollars"":""0.4500""}"
KXETH15M-26APR281530-30,ef7c344b-9648-5e2a-190b-7943dbb27acd,1777404171,0.45,2.0,yes,"{""count_fp"":""2.00"",""created_time"":""2026-04-28T19:22:51.009447Z"",""no_price_dollars"":""0.5500"",""taker_side"":""yes"",""ticker"":""KXETH15M-26APR281530-30"",""trade_id"":""ef7c344b-9648-5e2a-190b-7943dbb27acd"",""yes_price_dollars"":""0.4500""}"
KXETH15M-26APR281530-30,da5b5491-141d-6d1b-6577-cca319c971e0,1777404172,0.42,10.0,no,"{""count_fp"":""10.00"",""created_time"":""2026-04-28T19:22:52.770067Z"",""no_price_dollars"":""0.5800"",""taker_side"":""no"",""ticker"":""KXETH15M-26APR281530-30"",""trade_id"":""da5b5491-141d-6d1b-6577-cca319c971e0"",""yes_price_dollars"":""0.4200""}"
KXETH15M-26APR281530-30,7dbd622e-37d6-6766-7e3c-73ec3b8a96b9,1777404172,0.41,0.22,no,"{""count_fp"":""0.22"",""created_time"":""2026-04-28T19:22:52.770067Z"",""no_price_dollars"":""0.5900"",""taker_side"":""no"",""ticker"":""KXETH15M-26APR281530-30"",""trade_id"":""7dbd622e-37d6-6766-7e3c-73ec3b8a96b9"",""yes_price_dollars"":""0.4100""}"
KXETH15M-26APR281530-30,65298a8e-e02b-6c93-6da9-52924370edeb,1777404172,0.45,1.0,no,"{""count_fp"":""1.00"",""created_time"":""2026-04-28T19:22:52.770067Z"",""no_price_dollars"":""0.5500"",""taker_side"":""no"",""ticker"":""KXETH15M-26APR281530-30"",""trade_id"":""65298a8e-e02b-6c93-6da9-52924370edeb"",""yes_price_dollars"":""0.4500""}"
KXETH15M-26APR281530-30,86c70501-6660-5a26-14dd-270877241b5d,1777404172,0.46,52.42,yes,"{""count_fp"":""52.42"",""created_time"":""2026-04-28T19:22:52.452917Z"",""no_price_dollars"":""0.5400"",""taker_side"":""yes"",""ticker"":""KXETH15M-26APR281530-30"",""trade_id"":""86c70501-6660-5a26-14dd-270877241b5d"",""yes_price_dollars"":""0.4600""}"
KXETH15M-26APR281530-30,91427289-6583-5173-395c-2e12a749aae5,1777404175,0.45,1.06,yes,"{""count_fp"":""1.06"",""created_time"":""2026-04-28T19:22:55.964115Z"",""no_price_dollars"":""0.5500"",""taker_side"":""yes"",""ticker"":""KXETH15M-26APR281530-30"",""trade_id"":""91427289-6583-5173-395c-2e12a749aae5"",""yes_price_dollars"":""0.4500""}"
KXETH15M-26APR281530-30,aaf97855-e5bc-7306-0cf8-96097f04eaa5,1777404177,0.45,32.0,yes,"{""count_fp"":""32.00"",""created_time"":""2026-04-28T19:22:57.495159Z"",""no_price_dollars"":""0.5500"",""taker_side"":""yes"",""ticker"":""KXETH15M-26APR281530-30"",""trade_id"":""aaf97855-e5bc-7306-0cf8-96097f04eaa5"",""yes_price_dollars"":""0.4500""}"
KXETH15M-26APR281530-30,af079a52-24fd-44b3-1239-b68b58d8aad1,1777404178,0.47,8.0,yes,"{""count_fp"":""8.00"",""created_time"":""2026-04-28T19:22:58.848575Z"",""no_price_dollars"":""0.5300"",""taker_side"":""yes"",""ticker"":""KXETH15M-26APR281530-30"",""trade_id"":""af079a52-24fd-44b3-1239-b68b58d8aad1"",""yes_price_dollars"":""0.4700""}"
KXETH15M-26APR281530-30,2fe36948-ea20-4fde-2919-691d7cb3e7aa,1777404178,0.45,2.0,yes,"{""count_fp"":""2.00"",""created_time"":""2026-04-28T19:22:58.848575Z"",""no_price_dollars"":""0.5500"",""taker_side"":""yes"",""ticker"":""KXETH15M-26APR281530-30"",""trade_id"":""2fe36948-ea20-4fde-2919-691d7cb3e7aa"",""yes_price_dollars"":""0.4500""}"
KXETH15M-26APR281530-30,ff9ec54a-e65f-447b-0ecf-b9afc1a7f7b1,1777404180,0.47,2.0,yes,"{""count_fp"":""2.00"",""created_time"":""2026-04-28T19:23:00.566012Z"",""no_price_dollars"":""0.5300"",""taker_side"":""yes"",""ticker"":""KXETH15M-26APR281530-30"",""trade_id"":""ff9ec54a-e65f-447b-0ecf-b9afc1a7f7b1"",""yes_price_dollars"":""0.4700""}"
KXETH15M-26APR281530-30,82e28d31-6d58-4706-32cc-9921bbd33152,1777404180,0.47,9.0,yes,"{""count_fp"":""9.00"",""created_time"":""2026-04-28T19:23:00.566012Z"",""no_price_dollars"":""0.5300"",""taker_side"":""yes"",""ticker"":""KXETH15M-26APR281530-30"",""trade_id"":""82e28d31-6d58-4706-32cc-9921bbd33152"",""yes_price_dollars"":""0.4700""}"
KXETH15M-26APR281530-30,c2d00515-6efc-4f93-25b3-e639891b214b,1777404183,0.48,10.05,yes,"{""count_fp"":""10.05"",""created_time"":""2026-04-28T19:23:03.716954Z"",""no_price_dollars"":""0.5200"",""taker_side"":""yes"",""ticker"":""KXETH15M-26APR281530-30"",""trade_id"":""c2d00515-6efc-4f93-25b3-e639891b214b"",""yes_price_dollars"":""0.4800""}"
KXETH15M-26APR281530-30,5222514b-b79c-6e17-e03e-66b6e853505b,1777404183,0.48,1.16,yes,"{""count_fp"":""1.16"",""created_time"":""2026-04-28T19:23:03.512512Z"",""no_price_dollars"":""0.5200"",""taker_side"":""yes"",""ticker"":""KXETH15M-26APR281530-30"",""trade_id"":""5222514b-b79c-6e17-e03e-66b6e853505b"",""yes_price_dollars"":""0.4800""}"
KXETH15M-26APR281530-30,87db78b1-ae6c-45f5-40f6-bb5c0125d36f,1777404183,0.46,6.9,no,"{""count_fp"":""6.90"",""created_time"":""2026-04-28T19:23:03.417735Z"",""no_price_dollars"":""0.5400"",""taker_side"":""no"",""ticker"":""KXETH15M-26APR281530-30"",""trade_id"":""87db78b1-ae6c-45f5-40f6-bb5c0125d36f"",""yes_price_dollars"":""0.4600""}"
KXETH15M-26APR281530-30,49effa09-18d1-4e99-61ad-f3b8f858d028,1777404183,0.46,6.04,no,"{""count_fp"":""6.04"",""created_time"":""2026-04-28T19:23:03.417735Z"",""no_price_dollars"":""0.5400"",""taker_side"":""no"",""ticker"":""KXETH15M-26APR281530-30"",""trade_id"":""49effa09-18d1-4e99-61ad-f3b8f858d028"",""yes_price_dollars"":""0.4600""}"
KXETH15M-26APR281530-30,367a2692-dc5c-7c4f-f5bb-85f8dcee7667,1777404185,0.48,16.0,yes,"{""count_fp"":""16.00"",""created_time"":""2026-04-28T19:23:05.770945Z"",""no_price_dollars"":""0.5200"",""taker_side"":""yes"",""ticker"":""KXETH15M-26APR281530-30"",""trade_id"":""367a2692-dc5c-7c4f-f5bb-85f8dcee7667"",""yes_price_dollars"":""0.4800""}"
KXETH15M-26APR281530-30,cbef35c5-263f-4a0a-f50e-ef3e51fba142,1777404186,0.46,10.0,no,"{""count_fp"":""10.00"",""created_time"":""2026-04-28T19:23:06.793753Z"",""no_price_dollars"":""0.5400"",""taker_side"":""no"",""ticker"":""KXETH15M-26APR281530-30"",""trade_id"":""cbef35c5-263f-4a0a-f50e-ef3e51fba142"",""yes_price_dollars"":""0.4600""}"
KXETH15M-26APR281530-30,9fe4295e-e989-4a50-fdd6-3d18f885efb8,1777404186,0.46,100.0,no,"{""count_fp"":""100.00"",""created_time"":""2026-04-28T19:23:06.793753Z"",""no_price_dollars"":""0.5400"",""taker_side"":""no"",""ticker"":""KXETH15M-26APR281530-30"",""trade_id"":""9fe4295e-e989-4a50-fdd6-3d18f885efb8"",""yes_price_dollars"":""0.4600""}"
KXETH15M-26APR281530-30,5caa7530-9922-4058-e5a5-aa3d1bdc6f27,1777404186,0.46,10.0,no,"{""count_fp"":""10.00"",""created_time"":""2026-04-28T19:23:06.793753Z"",""no_price_dollars"":""0.5400"",""taker_side"":""no"",""ticker"":""KXETH15M-26APR281530-30"",""trade_id"":""5caa7530-9922-4058-e5a5-aa3d1bdc6f27"",""yes_price_dollars"":""0.4600""}"
KXETH15M-26APR281530-30,e5b99ce3-d1fa-7dec-590b-a8efb3f319e6,1777404188,0.43,2.0,no,"{""count_fp"":""2.00"",""created_time"":""2026-04-28T19:23:08.611934Z"",""no_price_dollars"":""0.5700"",""taker_side"":""no"",""ticker"":""KXETH15M-26APR281530-30"",""trade_id"":""e5b99ce3-d1fa-7dec-590b-a8efb3f319e6"",""yes_price_dollars"":""0.4300""}"
KXETH15M-26APR281530-30,b8a6d095-6ef2-626a-c55e-de343c6272e4,1777404191,0.38,2.0,no,"{""count_fp"":""2.00"",""created_time"":""2026-04-28T19:23:11.595292Z"",""no_price_dollars"":""0.6200"",""taker_side"":""no"",""ticker"":""KXETH15M-26APR281530-30"",""trade_id"":""b8a6d095-6ef2-626a-c55e-de343c6272e4"",""yes_price_dollars"":""0.3800""}"
KXETH15M-26APR281530-30,a176e196-37bb-659a-dd79-15e5fa37c2c1,1777404191,0.38,55.0,no,"{""count_fp"":""55.00"",""created_time"":""2026-04-28T19:23:11.595292Z"",""no_price_dollars"":""0.6200"",""taker_side"":""no"",""ticker"":""KXETH15M-26APR281530-30"",""trade_id"":""a176e196-37bb-659a-dd79-15e5fa37c2c1"",""yes_price_dollars"":""0.3800""}"
KXETH15M-26APR281530-30,b9442fd4-ba1b-407a-27c4-0a1e5301bb35,1777404191,0.38,5.0,no,"{""count_fp"":""5.00"",""created_time"":""2026-04-28T19:23:11.578645Z"",""no_price_dollars"":""0.6200"",""taker_side"":""no"",""ticker"":""KXETH15M-26APR281530-30"",""trade_id"":""b9442fd4-ba1b-407a-27c4-0a1e5301bb35"",""yes_price_dollars"":""0.3800""}"
KXETH15M-26APR281530-30,53675e5b-cc08-4c27-1a0d-79f7ca4a2f28,1777404191,0.39,10.0,no,"{""count_fp"":""10.00"",""created_time"":""2026-04-28T19:23:11.578645Z"",""no_price_dollars"":""0.6100"",""taker_side"":""no"",""ticker"":""KXETH15M-26APR281530-30"",""trade_id"":""53675e5b-cc08-4c27-1a0d-79f7ca4a2f28"",""yes_price_dollars"":""0.3900""}"
KXETH15M-26APR281530-30,4b12868c-07ed-4e9f-3b5f-69fa52470a55,1777404191,0.39,100.0,no,"{""count_fp"":""100.00"",""created_time"":""2026-04-28T19:23:11.578645Z"",""no_price_dollars"":""0.6100"",""taker_side"":""no"",""ticker"":""KXETH15M-26APR281530-30"",""trade_id"":""4b12868c-07ed-4e9f-3b5f-69fa52470a55"",""yes_price_dollars"":""0.3900""}"
KXETH15M-26APR281530-30,1d83f715-ae60-4f07-08ae-e1a50a2d8569,1777404191,0.39,10.0,no,"{""count_fp"":""10.00"",""created_time"":""2026-04-28T19:23:11.578645Z"",""no_price_dollars"":""0.6100"",""taker_side"":""no"",""ticker"":""KXETH15M-26APR281530-30"",""trade_id"":""1d83f715-ae60-4f07-08ae-e1a50a2d8569"",""yes_price_dollars"":""0.3900""}"
KXETH15M-26APR281530-30,0ccb0683-9900-4610-03fc-ef6b4d27df70,1777404191,0.4,2.0,no,"{""count_fp"":""2.00"",""created_time"":""2026-04-28T19:23:11.578645Z"",""no_price_dollars"":""0.6000"",""taker_side"":""no"",""ticker"":""KXETH15M-26APR281530-30"",""trade_id"":""0ccb0683-9900-4610-03fc-ef6b4d27df70"",""yes_price_dollars"":""0.4000""}"
KXETH15M-26APR281530-30,fdd08de6-dad4-76c4-14a5-e51cfa79066e,1777404194,0.37,5.17,yes,"{""count_fp"":""5.17"",""created_time"":""2026-04-28T19:23:14.779132Z"",""no_price_dollars"":""0.6300"",""taker_side"":""yes"",""ticker"":""KXETH15M-26APR281530-30"",""trade_id"":""fdd08de6-dad4-76c4-14a5-e51cfa79066e"",""yes_price_dollars"":""0.3700""}"
KXETH15M-26APR281530-30,21f897d6-d790-4048-b6ca-4d6466d234b2,1777404194,0.37,2.58,yes,"{""count_fp"":""2.58"",""created_time"":""2026-04-28T19:23:14.013612Z"",""no_price_dollars"":""0.6300"",""taker_side"":""yes"",""ticker"":""KXETH15M-26APR281530-30"",""trade_id"":""21f897d6-d790-4048-b6ca-4d6466d234b2"",""yes_price_dollars"":""0.3700""}"
KXETH15M-26APR281530-30,979e4f0d-637b-519b-d07b-a0a4bc5205f9,1777404199,0.38,1.0,no,"{""count_fp"":""1.00"",""created_time"":""2026-04-28T19:23:19.526038Z"",""no_price_dollars"":""0.6200"",""taker_side"":""no"",""ticker"":""KXETH15M-26APR281530-30"",""trade_id"":""979e4f0d-637b-519b-d07b-a0a4bc5205f9"",""yes_price_dollars"":""0.3800""}"
KXETH15M-26APR281530-30,6447e3bd-0fc1-67dc-573f-c50764d0ee70,1777404207,0.4,4.73,yes,"{""count_fp"":""4.73"",""created_time"":""2026-04-28T19:23:27.406569Z"",""no_price_dollars"":""0.6000"",""taker_side"":""yes"",""ticker"":""KXETH15M-26APR281530-30"",""trade_id"":""6447e3bd-0fc1-67dc-573f-c50764d0ee70"",""yes_price_dollars"":""0.4000""}"
KXETH15M-26APR281530-30,e980b299-7dc8-49c6-809c-d41e6af440c1,1777404219,0.4,11.71,yes,"{""count_fp"":""11.71"",""created_time"":""2026-04-28T19:23:39.197621Z"",""no_price_dollars"":""0.6000"",""taker_side"":""yes"",""ticker"":""KXETH15M-26APR281530-30"",""trade_id"":""e980b299-7dc8-49c6-809c-d41e6af440c1"",""yes_price_dollars"":""0.4000""}"
KXETH15M-26APR281530-30,6ac92980-5564-586e-7704-6e2345ae04bd,1777404220,0.4,71.97,yes,"{""count_fp"":""71.97"",""created_time"":""2026-04-28T19:23:40.424858Z"",""no_price_dollars"":""0.6000"",""taker_side"":""yes"",""ticker"":""KXETH15M-26APR281530-30"",""trade_id"":""6ac92980-5564-586e-7704-6e2345ae04bd"",""yes_price_dollars"":""0.4000""}"
KXETH15M-26APR281530-30,a3d3e2be-7532-4a38-79c9-df0a1b2ed787,1777404221,0.4,2.0,yes,"{""count_fp"":""2.00"",""created_time"":""2026-04-28T19:23:41.003992Z"",""no_price_dollars"":""0.6000"",""taker_side"":""yes"",""ticker"":""KXETH15M-26APR281530-30"",""trade_id"":""a3d3e2be-7532-4a38-79c9-df0a1b2ed787"",""yes_price_dollars"":""0.4000""}"
KXETH15M-26APR281530-30,5212e88d-b209-4141-726f-e197bf682899,1777404221,0.42,2.0,yes,"{""count_fp"":""2.00"",""created_time"":""2026-04-28T19:23:41.003992Z"",""no_price_dollars"":""0.5800"",""taker_side"":""yes"",""ticker"":""KXETH15M-26APR281530-30"",""trade_id"":""5212e88d-b209-4141-726f-e197bf682899"",""yes_price_dollars"":""0.4200""}"
KXETH15M-26APR281530-30,a24cd07c-4a34-6beb-f6cb-4bb515bb557d,1777404223,0.46,2.0,yes,"{""count_fp"":""2.00"",""created_time"":""2026-04-28T19:23:43.922943Z"",""no_price_dollars"":""0.5400"",""taker_side"":""yes"",""ticker"":""KXETH15M-26APR281530-30"",""trade_id"":""a24cd07c-4a34-6beb-f6cb-4bb515bb557d"",""yes_price_dollars"":""0.4600""}"
KXETH15M-26APR281530-30,2e34ff31-7468-6ae5-f656-98ce29b21d82,1777404223,0.44,2.0,yes,"{""count_fp"":""2.00"",""created_time"":""2026-04-28T19:23:43.922943Z"",""no_price_dollars"":""0.5600"",""taker_side"":""yes"",""ticker"":""KXETH15M-26APR281530-30"",""trade_id"":""2e34ff31-7468-6ae5-f656-98ce29b21d82"",""yes_price_dollars"":""0.4400""}"
KXETH15M-26APR281530-30,2e1e2cb2-2409-60dc-f10c-b1b57c822fce,1777404223,0.47,6.0,yes,"{""count_fp"":""6.00"",""created_time"":""2026-04-28T19:23:43.922943Z"",""no_price_dollars"":""0.5300"",""taker_side"":""yes"",""ticker"":""KXETH15M-26APR281530-30"",""trade_id"":""2e1e2cb2-2409-60dc-f10c-b1b57c822fce"",""yes_price_dollars"":""0.4700""}"
KXETH15M-26APR281530-30,b02ddef3-1a77-5cf6-e79a-8e892703d962,1777404223,0.42,10.0,no,"{""count_fp"":""10.00"",""created_time"":""2026-04-28T19:23:43.217453Z"",""no_price_dollars"":""0.5800"",""taker_side"":""no"",""ticker"":""KXETH15M-26APR281530-30"",""trade_id"":""b02ddef3-1a77-5cf6-e79a-8e892703d962"",""yes_price_dollars"":""0.4200""}"
KXETH15M-26APR281530-30,a77a61ac-c870-533a-faf5-aa6108e2a972,1777404223,0.41,39.97,no,"{""count_fp"":""39.97"",""created_time"":""2026-04-28T19:23:43.217453Z"",""no_price_dollars"":""0.5900"",""taker_side"":""no"",""ticker"":""KXETH15M-26APR281530-30"",""trade_id"":""a77a61ac-c870-533a-faf5-aa6108e2a972"",""yes_price_dollars"":""0.4100""}"
KXETH15M-26APR281530-30,2ab79421-acc5-5fd0-f74e-925ef36fc389,1777404223,0.41,2.0,no,"{""count_fp"":""2.00"",""created_time"":""2026-04-28T19:23:43.217453Z"",""no_price_dollars"":""0.5900"",""taker_side"":""no"",""ticker"":""KXETH15M-26APR281530-30"",""trade_id"":""2ab79421-acc5-5fd0-f74e-925ef36fc389"",""yes_price_dollars"":""0.4100""}"
KXETH15M-26APR281530-30,0addcfa3-74c1-5715-c143-3200feb4f087,1777404223,0.42,100.0,no,"{""count_fp"":""100.00"",""created_time"":""2026-04-28T19:23:43.217453Z"",""no_price_dollars"":""0.5800"",""taker_side"":""no"",""ticker"":""KXETH15M-26APR281530-30"",""trade_id"":""0addcfa3-74c1-5715-c143-3200feb4f087"",""yes_price_dollars"":""0.4200""}"
KXETH15M-26APR281530-30,a077d991-6f6b-478b-8cb6-5fdd12fb75f1,1777404226,0.45,10.0,yes,"{""count_fp"":""10.00"",""created_time"":""2026-04-28T19:23:46.784103Z"",""no_price_dollars"":""0.5500"",""taker_side"":""yes"",""ticker"":""KXETH15M-26APR281530-30"",""trade_id"":""a077d991-6f6b-478b-8cb6-5fdd12fb75f1"",""yes_price_dollars"":""0.4500""}"
KXETH15M-26APR281530-30,4468736d-0fab-40ba-92af-65145f898cae,1777404226,0.45,100.0,yes,"{""count_fp"":""100.00"",""created_time"":""2026-04-28T19:23:46.784103Z"",""no_price_dollars"":""0.5500"",""taker_side"":""yes"",""ticker"":""KXETH15M-26APR281530-30"",""trade_id"":""4468736d-0fab-40ba-92af-65145f898cae"",""yes_price_dollars"":""0.4500""}"
KXETH15M-26APR281530-30,e8d71e7a-bc59-5806-a6a5-db3e81a55a84,1777404230,0.43,2.0,no,"{""count_fp"":""2.00"",""created_time"":""2026-04-28T19:23:50.900984Z"",""no_price_dollars"":""0.5700"",""taker_side"":""no"",""ticker"":""KXETH15M-26APR281530-30"",""trade_id"":""e8d71e7a-bc59-5806-a6a5-db3e81a55a84"",""yes_price_dollars"":""0.4300""}"
KXETH15M-26APR281530-30,8c537e91-cca1-547f-bc35-42c818c263fd,1777404230,0.43,10.0,no,"{""count_fp"":""10.00"",""created_time"":""2026-04-28T19:23:50.900984Z"",""no_price_dollars"":""0.5700"",""taker_side"":""no"",""ticker"":""KXETH15M-26APR281530-30"",""trade_id"":""8c537e91-cca1-547f-bc35-42c818c263fd"",""yes_price_dollars"":""0.4300""}"
KXETH15M-26APR281530-30,1c2c7fca-1840-75e0-7277-8e89226b2fda,1777404230,0.46,20.29,yes,"{""count_fp"":""20.29"",""created_time"":""2026-04-28T19:23:50.270369Z"",""no_price_dollars"":""0.5400"",""taker_side"":""yes"",""ticker"":""KXETH15M-26APR281530-30"",""trade_id"":""1c2c7fca-1840-75e0-7277-8e89226b2fda"",""yes_price_dollars"":""0.4600""}"
KXETH15M-26APR281530-30,f39d7505-48d0-7b2c-18d2-cebf63fdd302,1777404231,0.43,3.18,yes,"{""count_fp"":""3.18"",""created_time"":""2026-04-28T19:23:51.672236Z"",""no_price_dollars"":""0.5700"",""taker_side"":""yes"",""ticker"":""KXETH15M-26APR281530-30"",""trade_id"":""f39d7505-48d0-7b2c-18d2-cebf63fdd302"",""yes_price_dollars"":""0.4300""}"
KXETH15M-26APR281530-30,d5275063-d929-6302-67b4-0976b99b881f,1777404232,0.38,1.0,no,"{""count_fp"":""1.00"",""created_time"":""2026-04-28T19:23:52.995234Z"",""no_price_dollars"":""0.6200"",""taker_side"":""no"",""ticker"":""KXETH15M-26APR281530-30"",""trade_id"":""d5275063-d929-6302-67b4-0976b99b881f"",""yes_price_dollars"":""0.3800""}"
KXETH15M-26APR281530-30,a100f151-3d6b-6f38-4be0-9ca297da27ca,1777404232,0.38,8.0,no,"{""count_fp"":""8.00"",""created_time"":""2026-04-28T19:23:52.995234Z"",""no_price_dollars"":""0.6200"",""taker_side"":""no"",""ticker"":""KXETH15M-26APR281530-30"",""trade_id"":""a100f151-3d6b-6f38-4be0-9ca297da27ca"",""yes_price_dollars"":""0.3800""}"
KXETH15M-26APR281530-30,d04b38f8-f4bc-65c1-e012-b279a9f47b77,1777404232,0.41,2.0,no,"{""count_fp"":""2.00"",""created_time"":""2026-04-28T19:23:52.960647Z"",""no_price_dollars"":""0.5900"",""taker_side"":""no"",""ticker"":""KXETH15M-26APR281530-30"",""trade_id"":""d04b38f8-f4bc-65c1-e012-b279a9f47b77"",""yes_price_dollars"":""0.4100""}"
KXETH15M-26APR281530-30,3022f79a-be94-6061-ca47-a85d6bccc8cc,1777404232,0.39,5.0,no,"{""count_fp"":""5.00"",""created_time"":""2026-04-28T19:23:52.960647Z"",""no_price_dollars"":""0.6100"",""taker_side"":""no"",""ticker"":""KXETH15M-26APR281530-30"",""trade_id"":""3022f79a-be94-6061-ca47-a85d6bccc8cc"",""yes_price_dollars"":""0.3900""}"
KXETH15M-26APR281530-30,0e1b672d-6ff8-6c78-c701-9bd6d06762e6,1777404232,0.39,2.0,no,"{""count_fp"":""2.00"",""created_time"":""2026-04-28T19:23:52.960647Z"",""no_price_dollars"":""0.6100"",""taker_side"":""no"",""ticker"":""KXETH15M-26APR281530-30"",""trade_id"":""0e1b672d-6ff8-6c78-c701-9bd6d06762e6"",""yes_price_dollars"":""0.3900""}"
KXETH15M-26APR281530-30,c570bd7d-3f5f-76b4-3d42-f63c308a714e,1777404233,0.38,2.0,no,"{""count_fp"":""2.00"",""created_time"":""2026-04-28T19:23:53.009349Z"",""no_price_dollars"":""0.6200"",""taker_side"":""no"",""ticker"":""KXETH15M-26APR281530-30"",""trade_id"":""c570bd7d-3f5f-76b4-3d42-f63c308a714e"",""yes_price_dollars"":""0.3800""}"
KXETH15M-26APR281530-30,9d711401-ebd6-6198-a87e-89e00f6f4d33,1777404233,0.42,1.11,yes,"{""count_fp"":""1.11"",""created_time"":""2026-04-28T19:23:53.002623Z"",""no_price_dollars"":""0.5800"",""taker_side"":""yes"",""ticker"":""KXETH15M-26APR281530-30"",""trade_id"":""9d711401-ebd6-6198-a87e-89e00f6f4d33"",""yes_price_dollars"":""0.4200""}"
KXETH15M-26APR281530-30,321940df-c90b-4ea5-6792-c7a645b048bb,1777404235,0.35,4.5,no,"{""count_fp"":""4.50"",""created_time"":""2026-04-28T19:23:55.850113Z"",""no_price_dollars"":""0.6500"",""taker_side"":""no"",""ticker"":""KXETH15M-26APR281530-30"",""trade_id"":""321940df-c90b-4ea5-6792-c7a645b048bb"",""yes_price_dollars"":""0.3500""}"
KXETH15M-26APR281530-30,d82ca89e-09e8-4e83-3bf0-01e221b6baeb,1777404240,0.37,100.0,yes,"{""count_fp"":""100.00"",""created_time"":""2026-04-28T19:24:00.712257Z"",""no_price_dollars"":""0.6300"",""taker_side"":""yes"",""ticker"":""KXETH15M-26APR281530-30"",""trade_id"":""d82ca89e-09e8-4e83-3bf0-01e221b6baeb"",""yes_price_dollars"":""0.3700""}"
KXETH15M-26APR281530-30,df8b8d87-f076-6ad7-9222-078650b157ff,1777404240,0.38,10.0,yes,"{""count_fp"":""10.00"",""created_time"":""2026-04-28T19:24:00.306898Z"",""no_price_dollars"":""0.6200"",""taker_side"":""yes"",""ticker"":""KXETH15M-26APR281530-30"",""trade_id"":""df8b8d87-f076-6ad7-9222-078650b157ff"",""yes_price_dollars"":""0.3800""}"
KXETH15M-26APR281530-30,71c9d44f-7514-6a68-ae45-e58233481b16,1777404240,0.38,2.23,yes,"{""count_fp"":""2.23"",""created_time"":""2026-04-28T19:24:00.306898Z"",""no_price_dollars"":""0.6200"",""taker_side"":""yes"",""ticker"":""KXETH15M-26APR281530-30"",""trade_id"":""71c9d44f-7514-6a68-ae45-e58233481b16"",""yes_price_dollars"":""0.3800""}"
KXETH15M-26APR281530-30,9a83e194-55bd-5bf7-211f-bd65ced4dbc9,1777404241,0.37,4.64,no,"{""count_fp"":""4.64"",""created_time"":""2026-04-28T19:24:01.327613Z"",""no_price_dollars"":""0.6300"",""taker_side"":""no"",""ticker"":""KXETH15M-26APR281530-30"",""trade_id"":""9a83e194-55bd-5bf7-211f-bd65ced4dbc9"",""yes_price_dollars"":""0.3700""}"
KXETH15M-26APR281530-30,b6cdab66-0f3a-7234-2e43-fba9cf752ff1,1777404243,0.41,100.0,no,"{""count_fp"":""100.00"",""created_time"":""2026-04-28T19:24:03.954585Z"",""no_price_dollars"":""0.5900"",""taker_side"":""no"",""ticker"":""KXETH15M-26APR281530-30"",""trade_id"":""b6cdab66-0f3a-7234-2e43-fba9cf752ff1"",""yes_price_dollars"":""0.4100""}"
KXETH15M-26APR281530-30,3fe097f3-0d34-7d46-3b31-a057f8c3da1e,1777404243,0.4,79.68,no,"{""count_fp"":""79.68"",""created_time"":""2026-04-28T19:24:03.954585Z"",""no_price_dollars"":""0.6000"",""taker_side"":""no"",""ticker"":""KXETH15M-26APR281530-30"",""trade_id"":""3fe097f3-0d34-7d46-3b31-a057f8c3da1e"",""yes_price_dollars"":""0.4000""}"
KXETH15M-26APR281530-30,24a215ff-da56-74b1-12ff-1431c61ea353,1777404243,0.41,10.0,no,"{""count_fp"":""10.00"",""created_time"":""2026-04-28T19:24:03.954585Z"",""no_price_dollars"":""0.5900"",""taker_side"":""no"",""ticker"":""KXETH15M-26APR281530-30"",""trade_id"":""24a215ff-da56-74b1-12ff-1431c61ea353"",""yes_price_dollars"":""0.4100""}"
KXETH15M-26APR281530-30,70d8998e-6895-7552-d688-ef1d84b306a4,1777404245,0.45,3.0,yes,"{""count_fp"":""3.00"",""created_time"":""2026-04-28T19:24:05.989995Z"",""no_price_dollars"":""0.5500"",""taker_side"":""yes"",""ticker"":""KXETH15M-26APR281530-30"",""trade_id"":""70d8998e-6895-7552-d688-ef1d84b306a4"",""yes_price_dollars"":""0.4500""}"
KXETH15M-26APR281530-30,4a047236-5589-759e-c845-57cda17a1322,1777404245,0.45,2.0,yes,"{""count_fp"":""2.00"",""created_time"":""2026-04-28T19:24:05.989995Z"",""no_price_dollars"":""0.5500"",""taker_side"":""yes"",""ticker"":""KXETH15M-26APR281530-30"",""trade_id"":""4a047236-5589-759e-c845-57cda17a1322"",""yes_price_dollars"":""0.4500""}"
KXETH15M-26APR281530-30,9f3ef572-4a3e-6d87-c40d-c4c0c5902043,1777404246,0.44,10.0,no,"{""count_fp"":""10.00"",""created_time"":""2026-04-28T19:24:06.355806Z"",""no_price_dollars"":""0.5600"",""taker_side"":""no"",""ticker"":""KXETH15M-26APR281530-30"",""trade_id"":""9f3ef572-4a3e-6d87-c40d-c4c0c5902043"",""yes_price_dollars"":""0.4400""}"
KXETH15M-26APR281530-30,43ef2dff-2334-6d46-f191-e1a93763a30f,1777404246,0.44,6.47,no,"{""count_fp"":""6.47"",""created_time"":""2026-04-28T19:24:06.355806Z"",""no_price_dollars"":""0.5600"",""taker_side"":""no"",""ticker"":""KXETH15M-26APR281530-30"",""trade_id"":""43ef2dff-2334-6d46-f191-e1a93763a30f"",""yes_price_dollars"":""0.4400""}"
KXETH15M-26APR281530-30,f2ca391d-41c8-7a46-8fdd-da3949283a35,1777404246,0.47,9.32,yes,"{""count_fp"":""9.32"",""created_time"":""2026-04-28T19:24:06.206549Z"",""no_price_dollars"":""0.5300"",""taker_side"":""yes"",""ticker"":""KXETH15M-26APR281530-30"",""trade_id"":""f2ca391d-41c8-7a46-8fdd-da3949283a35"",""yes_price_dollars"":""0.4700""}"
KXETH15M-26APR281530-30,de507e8a-9ea9-799a-846b-726807f0748c,1777404246,0.46,10.0,yes,"{""count_fp"":""10.00"",""created_time"":""2026-04-28T19:24:06.206549Z"",""no_price_dollars"":""0.5400"",""taker_side"":""yes"",""ticker"":""KXETH15M-26APR281530-30"",""trade_id"":""de507e8a-9ea9-799a-846b-726807f0748c"",""yes_price_dollars"":""0.4600""}"
KXETH15M-26APR281530-30,9893ddfd-dd9d-73e1-b1b0-d2939d45598a,1777404246,0.46,11.7,yes,"{""count_fp"":""11.70"",""created_time"":""2026-04-28T19:24:06.206549Z"",""no_price_dollars"":""0.5400"",""taker_side"":""yes"",""ticker"":""KXETH15M-26APR281530-30"",""trade_id"":""9893ddfd-dd9d-73e1-b1b0-d2939d45598a"",""yes_price_dollars"":""0.4600""}"
KXETH15M-26APR281530-30,e3974433-74d3-50c8-aa72-f60d5dcdcba7,1777404253,0.43,2.0,no,"{""count_fp"":""2.00"",""created_time"":""2026-04-28T19:24:13.334005Z"",""no_price_dollars"":""0.5700"",""taker_side"":""no"",""ticker"":""KXETH15M-26APR281530-30"",""trade_id"":""e3974433-74d3-50c8-aa72-f60d5dcdcba7"",""yes_price_dollars"":""0.4300""}"
KXETH15M-26APR281530-30,99783dd5-4208-5f41-b961-6aa8994af615,1777404253,0.42,10.0,no,"{""count_fp"":""10.00"",""created_time"":""2026-04-28T19:24:13.334005Z"",""no_price_dollars"":""0.5800"",""taker_side"":""no"",""ticker"":""KXETH15M-26APR281530-30"",""trade_id"":""99783dd5-4208-5f41-b961-6aa8994af615"",""yes_price_dollars"":""0.4200""}"
KXETH15M-26APR281530-30,234640f6-0f10-4980-6d6d-7d75f3cdee72,1777404265,0.39,21.59,yes,"{""count_fp"":""21.59"",""created_time"":""2026-04-28T19:24:25.935099Z"",""no_price_dollars"":""0.6100"",""taker_side"":""yes"",""ticker"":""KXETH15M-26APR281530-30"",""trade_id"":""234640f6-0f10-4980-6d6d-7d75f3cdee72"",""yes_price_dollars"":""0.3900""}"
KXETH15M-26APR281530-30,9e8e10f2-9528-5206-b24a-64b511efeac0,1777404267,0.38,12.29,yes,"{""count_fp"":""12.29"",""created_time"":""2026-04-28T19:24:27.063161Z"",""no_price_dollars"":""0.6200"",""taker_side"":""yes"",""ticker"":""KXETH15M-26APR281530-30"",""trade_id"":""9e8e10f2-9528-5206-b24a-64b511efeac0"",""yes_price_dollars"":""0.3800""}"
KXETH15M-26APR281530-30,c29efd4d-e111-7146-2804-f26a020d6eab,1777404283,0.38,5.0,no,"{""count_fp"":""5.00"",""created_time"":""2026-04-28T19:24:43.249144Z"",""no_price_dollars"":""0.6200"",""taker_side"":""no"",""ticker"":""KXETH15M-26APR281530-30"",""trade_id"":""c29efd4d-e111-7146-2804-f26a020d6eab"",""yes_price_dollars"":""0.3800""}"
KXETH15M-26APR281530-30,83e19595-d256-7975-26db-5a20d4974025,1777404283,0.36,10.0,no,"{""count_fp"":""10.00"",""created_time"":""2026-04-28T19:24:43.249144Z"",""no_price_dollars"":""0.6400"",""taker_side"":""no"",""ticker"":""KXETH15M-26APR281530-30"",""trade_id"":""83e19595-d256-7975-26db-5a20d4974025"",""yes_price_dollars"":""0.3600""}"
KXETH15M-26APR281530-30,f6c45226-c9fa-43e2-aa51-70883fc1d727,1777404287,0.32,1.0,no,"{""count_fp"":""1.00"",""created_time"":""2026-04-28T19:24:47.139723Z"",""no_price_dollars"":""0.6800"",""taker_side"":""no"",""ticker"":""KXETH15M-26APR281530-30"",""trade_id"":""f6c45226-c9fa-43e2-aa51-70883fc1d727"",""yes_price_dollars"":""0.3200""}"
KXETH15M-26APR281530-30,7d21bb1e-c6a7-5eff-06d3-d134c2566881,1777404289,0.33,1.0,no,"{""count_fp"":""1.00"",""created_time"":""2026-04-28T19:24:49.245812Z"",""no_price_dollars"":""0.6700"",""taker_side"":""no"",""ticker"":""KXETH15M-26APR281530-30"",""trade_id"":""7d21bb1e-c6a7-5eff-06d3-d134c2566881"",""yes_price_dollars"":""0.3300""}"
KXETH15M-26APR281530-30,8c118856-5c9e-4c8d-5be8-1efe3a318903,1777404291,0.32,1.0,no,"{""count_fp"":""1.00"",""created_time"":""2026-04-28T19:24:51.862919Z"",""no_price_dollars"":""0.6800"",""taker_side"":""no"",""ticker"":""KXETH15M-26APR281530-30"",""trade_id"":""8c118856-5c9e-4c8d-5be8-1efe3a318903"",""yes_price_dollars"":""0.3200""}"
KXETH15M-26APR281530-30,00d755ef-5d20-64ae-2c26-21073363a0f4,1777404295,0.34,2.0,yes,"{""count_fp"":""2.00"",""created_time"":""2026-04-28T19:24:55.279912Z"",""no_price_dollars"":""0.6600"",""taker_side"":""yes"",""ticker"":""KXETH15M-26APR281530-30"",""trade_id"":""00d755ef-5d20-64ae-2c26-21073363a0f4"",""yes_price_dollars"":""0.3400""}"
KXETH15M-26APR281530-30,ff7fdd9f-b39c-693c-4c79-9598eb4c43be,1777404297,0.39,60.0,yes,"{""count_fp"":""60.00"",""created_time"":""2026-04-28T19:24:57.023327Z"",""no_price_dollars"":""0.6100"",""taker_side"":""yes"",""ticker"":""KXETH15M-26APR281530-30"",""trade_id"":""ff7fdd9f-b39c-693c-4c79-9598eb4c43be"",""yes_price_dollars"":""0.3900""}"
KXETH15M-26APR281530-30,d2044d38-c158-6574-6fa2-e2fba7c7504a,1777404297,0.39,550.15,yes,"{""count_fp"":""550.15"",""created_time"":""2026-04-28T19:24:57.023327Z"",""no_price_dollars"":""0.6100"",""taker_side"":""yes"",""ticker"":""KXETH15M-26APR281530-30"",""trade_id"":""d2044d38-c158-6574-6fa2-e2fba7c7504a"",""yes_price_dollars"":""0.3900""}"
KXETH15M-26APR281530-30,bc5862fa-edea-6752-77c6-5ae7169db182,1777404297,0.38,10.0,yes,"{""count_fp"":""10.00"",""created_time"":""2026-04-28T19:24:57.023327Z"",""no_price_dollars"":""0.6200"",""taker_side"":""yes"",""ticker"":""KXETH15M-26APR281530-30"",""trade_id"":""bc5862fa-edea-6752-77c6-5ae7169db182"",""yes_price_dollars"":""0.3800""}"
KXETH15M-26APR281530-30,2f609f4b-ed03-6996-5ccf-74b95dadd6e2,1777404297,0.36,2.0,yes,"{""count_fp"":""2.00"",""created_time"":""2026-04-28T19:24:57.023327Z"",""no_price_dollars"":""0.6400"",""taker_side"":""yes"",""ticker"":""KXETH15M-26APR281530-30"",""trade_id"":""2f609f4b-ed03-6996-5ccf-74b95dadd6e2"",""yes_price_dollars"":""0.3600""}"
KXETH15M-26APR281530-30,1d42ec5a-5fac-65c6-5163-0107ceb8e83b,1777404297,0.38,2.0,yes,"{""count_fp"":""2.00"",""created_time"":""2026-04-28T19:24:57.023327Z"",""no_price_dollars"":""0.6200"",""taker_side"":""yes"",""ticker"":""KXETH15M-26APR281530-30"",""trade_id"":""1d42ec5a-5fac-65c6-5163-0107ceb8e83b"",""yes_price_dollars"":""0.3800""}"
KXETH15M-26APR281530-30,90512de6-1546-7bb2-e8ad-d8bc8354badd,1777404297,0.34,10.0,yes,"{""count_fp"":""10.00"",""created_time"":""2026-04-28T19:24:57.022281Z"",""no_price_dollars"":""0.6600"",""taker_side"":""yes"",""ticker"":""KXETH15M-26APR281530-30"",""trade_id"":""90512de6-1546-7bb2-e8ad-d8bc8354badd"",""yes_price_dollars"":""0.3400""}"
KXETH15M-26APR281530-30,8307516b-3ea0-7abe-d255-dc7513336890,1777404297,0.34,98.0,yes,"{""count_fp"":""98.00"",""created_time"":""2026-04-28T19:24:57.022281Z"",""no_price_dollars"":""0.6600"",""taker_side"":""yes"",""ticker"":""KXETH15M-26APR281530-30"",""trade_id"":""8307516b-3ea0-7abe-d255-dc7513336890"",""yes_price_dollars"":""0.3400""}"
KXETH15M-26APR281530-30,7a471e82-82dc-7343-e111-db2704a45661,1777404297,0.34,2.0,yes,"{""count_fp"":""2.00"",""created_time"":""2026-04-28T19:24:57.022281Z"",""no_price_dollars"":""0.6600"",""taker_side"":""yes"",""ticker"":""KXETH15M-26APR281530-30"",""trade_id"":""7a471e82-82dc-7343-e111-db2704a45661"",""yes_price_dollars"":""0.3400""}"
KXETH15M-26APR281530-30,25a0e620-c192-6618-c45e-effb58d63804,1777404300,0.37,1.0,no,"{""count_fp"":""1.00"",""created_time"":""2026-04-28T19:25:00.573245Z"",""no_price_dollars"":""0.6300"",""taker_side"":""no"",""ticker"":""KXETH15M-26APR281530-30"",""trade_id"":""25a0e620-c192-6618-c45e-effb58d63804"",""yes_price_dollars"":""0.3700""}"
