ticker,trade_id,ts,yes_price,count,taker_side,raw_json
KXETH15M-26APR271500-00,95b96d34-e3d1-7a8c-b7d5-f0dc48ec979a,1777315509,0.6,5.0,yes,"{""count_fp"":""5.00"",""created_time"":""2026-04-27T18:45:09.962272Z"",""no_price_dollars"":""0.4000"",""taker_side"":""yes"",""ticker"":""KXETH15M-26APR271500-00"",""trade_id"":""95b96d34-e3d1-7a8c-b7d5-f0dc48ec979a"",""yes_price_dollars"":""0.6000""}"
KXETH15M-26APR271500-00,0f84e0fd-e29e-4e6a-569a-023b2669ef12,1777315510,0.38,200.0,no,"{""count_fp"":""200.00"",""created_time"":""2026-04-27T18:45:10.661115Z"",""no_price_dollars"":""0.6200"",""taker_side"":""no"",""ticker"":""KXETH15M-26APR271500-00"",""trade_id"":""0f84e0fd-e29e-4e6a-569a-023b2669ef12"",""yes_price_dollars"":""0.3800""}"
KXETH15M-26APR271500-00,53812f10-dd30-535b-da3a-70db2614cc8f,1777315515,0.42,8.1,no,"{""count_fp"":""8.10"",""created_time"":""2026-04-27T18:45:15.309714Z"",""no_price_dollars"":""0.5800"",""taker_side"":""no"",""ticker"":""KXETH15M-26APR271500-00"",""trade_id"":""53812f10-dd30-535b-da3a-70db2614cc8f"",""yes_price_dollars"":""0.4200""}"
KXETH15M-26APR271500-00,832fba87-94f2-6333-624b-398d9b78ff7b,1777315520,0.46,4.18,yes,"{""count_fp"":""4.18"",""created_time"":""2026-04-27T18:45:20.365096Z"",""no_price_dollars"":""0.5400"",""taker_side"":""yes"",""ticker"":""KXETH15M-26APR271500-00"",""trade_id"":""832fba87-94f2-6333-624b-398d9b78ff7b"",""yes_price_dollars"":""0.4600""}"
KXETH15M-26APR271500-00,f1a3aa26-36e4-5e07-4c8d-7317d82320cb,1777315522,0.45,20.0,no,"{""count_fp"":""20.00"",""created_time"":""2026-04-27T18:45:22.958305Z"",""no_price_dollars"":""0.5500"",""taker_side"":""no"",""ticker"":""KXETH15M-26APR271500-00"",""trade_id"":""f1a3aa26-36e4-5e07-4c8d-7317d82320cb"",""yes_price_dollars"":""0.4500""}"
KXETH15M-26APR271500-00,f5f160f6-b3e0-6a07-4b8b-43f985c633bb,1777315523,0.45,87.0,no,"{""count_fp"":""87.00"",""created_time"":""2026-04-27T18:45:23.786645Z"",""no_price_dollars"":""0.5500"",""taker_side"":""no"",""ticker"":""KXETH15M-26APR271500-00"",""trade_id"":""f5f160f6-b3e0-6a07-4b8b-43f985c633bb"",""yes_price_dollars"":""0.4500""}"
KXETH15M-26APR271500-00,e7acddbb-9544-590f-ed92-4de95d16a1fe,1777315524,0.46,0.61,yes,"{""count_fp"":""0.61"",""created_time"":""2026-04-27T18:45:24.414091Z"",""no_price_dollars"":""0.5400"",""taker_side"":""yes"",""ticker"":""KXETH15M-26APR271500-00"",""trade_id"":""e7acddbb-9544-590f-ed92-4de95d16a1fe"",""yes_price_dollars"":""0.4600""}"
KXETH15M-26APR271500-00,94927ce0-152a-747b-32d8-897bf7ac057f,1777315524,0.46,9.61,yes,"{""count_fp"":""9.61"",""created_time"":""2026-04-27T18:45:24.392732Z"",""no_price_dollars"":""0.5400"",""taker_side"":""yes"",""ticker"":""KXETH15M-26APR271500-00"",""trade_id"":""94927ce0-152a-747b-32d8-897bf7ac057f"",""yes_price_dollars"":""0.4600""}"
KXETH15M-26APR271500-00,046c6f81-fa70-771b-1602-2d2665e49d92,1777315524,0.46,5.39,yes,"{""count_fp"":""5.39"",""created_time"":""2026-04-27T18:45:24.392732Z"",""no_price_dollars"":""0.5400"",""taker_side"":""yes"",""ticker"":""KXETH15M-26APR271500-00"",""trade_id"":""046c6f81-fa70-771b-1602-2d2665e49d92"",""yes_price_dollars"":""0.4600""}"
KXETH15M-26APR271500-00,e0815ef3-f358-645b-c1b9-7e7b347c97df,1777315527,0.45,8.28,no,"{""count_fp"":""8.28"",""created_time"":""2026-04-27T18:45:27.778311Z"",""no_price_dollars"":""0.5500"",""taker_side"":""no"",""ticker"":""KXETH15M-26APR271500-00"",""trade_id"":""e0815ef3-f358-645b-c1b9-7e7b347c97df"",""yes_price_dollars"":""0.4500""}"
KXETH15M-26APR271500-00,4181bc59-8020-689b-c878-fc8595d86413,1777315530,0.45,35.23,no,"{""count_fp"":""35.23"",""created_time"":""2026-04-27T18:45:30.125619Z"",""no_price_dollars"":""0.5500"",""taker_side"":""no"",""ticker"":""KXETH15M-26APR271500-00"",""trade_id"":""4181bc59-8020-689b-c878-fc8595d86413"",""yes_price_dollars"":""0.4500""}"
KXETH15M-26APR271500-00,55355073-3858-669f-cac4-4e077930f8ba,1777315531,0.46,10.0,no,"{""count_fp"":""10.00"",""created_time"":""2026-04-27T18:45:31.843124Z"",""no_price_dollars"":""0.5400"",""taker_side"":""no"",""ticker"":""KXETH15M-26APR271500-00"",""trade_id"":""55355073-3858-669f-cac4-4e077930f8ba"",""yes_price_dollars"":""0.4600""}"
KXETH15M-26APR271500-00,a5664685-06d1-643e-c503-92dc249aab30,1777315534,0.43,10.24,yes,"{""count_fp"":""10.24"",""created_time"":""2026-04-27T18:45:34.026959Z"",""no_price_dollars"":""0.5700"",""taker_side"":""yes"",""ticker"":""KXETH15M-26APR271500-00"",""trade_id"":""a5664685-06d1-643e-c503-92dc249aab30"",""yes_price_dollars"":""0.4300""}"
KXETH15M-26APR271500-00,66319be8-bc75-6146-8ad4-ca5357839d94,1777315535,0.43,1.23,yes,"{""count_fp"":""1.23"",""created_time"":""2026-04-27T18:45:35.694253Z"",""no_price_dollars"":""0.5700"",""taker_side"":""yes"",""ticker"":""KXETH15M-26APR271500-00"",""trade_id"":""66319be8-bc75-6146-8ad4-ca5357839d94"",""yes_price_dollars"":""0.4300""}"
KXETH15M-26APR271500-00,50cc9c1b-0190-641d-b35c-f96d1c3e9c87,1777315535,0.43,60.0,yes,"{""count_fp"":""60.00"",""created_time"":""2026-04-27T18:45:35.694253Z"",""no_price_dollars"":""0.5700"",""taker_side"":""yes"",""ticker"":""KXETH15M-26APR271500-00"",""trade_id"":""50cc9c1b-0190-641d-b35c-f96d1c3e9c87"",""yes_price_dollars"":""0.4300""}"
KXETH15M-26APR271500-00,71c457e3-9584-679b-b2ec-19d3c4ea5d63,1777315541,0.41,1.0,no,"{""count_fp"":""1.00"",""created_time"":""2026-04-27T18:45:41.968988Z"",""no_price_dollars"":""0.5900"",""taker_side"":""no"",""ticker"":""KXETH15M-26APR271500-00"",""trade_id"":""71c457e3-9584-679b-b2ec-19d3c4ea5d63"",""yes_price_dollars"":""0.4100""}"
KXETH15M-26APR271500-00,3d1a5e7f-b853-6994-e6c0-d9414403cf27,1777315541,0.44,1.0,no,"{""count_fp"":""1.00"",""created_time"":""2026-04-27T18:45:41.256902Z"",""no_price_dollars"":""0.5600"",""taker_side"":""no"",""ticker"":""KXETH15M-26APR271500-00"",""trade_id"":""3d1a5e7f-b853-6994-e6c0-d9414403cf27"",""yes_price_dollars"":""0.4400""}"
KXETH15M-26APR271500-00,7a11b6ba-4116-6acf-ad5e-6b7f9c98c384,1777315551,0.46,33.0,yes,"{""count_fp"":""33.00"",""created_time"":""2026-04-27T18:45:51.987049Z"",""no_price_dollars"":""0.5400"",""taker_side"":""yes"",""ticker"":""KXETH15M-26APR271500-00"",""trade_id"":""7a11b6ba-4116-6acf-ad5e-6b7f9c98c384"",""yes_price_dollars"":""0.4600""}"
KXETH15M-26APR271500-00,682370b2-a78f-6d0d-a3dc-7fad5f3a8abc,1777315551,0.46,1.0,yes,"{""count_fp"":""1.00"",""created_time"":""2026-04-27T18:45:51.987049Z"",""no_price_dollars"":""0.5400"",""taker_side"":""yes"",""ticker"":""KXETH15M-26APR271500-00"",""trade_id"":""682370b2-a78f-6d0d-a3dc-7fad5f3a8abc"",""yes_price_dollars"":""0.4600""}"
KXETH15M-26APR271500-00,9890c0b5-cfa9-41de-44af-b1753cd051c8,1777315551,0.43,1.0,yes,"{""count_fp"":""1.00"",""created_time"":""2026-04-27T18:45:51.958882Z"",""no_price_dollars"":""0.5700"",""taker_side"":""yes"",""ticker"":""KXETH15M-26APR271500-00"",""trade_id"":""9890c0b5-cfa9-41de-44af-b1753cd051c8"",""yes_price_dollars"":""0.4300""}"
KXETH15M-26APR271500-00,3f3a6bda-b325-4663-4df0-81e3e92d7ef1,1777315551,0.45,33.0,yes,"{""count_fp"":""33.00"",""created_time"":""2026-04-27T18:45:51.958882Z"",""no_price_dollars"":""0.5500"",""taker_side"":""yes"",""ticker"":""KXETH15M-26APR271500-00"",""trade_id"":""3f3a6bda-b325-4663-4df0-81e3e92d7ef1"",""yes_price_dollars"":""0.4500""}"
KXETH15M-26APR271500-00,0d5558f8-aa78-5e53-b4fb-b767f5ec1573,1777315552,0.46,10.0,no,"{""count_fp"":""10.00"",""created_time"":""2026-04-27T18:45:52.126937Z"",""no_price_dollars"":""0.5400"",""taker_side"":""no"",""ticker"":""KXETH15M-26APR271500-00"",""trade_id"":""0d5558f8-aa78-5e53-b4fb-b767f5ec1573"",""yes_price_dollars"":""0.4600""}"
KXETH15M-26APR271500-00,e7c7a826-1725-792a-2255-9614d101a653,1777315555,0.48,50.0,yes,"{""count_fp"":""50.00"",""created_time"":""2026-04-27T18:45:55.689338Z"",""no_price_dollars"":""0.5200"",""taker_side"":""yes"",""ticker"":""KXETH15M-26APR271500-00"",""trade_id"":""e7c7a826-1725-792a-2255-9614d101a653"",""yes_price_dollars"":""0.4800""}"
KXETH15M-26APR271500-00,3368aaa2-d97c-7385-24e4-c689728b3c9a,1777315555,0.48,1.0,yes,"{""count_fp"":""1.00"",""created_time"":""2026-04-27T18:45:55.689338Z"",""no_price_dollars"":""0.5200"",""taker_side"":""yes"",""ticker"":""KXETH15M-26APR271500-00"",""trade_id"":""3368aaa2-d97c-7385-24e4-c689728b3c9a"",""yes_price_dollars"":""0.4800""}"
KXETH15M-26APR271500-00,53f34553-4f9d-70a5-edff-a7d7d6593b5c,1777315556,0.53,10.0,yes,"{""count_fp"":""10.00"",""created_time"":""2026-04-27T18:45:56.714487Z"",""no_price_dollars"":""0.4700"",""taker_side"":""yes"",""ticker"":""KXETH15M-26APR271500-00"",""trade_id"":""53f34553-4f9d-70a5-edff-a7d7d6593b5c"",""yes_price_dollars"":""0.5300""}"
KXETH15M-26APR271500-00,200503a4-fbaa-7ee1-fc1b-d769889a28d8,1777315556,0.51,1.0,yes,"{""count_fp"":""1.00"",""created_time"":""2026-04-27T18:45:56.714487Z"",""no_price_dollars"":""0.4900"",""taker_side"":""yes"",""ticker"":""KXETH15M-26APR271500-00"",""trade_id"":""200503a4-fbaa-7ee1-fc1b-d769889a28d8"",""yes_price_dollars"":""0.5100""}"
KXETH15M-26APR271500-00,5794e641-4121-7a39-bbc1-02efdc85fb71,1777315556,0.5,2.0,yes,"{""count_fp"":""2.00"",""created_time"":""2026-04-27T18:45:56.623789Z"",""no_price_dollars"":""0.5000"",""taker_side"":""yes"",""ticker"":""KXETH15M-26APR271500-00"",""trade_id"":""5794e641-4121-7a39-bbc1-02efdc85fb71"",""yes_price_dollars"":""0.5000""}"
KXETH15M-26APR271500-00,79475c7c-bc93-7c8b-ba11-58020f84d451,1777315556,0.49,1.0,yes,"{""count_fp"":""1.00"",""created_time"":""2026-04-27T18:45:56.602021Z"",""no_price_dollars"":""0.5100"",""taker_side"":""yes"",""ticker"":""KXETH15M-26APR271500-00"",""trade_id"":""79475c7c-bc93-7c8b-ba11-58020f84d451"",""yes_price_dollars"":""0.4900""}"
KXETH15M-26APR271500-00,c3ff3233-5ec0-4f3b-f9e4-29fe9c499b2b,1777315558,0.54,88.0,no,"{""count_fp"":""88.00"",""created_time"":""2026-04-27T18:45:58.225277Z"",""no_price_dollars"":""0.4600"",""taker_side"":""no"",""ticker"":""KXETH15M-26APR271500-00"",""trade_id"":""c3ff3233-5ec0-4f3b-f9e4-29fe9c499b2b"",""yes_price_dollars"":""0.5400""}"
KXETH15M-26APR271500-00,fd7025f3-980c-7d07-e42f-4a2159c5913b,1777315559,0.54,9.3,no,"{""count_fp"":""9.30"",""created_time"":""2026-04-27T18:45:59.380721Z"",""no_price_dollars"":""0.4600"",""taker_side"":""no"",""ticker"":""KXETH15M-26APR271500-00"",""trade_id"":""fd7025f3-980c-7d07-e42f-4a2159c5913b"",""yes_price_dollars"":""0.5400""}"
KXETH15M-26APR271500-00,53250918-c199-7d8b-923a-721ac4459039,1777315560,0.55,1.0,yes,"{""count_fp"":""1.00"",""created_time"":""2026-04-27T18:46:00.712749Z"",""no_price_dollars"":""0.4500"",""taker_side"":""yes"",""ticker"":""KXETH15M-26APR271500-00"",""trade_id"":""53250918-c199-7d8b-923a-721ac4459039"",""yes_price_dollars"":""0.5500""}"
KXETH15M-26APR271500-00,3cc011bc-333c-429b-70ac-6e2efa55aacb,1777315561,0.58,114.4,no,"{""count_fp"":""114.40"",""created_time"":""2026-04-27T18:46:01.965229Z"",""no_price_dollars"":""0.4200"",""taker_side"":""no"",""ticker"":""KXETH15M-26APR271500-00"",""trade_id"":""3cc011bc-333c-429b-70ac-6e2efa55aacb"",""yes_price_dollars"":""0.5800""}"
KXETH15M-26APR271500-00,45e987a9-e65c-568f-f94d-84be0d46469f,1777315562,0.58,40.0,no,"{""count_fp"":""40.00"",""created_time"":""2026-04-27T18:46:02.096204Z"",""no_price_dollars"":""0.4200"",""taker_side"":""no"",""ticker"":""KXETH15M-26APR271500-00"",""trade_id"":""45e987a9-e65c-568f-f94d-84be0d46469f"",""yes_price_dollars"":""0.5800""}"
KXETH15M-26APR271500-00,de356224-9641-6b9e-b32d-60d31617dda0,1777315565,0.58,21.17,yes,"{""count_fp"":""21.17"",""created_time"":""2026-04-27T18:46:05.702732Z"",""no_price_dollars"":""0.4200"",""taker_side"":""yes"",""ticker"":""KXETH15M-26APR271500-00"",""trade_id"":""de356224-9641-6b9e-b32d-60d31617dda0"",""yes_price_dollars"":""0.5800""}"
KXETH15M-26APR271500-00,5ba8b194-b9c7-6f06-a2f8-aee6d6c00c38,1777315565,0.57,1.0,yes,"{""count_fp"":""1.00"",""created_time"":""2026-04-27T18:46:05.702732Z"",""no_price_dollars"":""0.4300"",""taker_side"":""yes"",""ticker"":""KXETH15M-26APR271500-00"",""trade_id"":""5ba8b194-b9c7-6f06-a2f8-aee6d6c00c38"",""yes_price_dollars"":""0.5700""}"
KXETH15M-26APR271500-00,5a576640-1c75-518f-3556-c00166742470,1777315567,0.55,0.16,yes,"{""count_fp"":""0.16"",""created_time"":""2026-04-27T18:46:07.855713Z"",""no_price_dollars"":""0.4500"",""taker_side"":""yes"",""ticker"":""KXETH15M-26APR271500-00"",""trade_id"":""5a576640-1c75-518f-3556-c00166742470"",""yes_price_dollars"":""0.5500""}"
KXETH15M-26APR271500-00,69ead176-d7f0-6c5a-9c83-ade127fdd711,1777315567,0.58,2.23,yes,"{""count_fp"":""2.23"",""created_time"":""2026-04-27T18:46:07.477511Z"",""no_price_dollars"":""0.4200"",""taker_side"":""yes"",""ticker"":""KXETH15M-26APR271500-00"",""trade_id"":""69ead176-d7f0-6c5a-9c83-ade127fdd711"",""yes_price_dollars"":""0.5800""}"
KXETH15M-26APR271500-00,3ee94432-484d-695a-8bfc-6cca9732a9bd,1777315567,0.55,1.0,yes,"{""count_fp"":""1.00"",""created_time"":""2026-04-27T18:46:07.477511Z"",""no_price_dollars"":""0.4500"",""taker_side"":""yes"",""ticker"":""KXETH15M-26APR271500-00"",""trade_id"":""3ee94432-484d-695a-8bfc-6cca9732a9bd"",""yes_price_dollars"":""0.5500""}"
KXETH15M-26APR271500-00,ffd9d2ac-be3c-6830-4ddb-67254f180eba,1777315567,0.57,2.23,yes,"{""count_fp"":""2.23"",""created_time"":""2026-04-27T18:46:07.145584Z"",""no_price_dollars"":""0.4300"",""taker_side"":""yes"",""ticker"":""KXETH15M-26APR271500-00"",""trade_id"":""ffd9d2ac-be3c-6830-4ddb-67254f180eba"",""yes_price_dollars"":""0.5700""}"
KXETH15M-26APR271500-00,6d7b45a1-8f13-602f-498a-03a825759ddc,1777315567,0.55,1.0,yes,"{""count_fp"":""1.00"",""created_time"":""2026-04-27T18:46:07.145584Z"",""no_price_dollars"":""0.4500"",""taker_side"":""yes"",""ticker"":""KXETH15M-26APR271500-00"",""trade_id"":""6d7b45a1-8f13-602f-498a-03a825759ddc"",""yes_price_dollars"":""0.5500""}"
KXETH15M-26APR271500-00,a3fdcd0d-194b-7f87-83a4-2110dcc967f9,1777315570,0.54,1.0,yes,"{""count_fp"":""1.00"",""created_time"":""2026-04-27T18:46:10.506201Z"",""no_price_dollars"":""0.4600"",""taker_side"":""yes"",""ticker"":""KXETH15M-26APR271500-00"",""trade_id"":""a3fdcd0d-194b-7f87-83a4-2110dcc967f9"",""yes_price_dollars"":""0.5400""}"
KXETH15M-26APR271500-00,e1c07dcd-3df7-52d9-d11e-006eaafb6569,1777315570,0.55,1.0,yes,"{""count_fp"":""1.00"",""created_time"":""2026-04-27T18:46:10.213956Z"",""no_price_dollars"":""0.4500"",""taker_side"":""yes"",""ticker"":""KXETH15M-26APR271500-00"",""trade_id"":""e1c07dcd-3df7-52d9-d11e-006eaafb6569"",""yes_price_dollars"":""0.5500""}"
KXETH15M-26APR271500-00,d3459473-39e1-5ce6-d3fd-5aa4c83607eb,1777315570,0.54,1.0,yes,"{""count_fp"":""1.00"",""created_time"":""2026-04-27T18:46:10.213956Z"",""no_price_dollars"":""0.4600"",""taker_side"":""yes"",""ticker"":""KXETH15M-26APR271500-00"",""trade_id"":""d3459473-39e1-5ce6-d3fd-5aa4c83607eb"",""yes_price_dollars"":""0.5400""}"
KXETH15M-26APR271500-00,0bbe7c8d-3927-4ec7-6091-171bc3e73cdf,1777315574,0.53,2.05,no,"{""count_fp"":""2.05"",""created_time"":""2026-04-27T18:46:14.280621Z"",""no_price_dollars"":""0.4700"",""taker_side"":""no"",""ticker"":""KXETH15M-26APR271500-00"",""trade_id"":""0bbe7c8d-3927-4ec7-6091-171bc3e73cdf"",""yes_price_dollars"":""0.5300""}"
KXETH15M-26APR271500-00,6d5fc8f9-94a1-71f0-ad56-1198125503a0,1777315576,0.58,1.0,yes,"{""count_fp"":""1.00"",""created_time"":""2026-04-27T18:46:16.715226Z"",""no_price_dollars"":""0.4200"",""taker_side"":""yes"",""ticker"":""KXETH15M-26APR271500-00"",""trade_id"":""6d5fc8f9-94a1-71f0-ad56-1198125503a0"",""yes_price_dollars"":""0.5800""}"
KXETH15M-26APR271500-00,cc7e6f45-1a58-43d5-4ef6-cc75dbee6f79,1777315578,0.6,10.62,no,"{""count_fp"":""10.62"",""created_time"":""2026-04-27T18:46:18.675783Z"",""no_price_dollars"":""0.4000"",""taker_side"":""no"",""ticker"":""KXETH15M-26APR271500-00"",""trade_id"":""cc7e6f45-1a58-43d5-4ef6-cc75dbee6f79"",""yes_price_dollars"":""0.6000""}"
KXETH15M-26APR271500-00,0be8fedf-0069-4fcc-62e7-b85d8af98e14,1777315578,0.6,12.26,no,"{""count_fp"":""12.26"",""created_time"":""2026-04-27T18:46:18.675783Z"",""no_price_dollars"":""0.4000"",""taker_side"":""no"",""ticker"":""KXETH15M-26APR271500-00"",""trade_id"":""0be8fedf-0069-4fcc-62e7-b85d8af98e14"",""yes_price_dollars"":""0.6000""}"
KXETH15M-26APR271500-00,5f2a012f-f0b5-639e-488a-a37407b9b887,1777315579,0.6,2.0,no,"{""count_fp"":""2.00"",""created_time"":""2026-04-27T18:46:19.423958Z"",""no_price_dollars"":""0.4000"",""taker_side"":""no"",""ticker"":""KXETH15M-26APR271500-00"",""trade_id"":""5f2a012f-f0b5-639e-488a-a37407b9b887"",""yes_price_dollars"":""0.6000""}"
KXETH15M-26APR271500-00,fdf82940-91a9-5542-02ba-029778480b9f,1777315583,0.6,8.62,no,"{""count_fp"":""8.62"",""created_time"":""2026-04-27T18:46:23.111375Z"",""no_price_dollars"":""0.4000"",""taker_side"":""no"",""ticker"":""KXETH15M-26APR271500-00"",""trade_id"":""fdf82940-91a9-5542-02ba-029778480b9f"",""yes_price_dollars"":""0.6000""}"
KXETH15M-26APR271500-00,27e5d383-36ad-5240-335f-26cf90204f54,1777315583,0.6,3.37,no,"{""count_fp"":""3.37"",""created_time"":""2026-04-27T18:46:23.111375Z"",""no_price_dollars"":""0.4000"",""taker_side"":""no"",""ticker"":""KXETH15M-26APR271500-00"",""trade_id"":""27e5d383-36ad-5240-335f-26cf90204f54"",""yes_price_dollars"":""0.6000""}"
KXETH15M-26APR271500-00,e13fb60f-2af5-58e3-7e7c-ccb1bbcdf596,1777315587,0.61,1.0,yes,"{""count_fp"":""1.00"",""created_time"":""2026-04-27T18:46:27.080274Z"",""no_price_dollars"":""0.3900"",""taker_side"":""yes"",""ticker"":""KXETH15M-26APR271500-00"",""trade_id"":""e13fb60f-2af5-58e3-7e7c-ccb1bbcdf596"",""yes_price_dollars"":""0.6100""}"
KXETH15M-26APR271500-00,b720f211-1198-5046-4d8f-d8a796d4bc01,1777315587,0.63,68.48,yes,"{""count_fp"":""68.48"",""created_time"":""2026-04-27T18:46:27.080274Z"",""no_price_dollars"":""0.3700"",""taker_side"":""yes"",""ticker"":""KXETH15M-26APR271500-00"",""trade_id"":""b720f211-1198-5046-4d8f-d8a796d4bc01"",""yes_price_dollars"":""0.6300""}"
KXETH15M-26APR271500-00,4eb05e08-7435-5fce-5741-ec309855ce58,1777315587,0.62,5.0,yes,"{""count_fp"":""5.00"",""created_time"":""2026-04-27T18:46:27.080274Z"",""no_price_dollars"":""0.3800"",""taker_side"":""yes"",""ticker"":""KXETH15M-26APR271500-00"",""trade_id"":""4eb05e08-7435-5fce-5741-ec309855ce58"",""yes_price_dollars"":""0.6200""}"
KXETH15M-26APR271500-00,da49376c-4277-446b-66a2-ae40b90f076f,1777315589,0.6,10.0,no,"{""count_fp"":""10.00"",""created_time"":""2026-04-27T18:46:29.250424Z"",""no_price_dollars"":""0.4000"",""taker_side"":""no"",""ticker"":""KXETH15M-26APR271500-00"",""trade_id"":""da49376c-4277-446b-66a2-ae40b90f076f"",""yes_price_dollars"":""0.6000""}"
KXETH15M-26APR271500-00,a732d7c5-86cd-4a24-516b-4991b18b5d20,1777315589,0.6,15.88,no,"{""count_fp"":""15.88"",""created_time"":""2026-04-27T18:46:29.250424Z"",""no_price_dollars"":""0.4000"",""taker_side"":""no"",""ticker"":""KXETH15M-26APR271500-00"",""trade_id"":""a732d7c5-86cd-4a24-516b-4991b18b5d20"",""yes_price_dollars"":""0.6000""}"
KXETH15M-26APR271500-00,dc05134c-25d0-5857-564c-d3929c68e6f3,1777315595,0.6,2.0,no,"{""count_fp"":""2.00"",""created_time"":""2026-04-27T18:46:35.747421Z"",""no_price_dollars"":""0.4000"",""taker_side"":""no"",""ticker"":""KXETH15M-26APR271500-00"",""trade_id"":""dc05134c-25d0-5857-564c-d3929c68e6f3"",""yes_price_dollars"":""0.6000""}"
KXETH15M-26APR271500-00,b38038d7-97b8-676f-ca06-30e6022cc0ac,1777315598,0.61,3.23,no,"{""count_fp"":""3.23"",""created_time"":""2026-04-27T18:46:38.220912Z"",""no_price_dollars"":""0.3900"",""taker_side"":""no"",""ticker"":""KXETH15M-26APR271500-00"",""trade_id"":""b38038d7-97b8-676f-ca06-30e6022cc0ac"",""yes_price_dollars"":""0.6100""}"
KXETH15M-26APR271500-00,76ad321e-1b79-51e1-e0a9-4bf9fe338483,1777315602,0.6,0.23,no,"{""count_fp"":""0.23"",""created_time"":""2026-04-27T18:46:42.729951Z"",""no_price_dollars"":""0.4000"",""taker_side"":""no"",""ticker"":""KXETH15M-26APR271500-00"",""trade_id"":""76ad321e-1b79-51e1-e0a9-4bf9fe338483"",""yes_price_dollars"":""0.6000""}"
KXETH15M-26APR271500-00,580d0fe9-1267-797d-ec2c-31e030a407de,1777315603,0.61,1.0,yes,"{""count_fp"":""1.00"",""created_time"":""2026-04-27T18:46:43.247235Z"",""no_price_dollars"":""0.3900"",""taker_side"":""yes"",""ticker"":""KXETH15M-26APR271500-00"",""trade_id"":""580d0fe9-1267-797d-ec2c-31e030a407de"",""yes_price_dollars"":""0.6100""}"
KXETH15M-26APR271500-00,cc3edba9-9188-6160-9167-fe1f6966a47b,1777315612,0.64,10.99,no,"{""count_fp"":""10.99"",""created_time"":""2026-04-27T18:46:52.188147Z"",""no_price_dollars"":""0.3600"",""taker_side"":""no"",""ticker"":""KXETH15M-26APR271500-00"",""trade_id"":""cc3edba9-9188-6160-9167-fe1f6966a47b"",""yes_price_dollars"":""0.6400""}"
KXETH15M-26APR271500-00,3f57cf1e-a7e9-6a60-a85b-0eaf2c0680e8,1777315612,0.64,29.01,no,"{""count_fp"":""29.01"",""created_time"":""2026-04-27T18:46:52.188147Z"",""no_price_dollars"":""0.3600"",""taker_side"":""no"",""ticker"":""KXETH15M-26APR271500-00"",""trade_id"":""3f57cf1e-a7e9-6a60-a85b-0eaf2c0680e8"",""yes_price_dollars"":""0.6400""}"
KXETH15M-26APR271500-00,52c8f798-b59a-6937-f869-d369aa57da6d,1777315617,0.69,7.02,yes,"{""count_fp"":""7.02"",""created_time"":""2026-04-27T18:46:57.526019Z"",""no_price_dollars"":""0.3100"",""taker_side"":""yes"",""ticker"":""KXETH15M-26APR271500-00"",""trade_id"":""52c8f798-b59a-6937-f869-d369aa57da6d"",""yes_price_dollars"":""0.6900""}"
KXETH15M-26APR271500-00,62ab4f84-e7cd-7706-2a3a-07753b15395e,1777315619,0.67,10.0,no,"{""count_fp"":""10.00"",""created_time"":""2026-04-27T18:46:59.568598Z"",""no_price_dollars"":""0.3300"",""taker_side"":""no"",""ticker"":""KXETH15M-26APR271500-00"",""trade_id"":""62ab4f84-e7cd-7706-2a3a-07753b15395e"",""yes_price_dollars"":""0.6700""}"
KXETH15M-26APR271500-00,821fe7d6-9b40-4f1a-02dc-2318ae94bf88,1777315620,0.65,1.0,no,"{""count_fp"":""1.00"",""created_time"":""2026-04-27T18:47:00.445827Z"",""no_price_dollars"":""0.3500"",""taker_side"":""no"",""ticker"":""KXETH15M-26APR271500-00"",""trade_id"":""821fe7d6-9b40-4f1a-02dc-2318ae94bf88"",""yes_price_dollars"":""0.6500""}"
KXETH15M-26APR271500-00,9fa28203-3b60-59ca-e9b3-213d15926425,1777315623,0.66,9.11,yes,"{""count_fp"":""9.11"",""created_time"":""2026-04-27T18:47:03.833589Z"",""no_price_dollars"":""0.3400"",""taker_side"":""yes"",""ticker"":""KXETH15M-26APR271500-00"",""trade_id"":""9fa28203-3b60-59ca-e9b3-213d15926425"",""yes_price_dollars"":""0.6600""}"
KXETH15M-26APR271500-00,9ca1b0ca-12e7-56f6-e376-d90f0b48d318,1777315623,0.66,1.0,yes,"{""count_fp"":""1.00"",""created_time"":""2026-04-27T18:47:03.833589Z"",""no_price_dollars"":""0.3400"",""taker_side"":""yes"",""ticker"":""KXETH15M-26APR271500-00"",""trade_id"":""9ca1b0ca-12e7-56f6-e376-d90f0b48d318"",""yes_price_dollars"":""0.6600""}"
KXETH15M-26APR271500-00,7489445a-88e4-5fca-cc6d-e6ec5b899409,1777315623,0.67,199.0,yes,"{""count_fp"":""199.00"",""created_time"":""2026-04-27T18:47:03.833589Z"",""no_price_dollars"":""0.3300"",""taker_side"":""yes"",""ticker"":""KXETH15M-26APR271500-00"",""trade_id"":""7489445a-88e4-5fca-cc6d-e6ec5b899409"",""yes_price_dollars"":""0.6700""}"
KXETH15M-26APR271500-00,5a70ae80-d01d-5a58-f040-f10a46ea4b20,1777315623,0.66,10.0,yes,"{""count_fp"":""10.00"",""created_time"":""2026-04-27T18:47:03.833589Z"",""no_price_dollars"":""0.3400"",""taker_side"":""yes"",""ticker"":""KXETH15M-26APR271500-00"",""trade_id"":""5a70ae80-d01d-5a58-f040-f10a46ea4b20"",""yes_price_dollars"":""0.6600""}"
KXETH15M-26APR271500-00,eeb46465-0701-6250-0e06-25dadc6ab014,1777315629,0.66,1.74,no,"{""count_fp"":""1.74"",""created_time"":""2026-04-27T18:47:09.644703Z"",""no_price_dollars"":""0.3400"",""taker_side"":""no"",""ticker"":""KXETH15M-26APR271500-00"",""trade_id"":""eeb46465-0701-6250-0e06-25dadc6ab014"",""yes_price_dollars"":""0.6600""}"
KXETH15M-26APR271500-00,567a317d-2ba6-6cbd-1e37-06cb25508d02,1777315629,0.66,1.0,no,"{""count_fp"":""1.00"",""created_time"":""2026-04-27T18:47:09.644703Z"",""no_price_dollars"":""0.3400"",""taker_side"":""no"",""ticker"":""KXETH15M-26APR271500-00"",""trade_id"":""567a317d-2ba6-6cbd-1e37-06cb25508d02"",""yes_price_dollars"":""0.6600""}"
KXETH15M-26APR271500-00,e5ec5b4e-99e1-5297-fcf6-3b5d65685737,1777315633,0.66,1.0,no,"{""count_fp"":""1.00"",""created_time"":""2026-04-27T18:47:13.221414Z"",""no_price_dollars"":""0.3400"",""taker_side"":""no"",""ticker"":""KXETH15M-26APR271500-00"",""trade_id"":""e5ec5b4e-99e1-5297-fcf6-3b5d65685737"",""yes_price_dollars"":""0.6600""}"
KXETH15M-26APR271500-00,628dd68d-02d4-5136-d09b-fefd705880e4,1777315633,0.65,1.0,no,"{""count_fp"":""1.00"",""created_time"":""2026-04-27T18:47:13.221414Z"",""no_price_dollars"":""0.3500"",""taker_side"":""no"",""ticker"":""KXETH15M-26APR271500-00"",""trade_id"":""628dd68d-02d4-5136-d09b-fefd705880e4"",""yes_price_dollars"":""0.6500""}"
KXETH15M-26APR271500-00,25a5fbd4-0612-5f92-fa0c-331c1867d477,1777315633,0.65,1.0,no,"{""count_fp"":""1.00"",""created_time"":""2026-04-27T18:47:13.221414Z"",""no_price_dollars"":""0.3500"",""taker_side"":""no"",""ticker"":""KXETH15M-26APR271500-00"",""trade_id"":""25a5fbd4-0612-5f92-fa0c-331c1867d477"",""yes_price_dollars"":""0.6500""}"
KXETH15M-26APR271500-00,03909536-b607-5ebc-fec0-dd1775fc67be,1777315633,0.64,3.69,no,"{""count_fp"":""3.69"",""created_time"":""2026-04-27T18:47:13.221414Z"",""no_price_dollars"":""0.3600"",""taker_side"":""no"",""ticker"":""KXETH15M-26APR271500-00"",""trade_id"":""03909536-b607-5ebc-fec0-dd1775fc67be"",""yes_price_dollars"":""0.6400""}"
KXETH15M-26APR271500-00,fa6cc240-1536-5b76-2c95-221273e85385,1777315635,0.64,5.0,yes,"{""count_fp"":""5.00"",""created_time"":""2026-04-27T18:47:15.287867Z"",""no_price_dollars"":""0.3600"",""taker_side"":""yes"",""ticker"":""KXETH15M-26APR271500-00"",""trade_id"":""fa6cc240-1536-5b76-2c95-221273e85385"",""yes_price_dollars"":""0.6400""}"
KXETH15M-26APR271500-00,c673274a-a77f-71b0-018c-f31397248ccd,1777315639,0.64,1.5,yes,"{""count_fp"":""1.50"",""created_time"":""2026-04-27T18:47:19.590358Z"",""no_price_dollars"":""0.3600"",""taker_side"":""yes"",""ticker"":""KXETH15M-26APR271500-00"",""trade_id"":""c673274a-a77f-71b0-018c-f31397248ccd"",""yes_price_dollars"":""0.6400""}"
KXETH15M-26APR271500-00,43117b79-aa0b-4f53-2480-787d940671cf,1777315640,0.65,1.0,yes,"{""count_fp"":""1.00"",""created_time"":""2026-04-27T18:47:20.813254Z"",""no_price_dollars"":""0.3500"",""taker_side"":""yes"",""ticker"":""KXETH15M-26APR271500-00"",""trade_id"":""43117b79-aa0b-4f53-2480-787d940671cf"",""yes_price_dollars"":""0.6500""}"
KXETH15M-26APR271500-00,d7580749-7b77-7dc2-cf39-5f8c68c79dd3,1777315648,0.65,3.23,no,"{""count_fp"":""3.23"",""created_time"":""2026-04-27T18:47:28.871712Z"",""no_price_dollars"":""0.3500"",""taker_side"":""no"",""ticker"":""KXETH15M-26APR271500-00"",""trade_id"":""d7580749-7b77-7dc2-cf39-5f8c68c79dd3"",""yes_price_dollars"":""0.6500""}"
KXETH15M-26APR271500-00,eac5ae6b-5dfb-662d-8827-f2ff28ccf6ad,1777315652,0.67,10.0,no,"{""count_fp"":""10.00"",""created_time"":""2026-04-27T18:47:32.159283Z"",""no_price_dollars"":""0.3300"",""taker_side"":""no"",""ticker"":""KXETH15M-26APR271500-00"",""trade_id"":""eac5ae6b-5dfb-662d-8827-f2ff28ccf6ad"",""yes_price_dollars"":""0.6700""}"
KXETH15M-26APR271500-00,7b0678e0-0d62-669b-8adb-d653aee1bc35,1777315652,0.66,1.0,no,"{""count_fp"":""1.00"",""created_time"":""2026-04-27T18:47:32.159283Z"",""no_price_dollars"":""0.3400"",""taker_side"":""no"",""ticker"":""KXETH15M-26APR271500-00"",""trade_id"":""7b0678e0-0d62-669b-8adb-d653aee1bc35"",""yes_price_dollars"":""0.6600""}"
KXETH15M-26APR271500-00,598123c1-6e7c-6eaf-a956-b01bea982d0f,1777315652,0.64,10.93,no,"{""count_fp"":""10.93"",""created_time"":""2026-04-27T18:47:32.159283Z"",""no_price_dollars"":""0.3600"",""taker_side"":""no"",""ticker"":""KXETH15M-26APR271500-00"",""trade_id"":""598123c1-6e7c-6eaf-a956-b01bea982d0f"",""yes_price_dollars"":""0.6400""}"
KXETH15M-26APR271500-00,13d3d911-f1e0-67d2-9aef-9aa1065b48f1,1777315652,0.66,7.0,no,"{""count_fp"":""7.00"",""created_time"":""2026-04-27T18:47:32.159283Z"",""no_price_dollars"":""0.3400"",""taker_side"":""no"",""ticker"":""KXETH15M-26APR271500-00"",""trade_id"":""13d3d911-f1e0-67d2-9aef-9aa1065b48f1"",""yes_price_dollars"":""0.6600""}"
KXETH15M-26APR271500-00,0d3b02c0-c5a1-6e8c-8210-014b27c9a4d4,1777315652,0.66,100.0,no,"{""count_fp"":""100.00"",""created_time"":""2026-04-27T18:47:32.159283Z"",""no_price_dollars"":""0.3400"",""taker_side"":""no"",""ticker"":""KXETH15M-26APR271500-00"",""trade_id"":""0d3b02c0-c5a1-6e8c-8210-014b27c9a4d4"",""yes_price_dollars"":""0.6600""}"
KXETH15M-26APR271500-00,b30da37e-60e7-73f4-213c-39bafb3983ad,1777315653,0.7,1.0,yes,"{""count_fp"":""1.00"",""created_time"":""2026-04-27T18:47:33.885594Z"",""no_price_dollars"":""0.3000"",""taker_side"":""yes"",""ticker"":""KXETH15M-26APR271500-00"",""trade_id"":""b30da37e-60e7-73f4-213c-39bafb3983ad"",""yes_price_dollars"":""0.7000""}"
KXETH15M-26APR271500-00,90424a1f-bf45-7f3c-01ed-b1d9a86fea72,1777315653,0.71,2.94,yes,"{""count_fp"":""2.94"",""created_time"":""2026-04-27T18:47:33.885594Z"",""no_price_dollars"":""0.2900"",""taker_side"":""yes"",""ticker"":""KXETH15M-26APR271500-00"",""trade_id"":""90424a1f-bf45-7f3c-01ed-b1d9a86fea72"",""yes_price_dollars"":""0.7100""}"
KXETH15M-26APR271500-00,20b638ac-7c53-7d72-281d-ed2d3b580640,1777315653,0.7,10.0,yes,"{""count_fp"":""10.00"",""created_time"":""2026-04-27T18:47:33.885594Z"",""no_price_dollars"":""0.3000"",""taker_side"":""yes"",""ticker"":""KXETH15M-26APR271500-00"",""trade_id"":""20b638ac-7c53-7d72-281d-ed2d3b580640"",""yes_price_dollars"":""0.7000""}"
KXETH15M-26APR271500-00,cccfcfc9-0bfb-7be1-04a6-038d09078444,1777315653,0.66,0.28,no,"{""count_fp"":""0.28"",""created_time"":""2026-04-27T18:47:33.767118Z"",""no_price_dollars"":""0.3400"",""taker_side"":""no"",""ticker"":""KXETH15M-26APR271500-00"",""trade_id"":""cccfcfc9-0bfb-7be1-04a6-038d09078444"",""yes_price_dollars"":""0.6600""}"
KXETH15M-26APR271500-00,7d894d35-14c7-7303-bb3d-fb4734149737,1777315664,0.66,12.99,yes,"{""count_fp"":""12.99"",""created_time"":""2026-04-27T18:47:44.727997Z"",""no_price_dollars"":""0.3400"",""taker_side"":""yes"",""ticker"":""KXETH15M-26APR271500-00"",""trade_id"":""7d894d35-14c7-7303-bb3d-fb4734149737"",""yes_price_dollars"":""0.6600""}"
KXETH15M-26APR271500-00,143100f1-8c89-7bef-abc7-9669a17e76ac,1777315664,0.66,1.0,yes,"{""count_fp"":""1.00"",""created_time"":""2026-04-27T18:47:44.727997Z"",""no_price_dollars"":""0.3400"",""taker_side"":""yes"",""ticker"":""KXETH15M-26APR271500-00"",""trade_id"":""143100f1-8c89-7bef-abc7-9669a17e76ac"",""yes_price_dollars"":""0.6600""}"
KXETH15M-26APR271500-00,c295e8cc-5abb-7e52-7155-154823321d6a,1777315670,0.64,2.0,no,"{""count_fp"":""2.00"",""created_time"":""2026-04-27T18:47:50.646016Z"",""no_price_dollars"":""0.3600"",""taker_side"":""no"",""ticker"":""KXETH15M-26APR271500-00"",""trade_id"":""c295e8cc-5abb-7e52-7155-154823321d6a"",""yes_price_dollars"":""0.6400""}"
KXETH15M-26APR271500-00,34cf1b16-4660-7094-5123-ccf3d1bfb542,1777315670,0.65,1.0,no,"{""count_fp"":""1.00"",""created_time"":""2026-04-27T18:47:50.646016Z"",""no_price_dollars"":""0.3500"",""taker_side"":""no"",""ticker"":""KXETH15M-26APR271500-00"",""trade_id"":""34cf1b16-4660-7094-5123-ccf3d1bfb542"",""yes_price_dollars"":""0.6500""}"
KXETH15M-26APR271500-00,c27d3712-0e38-451e-67df-5aa3ad1b8077,1777315672,0.67,1.0,yes,"{""count_fp"":""1.00"",""created_time"":""2026-04-27T18:47:52.313415Z"",""no_price_dollars"":""0.3300"",""taker_side"":""yes"",""ticker"":""KXETH15M-26APR271500-00"",""trade_id"":""c27d3712-0e38-451e-67df-5aa3ad1b8077"",""yes_price_dollars"":""0.6700""}"
KXETH15M-26APR271500-00,6f9c2bc6-358a-6f23-36cf-874fabc85ae4,1777315672,0.65,1.0,no,"{""count_fp"":""1.00"",""created_time"":""2026-04-27T18:47:52.195855Z"",""no_price_dollars"":""0.3500"",""taker_side"":""no"",""ticker"":""KXETH15M-26APR271500-00"",""trade_id"":""6f9c2bc6-358a-6f23-36cf-874fabc85ae4"",""yes_price_dollars"":""0.6500""}"
KXETH15M-26APR271500-00,680d2e49-bde3-6f9e-33d8-1c0b7ee1a9ea,1777315672,0.64,52.18,no,"{""count_fp"":""52.18"",""created_time"":""2026-04-27T18:47:52.195855Z"",""no_price_dollars"":""0.3600"",""taker_side"":""no"",""ticker"":""KXETH15M-26APR271500-00"",""trade_id"":""680d2e49-bde3-6f9e-33d8-1c0b7ee1a9ea"",""yes_price_dollars"":""0.6400""}"
KXETH15M-26APR271500-00,7feec32f-9f8a-52c9-417c-ee006ac5d1ab,1777315677,0.63,45.0,no,"{""count_fp"":""45.00"",""created_time"":""2026-04-27T18:47:57.442763Z"",""no_price_dollars"":""0.3700"",""taker_side"":""no"",""ticker"":""KXETH15M-26APR271500-00"",""trade_id"":""7feec32f-9f8a-52c9-417c-ee006ac5d1ab"",""yes_price_dollars"":""0.6300""}"
KXETH15M-26APR271500-00,53949d50-a298-5f89-5ca7-221316748021,1777315677,0.63,10.0,no,"{""count_fp"":""10.00"",""created_time"":""2026-04-27T18:47:57.442763Z"",""no_price_dollars"":""0.3700"",""taker_side"":""no"",""ticker"":""KXETH15M-26APR271500-00"",""trade_id"":""53949d50-a298-5f89-5ca7-221316748021"",""yes_price_dollars"":""0.6300""}"
KXETH15M-26APR271500-00,fa9f0ad7-706b-44e1-d588-4d47e19a427e,1777315679,0.62,550.0,no,"{""count_fp"":""550.00"",""created_time"":""2026-04-27T18:47:59.358732Z"",""no_price_dollars"":""0.3800"",""taker_side"":""no"",""ticker"":""KXETH15M-26APR271500-00"",""trade_id"":""fa9f0ad7-706b-44e1-d588-4d47e19a427e"",""yes_price_dollars"":""0.6200""}"
KXETH15M-26APR271500-00,cf0ab8da-6f47-4263-db28-4c19ad6b806e,1777315679,0.62,32.0,no,"{""count_fp"":""32.00"",""created_time"":""2026-04-27T18:47:59.358732Z"",""no_price_dollars"":""0.3800"",""taker_side"":""no"",""ticker"":""KXETH15M-26APR271500-00"",""trade_id"":""cf0ab8da-6f47-4263-db28-4c19ad6b806e"",""yes_price_dollars"":""0.6200""}"
KXETH15M-26APR271500-00,93f5c152-3397-49f9-cb33-cc4d0dac0521,1777315679,0.62,1.0,no,"{""count_fp"":""1.00"",""created_time"":""2026-04-27T18:47:59.358732Z"",""no_price_dollars"":""0.3800"",""taker_side"":""no"",""ticker"":""KXETH15M-26APR271500-00"",""trade_id"":""93f5c152-3397-49f9-cb33-cc4d0dac0521"",""yes_price_dollars"":""0.6200""}"
KXETH15M-26APR271500-00,14830513-b33e-4f63-c525-cb2a60f6e62a,1777315679,0.62,1.0,no,"{""count_fp"":""1.00"",""created_time"":""2026-04-27T18:47:59.358732Z"",""no_price_dollars"":""0.3800"",""taker_side"":""no"",""ticker"":""KXETH15M-26APR271500-00"",""trade_id"":""14830513-b33e-4f63-c525-cb2a60f6e62a"",""yes_price_dollars"":""0.6200""}"
KXETH15M-26APR271500-00,c8140f9a-974c-5c81-791f-3d14c74adc9d,1777315684,0.58,9.0,yes,"{""count_fp"":""9.00"",""created_time"":""2026-04-27T18:48:04.696262Z"",""no_price_dollars"":""0.4200"",""taker_side"":""yes"",""ticker"":""KXETH15M-26APR271500-00"",""trade_id"":""c8140f9a-974c-5c81-791f-3d14c74adc9d"",""yes_price_dollars"":""0.5800""}"
KXETH15M-26APR271500-00,19fe4a9e-128b-5af2-6d0e-937812e4c280,1777315684,0.57,1.0,yes,"{""count_fp"":""1.00"",""created_time"":""2026-04-27T18:48:04.696262Z"",""no_price_dollars"":""0.4300"",""taker_side"":""yes"",""ticker"":""KXETH15M-26APR271500-00"",""trade_id"":""19fe4a9e-128b-5af2-6d0e-937812e4c280"",""yes_price_dollars"":""0.5700""}"
KXETH15M-26APR271500-00,6165fde4-e055-77a8-7448-b665f617db07,1777315685,0.58,1.0,yes,"{""count_fp"":""1.00"",""created_time"":""2026-04-27T18:48:05.991999Z"",""no_price_dollars"":""0.4200"",""taker_side"":""yes"",""ticker"":""KXETH15M-26APR271500-00"",""trade_id"":""6165fde4-e055-77a8-7448-b665f617db07"",""yes_price_dollars"":""0.5800""}"
KXETH15M-26APR271500-00,09dade5c-70d7-7a4f-604f-d9cefe5f020b,1777315685,0.6,2.92,yes,"{""count_fp"":""2.92"",""created_time"":""2026-04-27T18:48:05.991999Z"",""no_price_dollars"":""0.4000"",""taker_side"":""yes"",""ticker"":""KXETH15M-26APR271500-00"",""trade_id"":""09dade5c-70d7-7a4f-604f-d9cefe5f020b"",""yes_price_dollars"":""0.6000""}"
KXETH15M-26APR271500-00,ea17bbcd-15b1-41c5-f73f-b88d70e88fa4,1777315690,0.55,10.0,no,"{""count_fp"":""10.00"",""created_time"":""2026-04-27T18:48:10.655819Z"",""no_price_dollars"":""0.4500"",""taker_side"":""no"",""ticker"":""KXETH15M-26APR271500-00"",""trade_id"":""ea17bbcd-15b1-41c5-f73f-b88d70e88fa4"",""yes_price_dollars"":""0.5500""}"
KXETH15M-26APR271500-00,46f02076-44fe-42a8-e322-4023e38acd5f,1777315690,0.55,5.0,no,"{""count_fp"":""5.00"",""created_time"":""2026-04-27T18:48:10.655819Z"",""no_price_dollars"":""0.4500"",""taker_side"":""no"",""ticker"":""KXETH15M-26APR271500-00"",""trade_id"":""46f02076-44fe-42a8-e322-4023e38acd5f"",""yes_price_dollars"":""0.5500""}"
KXETH15M-26APR271500-00,ce112d5b-0c9c-5208-0f02-8b6d64003767,1777315699,0.48,1.0,yes,"{""count_fp"":""1.00"",""created_time"":""2026-04-27T18:48:19.831108Z"",""no_price_dollars"":""0.5200"",""taker_side"":""yes"",""ticker"":""KXETH15M-26APR271500-00"",""trade_id"":""ce112d5b-0c9c-5208-0f02-8b6d64003767"",""yes_price_dollars"":""0.4800""}"
KXETH15M-26APR271500-00,8bafb1f2-de68-51eb-2d2a-e56c2f31510f,1777315699,0.5,10.0,yes,"{""count_fp"":""10.00"",""created_time"":""2026-04-27T18:48:19.831108Z"",""no_price_dollars"":""0.5000"",""taker_side"":""yes"",""ticker"":""KXETH15M-26APR271500-00"",""trade_id"":""8bafb1f2-de68-51eb-2d2a-e56c2f31510f"",""yes_price_dollars"":""0.5000""}"
KXETH15M-26APR271500-00,38748fbc-17ed-5d26-0dd4-fa5d18da7898,1777315699,0.51,34.0,yes,"{""count_fp"":""34.00"",""created_time"":""2026-04-27T18:48:19.831108Z"",""no_price_dollars"":""0.4900"",""taker_side"":""yes"",""ticker"":""KXETH15M-26APR271500-00"",""trade_id"":""38748fbc-17ed-5d26-0dd4-fa5d18da7898"",""yes_price_dollars"":""0.5100""}"
KXETH15M-26APR271500-00,b2e1b03e-527d-71fe-73c0-e921725659c4,1777315702,0.51,3.79,yes,"{""count_fp"":""3.79"",""created_time"":""2026-04-27T18:48:22.824368Z"",""no_price_dollars"":""0.4900"",""taker_side"":""yes"",""ticker"":""KXETH15M-26APR271500-00"",""trade_id"":""b2e1b03e-527d-71fe-73c0-e921725659c4"",""yes_price_dollars"":""0.5100""}"
KXETH15M-26APR271500-00,946ade7c-13d7-7574-6189-08f7776ffc8c,1777315702,0.48,1.0,yes,"{""count_fp"":""1.00"",""created_time"":""2026-04-27T18:48:22.824368Z"",""no_price_dollars"":""0.5200"",""taker_side"":""yes"",""ticker"":""KXETH15M-26APR271500-00"",""trade_id"":""946ade7c-13d7-7574-6189-08f7776ffc8c"",""yes_price_dollars"":""0.4800""}"
KXETH15M-26APR271500-00,14460c61-e58f-480b-72d4-107fba1a9d92,1777315703,0.47,1.0,no,"{""count_fp"":""1.00"",""created_time"":""2026-04-27T18:48:23.814238Z"",""no_price_dollars"":""0.5300"",""taker_side"":""no"",""ticker"":""KXETH15M-26APR271500-00"",""trade_id"":""14460c61-e58f-480b-72d4-107fba1a9d92"",""yes_price_dollars"":""0.4700""}"
KXETH15M-26APR271500-00,0f2299c9-6ad8-416f-432a-6ceed7e86117,1777315705,0.5,3.0,no,"{""count_fp"":""3.00"",""created_time"":""2026-04-27T18:48:25.722474Z"",""no_price_dollars"":""0.5000"",""taker_side"":""no"",""ticker"":""KXETH15M-26APR271500-00"",""trade_id"":""0f2299c9-6ad8-416f-432a-6ceed7e86117"",""yes_price_dollars"":""0.5000""}"
KXETH15M-26APR271500-00,aaeda739-be98-479f-90df-0752eec29c63,1777315706,0.51,1.0,no,"{""count_fp"":""1.00"",""created_time"":""2026-04-27T18:48:26.676868Z"",""no_price_dollars"":""0.4900"",""taker_side"":""no"",""ticker"":""KXETH15M-26APR271500-00"",""trade_id"":""aaeda739-be98-479f-90df-0752eec29c63"",""yes_price_dollars"":""0.5100""}"
KXETH15M-26APR271500-00,c362f8d4-bff0-7fc3-1f54-c5499302c4ca,1777315713,0.55,10.0,yes,"{""count_fp"":""10.00"",""created_time"":""2026-04-27T18:48:33.505129Z"",""no_price_dollars"":""0.4500"",""taker_side"":""yes"",""ticker"":""KXETH15M-26APR271500-00"",""trade_id"":""c362f8d4-bff0-7fc3-1f54-c5499302c4ca"",""yes_price_dollars"":""0.5500""}"
KXETH15M-26APR271500-00,9b4863c3-c3bc-6003-75ab-f288fb75463d,1777315717,0.58,7.4,yes,"{""count_fp"":""7.40"",""created_time"":""2026-04-27T18:48:37.736996Z"",""no_price_dollars"":""0.4200"",""taker_side"":""yes"",""ticker"":""KXETH15M-26APR271500-00"",""trade_id"":""9b4863c3-c3bc-6003-75ab-f288fb75463d"",""yes_price_dollars"":""0.5800""}"
KXETH15M-26APR271500-00,4cc43674-5111-6621-7c50-72193d819d63,1777315717,0.56,1.0,yes,"{""count_fp"":""1.00"",""created_time"":""2026-04-27T18:48:37.736996Z"",""no_price_dollars"":""0.4400"",""taker_side"":""yes"",""ticker"":""KXETH15M-26APR271500-00"",""trade_id"":""4cc43674-5111-6621-7c50-72193d819d63"",""yes_price_dollars"":""0.5600""}"
KXETH15M-26APR271500-00,e2925f78-c6f6-743c-51c1-f3c684e37ab3,1777315736,0.55,1.0,yes,"{""count_fp"":""1.00"",""created_time"":""2026-04-27T18:48:56.813537Z"",""no_price_dollars"":""0.4500"",""taker_side"":""yes"",""ticker"":""KXETH15M-26APR271500-00"",""trade_id"":""e2925f78-c6f6-743c-51c1-f3c684e37ab3"",""yes_price_dollars"":""0.5500""}"
KXETH15M-26APR271500-00,e677d7db-f50f-5129-207a-3416085f09a1,1777315738,0.58,9.4,yes,"{""count_fp"":""9.40"",""created_time"":""2026-04-27T18:48:58.874014Z"",""no_price_dollars"":""0.4200"",""taker_side"":""yes"",""ticker"":""KXETH15M-26APR271500-00"",""trade_id"":""e677d7db-f50f-5129-207a-3416085f09a1"",""yes_price_dollars"":""0.5800""}"
KXETH15M-26APR271500-00,334cfc44-2db0-5d6b-0787-1e91122f06dd,1777315738,0.58,32.6,yes,"{""count_fp"":""32.60"",""created_time"":""2026-04-27T18:48:58.874014Z"",""no_price_dollars"":""0.4200"",""taker_side"":""yes"",""ticker"":""KXETH15M-26APR271500-00"",""trade_id"":""334cfc44-2db0-5d6b-0787-1e91122f06dd"",""yes_price_dollars"":""0.5800""}"
KXETH15M-26APR271500-00,c0e5866f-0bef-4ef1-e306-997327242885,1777315740,0.61,0.6,yes,"{""count_fp"":""0.60"",""created_time"":""2026-04-27T18:49:00.010762Z"",""no_price_dollars"":""0.3900"",""taker_side"":""yes"",""ticker"":""KXETH15M-26APR271500-00"",""trade_id"":""c0e5866f-0bef-4ef1-e306-997327242885"",""yes_price_dollars"":""0.6100""}"
KXETH15M-26APR271500-00,a78c0c58-6f91-4568-e9da-3e07e32b29aa,1777315740,0.62,4.4,yes,"{""count_fp"":""4.40"",""created_time"":""2026-04-27T18:49:00.010762Z"",""no_price_dollars"":""0.3800"",""taker_side"":""yes"",""ticker"":""KXETH15M-26APR271500-00"",""trade_id"":""a78c0c58-6f91-4568-e9da-3e07e32b29aa"",""yes_price_dollars"":""0.6200""}"
KXETH15M-26APR271500-00,93df2df3-b531-7176-c309-0ad116ea290c,1777315744,0.58,1.62,yes,"{""count_fp"":""1.62"",""created_time"":""2026-04-27T18:49:04.545673Z"",""no_price_dollars"":""0.4200"",""taker_side"":""yes"",""ticker"":""KXETH15M-26APR271500-00"",""trade_id"":""93df2df3-b531-7176-c309-0ad116ea290c"",""yes_price_dollars"":""0.5800""}"
KXETH15M-26APR271500-00,dbd6a196-8f81-677c-7f25-c0936e7a63f6,1777315750,0.56,52.66,yes,"{""count_fp"":""52.66"",""created_time"":""2026-04-27T18:49:10.967611Z"",""no_price_dollars"":""0.4400"",""taker_side"":""yes"",""ticker"":""KXETH15M-26APR271500-00"",""trade_id"":""dbd6a196-8f81-677c-7f25-c0936e7a63f6"",""yes_price_dollars"":""0.5600""}"
KXETH15M-26APR271500-00,cea0bcaa-c0e5-6693-69ce-51a6b3367619,1777315750,0.55,10.0,yes,"{""count_fp"":""10.00"",""created_time"":""2026-04-27T18:49:10.967611Z"",""no_price_dollars"":""0.4500"",""taker_side"":""yes"",""ticker"":""KXETH15M-26APR271500-00"",""trade_id"":""cea0bcaa-c0e5-6693-69ce-51a6b3367619"",""yes_price_dollars"":""0.5500""}"
KXETH15M-26APR271500-00,c80aa956-afa5-62ee-7271-fcc6d9321efe,1777315750,0.56,1.0,yes,"{""count_fp"":""1.00"",""created_time"":""2026-04-27T18:49:10.967611Z"",""no_price_dollars"":""0.4400"",""taker_side"":""yes"",""ticker"":""KXETH15M-26APR271500-00"",""trade_id"":""c80aa956-afa5-62ee-7271-fcc6d9321efe"",""yes_price_dollars"":""0.5600""}"
KXETH15M-26APR271500-00,480b212a-47a9-6a9a-537d-caafa26518a8,1777315750,0.56,100.0,yes,"{""count_fp"":""100.00"",""created_time"":""2026-04-27T18:49:10.967611Z"",""no_price_dollars"":""0.4400"",""taker_side"":""yes"",""ticker"":""KXETH15M-26APR271500-00"",""trade_id"":""480b212a-47a9-6a9a-537d-caafa26518a8"",""yes_price_dollars"":""0.5600""}"
KXETH15M-26APR271500-00,fbb02c53-4b88-6c3e-bca8-5f526837a97b,1777315751,0.56,5.0,yes,"{""count_fp"":""5.00"",""created_time"":""2026-04-27T18:49:11.213393Z"",""no_price_dollars"":""0.4400"",""taker_side"":""yes"",""ticker"":""KXETH15M-26APR271500-00"",""trade_id"":""fbb02c53-4b88-6c3e-bca8-5f526837a97b"",""yes_price_dollars"":""0.5600""}"
KXETH15M-26APR271500-00,71561afd-d851-60cb-98f1-5986ddfeaa9a,1777315751,0.56,32.0,yes,"{""count_fp"":""32.00"",""created_time"":""2026-04-27T18:49:11.213393Z"",""no_price_dollars"":""0.4400"",""taker_side"":""yes"",""ticker"":""KXETH15M-26APR271500-00"",""trade_id"":""71561afd-d851-60cb-98f1-5986ddfeaa9a"",""yes_price_dollars"":""0.5600""}"
KXETH15M-26APR271500-00,92098817-0ada-77c6-0fa9-9a14a7c48944,1777315752,0.51,5.0,no,"{""count_fp"":""5.00"",""created_time"":""2026-04-27T18:49:12.289881Z"",""no_price_dollars"":""0.4900"",""taker_side"":""no"",""ticker"":""KXETH15M-26APR271500-00"",""trade_id"":""92098817-0ada-77c6-0fa9-9a14a7c48944"",""yes_price_dollars"":""0.5100""}"
KXETH15M-26APR271500-00,79ee4acc-5dd5-5027-9cc6-d3caeba4a7a6,1777315753,0.54,5.0,yes,"{""count_fp"":""5.00"",""created_time"":""2026-04-27T18:49:13.319147Z"",""no_price_dollars"":""0.4600"",""taker_side"":""yes"",""ticker"":""KXETH15M-26APR271500-00"",""trade_id"":""79ee4acc-5dd5-5027-9cc6-d3caeba4a7a6"",""yes_price_dollars"":""0.5400""}"
KXETH15M-26APR271500-00,5cd05bf6-9d23-5449-2431-702bb19c2f3b,1777315766,0.53,10.11,yes,"{""count_fp"":""10.11"",""created_time"":""2026-04-27T18:49:26.839801Z"",""no_price_dollars"":""0.4700"",""taker_side"":""yes"",""ticker"":""KXETH15M-26APR271500-00"",""trade_id"":""5cd05bf6-9d23-5449-2431-702bb19c2f3b"",""yes_price_dollars"":""0.5300""}"
KXETH15M-26APR271500-00,7eed37e8-934a-7bf9-ad2c-7a8341efe1f8,1777315767,0.49,1.0,no,"{""count_fp"":""1.00"",""created_time"":""2026-04-27T18:49:27.809371Z"",""no_price_dollars"":""0.5100"",""taker_side"":""no"",""ticker"":""KXETH15M-26APR271500-00"",""trade_id"":""7eed37e8-934a-7bf9-ad2c-7a8341efe1f8"",""yes_price_dollars"":""0.4900""}"
KXETH15M-26APR271500-00,b077f249-3e82-5d11-1960-2987074d8f1c,1777315779,0.56,5.0,yes,"{""count_fp"":""5.00"",""created_time"":""2026-04-27T18:49:39.056843Z"",""no_price_dollars"":""0.4400"",""taker_side"":""yes"",""ticker"":""KXETH15M-26APR271500-00"",""trade_id"":""b077f249-3e82-5d11-1960-2987074d8f1c"",""yes_price_dollars"":""0.5600""}"
KXETH15M-26APR271500-00,ad02e493-2f1e-5ecb-1ef4-28e287bee80c,1777315779,0.57,1.75,yes,"{""count_fp"":""1.75"",""created_time"":""2026-04-27T18:49:39.056843Z"",""no_price_dollars"":""0.4300"",""taker_side"":""yes"",""ticker"":""KXETH15M-26APR271500-00"",""trade_id"":""ad02e493-2f1e-5ecb-1ef4-28e287bee80c"",""yes_price_dollars"":""0.5700""}"
KXETH15M-26APR271500-00,28fc3267-d593-5709-25e0-514daf2c20f1,1777315779,0.52,2.0,yes,"{""count_fp"":""2.00"",""created_time"":""2026-04-27T18:49:39.056843Z"",""no_price_dollars"":""0.4800"",""taker_side"":""yes"",""ticker"":""KXETH15M-26APR271500-00"",""trade_id"":""28fc3267-d593-5709-25e0-514daf2c20f1"",""yes_price_dollars"":""0.5200""}"
KXETH15M-26APR271500-00,949ad264-fbce-5ba0-d3fa-217b0b44e2aa,1777315788,0.68,6.87,yes,"{""count_fp"":""6.87"",""created_time"":""2026-04-27T18:49:48.758846Z"",""no_price_dollars"":""0.3200"",""taker_side"":""yes"",""ticker"":""KXETH15M-26APR271500-00"",""trade_id"":""949ad264-fbce-5ba0-d3fa-217b0b44e2aa"",""yes_price_dollars"":""0.6800""}"
KXETH15M-26APR271500-00,4ea8c13a-a08e-5263-e9c8-e7fa6796d05b,1777315788,0.64,5.0,yes,"{""count_fp"":""5.00"",""created_time"":""2026-04-27T18:49:48.758846Z"",""no_price_dollars"":""0.3600"",""taker_side"":""yes"",""ticker"":""KXETH15M-26APR271500-00"",""trade_id"":""4ea8c13a-a08e-5263-e9c8-e7fa6796d05b"",""yes_price_dollars"":""0.6400""}"
KXETH15M-26APR271500-00,3f2a06a3-4c14-5e1f-dad2-3cb97ff3a63c,1777315788,0.67,60.0,yes,"{""count_fp"":""60.00"",""created_time"":""2026-04-27T18:49:48.758846Z"",""no_price_dollars"":""0.3300"",""taker_side"":""yes"",""ticker"":""KXETH15M-26APR271500-00"",""trade_id"":""3f2a06a3-4c14-5e1f-dad2-3cb97ff3a63c"",""yes_price_dollars"":""0.6700""}"
KXETH15M-26APR271500-00,4b765625-380f-4225-a4d2-cfd25a3e34c9,1777315788,0.63,10.0,no,"{""count_fp"":""10.00"",""created_time"":""2026-04-27T18:49:48.485719Z"",""no_price_dollars"":""0.3700"",""taker_side"":""no"",""ticker"":""KXETH15M-26APR271500-00"",""trade_id"":""4b765625-380f-4225-a4d2-cfd25a3e34c9"",""yes_price_dollars"":""0.6300""}"
KXETH15M-26APR271500-00,335955a0-b5a3-406a-b2c2-ec73b41ab166,1777315788,0.62,2.65,no,"{""count_fp"":""2.65"",""created_time"":""2026-04-27T18:49:48.485719Z"",""no_price_dollars"":""0.3800"",""taker_side"":""no"",""ticker"":""KXETH15M-26APR271500-00"",""trade_id"":""335955a0-b5a3-406a-b2c2-ec73b41ab166"",""yes_price_dollars"":""0.6200""}"
KXETH15M-26APR271500-00,0f0b671c-0bb3-4d82-a197-e3c439160540,1777315788,0.62,11.34,no,"{""count_fp"":""11.34"",""created_time"":""2026-04-27T18:49:48.485719Z"",""no_price_dollars"":""0.3800"",""taker_side"":""no"",""ticker"":""KXETH15M-26APR271500-00"",""trade_id"":""0f0b671c-0bb3-4d82-a197-e3c439160540"",""yes_price_dollars"":""0.6200""}"
KXETH15M-26APR271500-00,e69f564c-9c08-6b18-e5b3-faaec347592c,1777315792,0.67,60.0,yes,"{""count_fp"":""60.00"",""created_time"":""2026-04-27T18:49:52.670808Z"",""no_price_dollars"":""0.3300"",""taker_side"":""yes"",""ticker"":""KXETH15M-26APR271500-00"",""trade_id"":""e69f564c-9c08-6b18-e5b3-faaec347592c"",""yes_price_dollars"":""0.6700""}"
KXETH15M-26APR271500-00,e6446886-7b90-630f-f5fa-acc7dfd9adc0,1777315792,0.66,5.0,yes,"{""count_fp"":""5.00"",""created_time"":""2026-04-27T18:49:52.670808Z"",""no_price_dollars"":""0.3400"",""taker_side"":""yes"",""ticker"":""KXETH15M-26APR271500-00"",""trade_id"":""e6446886-7b90-630f-f5fa-acc7dfd9adc0"",""yes_price_dollars"":""0.6600""}"
KXETH15M-26APR271500-00,acb7104b-5460-62b3-d17d-4b0cf51817b3,1777315792,0.66,10.0,yes,"{""count_fp"":""10.00"",""created_time"":""2026-04-27T18:49:52.670808Z"",""no_price_dollars"":""0.3400"",""taker_side"":""yes"",""ticker"":""KXETH15M-26APR271500-00"",""trade_id"":""acb7104b-5460-62b3-d17d-4b0cf51817b3"",""yes_price_dollars"":""0.6600""}"
KXETH15M-26APR271500-00,671ddf04-2c8d-62f7-cf89-8cb51928128e,1777315792,0.68,10.98,yes,"{""count_fp"":""10.98"",""created_time"":""2026-04-27T18:49:52.670808Z"",""no_price_dollars"":""0.3200"",""taker_side"":""yes"",""ticker"":""KXETH15M-26APR271500-00"",""trade_id"":""671ddf04-2c8d-62f7-cf89-8cb51928128e"",""yes_price_dollars"":""0.6800""}"
KXETH15M-26APR271500-00,46d77e99-a526-488f-c120-f0a6c0d39685,1777315794,0.64,15.0,no,"{""count_fp"":""15.00"",""created_time"":""2026-04-27T18:49:54.188498Z"",""no_price_dollars"":""0.3600"",""taker_side"":""no"",""ticker"":""KXETH15M-26APR271500-00"",""trade_id"":""46d77e99-a526-488f-c120-f0a6c0d39685"",""yes_price_dollars"":""0.6400""}"
KXETH15M-26APR271500-00,3af259b3-12b7-6f77-c517-0cbbc17648cb,1777315795,0.64,14.58,yes,"{""count_fp"":""14.58"",""created_time"":""2026-04-27T18:49:55.920723Z"",""no_price_dollars"":""0.3600"",""taker_side"":""yes"",""ticker"":""KXETH15M-26APR271500-00"",""trade_id"":""3af259b3-12b7-6f77-c517-0cbbc17648cb"",""yes_price_dollars"":""0.6400""}"
KXETH15M-26APR271500-00,42585506-2815-580d-19e1-599398449882,1777315796,0.63,2.95,yes,"{""count_fp"":""2.95"",""created_time"":""2026-04-27T18:49:56.168341Z"",""no_price_dollars"":""0.3700"",""taker_side"":""yes"",""ticker"":""KXETH15M-26APR271500-00"",""trade_id"":""42585506-2815-580d-19e1-599398449882"",""yes_price_dollars"":""0.6300""}"
KXETH15M-26APR271500-00,a379356c-16b3-5363-c003-8f5e57b74fbb,1777315798,0.64,1.0,yes,"{""count_fp"":""1.00"",""created_time"":""2026-04-27T18:49:58.041607Z"",""no_price_dollars"":""0.3600"",""taker_side"":""yes"",""ticker"":""KXETH15M-26APR271500-00"",""trade_id"":""a379356c-16b3-5363-c003-8f5e57b74fbb"",""yes_price_dollars"":""0.6400""}"
KXETH15M-26APR271500-00,c391795f-0689-6cfd-f75f-12479d645c2e,1777315800,0.63,1.0,yes,"{""count_fp"":""1.00"",""created_time"":""2026-04-27T18:50:00.310699Z"",""no_price_dollars"":""0.3700"",""taker_side"":""yes"",""ticker"":""KXETH15M-26APR271500-00"",""trade_id"":""c391795f-0689-6cfd-f75f-12479d645c2e"",""yes_price_dollars"":""0.6300""}"
KXETH15M-26APR271500-00,8e8bae6d-1ee5-6082-9fac-139c9215690a,1777315803,0.59,10.0,no,"{""count_fp"":""10.00"",""created_time"":""2026-04-27T18:50:03.263054Z"",""no_price_dollars"":""0.4100"",""taker_side"":""no"",""ticker"":""KXETH15M-26APR271500-00"",""trade_id"":""8e8bae6d-1ee5-6082-9fac-139c9215690a"",""yes_price_dollars"":""0.5900""}"
KXETH15M-26APR271500-00,3f9f2496-be8b-614c-bf47-9f0c397b66b2,1777315803,0.6,1.0,no,"{""count_fp"":""1.00"",""created_time"":""2026-04-27T18:50:03.263054Z"",""no_price_dollars"":""0.4000"",""taker_side"":""no"",""ticker"":""KXETH15M-26APR271500-00"",""trade_id"":""3f9f2496-be8b-614c-bf47-9f0c397b66b2"",""yes_price_dollars"":""0.6000""}"
KXETH15M-26APR271500-00,5b05851d-cdc1-41b9-46a2-ad01a4d28956,1777315811,0.54,1.0,yes,"{""count_fp"":""1.00"",""created_time"":""2026-04-27T18:50:11.606302Z"",""no_price_dollars"":""0.4600"",""taker_side"":""yes"",""ticker"":""KXETH15M-26APR271500-00"",""trade_id"":""5b05851d-cdc1-41b9-46a2-ad01a4d28956"",""yes_price_dollars"":""0.5400""}"
KXETH15M-26APR271500-00,fc14f888-f2fd-43a1-cea9-58407b9371a9,1777315813,0.53,10.0,yes,"{""count_fp"":""10.00"",""created_time"":""2026-04-27T18:50:13.804333Z"",""no_price_dollars"":""0.4700"",""taker_side"":""yes"",""ticker"":""KXETH15M-26APR271500-00"",""trade_id"":""fc14f888-f2fd-43a1-cea9-58407b9371a9"",""yes_price_dollars"":""0.5300""}"
KXETH15M-26APR271500-00,da07f90b-0501-4d35-c8ee-d71b6c92dc7a,1777315813,0.53,6.26,yes,"{""count_fp"":""6.26"",""created_time"":""2026-04-27T18:50:13.804333Z"",""no_price_dollars"":""0.4700"",""taker_side"":""yes"",""ticker"":""KXETH15M-26APR271500-00"",""trade_id"":""da07f90b-0501-4d35-c8ee-d71b6c92dc7a"",""yes_price_dollars"":""0.5300""}"
KXETH15M-26APR271500-00,98e55120-f7e0-4715-e4d3-a0d29e255d9f,1777315813,0.53,1.0,yes,"{""count_fp"":""1.00"",""created_time"":""2026-04-27T18:50:13.804333Z"",""no_price_dollars"":""0.4700"",""taker_side"":""yes"",""ticker"":""KXETH15M-26APR271500-00"",""trade_id"":""98e55120-f7e0-4715-e4d3-a0d29e255d9f"",""yes_price_dollars"":""0.5300""}"
KXETH15M-26APR271500-00,93901b1a-c414-4ddb-e659-f7e427b3a6c5,1777315813,0.53,10.0,yes,"{""count_fp"":""10.00"",""created_time"":""2026-04-27T18:50:13.804333Z"",""no_price_dollars"":""0.4700"",""taker_side"":""yes"",""ticker"":""KXETH15M-26APR271500-00"",""trade_id"":""93901b1a-c414-4ddb-e659-f7e427b3a6c5"",""yes_price_dollars"":""0.5300""}"
KXETH15M-26APR271500-00,33c53c85-6fb3-62df-b35c-304db3946a07,1777315817,0.54,1.79,yes,"{""count_fp"":""1.79"",""created_time"":""2026-04-27T18:50:17.079889Z"",""no_price_dollars"":""0.4600"",""taker_side"":""yes"",""ticker"":""KXETH15M-26APR271500-00"",""trade_id"":""33c53c85-6fb3-62df-b35c-304db3946a07"",""yes_price_dollars"":""0.5400""}"
KXETH15M-26APR271500-00,96aec91f-d86c-6e3c-1828-aa50642d1814,1777315818,0.51,3.0,no,"{""count_fp"":""3.00"",""created_time"":""2026-04-27T18:50:18.988825Z"",""no_price_dollars"":""0.4900"",""taker_side"":""no"",""ticker"":""KXETH15M-26APR271500-00"",""trade_id"":""96aec91f-d86c-6e3c-1828-aa50642d1814"",""yes_price_dollars"":""0.5100""}"
KXETH15M-26APR271500-00,9c4dd978-4930-6187-357d-3a2ccc88ee84,1777315819,0.53,2.0,yes,"{""count_fp"":""2.00"",""created_time"":""2026-04-27T18:50:19.794084Z"",""no_price_dollars"":""0.4700"",""taker_side"":""yes"",""ticker"":""KXETH15M-26APR271500-00"",""trade_id"":""9c4dd978-4930-6187-357d-3a2ccc88ee84"",""yes_price_dollars"":""0.5300""}"
KXETH15M-26APR271500-00,637905cd-2c27-6f87-3d2c-e74e7ff92843,1777315819,0.54,112.4,yes,"{""count_fp"":""112.40"",""created_time"":""2026-04-27T18:50:19.794084Z"",""no_price_dollars"":""0.4600"",""taker_side"":""yes"",""ticker"":""KXETH15M-26APR271500-00"",""trade_id"":""637905cd-2c27-6f87-3d2c-e74e7ff92843"",""yes_price_dollars"":""0.5400""}"
KXETH15M-26APR271500-00,4e55932b-f323-7f32-81bc-0f6dbad166f1,1777315830,0.5,5.0,no,"{""count_fp"":""5.00"",""created_time"":""2026-04-27T18:50:30.793021Z"",""no_price_dollars"":""0.5000"",""taker_side"":""no"",""ticker"":""KXETH15M-26APR271500-00"",""trade_id"":""4e55932b-f323-7f32-81bc-0f6dbad166f1"",""yes_price_dollars"":""0.5000""}"
KXETH15M-26APR271500-00,1871280b-55ef-5122-68a1-c239a58947cd,1777315830,0.5,8.0,no,"{""count_fp"":""8.00"",""created_time"":""2026-04-27T18:50:30.739486Z"",""no_price_dollars"":""0.5000"",""taker_side"":""no"",""ticker"":""KXETH15M-26APR271500-00"",""trade_id"":""1871280b-55ef-5122-68a1-c239a58947cd"",""yes_price_dollars"":""0.5000""}"
KXETH15M-26APR271500-00,fa62a358-18bb-7697-0188-8cf8b1d047f7,1777315830,0.63,4.0,yes,"{""count_fp"":""4.00"",""created_time"":""2026-04-27T18:50:30.294046Z"",""no_price_dollars"":""0.3700"",""taker_side"":""yes"",""ticker"":""KXETH15M-26APR271500-00"",""trade_id"":""fa62a358-18bb-7697-0188-8cf8b1d047f7"",""yes_price_dollars"":""0.6300""}"
KXETH15M-26APR271500-00,fa1e586f-293a-74a8-38b1-a21ab30ef4f5,1777315830,0.62,912.0,yes,"{""count_fp"":""912.00"",""created_time"":""2026-04-27T18:50:30.294046Z"",""no_price_dollars"":""0.3800"",""taker_side"":""yes"",""ticker"":""KXETH15M-26APR271500-00"",""trade_id"":""fa1e586f-293a-74a8-38b1-a21ab30ef4f5"",""yes_price_dollars"":""0.6200""}"
KXETH15M-26APR271500-00,e9341adc-9483-7e35-053d-781178686c8f,1777315830,0.5,10.0,yes,"{""count_fp"":""10.00"",""created_time"":""2026-04-27T18:50:30.294046Z"",""no_price_dollars"":""0.5000"",""taker_side"":""yes"",""ticker"":""KXETH15M-26APR271500-00"",""trade_id"":""e9341adc-9483-7e35-053d-781178686c8f"",""yes_price_dollars"":""0.5000""}"
KXETH15M-26APR271500-00,db87d251-e93a-7a0f-392e-fac0b6a2de90,1777315830,0.58,5.0,yes,"{""count_fp"":""5.00"",""created_time"":""2026-04-27T18:50:30.294046Z"",""no_price_dollars"":""0.4200"",""taker_side"":""yes"",""ticker"":""KXETH15M-26APR271500-00"",""trade_id"":""db87d251-e93a-7a0f-392e-fac0b6a2de90"",""yes_price_dollars"":""0.5800""}"
KXETH15M-26APR271500-00,c7111665-09e1-7ef7-05eb-ad39b5d1de06,1777315830,0.61,10.0,yes,"{""count_fp"":""10.00"",""created_time"":""2026-04-27T18:50:30.294046Z"",""no_price_dollars"":""0.3900"",""taker_side"":""yes"",""ticker"":""KXETH15M-26APR271500-00"",""trade_id"":""c7111665-09e1-7ef7-05eb-ad39b5d1de06"",""yes_price_dollars"":""0.6100""}"
KXETH15M-26APR271500-00,990554e0-b7c8-7fb4-1cfd-839f90a53941,1777315830,0.56,5.0,yes,"{""count_fp"":""5.00"",""created_time"":""2026-04-27T18:50:30.294046Z"",""no_price_dollars"":""0.4400"",""taker_side"":""yes"",""ticker"":""KXETH15M-26APR271500-00"",""trade_id"":""990554e0-b7c8-7fb4-1cfd-839f90a53941"",""yes_price_dollars"":""0.5600""}"
KXETH15M-26APR271500-00,9009d56a-1969-77f1-02f2-497171f47636,1777315830,0.53,100.0,yes,"{""count_fp"":""100.00"",""created_time"":""2026-04-27T18:50:30.294046Z"",""no_price_dollars"":""0.4700"",""taker_side"":""yes"",""ticker"":""KXETH15M-26APR271500-00"",""trade_id"":""9009d56a-1969-77f1-02f2-497171f47636"",""yes_price_dollars"":""0.5300""}"
KXETH15M-26APR271500-00,5e9f7811-dfd2-70e4-3077-1cf20b615cfe,1777315830,0.62,1.0,yes,"{""count_fp"":""1.00"",""created_time"":""2026-04-27T18:50:30.294046Z"",""no_price_dollars"":""0.3800"",""taker_side"":""yes"",""ticker"":""KXETH15M-26APR271500-00"",""trade_id"":""5e9f7811-dfd2-70e4-3077-1cf20b615cfe"",""yes_price_dollars"":""0.6200""}"
KXETH15M-26APR271500-00,48371061-c908-7018-316b-4c96d918a4fd,1777315830,0.63,489.03,yes,"{""count_fp"":""489.03"",""created_time"":""2026-04-27T18:50:30.294046Z"",""no_price_dollars"":""0.3700"",""taker_side"":""yes"",""ticker"":""KXETH15M-26APR271500-00"",""trade_id"":""48371061-c908-7018-316b-4c96d918a4fd"",""yes_price_dollars"":""0.6300""}"
KXETH15M-26APR271500-00,30e06b36-f6cf-718f-033c-e3a3cf3c1e5f,1777315830,0.53,550.32,yes,"{""count_fp"":""550.32"",""created_time"":""2026-04-27T18:50:30.294046Z"",""no_price_dollars"":""0.4700"",""taker_side"":""yes"",""ticker"":""KXETH15M-26APR271500-00"",""trade_id"":""30e06b36-f6cf-718f-033c-e3a3cf3c1e5f"",""yes_price_dollars"":""0.5300""}"
KXETH15M-26APR271500-00,1aac344d-8421-7152-2d12-4b31bae06483,1777315830,0.54,5.0,yes,"{""count_fp"":""5.00"",""created_time"":""2026-04-27T18:50:30.294046Z"",""no_price_dollars"":""0.4600"",""taker_side"":""yes"",""ticker"":""KXETH15M-26APR271500-00"",""trade_id"":""1aac344d-8421-7152-2d12-4b31bae06483"",""yes_price_dollars"":""0.5400""}"
KXETH15M-26APR271500-00,1746bb93-e9bd-7c90-367d-ab0af2c6dd1e,1777315830,0.6,20.0,yes,"{""count_fp"":""20.00"",""created_time"":""2026-04-27T18:50:30.294046Z"",""no_price_dollars"":""0.4000"",""taker_side"":""yes"",""ticker"":""KXETH15M-26APR271500-00"",""trade_id"":""1746bb93-e9bd-7c90-367d-ab0af2c6dd1e"",""yes_price_dollars"":""0.6000""}"
KXETH15M-26APR271500-00,1676bb2d-43ae-78be-02fa-1f33d36756cb,1777315830,0.52,10.0,yes,"{""count_fp"":""10.00"",""created_time"":""2026-04-27T18:50:30.294046Z"",""no_price_dollars"":""0.4800"",""taker_side"":""yes"",""ticker"":""KXETH15M-26APR271500-00"",""trade_id"":""1676bb2d-43ae-78be-02fa-1f33d36756cb"",""yes_price_dollars"":""0.5200""}"
KXETH15M-26APR271500-00,15379173-ab0a-7b8a-0065-93538a143cae,1777315830,0.52,9.79,yes,"{""count_fp"":""9.79"",""created_time"":""2026-04-27T18:50:30.294046Z"",""no_price_dollars"":""0.4800"",""taker_side"":""yes"",""ticker"":""KXETH15M-26APR271500-00"",""trade_id"":""15379173-ab0a-7b8a-0065-93538a143cae"",""yes_price_dollars"":""0.5200""}"
KXETH15M-26APR271500-00,09d1b8d8-bf1c-7ea6-2d7a-3d42778e6429,1777315830,0.56,1.0,yes,"{""count_fp"":""1.00"",""created_time"":""2026-04-27T18:50:30.294046Z"",""no_price_dollars"":""0.4400"",""taker_side"":""yes"",""ticker"":""KXETH15M-26APR271500-00"",""trade_id"":""09d1b8d8-bf1c-7ea6-2d7a-3d42778e6429"",""yes_price_dollars"":""0.5600""}"
KXETH15M-26APR271500-00,547ebf3f-2457-79f6-c2c3-10c394aa0781,1777315831,0.5,10.0,no,"{""count_fp"":""10.00"",""created_time"":""2026-04-27T18:50:31.226367Z"",""no_price_dollars"":""0.5000"",""taker_side"":""no"",""ticker"":""KXETH15M-26APR271500-00"",""trade_id"":""547ebf3f-2457-79f6-c2c3-10c394aa0781"",""yes_price_dollars"":""0.5000""}"
KXETH15M-26APR271500-00,ca35fd7c-9c84-6e46-a9cc-0678e0624652,1777315831,0.54,8.0,yes,"{""count_fp"":""8.00"",""created_time"":""2026-04-27T18:50:31.113226Z"",""no_price_dollars"":""0.4600"",""taker_side"":""yes"",""ticker"":""KXETH15M-26APR271500-00"",""trade_id"":""ca35fd7c-9c84-6e46-a9cc-0678e0624652"",""yes_price_dollars"":""0.5400""}"
KXETH15M-26APR271500-00,d24e72ef-3aa5-693d-243e-ffddf68c964d,1777315832,0.5,1.0,no,"{""count_fp"":""1.00"",""created_time"":""2026-04-27T18:50:32.810547Z"",""no_price_dollars"":""0.5000"",""taker_side"":""no"",""ticker"":""KXETH15M-26APR271500-00"",""trade_id"":""d24e72ef-3aa5-693d-243e-ffddf68c964d"",""yes_price_dollars"":""0.5000""}"
KXETH15M-26APR271500-00,f73cda61-62ea-5a67-cd88-c66c1b257ea5,1777315838,0.51,1.0,no,"{""count_fp"":""1.00"",""created_time"":""2026-04-27T18:50:38.949455Z"",""no_price_dollars"":""0.4900"",""taker_side"":""no"",""ticker"":""KXETH15M-26APR271500-00"",""trade_id"":""f73cda61-62ea-5a67-cd88-c66c1b257ea5"",""yes_price_dollars"":""0.5100""}"
KXETH15M-26APR271500-00,f375ac37-55f2-5d7b-cec9-f20a17359391,1777315838,0.52,10.0,no,"{""count_fp"":""10.00"",""created_time"":""2026-04-27T18:50:38.949455Z"",""no_price_dollars"":""0.4800"",""taker_side"":""no"",""ticker"":""KXETH15M-26APR271500-00"",""trade_id"":""f375ac37-55f2-5d7b-cec9-f20a17359391"",""yes_price_dollars"":""0.5200""}"
KXETH15M-26APR271500-00,c203c3ca-66c2-55cc-d223-335d591fe05b,1777315838,0.52,10.76,no,"{""count_fp"":""10.76"",""created_time"":""2026-04-27T18:50:38.949455Z"",""no_price_dollars"":""0.4800"",""taker_side"":""no"",""ticker"":""KXETH15M-26APR271500-00"",""trade_id"":""c203c3ca-66c2-55cc-d223-335d591fe05b"",""yes_price_dollars"":""0.5200""}"
KXETH15M-26APR271500-00,35c92859-af51-5489-e84c-9b007302c555,1777315838,0.51,78.24,no,"{""count_fp"":""78.24"",""created_time"":""2026-04-27T18:50:38.949455Z"",""no_price_dollars"":""0.4900"",""taker_side"":""no"",""ticker"":""KXETH15M-26APR271500-00"",""trade_id"":""35c92859-af51-5489-e84c-9b007302c555"",""yes_price_dollars"":""0.5100""}"
KXETH15M-26APR271500-00,be79a04c-f5cd-5859-7420-00c2c77fdf2d,1777315839,0.51,1.62,no,"{""count_fp"":""1.62"",""created_time"":""2026-04-27T18:50:39.984376Z"",""no_price_dollars"":""0.4900"",""taker_side"":""no"",""ticker"":""KXETH15M-26APR271500-00"",""trade_id"":""be79a04c-f5cd-5859-7420-00c2c77fdf2d"",""yes_price_dollars"":""0.5100""}"
KXETH15M-26APR271500-00,f56b3d10-de4e-54d1-47c8-5f84fb188973,1777315841,0.52,4.0,no,"{""count_fp"":""4.00"",""created_time"":""2026-04-27T18:50:41.948135Z"",""no_price_dollars"":""0.4800"",""taker_side"":""no"",""ticker"":""KXETH15M-26APR271500-00"",""trade_id"":""f56b3d10-de4e-54d1-47c8-5f84fb188973"",""yes_price_dollars"":""0.5200""}"
KXETH15M-26APR271500-00,f94ecaa9-cdd6-402f-e248-b460261f723e,1777315843,0.56,5.0,yes,"{""count_fp"":""5.00"",""created_time"":""2026-04-27T18:50:43.919577Z"",""no_price_dollars"":""0.4400"",""taker_side"":""yes"",""ticker"":""KXETH15M-26APR271500-00"",""trade_id"":""f94ecaa9-cdd6-402f-e248-b460261f723e"",""yes_price_dollars"":""0.5600""}"
KXETH15M-26APR271500-00,a5b8a7e3-eb5a-771b-e18b-570807e8b030,1777315843,0.53,1.0,yes,"{""count_fp"":""1.00"",""created_time"":""2026-04-27T18:50:43.891761Z"",""no_price_dollars"":""0.4700"",""taker_side"":""yes"",""ticker"":""KXETH15M-26APR271500-00"",""trade_id"":""a5b8a7e3-eb5a-771b-e18b-570807e8b030"",""yes_price_dollars"":""0.5300""}"
KXETH15M-26APR271500-00,87a0ab08-df2a-71f8-fb1d-8e21e2b1bdc3,1777315843,0.55,10.0,yes,"{""count_fp"":""10.00"",""created_time"":""2026-04-27T18:50:43.891761Z"",""no_price_dollars"":""0.4500"",""taker_side"":""yes"",""ticker"":""KXETH15M-26APR271500-00"",""trade_id"":""87a0ab08-df2a-71f8-fb1d-8e21e2b1bdc3"",""yes_price_dollars"":""0.5500""}"
KXETH15M-26APR271500-00,d281de4b-bd1e-512b-e881-83bde3986888,1777315844,0.52,89.08,no,"{""count_fp"":""89.08"",""created_time"":""2026-04-27T18:50:44.458401Z"",""no_price_dollars"":""0.4800"",""taker_side"":""no"",""ticker"":""KXETH15M-26APR271500-00"",""trade_id"":""d281de4b-bd1e-512b-e881-83bde3986888"",""yes_price_dollars"":""0.5200""}"
KXETH15M-26APR271500-00,01b15aae-63b1-548e-d6ae-87c3c2fb0ea1,1777315844,0.54,10.0,no,"{""count_fp"":""10.00"",""created_time"":""2026-04-27T18:50:44.458401Z"",""no_price_dollars"":""0.4600"",""taker_side"":""no"",""ticker"":""KXETH15M-26APR271500-00"",""trade_id"":""01b15aae-63b1-548e-d6ae-87c3c2fb0ea1"",""yes_price_dollars"":""0.5400""}"
KXETH15M-26APR271500-00,34f33cb3-f199-4249-9ccf-36db13e6b73e,1777315848,0.51,1.97,no,"{""count_fp"":""1.97"",""created_time"":""2026-04-27T18:50:48.038577Z"",""no_price_dollars"":""0.4900"",""taker_side"":""no"",""ticker"":""KXETH15M-26APR271500-00"",""trade_id"":""34f33cb3-f199-4249-9ccf-36db13e6b73e"",""yes_price_dollars"":""0.5100""}"
KXETH15M-26APR271500-00,d0038844-f4d9-4050-6897-ef8df1f1e466,1777315849,0.51,1.93,no,"{""count_fp"":""1.93"",""created_time"":""2026-04-27T18:50:49.707041Z"",""no_price_dollars"":""0.4900"",""taker_side"":""no"",""ticker"":""KXETH15M-26APR271500-00"",""trade_id"":""d0038844-f4d9-4050-6897-ef8df1f1e466"",""yes_price_dollars"":""0.5100""}"
KXETH15M-26APR271500-00,84fd5cc0-0e75-6c57-cb5e-c4ff71137336,1777315852,0.51,10.98,no,"{""count_fp"":""10.98"",""created_time"":""2026-04-27T18:50:52.351838Z"",""no_price_dollars"":""0.4900"",""taker_side"":""no"",""ticker"":""KXETH15M-26APR271500-00"",""trade_id"":""84fd5cc0-0e75-6c57-cb5e-c4ff71137336"",""yes_price_dollars"":""0.5100""}"
KXETH15M-26APR271500-00,36e46bb8-ffde-6ba5-ec3e-40c3d0568955,1777315852,0.51,10.0,no,"{""count_fp"":""10.00"",""created_time"":""2026-04-27T18:50:52.351838Z"",""no_price_dollars"":""0.4900"",""taker_side"":""no"",""ticker"":""KXETH15M-26APR271500-00"",""trade_id"":""36e46bb8-ffde-6ba5-ec3e-40c3d0568955"",""yes_price_dollars"":""0.5100""}"
KXETH15M-26APR271500-00,2af89656-cb45-6b09-dbac-2d1ff63a5585,1777315852,0.5,57.95,no,"{""count_fp"":""57.95"",""created_time"":""2026-04-27T18:50:52.351838Z"",""no_price_dollars"":""0.5000"",""taker_side"":""no"",""ticker"":""KXETH15M-26APR271500-00"",""trade_id"":""2af89656-cb45-6b09-dbac-2d1ff63a5585"",""yes_price_dollars"":""0.5000""}"
KXETH15M-26APR271500-00,0cd3662b-a61d-6067-d2ac-2173fbac1524,1777315852,0.51,21.07,no,"{""count_fp"":""21.07"",""created_time"":""2026-04-27T18:50:52.351838Z"",""no_price_dollars"":""0.4900"",""taker_side"":""no"",""ticker"":""KXETH15M-26APR271500-00"",""trade_id"":""0cd3662b-a61d-6067-d2ac-2173fbac1524"",""yes_price_dollars"":""0.5100""}"
KXETH15M-26APR271500-00,58bad702-2eed-4c01-0f33-d9abce8ad3d9,1777315853,0.5,25.12,no,"{""count_fp"":""25.12"",""created_time"":""2026-04-27T18:50:53.765185Z"",""no_price_dollars"":""0.5000"",""taker_side"":""no"",""ticker"":""KXETH15M-26APR271500-00"",""trade_id"":""58bad702-2eed-4c01-0f33-d9abce8ad3d9"",""yes_price_dollars"":""0.5000""}"
KXETH15M-26APR271500-00,e1b987c8-b081-5039-8b39-590113dbdba9,1777315857,0.5,28.98,no,"{""count_fp"":""28.98"",""created_time"":""2026-04-27T18:50:57.763594Z"",""no_price_dollars"":""0.5000"",""taker_side"":""no"",""ticker"":""KXETH15M-26APR271500-00"",""trade_id"":""e1b987c8-b081-5039-8b39-590113dbdba9"",""yes_price_dollars"":""0.5000""}"
KXETH15M-26APR271500-00,865e3625-da9b-75c9-ba5e-b91985f332ee,1777315864,0.51,1.0,no,"{""count_fp"":""1.00"",""created_time"":""2026-04-27T18:51:04.811554Z"",""no_price_dollars"":""0.4900"",""taker_side"":""no"",""ticker"":""KXETH15M-26APR271500-00"",""trade_id"":""865e3625-da9b-75c9-ba5e-b91985f332ee"",""yes_price_dollars"":""0.5100""}"
KXETH15M-26APR271500-00,b6ddfad2-1406-47db-568a-de78473c43c3,1777315865,0.5,2.0,no,"{""count_fp"":""2.00"",""created_time"":""2026-04-27T18:51:05.589793Z"",""no_price_dollars"":""0.5000"",""taker_side"":""no"",""ticker"":""KXETH15M-26APR271500-00"",""trade_id"":""b6ddfad2-1406-47db-568a-de78473c43c3"",""yes_price_dollars"":""0.5000""}"
KXETH15M-26APR271500-00,0addff5c-99a0-4902-659d-6470b6bd5a9e,1777315865,0.51,1.0,no,"{""count_fp"":""1.00"",""created_time"":""2026-04-27T18:51:05.589793Z"",""no_price_dollars"":""0.4900"",""taker_side"":""no"",""ticker"":""KXETH15M-26APR271500-00"",""trade_id"":""0addff5c-99a0-4902-659d-6470b6bd5a9e"",""yes_price_dollars"":""0.5100""}"
KXETH15M-26APR271500-00,632dd1ed-cbf3-7789-ec71-7a9104f52083,1777315867,0.54,10.0,yes,"{""count_fp"":""10.00"",""created_time"":""2026-04-27T18:51:07.259162Z"",""no_price_dollars"":""0.4600"",""taker_side"":""yes"",""ticker"":""KXETH15M-26APR271500-00"",""trade_id"":""632dd1ed-cbf3-7789-ec71-7a9104f52083"",""yes_price_dollars"":""0.5400""}"
KXETH15M-26APR271500-00,f21879c1-ff6f-44ea-3772-8743260df0de,1777315867,0.53,1.0,yes,"{""count_fp"":""1.00"",""created_time"":""2026-04-27T18:51:07.123671Z"",""no_price_dollars"":""0.4700"",""taker_side"":""yes"",""ticker"":""KXETH15M-26APR271500-00"",""trade_id"":""f21879c1-ff6f-44ea-3772-8743260df0de"",""yes_price_dollars"":""0.5300""}"
KXETH15M-26APR271500-00,ef0cbfb3-0f2e-4538-17a6-b60dfd8f1c3e,1777315867,0.54,10.0,yes,"{""count_fp"":""10.00"",""created_time"":""2026-04-27T18:51:07.123671Z"",""no_price_dollars"":""0.4600"",""taker_side"":""yes"",""ticker"":""KXETH15M-26APR271500-00"",""trade_id"":""ef0cbfb3-0f2e-4538-17a6-b60dfd8f1c3e"",""yes_price_dollars"":""0.5400""}"
KXETH15M-26APR271500-00,70a26906-dc39-6158-47e5-927f2bb14ddd,1777315867,0.51,10.0,yes,"{""count_fp"":""10.00"",""created_time"":""2026-04-27T18:51:07.104236Z"",""no_price_dollars"":""0.4900"",""taker_side"":""yes"",""ticker"":""KXETH15M-26APR271500-00"",""trade_id"":""70a26906-dc39-6158-47e5-927f2bb14ddd"",""yes_price_dollars"":""0.5100""}"
KXETH15M-26APR271500-00,3d638d60-1bac-587b-39d1-8889026361a1,1777315869,0.59,29.0,no,"{""count_fp"":""29.00"",""created_time"":""2026-04-27T18:51:09.850038Z"",""no_price_dollars"":""0.4100"",""taker_side"":""no"",""ticker"":""KXETH15M-26APR271500-00"",""trade_id"":""3d638d60-1bac-587b-39d1-8889026361a1"",""yes_price_dollars"":""0.5900""}"
KXETH15M-26APR271500-00,ab7c621f-b260-5a7f-910e-76870a4479ad,1777315869,0.59,7.29,no,"{""count_fp"":""7.29"",""created_time"":""2026-04-27T18:51:09.474979Z"",""no_price_dollars"":""0.4100"",""taker_side"":""no"",""ticker"":""KXETH15M-26APR271500-00"",""trade_id"":""ab7c621f-b260-5a7f-910e-76870a4479ad"",""yes_price_dollars"":""0.5900""}"
KXETH15M-26APR271500-00,64128f5f-a92d-7316-ec1e-fa6d735690a1,1777315870,0.59,10.0,no,"{""count_fp"":""10.00"",""created_time"":""2026-04-27T18:51:10.944336Z"",""no_price_dollars"":""0.4100"",""taker_side"":""no"",""ticker"":""KXETH15M-26APR271500-00"",""trade_id"":""64128f5f-a92d-7316-ec1e-fa6d735690a1"",""yes_price_dollars"":""0.5900""}"
KXETH15M-26APR271500-00,e2d0db77-02b4-512f-946e-860e41b4bcd1,1777315875,0.57,50.0,no,"{""count_fp"":""50.00"",""created_time"":""2026-04-27T18:51:15.650049Z"",""no_price_dollars"":""0.4300"",""taker_side"":""no"",""ticker"":""KXETH15M-26APR271500-00"",""trade_id"":""e2d0db77-02b4-512f-946e-860e41b4bcd1"",""yes_price_dollars"":""0.5700""}"
KXETH15M-26APR271500-00,da0da53d-2fb8-4947-10ad-191ccd440ddc,1777315877,0.59,10.0,yes,"{""count_fp"":""10.00"",""created_time"":""2026-04-27T18:51:17.605253Z"",""no_price_dollars"":""0.4100"",""taker_side"":""yes"",""ticker"":""KXETH15M-26APR271500-00"",""trade_id"":""da0da53d-2fb8-4947-10ad-191ccd440ddc"",""yes_price_dollars"":""0.5900""}"
KXETH15M-26APR271500-00,9530d331-44a0-4d44-2ac4-9f6b281af6c0,1777315877,0.63,222.75,yes,"{""count_fp"":""222.75"",""created_time"":""2026-04-27T18:51:17.605253Z"",""no_price_dollars"":""0.3700"",""taker_side"":""yes"",""ticker"":""KXETH15M-26APR271500-00"",""trade_id"":""9530d331-44a0-4d44-2ac4-9f6b281af6c0"",""yes_price_dollars"":""0.6300""}"
KXETH15M-26APR271500-00,648dd6ce-e3f0-7277-a6d5-0c1e980694b1,1777315878,0.57,29.0,no,"{""count_fp"":""29.00"",""created_time"":""2026-04-27T18:51:18.756113Z"",""no_price_dollars"":""0.4300"",""taker_side"":""no"",""ticker"":""KXETH15M-26APR271500-00"",""trade_id"":""648dd6ce-e3f0-7277-a6d5-0c1e980694b1"",""yes_price_dollars"":""0.5700""}"
KXETH15M-26APR271500-00,396b1b26-06a8-77ca-a41b-774077136c82,1777315880,0.64,0.5,yes,"{""count_fp"":""0.50"",""created_time"":""2026-04-27T18:51:20.725978Z"",""no_price_dollars"":""0.3600"",""taker_side"":""yes"",""ticker"":""KXETH15M-26APR271500-00"",""trade_id"":""396b1b26-06a8-77ca-a41b-774077136c82"",""yes_price_dollars"":""0.6400""}"
KXETH15M-26APR271500-00,2d960ddd-892b-7957-8e0c-4a1ce1456c01,1777315880,0.64,1.0,yes,"{""count_fp"":""1.00"",""created_time"":""2026-04-27T18:51:20.725978Z"",""no_price_dollars"":""0.3600"",""taker_side"":""yes"",""ticker"":""KXETH15M-26APR271500-00"",""trade_id"":""2d960ddd-892b-7957-8e0c-4a1ce1456c01"",""yes_price_dollars"":""0.6400""}"
KXETH15M-26APR271500-00,fed5b486-f062-6ae1-534b-800a60dcc31a,1777315897,0.64,10.0,yes,"{""count_fp"":""10.00"",""created_time"":""2026-04-27T18:51:37.186712Z"",""no_price_dollars"":""0.3600"",""taker_side"":""yes"",""ticker"":""KXETH15M-26APR271500-00"",""trade_id"":""fed5b486-f062-6ae1-534b-800a60dcc31a"",""yes_price_dollars"":""0.6400""}"
KXETH15M-26APR271500-00,f78d03a7-a092-631b-7779-c7f4b6f93380,1777315897,0.66,1.0,yes,"{""count_fp"":""1.00"",""created_time"":""2026-04-27T18:51:37.186712Z"",""no_price_dollars"":""0.3400"",""taker_side"":""yes"",""ticker"":""KXETH15M-26APR271500-00"",""trade_id"":""f78d03a7-a092-631b-7779-c7f4b6f93380"",""yes_price_dollars"":""0.6600""}"
KXETH15M-26APR271500-00,79f9ec93-c0dc-603a-664f-46425f44371a,1777315897,0.67,88.0,yes,"{""count_fp"":""88.00"",""created_time"":""2026-04-27T18:51:37.186712Z"",""no_price_dollars"":""0.3300"",""taker_side"":""yes"",""ticker"":""KXETH15M-26APR271500-00"",""trade_id"":""79f9ec93-c0dc-603a-664f-46425f44371a"",""yes_price_dollars"":""0.6700""}"
KXETH15M-26APR271500-00,12eda9c0-cf28-6093-0ccf-23fcacfcc815,1777315898,0.62,1.0,no,"{""count_fp"":""1.00"",""created_time"":""2026-04-27T18:51:38.309375Z"",""no_price_dollars"":""0.3800"",""taker_side"":""no"",""ticker"":""KXETH15M-26APR271500-00"",""trade_id"":""12eda9c0-cf28-6093-0ccf-23fcacfcc815"",""yes_price_dollars"":""0.6200""}"
KXETH15M-26APR271500-00,6402e1fe-8330-484f-c057-be9af3c89c4d,1777315900,0.62,24.97,no,"{""count_fp"":""24.97"",""created_time"":""2026-04-27T18:51:40.048601Z"",""no_price_dollars"":""0.3800"",""taker_side"":""no"",""ticker"":""KXETH15M-26APR271500-00"",""trade_id"":""6402e1fe-8330-484f-c057-be9af3c89c4d"",""yes_price_dollars"":""0.6200""}"
KXETH15M-26APR271500-00,c9ba1fa1-e1bc-56c1-bf3d-c0fe35e58149,1777315906,0.61,7.0,yes,"{""count_fp"":""7.00"",""created_time"":""2026-04-27T18:51:46.298248Z"",""no_price_dollars"":""0.3900"",""taker_side"":""yes"",""ticker"":""KXETH15M-26APR271500-00"",""trade_id"":""c9ba1fa1-e1bc-56c1-bf3d-c0fe35e58149"",""yes_price_dollars"":""0.6100""}"
KXETH15M-26APR271500-00,110ce1e1-ce6d-65b6-4d64-88732587a2cf,1777315910,0.6,3.0,yes,"{""count_fp"":""3.00"",""created_time"":""2026-04-27T18:51:50.015648Z"",""no_price_dollars"":""0.4000"",""taker_side"":""yes"",""ticker"":""KXETH15M-26APR271500-00"",""trade_id"":""110ce1e1-ce6d-65b6-4d64-88732587a2cf"",""yes_price_dollars"":""0.6000""}"
KXETH15M-26APR271500-00,1e1387b3-dfa5-440a-c522-e22f7eddd517,1777315914,0.6,0.15,yes,"{""count_fp"":""0.15"",""created_time"":""2026-04-27T18:51:54.197099Z"",""no_price_dollars"":""0.4000"",""taker_side"":""yes"",""ticker"":""KXETH15M-26APR271500-00"",""trade_id"":""1e1387b3-dfa5-440a-c522-e22f7eddd517"",""yes_price_dollars"":""0.6000""}"
KXETH15M-26APR271500-00,cae9004f-841c-46d7-24e9-7f33d51770e5,1777315915,0.54,30.82,no,"{""count_fp"":""30.82"",""created_time"":""2026-04-27T18:51:55.694138Z"",""no_price_dollars"":""0.4600"",""taker_side"":""no"",""ticker"":""KXETH15M-26APR271500-00"",""trade_id"":""cae9004f-841c-46d7-24e9-7f33d51770e5"",""yes_price_dollars"":""0.5400""}"
KXETH15M-26APR271500-00,c127265e-1639-4bf0-25de-2d5563d7402f,1777315915,0.55,10.18,no,"{""count_fp"":""10.18"",""created_time"":""2026-04-27T18:51:55.694138Z"",""no_price_dollars"":""0.4500"",""taker_side"":""no"",""ticker"":""KXETH15M-26APR271500-00"",""trade_id"":""c127265e-1639-4bf0-25de-2d5563d7402f"",""yes_price_dollars"":""0.5500""}"
KXETH15M-26APR271500-00,9fdc2d07-efef-430a-079f-85c57f20292b,1777315915,0.55,10.0,no,"{""count_fp"":""10.00"",""created_time"":""2026-04-27T18:51:55.694138Z"",""no_price_dollars"":""0.4500"",""taker_side"":""no"",""ticker"":""KXETH15M-26APR271500-00"",""trade_id"":""9fdc2d07-efef-430a-079f-85c57f20292b"",""yes_price_dollars"":""0.5500""}"
KXETH15M-26APR271500-00,16ea0055-0d7b-4be5-159c-3d90fd2f8743,1777315915,0.56,5.0,no,"{""count_fp"":""5.00"",""created_time"":""2026-04-27T18:51:55.694138Z"",""no_price_dollars"":""0.4400"",""taker_side"":""no"",""ticker"":""KXETH15M-26APR271500-00"",""trade_id"":""16ea0055-0d7b-4be5-159c-3d90fd2f8743"",""yes_price_dollars"":""0.5600""}"
KXETH15M-26APR271500-00,795403d9-2219-4666-34d2-232b2be85393,1777315915,0.6,99.08,yes,"{""count_fp"":""99.08"",""created_time"":""2026-04-27T18:51:55.172998Z"",""no_price_dollars"":""0.4000"",""taker_side"":""yes"",""ticker"":""KXETH15M-26APR271500-00"",""trade_id"":""795403d9-2219-4666-34d2-232b2be85393"",""yes_price_dollars"":""0.6000""}"
KXETH15M-26APR271500-00,78e15f04-474c-4a90-c8f4-626f90bf05b1,1777315917,0.63,0.76,yes,"{""count_fp"":""0.76"",""created_time"":""2026-04-27T18:51:57.674581Z"",""no_price_dollars"":""0.3700"",""taker_side"":""yes"",""ticker"":""KXETH15M-26APR271500-00"",""trade_id"":""78e15f04-474c-4a90-c8f4-626f90bf05b1"",""yes_price_dollars"":""0.6300""}"
KXETH15M-26APR271500-00,4e0529b9-1e54-7ee2-9805-f0ab1e43f252,1777315920,0.64,4.0,yes,"{""count_fp"":""4.00"",""created_time"":""2026-04-27T18:52:00.423329Z"",""no_price_dollars"":""0.3600"",""taker_side"":""yes"",""ticker"":""KXETH15M-26APR271500-00"",""trade_id"":""4e0529b9-1e54-7ee2-9805-f0ab1e43f252"",""yes_price_dollars"":""0.6400""}"
KXETH15M-26APR271500-00,1de4ac04-dac0-7760-a24c-2b6acd84d2f3,1777315920,0.64,10.0,yes,"{""count_fp"":""10.00"",""created_time"":""2026-04-27T18:52:00.423329Z"",""no_price_dollars"":""0.3600"",""taker_side"":""yes"",""ticker"":""KXETH15M-26APR271500-00"",""trade_id"":""1de4ac04-dac0-7760-a24c-2b6acd84d2f3"",""yes_price_dollars"":""0.6400""}"
KXETH15M-26APR271500-00,593c431a-21df-7072-a5fd-a540f5fcd762,1777315921,0.67,5.0,no,"{""count_fp"":""5.00"",""created_time"":""2026-04-27T18:52:01.288581Z"",""no_price_dollars"":""0.3300"",""taker_side"":""no"",""ticker"":""KXETH15M-26APR271500-00"",""trade_id"":""593c431a-21df-7072-a5fd-a540f5fcd762"",""yes_price_dollars"":""0.6700""}"
KXETH15M-26APR271500-00,2ea23a24-fb5b-5a76-81c0-909bfc8963fa,1777315921,0.67,0.24,no,"{""count_fp"":""0.24"",""created_time"":""2026-04-27T18:52:01.148262Z"",""no_price_dollars"":""0.3300"",""taker_side"":""no"",""ticker"":""KXETH15M-26APR271500-00"",""trade_id"":""2ea23a24-fb5b-5a76-81c0-909bfc8963fa"",""yes_price_dollars"":""0.6700""}"
KXETH15M-26APR271500-00,ce72a79c-3a3f-6e14-aaca-7261f48d4266,1777315923,0.69,10.0,yes,"{""count_fp"":""10.00"",""created_time"":""2026-04-27T18:52:03.630944Z"",""no_price_dollars"":""0.3100"",""taker_side"":""yes"",""ticker"":""KXETH15M-26APR271500-00"",""trade_id"":""ce72a79c-3a3f-6e14-aaca-7261f48d4266"",""yes_price_dollars"":""0.6900""}"
KXETH15M-26APR271500-00,ceb64a48-c8a2-70ba-b82e-6a4abf38b7c2,1777315927,0.76,8.0,yes,"{""count_fp"":""8.00"",""created_time"":""2026-04-27T18:52:07.669082Z"",""no_price_dollars"":""0.2400"",""taker_side"":""yes"",""ticker"":""KXETH15M-26APR271500-00"",""trade_id"":""ceb64a48-c8a2-70ba-b82e-6a4abf38b7c2"",""yes_price_dollars"":""0.7600""}"
KXETH15M-26APR271500-00,1da90942-89dd-7c3c-b1ed-29b866f14895,1777315927,0.76,4.0,yes,"{""count_fp"":""4.00"",""created_time"":""2026-04-27T18:52:07.669082Z"",""no_price_dollars"":""0.2400"",""taker_side"":""yes"",""ticker"":""KXETH15M-26APR271500-00"",""trade_id"":""1da90942-89dd-7c3c-b1ed-29b866f14895"",""yes_price_dollars"":""0.7600""}"
KXETH15M-26APR271500-00,985d67e2-6f12-4f27-d253-96a59e94d5c3,1777315927,0.76,1.0,no,"{""count_fp"":""1.00"",""created_time"":""2026-04-27T18:52:07.513107Z"",""no_price_dollars"":""0.2400"",""taker_side"":""no"",""ticker"":""KXETH15M-26APR271500-00"",""trade_id"":""985d67e2-6f12-4f27-d253-96a59e94d5c3"",""yes_price_dollars"":""0.7600""}"
KXETH15M-26APR271500-00,e0509a7f-7144-7b16-1f32-dea5cce1de6e,1777315927,0.76,0.84,no,"{""count_fp"":""0.84"",""created_time"":""2026-04-27T18:52:07.411419Z"",""no_price_dollars"":""0.2400"",""taker_side"":""no"",""ticker"":""KXETH15M-26APR271500-00"",""trade_id"":""e0509a7f-7144-7b16-1f32-dea5cce1de6e"",""yes_price_dollars"":""0.7600""}"
KXETH15M-26APR271500-00,de0d2c51-376a-74bf-2a7e-27102e3c09e8,1777315927,0.71,100.0,no,"{""count_fp"":""100.00"",""created_time"":""2026-04-27T18:52:07.411419Z"",""no_price_dollars"":""0.2900"",""taker_side"":""no"",""ticker"":""KXETH15M-26APR271500-00"",""trade_id"":""de0d2c51-376a-74bf-2a7e-27102e3c09e8"",""yes_price_dollars"":""0.7100""}"
KXETH15M-26APR271500-00,b2bfbd40-13e4-7597-234e-b39ac61bfc19,1777315927,0.7,157.44,no,"{""count_fp"":""157.44"",""created_time"":""2026-04-27T18:52:07.411419Z"",""no_price_dollars"":""0.3000"",""taker_side"":""no"",""ticker"":""KXETH15M-26APR271500-00"",""trade_id"":""b2bfbd40-13e4-7597-234e-b39ac61bfc19"",""yes_price_dollars"":""0.7000""}"
KXETH15M-26APR271500-00,3f664815-d6a5-7461-1f4a-efbf212a40d2,1777315927,0.72,5.0,no,"{""count_fp"":""5.00"",""created_time"":""2026-04-27T18:52:07.411419Z"",""no_price_dollars"":""0.2800"",""taker_side"":""no"",""ticker"":""KXETH15M-26APR271500-00"",""trade_id"":""3f664815-d6a5-7461-1f4a-efbf212a40d2"",""yes_price_dollars"":""0.7200""}"
KXETH15M-26APR271500-00,3ed840de-feb5-7ba9-202e-cc62fdd44a28,1777315927,0.7,10.0,no,"{""count_fp"":""10.00"",""created_time"":""2026-04-27T18:52:07.411419Z"",""no_price_dollars"":""0.3000"",""taker_side"":""no"",""ticker"":""KXETH15M-26APR271500-00"",""trade_id"":""3ed840de-feb5-7ba9-202e-cc62fdd44a28"",""yes_price_dollars"":""0.7000""}"
KXETH15M-26APR271500-00,0f820bb5-e5c4-7bf2-e9d6-f938fda0b35e,1777315927,0.76,0.16,no,"{""count_fp"":""0.16"",""created_time"":""2026-04-27T18:52:07.401941Z"",""no_price_dollars"":""0.2400"",""taker_side"":""no"",""ticker"":""KXETH15M-26APR271500-00"",""trade_id"":""0f820bb5-e5c4-7bf2-e9d6-f938fda0b35e"",""yes_price_dollars"":""0.7600""}"
KXETH15M-26APR271500-00,f364e93a-3b42-4ec6-4796-c5adf9257792,1777315927,0.77,97.0,yes,"{""count_fp"":""97.00"",""created_time"":""2026-04-27T18:52:07.186461Z"",""no_price_dollars"":""0.2300"",""taker_side"":""yes"",""ticker"":""KXETH15M-26APR271500-00"",""trade_id"":""f364e93a-3b42-4ec6-4796-c5adf9257792"",""yes_price_dollars"":""0.7700""}"
KXETH15M-26APR271500-00,dfe563a8-0a11-4601-40d1-8a86892510b3,1777315927,0.77,1.0,yes,"{""count_fp"":""1.00"",""created_time"":""2026-04-27T18:52:07.186461Z"",""no_price_dollars"":""0.2300"",""taker_side"":""yes"",""ticker"":""KXETH15M-26APR271500-00"",""trade_id"":""dfe563a8-0a11-4601-40d1-8a86892510b3"",""yes_price_dollars"":""0.7700""}"
KXETH15M-26APR271500-00,ce545896-320a-4f8d-4bd0-6f6259219545,1777315927,0.76,1.0,yes,"{""count_fp"":""1.00"",""created_time"":""2026-04-27T18:52:07.186461Z"",""no_price_dollars"":""0.2400"",""taker_side"":""yes"",""ticker"":""KXETH15M-26APR271500-00"",""trade_id"":""ce545896-320a-4f8d-4bd0-6f6259219545"",""yes_price_dollars"":""0.7600""}"
KXETH15M-26APR271500-00,24398115-c2f9-4f05-7bdf-0bbfad09ec4a,1777315927,0.75,1.0,yes,"{""count_fp"":""1.00"",""created_time"":""2026-04-27T18:52:07.186461Z"",""no_price_dollars"":""0.2500"",""taker_side"":""yes"",""ticker"":""KXETH15M-26APR271500-00"",""trade_id"":""24398115-c2f9-4f05-7bdf-0bbfad09ec4a"",""yes_price_dollars"":""0.7500""}"
KXETH15M-26APR271500-00,b3367dbc-8ece-6f9b-d74e-70c6729988f7,1777315927,0.74,8.0,yes,"{""count_fp"":""8.00"",""created_time"":""2026-04-27T18:52:07.097451Z"",""no_price_dollars"":""0.2600"",""taker_side"":""yes"",""ticker"":""KXETH15M-26APR271500-00"",""trade_id"":""b3367dbc-8ece-6f9b-d74e-70c6729988f7"",""yes_price_dollars"":""0.7400""}"
KXETH15M-26APR271500-00,5fa5ac19-5a74-66ee-ebd6-65e3824a4592,1777315927,0.73,1.0,yes,"{""count_fp"":""1.00"",""created_time"":""2026-04-27T18:52:07.097451Z"",""no_price_dollars"":""0.2700"",""taker_side"":""yes"",""ticker"":""KXETH15M-26APR271500-00"",""trade_id"":""5fa5ac19-5a74-66ee-ebd6-65e3824a4592"",""yes_price_dollars"":""0.7300""}"
KXETH15M-26APR271500-00,3880d225-22c4-46f2-15f8-702167508b0e,1777315930,0.71,1.0,no,"{""count_fp"":""1.00"",""created_time"":""2026-04-27T18:52:10.808697Z"",""no_price_dollars"":""0.2900"",""taker_side"":""no"",""ticker"":""KXETH15M-26APR271500-00"",""trade_id"":""3880d225-22c4-46f2-15f8-702167508b0e"",""yes_price_dollars"":""0.7100""}"
KXETH15M-26APR271500-00,9f0eca71-26f1-4f72-5b74-2608861750f6,1777315930,0.75,54.0,yes,"{""count_fp"":""54.00"",""created_time"":""2026-04-27T18:52:10.332611Z"",""no_price_dollars"":""0.2500"",""taker_side"":""yes"",""ticker"":""KXETH15M-26APR271500-00"",""trade_id"":""9f0eca71-26f1-4f72-5b74-2608861750f6"",""yes_price_dollars"":""0.7500""}"
KXETH15M-26APR271500-00,37de95c3-2cb7-47df-5b0c-35637b700629,1777315930,0.74,10.0,yes,"{""count_fp"":""10.00"",""created_time"":""2026-04-27T18:52:10.332611Z"",""no_price_dollars"":""0.2600"",""taker_side"":""yes"",""ticker"":""KXETH15M-26APR271500-00"",""trade_id"":""37de95c3-2cb7-47df-5b0c-35637b700629"",""yes_price_dollars"":""0.7400""}"
KXETH15M-26APR271500-00,cd1be75d-e187-7a54-9a10-e43d62853d7b,1777315931,0.7,5.0,no,"{""count_fp"":""5.00"",""created_time"":""2026-04-27T18:52:11.759561Z"",""no_price_dollars"":""0.3000"",""taker_side"":""no"",""ticker"":""KXETH15M-26APR271500-00"",""trade_id"":""cd1be75d-e187-7a54-9a10-e43d62853d7b"",""yes_price_dollars"":""0.7000""}"
KXETH15M-26APR271500-00,a25b3776-29ea-73a5-8aa0-2a5590f9ea83,1777315931,0.72,1.0,no,"{""count_fp"":""1.00"",""created_time"":""2026-04-27T18:52:11.759561Z"",""no_price_dollars"":""0.2800"",""taker_side"":""no"",""ticker"":""KXETH15M-26APR271500-00"",""trade_id"":""a25b3776-29ea-73a5-8aa0-2a5590f9ea83"",""yes_price_dollars"":""0.7200""}"
KXETH15M-26APR271500-00,3959b39d-5f86-799f-9bfc-59bcb35fe89c,1777315931,0.7,10.0,no,"{""count_fp"":""10.00"",""created_time"":""2026-04-27T18:52:11.759561Z"",""no_price_dollars"":""0.3000"",""taker_side"":""no"",""ticker"":""KXETH15M-26APR271500-00"",""trade_id"":""3959b39d-5f86-799f-9bfc-59bcb35fe89c"",""yes_price_dollars"":""0.7000""}"
KXETH15M-26APR271500-00,d057172b-61c9-77aa-6fc4-deede22e107a,1777315932,0.68,5.0,no,"{""count_fp"":""5.00"",""created_time"":""2026-04-27T18:52:12.960382Z"",""no_price_dollars"":""0.3200"",""taker_side"":""no"",""ticker"":""KXETH15M-26APR271500-00"",""trade_id"":""d057172b-61c9-77aa-6fc4-deede22e107a"",""yes_price_dollars"":""0.6800""}"
KXETH15M-26APR271500-00,9993c5a3-df9b-77ee-5fc2-2045ba3810ad,1777315932,0.66,95.8,no,"{""count_fp"":""95.80"",""created_time"":""2026-04-27T18:52:12.960382Z"",""no_price_dollars"":""0.3400"",""taker_side"":""no"",""ticker"":""KXETH15M-26APR271500-00"",""trade_id"":""9993c5a3-df9b-77ee-5fc2-2045ba3810ad"",""yes_price_dollars"":""0.6600""}"
KXETH15M-26APR271500-00,6bd57b92-0099-7c47-5eed-42ac97350831,1777315932,0.69,1.0,no,"{""count_fp"":""1.00"",""created_time"":""2026-04-27T18:52:12.960382Z"",""no_price_dollars"":""0.3100"",""taker_side"":""no"",""ticker"":""KXETH15M-26APR271500-00"",""trade_id"":""6bd57b92-0099-7c47-5eed-42ac97350831"",""yes_price_dollars"":""0.6900""}"
KXETH15M-26APR271500-00,6552f72d-f957-7d2e-6fa7-dec27e0b38d6,1777315932,0.67,1.76,no,"{""count_fp"":""1.76"",""created_time"":""2026-04-27T18:52:12.960382Z"",""no_price_dollars"":""0.3300"",""taker_side"":""no"",""ticker"":""KXETH15M-26APR271500-00"",""trade_id"":""6552f72d-f957-7d2e-6fa7-dec27e0b38d6"",""yes_price_dollars"":""0.6700""}"
KXETH15M-26APR271500-00,533ad724-a792-7c6d-6b3f-a1634c24cc01,1777315932,0.66,5.0,no,"{""count_fp"":""5.00"",""created_time"":""2026-04-27T18:52:12.960382Z"",""no_price_dollars"":""0.3400"",""taker_side"":""no"",""ticker"":""KXETH15M-26APR271500-00"",""trade_id"":""533ad724-a792-7c6d-6b3f-a1634c24cc01"",""yes_price_dollars"":""0.6600""}"
KXETH15M-26APR271500-00,d8ad4557-0c44-6d8a-94cd-073d5244693e,1777315935,0.67,1.0,no,"{""count_fp"":""1.00"",""created_time"":""2026-04-27T18:52:15.244901Z"",""no_price_dollars"":""0.3300"",""taker_side"":""no"",""ticker"":""KXETH15M-26APR271500-00"",""trade_id"":""d8ad4557-0c44-6d8a-94cd-073d5244693e"",""yes_price_dollars"":""0.6700""}"
KXETH15M-26APR271500-00,2040347f-7119-6f23-afc4-7586e7b1b07b,1777315935,0.69,1.0,no,"{""count_fp"":""1.00"",""created_time"":""2026-04-27T18:52:15.244901Z"",""no_price_dollars"":""0.3100"",""taker_side"":""no"",""ticker"":""KXETH15M-26APR271500-00"",""trade_id"":""2040347f-7119-6f23-afc4-7586e7b1b07b"",""yes_price_dollars"":""0.6900""}"
KXETH15M-26APR271500-00,78e5fd3e-1e0a-622e-903c-049ce3e4be26,1777315937,0.72,8.92,yes,"{""count_fp"":""8.92"",""created_time"":""2026-04-27T18:52:17.704653Z"",""no_price_dollars"":""0.2800"",""taker_side"":""yes"",""ticker"":""KXETH15M-26APR271500-00"",""trade_id"":""78e5fd3e-1e0a-622e-903c-049ce3e4be26"",""yes_price_dollars"":""0.7200""}"
KXETH15M-26APR271500-00,0979880b-113d-6a40-9abc-264314caf330,1777315942,0.71,1.0,yes,"{""count_fp"":""1.00"",""created_time"":""2026-04-27T18:52:22.689474Z"",""no_price_dollars"":""0.2900"",""taker_side"":""yes"",""ticker"":""KXETH15M-26APR271500-00"",""trade_id"":""0979880b-113d-6a40-9abc-264314caf330"",""yes_price_dollars"":""0.7100""}"
KXETH15M-26APR271500-00,c3245bb3-68c1-6ae0-cee9-3f11641ef064,1777315942,0.71,9.0,yes,"{""count_fp"":""9.00"",""created_time"":""2026-04-27T18:52:22.684493Z"",""no_price_dollars"":""0.2900"",""taker_side"":""yes"",""ticker"":""KXETH15M-26APR271500-00"",""trade_id"":""c3245bb3-68c1-6ae0-cee9-3f11641ef064"",""yes_price_dollars"":""0.7100""}"
KXETH15M-26APR271500-00,0ff83495-b1ad-56fa-f2ae-7f595e0fbbb2,1777315942,0.71,46.08,yes,"{""count_fp"":""46.08"",""created_time"":""2026-04-27T18:52:22.552248Z"",""no_price_dollars"":""0.2900"",""taker_side"":""yes"",""ticker"":""KXETH15M-26APR271500-00"",""trade_id"":""0ff83495-b1ad-56fa-f2ae-7f595e0fbbb2"",""yes_price_dollars"":""0.7100""}"
KXETH15M-26APR271500-00,dda6b8a6-23a9-695a-8807-fb2213a2088a,1777315943,0.78,27.58,yes,"{""count_fp"":""27.58"",""created_time"":""2026-04-27T18:52:23.405296Z"",""no_price_dollars"":""0.2200"",""taker_side"":""yes"",""ticker"":""KXETH15M-26APR271500-00"",""trade_id"":""dda6b8a6-23a9-695a-8807-fb2213a2088a"",""yes_price_dollars"":""0.7800""}"
KXETH15M-26APR271500-00,baff4490-adcc-6f18-8778-c8fcb9dd9628,1777315943,0.78,1.0,yes,"{""count_fp"":""1.00"",""created_time"":""2026-04-27T18:52:23.405296Z"",""no_price_dollars"":""0.2200"",""taker_side"":""yes"",""ticker"":""KXETH15M-26APR271500-00"",""trade_id"":""baff4490-adcc-6f18-8778-c8fcb9dd9628"",""yes_price_dollars"":""0.7800""}"
KXETH15M-26APR271500-00,aac9d8a3-df88-6e12-bff6-b4e10bc3e3f5,1777315943,0.78,10.0,yes,"{""count_fp"":""10.00"",""created_time"":""2026-04-27T18:52:23.405296Z"",""no_price_dollars"":""0.2200"",""taker_side"":""yes"",""ticker"":""KXETH15M-26APR271500-00"",""trade_id"":""aac9d8a3-df88-6e12-bff6-b4e10bc3e3f5"",""yes_price_dollars"":""0.7800""}"
KXETH15M-26APR271500-00,b28c11c4-3e8f-5114-7338-12c50d1579bd,1777315943,0.76,1.0,no,"{""count_fp"":""1.00"",""created_time"":""2026-04-27T18:52:23.115644Z"",""no_price_dollars"":""0.2400"",""taker_side"":""no"",""ticker"":""KXETH15M-26APR271500-00"",""trade_id"":""b28c11c4-3e8f-5114-7338-12c50d1579bd"",""yes_price_dollars"":""0.7600""}"
KXETH15M-26APR271500-00,70f74982-483b-4b79-b032-bb82a54283c6,1777315944,0.76,1.0,no,"{""count_fp"":""1.00"",""created_time"":""2026-04-27T18:52:24.408005Z"",""no_price_dollars"":""0.2400"",""taker_side"":""no"",""ticker"":""KXETH15M-26APR271500-00"",""trade_id"":""70f74982-483b-4b79-b032-bb82a54283c6"",""yes_price_dollars"":""0.7600""}"
KXETH15M-26APR271500-00,6d1a9980-9c48-43a7-bace-f2d31d559fd9,1777315944,0.72,234.55,no,"{""count_fp"":""234.55"",""created_time"":""2026-04-27T18:52:24.408005Z"",""no_price_dollars"":""0.2800"",""taker_side"":""no"",""ticker"":""KXETH15M-26APR271500-00"",""trade_id"":""6d1a9980-9c48-43a7-bace-f2d31d559fd9"",""yes_price_dollars"":""0.7200""}"
KXETH15M-26APR271500-00,229831f9-650d-4633-8e3f-a232bdb75a86,1777315944,0.73,100.0,no,"{""count_fp"":""100.00"",""created_time"":""2026-04-27T18:52:24.408005Z"",""no_price_dollars"":""0.2700"",""taker_side"":""no"",""ticker"":""KXETH15M-26APR271500-00"",""trade_id"":""229831f9-650d-4633-8e3f-a232bdb75a86"",""yes_price_dollars"":""0.7300""}"
KXETH15M-26APR271500-00,f79076d0-b909-4599-5932-2a8f79ffd23a,1777315949,0.73,5.88,no,"{""count_fp"":""5.88"",""created_time"":""2026-04-27T18:52:29.623176Z"",""no_price_dollars"":""0.2700"",""taker_side"":""no"",""ticker"":""KXETH15M-26APR271500-00"",""trade_id"":""f79076d0-b909-4599-5932-2a8f79ffd23a"",""yes_price_dollars"":""0.7300""}"
KXETH15M-26APR271500-00,467a897c-80cf-4477-7229-b42968522e1b,1777315949,0.73,1.0,no,"{""count_fp"":""1.00"",""created_time"":""2026-04-27T18:52:29.623176Z"",""no_price_dollars"":""0.2700"",""taker_side"":""no"",""ticker"":""KXETH15M-26APR271500-00"",""trade_id"":""467a897c-80cf-4477-7229-b42968522e1b"",""yes_price_dollars"":""0.7300""}"
KXETH15M-26APR271500-00,8557a845-8d28-703b-b8da-b610a58cd393,1777315949,0.75,1.0,no,"{""count_fp"":""1.00"",""created_time"":""2026-04-27T18:52:29.135474Z"",""no_price_dollars"":""0.2500"",""taker_side"":""no"",""ticker"":""KXETH15M-26APR271500-00"",""trade_id"":""8557a845-8d28-703b-b8da-b610a58cd393"",""yes_price_dollars"":""0.7500""}"
KXETH15M-26APR271500-00,f7d23bd8-4c69-540e-da00-ccc5f8515f5a,1777315957,0.73,1.0,yes,"{""count_fp"":""1.00"",""created_time"":""2026-04-27T18:52:37.336562Z"",""no_price_dollars"":""0.2700"",""taker_side"":""yes"",""ticker"":""KXETH15M-26APR271500-00"",""trade_id"":""f7d23bd8-4c69-540e-da00-ccc5f8515f5a"",""yes_price_dollars"":""0.7300""}"
KXETH15M-26APR271500-00,413d08cc-595c-4c86-c0ba-b0bbd5d0b742,1777315960,0.7,1.0,yes,"{""count_fp"":""1.00"",""created_time"":""2026-04-27T18:52:40.139163Z"",""no_price_dollars"":""0.3000"",""taker_side"":""yes"",""ticker"":""KXETH15M-26APR271500-00"",""trade_id"":""413d08cc-595c-4c86-c0ba-b0bbd5d0b742"",""yes_price_dollars"":""0.7000""}"
KXETH15M-26APR271500-00,27786a60-b800-4a7d-ed5d-f42df4ccb1a1,1777315960,0.7,0.34,yes,"{""count_fp"":""0.34"",""created_time"":""2026-04-27T18:52:40.139163Z"",""no_price_dollars"":""0.3000"",""taker_side"":""yes"",""ticker"":""KXETH15M-26APR271500-00"",""trade_id"":""27786a60-b800-4a7d-ed5d-f42df4ccb1a1"",""yes_price_dollars"":""0.7000""}"
KXETH15M-26APR271500-00,bc94a52f-0f09-6bec-ee0b-eefd01a813f5,1777315960,0.7,10.0,no,"{""count_fp"":""10.00"",""created_time"":""2026-04-27T18:52:40.062992Z"",""no_price_dollars"":""0.3000"",""taker_side"":""no"",""ticker"":""KXETH15M-26APR271500-00"",""trade_id"":""bc94a52f-0f09-6bec-ee0b-eefd01a813f5"",""yes_price_dollars"":""0.7000""}"
KXETH15M-26APR271500-00,2ca55f08-0649-6d29-d152-b7dce4449673,1777315960,0.7,5.0,no,"{""count_fp"":""5.00"",""created_time"":""2026-04-27T18:52:40.062992Z"",""no_price_dollars"":""0.3000"",""taker_side"":""no"",""ticker"":""KXETH15M-26APR271500-00"",""trade_id"":""2ca55f08-0649-6d29-d152-b7dce4449673"",""yes_price_dollars"":""0.7000""}"
KXETH15M-26APR271500-00,49c2ef22-1e25-4850-95b7-fbe1c2489ed5,1777315963,0.72,1.0,no,"{""count_fp"":""1.00"",""created_time"":""2026-04-27T18:52:43.331568Z"",""no_price_dollars"":""0.2800"",""taker_side"":""no"",""ticker"":""KXETH15M-26APR271500-00"",""trade_id"":""49c2ef22-1e25-4850-95b7-fbe1c2489ed5"",""yes_price_dollars"":""0.7200""}"
KXETH15M-26APR271500-00,1e639217-1548-4fa7-ab93-22c587790eb5,1777315963,0.71,2.0,no,"{""count_fp"":""2.00"",""created_time"":""2026-04-27T18:52:43.331568Z"",""no_price_dollars"":""0.2900"",""taker_side"":""no"",""ticker"":""KXETH15M-26APR271500-00"",""trade_id"":""1e639217-1548-4fa7-ab93-22c587790eb5"",""yes_price_dollars"":""0.7100""}"
KXETH15M-26APR271500-00,b20edf6d-0c77-4e41-ac5c-1f11bb9b1827,1777315963,0.7,3.0,yes,"{""count_fp"":""3.00"",""created_time"":""2026-04-27T18:52:43.092564Z"",""no_price_dollars"":""0.3000"",""taker_side"":""yes"",""ticker"":""KXETH15M-26APR271500-00"",""trade_id"":""b20edf6d-0c77-4e41-ac5c-1f11bb9b1827"",""yes_price_dollars"":""0.7000""}"
KXETH15M-26APR271500-00,d6944090-c9a7-407e-0767-159a6cbc4566,1777315964,0.78,1.0,no,"{""count_fp"":""1.00"",""created_time"":""2026-04-27T18:52:44.882969Z"",""no_price_dollars"":""0.2200"",""taker_side"":""no"",""ticker"":""KXETH15M-26APR271500-00"",""trade_id"":""d6944090-c9a7-407e-0767-159a6cbc4566"",""yes_price_dollars"":""0.7800""}"
KXETH15M-26APR271500-00,32812b0c-fcd3-4d55-2c8b-c680613a9c30,1777315964,0.77,30.7,no,"{""count_fp"":""30.70"",""created_time"":""2026-04-27T18:52:44.882969Z"",""no_price_dollars"":""0.2300"",""taker_side"":""no"",""ticker"":""KXETH15M-26APR271500-00"",""trade_id"":""32812b0c-fcd3-4d55-2c8b-c680613a9c30"",""yes_price_dollars"":""0.7700""}"
KXETH15M-26APR271500-00,31934180-cc20-49e2-44bc-f2aceb3c86cf,1777315970,0.78,1.0,no,"{""count_fp"":""1.00"",""created_time"":""2026-04-27T18:52:50.761223Z"",""no_price_dollars"":""0.2200"",""taker_side"":""no"",""ticker"":""KXETH15M-26APR271500-00"",""trade_id"":""31934180-cc20-49e2-44bc-f2aceb3c86cf"",""yes_price_dollars"":""0.7800""}"
KXETH15M-26APR271500-00,dff5437f-55ce-5b96-1207-99a2aedec7e5,1777315972,0.78,5.0,yes,"{""count_fp"":""5.00"",""created_time"":""2026-04-27T18:52:52.584363Z"",""no_price_dollars"":""0.2200"",""taker_side"":""yes"",""ticker"":""KXETH15M-26APR271500-00"",""trade_id"":""dff5437f-55ce-5b96-1207-99a2aedec7e5"",""yes_price_dollars"":""0.7800""}"
KXETH15M-26APR271500-00,c37e067a-37de-50ee-d414-cb1f75b5d7f1,1777315972,0.78,1.0,yes,"{""count_fp"":""1.00"",""created_time"":""2026-04-27T18:52:52.438651Z"",""no_price_dollars"":""0.2200"",""taker_side"":""yes"",""ticker"":""KXETH15M-26APR271500-00"",""trade_id"":""c37e067a-37de-50ee-d414-cb1f75b5d7f1"",""yes_price_dollars"":""0.7800""}"
KXETH15M-26APR271500-00,b541b946-f916-440f-fa9f-5b77b609a0be,1777315972,0.79,9.52,yes,"{""count_fp"":""9.52"",""created_time"":""2026-04-27T18:52:52.028627Z"",""no_price_dollars"":""0.2100"",""taker_side"":""yes"",""ticker"":""KXETH15M-26APR271500-00"",""trade_id"":""b541b946-f916-440f-fa9f-5b77b609a0be"",""yes_price_dollars"":""0.7900""}"
KXETH15M-26APR271500-00,9abc88b2-3485-41ce-f4e9-5eb61044dc62,1777315972,0.79,1.0,yes,"{""count_fp"":""1.00"",""created_time"":""2026-04-27T18:52:52.028627Z"",""no_price_dollars"":""0.2100"",""taker_side"":""yes"",""ticker"":""KXETH15M-26APR271500-00"",""trade_id"":""9abc88b2-3485-41ce-f4e9-5eb61044dc62"",""yes_price_dollars"":""0.7900""}"
