ticker,trade_id,ts,yes_price,count,taker_side,raw_json
KXETH15M-26APR271745-45,4e090258-6047-68d2-dd50-ed38aef91510,1777325411,0.44,8.51,no,"{""count_fp"":""8.51"",""created_time"":""2026-04-27T21:30:11.645318Z"",""no_price_dollars"":""0.5600"",""taker_side"":""no"",""ticker"":""KXETH15M-26APR271745-45"",""trade_id"":""4e090258-6047-68d2-dd50-ed38aef91510"",""yes_price_dollars"":""0.4400""}"
KXETH15M-26APR271745-45,2e1067c9-8c0c-699d-8795-55f1080dd817,1777325413,0.48,17.03,no,"{""count_fp"":""17.03"",""created_time"":""2026-04-27T21:30:13.855222Z"",""no_price_dollars"":""0.5200"",""taker_side"":""no"",""ticker"":""KXETH15M-26APR271745-45"",""trade_id"":""2e1067c9-8c0c-699d-8795-55f1080dd817"",""yes_price_dollars"":""0.4800""}"
KXETH15M-26APR271745-45,fa505ffa-05d7-5612-a4d7-fbda42d09e30,1777325416,0.49,23.67,yes,"{""count_fp"":""23.67"",""created_time"":""2026-04-27T21:30:16.807431Z"",""no_price_dollars"":""0.5100"",""taker_side"":""yes"",""ticker"":""KXETH15M-26APR271745-45"",""trade_id"":""fa505ffa-05d7-5612-a4d7-fbda42d09e30"",""yes_price_dollars"":""0.4900""}"
KXETH15M-26APR271745-45,69978d64-8593-58d5-ae3c-06cf6537a9e3,1777325416,0.49,1.0,yes,"{""count_fp"":""1.00"",""created_time"":""2026-04-27T21:30:16.807431Z"",""no_price_dollars"":""0.5100"",""taker_side"":""yes"",""ticker"":""KXETH15M-26APR271745-45"",""trade_id"":""69978d64-8593-58d5-ae3c-06cf6537a9e3"",""yes_price_dollars"":""0.4900""}"
KXETH15M-26APR271745-45,b0d9437f-6523-59de-f07c-7056b14dc188,1777325418,0.49,28.0,yes,"{""count_fp"":""28.00"",""created_time"":""2026-04-27T21:30:18.609041Z"",""no_price_dollars"":""0.5100"",""taker_side"":""yes"",""ticker"":""KXETH15M-26APR271745-45"",""trade_id"":""b0d9437f-6523-59de-f07c-7056b14dc188"",""yes_price_dollars"":""0.4900""}"
KXETH15M-26APR271745-45,23d4dd9d-4790-5e3b-e6fd-8f5f195a89db,1777325418,0.49,1.0,yes,"{""count_fp"":""1.00"",""created_time"":""2026-04-27T21:30:18.609041Z"",""no_price_dollars"":""0.5100"",""taker_side"":""yes"",""ticker"":""KXETH15M-26APR271745-45"",""trade_id"":""23d4dd9d-4790-5e3b-e6fd-8f5f195a89db"",""yes_price_dollars"":""0.4900""}"
KXETH15M-26APR271745-45,f03546ad-e7db-4712-4abc-d6409a455288,1777325418,0.49,7.56,yes,"{""count_fp"":""7.56"",""created_time"":""2026-04-27T21:30:18.038852Z"",""no_price_dollars"":""0.5100"",""taker_side"":""yes"",""ticker"":""KXETH15M-26APR271745-45"",""trade_id"":""f03546ad-e7db-4712-4abc-d6409a455288"",""yes_price_dollars"":""0.4900""}"
KXETH15M-26APR271745-45,0ea6f3f1-babf-4721-7820-82c473c9ef28,1777325418,0.49,1.0,yes,"{""count_fp"":""1.00"",""created_time"":""2026-04-27T21:30:18.038852Z"",""no_price_dollars"":""0.5100"",""taker_side"":""yes"",""ticker"":""KXETH15M-26APR271745-45"",""trade_id"":""0ea6f3f1-babf-4721-7820-82c473c9ef28"",""yes_price_dollars"":""0.4900""}"
KXETH15M-26APR271745-45,5cd98a1b-f55d-4595-7a08-66cc2b577918,1777325422,0.49,1.0,yes,"{""count_fp"":""1.00"",""created_time"":""2026-04-27T21:30:22.910902Z"",""no_price_dollars"":""0.5100"",""taker_side"":""yes"",""ticker"":""KXETH15M-26APR271745-45"",""trade_id"":""5cd98a1b-f55d-4595-7a08-66cc2b577918"",""yes_price_dollars"":""0.4900""}"
KXETH15M-26APR271745-45,56736d35-35e0-4ae4-774e-98c3003f5e67,1777325422,0.51,48.0,yes,"{""count_fp"":""48.00"",""created_time"":""2026-04-27T21:30:22.910902Z"",""no_price_dollars"":""0.4900"",""taker_side"":""yes"",""ticker"":""KXETH15M-26APR271745-45"",""trade_id"":""56736d35-35e0-4ae4-774e-98c3003f5e67"",""yes_price_dollars"":""0.5100""}"
KXETH15M-26APR271745-45,d5219219-c8c7-741e-1830-ba798022947e,1777325430,0.55,3.23,no,"{""count_fp"":""3.23"",""created_time"":""2026-04-27T21:30:30.550723Z"",""no_price_dollars"":""0.4500"",""taker_side"":""no"",""ticker"":""KXETH15M-26APR271745-45"",""trade_id"":""d5219219-c8c7-741e-1830-ba798022947e"",""yes_price_dollars"":""0.5500""}"
KXETH15M-26APR271745-45,ef67a2ea-39d7-44a2-8fd7-3d1894370a08,1777325430,0.52,0.77,yes,"{""count_fp"":""0.77"",""created_time"":""2026-04-27T21:30:30.544514Z"",""no_price_dollars"":""0.4800"",""taker_side"":""yes"",""ticker"":""KXETH15M-26APR271745-45"",""trade_id"":""ef67a2ea-39d7-44a2-8fd7-3d1894370a08"",""yes_price_dollars"":""0.5200""}"
KXETH15M-26APR271745-45,a31e8512-829a-48ba-a84c-bb60a5f51166,1777325430,0.5,1.0,yes,"{""count_fp"":""1.00"",""created_time"":""2026-04-27T21:30:30.544514Z"",""no_price_dollars"":""0.5000"",""taker_side"":""yes"",""ticker"":""KXETH15M-26APR271745-45"",""trade_id"":""a31e8512-829a-48ba-a84c-bb60a5f51166"",""yes_price_dollars"":""0.5000""}"
KXETH15M-26APR271745-45,f25b22f7-512e-448d-cd96-b29b01a7c5d8,1777325441,0.5,1.0,yes,"{""count_fp"":""1.00"",""created_time"":""2026-04-27T21:30:41.390083Z"",""no_price_dollars"":""0.5000"",""taker_side"":""yes"",""ticker"":""KXETH15M-26APR271745-45"",""trade_id"":""f25b22f7-512e-448d-cd96-b29b01a7c5d8"",""yes_price_dollars"":""0.5000""}"
KXETH15M-26APR271745-45,1e0e1563-ea11-48ad-e6db-aecf3752ffca,1777325441,0.5,50.0,yes,"{""count_fp"":""50.00"",""created_time"":""2026-04-27T21:30:41.390083Z"",""no_price_dollars"":""0.5000"",""taker_side"":""yes"",""ticker"":""KXETH15M-26APR271745-45"",""trade_id"":""1e0e1563-ea11-48ad-e6db-aecf3752ffca"",""yes_price_dollars"":""0.5000""}"
KXETH15M-26APR271745-45,1fbd57bd-b2a2-7e47-d25d-cbd72926ad6d,1777325442,0.49,1.0,no,"{""count_fp"":""1.00"",""created_time"":""2026-04-27T21:30:42.525051Z"",""no_price_dollars"":""0.5100"",""taker_side"":""no"",""ticker"":""KXETH15M-26APR271745-45"",""trade_id"":""1fbd57bd-b2a2-7e47-d25d-cbd72926ad6d"",""yes_price_dollars"":""0.4900""}"
KXETH15M-26APR271745-45,bc1962e8-ac37-63a7-f05a-2687e483a630,1777325444,0.46,0.39,yes,"{""count_fp"":""0.39"",""created_time"":""2026-04-27T21:30:44.965755Z"",""no_price_dollars"":""0.5400"",""taker_side"":""yes"",""ticker"":""KXETH15M-26APR271745-45"",""trade_id"":""bc1962e8-ac37-63a7-f05a-2687e483a630"",""yes_price_dollars"":""0.4600""}"
KXETH15M-26APR271745-45,abf7a863-d03b-45fa-2ec2-69cc960d3b07,1777325444,0.47,1.0,yes,"{""count_fp"":""1.00"",""created_time"":""2026-04-27T21:30:44.773697Z"",""no_price_dollars"":""0.5300"",""taker_side"":""yes"",""ticker"":""KXETH15M-26APR271745-45"",""trade_id"":""abf7a863-d03b-45fa-2ec2-69cc960d3b07"",""yes_price_dollars"":""0.4700""}"
KXETH15M-26APR271745-45,dc378ea8-705b-43ef-e11a-ca10b649ae22,1777325444,0.49,4.0,yes,"{""count_fp"":""4.00"",""created_time"":""2026-04-27T21:30:44.113087Z"",""no_price_dollars"":""0.5100"",""taker_side"":""yes"",""ticker"":""KXETH15M-26APR271745-45"",""trade_id"":""dc378ea8-705b-43ef-e11a-ca10b649ae22"",""yes_price_dollars"":""0.4900""}"
KXETH15M-26APR271745-45,6826e97f-7b61-4b4f-fece-c2223600a8c1,1777325444,0.51,3.51,yes,"{""count_fp"":""3.51"",""created_time"":""2026-04-27T21:30:44.113087Z"",""no_price_dollars"":""0.4900"",""taker_side"":""yes"",""ticker"":""KXETH15M-26APR271745-45"",""trade_id"":""6826e97f-7b61-4b4f-fece-c2223600a8c1"",""yes_price_dollars"":""0.5100""}"
KXETH15M-26APR271745-45,36bf69a4-fae0-44ad-c545-09d9f84432f9,1777325444,0.47,1.0,yes,"{""count_fp"":""1.00"",""created_time"":""2026-04-27T21:30:44.113087Z"",""no_price_dollars"":""0.5300"",""taker_side"":""yes"",""ticker"":""KXETH15M-26APR271745-45"",""trade_id"":""36bf69a4-fae0-44ad-c545-09d9f84432f9"",""yes_price_dollars"":""0.4700""}"
KXETH15M-26APR271745-45,89cc1733-48f6-7711-29a6-8f2d5a429087,1777325446,0.46,1.0,yes,"{""count_fp"":""1.00"",""created_time"":""2026-04-27T21:30:46.680085Z"",""no_price_dollars"":""0.5400"",""taker_side"":""yes"",""ticker"":""KXETH15M-26APR271745-45"",""trade_id"":""89cc1733-48f6-7711-29a6-8f2d5a429087"",""yes_price_dollars"":""0.4600""}"
KXETH15M-26APR271745-45,01b4933f-cf65-7ffd-041a-6b041aa20272,1777325446,0.5,10.0,yes,"{""count_fp"":""10.00"",""created_time"":""2026-04-27T21:30:46.680085Z"",""no_price_dollars"":""0.5000"",""taker_side"":""yes"",""ticker"":""KXETH15M-26APR271745-45"",""trade_id"":""01b4933f-cf65-7ffd-041a-6b041aa20272"",""yes_price_dollars"":""0.5000""}"
KXETH15M-26APR271745-45,96432d47-33fd-6f2a-6a8e-e70dd219f291,1777325447,0.51,60.0,yes,"{""count_fp"":""60.00"",""created_time"":""2026-04-27T21:30:47.761398Z"",""no_price_dollars"":""0.4900"",""taker_side"":""yes"",""ticker"":""KXETH15M-26APR271745-45"",""trade_id"":""96432d47-33fd-6f2a-6a8e-e70dd219f291"",""yes_price_dollars"":""0.5100""}"
KXETH15M-26APR271745-45,2b326ae9-4dfe-6343-4ae1-e74c39ce335c,1777325447,0.51,1.0,yes,"{""count_fp"":""1.00"",""created_time"":""2026-04-27T21:30:47.761398Z"",""no_price_dollars"":""0.4900"",""taker_side"":""yes"",""ticker"":""KXETH15M-26APR271745-45"",""trade_id"":""2b326ae9-4dfe-6343-4ae1-e74c39ce335c"",""yes_price_dollars"":""0.5100""}"
KXETH15M-26APR271745-45,f669667e-bc04-4ce1-66c4-c64ece303e2b,1777325449,0.51,2.0,no,"{""count_fp"":""2.00"",""created_time"":""2026-04-27T21:30:49.742293Z"",""no_price_dollars"":""0.4900"",""taker_side"":""no"",""ticker"":""KXETH15M-26APR271745-45"",""trade_id"":""f669667e-bc04-4ce1-66c4-c64ece303e2b"",""yes_price_dollars"":""0.5100""}"
KXETH15M-26APR271745-45,639d9937-a346-60e9-0aab-557441d32de7,1777325450,0.53,1.0,yes,"{""count_fp"":""1.00"",""created_time"":""2026-04-27T21:30:50.361901Z"",""no_price_dollars"":""0.4700"",""taker_side"":""yes"",""ticker"":""KXETH15M-26APR271745-45"",""trade_id"":""639d9937-a346-60e9-0aab-557441d32de7"",""yes_price_dollars"":""0.5300""}"
KXETH15M-26APR271745-45,063b322d-b7f4-675d-27dd-1cb61d573f63,1777325450,0.54,6.08,yes,"{""count_fp"":""6.08"",""created_time"":""2026-04-27T21:30:50.361901Z"",""no_price_dollars"":""0.4600"",""taker_side"":""yes"",""ticker"":""KXETH15M-26APR271745-45"",""trade_id"":""063b322d-b7f4-675d-27dd-1cb61d573f63"",""yes_price_dollars"":""0.5400""}"
KXETH15M-26APR271745-45,6470a2ac-3b18-5705-4c50-fe55afa948aa,1777325458,0.55,17.61,yes,"{""count_fp"":""17.61"",""created_time"":""2026-04-27T21:30:58.446635Z"",""no_price_dollars"":""0.4500"",""taker_side"":""yes"",""ticker"":""KXETH15M-26APR271745-45"",""trade_id"":""6470a2ac-3b18-5705-4c50-fe55afa948aa"",""yes_price_dollars"":""0.5500""}"
KXETH15M-26APR271745-45,f7c060cc-a4c9-714f-5ae1-70c2b42a1835,1777325460,0.52,10.0,no,"{""count_fp"":""10.00"",""created_time"":""2026-04-27T21:31:00.015974Z"",""no_price_dollars"":""0.4800"",""taker_side"":""no"",""ticker"":""KXETH15M-26APR271745-45"",""trade_id"":""f7c060cc-a4c9-714f-5ae1-70c2b42a1835"",""yes_price_dollars"":""0.5200""}"
KXETH15M-26APR271745-45,bc1a2513-57ab-7ca5-7b1f-c7dd7a56356e,1777325460,0.5,9.47,no,"{""count_fp"":""9.47"",""created_time"":""2026-04-27T21:31:00.015974Z"",""no_price_dollars"":""0.5000"",""taker_side"":""no"",""ticker"":""KXETH15M-26APR271745-45"",""trade_id"":""bc1a2513-57ab-7ca5-7b1f-c7dd7a56356e"",""yes_price_dollars"":""0.5000""}"
KXETH15M-26APR271745-45,65bd0e83-08b4-5359-4e0b-4450299ac3e7,1777325461,0.53,1.0,yes,"{""count_fp"":""1.00"",""created_time"":""2026-04-27T21:31:01.182103Z"",""no_price_dollars"":""0.4700"",""taker_side"":""yes"",""ticker"":""KXETH15M-26APR271745-45"",""trade_id"":""65bd0e83-08b4-5359-4e0b-4450299ac3e7"",""yes_price_dollars"":""0.5300""}"
KXETH15M-26APR271745-45,52156eee-4898-599d-775a-c66856212d56,1777325462,0.55,3.0,yes,"{""count_fp"":""3.00"",""created_time"":""2026-04-27T21:31:02.993536Z"",""no_price_dollars"":""0.4500"",""taker_side"":""yes"",""ticker"":""KXETH15M-26APR271745-45"",""trade_id"":""52156eee-4898-599d-775a-c66856212d56"",""yes_price_dollars"":""0.5500""}"
KXETH15M-26APR271745-45,b2862d7b-1333-50bd-eb6d-3279bcf34267,1777325463,0.54,29.0,no,"{""count_fp"":""29.00"",""created_time"":""2026-04-27T21:31:03.099744Z"",""no_price_dollars"":""0.4600"",""taker_side"":""no"",""ticker"":""KXETH15M-26APR271745-45"",""trade_id"":""b2862d7b-1333-50bd-eb6d-3279bcf34267"",""yes_price_dollars"":""0.5400""}"
KXETH15M-26APR271745-45,79dc9e50-cbd6-7365-ec4d-d6e1eb396777,1777325465,0.55,7.01,yes,"{""count_fp"":""7.01"",""created_time"":""2026-04-27T21:31:05.630433Z"",""no_price_dollars"":""0.4500"",""taker_side"":""yes"",""ticker"":""KXETH15M-26APR271745-45"",""trade_id"":""79dc9e50-cbd6-7365-ec4d-d6e1eb396777"",""yes_price_dollars"":""0.5500""}"
KXETH15M-26APR271745-45,3914fab8-0ad0-7e25-ed14-2055474e92e2,1777325465,0.55,10.61,yes,"{""count_fp"":""10.61"",""created_time"":""2026-04-27T21:31:05.630433Z"",""no_price_dollars"":""0.4500"",""taker_side"":""yes"",""ticker"":""KXETH15M-26APR271745-45"",""trade_id"":""3914fab8-0ad0-7e25-ed14-2055474e92e2"",""yes_price_dollars"":""0.5500""}"
KXETH15M-26APR271745-45,e4f8ad0c-7fab-5236-4f7c-98dc1a94ff69,1777325466,0.55,46.0,yes,"{""count_fp"":""46.00"",""created_time"":""2026-04-27T21:31:06.699716Z"",""no_price_dollars"":""0.4500"",""taker_side"":""yes"",""ticker"":""KXETH15M-26APR271745-45"",""trade_id"":""e4f8ad0c-7fab-5236-4f7c-98dc1a94ff69"",""yes_price_dollars"":""0.5500""}"
KXETH15M-26APR271745-45,376bb9fa-ec70-54e9-4a8b-b083972f9859,1777325466,0.55,1.0,yes,"{""count_fp"":""1.00"",""created_time"":""2026-04-27T21:31:06.699716Z"",""no_price_dollars"":""0.4500"",""taker_side"":""yes"",""ticker"":""KXETH15M-26APR271745-45"",""trade_id"":""376bb9fa-ec70-54e9-4a8b-b083972f9859"",""yes_price_dollars"":""0.5500""}"
KXETH15M-26APR271745-45,e947628a-ddd9-69b5-59a5-e427f782c28d,1777325469,0.52,10.0,no,"{""count_fp"":""10.00"",""created_time"":""2026-04-27T21:31:09.523956Z"",""no_price_dollars"":""0.4800"",""taker_side"":""no"",""ticker"":""KXETH15M-26APR271745-45"",""trade_id"":""e947628a-ddd9-69b5-59a5-e427f782c28d"",""yes_price_dollars"":""0.5200""}"
KXETH15M-26APR271745-45,a99f6660-7f07-62c1-725f-a721e6d1f86f,1777325469,0.54,25.0,no,"{""count_fp"":""25.00"",""created_time"":""2026-04-27T21:31:09.523956Z"",""no_price_dollars"":""0.4600"",""taker_side"":""no"",""ticker"":""KXETH15M-26APR271745-45"",""trade_id"":""a99f6660-7f07-62c1-725f-a721e6d1f86f"",""yes_price_dollars"":""0.5400""}"
KXETH15M-26APR271745-45,6f3d0400-bb8a-6b11-7acc-1b377df98af5,1777325469,0.51,73.0,no,"{""count_fp"":""73.00"",""created_time"":""2026-04-27T21:31:09.523956Z"",""no_price_dollars"":""0.4900"",""taker_side"":""no"",""ticker"":""KXETH15M-26APR271745-45"",""trade_id"":""6f3d0400-bb8a-6b11-7acc-1b377df98af5"",""yes_price_dollars"":""0.5100""}"
KXETH15M-26APR271745-45,85c1de6a-1f8b-6432-3586-2253e614c9c9,1777325470,0.55,3.52,yes,"{""count_fp"":""3.52"",""created_time"":""2026-04-27T21:31:10.402024Z"",""no_price_dollars"":""0.4500"",""taker_side"":""yes"",""ticker"":""KXETH15M-26APR271745-45"",""trade_id"":""85c1de6a-1f8b-6432-3586-2253e614c9c9"",""yes_price_dollars"":""0.5500""}"
KXETH15M-26APR271745-45,fa824a6d-e397-683e-c652-39186e813e35,1777325475,0.55,2.09,yes,"{""count_fp"":""2.09"",""created_time"":""2026-04-27T21:31:15.027931Z"",""no_price_dollars"":""0.4500"",""taker_side"":""yes"",""ticker"":""KXETH15M-26APR271745-45"",""trade_id"":""fa824a6d-e397-683e-c652-39186e813e35"",""yes_price_dollars"":""0.5500""}"
KXETH15M-26APR271745-45,b1f344c2-6559-6892-da59-582877c7b0de,1777325475,0.54,10.21,yes,"{""count_fp"":""10.21"",""created_time"":""2026-04-27T21:31:15.027931Z"",""no_price_dollars"":""0.4600"",""taker_side"":""yes"",""ticker"":""KXETH15M-26APR271745-45"",""trade_id"":""b1f344c2-6559-6892-da59-582877c7b0de"",""yes_price_dollars"":""0.5400""}"
KXETH15M-26APR271745-45,5897ea76-8bad-6c92-ea2e-8b489cce02bc,1777325475,0.54,2.0,yes,"{""count_fp"":""2.00"",""created_time"":""2026-04-27T21:31:15.027931Z"",""no_price_dollars"":""0.4600"",""taker_side"":""yes"",""ticker"":""KXETH15M-26APR271745-45"",""trade_id"":""5897ea76-8bad-6c92-ea2e-8b489cce02bc"",""yes_price_dollars"":""0.5400""}"
KXETH15M-26APR271745-45,c6a9f568-fde6-763b-72b3-b60598e9ea89,1777325480,0.52,3.0,no,"{""count_fp"":""3.00"",""created_time"":""2026-04-27T21:31:20.994426Z"",""no_price_dollars"":""0.4800"",""taker_side"":""no"",""ticker"":""KXETH15M-26APR271745-45"",""trade_id"":""c6a9f568-fde6-763b-72b3-b60598e9ea89"",""yes_price_dollars"":""0.5200""}"
KXETH15M-26APR271745-45,bc9cb429-7bfa-6c31-5652-c82e7bcfef81,1777325482,0.51,1.0,no,"{""count_fp"":""1.00"",""created_time"":""2026-04-27T21:31:22.749106Z"",""no_price_dollars"":""0.4900"",""taker_side"":""no"",""ticker"":""KXETH15M-26APR271745-45"",""trade_id"":""bc9cb429-7bfa-6c31-5652-c82e7bcfef81"",""yes_price_dollars"":""0.5100""}"
KXETH15M-26APR271745-45,65ed1361-56c4-6f8d-5f7a-8e18adc03628,1777325482,0.51,2.0,no,"{""count_fp"":""2.00"",""created_time"":""2026-04-27T21:31:22.749106Z"",""no_price_dollars"":""0.4900"",""taker_side"":""no"",""ticker"":""KXETH15M-26APR271745-45"",""trade_id"":""65ed1361-56c4-6f8d-5f7a-8e18adc03628"",""yes_price_dollars"":""0.5100""}"
KXETH15M-26APR271745-45,621a0cc7-04af-78da-ac72-bfdfefcfce75,1777325482,0.55,17.62,yes,"{""count_fp"":""17.62"",""created_time"":""2026-04-27T21:31:22.196197Z"",""no_price_dollars"":""0.4500"",""taker_side"":""yes"",""ticker"":""KXETH15M-26APR271745-45"",""trade_id"":""621a0cc7-04af-78da-ac72-bfdfefcfce75"",""yes_price_dollars"":""0.5500""}"
KXETH15M-26APR271745-45,29d4dad1-91e3-5ac6-2237-d8985331c1d5,1777325491,0.55,12.33,yes,"{""count_fp"":""12.33"",""created_time"":""2026-04-27T21:31:31.876878Z"",""no_price_dollars"":""0.4500"",""taker_side"":""yes"",""ticker"":""KXETH15M-26APR271745-45"",""trade_id"":""29d4dad1-91e3-5ac6-2237-d8985331c1d5"",""yes_price_dollars"":""0.5500""}"
KXETH15M-26APR271745-45,65fcd75c-425d-55ef-d981-6c59f49fe050,1777325512,0.56,1.0,yes,"{""count_fp"":""1.00"",""created_time"":""2026-04-27T21:31:52.308141Z"",""no_price_dollars"":""0.4400"",""taker_side"":""yes"",""ticker"":""KXETH15M-26APR271745-45"",""trade_id"":""65fcd75c-425d-55ef-d981-6c59f49fe050"",""yes_price_dollars"":""0.5600""}"
KXETH15M-26APR271745-45,3780b15a-7e05-7d61-537f-d665171efc81,1777325521,0.54,1.0,no,"{""count_fp"":""1.00"",""created_time"":""2026-04-27T21:32:01.176334Z"",""no_price_dollars"":""0.4600"",""taker_side"":""no"",""ticker"":""KXETH15M-26APR271745-45"",""trade_id"":""3780b15a-7e05-7d61-537f-d665171efc81"",""yes_price_dollars"":""0.5400""}"
KXETH15M-26APR271745-45,cd2394ec-d0a4-7808-20ed-2786819e4dad,1777325522,0.56,10.0,yes,"{""count_fp"":""10.00"",""created_time"":""2026-04-27T21:32:02.514278Z"",""no_price_dollars"":""0.4400"",""taker_side"":""yes"",""ticker"":""KXETH15M-26APR271745-45"",""trade_id"":""cd2394ec-d0a4-7808-20ed-2786819e4dad"",""yes_price_dollars"":""0.5600""}"
KXETH15M-26APR271745-45,62f2da4d-fc41-7e1c-2740-2e03887d9279,1777325522,0.56,60.0,yes,"{""count_fp"":""60.00"",""created_time"":""2026-04-27T21:32:02.514278Z"",""no_price_dollars"":""0.4400"",""taker_side"":""yes"",""ticker"":""KXETH15M-26APR271745-45"",""trade_id"":""62f2da4d-fc41-7e1c-2740-2e03887d9279"",""yes_price_dollars"":""0.5600""}"
KXETH15M-26APR271745-45,33b36526-5538-7aa7-26d8-cba3f8b4af6e,1777325522,0.56,9.31,yes,"{""count_fp"":""9.31"",""created_time"":""2026-04-27T21:32:02.514278Z"",""no_price_dollars"":""0.4400"",""taker_side"":""yes"",""ticker"":""KXETH15M-26APR271745-45"",""trade_id"":""33b36526-5538-7aa7-26d8-cba3f8b4af6e"",""yes_price_dollars"":""0.5600""}"
KXETH15M-26APR271745-45,af75397a-45e9-457e-922e-7d1af4619713,1777325525,0.6,5.0,no,"{""count_fp"":""5.00"",""created_time"":""2026-04-27T21:32:05.304917Z"",""no_price_dollars"":""0.4000"",""taker_side"":""no"",""ticker"":""KXETH15M-26APR271745-45"",""trade_id"":""af75397a-45e9-457e-922e-7d1af4619713"",""yes_price_dollars"":""0.6000""}"
KXETH15M-26APR271745-45,bae3ee61-be3c-52d2-9130-27ae7f131a9e,1777325526,0.59,3.52,no,"{""count_fp"":""3.52"",""created_time"":""2026-04-27T21:32:06.456562Z"",""no_price_dollars"":""0.4100"",""taker_side"":""no"",""ticker"":""KXETH15M-26APR271745-45"",""trade_id"":""bae3ee61-be3c-52d2-9130-27ae7f131a9e"",""yes_price_dollars"":""0.5900""}"
KXETH15M-26APR271745-45,4684f936-c8e3-71a2-106e-2e067bf3832c,1777325531,0.61,0.7,yes,"{""count_fp"":""0.70"",""created_time"":""2026-04-27T21:32:11.157652Z"",""no_price_dollars"":""0.3900"",""taker_side"":""yes"",""ticker"":""KXETH15M-26APR271745-45"",""trade_id"":""4684f936-c8e3-71a2-106e-2e067bf3832c"",""yes_price_dollars"":""0.6100""}"
KXETH15M-26APR271745-45,86430897-9327-6c6d-211d-19374aa79b9f,1777325536,0.56,1.0,yes,"{""count_fp"":""1.00"",""created_time"":""2026-04-27T21:32:16.310815Z"",""no_price_dollars"":""0.4400"",""taker_side"":""yes"",""ticker"":""KXETH15M-26APR271745-45"",""trade_id"":""86430897-9327-6c6d-211d-19374aa79b9f"",""yes_price_dollars"":""0.5600""}"
KXETH15M-26APR271745-45,3a299b9d-5ca1-670b-0b40-f1ee1959922d,1777325536,0.59,2.0,yes,"{""count_fp"":""2.00"",""created_time"":""2026-04-27T21:32:16.310815Z"",""no_price_dollars"":""0.4100"",""taker_side"":""yes"",""ticker"":""KXETH15M-26APR271745-45"",""trade_id"":""3a299b9d-5ca1-670b-0b40-f1ee1959922d"",""yes_price_dollars"":""0.5900""}"
KXETH15M-26APR271745-45,c6a9269b-d927-582b-8f04-53f187247c7b,1777325536,0.6,1.0,no,"{""count_fp"":""1.00"",""created_time"":""2026-04-27T21:32:16.179182Z"",""no_price_dollars"":""0.4000"",""taker_side"":""no"",""ticker"":""KXETH15M-26APR271745-45"",""trade_id"":""c6a9269b-d927-582b-8f04-53f187247c7b"",""yes_price_dollars"":""0.6000""}"
KXETH15M-26APR271745-45,aa86209b-d4b9-5c2d-ba1b-bd439b1a3021,1777325536,0.58,10.0,no,"{""count_fp"":""10.00"",""created_time"":""2026-04-27T21:32:16.179182Z"",""no_price_dollars"":""0.4200"",""taker_side"":""no"",""ticker"":""KXETH15M-26APR271745-45"",""trade_id"":""aa86209b-d4b9-5c2d-ba1b-bd439b1a3021"",""yes_price_dollars"":""0.5800""}"
KXETH15M-26APR271745-45,73b59df6-df9b-712e-391c-90aea13cd46d,1777325539,0.58,31.11,yes,"{""count_fp"":""31.11"",""created_time"":""2026-04-27T21:32:19.843638Z"",""no_price_dollars"":""0.4200"",""taker_side"":""yes"",""ticker"":""KXETH15M-26APR271745-45"",""trade_id"":""73b59df6-df9b-712e-391c-90aea13cd46d"",""yes_price_dollars"":""0.5800""}"
KXETH15M-26APR271745-45,aaf7e96e-a6ab-48e2-7601-15f9c7f93a18,1777325539,0.54,0.1,no,"{""count_fp"":""0.10"",""created_time"":""2026-04-27T21:32:19.620655Z"",""no_price_dollars"":""0.4600"",""taker_side"":""no"",""ticker"":""KXETH15M-26APR271745-45"",""trade_id"":""aaf7e96e-a6ab-48e2-7601-15f9c7f93a18"",""yes_price_dollars"":""0.5400""}"
KXETH15M-26APR271745-45,86fb2c66-59bc-4431-757d-e5c364c0f792,1777325539,0.54,2.0,no,"{""count_fp"":""2.00"",""created_time"":""2026-04-27T21:32:19.620655Z"",""no_price_dollars"":""0.4600"",""taker_side"":""no"",""ticker"":""KXETH15M-26APR271745-45"",""trade_id"":""86fb2c66-59bc-4431-757d-e5c364c0f792"",""yes_price_dollars"":""0.5400""}"
KXETH15M-26APR271745-45,a761bfba-3583-6fa4-7a01-3f40e4e509d3,1777325539,0.58,1.0,yes,"{""count_fp"":""1.00"",""created_time"":""2026-04-27T21:32:19.048198Z"",""no_price_dollars"":""0.4200"",""taker_side"":""yes"",""ticker"":""KXETH15M-26APR271745-45"",""trade_id"":""a761bfba-3583-6fa4-7a01-3f40e4e509d3"",""yes_price_dollars"":""0.5800""}"
KXETH15M-26APR271745-45,93ae2181-4e6f-655c-7ea6-ce222b96976b,1777325539,0.58,10.0,yes,"{""count_fp"":""10.00"",""created_time"":""2026-04-27T21:32:19.048198Z"",""no_price_dollars"":""0.4200"",""taker_side"":""yes"",""ticker"":""KXETH15M-26APR271745-45"",""trade_id"":""93ae2181-4e6f-655c-7ea6-ce222b96976b"",""yes_price_dollars"":""0.5800""}"
KXETH15M-26APR271745-45,2902f5e3-4013-698e-6689-ff8aaf6d32f5,1777325539,0.58,28.2,yes,"{""count_fp"":""28.20"",""created_time"":""2026-04-27T21:32:19.048198Z"",""no_price_dollars"":""0.4200"",""taker_side"":""yes"",""ticker"":""KXETH15M-26APR271745-45"",""trade_id"":""2902f5e3-4013-698e-6689-ff8aaf6d32f5"",""yes_price_dollars"":""0.5800""}"
KXETH15M-26APR271745-45,1c0fed92-7d6d-63a8-557f-a7eec983d7e6,1777325539,0.57,2.0,yes,"{""count_fp"":""2.00"",""created_time"":""2026-04-27T21:32:19.048198Z"",""no_price_dollars"":""0.4300"",""taker_side"":""yes"",""ticker"":""KXETH15M-26APR271745-45"",""trade_id"":""1c0fed92-7d6d-63a8-557f-a7eec983d7e6"",""yes_price_dollars"":""0.5700""}"
KXETH15M-26APR271745-45,89ac0d3f-5b62-6a8c-577a-ff4e94026249,1777325542,0.54,2.0,no,"{""count_fp"":""2.00"",""created_time"":""2026-04-27T21:32:22.320257Z"",""no_price_dollars"":""0.4600"",""taker_side"":""no"",""ticker"":""KXETH15M-26APR271745-45"",""trade_id"":""89ac0d3f-5b62-6a8c-577a-ff4e94026249"",""yes_price_dollars"":""0.5400""}"
KXETH15M-26APR271745-45,74819d6c-3d9f-6a9a-6a19-d62c83268af0,1777325542,0.53,0.1,no,"{""count_fp"":""0.10"",""created_time"":""2026-04-27T21:32:22.320257Z"",""no_price_dollars"":""0.4700"",""taker_side"":""no"",""ticker"":""KXETH15M-26APR271745-45"",""trade_id"":""74819d6c-3d9f-6a9a-6a19-d62c83268af0"",""yes_price_dollars"":""0.5300""}"
KXETH15M-26APR271745-45,475ee1f4-081d-46e6-ddf7-93adc86d43f3,1777325544,0.54,0.75,no,"{""count_fp"":""0.75"",""created_time"":""2026-04-27T21:32:24.695067Z"",""no_price_dollars"":""0.4600"",""taker_side"":""no"",""ticker"":""KXETH15M-26APR271745-45"",""trade_id"":""475ee1f4-081d-46e6-ddf7-93adc86d43f3"",""yes_price_dollars"":""0.5400""}"
KXETH15M-26APR271745-45,53957830-8f96-76a5-2719-7b44fe35f2b5,1777325545,0.57,2.0,no,"{""count_fp"":""2.00"",""created_time"":""2026-04-27T21:32:25.516317Z"",""no_price_dollars"":""0.4300"",""taker_side"":""no"",""ticker"":""KXETH15M-26APR271745-45"",""trade_id"":""53957830-8f96-76a5-2719-7b44fe35f2b5"",""yes_price_dollars"":""0.5700""}"
KXETH15M-26APR271745-45,d1633818-5e6f-59ee-1298-ee5bc8630ead,1777325545,0.58,1.0,yes,"{""count_fp"":""1.00"",""created_time"":""2026-04-27T21:32:25.316359Z"",""no_price_dollars"":""0.4200"",""taker_side"":""yes"",""ticker"":""KXETH15M-26APR271745-45"",""trade_id"":""d1633818-5e6f-59ee-1298-ee5bc8630ead"",""yes_price_dollars"":""0.5800""}"
KXETH15M-26APR271745-45,4b166d7e-aa07-465d-d9b0-aa9fc06e2794,1777325546,0.61,8.0,yes,"{""count_fp"":""8.00"",""created_time"":""2026-04-27T21:32:26.316458Z"",""no_price_dollars"":""0.3900"",""taker_side"":""yes"",""ticker"":""KXETH15M-26APR271745-45"",""trade_id"":""4b166d7e-aa07-465d-d9b0-aa9fc06e2794"",""yes_price_dollars"":""0.6100""}"
KXETH15M-26APR271745-45,51f1e827-227b-686d-4bfa-674261be56b2,1777325549,0.64,3.34,no,"{""count_fp"":""3.34"",""created_time"":""2026-04-27T21:32:29.360656Z"",""no_price_dollars"":""0.3600"",""taker_side"":""no"",""ticker"":""KXETH15M-26APR271745-45"",""trade_id"":""51f1e827-227b-686d-4bfa-674261be56b2"",""yes_price_dollars"":""0.6400""}"
KXETH15M-26APR271745-45,ca7a6a03-b8f7-6063-81a1-29bd0cc16865,1777325549,0.69,9.79,yes,"{""count_fp"":""9.79"",""created_time"":""2026-04-27T21:32:29.046772Z"",""no_price_dollars"":""0.3100"",""taker_side"":""yes"",""ticker"":""KXETH15M-26APR271745-45"",""trade_id"":""ca7a6a03-b8f7-6063-81a1-29bd0cc16865"",""yes_price_dollars"":""0.6900""}"
KXETH15M-26APR271745-45,bfc879d3-6a0f-5fea-b389-a2c8fe749581,1777325551,0.69,51.24,yes,"{""count_fp"":""51.24"",""created_time"":""2026-04-27T21:32:31.781049Z"",""no_price_dollars"":""0.3100"",""taker_side"":""yes"",""ticker"":""KXETH15M-26APR271745-45"",""trade_id"":""bfc879d3-6a0f-5fea-b389-a2c8fe749581"",""yes_price_dollars"":""0.6900""}"
KXETH15M-26APR271745-45,a1348e0a-f47d-55ad-8b07-218f8479898e,1777325551,0.68,10.0,yes,"{""count_fp"":""10.00"",""created_time"":""2026-04-27T21:32:31.781049Z"",""no_price_dollars"":""0.3200"",""taker_side"":""yes"",""ticker"":""KXETH15M-26APR271745-45"",""trade_id"":""a1348e0a-f47d-55ad-8b07-218f8479898e"",""yes_price_dollars"":""0.6800""}"
KXETH15M-26APR271745-45,63afaf7e-ccc5-58fa-a97b-02dde5807355,1777325551,0.68,9.68,yes,"{""count_fp"":""9.68"",""created_time"":""2026-04-27T21:32:31.781049Z"",""no_price_dollars"":""0.3200"",""taker_side"":""yes"",""ticker"":""KXETH15M-26APR271745-45"",""trade_id"":""63afaf7e-ccc5-58fa-a97b-02dde5807355"",""yes_price_dollars"":""0.6800""}"
KXETH15M-26APR271745-45,ec6df91d-3055-73c4-a660-1523501b178e,1777325553,0.67,3.0,yes,"{""count_fp"":""3.00"",""created_time"":""2026-04-27T21:32:33.896384Z"",""no_price_dollars"":""0.3300"",""taker_side"":""yes"",""ticker"":""KXETH15M-26APR271745-45"",""trade_id"":""ec6df91d-3055-73c4-a660-1523501b178e"",""yes_price_dollars"":""0.6700""}"
KXETH15M-26APR271745-45,36663c37-86bf-6f02-2775-8b0263590a05,1777325553,0.69,2.0,yes,"{""count_fp"":""2.00"",""created_time"":""2026-04-27T21:32:33.324796Z"",""no_price_dollars"":""0.3100"",""taker_side"":""yes"",""ticker"":""KXETH15M-26APR271745-45"",""trade_id"":""36663c37-86bf-6f02-2775-8b0263590a05"",""yes_price_dollars"":""0.6900""}"
KXETH15M-26APR271745-45,ada0bb77-7dcc-5d29-2af4-060acfe220a7,1777325555,0.64,200.0,no,"{""count_fp"":""200.00"",""created_time"":""2026-04-27T21:32:35.780621Z"",""no_price_dollars"":""0.3600"",""taker_side"":""no"",""ticker"":""KXETH15M-26APR271745-45"",""trade_id"":""ada0bb77-7dcc-5d29-2af4-060acfe220a7"",""yes_price_dollars"":""0.6400""}"
KXETH15M-26APR271745-45,825ccd30-6e9e-78d6-d655-f1c9f9311a2f,1777325555,0.65,10.0,no,"{""count_fp"":""10.00"",""created_time"":""2026-04-27T21:32:35.260201Z"",""no_price_dollars"":""0.3500"",""taker_side"":""no"",""ticker"":""KXETH15M-26APR271745-45"",""trade_id"":""825ccd30-6e9e-78d6-d655-f1c9f9311a2f"",""yes_price_dollars"":""0.6500""}"
KXETH15M-26APR271745-45,3614b597-a7d2-7801-e414-031256cdc1bd,1777325555,0.65,8.11,no,"{""count_fp"":""8.11"",""created_time"":""2026-04-27T21:32:35.260201Z"",""no_price_dollars"":""0.3500"",""taker_side"":""no"",""ticker"":""KXETH15M-26APR271745-45"",""trade_id"":""3614b597-a7d2-7801-e414-031256cdc1bd"",""yes_price_dollars"":""0.6500""}"
KXETH15M-26APR271745-45,7b058c3b-1f94-41ed-7130-f5d18abf77f3,1777325556,0.64,47.52,no,"{""count_fp"":""47.52"",""created_time"":""2026-04-27T21:32:36.314732Z"",""no_price_dollars"":""0.3600"",""taker_side"":""no"",""ticker"":""KXETH15M-26APR271745-45"",""trade_id"":""7b058c3b-1f94-41ed-7130-f5d18abf77f3"",""yes_price_dollars"":""0.6400""}"
KXETH15M-26APR271745-45,59ccaef0-584d-78fc-2494-ee3cfac85c86,1777325557,0.67,0.29,yes,"{""count_fp"":""0.29"",""created_time"":""2026-04-27T21:32:37.064118Z"",""no_price_dollars"":""0.3300"",""taker_side"":""yes"",""ticker"":""KXETH15M-26APR271745-45"",""trade_id"":""59ccaef0-584d-78fc-2494-ee3cfac85c86"",""yes_price_dollars"":""0.6700""}"
KXETH15M-26APR271745-45,a06d9426-e722-5e61-4c55-05a4596c7059,1777325558,0.69,100.0,no,"{""count_fp"":""100.00"",""created_time"":""2026-04-27T21:32:38.853699Z"",""no_price_dollars"":""0.3100"",""taker_side"":""no"",""ticker"":""KXETH15M-26APR271745-45"",""trade_id"":""a06d9426-e722-5e61-4c55-05a4596c7059"",""yes_price_dollars"":""0.6900""}"
KXETH15M-26APR271745-45,0e1f9e4c-5099-5434-5004-1a9e60f2c30c,1777325558,0.72,1.0,no,"{""count_fp"":""1.00"",""created_time"":""2026-04-27T21:32:38.853699Z"",""no_price_dollars"":""0.2800"",""taker_side"":""no"",""ticker"":""KXETH15M-26APR271745-45"",""trade_id"":""0e1f9e4c-5099-5434-5004-1a9e60f2c30c"",""yes_price_dollars"":""0.7200""}"
KXETH15M-26APR271745-45,a231211e-9197-695b-610c-8be6036df089,1777325558,0.7,1.0,yes,"{""count_fp"":""1.00"",""created_time"":""2026-04-27T21:32:38.628986Z"",""no_price_dollars"":""0.3000"",""taker_side"":""yes"",""ticker"":""KXETH15M-26APR271745-45"",""trade_id"":""a231211e-9197-695b-610c-8be6036df089"",""yes_price_dollars"":""0.7000""}"
KXETH15M-26APR271745-45,8b763c8b-138b-6401-4a8b-e6585bd1081b,1777325558,0.73,1.0,yes,"{""count_fp"":""1.00"",""created_time"":""2026-04-27T21:32:38.628986Z"",""no_price_dollars"":""0.2700"",""taker_side"":""yes"",""ticker"":""KXETH15M-26APR271745-45"",""trade_id"":""8b763c8b-138b-6401-4a8b-e6585bd1081b"",""yes_price_dollars"":""0.7300""}"
KXETH15M-26APR271745-45,00c522f9-0666-4b8d-187a-d334f2e0994c,1777325558,0.68,0.57,yes,"{""count_fp"":""0.57"",""created_time"":""2026-04-27T21:32:38.042765Z"",""no_price_dollars"":""0.3200"",""taker_side"":""yes"",""ticker"":""KXETH15M-26APR271745-45"",""trade_id"":""00c522f9-0666-4b8d-187a-d334f2e0994c"",""yes_price_dollars"":""0.6800""}"
KXETH15M-26APR271745-45,d2a33ba4-c3fa-7ef5-2fe1-668f134ae518,1777325558,0.68,9.43,yes,"{""count_fp"":""9.43"",""created_time"":""2026-04-27T21:32:38.036259Z"",""no_price_dollars"":""0.3200"",""taker_side"":""yes"",""ticker"":""KXETH15M-26APR271745-45"",""trade_id"":""d2a33ba4-c3fa-7ef5-2fe1-668f134ae518"",""yes_price_dollars"":""0.6800""}"
KXETH15M-26APR271745-45,72255aa0-d49c-7021-2f3c-57ce9987dc11,1777325558,0.67,4.0,yes,"{""count_fp"":""4.00"",""created_time"":""2026-04-27T21:32:38.036259Z"",""no_price_dollars"":""0.3300"",""taker_side"":""yes"",""ticker"":""KXETH15M-26APR271745-45"",""trade_id"":""72255aa0-d49c-7021-2f3c-57ce9987dc11"",""yes_price_dollars"":""0.6700""}"
KXETH15M-26APR271745-45,47d9fe04-941d-7d08-2201-6c26362c59ca,1777325558,0.67,1.57,yes,"{""count_fp"":""1.57"",""created_time"":""2026-04-27T21:32:38.036259Z"",""no_price_dollars"":""0.3300"",""taker_side"":""yes"",""ticker"":""KXETH15M-26APR271745-45"",""trade_id"":""47d9fe04-941d-7d08-2201-6c26362c59ca"",""yes_price_dollars"":""0.6700""}"
KXETH15M-26APR271745-45,1d11ae16-f699-7858-f7da-32809c10bfba,1777325558,0.67,0.14,yes,"{""count_fp"":""0.14"",""created_time"":""2026-04-27T21:32:38.031832Z"",""no_price_dollars"":""0.3300"",""taker_side"":""yes"",""ticker"":""KXETH15M-26APR271745-45"",""trade_id"":""1d11ae16-f699-7858-f7da-32809c10bfba"",""yes_price_dollars"":""0.6700""}"
KXETH15M-26APR271745-45,9cbb1642-61a3-5592-eab3-ab568af083d9,1777325563,0.69,1.41,yes,"{""count_fp"":""1.41"",""created_time"":""2026-04-27T21:32:43.800523Z"",""no_price_dollars"":""0.3100"",""taker_side"":""yes"",""ticker"":""KXETH15M-26APR271745-45"",""trade_id"":""9cbb1642-61a3-5592-eab3-ab568af083d9"",""yes_price_dollars"":""0.6900""}"
KXETH15M-26APR271745-45,898b6d41-24b7-690a-ab7a-61a3e7f44bf5,1777325563,0.69,6.99,yes,"{""count_fp"":""6.99"",""created_time"":""2026-04-27T21:32:43.160085Z"",""no_price_dollars"":""0.3100"",""taker_side"":""yes"",""ticker"":""KXETH15M-26APR271745-45"",""trade_id"":""898b6d41-24b7-690a-ab7a-61a3e7f44bf5"",""yes_price_dollars"":""0.6900""}"
KXETH15M-26APR271745-45,a6a514ac-ecc8-69e5-e3a1-b4f81213ee30,1777325571,0.65,10.0,no,"{""count_fp"":""10.00"",""created_time"":""2026-04-27T21:32:51.759668Z"",""no_price_dollars"":""0.3500"",""taker_side"":""no"",""ticker"":""KXETH15M-26APR271745-45"",""trade_id"":""a6a514ac-ecc8-69e5-e3a1-b4f81213ee30"",""yes_price_dollars"":""0.6500""}"
KXETH15M-26APR271745-45,75275597-b944-66e1-e666-5dbd9c373513,1777325571,0.65,89.0,no,"{""count_fp"":""89.00"",""created_time"":""2026-04-27T21:32:51.759668Z"",""no_price_dollars"":""0.3500"",""taker_side"":""no"",""ticker"":""KXETH15M-26APR271745-45"",""trade_id"":""75275597-b944-66e1-e666-5dbd9c373513"",""yes_price_dollars"":""0.6500""}"
KXETH15M-26APR271745-45,11499bac-4d26-6644-f2ec-8624b2fe875b,1777325571,0.66,1.0,no,"{""count_fp"":""1.00"",""created_time"":""2026-04-27T21:32:51.759668Z"",""no_price_dollars"":""0.3400"",""taker_side"":""no"",""ticker"":""KXETH15M-26APR271745-45"",""trade_id"":""11499bac-4d26-6644-f2ec-8624b2fe875b"",""yes_price_dollars"":""0.6600""}"
KXETH15M-26APR271745-45,d24229d1-2233-7080-588e-942b2be2c2c5,1777325577,0.68,1.0,yes,"{""count_fp"":""1.00"",""created_time"":""2026-04-27T21:32:57.814706Z"",""no_price_dollars"":""0.3200"",""taker_side"":""yes"",""ticker"":""KXETH15M-26APR271745-45"",""trade_id"":""d24229d1-2233-7080-588e-942b2be2c2c5"",""yes_price_dollars"":""0.6800""}"
KXETH15M-26APR271745-45,021cafa0-801b-5543-fb54-88dbacb41f15,1777325578,0.68,0.28,yes,"{""count_fp"":""0.28"",""created_time"":""2026-04-27T21:32:58.771022Z"",""no_price_dollars"":""0.3200"",""taker_side"":""yes"",""ticker"":""KXETH15M-26APR271745-45"",""trade_id"":""021cafa0-801b-5543-fb54-88dbacb41f15"",""yes_price_dollars"":""0.6800""}"
KXETH15M-26APR271745-45,b6db4362-7573-60d1-7709-349b6545fe1e,1777325581,0.71,9.39,yes,"{""count_fp"":""9.39"",""created_time"":""2026-04-27T21:33:01.121072Z"",""no_price_dollars"":""0.2900"",""taker_side"":""yes"",""ticker"":""KXETH15M-26APR271745-45"",""trade_id"":""b6db4362-7573-60d1-7709-349b6545fe1e"",""yes_price_dollars"":""0.7100""}"
KXETH15M-26APR271745-45,71d6647f-6c46-6996-4ad4-d28b2535c30a,1777325581,0.7,17.61,yes,"{""count_fp"":""17.61"",""created_time"":""2026-04-27T21:33:01.121072Z"",""no_price_dollars"":""0.3000"",""taker_side"":""yes"",""ticker"":""KXETH15M-26APR271745-45"",""trade_id"":""71d6647f-6c46-6996-4ad4-d28b2535c30a"",""yes_price_dollars"":""0.7000""}"
KXETH15M-26APR271745-45,c45846c0-1146-4df2-6d6b-1b340768613d,1777325582,0.73,1.0,no,"{""count_fp"":""1.00"",""created_time"":""2026-04-27T21:33:02.158448Z"",""no_price_dollars"":""0.2700"",""taker_side"":""no"",""ticker"":""KXETH15M-26APR271745-45"",""trade_id"":""c45846c0-1146-4df2-6d6b-1b340768613d"",""yes_price_dollars"":""0.7300""}"
KXETH15M-26APR271745-45,3ff59199-ff3c-472d-4ebd-6d938d438f6f,1777325582,0.71,25.77,no,"{""count_fp"":""25.77"",""created_time"":""2026-04-27T21:33:02.158448Z"",""no_price_dollars"":""0.2900"",""taker_side"":""no"",""ticker"":""KXETH15M-26APR271745-45"",""trade_id"":""3ff59199-ff3c-472d-4ebd-6d938d438f6f"",""yes_price_dollars"":""0.7100""}"
KXETH15M-26APR271745-45,c83a8a6e-5c95-5c08-3f6f-e588e87b3b5e,1777325589,0.68,1.73,no,"{""count_fp"":""1.73"",""created_time"":""2026-04-27T21:33:09.381598Z"",""no_price_dollars"":""0.3200"",""taker_side"":""no"",""ticker"":""KXETH15M-26APR271745-45"",""trade_id"":""c83a8a6e-5c95-5c08-3f6f-e588e87b3b5e"",""yes_price_dollars"":""0.6800""}"
KXETH15M-26APR271745-45,dd733c16-2ec3-70ce-91ff-1cf93b657511,1777325591,0.7,2.79,yes,"{""count_fp"":""2.79"",""created_time"":""2026-04-27T21:33:11.875873Z"",""no_price_dollars"":""0.3000"",""taker_side"":""yes"",""ticker"":""KXETH15M-26APR271745-45"",""trade_id"":""dd733c16-2ec3-70ce-91ff-1cf93b657511"",""yes_price_dollars"":""0.7000""}"
KXETH15M-26APR271745-45,5fc03b81-b233-54e6-739b-01d4c70704b9,1777325593,0.7,1.0,yes,"{""count_fp"":""1.00"",""created_time"":""2026-04-27T21:33:13.341468Z"",""no_price_dollars"":""0.3000"",""taker_side"":""yes"",""ticker"":""KXETH15M-26APR271745-45"",""trade_id"":""5fc03b81-b233-54e6-739b-01d4c70704b9"",""yes_price_dollars"":""0.7000""}"
KXETH15M-26APR271745-45,f425c1f8-981d-6084-f36e-eed2df3955a6,1777325598,0.68,1.27,no,"{""count_fp"":""1.27"",""created_time"":""2026-04-27T21:33:18.436268Z"",""no_price_dollars"":""0.3200"",""taker_side"":""no"",""ticker"":""KXETH15M-26APR271745-45"",""trade_id"":""f425c1f8-981d-6084-f36e-eed2df3955a6"",""yes_price_dollars"":""0.6800""}"
KXETH15M-26APR271745-45,7e2f7902-7b4e-6a89-d41e-4fee7809320a,1777325598,0.67,1.73,no,"{""count_fp"":""1.73"",""created_time"":""2026-04-27T21:33:18.436268Z"",""no_price_dollars"":""0.3300"",""taker_side"":""no"",""ticker"":""KXETH15M-26APR271745-45"",""trade_id"":""7e2f7902-7b4e-6a89-d41e-4fee7809320a"",""yes_price_dollars"":""0.6700""}"
KXETH15M-26APR271745-45,4bb68b19-b55b-7bd2-9da6-26912d155491,1777325600,0.7,10.0,yes,"{""count_fp"":""10.00"",""created_time"":""2026-04-27T21:33:20.762849Z"",""no_price_dollars"":""0.3000"",""taker_side"":""yes"",""ticker"":""KXETH15M-26APR271745-45"",""trade_id"":""4bb68b19-b55b-7bd2-9da6-26912d155491"",""yes_price_dollars"":""0.7000""}"
KXETH15M-26APR271745-45,ba8a8803-090f-5a83-e423-b6a308cc6cd6,1777325602,0.66,12.21,no,"{""count_fp"":""12.21"",""created_time"":""2026-04-27T21:33:22.209787Z"",""no_price_dollars"":""0.3400"",""taker_side"":""no"",""ticker"":""KXETH15M-26APR271745-45"",""trade_id"":""ba8a8803-090f-5a83-e423-b6a308cc6cd6"",""yes_price_dollars"":""0.6600""}"
KXETH15M-26APR271745-45,032cc500-c216-5465-cef8-7ab44a115e09,1777325602,0.67,10.0,no,"{""count_fp"":""10.00"",""created_time"":""2026-04-27T21:33:22.209787Z"",""no_price_dollars"":""0.3300"",""taker_side"":""no"",""ticker"":""KXETH15M-26APR271745-45"",""trade_id"":""032cc500-c216-5465-cef8-7ab44a115e09"",""yes_price_dollars"":""0.6700""}"
KXETH15M-26APR271745-45,74204ec3-2e03-7017-b7ae-dd6f4426f2b2,1777325604,0.66,13.54,no,"{""count_fp"":""13.54"",""created_time"":""2026-04-27T21:33:24.536037Z"",""no_price_dollars"":""0.3400"",""taker_side"":""no"",""ticker"":""KXETH15M-26APR271745-45"",""trade_id"":""74204ec3-2e03-7017-b7ae-dd6f4426f2b2"",""yes_price_dollars"":""0.6600""}"
KXETH15M-26APR271745-45,e71429fd-ad87-42f3-8622-e4b50155845e,1777325609,0.67,100.0,no,"{""count_fp"":""100.00"",""created_time"":""2026-04-27T21:33:29.759688Z"",""no_price_dollars"":""0.3300"",""taker_side"":""no"",""ticker"":""KXETH15M-26APR271745-45"",""trade_id"":""e71429fd-ad87-42f3-8622-e4b50155845e"",""yes_price_dollars"":""0.6700""}"
KXETH15M-26APR271745-45,1c1f7b3d-72b8-4e39-aaba-69db792a788e,1777325609,0.67,40.0,no,"{""count_fp"":""40.00"",""created_time"":""2026-04-27T21:33:29.759688Z"",""no_price_dollars"":""0.3300"",""taker_side"":""no"",""ticker"":""KXETH15M-26APR271745-45"",""trade_id"":""1c1f7b3d-72b8-4e39-aaba-69db792a788e"",""yes_price_dollars"":""0.6700""}"
KXETH15M-26APR271745-45,14fca5dd-3323-45af-8de4-9807fb445744,1777325609,0.67,1.0,no,"{""count_fp"":""1.00"",""created_time"":""2026-04-27T21:33:29.759688Z"",""no_price_dollars"":""0.3300"",""taker_side"":""no"",""ticker"":""KXETH15M-26APR271745-45"",""trade_id"":""14fca5dd-3323-45af-8de4-9807fb445744"",""yes_price_dollars"":""0.6700""}"
KXETH15M-26APR271745-45,761d1366-c0e4-48c8-7099-2178f3492604,1777325612,0.64,100.0,no,"{""count_fp"":""100.00"",""created_time"":""2026-04-27T21:33:32.259491Z"",""no_price_dollars"":""0.3600"",""taker_side"":""no"",""ticker"":""KXETH15M-26APR271745-45"",""trade_id"":""761d1366-c0e4-48c8-7099-2178f3492604"",""yes_price_dollars"":""0.6400""}"
KXETH15M-26APR271745-45,3b0fe3af-a1c2-4323-46bf-50726a19bceb,1777325612,0.64,10.0,no,"{""count_fp"":""10.00"",""created_time"":""2026-04-27T21:33:32.259491Z"",""no_price_dollars"":""0.3600"",""taker_side"":""no"",""ticker"":""KXETH15M-26APR271745-45"",""trade_id"":""3b0fe3af-a1c2-4323-46bf-50726a19bceb"",""yes_price_dollars"":""0.6400""}"
KXETH15M-26APR271745-45,2797b737-7028-49d5-5733-be44a15a13f2,1777325612,0.65,4.0,no,"{""count_fp"":""4.00"",""created_time"":""2026-04-27T21:33:32.259491Z"",""no_price_dollars"":""0.3500"",""taker_side"":""no"",""ticker"":""KXETH15M-26APR271745-45"",""trade_id"":""2797b737-7028-49d5-5733-be44a15a13f2"",""yes_price_dollars"":""0.6500""}"
KXETH15M-26APR271745-45,f3b19614-a517-4ef8-8b8a-204baaa0c718,1777325614,0.63,10.0,yes,"{""count_fp"":""10.00"",""created_time"":""2026-04-27T21:33:34.222426Z"",""no_price_dollars"":""0.3700"",""taker_side"":""yes"",""ticker"":""KXETH15M-26APR271745-45"",""trade_id"":""f3b19614-a517-4ef8-8b8a-204baaa0c718"",""yes_price_dollars"":""0.6300""}"
KXETH15M-26APR271745-45,dad5fee4-aecb-4e46-8d40-df41cd7ca9c5,1777325614,0.64,5.23,yes,"{""count_fp"":""5.23"",""created_time"":""2026-04-27T21:33:34.222426Z"",""no_price_dollars"":""0.3600"",""taker_side"":""yes"",""ticker"":""KXETH15M-26APR271745-45"",""trade_id"":""dad5fee4-aecb-4e46-8d40-df41cd7ca9c5"",""yes_price_dollars"":""0.6400""}"
KXETH15M-26APR271745-45,8f766829-6c07-7b32-efcd-0df83d901111,1777325617,0.67,10.0,yes,"{""count_fp"":""10.00"",""created_time"":""2026-04-27T21:33:37.483624Z"",""no_price_dollars"":""0.3300"",""taker_side"":""yes"",""ticker"":""KXETH15M-26APR271745-45"",""trade_id"":""8f766829-6c07-7b32-efcd-0df83d901111"",""yes_price_dollars"":""0.6700""}"
KXETH15M-26APR271745-45,ae40a57e-e843-4bfa-bdf8-8ceb65d6e849,1777325621,0.73,20.0,yes,"{""count_fp"":""20.00"",""created_time"":""2026-04-27T21:33:41.597819Z"",""no_price_dollars"":""0.2700"",""taker_side"":""yes"",""ticker"":""KXETH15M-26APR271745-45"",""trade_id"":""ae40a57e-e843-4bfa-bdf8-8ceb65d6e849"",""yes_price_dollars"":""0.7300""}"
KXETH15M-26APR271745-45,fdae505e-ebdb-69aa-bf89-9e24f2ca21af,1777325621,0.69,10.0,yes,"{""count_fp"":""10.00"",""created_time"":""2026-04-27T21:33:41.091572Z"",""no_price_dollars"":""0.3100"",""taker_side"":""yes"",""ticker"":""KXETH15M-26APR271745-45"",""trade_id"":""fdae505e-ebdb-69aa-bf89-9e24f2ca21af"",""yes_price_dollars"":""0.6900""}"
KXETH15M-26APR271745-45,eaa950a0-9fee-6739-d9dd-72a333cc419d,1777325623,0.7,5.11,no,"{""count_fp"":""5.11"",""created_time"":""2026-04-27T21:33:43.393611Z"",""no_price_dollars"":""0.3000"",""taker_side"":""no"",""ticker"":""KXETH15M-26APR271745-45"",""trade_id"":""eaa950a0-9fee-6739-d9dd-72a333cc419d"",""yes_price_dollars"":""0.7000""}"
KXETH15M-26APR271745-45,21e206e9-c758-65e4-f42b-5195095a7389,1777325623,0.7,1.0,no,"{""count_fp"":""1.00"",""created_time"":""2026-04-27T21:33:43.393611Z"",""no_price_dollars"":""0.3000"",""taker_side"":""no"",""ticker"":""KXETH15M-26APR271745-45"",""trade_id"":""21e206e9-c758-65e4-f42b-5195095a7389"",""yes_price_dollars"":""0.7000""}"
KXETH15M-26APR271745-45,c4e6c403-75d9-4d85-d9b3-ddfab97446c3,1777325624,0.72,1.0,no,"{""count_fp"":""1.00"",""created_time"":""2026-04-27T21:33:44.966622Z"",""no_price_dollars"":""0.2800"",""taker_side"":""no"",""ticker"":""KXETH15M-26APR271745-45"",""trade_id"":""c4e6c403-75d9-4d85-d9b3-ddfab97446c3"",""yes_price_dollars"":""0.7200""}"
KXETH15M-26APR271745-45,b4750afb-2ef5-4e27-ee38-12347e18e80e,1777325624,0.71,8.54,no,"{""count_fp"":""8.54"",""created_time"":""2026-04-27T21:33:44.966622Z"",""no_price_dollars"":""0.2900"",""taker_side"":""no"",""ticker"":""KXETH15M-26APR271745-45"",""trade_id"":""b4750afb-2ef5-4e27-ee38-12347e18e80e"",""yes_price_dollars"":""0.7100""}"
KXETH15M-26APR271745-45,3cf34212-04ea-7349-dccc-a471471c388d,1777325628,0.73,3.0,yes,"{""count_fp"":""3.00"",""created_time"":""2026-04-27T21:33:48.771344Z"",""no_price_dollars"":""0.2700"",""taker_side"":""yes"",""ticker"":""KXETH15M-26APR271745-45"",""trade_id"":""3cf34212-04ea-7349-dccc-a471471c388d"",""yes_price_dollars"":""0.7300""}"
KXETH15M-26APR271745-45,00db8119-9d59-727b-d845-846a654a6da2,1777325628,0.75,3.0,yes,"{""count_fp"":""3.00"",""created_time"":""2026-04-27T21:33:48.771344Z"",""no_price_dollars"":""0.2500"",""taker_side"":""yes"",""ticker"":""KXETH15M-26APR271745-45"",""trade_id"":""00db8119-9d59-727b-d845-846a654a6da2"",""yes_price_dollars"":""0.7500""}"
KXETH15M-26APR271745-45,5b33d99c-2cbe-6ded-bf6b-0565db6706cb,1777325628,0.71,5.57,no,"{""count_fp"":""5.57"",""created_time"":""2026-04-27T21:33:48.720462Z"",""no_price_dollars"":""0.2900"",""taker_side"":""no"",""ticker"":""KXETH15M-26APR271745-45"",""trade_id"":""5b33d99c-2cbe-6ded-bf6b-0565db6706cb"",""yes_price_dollars"":""0.7100""}"
KXETH15M-26APR271745-45,0407eebf-52f5-68e9-ad13-878a977d2be7,1777325628,0.72,1.0,no,"{""count_fp"":""1.00"",""created_time"":""2026-04-27T21:33:48.720462Z"",""no_price_dollars"":""0.2800"",""taker_side"":""no"",""ticker"":""KXETH15M-26APR271745-45"",""trade_id"":""0407eebf-52f5-68e9-ad13-878a977d2be7"",""yes_price_dollars"":""0.7200""}"
KXETH15M-26APR271745-45,589c06d0-1c28-4eb9-acad-259b5ecfe0d7,1777325632,0.7,12.01,no,"{""count_fp"":""12.01"",""created_time"":""2026-04-27T21:33:52.748514Z"",""no_price_dollars"":""0.3000"",""taker_side"":""no"",""ticker"":""KXETH15M-26APR271745-45"",""trade_id"":""589c06d0-1c28-4eb9-acad-259b5ecfe0d7"",""yes_price_dollars"":""0.7000""}"
KXETH15M-26APR271745-45,5344f3c4-844e-45c6-9ccd-20bd69a0d3ce,1777325632,0.74,1.0,no,"{""count_fp"":""1.00"",""created_time"":""2026-04-27T21:33:52.748514Z"",""no_price_dollars"":""0.2600"",""taker_side"":""no"",""ticker"":""KXETH15M-26APR271745-45"",""trade_id"":""5344f3c4-844e-45c6-9ccd-20bd69a0d3ce"",""yes_price_dollars"":""0.7400""}"
KXETH15M-26APR271745-45,6d2e186f-9a86-6d85-8ede-1636219b0269,1777325632,0.72,14.96,no,"{""count_fp"":""14.96"",""created_time"":""2026-04-27T21:33:52.472302Z"",""no_price_dollars"":""0.2800"",""taker_side"":""no"",""ticker"":""KXETH15M-26APR271745-45"",""trade_id"":""6d2e186f-9a86-6d85-8ede-1636219b0269"",""yes_price_dollars"":""0.7200""}"
KXETH15M-26APR271745-45,62e5879b-bec6-6703-a54d-2dfeaf2dae57,1777325632,0.73,1.0,no,"{""count_fp"":""1.00"",""created_time"":""2026-04-27T21:33:52.472302Z"",""no_price_dollars"":""0.2700"",""taker_side"":""no"",""ticker"":""KXETH15M-26APR271745-45"",""trade_id"":""62e5879b-bec6-6703-a54d-2dfeaf2dae57"",""yes_price_dollars"":""0.7300""}"
KXETH15M-26APR271745-45,4007ecb6-4790-7d9d-7359-1beb45e5a50b,1777325638,0.71,8.64,no,"{""count_fp"":""8.64"",""created_time"":""2026-04-27T21:33:58.300198Z"",""no_price_dollars"":""0.2900"",""taker_side"":""no"",""ticker"":""KXETH15M-26APR271745-45"",""trade_id"":""4007ecb6-4790-7d9d-7359-1beb45e5a50b"",""yes_price_dollars"":""0.7100""}"
KXETH15M-26APR271745-45,07c70d5f-5e87-7f64-5840-cc6c7a9af2ec,1777325638,0.74,1.0,no,"{""count_fp"":""1.00"",""created_time"":""2026-04-27T21:33:58.300198Z"",""no_price_dollars"":""0.2600"",""taker_side"":""no"",""ticker"":""KXETH15M-26APR271745-45"",""trade_id"":""07c70d5f-5e87-7f64-5840-cc6c7a9af2ec"",""yes_price_dollars"":""0.7400""}"
KXETH15M-26APR271745-45,8dd9a174-af1e-6341-67ab-002f6d881091,1777325639,0.72,0.67,no,"{""count_fp"":""0.67"",""created_time"":""2026-04-27T21:33:59.286866Z"",""no_price_dollars"":""0.2800"",""taker_side"":""no"",""ticker"":""KXETH15M-26APR271745-45"",""trade_id"":""8dd9a174-af1e-6341-67ab-002f6d881091"",""yes_price_dollars"":""0.7200""}"
KXETH15M-26APR271745-45,2674f7ef-53cd-6581-4306-46ae216af932,1777325639,0.73,5.94,no,"{""count_fp"":""5.94"",""created_time"":""2026-04-27T21:33:59.286866Z"",""no_price_dollars"":""0.2700"",""taker_side"":""no"",""ticker"":""KXETH15M-26APR271745-45"",""trade_id"":""2674f7ef-53cd-6581-4306-46ae216af932"",""yes_price_dollars"":""0.7300""}"
KXETH15M-26APR271745-45,84e8a105-a6dd-54cb-4c66-2424ecb7d65a,1777325640,0.75,6.0,yes,"{""count_fp"":""6.00"",""created_time"":""2026-04-27T21:34:00.864785Z"",""no_price_dollars"":""0.2500"",""taker_side"":""yes"",""ticker"":""KXETH15M-26APR271745-45"",""trade_id"":""84e8a105-a6dd-54cb-4c66-2424ecb7d65a"",""yes_price_dollars"":""0.7500""}"
KXETH15M-26APR271745-45,5a479bca-ed88-5039-ce6c-a9978ec81a5b,1777325640,0.71,10.23,no,"{""count_fp"":""10.23"",""created_time"":""2026-04-27T21:34:00.825842Z"",""no_price_dollars"":""0.2900"",""taker_side"":""no"",""ticker"":""KXETH15M-26APR271745-45"",""trade_id"":""5a479bca-ed88-5039-ce6c-a9978ec81a5b"",""yes_price_dollars"":""0.7100""}"
KXETH15M-26APR271745-45,10caad59-2068-513e-c492-1feac3ffa347,1777325640,0.73,1.0,no,"{""count_fp"":""1.00"",""created_time"":""2026-04-27T21:34:00.825842Z"",""no_price_dollars"":""0.2700"",""taker_side"":""no"",""ticker"":""KXETH15M-26APR271745-45"",""trade_id"":""10caad59-2068-513e-c492-1feac3ffa347"",""yes_price_dollars"":""0.7300""}"
KXETH15M-26APR271745-45,02a6e3ef-2a90-6016-520b-f968d66bc223,1777325640,0.74,2.0,yes,"{""count_fp"":""2.00"",""created_time"":""2026-04-27T21:34:00.326779Z"",""no_price_dollars"":""0.2600"",""taker_side"":""yes"",""ticker"":""KXETH15M-26APR271745-45"",""trade_id"":""02a6e3ef-2a90-6016-520b-f968d66bc223"",""yes_price_dollars"":""0.7400""}"
KXETH15M-26APR271745-45,e4bafa3b-b802-580e-7eff-4d901c069d78,1777325642,0.75,3.0,yes,"{""count_fp"":""3.00"",""created_time"":""2026-04-27T21:34:02.782556Z"",""no_price_dollars"":""0.2500"",""taker_side"":""yes"",""ticker"":""KXETH15M-26APR271745-45"",""trade_id"":""e4bafa3b-b802-580e-7eff-4d901c069d78"",""yes_price_dollars"":""0.7500""}"
KXETH15M-26APR271745-45,0aa4f406-eef9-5f2f-6f83-5970bc986276,1777325642,0.75,1.0,yes,"{""count_fp"":""1.00"",""created_time"":""2026-04-27T21:34:02.782556Z"",""no_price_dollars"":""0.2500"",""taker_side"":""yes"",""ticker"":""KXETH15M-26APR271745-45"",""trade_id"":""0aa4f406-eef9-5f2f-6f83-5970bc986276"",""yes_price_dollars"":""0.7500""}"
KXETH15M-26APR271745-45,d5fe9c84-6fcf-5369-6bf9-10631a851810,1777325644,0.73,1.0,no,"{""count_fp"":""1.00"",""created_time"":""2026-04-27T21:34:04.630923Z"",""no_price_dollars"":""0.2700"",""taker_side"":""no"",""ticker"":""KXETH15M-26APR271745-45"",""trade_id"":""d5fe9c84-6fcf-5369-6bf9-10631a851810"",""yes_price_dollars"":""0.7300""}"
KXETH15M-26APR271745-45,2096085f-1ace-5c2d-51d5-7c6f832d9845,1777325644,0.72,2.0,no,"{""count_fp"":""2.00"",""created_time"":""2026-04-27T21:34:04.630923Z"",""no_price_dollars"":""0.2800"",""taker_side"":""no"",""ticker"":""KXETH15M-26APR271745-45"",""trade_id"":""2096085f-1ace-5c2d-51d5-7c6f832d9845"",""yes_price_dollars"":""0.7200""}"
KXETH15M-26APR271745-45,ad536070-a9c2-5e73-4cbb-97e6714d2b36,1777325644,0.73,2.0,no,"{""count_fp"":""2.00"",""created_time"":""2026-04-27T21:34:04.278836Z"",""no_price_dollars"":""0.2700"",""taker_side"":""no"",""ticker"":""KXETH15M-26APR271745-45"",""trade_id"":""ad536070-a9c2-5e73-4cbb-97e6714d2b36"",""yes_price_dollars"":""0.7300""}"
KXETH15M-26APR271745-45,a62064a4-98f8-5bd1-56be-359e9b25f8ec,1777325644,0.73,1.0,no,"{""count_fp"":""1.00"",""created_time"":""2026-04-27T21:34:04.278836Z"",""no_price_dollars"":""0.2700"",""taker_side"":""no"",""ticker"":""KXETH15M-26APR271745-45"",""trade_id"":""a62064a4-98f8-5bd1-56be-359e9b25f8ec"",""yes_price_dollars"":""0.7300""}"
KXETH15M-26APR271745-45,df7973fc-d73e-60f1-9a8e-775675b95b8d,1777325647,0.72,8.22,no,"{""count_fp"":""8.22"",""created_time"":""2026-04-27T21:34:07.861327Z"",""no_price_dollars"":""0.2800"",""taker_side"":""no"",""ticker"":""KXETH15M-26APR271745-45"",""trade_id"":""df7973fc-d73e-60f1-9a8e-775675b95b8d"",""yes_price_dollars"":""0.7200""}"
KXETH15M-26APR271745-45,b83adb32-645a-6920-bb6c-73100e52b66f,1777325647,0.73,1.0,no,"{""count_fp"":""1.00"",""created_time"":""2026-04-27T21:34:07.861327Z"",""no_price_dollars"":""0.2700"",""taker_side"":""no"",""ticker"":""KXETH15M-26APR271745-45"",""trade_id"":""b83adb32-645a-6920-bb6c-73100e52b66f"",""yes_price_dollars"":""0.7300""}"
KXETH15M-26APR271745-45,5893f917-0cf4-6d41-9703-5b2cf8bce13a,1777325647,0.73,11.59,no,"{""count_fp"":""11.59"",""created_time"":""2026-04-27T21:34:07.861327Z"",""no_price_dollars"":""0.2700"",""taker_side"":""no"",""ticker"":""KXETH15M-26APR271745-45"",""trade_id"":""5893f917-0cf4-6d41-9703-5b2cf8bce13a"",""yes_price_dollars"":""0.7300""}"
KXETH15M-26APR271745-45,a0fac4f9-dee2-5cd2-1d04-480e3a95ff20,1777325649,0.75,47.0,yes,"{""count_fp"":""47.00"",""created_time"":""2026-04-27T21:34:09.222136Z"",""no_price_dollars"":""0.2500"",""taker_side"":""yes"",""ticker"":""KXETH15M-26APR271745-45"",""trade_id"":""a0fac4f9-dee2-5cd2-1d04-480e3a95ff20"",""yes_price_dollars"":""0.7500""}"
KXETH15M-26APR271745-45,0381671f-278d-70a2-1d48-cc2d18b2012f,1777325649,0.74,10.0,yes,"{""count_fp"":""10.00"",""created_time"":""2026-04-27T21:34:09.215965Z"",""no_price_dollars"":""0.2600"",""taker_side"":""yes"",""ticker"":""KXETH15M-26APR271745-45"",""trade_id"":""0381671f-278d-70a2-1d48-cc2d18b2012f"",""yes_price_dollars"":""0.7400""}"
KXETH15M-26APR271745-45,c250e485-3c3c-7009-e92a-00fb43fb8c30,1777325650,0.8,25.79,yes,"{""count_fp"":""25.79"",""created_time"":""2026-04-27T21:34:10.106258Z"",""no_price_dollars"":""0.2000"",""taker_side"":""yes"",""ticker"":""KXETH15M-26APR271745-45"",""trade_id"":""c250e485-3c3c-7009-e92a-00fb43fb8c30"",""yes_price_dollars"":""0.8000""}"
KXETH15M-26APR271745-45,8e411d9c-441e-734f-dd28-abb7f5b88c20,1777325650,0.77,21.21,yes,"{""count_fp"":""21.21"",""created_time"":""2026-04-27T21:34:10.106258Z"",""no_price_dollars"":""0.2300"",""taker_side"":""yes"",""ticker"":""KXETH15M-26APR271745-45"",""trade_id"":""8e411d9c-441e-734f-dd28-abb7f5b88c20"",""yes_price_dollars"":""0.7700""}"
KXETH15M-26APR271745-45,0ab02c5c-a007-7b7f-e787-6b55b88c2cfb,1777325650,0.78,5.0,yes,"{""count_fp"":""5.00"",""created_time"":""2026-04-27T21:34:10.106258Z"",""no_price_dollars"":""0.2200"",""taker_side"":""yes"",""ticker"":""KXETH15M-26APR271745-45"",""trade_id"":""0ab02c5c-a007-7b7f-e787-6b55b88c2cfb"",""yes_price_dollars"":""0.7800""}"
KXETH15M-26APR271745-45,6d257b66-4886-7f2f-df94-d63c158c44d4,1777325650,0.77,33.79,yes,"{""count_fp"":""33.79"",""created_time"":""2026-04-27T21:34:10.103113Z"",""no_price_dollars"":""0.2300"",""taker_side"":""yes"",""ticker"":""KXETH15M-26APR271745-45"",""trade_id"":""6d257b66-4886-7f2f-df94-d63c158c44d4"",""yes_price_dollars"":""0.7700""}"
KXETH15M-26APR271745-45,6462e895-cb79-7a76-0368-a68354ce1e43,1777325652,0.8,20.0,yes,"{""count_fp"":""20.00"",""created_time"":""2026-04-27T21:34:12.360243Z"",""no_price_dollars"":""0.2000"",""taker_side"":""yes"",""ticker"":""KXETH15M-26APR271745-45"",""trade_id"":""6462e895-cb79-7a76-0368-a68354ce1e43"",""yes_price_dollars"":""0.8000""}"
KXETH15M-26APR271745-45,c2cc562e-9a2a-5c9d-6995-114924c6e479,1777325655,0.77,5.0,no,"{""count_fp"":""5.00"",""created_time"":""2026-04-27T21:34:15.923087Z"",""no_price_dollars"":""0.2300"",""taker_side"":""no"",""ticker"":""KXETH15M-26APR271745-45"",""trade_id"":""c2cc562e-9a2a-5c9d-6995-114924c6e479"",""yes_price_dollars"":""0.7700""}"
KXETH15M-26APR271745-45,3b64c313-a429-52e4-478c-2ba1d1bb3566,1777325655,0.79,1.0,no,"{""count_fp"":""1.00"",""created_time"":""2026-04-27T21:34:15.923087Z"",""no_price_dollars"":""0.2100"",""taker_side"":""no"",""ticker"":""KXETH15M-26APR271745-45"",""trade_id"":""3b64c313-a429-52e4-478c-2ba1d1bb3566"",""yes_price_dollars"":""0.7900""}"
KXETH15M-26APR271745-45,136404eb-e0ab-558a-6f8d-415181e97f4c,1777325655,0.78,5.0,no,"{""count_fp"":""5.00"",""created_time"":""2026-04-27T21:34:15.923087Z"",""no_price_dollars"":""0.2200"",""taker_side"":""no"",""ticker"":""KXETH15M-26APR271745-45"",""trade_id"":""136404eb-e0ab-558a-6f8d-415181e97f4c"",""yes_price_dollars"":""0.7800""}"
KXETH15M-26APR271745-45,dc5cb623-19fb-67b4-65f4-cb204417f1d4,1777325655,0.82,1.0,yes,"{""count_fp"":""1.00"",""created_time"":""2026-04-27T21:34:15.804464Z"",""no_price_dollars"":""0.1800"",""taker_side"":""yes"",""ticker"":""KXETH15M-26APR271745-45"",""trade_id"":""dc5cb623-19fb-67b4-65f4-cb204417f1d4"",""yes_price_dollars"":""0.8200""}"
KXETH15M-26APR271745-45,4becba60-2daf-76d0-3142-8ba0c1eebfba,1777325656,0.77,0.41,no,"{""count_fp"":""0.41"",""created_time"":""2026-04-27T21:34:16.523701Z"",""no_price_dollars"":""0.2300"",""taker_side"":""no"",""ticker"":""KXETH15M-26APR271745-45"",""trade_id"":""4becba60-2daf-76d0-3142-8ba0c1eebfba"",""yes_price_dollars"":""0.7700""}"
KXETH15M-26APR271745-45,31e7e3a3-a22a-7c80-38ad-69073fc1d55a,1777325656,0.8,1.0,no,"{""count_fp"":""1.00"",""created_time"":""2026-04-27T21:34:16.523701Z"",""no_price_dollars"":""0.2000"",""taker_side"":""no"",""ticker"":""KXETH15M-26APR271745-45"",""trade_id"":""31e7e3a3-a22a-7c80-38ad-69073fc1d55a"",""yes_price_dollars"":""0.8000""}"
KXETH15M-26APR271745-45,edfb579e-6aa6-7445-f01c-3556bd8182f5,1777325657,0.78,69.92,no,"{""count_fp"":""69.92"",""created_time"":""2026-04-27T21:34:17.756371Z"",""no_price_dollars"":""0.2200"",""taker_side"":""no"",""ticker"":""KXETH15M-26APR271745-45"",""trade_id"":""edfb579e-6aa6-7445-f01c-3556bd8182f5"",""yes_price_dollars"":""0.7800""}"
KXETH15M-26APR271745-45,b3d4566e-e05d-7bbb-d7a3-0305dcfb27f0,1777325657,0.79,1.0,no,"{""count_fp"":""1.00"",""created_time"":""2026-04-27T21:34:17.756371Z"",""no_price_dollars"":""0.2100"",""taker_side"":""no"",""ticker"":""KXETH15M-26APR271745-45"",""trade_id"":""b3d4566e-e05d-7bbb-d7a3-0305dcfb27f0"",""yes_price_dollars"":""0.7900""}"
KXETH15M-26APR271745-45,3f9a5daa-a2eb-7165-c4b0-df4fa3c85064,1777325658,0.8,2.0,yes,"{""count_fp"":""2.00"",""created_time"":""2026-04-27T21:34:18.599985Z"",""no_price_dollars"":""0.2000"",""taker_side"":""yes"",""ticker"":""KXETH15M-26APR271745-45"",""trade_id"":""3f9a5daa-a2eb-7165-c4b0-df4fa3c85064"",""yes_price_dollars"":""0.8000""}"
KXETH15M-26APR271745-45,ed73478e-24e4-6b0e-858a-15bcf0f4f45e,1777325660,0.81,9.0,no,"{""count_fp"":""9.00"",""created_time"":""2026-04-27T21:34:20.732151Z"",""no_price_dollars"":""0.1900"",""taker_side"":""no"",""ticker"":""KXETH15M-26APR271745-45"",""trade_id"":""ed73478e-24e4-6b0e-858a-15bcf0f4f45e"",""yes_price_dollars"":""0.8100""}"
KXETH15M-26APR271745-45,8e2aad14-d721-6779-ab2a-216b621a6586,1777325660,0.81,1.0,no,"{""count_fp"":""1.00"",""created_time"":""2026-04-27T21:34:20.732151Z"",""no_price_dollars"":""0.1900"",""taker_side"":""no"",""ticker"":""KXETH15M-26APR271745-45"",""trade_id"":""8e2aad14-d721-6779-ab2a-216b621a6586"",""yes_price_dollars"":""0.8100""}"
KXETH15M-26APR271745-45,b55c01dc-aecb-4408-da81-11959592614e,1777325661,0.79,1.79,no,"{""count_fp"":""1.79"",""created_time"":""2026-04-27T21:34:21.002714Z"",""no_price_dollars"":""0.2100"",""taker_side"":""no"",""ticker"":""KXETH15M-26APR271745-45"",""trade_id"":""b55c01dc-aecb-4408-da81-11959592614e"",""yes_price_dollars"":""0.7900""}"
KXETH15M-26APR271745-45,6ed9dcc4-e363-4a35-d8cc-eb0305f4a2ff,1777325661,0.8,1.0,no,"{""count_fp"":""1.00"",""created_time"":""2026-04-27T21:34:21.002714Z"",""no_price_dollars"":""0.2000"",""taker_side"":""no"",""ticker"":""KXETH15M-26APR271745-45"",""trade_id"":""6ed9dcc4-e363-4a35-d8cc-eb0305f4a2ff"",""yes_price_dollars"":""0.8000""}"
KXETH15M-26APR271745-45,d4f5de51-6191-57f5-7917-66e9f371de61,1777325662,0.81,5.0,yes,"{""count_fp"":""5.00"",""created_time"":""2026-04-27T21:34:22.384943Z"",""no_price_dollars"":""0.1900"",""taker_side"":""yes"",""ticker"":""KXETH15M-26APR271745-45"",""trade_id"":""d4f5de51-6191-57f5-7917-66e9f371de61"",""yes_price_dollars"":""0.8100""}"
KXETH15M-26APR271745-45,46838eb5-6d43-73c2-86da-0ed6c9130deb,1777325674,0.82,11.11,yes,"{""count_fp"":""11.11"",""created_time"":""2026-04-27T21:34:34.517558Z"",""no_price_dollars"":""0.1800"",""taker_side"":""yes"",""ticker"":""KXETH15M-26APR271745-45"",""trade_id"":""46838eb5-6d43-73c2-86da-0ed6c9130deb"",""yes_price_dollars"":""0.8200""}"
KXETH15M-26APR271745-45,f6698ab6-e156-661d-978b-47b9b4d2be34,1777325674,0.82,1.0,yes,"{""count_fp"":""1.00"",""created_time"":""2026-04-27T21:34:34.311039Z"",""no_price_dollars"":""0.1800"",""taker_side"":""yes"",""ticker"":""KXETH15M-26APR271745-45"",""trade_id"":""f6698ab6-e156-661d-978b-47b9b4d2be34"",""yes_price_dollars"":""0.8200""}"
KXETH15M-26APR271745-45,788ac3d4-e307-73ac-f287-9fb51a2505fe,1777325676,0.82,2.0,no,"{""count_fp"":""2.00"",""created_time"":""2026-04-27T21:34:36.185027Z"",""no_price_dollars"":""0.1800"",""taker_side"":""no"",""ticker"":""KXETH15M-26APR271745-45"",""trade_id"":""788ac3d4-e307-73ac-f287-9fb51a2505fe"",""yes_price_dollars"":""0.8200""}"
KXETH15M-26APR271745-45,51996bb9-c839-7122-cbf3-180bccabad2a,1777325676,0.82,1.0,no,"{""count_fp"":""1.00"",""created_time"":""2026-04-27T21:34:36.185027Z"",""no_price_dollars"":""0.1800"",""taker_side"":""no"",""ticker"":""KXETH15M-26APR271745-45"",""trade_id"":""51996bb9-c839-7122-cbf3-180bccabad2a"",""yes_price_dollars"":""0.8200""}"
KXETH15M-26APR271745-45,c6d15502-d502-6558-288f-9c0a2bb1abdb,1777325677,0.83,0.77,yes,"{""count_fp"":""0.77"",""created_time"":""2026-04-27T21:34:37.530223Z"",""no_price_dollars"":""0.1700"",""taker_side"":""yes"",""ticker"":""KXETH15M-26APR271745-45"",""trade_id"":""c6d15502-d502-6558-288f-9c0a2bb1abdb"",""yes_price_dollars"":""0.8300""}"
KXETH15M-26APR271745-45,67a8f550-ed0b-66cc-1e64-da986a6707fa,1777325677,0.83,1.23,yes,"{""count_fp"":""1.23"",""created_time"":""2026-04-27T21:34:37.530223Z"",""no_price_dollars"":""0.1700"",""taker_side"":""yes"",""ticker"":""KXETH15M-26APR271745-45"",""trade_id"":""67a8f550-ed0b-66cc-1e64-da986a6707fa"",""yes_price_dollars"":""0.8300""}"
KXETH15M-26APR271745-45,a1ec941a-aefa-672c-3ec8-2b5066604a9b,1777325677,0.83,0.23,yes,"{""count_fp"":""0.23"",""created_time"":""2026-04-27T21:34:37.404556Z"",""no_price_dollars"":""0.1700"",""taker_side"":""yes"",""ticker"":""KXETH15M-26APR271745-45"",""trade_id"":""a1ec941a-aefa-672c-3ec8-2b5066604a9b"",""yes_price_dollars"":""0.8300""}"
KXETH15M-26APR271745-45,b303a9a7-208d-5258-7c44-171ed0e62eb4,1777325679,0.83,8.27,yes,"{""count_fp"":""8.27"",""created_time"":""2026-04-27T21:34:39.878494Z"",""no_price_dollars"":""0.1700"",""taker_side"":""yes"",""ticker"":""KXETH15M-26APR271745-45"",""trade_id"":""b303a9a7-208d-5258-7c44-171ed0e62eb4"",""yes_price_dollars"":""0.8300""}"
KXETH15M-26APR271745-45,aec3c0d0-25a2-5986-72cf-502e6c77cb6f,1777325679,0.84,12.47,yes,"{""count_fp"":""12.47"",""created_time"":""2026-04-27T21:34:39.878494Z"",""no_price_dollars"":""0.1600"",""taker_side"":""yes"",""ticker"":""KXETH15M-26APR271745-45"",""trade_id"":""aec3c0d0-25a2-5986-72cf-502e6c77cb6f"",""yes_price_dollars"":""0.8400""}"
KXETH15M-26APR271745-45,9e9092e6-3195-571c-6b71-cc263af67d82,1777325679,0.84,1.0,yes,"{""count_fp"":""1.00"",""created_time"":""2026-04-27T21:34:39.878494Z"",""no_price_dollars"":""0.1600"",""taker_side"":""yes"",""ticker"":""KXETH15M-26APR271745-45"",""trade_id"":""9e9092e6-3195-571c-6b71-cc263af67d82"",""yes_price_dollars"":""0.8400""}"
KXETH15M-26APR271745-45,67699ffa-203b-59d8-7bd9-e010996b4cc6,1777325679,0.83,7.77,yes,"{""count_fp"":""7.77"",""created_time"":""2026-04-27T21:34:39.878494Z"",""no_price_dollars"":""0.1700"",""taker_side"":""yes"",""ticker"":""KXETH15M-26APR271745-45"",""trade_id"":""67699ffa-203b-59d8-7bd9-e010996b4cc6"",""yes_price_dollars"":""0.8300""}"
KXETH15M-26APR271745-45,afbeab03-0f9f-6682-3f01-ffc2ceb4d29c,1777325682,0.82,1.0,no,"{""count_fp"":""1.00"",""created_time"":""2026-04-27T21:34:42.164996Z"",""no_price_dollars"":""0.1800"",""taker_side"":""no"",""ticker"":""KXETH15M-26APR271745-45"",""trade_id"":""afbeab03-0f9f-6682-3f01-ffc2ceb4d29c"",""yes_price_dollars"":""0.8200""}"
KXETH15M-26APR271745-45,26f8a9b3-0a0c-6cc7-28b2-68cb7657372e,1777325682,0.83,1.0,no,"{""count_fp"":""1.00"",""created_time"":""2026-04-27T21:34:42.164996Z"",""no_price_dollars"":""0.1700"",""taker_side"":""no"",""ticker"":""KXETH15M-26APR271745-45"",""trade_id"":""26f8a9b3-0a0c-6cc7-28b2-68cb7657372e"",""yes_price_dollars"":""0.8300""}"
KXETH15M-26APR271745-45,8dbcb940-6bbf-772c-d30e-25e8bbe81b04,1777325684,0.84,10.0,yes,"{""count_fp"":""10.00"",""created_time"":""2026-04-27T21:34:44.121144Z"",""no_price_dollars"":""0.1600"",""taker_side"":""yes"",""ticker"":""KXETH15M-26APR271745-45"",""trade_id"":""8dbcb940-6bbf-772c-d30e-25e8bbe81b04"",""yes_price_dollars"":""0.8400""}"
KXETH15M-26APR271745-45,54720664-1d06-7dc6-dfb0-5a425d68e5d7,1777325684,0.84,28.43,yes,"{""count_fp"":""28.43"",""created_time"":""2026-04-27T21:34:44.121144Z"",""no_price_dollars"":""0.1600"",""taker_side"":""yes"",""ticker"":""KXETH15M-26APR271745-45"",""trade_id"":""54720664-1d06-7dc6-dfb0-5a425d68e5d7"",""yes_price_dollars"":""0.8400""}"
KXETH15M-26APR271745-45,158da366-1e7b-7d3a-d366-234f94c33bc9,1777325684,0.82,1.0,yes,"{""count_fp"":""1.00"",""created_time"":""2026-04-27T21:34:44.121144Z"",""no_price_dollars"":""0.1800"",""taker_side"":""yes"",""ticker"":""KXETH15M-26APR271745-45"",""trade_id"":""158da366-1e7b-7d3a-d366-234f94c33bc9"",""yes_price_dollars"":""0.8200""}"
KXETH15M-26APR271745-45,f834d12d-1000-5c45-5a96-e129b3523fa4,1777325686,0.82,5.0,no,"{""count_fp"":""5.00"",""created_time"":""2026-04-27T21:34:46.606755Z"",""no_price_dollars"":""0.1800"",""taker_side"":""no"",""ticker"":""KXETH15M-26APR271745-45"",""trade_id"":""f834d12d-1000-5c45-5a96-e129b3523fa4"",""yes_price_dollars"":""0.8200""}"
KXETH15M-26APR271745-45,769eec68-a198-57aa-5eeb-994425749e7e,1777325686,0.81,0.99,no,"{""count_fp"":""0.99"",""created_time"":""2026-04-27T21:34:46.606755Z"",""no_price_dollars"":""0.1900"",""taker_side"":""no"",""ticker"":""KXETH15M-26APR271745-45"",""trade_id"":""769eec68-a198-57aa-5eeb-994425749e7e"",""yes_price_dollars"":""0.8100""}"
KXETH15M-26APR271745-45,46b5b75c-0007-5035-6bc9-d3a260b84aad,1777325686,0.83,1.0,no,"{""count_fp"":""1.00"",""created_time"":""2026-04-27T21:34:46.606755Z"",""no_price_dollars"":""0.1700"",""taker_side"":""no"",""ticker"":""KXETH15M-26APR271745-45"",""trade_id"":""46b5b75c-0007-5035-6bc9-d3a260b84aad"",""yes_price_dollars"":""0.8300""}"
KXETH15M-26APR271745-45,93bb3c95-5345-5e7e-d5ce-2414505df363,1777325686,0.86,2.3,yes,"{""count_fp"":""2.30"",""created_time"":""2026-04-27T21:34:46.431394Z"",""no_price_dollars"":""0.1400"",""taker_side"":""yes"",""ticker"":""KXETH15M-26APR271745-45"",""trade_id"":""93bb3c95-5345-5e7e-d5ce-2414505df363"",""yes_price_dollars"":""0.8600""}"
KXETH15M-26APR271745-45,4b3e98aa-498e-64bf-3122-409a371ce67c,1777325688,0.82,0.2,no,"{""count_fp"":""0.20"",""created_time"":""2026-04-27T21:34:48.111368Z"",""no_price_dollars"":""0.1800"",""taker_side"":""no"",""ticker"":""KXETH15M-26APR271745-45"",""trade_id"":""4b3e98aa-498e-64bf-3122-409a371ce67c"",""yes_price_dollars"":""0.8200""}"
KXETH15M-26APR271745-45,02ec9743-a4ea-65f0-2f9b-9aeb16a23aee,1777325688,0.82,1.0,no,"{""count_fp"":""1.00"",""created_time"":""2026-04-27T21:34:48.111368Z"",""no_price_dollars"":""0.1800"",""taker_side"":""no"",""ticker"":""KXETH15M-26APR271745-45"",""trade_id"":""02ec9743-a4ea-65f0-2f9b-9aeb16a23aee"",""yes_price_dollars"":""0.8200""}"
KXETH15M-26APR271745-45,d8f0b070-56ef-6695-6774-3a3257d44900,1777325692,0.8,9.46,no,"{""count_fp"":""9.46"",""created_time"":""2026-04-27T21:34:52.729026Z"",""no_price_dollars"":""0.2000"",""taker_side"":""no"",""ticker"":""KXETH15M-26APR271745-45"",""trade_id"":""d8f0b070-56ef-6695-6774-3a3257d44900"",""yes_price_dollars"":""0.8000""}"
KXETH15M-26APR271745-45,2f0cb5d2-2c8c-7ff8-85ed-07babe016694,1777325692,0.83,2.0,yes,"{""count_fp"":""2.00"",""created_time"":""2026-04-27T21:34:52.105508Z"",""no_price_dollars"":""0.1700"",""taker_side"":""yes"",""ticker"":""KXETH15M-26APR271745-45"",""trade_id"":""2f0cb5d2-2c8c-7ff8-85ed-07babe016694"",""yes_price_dollars"":""0.8300""}"
KXETH15M-26APR271745-45,17aacf93-4f85-7b74-bcba-fa2523a7c6a9,1777325692,0.83,1.0,yes,"{""count_fp"":""1.00"",""created_time"":""2026-04-27T21:34:52.105508Z"",""no_price_dollars"":""0.1700"",""taker_side"":""yes"",""ticker"":""KXETH15M-26APR271745-45"",""trade_id"":""17aacf93-4f85-7b74-bcba-fa2523a7c6a9"",""yes_price_dollars"":""0.8300""}"
KXETH15M-26APR271745-45,b3d119f6-9c82-434e-08f5-096daa64362b,1777325693,0.83,8.27,yes,"{""count_fp"":""8.27"",""created_time"":""2026-04-27T21:34:53.722108Z"",""no_price_dollars"":""0.1700"",""taker_side"":""yes"",""ticker"":""KXETH15M-26APR271745-45"",""trade_id"":""b3d119f6-9c82-434e-08f5-096daa64362b"",""yes_price_dollars"":""0.8300""}"
KXETH15M-26APR271745-45,6b5560ce-cb28-4105-124f-cfaa92ea1748,1777325693,0.83,10.0,yes,"{""count_fp"":""10.00"",""created_time"":""2026-04-27T21:34:53.722108Z"",""no_price_dollars"":""0.1700"",""taker_side"":""yes"",""ticker"":""KXETH15M-26APR271745-45"",""trade_id"":""6b5560ce-cb28-4105-124f-cfaa92ea1748"",""yes_price_dollars"":""0.8300""}"
KXETH15M-26APR271745-45,213a6f92-eb31-49a1-2abc-105fb3055e64,1777325693,0.83,1.0,yes,"{""count_fp"":""1.00"",""created_time"":""2026-04-27T21:34:53.722108Z"",""no_price_dollars"":""0.1700"",""taker_side"":""yes"",""ticker"":""KXETH15M-26APR271745-45"",""trade_id"":""213a6f92-eb31-49a1-2abc-105fb3055e64"",""yes_price_dollars"":""0.8300""}"
KXETH15M-26APR271745-45,fe54babf-a4f0-4cfe-7ce0-83e68daad8ed,1777325694,0.83,1.0,yes,"{""count_fp"":""1.00"",""created_time"":""2026-04-27T21:34:54.235115Z"",""no_price_dollars"":""0.1700"",""taker_side"":""yes"",""ticker"":""KXETH15M-26APR271745-45"",""trade_id"":""fe54babf-a4f0-4cfe-7ce0-83e68daad8ed"",""yes_price_dollars"":""0.8300""}"
KXETH15M-26APR271745-45,25a0211d-ae6b-6f65-29b2-94b7b0a6c233,1777325694,0.82,3.0,no,"{""count_fp"":""3.00"",""created_time"":""2026-04-27T21:34:54.105843Z"",""no_price_dollars"":""0.1800"",""taker_side"":""no"",""ticker"":""KXETH15M-26APR271745-45"",""trade_id"":""25a0211d-ae6b-6f65-29b2-94b7b0a6c233"",""yes_price_dollars"":""0.8200""}"
KXETH15M-26APR271745-45,4193b234-c1ad-6d87-1ba6-bb15dd87ea60,1777325699,0.8,1.0,no,"{""count_fp"":""1.00"",""created_time"":""2026-04-27T21:34:59.443983Z"",""no_price_dollars"":""0.2000"",""taker_side"":""no"",""ticker"":""KXETH15M-26APR271745-45"",""trade_id"":""4193b234-c1ad-6d87-1ba6-bb15dd87ea60"",""yes_price_dollars"":""0.8000""}"
KXETH15M-26APR271745-45,ea4dde9f-4bcd-441f-c96c-806ed274c74c,1777325699,0.8,9.0,no,"{""count_fp"":""9.00"",""created_time"":""2026-04-27T21:34:59.438547Z"",""no_price_dollars"":""0.2000"",""taker_side"":""no"",""ticker"":""KXETH15M-26APR271745-45"",""trade_id"":""ea4dde9f-4bcd-441f-c96c-806ed274c74c"",""yes_price_dollars"":""0.8000""}"
KXETH15M-26APR271745-45,c369123b-5f38-426c-d5be-8dfd087369b9,1777325699,0.8,5.0,no,"{""count_fp"":""5.00"",""created_time"":""2026-04-27T21:34:59.438547Z"",""no_price_dollars"":""0.2000"",""taker_side"":""no"",""ticker"":""KXETH15M-26APR271745-45"",""trade_id"":""c369123b-5f38-426c-d5be-8dfd087369b9"",""yes_price_dollars"":""0.8000""}"
KXETH15M-26APR271745-45,7a29dd68-efe8-49b3-e2d3-1a3fc70b0731,1777325699,0.8,1.0,no,"{""count_fp"":""1.00"",""created_time"":""2026-04-27T21:34:59.438547Z"",""no_price_dollars"":""0.2000"",""taker_side"":""no"",""ticker"":""KXETH15M-26APR271745-45"",""trade_id"":""7a29dd68-efe8-49b3-e2d3-1a3fc70b0731"",""yes_price_dollars"":""0.8000""}"
KXETH15M-26APR271745-45,b88515b4-0f90-5f35-3255-e4cfae7a43e2,1777325699,0.82,5.0,no,"{""count_fp"":""5.00"",""created_time"":""2026-04-27T21:34:59.400883Z"",""no_price_dollars"":""0.1800"",""taker_side"":""no"",""ticker"":""KXETH15M-26APR271745-45"",""trade_id"":""b88515b4-0f90-5f35-3255-e4cfae7a43e2"",""yes_price_dollars"":""0.8200""}"
KXETH15M-26APR271745-45,2da60f3a-1073-5b75-0ac8-c0dc2d74cf6f,1777325699,0.82,118.0,no,"{""count_fp"":""118.00"",""created_time"":""2026-04-27T21:34:59.400883Z"",""no_price_dollars"":""0.1800"",""taker_side"":""no"",""ticker"":""KXETH15M-26APR271745-45"",""trade_id"":""2da60f3a-1073-5b75-0ac8-c0dc2d74cf6f"",""yes_price_dollars"":""0.8200""}"
KXETH15M-26APR271745-45,43363317-1dc5-6724-357a-dde191ac3372,1777325700,0.77,8.69,yes,"{""count_fp"":""8.69"",""created_time"":""2026-04-27T21:35:00.076053Z"",""no_price_dollars"":""0.2300"",""taker_side"":""yes"",""ticker"":""KXETH15M-26APR271745-45"",""trade_id"":""43363317-1dc5-6724-357a-dde191ac3372"",""yes_price_dollars"":""0.7700""}"
KXETH15M-26APR271745-45,267c5575-475f-6862-23b1-6a3bb100234f,1777325700,0.76,1.0,yes,"{""count_fp"":""1.00"",""created_time"":""2026-04-27T21:35:00.076053Z"",""no_price_dollars"":""0.2400"",""taker_side"":""yes"",""ticker"":""KXETH15M-26APR271745-45"",""trade_id"":""267c5575-475f-6862-23b1-6a3bb100234f"",""yes_price_dollars"":""0.7600""}"
KXETH15M-26APR271745-45,243280a4-4c69-6706-00ff-f516551cad77,1777325700,0.78,62.31,yes,"{""count_fp"":""62.31"",""created_time"":""2026-04-27T21:35:00.076053Z"",""no_price_dollars"":""0.2200"",""taker_side"":""yes"",""ticker"":""KXETH15M-26APR271745-45"",""trade_id"":""243280a4-4c69-6706-00ff-f516551cad77"",""yes_price_dollars"":""0.7800""}"
KXETH15M-26APR271745-45,d0262c99-b168-4604-b8b5-40e4e177aee1,1777325701,0.77,1.0,yes,"{""count_fp"":""1.00"",""created_time"":""2026-04-27T21:35:01.677402Z"",""no_price_dollars"":""0.2300"",""taker_side"":""yes"",""ticker"":""KXETH15M-26APR271745-45"",""trade_id"":""d0262c99-b168-4604-b8b5-40e4e177aee1"",""yes_price_dollars"":""0.7700""}"
KXETH15M-26APR271745-45,96407f6a-d129-4cbb-b80d-a279f061fecd,1777325701,0.77,0.19,yes,"{""count_fp"":""0.19"",""created_time"":""2026-04-27T21:35:01.677402Z"",""no_price_dollars"":""0.2300"",""taker_side"":""yes"",""ticker"":""KXETH15M-26APR271745-45"",""trade_id"":""96407f6a-d129-4cbb-b80d-a279f061fecd"",""yes_price_dollars"":""0.7700""}"
KXETH15M-26APR271745-45,ff09ee3e-b6cd-4d7a-873b-a96d0f1b0017,1777325706,0.76,47.0,yes,"{""count_fp"":""47.00"",""created_time"":""2026-04-27T21:35:06.107918Z"",""no_price_dollars"":""0.2400"",""taker_side"":""yes"",""ticker"":""KXETH15M-26APR271745-45"",""trade_id"":""ff09ee3e-b6cd-4d7a-873b-a96d0f1b0017"",""yes_price_dollars"":""0.7600""}"
KXETH15M-26APR271745-45,a9887465-d045-7b19-8dc1-bb2f08daf87f,1777325707,0.75,19.0,no,"{""count_fp"":""19.00"",""created_time"":""2026-04-27T21:35:07.693806Z"",""no_price_dollars"":""0.2500"",""taker_side"":""no"",""ticker"":""KXETH15M-26APR271745-45"",""trade_id"":""a9887465-d045-7b19-8dc1-bb2f08daf87f"",""yes_price_dollars"":""0.7500""}"
KXETH15M-26APR271745-45,166e4dfb-cce1-679e-0716-10ab5d10d707,1777325707,0.76,20.81,yes,"{""count_fp"":""20.81"",""created_time"":""2026-04-27T21:35:07.153864Z"",""no_price_dollars"":""0.2400"",""taker_side"":""yes"",""ticker"":""KXETH15M-26APR271745-45"",""trade_id"":""166e4dfb-cce1-679e-0716-10ab5d10d707"",""yes_price_dollars"":""0.7600""}"
KXETH15M-26APR271745-45,55adbe3e-65c1-4a7a-4bd3-fb6740158f1f,1777325707,0.76,39.19,yes,"{""count_fp"":""39.19"",""created_time"":""2026-04-27T21:35:07.123638Z"",""no_price_dollars"":""0.2400"",""taker_side"":""yes"",""ticker"":""KXETH15M-26APR271745-45"",""trade_id"":""55adbe3e-65c1-4a7a-4bd3-fb6740158f1f"",""yes_price_dollars"":""0.7600""}"
KXETH15M-26APR271745-45,59028216-1409-7336-825b-41ebbffc50bf,1777325707,0.76,71.0,yes,"{""count_fp"":""71.00"",""created_time"":""2026-04-27T21:35:07.107277Z"",""no_price_dollars"":""0.2400"",""taker_side"":""yes"",""ticker"":""KXETH15M-26APR271745-45"",""trade_id"":""59028216-1409-7336-825b-41ebbffc50bf"",""yes_price_dollars"":""0.7600""}"
KXETH15M-26APR271745-45,b1f9586c-3d81-5446-5d43-713c015f7bb7,1777325708,0.76,1.0,yes,"{""count_fp"":""1.00"",""created_time"":""2026-04-27T21:35:08.312453Z"",""no_price_dollars"":""0.2400"",""taker_side"":""yes"",""ticker"":""KXETH15M-26APR271745-45"",""trade_id"":""b1f9586c-3d81-5446-5d43-713c015f7bb7"",""yes_price_dollars"":""0.7600""}"
KXETH15M-26APR271745-45,e83f73b3-ea5d-5f1e-b531-d5f4a2a6536f,1777325708,0.76,79.0,yes,"{""count_fp"":""79.00"",""created_time"":""2026-04-27T21:35:08.105732Z"",""no_price_dollars"":""0.2400"",""taker_side"":""yes"",""ticker"":""KXETH15M-26APR271745-45"",""trade_id"":""e83f73b3-ea5d-5f1e-b531-d5f4a2a6536f"",""yes_price_dollars"":""0.7600""}"
KXETH15M-26APR271745-45,fb960ff6-b4c5-4df6-619e-5eebce42b547,1777325709,0.76,59.0,yes,"{""count_fp"":""59.00"",""created_time"":""2026-04-27T21:35:09.093942Z"",""no_price_dollars"":""0.2400"",""taker_side"":""yes"",""ticker"":""KXETH15M-26APR271745-45"",""trade_id"":""fb960ff6-b4c5-4df6-619e-5eebce42b547"",""yes_price_dollars"":""0.7600""}"
KXETH15M-26APR271745-45,27990b4a-6b66-45f7-7379-94957e67ce1c,1777325710,0.78,2.0,yes,"{""count_fp"":""2.00"",""created_time"":""2026-04-27T21:35:10.564791Z"",""no_price_dollars"":""0.2200"",""taker_side"":""yes"",""ticker"":""KXETH15M-26APR271745-45"",""trade_id"":""27990b4a-6b66-45f7-7379-94957e67ce1c"",""yes_price_dollars"":""0.7800""}"
KXETH15M-26APR271745-45,1b5f7137-46a9-47bf-62f5-3bf9455887cd,1777325710,0.76,1.0,yes,"{""count_fp"":""1.00"",""created_time"":""2026-04-27T21:35:10.564791Z"",""no_price_dollars"":""0.2400"",""taker_side"":""yes"",""ticker"":""KXETH15M-26APR271745-45"",""trade_id"":""1b5f7137-46a9-47bf-62f5-3bf9455887cd"",""yes_price_dollars"":""0.7600""}"
KXETH15M-26APR271745-45,a9874bff-db76-5b2f-a764-6283f3dca911,1777325713,0.78,52.0,yes,"{""count_fp"":""52.00"",""created_time"":""2026-04-27T21:35:13.129931Z"",""no_price_dollars"":""0.2200"",""taker_side"":""yes"",""ticker"":""KXETH15M-26APR271745-45"",""trade_id"":""a9874bff-db76-5b2f-a764-6283f3dca911"",""yes_price_dollars"":""0.7800""}"
KXETH15M-26APR271745-45,6af21ae3-3d44-59f4-94ee-ab4e85eb5494,1777325713,0.77,10.0,yes,"{""count_fp"":""10.00"",""created_time"":""2026-04-27T21:35:13.129931Z"",""no_price_dollars"":""0.2300"",""taker_side"":""yes"",""ticker"":""KXETH15M-26APR271745-45"",""trade_id"":""6af21ae3-3d44-59f4-94ee-ab4e85eb5494"",""yes_price_dollars"":""0.7700""}"
KXETH15M-26APR271745-45,c46b239d-ba26-5e8b-0178-dfa7e09fb6ad,1777325714,0.78,18.0,yes,"{""count_fp"":""18.00"",""created_time"":""2026-04-27T21:35:14.088104Z"",""no_price_dollars"":""0.2200"",""taker_side"":""yes"",""ticker"":""KXETH15M-26APR271745-45"",""trade_id"":""c46b239d-ba26-5e8b-0178-dfa7e09fb6ad"",""yes_price_dollars"":""0.7800""}"
KXETH15M-26APR271745-45,c1308703-af8c-54c0-3ddb-ea7650ff86c3,1777325714,0.79,1.0,yes,"{""count_fp"":""1.00"",""created_time"":""2026-04-27T21:35:14.088104Z"",""no_price_dollars"":""0.2100"",""taker_side"":""yes"",""ticker"":""KXETH15M-26APR271745-45"",""trade_id"":""c1308703-af8c-54c0-3ddb-ea7650ff86c3"",""yes_price_dollars"":""0.7900""}"
KXETH15M-26APR271745-45,500d3965-6ce1-5c72-1b16-2fd2b93f5597,1777325714,0.8,35.0,yes,"{""count_fp"":""35.00"",""created_time"":""2026-04-27T21:35:14.088104Z"",""no_price_dollars"":""0.2000"",""taker_side"":""yes"",""ticker"":""KXETH15M-26APR271745-45"",""trade_id"":""500d3965-6ce1-5c72-1b16-2fd2b93f5597"",""yes_price_dollars"":""0.8000""}"
KXETH15M-26APR271745-45,f66b43c9-f182-6c59-7c64-ec5d4be0ff0c,1777325715,0.76,1.0,no,"{""count_fp"":""1.00"",""created_time"":""2026-04-27T21:35:15.497991Z"",""no_price_dollars"":""0.2400"",""taker_side"":""no"",""ticker"":""KXETH15M-26APR271745-45"",""trade_id"":""f66b43c9-f182-6c59-7c64-ec5d4be0ff0c"",""yes_price_dollars"":""0.7600""}"
KXETH15M-26APR271745-45,d16943ab-2225-6cf5-6782-4cab5b5d9af3,1777325715,0.75,1.77,no,"{""count_fp"":""1.77"",""created_time"":""2026-04-27T21:35:15.497991Z"",""no_price_dollars"":""0.2500"",""taker_side"":""no"",""ticker"":""KXETH15M-26APR271745-45"",""trade_id"":""d16943ab-2225-6cf5-6782-4cab5b5d9af3"",""yes_price_dollars"":""0.7500""}"
KXETH15M-26APR271745-45,8e0df631-2dd9-687b-614e-d842ede960aa,1777325715,0.76,5.0,no,"{""count_fp"":""5.00"",""created_time"":""2026-04-27T21:35:15.497991Z"",""no_price_dollars"":""0.2400"",""taker_side"":""no"",""ticker"":""KXETH15M-26APR271745-45"",""trade_id"":""8e0df631-2dd9-687b-614e-d842ede960aa"",""yes_price_dollars"":""0.7600""}"
KXETH15M-26APR271745-45,4da8cd8f-c1e9-523a-21d6-5e54c8916357,1777325716,0.8,2.45,yes,"{""count_fp"":""2.45"",""created_time"":""2026-04-27T21:35:16.028729Z"",""no_price_dollars"":""0.2000"",""taker_side"":""yes"",""ticker"":""KXETH15M-26APR271745-45"",""trade_id"":""4da8cd8f-c1e9-523a-21d6-5e54c8916357"",""yes_price_dollars"":""0.8000""}"
KXETH15M-26APR271745-45,f88cb862-3bc4-644e-0ee2-a7240f73e5e3,1777325717,0.79,10.0,yes,"{""count_fp"":""10.00"",""created_time"":""2026-04-27T21:35:17.101448Z"",""no_price_dollars"":""0.2100"",""taker_side"":""yes"",""ticker"":""KXETH15M-26APR271745-45"",""trade_id"":""f88cb862-3bc4-644e-0ee2-a7240f73e5e3"",""yes_price_dollars"":""0.7900""}"
KXETH15M-26APR271745-45,a797ff3d-e1a5-6702-2752-3ab6856ba971,1777325717,0.82,1.0,yes,"{""count_fp"":""1.00"",""created_time"":""2026-04-27T21:35:17.101448Z"",""no_price_dollars"":""0.1800"",""taker_side"":""yes"",""ticker"":""KXETH15M-26APR271745-45"",""trade_id"":""a797ff3d-e1a5-6702-2752-3ab6856ba971"",""yes_price_dollars"":""0.8200""}"
KXETH15M-26APR271745-45,9efb1fa3-0271-620e-06ee-ec987087d7ab,1777325717,0.83,35.0,yes,"{""count_fp"":""35.00"",""created_time"":""2026-04-27T21:35:17.101448Z"",""no_price_dollars"":""0.1700"",""taker_side"":""yes"",""ticker"":""KXETH15M-26APR271745-45"",""trade_id"":""9efb1fa3-0271-620e-06ee-ec987087d7ab"",""yes_price_dollars"":""0.8300""}"
KXETH15M-26APR271745-45,9a31b4d5-016d-62bb-2aa0-88f1d5d7a336,1777325717,0.8,5.0,yes,"{""count_fp"":""5.00"",""created_time"":""2026-04-27T21:35:17.101448Z"",""no_price_dollars"":""0.2000"",""taker_side"":""yes"",""ticker"":""KXETH15M-26APR271745-45"",""trade_id"":""9a31b4d5-016d-62bb-2aa0-88f1d5d7a336"",""yes_price_dollars"":""0.8000""}"
KXETH15M-26APR271745-45,0567058c-c6af-6405-051c-be5aca81e5d4,1777325717,0.82,5.0,yes,"{""count_fp"":""5.00"",""created_time"":""2026-04-27T21:35:17.101448Z"",""no_price_dollars"":""0.1800"",""taker_side"":""yes"",""ticker"":""KXETH15M-26APR271745-45"",""trade_id"":""0567058c-c6af-6405-051c-be5aca81e5d4"",""yes_price_dollars"":""0.8200""}"
KXETH15M-26APR271745-45,8a464e02-691e-7b5f-9b8e-521e63b99672,1777325718,0.79,0.8,no,"{""count_fp"":""0.80"",""created_time"":""2026-04-27T21:35:18.320811Z"",""no_price_dollars"":""0.2100"",""taker_side"":""no"",""ticker"":""KXETH15M-26APR271745-45"",""trade_id"":""8a464e02-691e-7b5f-9b8e-521e63b99672"",""yes_price_dollars"":""0.7900""}"
KXETH15M-26APR271745-45,6ebb0dda-e73a-5dfb-5133-dd86c4365b16,1777325718,0.79,3.0,no,"{""count_fp"":""3.00"",""created_time"":""2026-04-27T21:35:18.195413Z"",""no_price_dollars"":""0.2100"",""taker_side"":""no"",""ticker"":""KXETH15M-26APR271745-45"",""trade_id"":""6ebb0dda-e73a-5dfb-5133-dd86c4365b16"",""yes_price_dollars"":""0.7900""}"
KXETH15M-26APR271745-45,383c604b-2c90-785b-525d-59a10b94ff9f,1777325721,0.82,0.7,no,"{""count_fp"":""0.70"",""created_time"":""2026-04-27T21:35:21.771752Z"",""no_price_dollars"":""0.1800"",""taker_side"":""no"",""ticker"":""KXETH15M-26APR271745-45"",""trade_id"":""383c604b-2c90-785b-525d-59a10b94ff9f"",""yes_price_dollars"":""0.8200""}"
KXETH15M-26APR271745-45,2624a83c-3f89-6af7-dabb-d8a658971211,1777325727,0.84,3.0,yes,"{""count_fp"":""3.00"",""created_time"":""2026-04-27T21:35:27.892818Z"",""no_price_dollars"":""0.1600"",""taker_side"":""yes"",""ticker"":""KXETH15M-26APR271745-45"",""trade_id"":""2624a83c-3f89-6af7-dabb-d8a658971211"",""yes_price_dollars"":""0.8400""}"
KXETH15M-26APR271745-45,f688f979-fea8-5d2a-7b07-d3fc1866883c,1777325729,0.85,1.17,yes,"{""count_fp"":""1.17"",""created_time"":""2026-04-27T21:35:29.384814Z"",""no_price_dollars"":""0.1500"",""taker_side"":""yes"",""ticker"":""KXETH15M-26APR271745-45"",""trade_id"":""f688f979-fea8-5d2a-7b07-d3fc1866883c"",""yes_price_dollars"":""0.8500""}"
KXETH15M-26APR271745-45,98c8dce6-ae4c-57ba-c616-f7ca057a5a60,1777325734,0.85,3.0,yes,"{""count_fp"":""3.00"",""created_time"":""2026-04-27T21:35:34.743174Z"",""no_price_dollars"":""0.1500"",""taker_side"":""yes"",""ticker"":""KXETH15M-26APR271745-45"",""trade_id"":""98c8dce6-ae4c-57ba-c616-f7ca057a5a60"",""yes_price_dollars"":""0.8500""}"
KXETH15M-26APR271745-45,efd14d22-8184-7682-ef03-469907bf735e,1777325738,0.84,1.2,no,"{""count_fp"":""1.20"",""created_time"":""2026-04-27T21:35:38.229714Z"",""no_price_dollars"":""0.1600"",""taker_side"":""no"",""ticker"":""KXETH15M-26APR271745-45"",""trade_id"":""efd14d22-8184-7682-ef03-469907bf735e"",""yes_price_dollars"":""0.8400""}"
KXETH15M-26APR271745-45,1a33606d-b0d4-7c32-ce09-b7b54ba47702,1777325738,0.84,1.8,no,"{""count_fp"":""1.80"",""created_time"":""2026-04-27T21:35:38.229714Z"",""no_price_dollars"":""0.1600"",""taker_side"":""no"",""ticker"":""KXETH15M-26APR271745-45"",""trade_id"":""1a33606d-b0d4-7c32-ce09-b7b54ba47702"",""yes_price_dollars"":""0.8400""}"
KXETH15M-26APR271745-45,c2edeba7-44e8-5912-5867-4b8d0ae76de0,1777325740,0.85,1.0,yes,"{""count_fp"":""1.00"",""created_time"":""2026-04-27T21:35:40.311988Z"",""no_price_dollars"":""0.1500"",""taker_side"":""yes"",""ticker"":""KXETH15M-26APR271745-45"",""trade_id"":""c2edeba7-44e8-5912-5867-4b8d0ae76de0"",""yes_price_dollars"":""0.8500""}"
KXETH15M-26APR271745-45,6332ffaf-b594-6dc2-e93a-36dc3a16ac44,1777325741,0.85,11.64,yes,"{""count_fp"":""11.64"",""created_time"":""2026-04-27T21:35:41.907324Z"",""no_price_dollars"":""0.1500"",""taker_side"":""yes"",""ticker"":""KXETH15M-26APR271745-45"",""trade_id"":""6332ffaf-b594-6dc2-e93a-36dc3a16ac44"",""yes_price_dollars"":""0.8500""}"
KXETH15M-26APR271745-45,1635c74f-c730-575e-5c2e-f939d6216a64,1777325746,0.85,17.46,yes,"{""count_fp"":""17.46"",""created_time"":""2026-04-27T21:35:46.892624Z"",""no_price_dollars"":""0.1500"",""taker_side"":""yes"",""ticker"":""KXETH15M-26APR271745-45"",""trade_id"":""1635c74f-c730-575e-5c2e-f939d6216a64"",""yes_price_dollars"":""0.8500""}"
KXETH15M-26APR271745-45,4fd24518-7d26-67d1-169c-5052c010c84a,1777325754,0.85,2.27,yes,"{""count_fp"":""2.27"",""created_time"":""2026-04-27T21:35:54.109878Z"",""no_price_dollars"":""0.1500"",""taker_side"":""yes"",""ticker"":""KXETH15M-26APR271745-45"",""trade_id"":""4fd24518-7d26-67d1-169c-5052c010c84a"",""yes_price_dollars"":""0.8500""}"
KXETH15M-26APR271745-45,1ac661a0-7f80-6ffa-253d-aeedcf2017e8,1777325754,0.85,65.73,yes,"{""count_fp"":""65.73"",""created_time"":""2026-04-27T21:35:54.109878Z"",""no_price_dollars"":""0.1500"",""taker_side"":""yes"",""ticker"":""KXETH15M-26APR271745-45"",""trade_id"":""1ac661a0-7f80-6ffa-253d-aeedcf2017e8"",""yes_price_dollars"":""0.8500""}"
KXETH15M-26APR271745-45,fc30f918-1a34-77d1-3ae9-43ffa7de62bf,1777325755,0.87,24.27,yes,"{""count_fp"":""24.27"",""created_time"":""2026-04-27T21:35:55.087167Z"",""no_price_dollars"":""0.1300"",""taker_side"":""yes"",""ticker"":""KXETH15M-26APR271745-45"",""trade_id"":""fc30f918-1a34-77d1-3ae9-43ffa7de62bf"",""yes_price_dollars"":""0.8700""}"
KXETH15M-26APR271745-45,98dfa859-d54a-70c1-0d7f-5b59bc2ce9ee,1777325755,0.85,7.73,yes,"{""count_fp"":""7.73"",""created_time"":""2026-04-27T21:35:55.087167Z"",""no_price_dollars"":""0.1500"",""taker_side"":""yes"",""ticker"":""KXETH15M-26APR271745-45"",""trade_id"":""98dfa859-d54a-70c1-0d7f-5b59bc2ce9ee"",""yes_price_dollars"":""0.8500""}"
KXETH15M-26APR271745-45,851daa75-e2c6-78dd-0e52-d3ce2dacdc8d,1777325755,0.87,10.0,yes,"{""count_fp"":""10.00"",""created_time"":""2026-04-27T21:35:55.087167Z"",""no_price_dollars"":""0.1300"",""taker_side"":""yes"",""ticker"":""KXETH15M-26APR271745-45"",""trade_id"":""851daa75-e2c6-78dd-0e52-d3ce2dacdc8d"",""yes_price_dollars"":""0.8700""}"
KXETH15M-26APR271745-45,72b8a175-ee3a-7a71-1504-23de8e13141b,1777325755,0.87,2.0,yes,"{""count_fp"":""2.00"",""created_time"":""2026-04-27T21:35:55.087167Z"",""no_price_dollars"":""0.1300"",""taker_side"":""yes"",""ticker"":""KXETH15M-26APR271745-45"",""trade_id"":""72b8a175-ee3a-7a71-1504-23de8e13141b"",""yes_price_dollars"":""0.8700""}"
KXETH15M-26APR271745-45,2c8bb709-3757-7bfe-040f-d588e1ad2adf,1777325755,0.87,12.0,yes,"{""count_fp"":""12.00"",""created_time"":""2026-04-27T21:35:55.087167Z"",""no_price_dollars"":""0.1300"",""taker_side"":""yes"",""ticker"":""KXETH15M-26APR271745-45"",""trade_id"":""2c8bb709-3757-7bfe-040f-d588e1ad2adf"",""yes_price_dollars"":""0.8700""}"
KXETH15M-26APR271745-45,40b4f17d-910d-5ec7-271f-8085f56d6a4d,1777325759,0.87,1.0,yes,"{""count_fp"":""1.00"",""created_time"":""2026-04-27T21:35:59.168129Z"",""no_price_dollars"":""0.1300"",""taker_side"":""yes"",""ticker"":""KXETH15M-26APR271745-45"",""trade_id"":""40b4f17d-910d-5ec7-271f-8085f56d6a4d"",""yes_price_dollars"":""0.8700""}"
KXETH15M-26APR271745-45,0c82d9f1-70c7-4a24-f41d-0c747f18e842,1777325761,0.84,20.0,no,"{""count_fp"":""20.00"",""created_time"":""2026-04-27T21:36:01.116227Z"",""no_price_dollars"":""0.1600"",""taker_side"":""no"",""ticker"":""KXETH15M-26APR271745-45"",""trade_id"":""0c82d9f1-70c7-4a24-f41d-0c747f18e842"",""yes_price_dollars"":""0.8400""}"
KXETH15M-26APR271745-45,aacd3385-c3fe-78f4-31a4-76be8eb01704,1777325762,0.87,1.0,yes,"{""count_fp"":""1.00"",""created_time"":""2026-04-27T21:36:02.296324Z"",""no_price_dollars"":""0.1300"",""taker_side"":""yes"",""ticker"":""KXETH15M-26APR271745-45"",""trade_id"":""aacd3385-c3fe-78f4-31a4-76be8eb01704"",""yes_price_dollars"":""0.8700""}"
KXETH15M-26APR271745-45,92fc6fe6-24dd-793b-20ad-2d08202a30dc,1777325762,0.87,1.0,yes,"{""count_fp"":""1.00"",""created_time"":""2026-04-27T21:36:02.296324Z"",""no_price_dollars"":""0.1300"",""taker_side"":""yes"",""ticker"":""KXETH15M-26APR271745-45"",""trade_id"":""92fc6fe6-24dd-793b-20ad-2d08202a30dc"",""yes_price_dollars"":""0.8700""}"
KXETH15M-26APR271745-45,f50280fe-565f-7f74-3a8b-cab201856d66,1777325763,0.85,2.0,no,"{""count_fp"":""2.00"",""created_time"":""2026-04-27T21:36:03.236999Z"",""no_price_dollars"":""0.1500"",""taker_side"":""no"",""ticker"":""KXETH15M-26APR271745-45"",""trade_id"":""f50280fe-565f-7f74-3a8b-cab201856d66"",""yes_price_dollars"":""0.8500""}"
KXETH15M-26APR271745-45,a799782c-64c4-7279-32c3-e83e74ef328d,1777325763,0.85,1.0,no,"{""count_fp"":""1.00"",""created_time"":""2026-04-27T21:36:03.236999Z"",""no_price_dollars"":""0.1500"",""taker_side"":""no"",""ticker"":""KXETH15M-26APR271745-45"",""trade_id"":""a799782c-64c4-7279-32c3-e83e74ef328d"",""yes_price_dollars"":""0.8500""}"
KXETH15M-26APR271745-45,bea735f0-5776-4396-7218-b0bc9762a716,1777325763,0.88,1.0,yes,"{""count_fp"":""1.00"",""created_time"":""2026-04-27T21:36:03.158681Z"",""no_price_dollars"":""0.1200"",""taker_side"":""yes"",""ticker"":""KXETH15M-26APR271745-45"",""trade_id"":""bea735f0-5776-4396-7218-b0bc9762a716"",""yes_price_dollars"":""0.8800""}"
KXETH15M-26APR271745-45,456f9ef8-ab41-5f55-ef5d-3e0c7d82a92f,1777325764,0.88,0.22,yes,"{""count_fp"":""0.22"",""created_time"":""2026-04-27T21:36:04.619952Z"",""no_price_dollars"":""0.1200"",""taker_side"":""yes"",""ticker"":""KXETH15M-26APR271745-45"",""trade_id"":""456f9ef8-ab41-5f55-ef5d-3e0c7d82a92f"",""yes_price_dollars"":""0.8800""}"
KXETH15M-26APR271745-45,aeea6b43-db31-5a87-3a58-8d8d88fa6233,1777325768,0.86,5.0,no,"{""count_fp"":""5.00"",""created_time"":""2026-04-27T21:36:08.792916Z"",""no_price_dollars"":""0.1400"",""taker_side"":""no"",""ticker"":""KXETH15M-26APR271745-45"",""trade_id"":""aeea6b43-db31-5a87-3a58-8d8d88fa6233"",""yes_price_dollars"":""0.8600""}"
KXETH15M-26APR271745-45,60a6632c-0e97-566a-21e3-bddc9de34e1c,1777325768,0.88,1.0,no,"{""count_fp"":""1.00"",""created_time"":""2026-04-27T21:36:08.792916Z"",""no_price_dollars"":""0.1200"",""taker_side"":""no"",""ticker"":""KXETH15M-26APR271745-45"",""trade_id"":""60a6632c-0e97-566a-21e3-bddc9de34e1c"",""yes_price_dollars"":""0.8800""}"
KXETH15M-26APR271745-45,4a2d0a66-1e9c-5f62-05f2-ac7e0056a83e,1777325768,0.86,16.2,no,"{""count_fp"":""16.20"",""created_time"":""2026-04-27T21:36:08.792916Z"",""no_price_dollars"":""0.1400"",""taker_side"":""no"",""ticker"":""KXETH15M-26APR271745-45"",""trade_id"":""4a2d0a66-1e9c-5f62-05f2-ac7e0056a83e"",""yes_price_dollars"":""0.8600""}"
KXETH15M-26APR271745-45,228d8045-b9cd-597f-0c03-ca85106e9e47,1777325768,0.86,10.0,no,"{""count_fp"":""10.00"",""created_time"":""2026-04-27T21:36:08.792916Z"",""no_price_dollars"":""0.1400"",""taker_side"":""no"",""ticker"":""KXETH15M-26APR271745-45"",""trade_id"":""228d8045-b9cd-597f-0c03-ca85106e9e47"",""yes_price_dollars"":""0.8600""}"
KXETH15M-26APR271745-45,aad31725-3147-4125-8da8-779c032c9f5f,1777325771,0.87,1.0,no,"{""count_fp"":""1.00"",""created_time"":""2026-04-27T21:36:11.535888Z"",""no_price_dollars"":""0.1300"",""taker_side"":""no"",""ticker"":""KXETH15M-26APR271745-45"",""trade_id"":""aad31725-3147-4125-8da8-779c032c9f5f"",""yes_price_dollars"":""0.8700""}"
KXETH15M-26APR271745-45,9ab192b9-ce28-4bea-9921-e7c8762da7ee,1777325771,0.86,5.0,no,"{""count_fp"":""5.00"",""created_time"":""2026-04-27T21:36:11.535888Z"",""no_price_dollars"":""0.1400"",""taker_side"":""no"",""ticker"":""KXETH15M-26APR271745-45"",""trade_id"":""9ab192b9-ce28-4bea-9921-e7c8762da7ee"",""yes_price_dollars"":""0.8600""}"
KXETH15M-26APR271745-45,f738ef56-157d-489b-f967-c5d9c505bc1b,1777325773,0.9,1.0,yes,"{""count_fp"":""1.00"",""created_time"":""2026-04-27T21:36:13.096949Z"",""no_price_dollars"":""0.1000"",""taker_side"":""yes"",""ticker"":""KXETH15M-26APR271745-45"",""trade_id"":""f738ef56-157d-489b-f967-c5d9c505bc1b"",""yes_price_dollars"":""0.9000""}"
KXETH15M-26APR271745-45,f2c1e562-3976-4ac3-dfef-9925736e7fa1,1777325773,0.88,11.72,yes,"{""count_fp"":""11.72"",""created_time"":""2026-04-27T21:36:13.096949Z"",""no_price_dollars"":""0.1200"",""taker_side"":""yes"",""ticker"":""KXETH15M-26APR271745-45"",""trade_id"":""f2c1e562-3976-4ac3-dfef-9925736e7fa1"",""yes_price_dollars"":""0.8800""}"
KXETH15M-26APR271745-45,c9407855-0fd6-4321-ec27-f828dddd3f23,1777325773,0.89,5.0,yes,"{""count_fp"":""5.00"",""created_time"":""2026-04-27T21:36:13.096949Z"",""no_price_dollars"":""0.1100"",""taker_side"":""yes"",""ticker"":""KXETH15M-26APR271745-45"",""trade_id"":""c9407855-0fd6-4321-ec27-f828dddd3f23"",""yes_price_dollars"":""0.8900""}"
KXETH15M-26APR271745-45,7b420977-1e1f-4cff-eaf1-78fa7ad06bde,1777325773,0.89,38.0,yes,"{""count_fp"":""38.00"",""created_time"":""2026-04-27T21:36:13.096949Z"",""no_price_dollars"":""0.1100"",""taker_side"":""yes"",""ticker"":""KXETH15M-26APR271745-45"",""trade_id"":""7b420977-1e1f-4cff-eaf1-78fa7ad06bde"",""yes_price_dollars"":""0.8900""}"
KXETH15M-26APR271745-45,463e6e7d-d37c-4afd-ebe0-6b6f17043292,1777325773,0.9,0.28,yes,"{""count_fp"":""0.28"",""created_time"":""2026-04-27T21:36:13.096949Z"",""no_price_dollars"":""0.1000"",""taker_side"":""yes"",""ticker"":""KXETH15M-26APR271745-45"",""trade_id"":""463e6e7d-d37c-4afd-ebe0-6b6f17043292"",""yes_price_dollars"":""0.9000""}"
KXETH15M-26APR271745-45,3ada608f-ed24-43d1-ee41-d8f21c5b6230,1777325773,0.89,10.0,yes,"{""count_fp"":""10.00"",""created_time"":""2026-04-27T21:36:13.096949Z"",""no_price_dollars"":""0.1100"",""taker_side"":""yes"",""ticker"":""KXETH15M-26APR271745-45"",""trade_id"":""3ada608f-ed24-43d1-ee41-d8f21c5b6230"",""yes_price_dollars"":""0.8900""}"
KXETH15M-26APR271745-45,327c4d18-5433-4d2c-d851-5939dd3d0a89,1777325773,0.9,19.0,yes,"{""count_fp"":""19.00"",""created_time"":""2026-04-27T21:36:13.096949Z"",""no_price_dollars"":""0.1000"",""taker_side"":""yes"",""ticker"":""KXETH15M-26APR271745-45"",""trade_id"":""327c4d18-5433-4d2c-d851-5939dd3d0a89"",""yes_price_dollars"":""0.9000""}"
KXETH15M-26APR271745-45,23f28880-a26c-4d92-d8cc-9d85a3006150,1777325773,0.89,5.0,yes,"{""count_fp"":""5.00"",""created_time"":""2026-04-27T21:36:13.096949Z"",""no_price_dollars"":""0.1100"",""taker_side"":""yes"",""ticker"":""KXETH15M-26APR271745-45"",""trade_id"":""23f28880-a26c-4d92-d8cc-9d85a3006150"",""yes_price_dollars"":""0.8900""}"
KXETH15M-26APR271745-45,52f3e52a-ec9c-763e-609b-ee4204ad2fbf,1777325776,0.89,1.0,yes,"{""count_fp"":""1.00"",""created_time"":""2026-04-27T21:36:16.650727Z"",""no_price_dollars"":""0.1100"",""taker_side"":""yes"",""ticker"":""KXETH15M-26APR271745-45"",""trade_id"":""52f3e52a-ec9c-763e-609b-ee4204ad2fbf"",""yes_price_dollars"":""0.8900""}"
KXETH15M-26APR271745-45,ecf0f642-0293-75b3-c78e-9b386d6fa012,1777325777,0.88,1.0,no,"{""count_fp"":""1.00"",""created_time"":""2026-04-27T21:36:17.411198Z"",""no_price_dollars"":""0.1200"",""taker_side"":""no"",""ticker"":""KXETH15M-26APR271745-45"",""trade_id"":""ecf0f642-0293-75b3-c78e-9b386d6fa012"",""yes_price_dollars"":""0.8800""}"
KXETH15M-26APR271745-45,8113fe1b-59dc-71f2-dab5-4a41b04baaae,1777325777,0.86,22.67,no,"{""count_fp"":""22.67"",""created_time"":""2026-04-27T21:36:17.411198Z"",""no_price_dollars"":""0.1400"",""taker_side"":""no"",""ticker"":""KXETH15M-26APR271745-45"",""trade_id"":""8113fe1b-59dc-71f2-dab5-4a41b04baaae"",""yes_price_dollars"":""0.8600""}"
KXETH15M-26APR271745-45,17f71457-3273-7f77-caee-0b2dc109f42c,1777325777,0.88,1.0,no,"{""count_fp"":""1.00"",""created_time"":""2026-04-27T21:36:17.411198Z"",""no_price_dollars"":""0.1200"",""taker_side"":""no"",""ticker"":""KXETH15M-26APR271745-45"",""trade_id"":""17f71457-3273-7f77-caee-0b2dc109f42c"",""yes_price_dollars"":""0.8800""}"
KXETH15M-26APR271745-45,f20c54c1-3e9e-56b8-28c7-42967ad1116d,1777325780,0.87,2.0,no,"{""count_fp"":""2.00"",""created_time"":""2026-04-27T21:36:20.573759Z"",""no_price_dollars"":""0.1300"",""taker_side"":""no"",""ticker"":""KXETH15M-26APR271745-45"",""trade_id"":""f20c54c1-3e9e-56b8-28c7-42967ad1116d"",""yes_price_dollars"":""0.8700""}"
KXETH15M-26APR271745-45,7bceb36a-37f6-52c9-188b-e28d3167a4f7,1777325780,0.87,1.0,no,"{""count_fp"":""1.00"",""created_time"":""2026-04-27T21:36:20.573759Z"",""no_price_dollars"":""0.1300"",""taker_side"":""no"",""ticker"":""KXETH15M-26APR271745-45"",""trade_id"":""7bceb36a-37f6-52c9-188b-e28d3167a4f7"",""yes_price_dollars"":""0.8700""}"
KXETH15M-26APR271745-45,7a1f612e-4ad9-7109-a599-f0d07d1c2db4,1777325780,0.89,3.0,yes,"{""count_fp"":""3.00"",""created_time"":""2026-04-27T21:36:20.440476Z"",""no_price_dollars"":""0.1100"",""taker_side"":""yes"",""ticker"":""KXETH15M-26APR271745-45"",""trade_id"":""7a1f612e-4ad9-7109-a599-f0d07d1c2db4"",""yes_price_dollars"":""0.8900""}"
KXETH15M-26APR271745-45,84d09581-b1a8-7e01-413b-f50ce19642a4,1777325785,0.88,5.0,no,"{""count_fp"":""5.00"",""created_time"":""2026-04-27T21:36:25.051128Z"",""no_price_dollars"":""0.1200"",""taker_side"":""no"",""ticker"":""KXETH15M-26APR271745-45"",""trade_id"":""84d09581-b1a8-7e01-413b-f50ce19642a4"",""yes_price_dollars"":""0.8800""}"
KXETH15M-26APR271745-45,7c3cfdd0-755a-7159-6bf4-342eec715f53,1777325785,0.87,1.0,no,"{""count_fp"":""1.00"",""created_time"":""2026-04-27T21:36:25.051128Z"",""no_price_dollars"":""0.1300"",""taker_side"":""no"",""ticker"":""KXETH15M-26APR271745-45"",""trade_id"":""7c3cfdd0-755a-7159-6bf4-342eec715f53"",""yes_price_dollars"":""0.8700""}"
KXETH15M-26APR271745-45,48713db8-1565-7c48-6a4e-f4e32fb69c83,1777325785,0.87,1.48,no,"{""count_fp"":""1.48"",""created_time"":""2026-04-27T21:36:25.051128Z"",""no_price_dollars"":""0.1300"",""taker_side"":""no"",""ticker"":""KXETH15M-26APR271745-45"",""trade_id"":""48713db8-1565-7c48-6a4e-f4e32fb69c83"",""yes_price_dollars"":""0.8700""}"
KXETH15M-26APR271745-45,fd3286af-a58a-6b6c-69ad-a76b3abcb700,1777325792,0.89,1.0,no,"{""count_fp"":""1.00"",""created_time"":""2026-04-27T21:36:32.977145Z"",""no_price_dollars"":""0.1100"",""taker_side"":""no"",""ticker"":""KXETH15M-26APR271745-45"",""trade_id"":""fd3286af-a58a-6b6c-69ad-a76b3abcb700"",""yes_price_dollars"":""0.8900""}"
