ticker,trade_id,ts,yes_price,count,taker_side,raw_json
KXETH15M-26APR280415-15,d78cd341-9786-7fc6-2560-0c0c9b869b39,1777363212,0.5,1.93,yes,"{""count_fp"":""1.93"",""created_time"":""2026-04-28T08:00:12.859163Z"",""no_price_dollars"":""0.5000"",""taker_side"":""yes"",""ticker"":""KXETH15M-26APR280415-15"",""trade_id"":""d78cd341-9786-7fc6-2560-0c0c9b869b39"",""yes_price_dollars"":""0.5000""}"
KXETH15M-26APR280415-15,71c072e2-b0e0-70ab-6cf4-b986a0240432,1777363213,0.51,10.0,no,"{""count_fp"":""10.00"",""created_time"":""2026-04-28T08:00:13.967546Z"",""no_price_dollars"":""0.4900"",""taker_side"":""no"",""ticker"":""KXETH15M-26APR280415-15"",""trade_id"":""71c072e2-b0e0-70ab-6cf4-b986a0240432"",""yes_price_dollars"":""0.5100""}"
KXETH15M-26APR280415-15,ddc8dfc3-c3ef-40f7-c8e5-b178b5d92c52,1777363213,0.5,8.0,yes,"{""count_fp"":""8.00"",""created_time"":""2026-04-28T08:00:13.028661Z"",""no_price_dollars"":""0.5000"",""taker_side"":""yes"",""ticker"":""KXETH15M-26APR280415-15"",""trade_id"":""ddc8dfc3-c3ef-40f7-c8e5-b178b5d92c52"",""yes_price_dollars"":""0.5000""}"
KXETH15M-26APR280415-15,451e8af6-fbde-4772-eb23-2b94ff363ac5,1777363213,0.5,10.07,yes,"{""count_fp"":""10.07"",""created_time"":""2026-04-28T08:00:13.028661Z"",""no_price_dollars"":""0.5000"",""taker_side"":""yes"",""ticker"":""KXETH15M-26APR280415-15"",""trade_id"":""451e8af6-fbde-4772-eb23-2b94ff363ac5"",""yes_price_dollars"":""0.5000""}"
KXETH15M-26APR280415-15,88e4f9ee-7901-6f46-33b6-6fa960b2dd9e,1777363215,0.5,0.07,no,"{""count_fp"":""0.07"",""created_time"":""2026-04-28T08:00:15.349854Z"",""no_price_dollars"":""0.5000"",""taker_side"":""no"",""ticker"":""KXETH15M-26APR280415-15"",""trade_id"":""88e4f9ee-7901-6f46-33b6-6fa960b2dd9e"",""yes_price_dollars"":""0.5000""}"
KXETH15M-26APR280415-15,5079ca92-9a65-63f6-046b-b56685d7ff97,1777363215,0.5,101.93,no,"{""count_fp"":""101.93"",""created_time"":""2026-04-28T08:00:15.349854Z"",""no_price_dollars"":""0.5000"",""taker_side"":""no"",""ticker"":""KXETH15M-26APR280415-15"",""trade_id"":""5079ca92-9a65-63f6-046b-b56685d7ff97"",""yes_price_dollars"":""0.5000""}"
KXETH15M-26APR280415-15,b303bcc3-99f9-7729-42de-f535d7ec0799,1777363217,0.45,10.0,no,"{""count_fp"":""10.00"",""created_time"":""2026-04-28T08:00:17.315156Z"",""no_price_dollars"":""0.5500"",""taker_side"":""no"",""ticker"":""KXETH15M-26APR280415-15"",""trade_id"":""b303bcc3-99f9-7729-42de-f535d7ec0799"",""yes_price_dollars"":""0.4500""}"
KXETH15M-26APR280415-15,fcfceab1-8785-4859-1e60-cb5f00b3a199,1777363217,0.46,1.0,no,"{""count_fp"":""1.00"",""created_time"":""2026-04-28T08:00:17.297615Z"",""no_price_dollars"":""0.5400"",""taker_side"":""no"",""ticker"":""KXETH15M-26APR280415-15"",""trade_id"":""fcfceab1-8785-4859-1e60-cb5f00b3a199"",""yes_price_dollars"":""0.4600""}"
KXETH15M-26APR280415-15,2e998240-70a5-4aab-0588-486541edc75d,1777363217,0.45,80.0,no,"{""count_fp"":""80.00"",""created_time"":""2026-04-28T08:00:17.297615Z"",""no_price_dollars"":""0.5500"",""taker_side"":""no"",""ticker"":""KXETH15M-26APR280415-15"",""trade_id"":""2e998240-70a5-4aab-0588-486541edc75d"",""yes_price_dollars"":""0.4500""}"
KXETH15M-26APR280415-15,ea488e78-26c4-5507-7c2e-2dbda9deac30,1777363220,0.4,1.0,no,"{""count_fp"":""1.00"",""created_time"":""2026-04-28T08:00:20.663327Z"",""no_price_dollars"":""0.6000"",""taker_side"":""no"",""ticker"":""KXETH15M-26APR280415-15"",""trade_id"":""ea488e78-26c4-5507-7c2e-2dbda9deac30"",""yes_price_dollars"":""0.4000""}"
KXETH15M-26APR280415-15,9da49b85-c797-58c8-54e0-f083d31c5e69,1777363220,0.4,8.0,no,"{""count_fp"":""8.00"",""created_time"":""2026-04-28T08:00:20.663327Z"",""no_price_dollars"":""0.6000"",""taker_side"":""no"",""ticker"":""KXETH15M-26APR280415-15"",""trade_id"":""9da49b85-c797-58c8-54e0-f083d31c5e69"",""yes_price_dollars"":""0.4000""}"
KXETH15M-26APR280415-15,6fb7a625-a4d5-5809-7838-23b48050751f,1777363220,0.4,10.0,no,"{""count_fp"":""10.00"",""created_time"":""2026-04-28T08:00:20.663327Z"",""no_price_dollars"":""0.6000"",""taker_side"":""no"",""ticker"":""KXETH15M-26APR280415-15"",""trade_id"":""6fb7a625-a4d5-5809-7838-23b48050751f"",""yes_price_dollars"":""0.4000""}"
KXETH15M-26APR280415-15,28d55f84-9ad3-5575-fe0d-5d3eb91b129a,1777363222,0.36,1.0,yes,"{""count_fp"":""1.00"",""created_time"":""2026-04-28T08:00:22.685952Z"",""no_price_dollars"":""0.6400"",""taker_side"":""yes"",""ticker"":""KXETH15M-26APR280415-15"",""trade_id"":""28d55f84-9ad3-5575-fe0d-5d3eb91b129a"",""yes_price_dollars"":""0.3600""}"
KXETH15M-26APR280415-15,13719c81-1e85-73b5-b9c5-5d7ed39c7fd7,1777363230,0.37,1.0,no,"{""count_fp"":""1.00"",""created_time"":""2026-04-28T08:00:30.031282Z"",""no_price_dollars"":""0.6300"",""taker_side"":""no"",""ticker"":""KXETH15M-26APR280415-15"",""trade_id"":""13719c81-1e85-73b5-b9c5-5d7ed39c7fd7"",""yes_price_dollars"":""0.3700""}"
KXETH15M-26APR280415-15,cabe54b2-afb7-62d6-24db-7d9657f70ead,1777363254,0.38,1.0,no,"{""count_fp"":""1.00"",""created_time"":""2026-04-28T08:00:54.614456Z"",""no_price_dollars"":""0.6200"",""taker_side"":""no"",""ticker"":""KXETH15M-26APR280415-15"",""trade_id"":""cabe54b2-afb7-62d6-24db-7d9657f70ead"",""yes_price_dollars"":""0.3800""}"
KXETH15M-26APR280415-15,62a3489d-bc41-630e-38bc-8218d4b65e64,1777363254,0.38,2.1,no,"{""count_fp"":""2.10"",""created_time"":""2026-04-28T08:00:54.614456Z"",""no_price_dollars"":""0.6200"",""taker_side"":""no"",""ticker"":""KXETH15M-26APR280415-15"",""trade_id"":""62a3489d-bc41-630e-38bc-8218d4b65e64"",""yes_price_dollars"":""0.3800""}"
KXETH15M-26APR280415-15,21c72197-ef9c-5b02-13e2-804cde79af2c,1777363255,0.39,2.45,yes,"{""count_fp"":""2.45"",""created_time"":""2026-04-28T08:00:55.818907Z"",""no_price_dollars"":""0.6100"",""taker_side"":""yes"",""ticker"":""KXETH15M-26APR280415-15"",""trade_id"":""21c72197-ef9c-5b02-13e2-804cde79af2c"",""yes_price_dollars"":""0.3900""}"
KXETH15M-26APR280415-15,c7b36893-648c-5dc0-c892-9048f066d2ab,1777363261,0.37,1.0,no,"{""count_fp"":""1.00"",""created_time"":""2026-04-28T08:01:01.998843Z"",""no_price_dollars"":""0.6300"",""taker_side"":""no"",""ticker"":""KXETH15M-26APR280415-15"",""trade_id"":""c7b36893-648c-5dc0-c892-9048f066d2ab"",""yes_price_dollars"":""0.3700""}"
KXETH15M-26APR280415-15,f27e8c95-d1b8-4ca6-1f55-161f552c5da4,1777363265,0.39,2.55,yes,"{""count_fp"":""2.55"",""created_time"":""2026-04-28T08:01:05.941411Z"",""no_price_dollars"":""0.6100"",""taker_side"":""yes"",""ticker"":""KXETH15M-26APR280415-15"",""trade_id"":""f27e8c95-d1b8-4ca6-1f55-161f552c5da4"",""yes_price_dollars"":""0.3900""}"
KXETH15M-26APR280415-15,cba21dd0-92b4-47cc-3ac7-46107cd5522d,1777363265,0.39,60.0,yes,"{""count_fp"":""60.00"",""created_time"":""2026-04-28T08:01:05.941411Z"",""no_price_dollars"":""0.6100"",""taker_side"":""yes"",""ticker"":""KXETH15M-26APR280415-15"",""trade_id"":""cba21dd0-92b4-47cc-3ac7-46107cd5522d"",""yes_price_dollars"":""0.3900""}"
KXETH15M-26APR280415-15,be44499a-dc0e-4a49-1306-2f4a9d3b95ca,1777363265,0.4,40.0,yes,"{""count_fp"":""40.00"",""created_time"":""2026-04-28T08:01:05.941411Z"",""no_price_dollars"":""0.6000"",""taker_side"":""yes"",""ticker"":""KXETH15M-26APR280415-15"",""trade_id"":""be44499a-dc0e-4a49-1306-2f4a9d3b95ca"",""yes_price_dollars"":""0.4000""}"
KXETH15M-26APR280415-15,4adea461-8175-495b-310f-6730bb4e4927,1777363265,0.38,20.0,yes,"{""count_fp"":""20.00"",""created_time"":""2026-04-28T08:01:05.941411Z"",""no_price_dollars"":""0.6200"",""taker_side"":""yes"",""ticker"":""KXETH15M-26APR280415-15"",""trade_id"":""4adea461-8175-495b-310f-6730bb4e4927"",""yes_price_dollars"":""0.3800""}"
KXETH15M-26APR280415-15,15953d68-751f-45bc-18b3-603b11f5a88f,1777363265,0.41,72.96,yes,"{""count_fp"":""72.96"",""created_time"":""2026-04-28T08:01:05.941411Z"",""no_price_dollars"":""0.5900"",""taker_side"":""yes"",""ticker"":""KXETH15M-26APR280415-15"",""trade_id"":""15953d68-751f-45bc-18b3-603b11f5a88f"",""yes_price_dollars"":""0.4100""}"
KXETH15M-26APR280415-15,036fc8ca-a1d5-4808-0058-3437ce61d3ab,1777363265,0.4,1.0,yes,"{""count_fp"":""1.00"",""created_time"":""2026-04-28T08:01:05.941411Z"",""no_price_dollars"":""0.6000"",""taker_side"":""yes"",""ticker"":""KXETH15M-26APR280415-15"",""trade_id"":""036fc8ca-a1d5-4808-0058-3437ce61d3ab"",""yes_price_dollars"":""0.4000""}"
KXETH15M-26APR280415-15,7cbba790-ceac-7026-a7e7-cf5816e09a07,1777363267,0.38,1.0,no,"{""count_fp"":""1.00"",""created_time"":""2026-04-28T08:01:07.921258Z"",""no_price_dollars"":""0.6200"",""taker_side"":""no"",""ticker"":""KXETH15M-26APR280415-15"",""trade_id"":""7cbba790-ceac-7026-a7e7-cf5816e09a07"",""yes_price_dollars"":""0.3800""}"
KXETH15M-26APR280415-15,acc21105-0fe4-5d8a-d1b8-c2f6029ea763,1777363267,0.38,1.0,no,"{""count_fp"":""1.00"",""created_time"":""2026-04-28T08:01:07.880207Z"",""no_price_dollars"":""0.6200"",""taker_side"":""no"",""ticker"":""KXETH15M-26APR280415-15"",""trade_id"":""acc21105-0fe4-5d8a-d1b8-c2f6029ea763"",""yes_price_dollars"":""0.3800""}"
KXETH15M-26APR280415-15,8003530b-2e00-6102-e973-5184d2a5487b,1777363272,0.38,1.0,no,"{""count_fp"":""1.00"",""created_time"":""2026-04-28T08:01:12.926664Z"",""no_price_dollars"":""0.6200"",""taker_side"":""no"",""ticker"":""KXETH15M-26APR280415-15"",""trade_id"":""8003530b-2e00-6102-e973-5184d2a5487b"",""yes_price_dollars"":""0.3800""}"
KXETH15M-26APR280415-15,29a87d71-d3bf-6dbf-ffce-cfbf204b6c0e,1777363272,0.38,9.0,no,"{""count_fp"":""9.00"",""created_time"":""2026-04-28T08:01:12.926664Z"",""no_price_dollars"":""0.6200"",""taker_side"":""no"",""ticker"":""KXETH15M-26APR280415-15"",""trade_id"":""29a87d71-d3bf-6dbf-ffce-cfbf204b6c0e"",""yes_price_dollars"":""0.3800""}"
KXETH15M-26APR280415-15,7588dd1e-98d7-6ce9-b023-30ccc6e7b497,1777363276,0.38,1.0,yes,"{""count_fp"":""1.00"",""created_time"":""2026-04-28T08:01:16.561046Z"",""no_price_dollars"":""0.6200"",""taker_side"":""yes"",""ticker"":""KXETH15M-26APR280415-15"",""trade_id"":""7588dd1e-98d7-6ce9-b023-30ccc6e7b497"",""yes_price_dollars"":""0.3800""}"
KXETH15M-26APR280415-15,e09ff645-3254-4e55-8c6b-d94e6797de15,1777363278,0.37,10.63,yes,"{""count_fp"":""10.63"",""created_time"":""2026-04-28T08:01:18.250853Z"",""no_price_dollars"":""0.6300"",""taker_side"":""yes"",""ticker"":""KXETH15M-26APR280415-15"",""trade_id"":""e09ff645-3254-4e55-8c6b-d94e6797de15"",""yes_price_dollars"":""0.3700""}"
KXETH15M-26APR280415-15,afc4e7f8-ac40-4c2d-b433-198ed4f88322,1777363278,0.37,10.0,yes,"{""count_fp"":""10.00"",""created_time"":""2026-04-28T08:01:18.250853Z"",""no_price_dollars"":""0.6300"",""taker_side"":""yes"",""ticker"":""KXETH15M-26APR280415-15"",""trade_id"":""afc4e7f8-ac40-4c2d-b433-198ed4f88322"",""yes_price_dollars"":""0.3700""}"
KXETH15M-26APR280415-15,6f559dec-0323-4b28-ac36-b89a0c5027ae,1777363278,0.37,1.0,yes,"{""count_fp"":""1.00"",""created_time"":""2026-04-28T08:01:18.250853Z"",""no_price_dollars"":""0.6300"",""taker_side"":""yes"",""ticker"":""KXETH15M-26APR280415-15"",""trade_id"":""6f559dec-0323-4b28-ac36-b89a0c5027ae"",""yes_price_dollars"":""0.3700""}"
KXETH15M-26APR280415-15,6c2d99d8-44b6-42de-9479-ad6e8fb51b17,1777363278,0.38,40.37,yes,"{""count_fp"":""40.37"",""created_time"":""2026-04-28T08:01:18.250853Z"",""no_price_dollars"":""0.6200"",""taker_side"":""yes"",""ticker"":""KXETH15M-26APR280415-15"",""trade_id"":""6c2d99d8-44b6-42de-9479-ad6e8fb51b17"",""yes_price_dollars"":""0.3800""}"
KXETH15M-26APR280415-15,751e26fb-40ac-7aff-acff-4e0767adca9b,1777363281,0.34,10.0,no,"{""count_fp"":""10.00"",""created_time"":""2026-04-28T08:01:21.974284Z"",""no_price_dollars"":""0.6600"",""taker_side"":""no"",""ticker"":""KXETH15M-26APR280415-15"",""trade_id"":""751e26fb-40ac-7aff-acff-4e0767adca9b"",""yes_price_dollars"":""0.3400""}"
KXETH15M-26APR280415-15,4cd5c2f7-b1b3-7c3f-bdde-27c2dbf3d37f,1777363281,0.35,33.0,no,"{""count_fp"":""33.00"",""created_time"":""2026-04-28T08:01:21.974284Z"",""no_price_dollars"":""0.6500"",""taker_side"":""no"",""ticker"":""KXETH15M-26APR280415-15"",""trade_id"":""4cd5c2f7-b1b3-7c3f-bdde-27c2dbf3d37f"",""yes_price_dollars"":""0.3500""}"
KXETH15M-26APR280415-15,13ca8f6c-8493-69a7-0f57-c0fe19d2fe2f,1777363281,0.35,12.0,no,"{""count_fp"":""12.00"",""created_time"":""2026-04-28T08:01:21.257949Z"",""no_price_dollars"":""0.6500"",""taker_side"":""no"",""ticker"":""KXETH15M-26APR280415-15"",""trade_id"":""13ca8f6c-8493-69a7-0f57-c0fe19d2fe2f"",""yes_price_dollars"":""0.3500""}"
KXETH15M-26APR280415-15,4224e00e-a18d-5095-3993-664f65c831cf,1777363282,0.31,5.0,no,"{""count_fp"":""5.00"",""created_time"":""2026-04-28T08:01:22.794241Z"",""no_price_dollars"":""0.6900"",""taker_side"":""no"",""ticker"":""KXETH15M-26APR280415-15"",""trade_id"":""4224e00e-a18d-5095-3993-664f65c831cf"",""yes_price_dollars"":""0.3100""}"
KXETH15M-26APR280415-15,d8a9643d-89f2-61e6-eaa8-ad965c71f1f7,1777363285,0.34,1.0,no,"{""count_fp"":""1.00"",""created_time"":""2026-04-28T08:01:25.669882Z"",""no_price_dollars"":""0.6600"",""taker_side"":""no"",""ticker"":""KXETH15M-26APR280415-15"",""trade_id"":""d8a9643d-89f2-61e6-eaa8-ad965c71f1f7"",""yes_price_dollars"":""0.3400""}"
KXETH15M-26APR280415-15,66e691e5-6753-67cb-eba3-046706e2b710,1777363285,0.34,4.0,no,"{""count_fp"":""4.00"",""created_time"":""2026-04-28T08:01:25.669882Z"",""no_price_dollars"":""0.6600"",""taker_side"":""no"",""ticker"":""KXETH15M-26APR280415-15"",""trade_id"":""66e691e5-6753-67cb-eba3-046706e2b710"",""yes_price_dollars"":""0.3400""}"
KXETH15M-26APR280415-15,f4998b93-165b-43c7-6cb0-573bf7f03fa1,1777363287,0.35,1.0,no,"{""count_fp"":""1.00"",""created_time"":""2026-04-28T08:01:27.281929Z"",""no_price_dollars"":""0.6500"",""taker_side"":""no"",""ticker"":""KXETH15M-26APR280415-15"",""trade_id"":""f4998b93-165b-43c7-6cb0-573bf7f03fa1"",""yes_price_dollars"":""0.3500""}"
KXETH15M-26APR280415-15,dbf40de3-648a-7cce-d7f3-0ac6ddd37be8,1777363291,0.39,0.98,yes,"{""count_fp"":""0.98"",""created_time"":""2026-04-28T08:01:31.245706Z"",""no_price_dollars"":""0.6100"",""taker_side"":""yes"",""ticker"":""KXETH15M-26APR280415-15"",""trade_id"":""dbf40de3-648a-7cce-d7f3-0ac6ddd37be8"",""yes_price_dollars"":""0.3900""}"
KXETH15M-26APR280415-15,c55c7efe-025e-5b0a-1999-892b3312577c,1777363291,0.39,10.0,yes,"{""count_fp"":""10.00"",""created_time"":""2026-04-28T08:01:31.242064Z"",""no_price_dollars"":""0.6100"",""taker_side"":""yes"",""ticker"":""KXETH15M-26APR280415-15"",""trade_id"":""c55c7efe-025e-5b0a-1999-892b3312577c"",""yes_price_dollars"":""0.3900""}"
KXETH15M-26APR280415-15,6d137725-6b5c-5f52-09fc-d949e925f9d5,1777363291,0.39,1.0,yes,"{""count_fp"":""1.00"",""created_time"":""2026-04-28T08:01:31.242064Z"",""no_price_dollars"":""0.6100"",""taker_side"":""yes"",""ticker"":""KXETH15M-26APR280415-15"",""trade_id"":""6d137725-6b5c-5f52-09fc-d949e925f9d5"",""yes_price_dollars"":""0.3900""}"
KXETH15M-26APR280415-15,f5ef350a-ae7c-4dff-c409-a0d6d2c4b372,1777363291,0.36,9.0,no,"{""count_fp"":""9.00"",""created_time"":""2026-04-28T08:01:31.207668Z"",""no_price_dollars"":""0.6400"",""taker_side"":""no"",""ticker"":""KXETH15M-26APR280415-15"",""trade_id"":""f5ef350a-ae7c-4dff-c409-a0d6d2c4b372"",""yes_price_dollars"":""0.3600""}"
KXETH15M-26APR280415-15,d3c7bbfa-f3a2-478c-fb22-1c2c50c13d9f,1777363291,0.36,1.0,no,"{""count_fp"":""1.00"",""created_time"":""2026-04-28T08:01:31.207668Z"",""no_price_dollars"":""0.6400"",""taker_side"":""no"",""ticker"":""KXETH15M-26APR280415-15"",""trade_id"":""d3c7bbfa-f3a2-478c-fb22-1c2c50c13d9f"",""yes_price_dollars"":""0.3600""}"
KXETH15M-26APR280415-15,9979e74d-8623-586c-8663-7e0253c47022,1777363293,0.39,1.0,no,"{""count_fp"":""1.00"",""created_time"":""2026-04-28T08:01:33.199142Z"",""no_price_dollars"":""0.6100"",""taker_side"":""no"",""ticker"":""KXETH15M-26APR280415-15"",""trade_id"":""9979e74d-8623-586c-8663-7e0253c47022"",""yes_price_dollars"":""0.3900""}"
KXETH15M-26APR280415-15,2d2b9591-583c-5663-2292-85e14b72f38a,1777363297,0.4,1.0,no,"{""count_fp"":""1.00"",""created_time"":""2026-04-28T08:01:37.760488Z"",""no_price_dollars"":""0.6000"",""taker_side"":""no"",""ticker"":""KXETH15M-26APR280415-15"",""trade_id"":""2d2b9591-583c-5663-2292-85e14b72f38a"",""yes_price_dollars"":""0.4000""}"
KXETH15M-26APR280415-15,ea9c25bb-d0e7-426f-75f4-3d6367f60a09,1777363297,0.4,1.0,yes,"{""count_fp"":""1.00"",""created_time"":""2026-04-28T08:01:37.100915Z"",""no_price_dollars"":""0.6000"",""taker_side"":""yes"",""ticker"":""KXETH15M-26APR280415-15"",""trade_id"":""ea9c25bb-d0e7-426f-75f4-3d6367f60a09"",""yes_price_dollars"":""0.4000""}"
KXETH15M-26APR280415-15,e8918215-be13-44ea-6525-6fe769f13094,1777363297,0.41,2.0,yes,"{""count_fp"":""2.00"",""created_time"":""2026-04-28T08:01:37.100915Z"",""no_price_dollars"":""0.5900"",""taker_side"":""yes"",""ticker"":""KXETH15M-26APR280415-15"",""trade_id"":""e8918215-be13-44ea-6525-6fe769f13094"",""yes_price_dollars"":""0.4100""}"
KXETH15M-26APR280415-15,54f54c6c-868e-4ab0-7e9e-d810a3c44706,1777363297,0.4,1.0,yes,"{""count_fp"":""1.00"",""created_time"":""2026-04-28T08:01:37.100915Z"",""no_price_dollars"":""0.6000"",""taker_side"":""yes"",""ticker"":""KXETH15M-26APR280415-15"",""trade_id"":""54f54c6c-868e-4ab0-7e9e-d810a3c44706"",""yes_price_dollars"":""0.4000""}"
KXETH15M-26APR280415-15,3e7779ae-3c34-46e9-578f-81b4c6c8d421,1777363297,0.41,1.0,yes,"{""count_fp"":""1.00"",""created_time"":""2026-04-28T08:01:37.100915Z"",""no_price_dollars"":""0.5900"",""taker_side"":""yes"",""ticker"":""KXETH15M-26APR280415-15"",""trade_id"":""3e7779ae-3c34-46e9-578f-81b4c6c8d421"",""yes_price_dollars"":""0.4100""}"
KXETH15M-26APR280415-15,191af435-33d0-4026-5b3d-7dc785fac37a,1777363297,0.4,1.0,yes,"{""count_fp"":""1.00"",""created_time"":""2026-04-28T08:01:37.100915Z"",""no_price_dollars"":""0.6000"",""taker_side"":""yes"",""ticker"":""KXETH15M-26APR280415-15"",""trade_id"":""191af435-33d0-4026-5b3d-7dc785fac37a"",""yes_price_dollars"":""0.4000""}"
KXETH15M-26APR280415-15,6760d2f0-c908-5c41-1bad-c22a863bfb47,1777363298,0.43,1.0,yes,"{""count_fp"":""1.00"",""created_time"":""2026-04-28T08:01:38.306098Z"",""no_price_dollars"":""0.5700"",""taker_side"":""yes"",""ticker"":""KXETH15M-26APR280415-15"",""trade_id"":""6760d2f0-c908-5c41-1bad-c22a863bfb47"",""yes_price_dollars"":""0.4300""}"
KXETH15M-26APR280415-15,00731844-0b13-54af-0fbb-f641d7a4a9e0,1777363298,0.42,1.0,yes,"{""count_fp"":""1.00"",""created_time"":""2026-04-28T08:01:38.306098Z"",""no_price_dollars"":""0.5800"",""taker_side"":""yes"",""ticker"":""KXETH15M-26APR280415-15"",""trade_id"":""00731844-0b13-54af-0fbb-f641d7a4a9e0"",""yes_price_dollars"":""0.4200""}"
KXETH15M-26APR280415-15,1e9c0ebd-e62b-58ce-2e69-700bb177d4f9,1777363298,0.41,1.0,yes,"{""count_fp"":""1.00"",""created_time"":""2026-04-28T08:01:38.135813Z"",""no_price_dollars"":""0.5900"",""taker_side"":""yes"",""ticker"":""KXETH15M-26APR280415-15"",""trade_id"":""1e9c0ebd-e62b-58ce-2e69-700bb177d4f9"",""yes_price_dollars"":""0.4100""}"
KXETH15M-26APR280415-15,7fd4d107-52c5-7df6-0232-fac58f063edf,1777363300,0.41,4.0,no,"{""count_fp"":""4.00"",""created_time"":""2026-04-28T08:01:40.330724Z"",""no_price_dollars"":""0.5900"",""taker_side"":""no"",""ticker"":""KXETH15M-26APR280415-15"",""trade_id"":""7fd4d107-52c5-7df6-0232-fac58f063edf"",""yes_price_dollars"":""0.4100""}"
KXETH15M-26APR280415-15,e30d2e00-a3ee-74b0-7738-a55b1874c283,1777363301,0.4,10.0,no,"{""count_fp"":""10.00"",""created_time"":""2026-04-28T08:01:41.820781Z"",""no_price_dollars"":""0.6000"",""taker_side"":""no"",""ticker"":""KXETH15M-26APR280415-15"",""trade_id"":""e30d2e00-a3ee-74b0-7738-a55b1874c283"",""yes_price_dollars"":""0.4000""}"
KXETH15M-26APR280415-15,8634cb59-9e14-6630-c0b9-03a119b1cdc5,1777363302,0.32,17.0,no,"{""count_fp"":""17.00"",""created_time"":""2026-04-28T08:01:42.978111Z"",""no_price_dollars"":""0.6800"",""taker_side"":""no"",""ticker"":""KXETH15M-26APR280415-15"",""trade_id"":""8634cb59-9e14-6630-c0b9-03a119b1cdc5"",""yes_price_dollars"":""0.3200""}"
KXETH15M-26APR280415-15,51abd7e2-8e0c-6855-ed19-b1209a84839e,1777363302,0.33,1.0,no,"{""count_fp"":""1.00"",""created_time"":""2026-04-28T08:01:42.978111Z"",""no_price_dollars"":""0.6700"",""taker_side"":""no"",""ticker"":""KXETH15M-26APR280415-15"",""trade_id"":""51abd7e2-8e0c-6855-ed19-b1209a84839e"",""yes_price_dollars"":""0.3300""}"
KXETH15M-26APR280415-15,e4315c4e-2c08-7d35-c14a-a6f1103e37d7,1777363302,0.36,1.0,no,"{""count_fp"":""1.00"",""created_time"":""2026-04-28T08:01:42.524493Z"",""no_price_dollars"":""0.6400"",""taker_side"":""no"",""ticker"":""KXETH15M-26APR280415-15"",""trade_id"":""e4315c4e-2c08-7d35-c14a-a6f1103e37d7"",""yes_price_dollars"":""0.3600""}"
KXETH15M-26APR280415-15,360bc798-0c07-60d0-9bb3-321bf6a4f4cd,1777363303,0.37,1.0,yes,"{""count_fp"":""1.00"",""created_time"":""2026-04-28T08:01:43.632789Z"",""no_price_dollars"":""0.6300"",""taker_side"":""yes"",""ticker"":""KXETH15M-26APR280415-15"",""trade_id"":""360bc798-0c07-60d0-9bb3-321bf6a4f4cd"",""yes_price_dollars"":""0.3700""}"
KXETH15M-26APR280415-15,195bb937-5667-6980-8413-b8141fbbb6e3,1777363303,0.38,55.17,yes,"{""count_fp"":""55.17"",""created_time"":""2026-04-28T08:01:43.632789Z"",""no_price_dollars"":""0.6200"",""taker_side"":""yes"",""ticker"":""KXETH15M-26APR280415-15"",""trade_id"":""195bb937-5667-6980-8413-b8141fbbb6e3"",""yes_price_dollars"":""0.3800""}"
KXETH15M-26APR280415-15,b63c6824-3081-5ef2-2fea-38a616f6883a,1777363303,0.37,0.45,yes,"{""count_fp"":""0.45"",""created_time"":""2026-04-28T08:01:43.410117Z"",""no_price_dollars"":""0.6300"",""taker_side"":""yes"",""ticker"":""KXETH15M-26APR280415-15"",""trade_id"":""b63c6824-3081-5ef2-2fea-38a616f6883a"",""yes_price_dollars"":""0.3700""}"
KXETH15M-26APR280415-15,96d90b8c-42ad-6141-4b23-8e568a03ae4f,1777363304,0.33,9.0,no,"{""count_fp"":""9.00"",""created_time"":""2026-04-28T08:01:44.186687Z"",""no_price_dollars"":""0.6700"",""taker_side"":""no"",""ticker"":""KXETH15M-26APR280415-15"",""trade_id"":""96d90b8c-42ad-6141-4b23-8e568a03ae4f"",""yes_price_dollars"":""0.3300""}"
KXETH15M-26APR280415-15,5d11af84-6672-6c71-6668-71b40d01a69b,1777363304,0.34,1.0,no,"{""count_fp"":""1.00"",""created_time"":""2026-04-28T08:01:44.186687Z"",""no_price_dollars"":""0.6600"",""taker_side"":""no"",""ticker"":""KXETH15M-26APR280415-15"",""trade_id"":""5d11af84-6672-6c71-6668-71b40d01a69b"",""yes_price_dollars"":""0.3400""}"
KXETH15M-26APR280415-15,7acc61d6-efdb-41c7-eef0-5482a11e6144,1777363306,0.35,4.45,no,"{""count_fp"":""4.45"",""created_time"":""2026-04-28T08:01:46.867787Z"",""no_price_dollars"":""0.6500"",""taker_side"":""no"",""ticker"":""KXETH15M-26APR280415-15"",""trade_id"":""7acc61d6-efdb-41c7-eef0-5482a11e6144"",""yes_price_dollars"":""0.3500""}"
KXETH15M-26APR280415-15,025150c8-357f-7ba7-218f-4fc75b598fbc,1777363306,0.35,1.0,no,"{""count_fp"":""1.00"",""created_time"":""2026-04-28T08:01:46.672722Z"",""no_price_dollars"":""0.6500"",""taker_side"":""no"",""ticker"":""KXETH15M-26APR280415-15"",""trade_id"":""025150c8-357f-7ba7-218f-4fc75b598fbc"",""yes_price_dollars"":""0.3500""}"
KXETH15M-26APR280415-15,e1eebe05-46cc-76f3-86c9-ebefebf53638,1777363310,0.36,2.0,yes,"{""count_fp"":""2.00"",""created_time"":""2026-04-28T08:01:50.127984Z"",""no_price_dollars"":""0.6400"",""taker_side"":""yes"",""ticker"":""KXETH15M-26APR280415-15"",""trade_id"":""e1eebe05-46cc-76f3-86c9-ebefebf53638"",""yes_price_dollars"":""0.3600""}"
KXETH15M-26APR280415-15,10a9a483-9cbf-75e9-a68d-21d9a402e93d,1777363310,0.4,4.0,yes,"{""count_fp"":""4.00"",""created_time"":""2026-04-28T08:01:50.127984Z"",""no_price_dollars"":""0.6000"",""taker_side"":""yes"",""ticker"":""KXETH15M-26APR280415-15"",""trade_id"":""10a9a483-9cbf-75e9-a68d-21d9a402e93d"",""yes_price_dollars"":""0.4000""}"
KXETH15M-26APR280415-15,d3647d52-e8fa-43b8-27e1-189f2d785e64,1777363312,0.35,2.0,no,"{""count_fp"":""2.00"",""created_time"":""2026-04-28T08:01:52.750872Z"",""no_price_dollars"":""0.6500"",""taker_side"":""no"",""ticker"":""KXETH15M-26APR280415-15"",""trade_id"":""d3647d52-e8fa-43b8-27e1-189f2d785e64"",""yes_price_dollars"":""0.3500""}"
KXETH15M-26APR280415-15,b1bc1889-2ce0-4a80-39d9-9efc8f424b0c,1777363312,0.33,8.0,no,"{""count_fp"":""8.00"",""created_time"":""2026-04-28T08:01:52.750872Z"",""no_price_dollars"":""0.6700"",""taker_side"":""no"",""ticker"":""KXETH15M-26APR280415-15"",""trade_id"":""b1bc1889-2ce0-4a80-39d9-9efc8f424b0c"",""yes_price_dollars"":""0.3300""}"
KXETH15M-26APR280415-15,856a211f-0e0c-5057-0752-cee503780539,1777363321,0.34,1.0,no,"{""count_fp"":""1.00"",""created_time"":""2026-04-28T08:02:01.244653Z"",""no_price_dollars"":""0.6600"",""taker_side"":""no"",""ticker"":""KXETH15M-26APR280415-15"",""trade_id"":""856a211f-0e0c-5057-0752-cee503780539"",""yes_price_dollars"":""0.3400""}"
KXETH15M-26APR280415-15,b1ddd016-4a3c-7d57-7fc4-4e059ea37377,1777363323,0.33,8.0,no,"{""count_fp"":""8.00"",""created_time"":""2026-04-28T08:02:03.888531Z"",""no_price_dollars"":""0.6700"",""taker_side"":""no"",""ticker"":""KXETH15M-26APR280415-15"",""trade_id"":""b1ddd016-4a3c-7d57-7fc4-4e059ea37377"",""yes_price_dollars"":""0.3300""}"
KXETH15M-26APR280415-15,6712f787-518c-7485-579c-55520bfbefee,1777363323,0.34,2.0,no,"{""count_fp"":""2.00"",""created_time"":""2026-04-28T08:02:03.888531Z"",""no_price_dollars"":""0.6600"",""taker_side"":""no"",""ticker"":""KXETH15M-26APR280415-15"",""trade_id"":""6712f787-518c-7485-579c-55520bfbefee"",""yes_price_dollars"":""0.3400""}"
KXETH15M-26APR280415-15,7db1597f-bcc4-56b9-ee60-b4eedb3c6b78,1777363324,0.32,20.0,no,"{""count_fp"":""20.00"",""created_time"":""2026-04-28T08:02:04.935942Z"",""no_price_dollars"":""0.6800"",""taker_side"":""no"",""ticker"":""KXETH15M-26APR280415-15"",""trade_id"":""7db1597f-bcc4-56b9-ee60-b4eedb3c6b78"",""yes_price_dollars"":""0.3200""}"
KXETH15M-26APR280415-15,747898f4-4ff8-6e8d-a25a-dc1ce60d4c2c,1777363324,0.32,20.0,no,"{""count_fp"":""20.00"",""created_time"":""2026-04-28T08:02:04.916795Z"",""no_price_dollars"":""0.6800"",""taker_side"":""no"",""ticker"":""KXETH15M-26APR280415-15"",""trade_id"":""747898f4-4ff8-6e8d-a25a-dc1ce60d4c2c"",""yes_price_dollars"":""0.3200""}"
KXETH15M-26APR280415-15,31445a2c-21e8-5803-9955-58bda830ce12,1777363326,0.34,1.0,no,"{""count_fp"":""1.00"",""created_time"":""2026-04-28T08:02:06.198296Z"",""no_price_dollars"":""0.6600"",""taker_side"":""no"",""ticker"":""KXETH15M-26APR280415-15"",""trade_id"":""31445a2c-21e8-5803-9955-58bda830ce12"",""yes_price_dollars"":""0.3400""}"
KXETH15M-26APR280415-15,fdda6e70-eb8b-54fd-b203-6a746fb11013,1777363333,0.35,7.0,yes,"{""count_fp"":""7.00"",""created_time"":""2026-04-28T08:02:13.500392Z"",""no_price_dollars"":""0.6500"",""taker_side"":""yes"",""ticker"":""KXETH15M-26APR280415-15"",""trade_id"":""fdda6e70-eb8b-54fd-b203-6a746fb11013"",""yes_price_dollars"":""0.3500""}"
KXETH15M-26APR280415-15,26226178-2039-42ce-4524-a53f2abe3318,1777363341,0.34,5.0,no,"{""count_fp"":""5.00"",""created_time"":""2026-04-28T08:02:21.443175Z"",""no_price_dollars"":""0.6600"",""taker_side"":""no"",""ticker"":""KXETH15M-26APR280415-15"",""trade_id"":""26226178-2039-42ce-4524-a53f2abe3318"",""yes_price_dollars"":""0.3400""}"
KXETH15M-26APR280415-15,a0ee7130-5b66-7ebe-8d4d-afb84f2d86fe,1777363342,0.32,10.0,no,"{""count_fp"":""10.00"",""created_time"":""2026-04-28T08:02:22.286944Z"",""no_price_dollars"":""0.6800"",""taker_side"":""no"",""ticker"":""KXETH15M-26APR280415-15"",""trade_id"":""a0ee7130-5b66-7ebe-8d4d-afb84f2d86fe"",""yes_price_dollars"":""0.3200""}"
KXETH15M-26APR280415-15,2295d87c-0851-7efe-a6ab-4125878c856c,1777363342,0.34,45.0,no,"{""count_fp"":""45.00"",""created_time"":""2026-04-28T08:02:22.286944Z"",""no_price_dollars"":""0.6600"",""taker_side"":""no"",""ticker"":""KXETH15M-26APR280415-15"",""trade_id"":""2295d87c-0851-7efe-a6ab-4125878c856c"",""yes_price_dollars"":""0.3400""}"
KXETH15M-26APR280415-15,d8a3299f-8725-504a-a8a7-62906788dd78,1777363342,0.34,10.0,no,"{""count_fp"":""10.00"",""created_time"":""2026-04-28T08:02:22.017096Z"",""no_price_dollars"":""0.6600"",""taker_side"":""no"",""ticker"":""KXETH15M-26APR280415-15"",""trade_id"":""d8a3299f-8725-504a-a8a7-62906788dd78"",""yes_price_dollars"":""0.3400""}"
KXETH15M-26APR280415-15,904875cb-3657-69ed-9592-0e88d98b83f2,1777363347,0.3,1.0,no,"{""count_fp"":""1.00"",""created_time"":""2026-04-28T08:02:27.245589Z"",""no_price_dollars"":""0.7000"",""taker_side"":""no"",""ticker"":""KXETH15M-26APR280415-15"",""trade_id"":""904875cb-3657-69ed-9592-0e88d98b83f2"",""yes_price_dollars"":""0.3000""}"
KXETH15M-26APR280415-15,febeb5cb-041e-7558-1e49-d1b41084e619,1777363354,0.32,0.27,no,"{""count_fp"":""0.27"",""created_time"":""2026-04-28T08:02:34.759826Z"",""no_price_dollars"":""0.6800"",""taker_side"":""no"",""ticker"":""KXETH15M-26APR280415-15"",""trade_id"":""febeb5cb-041e-7558-1e49-d1b41084e619"",""yes_price_dollars"":""0.3200""}"
KXETH15M-26APR280415-15,d6b730af-0c2b-5d00-f4ff-26fab07315e4,1777363356,0.28,10.0,no,"{""count_fp"":""10.00"",""created_time"":""2026-04-28T08:02:36.284847Z"",""no_price_dollars"":""0.7200"",""taker_side"":""no"",""ticker"":""KXETH15M-26APR280415-15"",""trade_id"":""d6b730af-0c2b-5d00-f4ff-26fab07315e4"",""yes_price_dollars"":""0.2800""}"
KXETH15M-26APR280415-15,bd74d5a5-1011-5191-e6ed-338311dd67c1,1777363356,0.31,5.0,no,"{""count_fp"":""5.00"",""created_time"":""2026-04-28T08:02:36.284847Z"",""no_price_dollars"":""0.6900"",""taker_side"":""no"",""ticker"":""KXETH15M-26APR280415-15"",""trade_id"":""bd74d5a5-1011-5191-e6ed-338311dd67c1"",""yes_price_dollars"":""0.3100""}"
KXETH15M-26APR280415-15,a919df48-4c25-53b5-c51b-9a1d96d05383,1777363356,0.27,0.27,no,"{""count_fp"":""0.27"",""created_time"":""2026-04-28T08:02:36.284847Z"",""no_price_dollars"":""0.7300"",""taker_side"":""no"",""ticker"":""KXETH15M-26APR280415-15"",""trade_id"":""a919df48-4c25-53b5-c51b-9a1d96d05383"",""yes_price_dollars"":""0.2700""}"
KXETH15M-26APR280415-15,0ae37e7c-90ea-5dac-e8f5-9b9217dd8ca5,1777363356,0.32,2.73,no,"{""count_fp"":""2.73"",""created_time"":""2026-04-28T08:02:36.284847Z"",""no_price_dollars"":""0.6800"",""taker_side"":""no"",""ticker"":""KXETH15M-26APR280415-15"",""trade_id"":""0ae37e7c-90ea-5dac-e8f5-9b9217dd8ca5"",""yes_price_dollars"":""0.3200""}"
KXETH15M-26APR280415-15,8431b077-2996-51ce-ddbe-5be492e24aaf,1777363363,0.33,5.0,yes,"{""count_fp"":""5.00"",""created_time"":""2026-04-28T08:02:43.455048Z"",""no_price_dollars"":""0.6700"",""taker_side"":""yes"",""ticker"":""KXETH15M-26APR280415-15"",""trade_id"":""8431b077-2996-51ce-ddbe-5be492e24aaf"",""yes_price_dollars"":""0.3300""}"
KXETH15M-26APR280415-15,f7dbecd4-ffc8-6d87-989b-e2950f854616,1777363365,0.37,7.19,no,"{""count_fp"":""7.19"",""created_time"":""2026-04-28T08:02:45.192422Z"",""no_price_dollars"":""0.6300"",""taker_side"":""no"",""ticker"":""KXETH15M-26APR280415-15"",""trade_id"":""f7dbecd4-ffc8-6d87-989b-e2950f854616"",""yes_price_dollars"":""0.3700""}"
KXETH15M-26APR280415-15,7d1494e7-eccc-5d23-b2be-35f412e84ad2,1777363366,0.37,1.0,no,"{""count_fp"":""1.00"",""created_time"":""2026-04-28T08:02:46.976653Z"",""no_price_dollars"":""0.6300"",""taker_side"":""no"",""ticker"":""KXETH15M-26APR280415-15"",""trade_id"":""7d1494e7-eccc-5d23-b2be-35f412e84ad2"",""yes_price_dollars"":""0.3700""}"
KXETH15M-26APR280415-15,6e0a3d30-4c93-5071-3c4f-a8e4f44c0709,1777363367,0.4,10.0,yes,"{""count_fp"":""10.00"",""created_time"":""2026-04-28T08:02:47.990818Z"",""no_price_dollars"":""0.6000"",""taker_side"":""yes"",""ticker"":""KXETH15M-26APR280415-15"",""trade_id"":""6e0a3d30-4c93-5071-3c4f-a8e4f44c0709"",""yes_price_dollars"":""0.4000""}"
KXETH15M-26APR280415-15,14f622b2-31d9-5cf0-0985-33cfca49c6fe,1777363367,0.38,2.0,yes,"{""count_fp"":""2.00"",""created_time"":""2026-04-28T08:02:47.990818Z"",""no_price_dollars"":""0.6200"",""taker_side"":""yes"",""ticker"":""KXETH15M-26APR280415-15"",""trade_id"":""14f622b2-31d9-5cf0-0985-33cfca49c6fe"",""yes_price_dollars"":""0.3800""}"
KXETH15M-26APR280415-15,b3f2a3ab-b5ef-665f-1a29-dba91bb72046,1777363369,0.37,0.18,no,"{""count_fp"":""0.18"",""created_time"":""2026-04-28T08:02:49.299059Z"",""no_price_dollars"":""0.6300"",""taker_side"":""no"",""ticker"":""KXETH15M-26APR280415-15"",""trade_id"":""b3f2a3ab-b5ef-665f-1a29-dba91bb72046"",""yes_price_dollars"":""0.3700""}"
KXETH15M-26APR280415-15,81f42a86-cd52-7cbb-d4f9-902779b8b9fb,1777363371,0.41,1.0,yes,"{""count_fp"":""1.00"",""created_time"":""2026-04-28T08:02:51.778206Z"",""no_price_dollars"":""0.5900"",""taker_side"":""yes"",""ticker"":""KXETH15M-26APR280415-15"",""trade_id"":""81f42a86-cd52-7cbb-d4f9-902779b8b9fb"",""yes_price_dollars"":""0.4100""}"
KXETH15M-26APR280415-15,c99e14e8-8d75-487d-0f87-510394fc2cfb,1777363381,0.4,1.0,yes,"{""count_fp"":""1.00"",""created_time"":""2026-04-28T08:03:01.513284Z"",""no_price_dollars"":""0.6000"",""taker_side"":""yes"",""ticker"":""KXETH15M-26APR280415-15"",""trade_id"":""c99e14e8-8d75-487d-0f87-510394fc2cfb"",""yes_price_dollars"":""0.4000""}"
KXETH15M-26APR280415-15,d7fd778c-a112-6e9f-ec6a-f4c34fa47477,1777363384,0.41,1.0,yes,"{""count_fp"":""1.00"",""created_time"":""2026-04-28T08:03:04.577481Z"",""no_price_dollars"":""0.5900"",""taker_side"":""yes"",""ticker"":""KXETH15M-26APR280415-15"",""trade_id"":""d7fd778c-a112-6e9f-ec6a-f4c34fa47477"",""yes_price_dollars"":""0.4100""}"
KXETH15M-26APR280415-15,b794b79e-3c75-6a68-c382-4c93f5d244c5,1777363384,0.41,10.0,yes,"{""count_fp"":""10.00"",""created_time"":""2026-04-28T08:03:04.577481Z"",""no_price_dollars"":""0.5900"",""taker_side"":""yes"",""ticker"":""KXETH15M-26APR280415-15"",""trade_id"":""b794b79e-3c75-6a68-c382-4c93f5d244c5"",""yes_price_dollars"":""0.4100""}"
KXETH15M-26APR280415-15,850f3a17-b497-61cd-e218-1769991d1188,1777363384,0.4,1.0,yes,"{""count_fp"":""1.00"",""created_time"":""2026-04-28T08:03:04.577481Z"",""no_price_dollars"":""0.6000"",""taker_side"":""yes"",""ticker"":""KXETH15M-26APR280415-15"",""trade_id"":""850f3a17-b497-61cd-e218-1769991d1188"",""yes_price_dollars"":""0.4000""}"
KXETH15M-26APR280415-15,7c20f2a5-0dd9-673d-c639-dc0df6d363df,1777363384,0.4,1.0,yes,"{""count_fp"":""1.00"",""created_time"":""2026-04-28T08:03:04.577481Z"",""no_price_dollars"":""0.6000"",""taker_side"":""yes"",""ticker"":""KXETH15M-26APR280415-15"",""trade_id"":""7c20f2a5-0dd9-673d-c639-dc0df6d363df"",""yes_price_dollars"":""0.4000""}"
KXETH15M-26APR280415-15,5e2707ca-e8d7-6dea-d46c-d628c5bdaed3,1777363384,0.42,9.04,yes,"{""count_fp"":""9.04"",""created_time"":""2026-04-28T08:03:04.577481Z"",""no_price_dollars"":""0.5800"",""taker_side"":""yes"",""ticker"":""KXETH15M-26APR280415-15"",""trade_id"":""5e2707ca-e8d7-6dea-d46c-d628c5bdaed3"",""yes_price_dollars"":""0.4200""}"
KXETH15M-26APR280415-15,e1976896-57c3-521a-16d6-5589b09e7b6c,1777363385,0.41,1.0,yes,"{""count_fp"":""1.00"",""created_time"":""2026-04-28T08:03:05.081508Z"",""no_price_dollars"":""0.5900"",""taker_side"":""yes"",""ticker"":""KXETH15M-26APR280415-15"",""trade_id"":""e1976896-57c3-521a-16d6-5589b09e7b6c"",""yes_price_dollars"":""0.4100""}"
KXETH15M-26APR280415-15,81ead4d1-699f-50fc-1b9d-c5b48b3c1a9f,1777363385,0.42,355.71,yes,"{""count_fp"":""355.71"",""created_time"":""2026-04-28T08:03:05.081508Z"",""no_price_dollars"":""0.5800"",""taker_side"":""yes"",""ticker"":""KXETH15M-26APR280415-15"",""trade_id"":""81ead4d1-699f-50fc-1b9d-c5b48b3c1a9f"",""yes_price_dollars"":""0.4200""}"
KXETH15M-26APR280415-15,2cd7fd04-1a6b-5246-065f-858f1fc96147,1777363385,0.42,90.96,yes,"{""count_fp"":""90.96"",""created_time"":""2026-04-28T08:03:05.081508Z"",""no_price_dollars"":""0.5800"",""taker_side"":""yes"",""ticker"":""KXETH15M-26APR280415-15"",""trade_id"":""2cd7fd04-1a6b-5246-065f-858f1fc96147"",""yes_price_dollars"":""0.4200""}"
KXETH15M-26APR280415-15,1826e324-8a46-5f86-bed4-69792d7487c6,1777363389,0.38,10.0,no,"{""count_fp"":""10.00"",""created_time"":""2026-04-28T08:03:09.551581Z"",""no_price_dollars"":""0.6200"",""taker_side"":""no"",""ticker"":""KXETH15M-26APR280415-15"",""trade_id"":""1826e324-8a46-5f86-bed4-69792d7487c6"",""yes_price_dollars"":""0.3800""}"
KXETH15M-26APR280415-15,4a910ae7-52d2-4a4c-8f70-d7fa55f07577,1777363390,0.37,1.0,no,"{""count_fp"":""1.00"",""created_time"":""2026-04-28T08:03:10.216372Z"",""no_price_dollars"":""0.6300"",""taker_side"":""no"",""ticker"":""KXETH15M-26APR280415-15"",""trade_id"":""4a910ae7-52d2-4a4c-8f70-d7fa55f07577"",""yes_price_dollars"":""0.3700""}"
KXETH15M-26APR280415-15,341346ef-fb00-4147-8fa4-cdbfdb3ba76e,1777363390,0.37,10.0,no,"{""count_fp"":""10.00"",""created_time"":""2026-04-28T08:03:10.216372Z"",""no_price_dollars"":""0.6300"",""taker_side"":""no"",""ticker"":""KXETH15M-26APR280415-15"",""trade_id"":""341346ef-fb00-4147-8fa4-cdbfdb3ba76e"",""yes_price_dollars"":""0.3700""}"
KXETH15M-26APR280415-15,c819d3cb-6eb1-43e5-93c8-45f32449387f,1777363404,0.35,10.0,no,"{""count_fp"":""10.00"",""created_time"":""2026-04-28T08:03:24.374501Z"",""no_price_dollars"":""0.6500"",""taker_side"":""no"",""ticker"":""KXETH15M-26APR280415-15"",""trade_id"":""c819d3cb-6eb1-43e5-93c8-45f32449387f"",""yes_price_dollars"":""0.3500""}"
KXETH15M-26APR280415-15,f1e3e26c-c9fe-6544-c4ba-eb48a47dc52b,1777363407,0.39,1.0,yes,"{""count_fp"":""1.00"",""created_time"":""2026-04-28T08:03:27.430248Z"",""no_price_dollars"":""0.6100"",""taker_side"":""yes"",""ticker"":""KXETH15M-26APR280415-15"",""trade_id"":""f1e3e26c-c9fe-6544-c4ba-eb48a47dc52b"",""yes_price_dollars"":""0.3900""}"
KXETH15M-26APR280415-15,6aea0072-f8b1-66dd-c238-0879b2d9e2a6,1777363407,0.39,6.37,yes,"{""count_fp"":""6.37"",""created_time"":""2026-04-28T08:03:27.430248Z"",""no_price_dollars"":""0.6100"",""taker_side"":""yes"",""ticker"":""KXETH15M-26APR280415-15"",""trade_id"":""6aea0072-f8b1-66dd-c238-0879b2d9e2a6"",""yes_price_dollars"":""0.3900""}"
KXETH15M-26APR280415-15,d8e15678-1a3c-7215-cce7-b75f442b0614,1777363408,0.35,4.0,no,"{""count_fp"":""4.00"",""created_time"":""2026-04-28T08:03:28.252524Z"",""no_price_dollars"":""0.6500"",""taker_side"":""no"",""ticker"":""KXETH15M-26APR280415-15"",""trade_id"":""d8e15678-1a3c-7215-cce7-b75f442b0614"",""yes_price_dollars"":""0.3500""}"
KXETH15M-26APR280415-15,2dd5e380-ed14-7483-fa7b-64346649a1eb,1777363408,0.35,1.0,no,"{""count_fp"":""1.00"",""created_time"":""2026-04-28T08:03:28.252524Z"",""no_price_dollars"":""0.6500"",""taker_side"":""no"",""ticker"":""KXETH15M-26APR280415-15"",""trade_id"":""2dd5e380-ed14-7483-fa7b-64346649a1eb"",""yes_price_dollars"":""0.3500""}"
KXETH15M-26APR280415-15,03b600f2-2dc6-6e63-9d7d-920e37335112,1777363410,0.37,10.0,no,"{""count_fp"":""10.00"",""created_time"":""2026-04-28T08:03:30.827261Z"",""no_price_dollars"":""0.6300"",""taker_side"":""no"",""ticker"":""KXETH15M-26APR280415-15"",""trade_id"":""03b600f2-2dc6-6e63-9d7d-920e37335112"",""yes_price_dollars"":""0.3700""}"
KXETH15M-26APR280415-15,d93fde12-ad53-64b7-3453-78ec5d55bd44,1777363412,0.35,9.0,no,"{""count_fp"":""9.00"",""created_time"":""2026-04-28T08:03:32.762206Z"",""no_price_dollars"":""0.6500"",""taker_side"":""no"",""ticker"":""KXETH15M-26APR280415-15"",""trade_id"":""d93fde12-ad53-64b7-3453-78ec5d55bd44"",""yes_price_dollars"":""0.3500""}"
KXETH15M-26APR280415-15,52d06d04-736a-68e5-1492-c777937ea4ad,1777363412,0.35,1.0,no,"{""count_fp"":""1.00"",""created_time"":""2026-04-28T08:03:32.762206Z"",""no_price_dollars"":""0.6500"",""taker_side"":""no"",""ticker"":""KXETH15M-26APR280415-15"",""trade_id"":""52d06d04-736a-68e5-1492-c777937ea4ad"",""yes_price_dollars"":""0.3500""}"
KXETH15M-26APR280415-15,1c1d14fb-e4ca-5fea-d2e1-811495a3554f,1777363415,0.3,9.0,no,"{""count_fp"":""9.00"",""created_time"":""2026-04-28T08:03:35.571529Z"",""no_price_dollars"":""0.7000"",""taker_side"":""no"",""ticker"":""KXETH15M-26APR280415-15"",""trade_id"":""1c1d14fb-e4ca-5fea-d2e1-811495a3554f"",""yes_price_dollars"":""0.3000""}"
KXETH15M-26APR280415-15,6f871efe-77a3-7c6a-2849-fb2ab70d7b53,1777363415,0.34,9.17,no,"{""count_fp"":""9.17"",""created_time"":""2026-04-28T08:03:35.053148Z"",""no_price_dollars"":""0.6600"",""taker_side"":""no"",""ticker"":""KXETH15M-26APR280415-15"",""trade_id"":""6f871efe-77a3-7c6a-2849-fb2ab70d7b53"",""yes_price_dollars"":""0.3400""}"
KXETH15M-26APR280415-15,7fa1a89d-55f4-67b6-6eab-5ad05032ece8,1777363421,0.27,5.0,no,"{""count_fp"":""5.00"",""created_time"":""2026-04-28T08:03:41.997441Z"",""no_price_dollars"":""0.7300"",""taker_side"":""no"",""ticker"":""KXETH15M-26APR280415-15"",""trade_id"":""7fa1a89d-55f4-67b6-6eab-5ad05032ece8"",""yes_price_dollars"":""0.2700""}"
KXETH15M-26APR280415-15,68c70f45-1f6c-5ca6-89d7-982ff32b9e18,1777363421,0.27,1.0,no,"{""count_fp"":""1.00"",""created_time"":""2026-04-28T08:03:41.800545Z"",""no_price_dollars"":""0.7300"",""taker_side"":""no"",""ticker"":""KXETH15M-26APR280415-15"",""trade_id"":""68c70f45-1f6c-5ca6-89d7-982ff32b9e18"",""yes_price_dollars"":""0.2700""}"
KXETH15M-26APR280415-15,6299fac7-4b9a-5eb1-4914-dc25dda99f89,1777363421,0.27,10.0,no,"{""count_fp"":""10.00"",""created_time"":""2026-04-28T08:03:41.187695Z"",""no_price_dollars"":""0.7300"",""taker_side"":""no"",""ticker"":""KXETH15M-26APR280415-15"",""trade_id"":""6299fac7-4b9a-5eb1-4914-dc25dda99f89"",""yes_price_dollars"":""0.2700""}"
KXETH15M-26APR280415-15,ed4b6806-71aa-57c9-26f7-ffbb452d74df,1777363424,0.27,1.0,no,"{""count_fp"":""1.00"",""created_time"":""2026-04-28T08:03:44.540655Z"",""no_price_dollars"":""0.7300"",""taker_side"":""no"",""ticker"":""KXETH15M-26APR280415-15"",""trade_id"":""ed4b6806-71aa-57c9-26f7-ffbb452d74df"",""yes_price_dollars"":""0.2700""}"
KXETH15M-26APR280415-15,648d119d-4d64-5af7-3c4c-039fe7fc9a0a,1777363424,0.27,4.0,no,"{""count_fp"":""4.00"",""created_time"":""2026-04-28T08:03:44.540655Z"",""no_price_dollars"":""0.7300"",""taker_side"":""no"",""ticker"":""KXETH15M-26APR280415-15"",""trade_id"":""648d119d-4d64-5af7-3c4c-039fe7fc9a0a"",""yes_price_dollars"":""0.2700""}"
KXETH15M-26APR280415-15,531cffc5-d84c-5cd6-30f9-257b860b8360,1777363424,0.27,4.0,no,"{""count_fp"":""4.00"",""created_time"":""2026-04-28T08:03:44.540655Z"",""no_price_dollars"":""0.7300"",""taker_side"":""no"",""ticker"":""KXETH15M-26APR280415-15"",""trade_id"":""531cffc5-d84c-5cd6-30f9-257b860b8360"",""yes_price_dollars"":""0.2700""}"
KXETH15M-26APR280415-15,a4afb35a-642c-51c6-60b3-da4cde08e034,1777363424,0.31,1.0,yes,"{""count_fp"":""1.00"",""created_time"":""2026-04-28T08:03:44.499725Z"",""no_price_dollars"":""0.6900"",""taker_side"":""yes"",""ticker"":""KXETH15M-26APR280415-15"",""trade_id"":""a4afb35a-642c-51c6-60b3-da4cde08e034"",""yes_price_dollars"":""0.3100""}"
KXETH15M-26APR280415-15,7e288970-4acf-5acb-7990-5aa8a05bdc7f,1777363424,0.31,8.23,yes,"{""count_fp"":""8.23"",""created_time"":""2026-04-28T08:03:44.499725Z"",""no_price_dollars"":""0.6900"",""taker_side"":""yes"",""ticker"":""KXETH15M-26APR280415-15"",""trade_id"":""7e288970-4acf-5acb-7990-5aa8a05bdc7f"",""yes_price_dollars"":""0.3100""}"
KXETH15M-26APR280415-15,cbed04b9-67c4-5957-31b5-bf0146e4d592,1777363425,0.31,40.0,no,"{""count_fp"":""40.00"",""created_time"":""2026-04-28T08:03:45.912663Z"",""no_price_dollars"":""0.6900"",""taker_side"":""no"",""ticker"":""KXETH15M-26APR280415-15"",""trade_id"":""cbed04b9-67c4-5957-31b5-bf0146e4d592"",""yes_price_dollars"":""0.3100""}"
KXETH15M-26APR280415-15,f9232bbf-d34c-4917-5447-3cfda04f6852,1777363425,0.31,42.0,no,"{""count_fp"":""42.00"",""created_time"":""2026-04-28T08:03:45.757471Z"",""no_price_dollars"":""0.6900"",""taker_side"":""no"",""ticker"":""KXETH15M-26APR280415-15"",""trade_id"":""f9232bbf-d34c-4917-5447-3cfda04f6852"",""yes_price_dollars"":""0.3100""}"
KXETH15M-26APR280415-15,9276b9c7-9034-7dae-2b91-8ed778c1e507,1777363425,0.28,1.0,no,"{""count_fp"":""1.00"",""created_time"":""2026-04-28T08:03:45.200484Z"",""no_price_dollars"":""0.7200"",""taker_side"":""no"",""ticker"":""KXETH15M-26APR280415-15"",""trade_id"":""9276b9c7-9034-7dae-2b91-8ed778c1e507"",""yes_price_dollars"":""0.2800""}"
KXETH15M-26APR280415-15,12da976e-f2d4-7013-2a08-e577c3c2ad44,1777363425,0.28,9.0,no,"{""count_fp"":""9.00"",""created_time"":""2026-04-28T08:03:45.200484Z"",""no_price_dollars"":""0.7200"",""taker_side"":""no"",""ticker"":""KXETH15M-26APR280415-15"",""trade_id"":""12da976e-f2d4-7013-2a08-e577c3c2ad44"",""yes_price_dollars"":""0.2800""}"
KXETH15M-26APR280415-15,e8a64313-6ce8-72bb-33ec-c07ca23f75f6,1777363426,0.31,40.0,no,"{""count_fp"":""40.00"",""created_time"":""2026-04-28T08:03:46.433561Z"",""no_price_dollars"":""0.6900"",""taker_side"":""no"",""ticker"":""KXETH15M-26APR280415-15"",""trade_id"":""e8a64313-6ce8-72bb-33ec-c07ca23f75f6"",""yes_price_dollars"":""0.3100""}"
KXETH15M-26APR280415-15,99863732-65d4-5923-2110-f9637b81daea,1777363426,0.31,42.0,no,"{""count_fp"":""42.00"",""created_time"":""2026-04-28T08:03:46.280905Z"",""no_price_dollars"":""0.6900"",""taker_side"":""no"",""ticker"":""KXETH15M-26APR280415-15"",""trade_id"":""99863732-65d4-5923-2110-f9637b81daea"",""yes_price_dollars"":""0.3100""}"
KXETH15M-26APR280415-15,648e017f-4208-6f03-2389-363d9ea1a01e,1777363426,0.31,75.0,no,"{""count_fp"":""75.00"",""created_time"":""2026-04-28T08:03:46.202863Z"",""no_price_dollars"":""0.6900"",""taker_side"":""no"",""ticker"":""KXETH15M-26APR280415-15"",""trade_id"":""648e017f-4208-6f03-2389-363d9ea1a01e"",""yes_price_dollars"":""0.3100""}"
KXETH15M-26APR280415-15,8862a834-2b80-41d7-1616-e63509274b7b,1777363427,0.29,1.0,no,"{""count_fp"":""1.00"",""created_time"":""2026-04-28T08:03:47.196921Z"",""no_price_dollars"":""0.7100"",""taker_side"":""no"",""ticker"":""KXETH15M-26APR280415-15"",""trade_id"":""8862a834-2b80-41d7-1616-e63509274b7b"",""yes_price_dollars"":""0.2900""}"
KXETH15M-26APR280415-15,f4d0dfd5-c9f5-456d-ef03-50581c8a1f8e,1777363431,0.29,133.0,no,"{""count_fp"":""133.00"",""created_time"":""2026-04-28T08:03:51.122369Z"",""no_price_dollars"":""0.7100"",""taker_side"":""no"",""ticker"":""KXETH15M-26APR280415-15"",""trade_id"":""f4d0dfd5-c9f5-456d-ef03-50581c8a1f8e"",""yes_price_dollars"":""0.2900""}"
KXETH15M-26APR280415-15,f1a650fd-d1c8-481b-ee39-1781017dbcea,1777363431,0.3,550.81,no,"{""count_fp"":""550.81"",""created_time"":""2026-04-28T08:03:51.122369Z"",""no_price_dollars"":""0.7000"",""taker_side"":""no"",""ticker"":""KXETH15M-26APR280415-15"",""trade_id"":""f1a650fd-d1c8-481b-ee39-1781017dbcea"",""yes_price_dollars"":""0.3000""}"
KXETH15M-26APR280415-15,eb6f42b7-a750-420d-d334-36525227ec1c,1777363431,0.3,100.0,no,"{""count_fp"":""100.00"",""created_time"":""2026-04-28T08:03:51.122369Z"",""no_price_dollars"":""0.7000"",""taker_side"":""no"",""ticker"":""KXETH15M-26APR280415-15"",""trade_id"":""eb6f42b7-a750-420d-d334-36525227ec1c"",""yes_price_dollars"":""0.3000""}"
KXETH15M-26APR280415-15,95ff3af6-f468-4b4d-de5c-15f87ee95b01,1777363431,0.22,10.0,no,"{""count_fp"":""10.00"",""created_time"":""2026-04-28T08:03:51.122369Z"",""no_price_dollars"":""0.7800"",""taker_side"":""no"",""ticker"":""KXETH15M-26APR280415-15"",""trade_id"":""95ff3af6-f468-4b4d-de5c-15f87ee95b01"",""yes_price_dollars"":""0.2200""}"
KXETH15M-26APR280415-15,8f900db0-8406-4672-d98d-04ff459883e8,1777363431,0.21,397.39,no,"{""count_fp"":""397.39"",""created_time"":""2026-04-28T08:03:51.122369Z"",""no_price_dollars"":""0.7900"",""taker_side"":""no"",""ticker"":""KXETH15M-26APR280415-15"",""trade_id"":""8f900db0-8406-4672-d98d-04ff459883e8"",""yes_price_dollars"":""0.2100""}"
KXETH15M-26APR280415-15,76f1c6ea-6f18-4454-dd3f-c54daf64fe39,1777363431,0.29,10.0,no,"{""count_fp"":""10.00"",""created_time"":""2026-04-28T08:03:51.122369Z"",""no_price_dollars"":""0.7100"",""taker_side"":""no"",""ticker"":""KXETH15M-26APR280415-15"",""trade_id"":""76f1c6ea-6f18-4454-dd3f-c54daf64fe39"",""yes_price_dollars"":""0.2900""}"
KXETH15M-26APR280415-15,6f0d7491-d79d-45e6-d945-b6679b1f6bff,1777363431,0.23,60.0,no,"{""count_fp"":""60.00"",""created_time"":""2026-04-28T08:03:51.122369Z"",""no_price_dollars"":""0.7700"",""taker_side"":""no"",""ticker"":""KXETH15M-26APR280415-15"",""trade_id"":""6f0d7491-d79d-45e6-d945-b6679b1f6bff"",""yes_price_dollars"":""0.2300""}"
KXETH15M-26APR280415-15,56fcf961-838f-4762-d5ec-b0c2bb5cdcc6,1777363431,0.26,50.0,no,"{""count_fp"":""50.00"",""created_time"":""2026-04-28T08:03:51.122369Z"",""no_price_dollars"":""0.7400"",""taker_side"":""no"",""ticker"":""KXETH15M-26APR280415-15"",""trade_id"":""56fcf961-838f-4762-d5ec-b0c2bb5cdcc6"",""yes_price_dollars"":""0.2600""}"
KXETH15M-26APR280415-15,3dfb07ac-9cf2-48cf-ffc1-82b461aedc4b,1777363431,0.31,10.06,no,"{""count_fp"":""10.06"",""created_time"":""2026-04-28T08:03:51.122369Z"",""no_price_dollars"":""0.6900"",""taker_side"":""no"",""ticker"":""KXETH15M-26APR280415-15"",""trade_id"":""3dfb07ac-9cf2-48cf-ffc1-82b461aedc4b"",""yes_price_dollars"":""0.3100""}"
KXETH15M-26APR280415-15,016ea027-9f1d-40df-ebed-5f547a3d5086,1777363431,0.31,10.0,no,"{""count_fp"":""10.00"",""created_time"":""2026-04-28T08:03:51.122369Z"",""no_price_dollars"":""0.6900"",""taker_side"":""no"",""ticker"":""KXETH15M-26APR280415-15"",""trade_id"":""016ea027-9f1d-40df-ebed-5f547a3d5086"",""yes_price_dollars"":""0.3100""}"
KXETH15M-26APR280415-15,d887b13e-3e42-73df-33ea-0c68d06d9ee7,1777363432,0.31,40.0,no,"{""count_fp"":""40.00"",""created_time"":""2026-04-28T08:03:52.761674Z"",""no_price_dollars"":""0.6900"",""taker_side"":""no"",""ticker"":""KXETH15M-26APR280415-15"",""trade_id"":""d887b13e-3e42-73df-33ea-0c68d06d9ee7"",""yes_price_dollars"":""0.3100""}"
KXETH15M-26APR280415-15,d63e8106-eb6e-54b3-369e-102c6940c907,1777363433,0.31,40.0,no,"{""count_fp"":""40.00"",""created_time"":""2026-04-28T08:03:53.961954Z"",""no_price_dollars"":""0.6900"",""taker_side"":""no"",""ticker"":""KXETH15M-26APR280415-15"",""trade_id"":""d63e8106-eb6e-54b3-369e-102c6940c907"",""yes_price_dollars"":""0.3100""}"
KXETH15M-26APR280415-15,ae8697d7-1209-4260-0626-47479b01f996,1777363433,0.32,10.0,no,"{""count_fp"":""10.00"",""created_time"":""2026-04-28T08:03:53.596743Z"",""no_price_dollars"":""0.6800"",""taker_side"":""no"",""ticker"":""KXETH15M-26APR280415-15"",""trade_id"":""ae8697d7-1209-4260-0626-47479b01f996"",""yes_price_dollars"":""0.3200""}"
KXETH15M-26APR280415-15,9a5bdec4-37a4-4348-297c-33ca695c9b8e,1777363433,0.32,30.0,no,"{""count_fp"":""30.00"",""created_time"":""2026-04-28T08:03:53.596743Z"",""no_price_dollars"":""0.6800"",""taker_side"":""no"",""ticker"":""KXETH15M-26APR280415-15"",""trade_id"":""9a5bdec4-37a4-4348-297c-33ca695c9b8e"",""yes_price_dollars"":""0.3200""}"
KXETH15M-26APR280415-15,9d653862-dc4e-4c3b-c5a2-53b85dfbc3df,1777363433,0.31,40.0,no,"{""count_fp"":""40.00"",""created_time"":""2026-04-28T08:03:53.284247Z"",""no_price_dollars"":""0.6900"",""taker_side"":""no"",""ticker"":""KXETH15M-26APR280415-15"",""trade_id"":""9d653862-dc4e-4c3b-c5a2-53b85dfbc3df"",""yes_price_dollars"":""0.3100""}"
KXETH15M-26APR280415-15,e82c0406-fa9e-5b13-ba7b-e1a78cafdaf7,1777363433,0.31,40.0,no,"{""count_fp"":""40.00"",""created_time"":""2026-04-28T08:03:53.046098Z"",""no_price_dollars"":""0.6900"",""taker_side"":""no"",""ticker"":""KXETH15M-26APR280415-15"",""trade_id"":""e82c0406-fa9e-5b13-ba7b-e1a78cafdaf7"",""yes_price_dollars"":""0.3100""}"
KXETH15M-26APR280415-15,a545d0c8-f187-7923-b31b-10670692e317,1777363434,0.36,10.0,yes,"{""count_fp"":""10.00"",""created_time"":""2026-04-28T08:03:54.582871Z"",""no_price_dollars"":""0.6400"",""taker_side"":""yes"",""ticker"":""KXETH15M-26APR280415-15"",""trade_id"":""a545d0c8-f187-7923-b31b-10670692e317"",""yes_price_dollars"":""0.3600""}"
KXETH15M-26APR280415-15,67e3589b-1f4a-7257-9405-b9093f002577,1777363434,0.35,9.0,no,"{""count_fp"":""9.00"",""created_time"":""2026-04-28T08:03:54.551321Z"",""no_price_dollars"":""0.6500"",""taker_side"":""no"",""ticker"":""KXETH15M-26APR280415-15"",""trade_id"":""67e3589b-1f4a-7257-9405-b9093f002577"",""yes_price_dollars"":""0.3500""}"
KXETH15M-26APR280415-15,db5c3fed-048e-74f3-16e4-d2473a61efdf,1777363434,0.31,40.0,no,"{""count_fp"":""40.00"",""created_time"":""2026-04-28T08:03:54.001227Z"",""no_price_dollars"":""0.6900"",""taker_side"":""no"",""ticker"":""KXETH15M-26APR280415-15"",""trade_id"":""db5c3fed-048e-74f3-16e4-d2473a61efdf"",""yes_price_dollars"":""0.3100""}"
KXETH15M-26APR280415-15,5f87aced-4118-54af-baa2-a86a0942558f,1777363436,0.38,0.7,no,"{""count_fp"":""0.70"",""created_time"":""2026-04-28T08:03:56.949559Z"",""no_price_dollars"":""0.6200"",""taker_side"":""no"",""ticker"":""KXETH15M-26APR280415-15"",""trade_id"":""5f87aced-4118-54af-baa2-a86a0942558f"",""yes_price_dollars"":""0.3800""}"
KXETH15M-26APR280415-15,e440a4be-8b90-4a43-1ef8-3540c8fff9a3,1777363438,0.38,9.56,no,"{""count_fp"":""9.56"",""created_time"":""2026-04-28T08:03:58.466885Z"",""no_price_dollars"":""0.6200"",""taker_side"":""no"",""ticker"":""KXETH15M-26APR280415-15"",""trade_id"":""e440a4be-8b90-4a43-1ef8-3540c8fff9a3"",""yes_price_dollars"":""0.3800""}"
KXETH15M-26APR280415-15,30261b21-6a4c-4fb0-0cad-3790eda695ea,1777363438,0.38,4.44,no,"{""count_fp"":""4.44"",""created_time"":""2026-04-28T08:03:58.466885Z"",""no_price_dollars"":""0.6200"",""taker_side"":""no"",""ticker"":""KXETH15M-26APR280415-15"",""trade_id"":""30261b21-6a4c-4fb0-0cad-3790eda695ea"",""yes_price_dollars"":""0.3800""}"
KXETH15M-26APR280415-15,9b50b01d-8087-79ee-e093-c6e0c5e456fc,1777363440,0.38,2.0,no,"{""count_fp"":""2.00"",""created_time"":""2026-04-28T08:04:00.435198Z"",""no_price_dollars"":""0.6200"",""taker_side"":""no"",""ticker"":""KXETH15M-26APR280415-15"",""trade_id"":""9b50b01d-8087-79ee-e093-c6e0c5e456fc"",""yes_price_dollars"":""0.3800""}"
KXETH15M-26APR280415-15,f8f6717d-66f7-667c-35de-d9685f73a874,1777363441,0.37,1.0,no,"{""count_fp"":""1.00"",""created_time"":""2026-04-28T08:04:01.433625Z"",""no_price_dollars"":""0.6300"",""taker_side"":""no"",""ticker"":""KXETH15M-26APR280415-15"",""trade_id"":""f8f6717d-66f7-667c-35de-d9685f73a874"",""yes_price_dollars"":""0.3700""}"
KXETH15M-26APR280415-15,22f9c49a-5e98-7603-3764-56e2857cc11e,1777363447,0.33,20.0,no,"{""count_fp"":""20.00"",""created_time"":""2026-04-28T08:04:07.207104Z"",""no_price_dollars"":""0.6700"",""taker_side"":""no"",""ticker"":""KXETH15M-26APR280415-15"",""trade_id"":""22f9c49a-5e98-7603-3764-56e2857cc11e"",""yes_price_dollars"":""0.3300""}"
KXETH15M-26APR280415-15,439f341b-f6fc-52ef-5d24-037ec3d0dc76,1777363447,0.34,10.0,no,"{""count_fp"":""10.00"",""created_time"":""2026-04-28T08:04:07.206386Z"",""no_price_dollars"":""0.6600"",""taker_side"":""no"",""ticker"":""KXETH15M-26APR280415-15"",""trade_id"":""439f341b-f6fc-52ef-5d24-037ec3d0dc76"",""yes_price_dollars"":""0.3400""}"
KXETH15M-26APR280415-15,1b2c807b-9ae8-570b-4b8a-1b8609cc7f82,1777363447,0.33,10.0,no,"{""count_fp"":""10.00"",""created_time"":""2026-04-28T08:04:07.206386Z"",""no_price_dollars"":""0.6700"",""taker_side"":""no"",""ticker"":""KXETH15M-26APR280415-15"",""trade_id"":""1b2c807b-9ae8-570b-4b8a-1b8609cc7f82"",""yes_price_dollars"":""0.3300""}"
KXETH15M-26APR280415-15,d5ddd9fb-b785-6460-bacf-dad01f665c73,1777363449,0.36,15.0,yes,"{""count_fp"":""15.00"",""created_time"":""2026-04-28T08:04:09.677776Z"",""no_price_dollars"":""0.6400"",""taker_side"":""yes"",""ticker"":""KXETH15M-26APR280415-15"",""trade_id"":""d5ddd9fb-b785-6460-bacf-dad01f665c73"",""yes_price_dollars"":""0.3600""}"
KXETH15M-26APR280415-15,40876ce2-a521-648b-ab8d-bc04245f0a8f,1777363449,0.36,10.0,yes,"{""count_fp"":""10.00"",""created_time"":""2026-04-28T08:04:09.677776Z"",""no_price_dollars"":""0.6400"",""taker_side"":""yes"",""ticker"":""KXETH15M-26APR280415-15"",""trade_id"":""40876ce2-a521-648b-ab8d-bc04245f0a8f"",""yes_price_dollars"":""0.3600""}"
KXETH15M-26APR280415-15,fc827ada-6503-4976-48c9-d2f5fe245afd,1777363452,0.35,10.0,no,"{""count_fp"":""10.00"",""created_time"":""2026-04-28T08:04:12.539191Z"",""no_price_dollars"":""0.6500"",""taker_side"":""no"",""ticker"":""KXETH15M-26APR280415-15"",""trade_id"":""fc827ada-6503-4976-48c9-d2f5fe245afd"",""yes_price_dollars"":""0.3500""}"
KXETH15M-26APR280415-15,ca720fa5-3f6c-46bf-649f-5bf551d2a2ba,1777363452,0.35,99.0,no,"{""count_fp"":""99.00"",""created_time"":""2026-04-28T08:04:12.539191Z"",""no_price_dollars"":""0.6500"",""taker_side"":""no"",""ticker"":""KXETH15M-26APR280415-15"",""trade_id"":""ca720fa5-3f6c-46bf-649f-5bf551d2a2ba"",""yes_price_dollars"":""0.3500""}"
KXETH15M-26APR280415-15,59fce07e-805e-445f-c3da-80c45be04fab,1777363453,0.34,9.23,no,"{""count_fp"":""9.23"",""created_time"":""2026-04-28T08:04:13.459825Z"",""no_price_dollars"":""0.6600"",""taker_side"":""no"",""ticker"":""KXETH15M-26APR280415-15"",""trade_id"":""59fce07e-805e-445f-c3da-80c45be04fab"",""yes_price_dollars"":""0.3400""}"
KXETH15M-26APR280415-15,aaedde3d-1e3a-7d9f-8b5e-6a2fbabfee4f,1777363453,0.34,1.0,no,"{""count_fp"":""1.00"",""created_time"":""2026-04-28T08:04:13.455051Z"",""no_price_dollars"":""0.6600"",""taker_side"":""no"",""ticker"":""KXETH15M-26APR280415-15"",""trade_id"":""aaedde3d-1e3a-7d9f-8b5e-6a2fbabfee4f"",""yes_price_dollars"":""0.3400""}"
KXETH15M-26APR280415-15,6af6a15b-eaae-7fc3-7785-dd920a85723b,1777363453,0.34,1.0,no,"{""count_fp"":""1.00"",""created_time"":""2026-04-28T08:04:13.304092Z"",""no_price_dollars"":""0.6600"",""taker_side"":""no"",""ticker"":""KXETH15M-26APR280415-15"",""trade_id"":""6af6a15b-eaae-7fc3-7785-dd920a85723b"",""yes_price_dollars"":""0.3400""}"
KXETH15M-26APR280415-15,255f75b7-bb86-795b-48b7-10323ee321a3,1777363461,0.34,1.0,no,"{""count_fp"":""1.00"",""created_time"":""2026-04-28T08:04:21.198769Z"",""no_price_dollars"":""0.6600"",""taker_side"":""no"",""ticker"":""KXETH15M-26APR280415-15"",""trade_id"":""255f75b7-bb86-795b-48b7-10323ee321a3"",""yes_price_dollars"":""0.3400""}"
KXETH15M-26APR280415-15,9f3e95f0-2627-753b-8cf3-72eee238416a,1777363464,0.38,7.56,yes,"{""count_fp"":""7.56"",""created_time"":""2026-04-28T08:04:24.485735Z"",""no_price_dollars"":""0.6200"",""taker_side"":""yes"",""ticker"":""KXETH15M-26APR280415-15"",""trade_id"":""9f3e95f0-2627-753b-8cf3-72eee238416a"",""yes_price_dollars"":""0.3800""}"
KXETH15M-26APR280415-15,6a0d22b7-d9b8-674e-f611-5dd509133010,1777363472,0.38,10.0,yes,"{""count_fp"":""10.00"",""created_time"":""2026-04-28T08:04:32.279063Z"",""no_price_dollars"":""0.6200"",""taker_side"":""yes"",""ticker"":""KXETH15M-26APR280415-15"",""trade_id"":""6a0d22b7-d9b8-674e-f611-5dd509133010"",""yes_price_dollars"":""0.3800""}"
KXETH15M-26APR280415-15,11a3e990-0365-62b3-d384-e4bc5c4dc9da,1777363472,0.38,13.65,yes,"{""count_fp"":""13.65"",""created_time"":""2026-04-28T08:04:32.279063Z"",""no_price_dollars"":""0.6200"",""taker_side"":""yes"",""ticker"":""KXETH15M-26APR280415-15"",""trade_id"":""11a3e990-0365-62b3-d384-e4bc5c4dc9da"",""yes_price_dollars"":""0.3800""}"
KXETH15M-26APR280415-15,8e18ac21-e7a7-6172-6701-7ab43441d37f,1777363474,0.36,2.0,no,"{""count_fp"":""2.00"",""created_time"":""2026-04-28T08:04:34.047656Z"",""no_price_dollars"":""0.6400"",""taker_side"":""no"",""ticker"":""KXETH15M-26APR280415-15"",""trade_id"":""8e18ac21-e7a7-6172-6701-7ab43441d37f"",""yes_price_dollars"":""0.3600""}"
KXETH15M-26APR280415-15,3200429a-c4c5-508c-76aa-97e79f996ce2,1777363489,0.32,0.7,yes,"{""count_fp"":""0.70"",""created_time"":""2026-04-28T08:04:49.028619Z"",""no_price_dollars"":""0.6800"",""taker_side"":""yes"",""ticker"":""KXETH15M-26APR280415-15"",""trade_id"":""3200429a-c4c5-508c-76aa-97e79f996ce2"",""yes_price_dollars"":""0.3200""}"
KXETH15M-26APR280415-15,a82a7d04-de59-5fa9-e921-5aac1ee4969e,1777363494,0.31,1.0,no,"{""count_fp"":""1.00"",""created_time"":""2026-04-28T08:04:54.198411Z"",""no_price_dollars"":""0.6900"",""taker_side"":""no"",""ticker"":""KXETH15M-26APR280415-15"",""trade_id"":""a82a7d04-de59-5fa9-e921-5aac1ee4969e"",""yes_price_dollars"":""0.3100""}"
KXETH15M-26APR280415-15,d720c13b-4d58-4879-0e6c-626cffa3b907,1777363497,0.28,10.0,no,"{""count_fp"":""10.00"",""created_time"":""2026-04-28T08:04:57.183287Z"",""no_price_dollars"":""0.7200"",""taker_side"":""no"",""ticker"":""KXETH15M-26APR280415-15"",""trade_id"":""d720c13b-4d58-4879-0e6c-626cffa3b907"",""yes_price_dollars"":""0.2800""}"
KXETH15M-26APR280415-15,8ad957b4-6881-5f99-14ec-e296f58ca786,1777363497,0.3,100.0,no,"{""count_fp"":""100.00"",""created_time"":""2026-04-28T08:04:57.119895Z"",""no_price_dollars"":""0.7000"",""taker_side"":""no"",""ticker"":""KXETH15M-26APR280415-15"",""trade_id"":""8ad957b4-6881-5f99-14ec-e296f58ca786"",""yes_price_dollars"":""0.3000""}"
KXETH15M-26APR280415-15,5924113b-8dd5-5d45-2a49-695ad6259fca,1777363497,0.31,10.0,no,"{""count_fp"":""10.00"",""created_time"":""2026-04-28T08:04:57.119895Z"",""no_price_dollars"":""0.6900"",""taker_side"":""no"",""ticker"":""KXETH15M-26APR280415-15"",""trade_id"":""5924113b-8dd5-5d45-2a49-695ad6259fca"",""yes_price_dollars"":""0.3100""}"
KXETH15M-26APR280415-15,95fa8783-6c2b-7b77-420f-09a3d8a14049,1777363499,0.27,1.0,yes,"{""count_fp"":""1.00"",""created_time"":""2026-04-28T08:04:59.854555Z"",""no_price_dollars"":""0.7300"",""taker_side"":""yes"",""ticker"":""KXETH15M-26APR280415-15"",""trade_id"":""95fa8783-6c2b-7b77-420f-09a3d8a14049"",""yes_price_dollars"":""0.2700""}"
KXETH15M-26APR280415-15,2888aca5-a200-722e-45ea-5b9d7d174446,1777363499,0.28,16.0,yes,"{""count_fp"":""16.00"",""created_time"":""2026-04-28T08:04:59.854555Z"",""no_price_dollars"":""0.7200"",""taker_side"":""yes"",""ticker"":""KXETH15M-26APR280415-15"",""trade_id"":""2888aca5-a200-722e-45ea-5b9d7d174446"",""yes_price_dollars"":""0.2800""}"
KXETH15M-26APR280415-15,38a233c9-f724-67d1-f4a9-49b601e06a6c,1777363499,0.27,3.4,yes,"{""count_fp"":""3.40"",""created_time"":""2026-04-28T08:04:59.592751Z"",""no_price_dollars"":""0.7300"",""taker_side"":""yes"",""ticker"":""KXETH15M-26APR280415-15"",""trade_id"":""38a233c9-f724-67d1-f4a9-49b601e06a6c"",""yes_price_dollars"":""0.2700""}"
KXETH15M-26APR280415-15,cc7c9dd1-9616-7b19-a036-ea2419cd28d5,1777363504,0.23,0.89,no,"{""count_fp"":""0.89"",""created_time"":""2026-04-28T08:05:04.835991Z"",""no_price_dollars"":""0.7700"",""taker_side"":""no"",""ticker"":""KXETH15M-26APR280415-15"",""trade_id"":""cc7c9dd1-9616-7b19-a036-ea2419cd28d5"",""yes_price_dollars"":""0.2300""}"
KXETH15M-26APR280415-15,a7b3938e-cb06-54c5-9170-645e11c90471,1777363504,0.23,1.0,no,"{""count_fp"":""1.00"",""created_time"":""2026-04-28T08:05:04.650719Z"",""no_price_dollars"":""0.7700"",""taker_side"":""no"",""ticker"":""KXETH15M-26APR280415-15"",""trade_id"":""a7b3938e-cb06-54c5-9170-645e11c90471"",""yes_price_dollars"":""0.2300""}"
KXETH15M-26APR280415-15,a1c52c26-5056-4fd4-d6cb-07420ea084e4,1777363504,0.23,8.0,no,"{""count_fp"":""8.00"",""created_time"":""2026-04-28T08:05:04.294428Z"",""no_price_dollars"":""0.7700"",""taker_side"":""no"",""ticker"":""KXETH15M-26APR280415-15"",""trade_id"":""a1c52c26-5056-4fd4-d6cb-07420ea084e4"",""yes_price_dollars"":""0.2300""}"
KXETH15M-26APR280415-15,627e4a7c-3f1a-7bdd-0e40-545358f2f651,1777363510,0.23,1.0,no,"{""count_fp"":""1.00"",""created_time"":""2026-04-28T08:05:10.518606Z"",""no_price_dollars"":""0.7700"",""taker_side"":""no"",""ticker"":""KXETH15M-26APR280415-15"",""trade_id"":""627e4a7c-3f1a-7bdd-0e40-545358f2f651"",""yes_price_dollars"":""0.2300""}"
KXETH15M-26APR280415-15,383cafb9-c757-5e9c-0237-fd21ae39abbc,1777363512,0.27,9.0,yes,"{""count_fp"":""9.00"",""created_time"":""2026-04-28T08:05:12.708402Z"",""no_price_dollars"":""0.7300"",""taker_side"":""yes"",""ticker"":""KXETH15M-26APR280415-15"",""trade_id"":""383cafb9-c757-5e9c-0237-fd21ae39abbc"",""yes_price_dollars"":""0.2700""}"
KXETH15M-26APR280415-15,bd6290b7-3b6a-7701-4315-6ca1568c58ac,1777363516,0.29,3.0,yes,"{""count_fp"":""3.00"",""created_time"":""2026-04-28T08:05:16.596079Z"",""no_price_dollars"":""0.7100"",""taker_side"":""yes"",""ticker"":""KXETH15M-26APR280415-15"",""trade_id"":""bd6290b7-3b6a-7701-4315-6ca1568c58ac"",""yes_price_dollars"":""0.2900""}"
KXETH15M-26APR280415-15,e2a0f809-88a5-4af6-f3ab-66c38cb75a09,1777363518,0.34,2.0,yes,"{""count_fp"":""2.00"",""created_time"":""2026-04-28T08:05:18.390431Z"",""no_price_dollars"":""0.6600"",""taker_side"":""yes"",""ticker"":""KXETH15M-26APR280415-15"",""trade_id"":""e2a0f809-88a5-4af6-f3ab-66c38cb75a09"",""yes_price_dollars"":""0.3400""}"
KXETH15M-26APR280415-15,bd3fbe7c-eff6-4b7d-d4a7-73d0e6a76a64,1777363518,0.33,10.0,yes,"{""count_fp"":""10.00"",""created_time"":""2026-04-28T08:05:18.390431Z"",""no_price_dollars"":""0.6700"",""taker_side"":""yes"",""ticker"":""KXETH15M-26APR280415-15"",""trade_id"":""bd3fbe7c-eff6-4b7d-d4a7-73d0e6a76a64"",""yes_price_dollars"":""0.3300""}"
KXETH15M-26APR280415-15,b09444da-9e38-4083-ebf7-d87fb6c619dd,1777363518,0.34,4.0,yes,"{""count_fp"":""4.00"",""created_time"":""2026-04-28T08:05:18.390431Z"",""no_price_dollars"":""0.6600"",""taker_side"":""yes"",""ticker"":""KXETH15M-26APR280415-15"",""trade_id"":""b09444da-9e38-4083-ebf7-d87fb6c619dd"",""yes_price_dollars"":""0.3400""}"
KXETH15M-26APR280415-15,a9f9038c-e046-4174-de15-7590620c2652,1777363518,0.32,1.0,yes,"{""count_fp"":""1.00"",""created_time"":""2026-04-28T08:05:18.390431Z"",""no_price_dollars"":""0.6800"",""taker_side"":""yes"",""ticker"":""KXETH15M-26APR280415-15"",""trade_id"":""a9f9038c-e046-4174-de15-7590620c2652"",""yes_price_dollars"":""0.3200""}"
KXETH15M-26APR280415-15,b73bb98b-2dd1-54f7-0a1d-ac02affbf776,1777363518,0.29,45.35,yes,"{""count_fp"":""45.35"",""created_time"":""2026-04-28T08:05:18.005332Z"",""no_price_dollars"":""0.7100"",""taker_side"":""yes"",""ticker"":""KXETH15M-26APR280415-15"",""trade_id"":""b73bb98b-2dd1-54f7-0a1d-ac02affbf776"",""yes_price_dollars"":""0.2900""}"
KXETH15M-26APR280415-15,02ff41b5-78d0-50bb-3d31-adb317dc2932,1777363518,0.29,9.65,yes,"{""count_fp"":""9.65"",""created_time"":""2026-04-28T08:05:18.005332Z"",""no_price_dollars"":""0.7100"",""taker_side"":""yes"",""ticker"":""KXETH15M-26APR280415-15"",""trade_id"":""02ff41b5-78d0-50bb-3d31-adb317dc2932"",""yes_price_dollars"":""0.2900""}"
KXETH15M-26APR280415-15,2d354fac-daa2-76c5-aecd-bfb161efb64d,1777363521,0.31,22.0,no,"{""count_fp"":""22.00"",""created_time"":""2026-04-28T08:05:21.450143Z"",""no_price_dollars"":""0.6900"",""taker_side"":""no"",""ticker"":""KXETH15M-26APR280415-15"",""trade_id"":""2d354fac-daa2-76c5-aecd-bfb161efb64d"",""yes_price_dollars"":""0.3100""}"
KXETH15M-26APR280415-15,1870b90e-4994-7192-b3c2-acddccfc7b6d,1777363521,0.31,1.0,no,"{""count_fp"":""1.00"",""created_time"":""2026-04-28T08:05:21.450143Z"",""no_price_dollars"":""0.6900"",""taker_side"":""no"",""ticker"":""KXETH15M-26APR280415-15"",""trade_id"":""1870b90e-4994-7192-b3c2-acddccfc7b6d"",""yes_price_dollars"":""0.3100""}"
KXETH15M-26APR280415-15,8b95eb6e-26e6-5977-c5f6-7e6ae8e7a56b,1777363527,0.32,1.0,no,"{""count_fp"":""1.00"",""created_time"":""2026-04-28T08:05:27.198245Z"",""no_price_dollars"":""0.6800"",""taker_side"":""no"",""ticker"":""KXETH15M-26APR280415-15"",""trade_id"":""8b95eb6e-26e6-5977-c5f6-7e6ae8e7a56b"",""yes_price_dollars"":""0.3200""}"
KXETH15M-26APR280415-15,9741cea7-5e29-79b8-6743-4d3042593076,1777363531,0.32,6.0,no,"{""count_fp"":""6.00"",""created_time"":""2026-04-28T08:05:31.620567Z"",""no_price_dollars"":""0.6800"",""taker_side"":""no"",""ticker"":""KXETH15M-26APR280415-15"",""trade_id"":""9741cea7-5e29-79b8-6743-4d3042593076"",""yes_price_dollars"":""0.3200""}"
KXETH15M-26APR280415-15,5d152225-f3ce-6082-4923-088d2c8d67f5,1777363534,0.3,3.37,no,"{""count_fp"":""3.37"",""created_time"":""2026-04-28T08:05:34.086252Z"",""no_price_dollars"":""0.7000"",""taker_side"":""no"",""ticker"":""KXETH15M-26APR280415-15"",""trade_id"":""5d152225-f3ce-6082-4923-088d2c8d67f5"",""yes_price_dollars"":""0.3000""}"
KXETH15M-26APR280415-15,2aa03cc0-20b5-6570-5094-91f8db71ff1e,1777363534,0.32,4.0,no,"{""count_fp"":""4.00"",""created_time"":""2026-04-28T08:05:34.086252Z"",""no_price_dollars"":""0.6800"",""taker_side"":""no"",""ticker"":""KXETH15M-26APR280415-15"",""trade_id"":""2aa03cc0-20b5-6570-5094-91f8db71ff1e"",""yes_price_dollars"":""0.3200""}"
KXETH15M-26APR280415-15,fa904377-42f3-70c7-7a08-aa2113a611fd,1777363542,0.28,1.0,no,"{""count_fp"":""1.00"",""created_time"":""2026-04-28T08:05:42.384969Z"",""no_price_dollars"":""0.7200"",""taker_side"":""no"",""ticker"":""KXETH15M-26APR280415-15"",""trade_id"":""fa904377-42f3-70c7-7a08-aa2113a611fd"",""yes_price_dollars"":""0.2800""}"
KXETH15M-26APR280415-15,5189ada5-3efe-7c01-7237-5bdd3d321bb5,1777363542,0.28,3.08,no,"{""count_fp"":""3.08"",""created_time"":""2026-04-28T08:05:42.384969Z"",""no_price_dollars"":""0.7200"",""taker_side"":""no"",""ticker"":""KXETH15M-26APR280415-15"",""trade_id"":""5189ada5-3efe-7c01-7237-5bdd3d321bb5"",""yes_price_dollars"":""0.2800""}"
KXETH15M-26APR280415-15,4cd3f04f-7607-4610-0181-8d4730791e1f,1777363545,0.25,1.0,no,"{""count_fp"":""1.00"",""created_time"":""2026-04-28T08:05:45.882287Z"",""no_price_dollars"":""0.7500"",""taker_side"":""no"",""ticker"":""KXETH15M-26APR280415-15"",""trade_id"":""4cd3f04f-7607-4610-0181-8d4730791e1f"",""yes_price_dollars"":""0.2500""}"
KXETH15M-26APR280415-15,980678b5-ce66-6611-7ffd-28feefe87869,1777363546,0.25,1.0,no,"{""count_fp"":""1.00"",""created_time"":""2026-04-28T08:05:46.881897Z"",""no_price_dollars"":""0.7500"",""taker_side"":""no"",""ticker"":""KXETH15M-26APR280415-15"",""trade_id"":""980678b5-ce66-6611-7ffd-28feefe87869"",""yes_price_dollars"":""0.2500""}"
KXETH15M-26APR280415-15,faec8846-1f21-67e0-f5a0-ee4c4057cc6f,1777363556,0.27,1.0,yes,"{""count_fp"":""1.00"",""created_time"":""2026-04-28T08:05:56.193375Z"",""no_price_dollars"":""0.7300"",""taker_side"":""yes"",""ticker"":""KXETH15M-26APR280415-15"",""trade_id"":""faec8846-1f21-67e0-f5a0-ee4c4057cc6f"",""yes_price_dollars"":""0.2700""}"
KXETH15M-26APR280415-15,be463d4f-fa98-60b3-c64f-64d8609a1bf6,1777363556,0.27,1.0,yes,"{""count_fp"":""1.00"",""created_time"":""2026-04-28T08:05:56.193375Z"",""no_price_dollars"":""0.7300"",""taker_side"":""yes"",""ticker"":""KXETH15M-26APR280415-15"",""trade_id"":""be463d4f-fa98-60b3-c64f-64d8609a1bf6"",""yes_price_dollars"":""0.2700""}"
KXETH15M-26APR280415-15,6fc9a639-a5cd-6ecb-fb0a-562dbd97c64e,1777363556,0.28,0.46,yes,"{""count_fp"":""0.46"",""created_time"":""2026-04-28T08:05:56.193375Z"",""no_price_dollars"":""0.7200"",""taker_side"":""yes"",""ticker"":""KXETH15M-26APR280415-15"",""trade_id"":""6fc9a639-a5cd-6ecb-fb0a-562dbd97c64e"",""yes_price_dollars"":""0.2800""}"
KXETH15M-26APR280415-15,1b6a8169-4c07-6a21-c0da-1eada06c8d8d,1777363556,0.28,1.0,yes,"{""count_fp"":""1.00"",""created_time"":""2026-04-28T08:05:56.193375Z"",""no_price_dollars"":""0.7200"",""taker_side"":""yes"",""ticker"":""KXETH15M-26APR280415-15"",""trade_id"":""1b6a8169-4c07-6a21-c0da-1eada06c8d8d"",""yes_price_dollars"":""0.2800""}"
KXETH15M-26APR280415-15,483646b0-7bf7-4eda-481e-f7808bcf7e24,1777363561,0.27,1.0,no,"{""count_fp"":""1.00"",""created_time"":""2026-04-28T08:06:01.197393Z"",""no_price_dollars"":""0.7300"",""taker_side"":""no"",""ticker"":""KXETH15M-26APR280415-15"",""trade_id"":""483646b0-7bf7-4eda-481e-f7808bcf7e24"",""yes_price_dollars"":""0.2700""}"
KXETH15M-26APR280415-15,e08a3603-56b8-66de-b2b3-1570f91c35f6,1777363571,0.27,117.46,yes,"{""count_fp"":""117.46"",""created_time"":""2026-04-28T08:06:11.597425Z"",""no_price_dollars"":""0.7300"",""taker_side"":""yes"",""ticker"":""KXETH15M-26APR280415-15"",""trade_id"":""e08a3603-56b8-66de-b2b3-1570f91c35f6"",""yes_price_dollars"":""0.2700""}"
KXETH15M-26APR280415-15,9163932c-4b99-67b5-8e78-ac15dc592883,1777363571,0.26,12.48,yes,"{""count_fp"":""12.48"",""created_time"":""2026-04-28T08:06:11.597425Z"",""no_price_dollars"":""0.7400"",""taker_side"":""yes"",""ticker"":""KXETH15M-26APR280415-15"",""trade_id"":""9163932c-4b99-67b5-8e78-ac15dc592883"",""yes_price_dollars"":""0.2600""}"
KXETH15M-26APR280415-15,5d92901b-07dd-69e9-9239-e91b3d727426,1777363571,0.26,10.0,yes,"{""count_fp"":""10.00"",""created_time"":""2026-04-28T08:06:11.597425Z"",""no_price_dollars"":""0.7400"",""taker_side"":""yes"",""ticker"":""KXETH15M-26APR280415-15"",""trade_id"":""5d92901b-07dd-69e9-9239-e91b3d727426"",""yes_price_dollars"":""0.2600""}"
KXETH15M-26APR280415-15,1c9e3d8c-0005-67d1-8384-14c162c585e0,1777363571,0.25,1.0,yes,"{""count_fp"":""1.00"",""created_time"":""2026-04-28T08:06:11.597425Z"",""no_price_dollars"":""0.7500"",""taker_side"":""yes"",""ticker"":""KXETH15M-26APR280415-15"",""trade_id"":""1c9e3d8c-0005-67d1-8384-14c162c585e0"",""yes_price_dollars"":""0.2500""}"
KXETH15M-26APR280415-15,c51fa879-17d4-7e44-018f-db90448e3bb7,1777363577,0.22,1.0,yes,"{""count_fp"":""1.00"",""created_time"":""2026-04-28T08:06:17.661398Z"",""no_price_dollars"":""0.7800"",""taker_side"":""yes"",""ticker"":""KXETH15M-26APR280415-15"",""trade_id"":""c51fa879-17d4-7e44-018f-db90448e3bb7"",""yes_price_dollars"":""0.2200""}"
KXETH15M-26APR280415-15,749dadd7-57bc-7d82-3e3b-31c2243efd4a,1777363577,0.23,19.0,yes,"{""count_fp"":""19.00"",""created_time"":""2026-04-28T08:06:17.661398Z"",""no_price_dollars"":""0.7700"",""taker_side"":""yes"",""ticker"":""KXETH15M-26APR280415-15"",""trade_id"":""749dadd7-57bc-7d82-3e3b-31c2243efd4a"",""yes_price_dollars"":""0.2300""}"
KXETH15M-26APR280415-15,c0809476-9ee2-5639-fa63-abe04a4f3d6a,1777363577,0.23,10.0,no,"{""count_fp"":""10.00"",""created_time"":""2026-04-28T08:06:17.424863Z"",""no_price_dollars"":""0.7700"",""taker_side"":""no"",""ticker"":""KXETH15M-26APR280415-15"",""trade_id"":""c0809476-9ee2-5639-fa63-abe04a4f3d6a"",""yes_price_dollars"":""0.2300""}"
KXETH15M-26APR280415-15,571f4636-8172-62ab-5db1-9459d6674d9e,1777363578,0.2,1.0,no,"{""count_fp"":""1.00"",""created_time"":""2026-04-28T08:06:18.617588Z"",""no_price_dollars"":""0.8000"",""taker_side"":""no"",""ticker"":""KXETH15M-26APR280415-15"",""trade_id"":""571f4636-8172-62ab-5db1-9459d6674d9e"",""yes_price_dollars"":""0.2000""}"
KXETH15M-26APR280415-15,3ec70b1e-b3d2-6e8d-6cc2-a4b6c9214ba5,1777363578,0.2,3.0,no,"{""count_fp"":""3.00"",""created_time"":""2026-04-28T08:06:18.617588Z"",""no_price_dollars"":""0.8000"",""taker_side"":""no"",""ticker"":""KXETH15M-26APR280415-15"",""trade_id"":""3ec70b1e-b3d2-6e8d-6cc2-a4b6c9214ba5"",""yes_price_dollars"":""0.2000""}"
KXETH15M-26APR280415-15,fc1e71be-c3be-59b4-e3cc-52c0132ec5bf,1777363578,0.22,1.0,yes,"{""count_fp"":""1.00"",""created_time"":""2026-04-28T08:06:18.300447Z"",""no_price_dollars"":""0.7800"",""taker_side"":""yes"",""ticker"":""KXETH15M-26APR280415-15"",""trade_id"":""fc1e71be-c3be-59b4-e3cc-52c0132ec5bf"",""yes_price_dollars"":""0.2200""}"
KXETH15M-26APR280415-15,9908ff29-5d7f-50c7-f391-3e9131447b30,1777363578,0.22,2.0,yes,"{""count_fp"":""2.00"",""created_time"":""2026-04-28T08:06:18.300447Z"",""no_price_dollars"":""0.7800"",""taker_side"":""yes"",""ticker"":""KXETH15M-26APR280415-15"",""trade_id"":""9908ff29-5d7f-50c7-f391-3e9131447b30"",""yes_price_dollars"":""0.2200""}"
KXETH15M-26APR280415-15,fc1063a4-0845-49f9-1296-635490dc13ed,1777363579,0.19,1.0,no,"{""count_fp"":""1.00"",""created_time"":""2026-04-28T08:06:19.236442Z"",""no_price_dollars"":""0.8100"",""taker_side"":""no"",""ticker"":""KXETH15M-26APR280415-15"",""trade_id"":""fc1063a4-0845-49f9-1296-635490dc13ed"",""yes_price_dollars"":""0.1900""}"
KXETH15M-26APR280415-15,5633bdde-1d47-447e-3a65-499cffca7da4,1777363579,0.19,0.2,no,"{""count_fp"":""0.20"",""created_time"":""2026-04-28T08:06:19.236442Z"",""no_price_dollars"":""0.8100"",""taker_side"":""no"",""ticker"":""KXETH15M-26APR280415-15"",""trade_id"":""5633bdde-1d47-447e-3a65-499cffca7da4"",""yes_price_dollars"":""0.1900""}"
KXETH15M-26APR280415-15,5f442eb5-d39d-6595-34b0-47d317a29d03,1777363580,0.18,2.0,no,"{""count_fp"":""2.00"",""created_time"":""2026-04-28T08:06:20.445221Z"",""no_price_dollars"":""0.8200"",""taker_side"":""no"",""ticker"":""KXETH15M-26APR280415-15"",""trade_id"":""5f442eb5-d39d-6595-34b0-47d317a29d03"",""yes_price_dollars"":""0.1800""}"
KXETH15M-26APR280415-15,eb50f8ae-dd94-7252-c815-8ea913b231be,1777363580,0.21,21.0,yes,"{""count_fp"":""21.00"",""created_time"":""2026-04-28T08:06:20.125118Z"",""no_price_dollars"":""0.7900"",""taker_side"":""yes"",""ticker"":""KXETH15M-26APR280415-15"",""trade_id"":""eb50f8ae-dd94-7252-c815-8ea913b231be"",""yes_price_dollars"":""0.2100""}"
KXETH15M-26APR280415-15,b05cb792-6adf-70dc-c229-91447bb7ee86,1777363580,0.2,1.0,yes,"{""count_fp"":""1.00"",""created_time"":""2026-04-28T08:06:20.125118Z"",""no_price_dollars"":""0.8000"",""taker_side"":""yes"",""ticker"":""KXETH15M-26APR280415-15"",""trade_id"":""b05cb792-6adf-70dc-c229-91447bb7ee86"",""yes_price_dollars"":""0.2000""}"
KXETH15M-26APR280415-15,0c1b77fb-ec1d-7c9b-e027-653a7ce1c140,1777363580,0.2,60.0,yes,"{""count_fp"":""60.00"",""created_time"":""2026-04-28T08:06:20.125118Z"",""no_price_dollars"":""0.8000"",""taker_side"":""yes"",""ticker"":""KXETH15M-26APR280415-15"",""trade_id"":""0c1b77fb-ec1d-7c9b-e027-653a7ce1c140"",""yes_price_dollars"":""0.2000""}"
KXETH15M-26APR280415-15,f102e02b-6d00-4662-8b3d-d2a104e087c6,1777363581,0.21,4.08,yes,"{""count_fp"":""4.08"",""created_time"":""2026-04-28T08:06:21.589987Z"",""no_price_dollars"":""0.7900"",""taker_side"":""yes"",""ticker"":""KXETH15M-26APR280415-15"",""trade_id"":""f102e02b-6d00-4662-8b3d-d2a104e087c6"",""yes_price_dollars"":""0.2100""}"
KXETH15M-26APR280415-15,7f31b8b5-d580-6549-fc93-e3ffcf915cf8,1777363581,0.2,1.0,yes,"{""count_fp"":""1.00"",""created_time"":""2026-04-28T08:06:21.226254Z"",""no_price_dollars"":""0.8000"",""taker_side"":""yes"",""ticker"":""KXETH15M-26APR280415-15"",""trade_id"":""7f31b8b5-d580-6549-fc93-e3ffcf915cf8"",""yes_price_dollars"":""0.2000""}"
KXETH15M-26APR280415-15,1f3e837a-9c1c-6b31-c28f-03f283525f9e,1777363581,0.2,4.0,yes,"{""count_fp"":""4.00"",""created_time"":""2026-04-28T08:06:21.226254Z"",""no_price_dollars"":""0.8000"",""taker_side"":""yes"",""ticker"":""KXETH15M-26APR280415-15"",""trade_id"":""1f3e837a-9c1c-6b31-c28f-03f283525f9e"",""yes_price_dollars"":""0.2000""}"
KXETH15M-26APR280415-15,c668734c-c26f-6811-95d0-39b4c97c0fd7,1777363582,0.17,3.0,no,"{""count_fp"":""3.00"",""created_time"":""2026-04-28T08:06:22.340965Z"",""no_price_dollars"":""0.8300"",""taker_side"":""no"",""ticker"":""KXETH15M-26APR280415-15"",""trade_id"":""c668734c-c26f-6811-95d0-39b4c97c0fd7"",""yes_price_dollars"":""0.1700""}"
KXETH15M-26APR280415-15,61ca4ce2-7603-6532-9cd0-41feb14b8720,1777363582,0.17,10.0,no,"{""count_fp"":""10.00"",""created_time"":""2026-04-28T08:06:22.340965Z"",""no_price_dollars"":""0.8300"",""taker_side"":""no"",""ticker"":""KXETH15M-26APR280415-15"",""trade_id"":""61ca4ce2-7603-6532-9cd0-41feb14b8720"",""yes_price_dollars"":""0.1700""}"
KXETH15M-26APR280415-15,5fe6a904-a0bc-60a6-9b2e-eac8e0dcb8a5,1777363582,0.17,17.0,no,"{""count_fp"":""17.00"",""created_time"":""2026-04-28T08:06:22.340965Z"",""no_price_dollars"":""0.8300"",""taker_side"":""no"",""ticker"":""KXETH15M-26APR280415-15"",""trade_id"":""5fe6a904-a0bc-60a6-9b2e-eac8e0dcb8a5"",""yes_price_dollars"":""0.1700""}"
KXETH15M-26APR280415-15,190e89b9-26aa-6a69-a941-935fb8b72809,1777363582,0.17,100.0,no,"{""count_fp"":""100.00"",""created_time"":""2026-04-28T08:06:22.340965Z"",""no_price_dollars"":""0.8300"",""taker_side"":""no"",""ticker"":""KXETH15M-26APR280415-15"",""trade_id"":""190e89b9-26aa-6a69-a941-935fb8b72809"",""yes_price_dollars"":""0.1700""}"
KXETH15M-26APR280415-15,d7c27129-ba9f-5677-c936-8e800cd631fd,1777363587,0.16,1.0,no,"{""count_fp"":""1.00"",""created_time"":""2026-04-28T08:06:27.348565Z"",""no_price_dollars"":""0.8400"",""taker_side"":""no"",""ticker"":""KXETH15M-26APR280415-15"",""trade_id"":""d7c27129-ba9f-5677-c936-8e800cd631fd"",""yes_price_dollars"":""0.1600""}"
KXETH15M-26APR280415-15,92532184-4ff9-41fc-66bc-e016a2ea354a,1777363595,0.16,1.0,no,"{""count_fp"":""1.00"",""created_time"":""2026-04-28T08:06:35.560649Z"",""no_price_dollars"":""0.8400"",""taker_side"":""no"",""ticker"":""KXETH15M-26APR280415-15"",""trade_id"":""92532184-4ff9-41fc-66bc-e016a2ea354a"",""yes_price_dollars"":""0.1600""}"
KXETH15M-26APR280415-15,03817cbd-4110-66a0-555a-148ca2d2d43c,1777363597,0.12,10.0,no,"{""count_fp"":""10.00"",""created_time"":""2026-04-28T08:06:37.759209Z"",""no_price_dollars"":""0.8800"",""taker_side"":""no"",""ticker"":""KXETH15M-26APR280415-15"",""trade_id"":""03817cbd-4110-66a0-555a-148ca2d2d43c"",""yes_price_dollars"":""0.1200""}"
KXETH15M-26APR280415-15,c13062ba-fe4f-6b3d-e8fc-9278e3358eea,1777363597,0.13,9.0,no,"{""count_fp"":""9.00"",""created_time"":""2026-04-28T08:06:37.055882Z"",""no_price_dollars"":""0.8700"",""taker_side"":""no"",""ticker"":""KXETH15M-26APR280415-15"",""trade_id"":""c13062ba-fe4f-6b3d-e8fc-9278e3358eea"",""yes_price_dollars"":""0.1300""}"
KXETH15M-26APR280415-15,602d8821-6fcf-6003-df26-c8ee226c6ea0,1777363597,0.13,1.0,no,"{""count_fp"":""1.00"",""created_time"":""2026-04-28T08:06:37.055882Z"",""no_price_dollars"":""0.8700"",""taker_side"":""no"",""ticker"":""KXETH15M-26APR280415-15"",""trade_id"":""602d8821-6fcf-6003-df26-c8ee226c6ea0"",""yes_price_dollars"":""0.1300""}"
KXETH15M-26APR280415-15,cefbdbfc-b269-53e4-8553-2ec119f38213,1777363598,0.12,10.0,no,"{""count_fp"":""10.00"",""created_time"":""2026-04-28T08:06:38.345088Z"",""no_price_dollars"":""0.8800"",""taker_side"":""no"",""ticker"":""KXETH15M-26APR280415-15"",""trade_id"":""cefbdbfc-b269-53e4-8553-2ec119f38213"",""yes_price_dollars"":""0.1200""}"
KXETH15M-26APR280415-15,b089d591-d493-78f8-dc2b-f1b183f3b37a,1777363604,0.12,10.08,no,"{""count_fp"":""10.08"",""created_time"":""2026-04-28T08:06:44.269948Z"",""no_price_dollars"":""0.8800"",""taker_side"":""no"",""ticker"":""KXETH15M-26APR280415-15"",""trade_id"":""b089d591-d493-78f8-dc2b-f1b183f3b37a"",""yes_price_dollars"":""0.1200""}"
KXETH15M-26APR280415-15,4e28743d-9c50-79e6-ea09-70a28aff99e4,1777363604,0.12,38.92,no,"{""count_fp"":""38.92"",""created_time"":""2026-04-28T08:06:44.269948Z"",""no_price_dollars"":""0.8800"",""taker_side"":""no"",""ticker"":""KXETH15M-26APR280415-15"",""trade_id"":""4e28743d-9c50-79e6-ea09-70a28aff99e4"",""yes_price_dollars"":""0.1200""}"
KXETH15M-26APR280415-15,48d30964-9fe9-7b0c-e31d-64870cae74aa,1777363604,0.12,1.0,no,"{""count_fp"":""1.00"",""created_time"":""2026-04-28T08:06:44.269948Z"",""no_price_dollars"":""0.8800"",""taker_side"":""no"",""ticker"":""KXETH15M-26APR280415-15"",""trade_id"":""48d30964-9fe9-7b0c-e31d-64870cae74aa"",""yes_price_dollars"":""0.1200""}"
KXETH15M-26APR280415-15,a924d769-16f0-4378-dbc4-790244febccc,1777363605,0.12,10.0,no,"{""count_fp"":""10.00"",""created_time"":""2026-04-28T08:06:45.982025Z"",""no_price_dollars"":""0.8800"",""taker_side"":""no"",""ticker"":""KXETH15M-26APR280415-15"",""trade_id"":""a924d769-16f0-4378-dbc4-790244febccc"",""yes_price_dollars"":""0.1200""}"
KXETH15M-26APR280415-15,95c4e08f-f09a-48b7-f3a5-4cca73b8e5c7,1777363605,0.11,16.0,no,"{""count_fp"":""16.00"",""created_time"":""2026-04-28T08:06:45.982025Z"",""no_price_dollars"":""0.8900"",""taker_side"":""no"",""ticker"":""KXETH15M-26APR280415-15"",""trade_id"":""95c4e08f-f09a-48b7-f3a5-4cca73b8e5c7"",""yes_price_dollars"":""0.1100""}"
KXETH15M-26APR280415-15,8cc624de-62a8-4915-d65d-7041764ce6d1,1777363605,0.11,1.0,no,"{""count_fp"":""1.00"",""created_time"":""2026-04-28T08:06:45.982025Z"",""no_price_dollars"":""0.8900"",""taker_side"":""no"",""ticker"":""KXETH15M-26APR280415-15"",""trade_id"":""8cc624de-62a8-4915-d65d-7041764ce6d1"",""yes_price_dollars"":""0.1100""}"
KXETH15M-26APR280415-15,749f69bf-61ea-67d6-6966-19571528e5be,1777363605,0.14,1.0,yes,"{""count_fp"":""1.00"",""created_time"":""2026-04-28T08:06:45.167394Z"",""no_price_dollars"":""0.8600"",""taker_side"":""yes"",""ticker"":""KXETH15M-26APR280415-15"",""trade_id"":""749f69bf-61ea-67d6-6966-19571528e5be"",""yes_price_dollars"":""0.1400""}"
KXETH15M-26APR280415-15,066b4800-871f-6ebe-48c6-f1fc497c0266,1777363605,0.14,5.0,yes,"{""count_fp"":""5.00"",""created_time"":""2026-04-28T08:06:45.167394Z"",""no_price_dollars"":""0.8600"",""taker_side"":""yes"",""ticker"":""KXETH15M-26APR280415-15"",""trade_id"":""066b4800-871f-6ebe-48c6-f1fc497c0266"",""yes_price_dollars"":""0.1400""}"
KXETH15M-26APR280415-15,bd33ed9e-36e6-6907-1722-f3e84ed704eb,1777363607,0.12,11.15,no,"{""count_fp"":""11.15"",""created_time"":""2026-04-28T08:06:47.034811Z"",""no_price_dollars"":""0.8800"",""taker_side"":""no"",""ticker"":""KXETH15M-26APR280415-15"",""trade_id"":""bd33ed9e-36e6-6907-1722-f3e84ed704eb"",""yes_price_dollars"":""0.1200""}"
KXETH15M-26APR280415-15,0650143e-4f6e-7433-0aba-c22eb1aff363,1777363624,0.15,11.0,no,"{""count_fp"":""11.00"",""created_time"":""2026-04-28T08:07:04.640685Z"",""no_price_dollars"":""0.8500"",""taker_side"":""no"",""ticker"":""KXETH15M-26APR280415-15"",""trade_id"":""0650143e-4f6e-7433-0aba-c22eb1aff363"",""yes_price_dollars"":""0.1500""}"
KXETH15M-26APR280415-15,d1637c1b-ca4e-6303-457e-bc0cb4bd16ff,1777363624,0.15,11.51,no,"{""count_fp"":""11.51"",""created_time"":""2026-04-28T08:07:04.449907Z"",""no_price_dollars"":""0.8500"",""taker_side"":""no"",""ticker"":""KXETH15M-26APR280415-15"",""trade_id"":""d1637c1b-ca4e-6303-457e-bc0cb4bd16ff"",""yes_price_dollars"":""0.1500""}"
KXETH15M-26APR280415-15,79190ae1-98d6-7caf-2326-28513f6b64af,1777363624,0.15,6.0,no,"{""count_fp"":""6.00"",""created_time"":""2026-04-28T08:07:04.315855Z"",""no_price_dollars"":""0.8500"",""taker_side"":""no"",""ticker"":""KXETH15M-26APR280415-15"",""trade_id"":""79190ae1-98d6-7caf-2326-28513f6b64af"",""yes_price_dollars"":""0.1500""}"
KXETH15M-26APR280415-15,4d4ad70b-c958-43c6-2854-36526f120868,1777363627,0.16,13.0,no,"{""count_fp"":""13.00"",""created_time"":""2026-04-28T08:07:07.928112Z"",""no_price_dollars"":""0.8400"",""taker_side"":""no"",""ticker"":""KXETH15M-26APR280415-15"",""trade_id"":""4d4ad70b-c958-43c6-2854-36526f120868"",""yes_price_dollars"":""0.1600""}"
KXETH15M-26APR280415-15,ce882504-3cd2-65c9-891f-49c80861a324,1777363627,0.16,1.0,no,"{""count_fp"":""1.00"",""created_time"":""2026-04-28T08:07:07.799751Z"",""no_price_dollars"":""0.8400"",""taker_side"":""no"",""ticker"":""KXETH15M-26APR280415-15"",""trade_id"":""ce882504-3cd2-65c9-891f-49c80861a324"",""yes_price_dollars"":""0.1600""}"
KXETH15M-26APR280415-15,7ffd367e-bc23-6fe2-63e0-4591227a03c3,1777363631,0.15,1.0,no,"{""count_fp"":""1.00"",""created_time"":""2026-04-28T08:07:11.247345Z"",""no_price_dollars"":""0.8500"",""taker_side"":""no"",""ticker"":""KXETH15M-26APR280415-15"",""trade_id"":""7ffd367e-bc23-6fe2-63e0-4591227a03c3"",""yes_price_dollars"":""0.1500""}"
KXETH15M-26APR280415-15,a7c146a4-c932-6186-4b6a-3981a2a170a6,1777363633,0.16,12.62,yes,"{""count_fp"":""12.62"",""created_time"":""2026-04-28T08:07:13.720279Z"",""no_price_dollars"":""0.8400"",""taker_side"":""yes"",""ticker"":""KXETH15M-26APR280415-15"",""trade_id"":""a7c146a4-c932-6186-4b6a-3981a2a170a6"",""yes_price_dollars"":""0.1600""}"
KXETH15M-26APR280415-15,369d8148-4424-62c2-734f-76794ec8348e,1777363633,0.17,29.91,yes,"{""count_fp"":""29.91"",""created_time"":""2026-04-28T08:07:13.720279Z"",""no_price_dollars"":""0.8300"",""taker_side"":""yes"",""ticker"":""KXETH15M-26APR280415-15"",""trade_id"":""369d8148-4424-62c2-734f-76794ec8348e"",""yes_price_dollars"":""0.1700""}"
KXETH15M-26APR280415-15,06ecf251-a3a1-69e7-4887-128b50002520,1777363633,0.16,10.0,yes,"{""count_fp"":""10.00"",""created_time"":""2026-04-28T08:07:13.720279Z"",""no_price_dollars"":""0.8400"",""taker_side"":""yes"",""ticker"":""KXETH15M-26APR280415-15"",""trade_id"":""06ecf251-a3a1-69e7-4887-128b50002520"",""yes_price_dollars"":""0.1600""}"
KXETH15M-26APR280415-15,d8a48e67-3fcf-52d6-f654-38a4b5a4207b,1777363635,0.15,4.0,no,"{""count_fp"":""4.00"",""created_time"":""2026-04-28T08:07:15.567568Z"",""no_price_dollars"":""0.8500"",""taker_side"":""no"",""ticker"":""KXETH15M-26APR280415-15"",""trade_id"":""d8a48e67-3fcf-52d6-f654-38a4b5a4207b"",""yes_price_dollars"":""0.1500""}"
KXETH15M-26APR280415-15,5de6d60c-98ad-5756-d022-a361875f04b1,1777363635,0.13,2.91,no,"{""count_fp"":""2.91"",""created_time"":""2026-04-28T08:07:15.567568Z"",""no_price_dollars"":""0.8700"",""taker_side"":""no"",""ticker"":""KXETH15M-26APR280415-15"",""trade_id"":""5de6d60c-98ad-5756-d022-a361875f04b1"",""yes_price_dollars"":""0.1300""}"
KXETH15M-26APR280415-15,69e2f4bf-d80e-53d7-08d5-50b9ee0648e2,1777363638,0.16,5.52,yes,"{""count_fp"":""5.52"",""created_time"":""2026-04-28T08:07:18.334949Z"",""no_price_dollars"":""0.8400"",""taker_side"":""yes"",""ticker"":""KXETH15M-26APR280415-15"",""trade_id"":""69e2f4bf-d80e-53d7-08d5-50b9ee0648e2"",""yes_price_dollars"":""0.1600""}"
KXETH15M-26APR280415-15,598ed722-1106-4cae-7a38-0fa7a57a3df6,1777363659,0.13,6.73,yes,"{""count_fp"":""6.73"",""created_time"":""2026-04-28T08:07:39.191166Z"",""no_price_dollars"":""0.8700"",""taker_side"":""yes"",""ticker"":""KXETH15M-26APR280415-15"",""trade_id"":""598ed722-1106-4cae-7a38-0fa7a57a3df6"",""yes_price_dollars"":""0.1300""}"
KXETH15M-26APR280415-15,6702c0b0-437c-597c-f90b-d693adc635e8,1777363662,0.12,1.0,no,"{""count_fp"":""1.00"",""created_time"":""2026-04-28T08:07:42.697762Z"",""no_price_dollars"":""0.8800"",""taker_side"":""no"",""ticker"":""KXETH15M-26APR280415-15"",""trade_id"":""6702c0b0-437c-597c-f90b-d693adc635e8"",""yes_price_dollars"":""0.1200""}"
KXETH15M-26APR280415-15,652ba984-e464-784e-1def-39b949244d28,1777363674,0.13,3.0,no,"{""count_fp"":""3.00"",""created_time"":""2026-04-28T08:07:54.363345Z"",""no_price_dollars"":""0.8700"",""taker_side"":""no"",""ticker"":""KXETH15M-26APR280415-15"",""trade_id"":""652ba984-e464-784e-1def-39b949244d28"",""yes_price_dollars"":""0.1300""}"
KXETH15M-26APR280415-15,1c2da5a1-9dbc-75ec-1d75-41cc9b9c3760,1777363674,0.13,10.0,no,"{""count_fp"":""10.00"",""created_time"":""2026-04-28T08:07:54.363345Z"",""no_price_dollars"":""0.8700"",""taker_side"":""no"",""ticker"":""KXETH15M-26APR280415-15"",""trade_id"":""1c2da5a1-9dbc-75ec-1d75-41cc9b9c3760"",""yes_price_dollars"":""0.1300""}"
KXETH15M-26APR280415-15,cad11318-b311-7949-de76-0468e07a1065,1777363674,0.12,5.0,yes,"{""count_fp"":""5.00"",""created_time"":""2026-04-28T08:07:54.140449Z"",""no_price_dollars"":""0.8800"",""taker_side"":""yes"",""ticker"":""KXETH15M-26APR280415-15"",""trade_id"":""cad11318-b311-7949-de76-0468e07a1065"",""yes_price_dollars"":""0.1200""}"
KXETH15M-26APR280415-15,c8989e39-5acc-7130-dd73-e695665db2e7,1777363674,0.17,12.77,yes,"{""count_fp"":""12.77"",""created_time"":""2026-04-28T08:07:54.140449Z"",""no_price_dollars"":""0.8300"",""taker_side"":""yes"",""ticker"":""KXETH15M-26APR280415-15"",""trade_id"":""c8989e39-5acc-7130-dd73-e695665db2e7"",""yes_price_dollars"":""0.1700""}"
KXETH15M-26APR280415-15,5b3b6e70-d7ae-7cfe-f938-067c61fb8dc9,1777363674,0.18,10.0,yes,"{""count_fp"":""10.00"",""created_time"":""2026-04-28T08:07:54.140449Z"",""no_price_dollars"":""0.8200"",""taker_side"":""yes"",""ticker"":""KXETH15M-26APR280415-15"",""trade_id"":""5b3b6e70-d7ae-7cfe-f938-067c61fb8dc9"",""yes_price_dollars"":""0.1800""}"
KXETH15M-26APR280415-15,55895833-e10f-759f-f4c8-e90aed2eb585,1777363674,0.19,10.0,yes,"{""count_fp"":""10.00"",""created_time"":""2026-04-28T08:07:54.140449Z"",""no_price_dollars"":""0.8100"",""taker_side"":""yes"",""ticker"":""KXETH15M-26APR280415-15"",""trade_id"":""55895833-e10f-759f-f4c8-e90aed2eb585"",""yes_price_dollars"":""0.1900""}"
KXETH15M-26APR280415-15,392fb9af-5190-761e-e44b-c027b870c3ce,1777363674,0.19,60.0,yes,"{""count_fp"":""60.00"",""created_time"":""2026-04-28T08:07:54.140449Z"",""no_price_dollars"":""0.8100"",""taker_side"":""yes"",""ticker"":""KXETH15M-26APR280415-15"",""trade_id"":""392fb9af-5190-761e-e44b-c027b870c3ce"",""yes_price_dollars"":""0.1900""}"
KXETH15M-26APR280415-15,02248fd7-fc42-71bd-f74a-c425da39f651,1777363674,0.19,9.23,yes,"{""count_fp"":""9.23"",""created_time"":""2026-04-28T08:07:54.140449Z"",""no_price_dollars"":""0.8100"",""taker_side"":""yes"",""ticker"":""KXETH15M-26APR280415-15"",""trade_id"":""02248fd7-fc42-71bd-f74a-c425da39f651"",""yes_price_dollars"":""0.1900""}"
KXETH15M-26APR280415-15,d504a2c2-e60d-6684-4d4c-a8bb47bdae7a,1777363682,0.15,1.0,no,"{""count_fp"":""1.00"",""created_time"":""2026-04-28T08:08:02.887511Z"",""no_price_dollars"":""0.8500"",""taker_side"":""no"",""ticker"":""KXETH15M-26APR280415-15"",""trade_id"":""d504a2c2-e60d-6684-4d4c-a8bb47bdae7a"",""yes_price_dollars"":""0.1500""}"
KXETH15M-26APR280415-15,5be32d98-55f4-406e-a787-33c005d06984,1777363688,0.15,22.0,no,"{""count_fp"":""22.00"",""created_time"":""2026-04-28T08:08:08.142051Z"",""no_price_dollars"":""0.8500"",""taker_side"":""no"",""ticker"":""KXETH15M-26APR280415-15"",""trade_id"":""5be32d98-55f4-406e-a787-33c005d06984"",""yes_price_dollars"":""0.1500""}"
KXETH15M-26APR280415-15,5717c4f1-2494-492d-ba7b-1669178db667,1777363688,0.15,10.0,no,"{""count_fp"":""10.00"",""created_time"":""2026-04-28T08:08:08.142051Z"",""no_price_dollars"":""0.8500"",""taker_side"":""no"",""ticker"":""KXETH15M-26APR280415-15"",""trade_id"":""5717c4f1-2494-492d-ba7b-1669178db667"",""yes_price_dollars"":""0.1500""}"
KXETH15M-26APR280415-15,9a1a0910-8ddd-5378-ca2e-52dfdf0275e3,1777363690,0.14,44.0,no,"{""count_fp"":""44.00"",""created_time"":""2026-04-28T08:08:10.814049Z"",""no_price_dollars"":""0.8600"",""taker_side"":""no"",""ticker"":""KXETH15M-26APR280415-15"",""trade_id"":""9a1a0910-8ddd-5378-ca2e-52dfdf0275e3"",""yes_price_dollars"":""0.1400""}"
KXETH15M-26APR280415-15,2a9415cd-3e63-60fe-20b2-69ca2eb360c6,1777363697,0.19,1.0,yes,"{""count_fp"":""1.00"",""created_time"":""2026-04-28T08:08:17.543788Z"",""no_price_dollars"":""0.8100"",""taker_side"":""yes"",""ticker"":""KXETH15M-26APR280415-15"",""trade_id"":""2a9415cd-3e63-60fe-20b2-69ca2eb360c6"",""yes_price_dollars"":""0.1900""}"
KXETH15M-26APR280415-15,fae552bc-ab39-5c9a-8cf2-c74f83b4e703,1777363698,0.19,0.09,yes,"{""count_fp"":""0.09"",""created_time"":""2026-04-28T08:08:18.789645Z"",""no_price_dollars"":""0.8100"",""taker_side"":""yes"",""ticker"":""KXETH15M-26APR280415-15"",""trade_id"":""fae552bc-ab39-5c9a-8cf2-c74f83b4e703"",""yes_price_dollars"":""0.1900""}"
KXETH15M-26APR280415-15,c1ea464f-27d8-500f-4600-6f7f304d96de,1777363698,0.19,13.09,yes,"{""count_fp"":""13.09"",""created_time"":""2026-04-28T08:08:18.778523Z"",""no_price_dollars"":""0.8100"",""taker_side"":""yes"",""ticker"":""KXETH15M-26APR280415-15"",""trade_id"":""c1ea464f-27d8-500f-4600-6f7f304d96de"",""yes_price_dollars"":""0.1900""}"
KXETH15M-26APR280415-15,9ba5d1cb-9efa-5411-7870-27b338163d11,1777363698,0.19,10.0,yes,"{""count_fp"":""10.00"",""created_time"":""2026-04-28T08:08:18.778523Z"",""no_price_dollars"":""0.8100"",""taker_side"":""yes"",""ticker"":""KXETH15M-26APR280415-15"",""trade_id"":""9ba5d1cb-9efa-5411-7870-27b338163d11"",""yes_price_dollars"":""0.1900""}"
KXETH15M-26APR280415-15,81027a25-7515-5b16-4aed-85df867ef523,1777363698,0.19,9.91,yes,"{""count_fp"":""9.91"",""created_time"":""2026-04-28T08:08:18.778523Z"",""no_price_dollars"":""0.8100"",""taker_side"":""yes"",""ticker"":""KXETH15M-26APR280415-15"",""trade_id"":""81027a25-7515-5b16-4aed-85df867ef523"",""yes_price_dollars"":""0.1900""}"
KXETH15M-26APR280415-15,eeaa7a5b-0f17-67a7-be7c-ed04844c6e65,1777363708,0.19,1.21,no,"{""count_fp"":""1.21"",""created_time"":""2026-04-28T08:08:28.683869Z"",""no_price_dollars"":""0.8100"",""taker_side"":""no"",""ticker"":""KXETH15M-26APR280415-15"",""trade_id"":""eeaa7a5b-0f17-67a7-be7c-ed04844c6e65"",""yes_price_dollars"":""0.1900""}"
KXETH15M-26APR280415-15,2c36497d-1dc7-5777-1409-c74978071881,1777363710,0.19,10.36,no,"{""count_fp"":""10.36"",""created_time"":""2026-04-28T08:08:30.793059Z"",""no_price_dollars"":""0.8100"",""taker_side"":""no"",""ticker"":""KXETH15M-26APR280415-15"",""trade_id"":""2c36497d-1dc7-5777-1409-c74978071881"",""yes_price_dollars"":""0.1900""}"
KXETH15M-26APR280415-15,20c6c653-ef9d-5e2c-0ce6-adc84212f363,1777363710,0.19,21.64,no,"{""count_fp"":""21.64"",""created_time"":""2026-04-28T08:08:30.793059Z"",""no_price_dollars"":""0.8100"",""taker_side"":""no"",""ticker"":""KXETH15M-26APR280415-15"",""trade_id"":""20c6c653-ef9d-5e2c-0ce6-adc84212f363"",""yes_price_dollars"":""0.1900""}"
KXETH15M-26APR280415-15,4aa3e449-7408-4511-81d6-a8ace76d020c,1777363711,0.22,10.0,no,"{""count_fp"":""10.00"",""created_time"":""2026-04-28T08:08:31.470168Z"",""no_price_dollars"":""0.7800"",""taker_side"":""no"",""ticker"":""KXETH15M-26APR280415-15"",""trade_id"":""4aa3e449-7408-4511-81d6-a8ace76d020c"",""yes_price_dollars"":""0.2200""}"
KXETH15M-26APR280415-15,212b10ec-c518-4ef2-9a43-434ed72287e0,1777363711,0.22,35.0,no,"{""count_fp"":""35.00"",""created_time"":""2026-04-28T08:08:31.470168Z"",""no_price_dollars"":""0.7800"",""taker_side"":""no"",""ticker"":""KXETH15M-26APR280415-15"",""trade_id"":""212b10ec-c518-4ef2-9a43-434ed72287e0"",""yes_price_dollars"":""0.2200""}"
KXETH15M-26APR280415-15,f0e3e1ad-d9c9-500f-320d-73812af234fb,1777363711,0.27,10.0,yes,"{""count_fp"":""10.00"",""created_time"":""2026-04-28T08:08:31.164351Z"",""no_price_dollars"":""0.7300"",""taker_side"":""yes"",""ticker"":""KXETH15M-26APR280415-15"",""trade_id"":""f0e3e1ad-d9c9-500f-320d-73812af234fb"",""yes_price_dollars"":""0.2700""}"
KXETH15M-26APR280415-15,a19e3100-4ac4-52da-2a13-aa09a66042be,1777363711,0.2,3.0,yes,"{""count_fp"":""3.00"",""created_time"":""2026-04-28T08:08:31.164351Z"",""no_price_dollars"":""0.8000"",""taker_side"":""yes"",""ticker"":""KXETH15M-26APR280415-15"",""trade_id"":""a19e3100-4ac4-52da-2a13-aa09a66042be"",""yes_price_dollars"":""0.2000""}"
KXETH15M-26APR280415-15,90a2c386-b46b-5b22-34e0-a5589a2ca095,1777363711,0.22,1.0,yes,"{""count_fp"":""1.00"",""created_time"":""2026-04-28T08:08:31.164351Z"",""no_price_dollars"":""0.7800"",""taker_side"":""yes"",""ticker"":""KXETH15M-26APR280415-15"",""trade_id"":""90a2c386-b46b-5b22-34e0-a5589a2ca095"",""yes_price_dollars"":""0.2200""}"
KXETH15M-26APR280415-15,7acd7bf5-eb42-58f0-1aeb-512a51655b7a,1777363711,0.29,67.52,yes,"{""count_fp"":""67.52"",""created_time"":""2026-04-28T08:08:31.164351Z"",""no_price_dollars"":""0.7100"",""taker_side"":""yes"",""ticker"":""KXETH15M-26APR280415-15"",""trade_id"":""7acd7bf5-eb42-58f0-1aeb-512a51655b7a"",""yes_price_dollars"":""0.2900""}"
KXETH15M-26APR280415-15,60711ead-7a59-5e50-126d-8fc88832d09e,1777363711,0.26,10.0,yes,"{""count_fp"":""10.00"",""created_time"":""2026-04-28T08:08:31.164351Z"",""no_price_dollars"":""0.7400"",""taker_side"":""yes"",""ticker"":""KXETH15M-26APR280415-15"",""trade_id"":""60711ead-7a59-5e50-126d-8fc88832d09e"",""yes_price_dollars"":""0.2600""}"
KXETH15M-26APR280415-15,4d41a4a1-718a-5023-1c42-c015c793ced0,1777363711,0.26,1.0,yes,"{""count_fp"":""1.00"",""created_time"":""2026-04-28T08:08:31.164351Z"",""no_price_dollars"":""0.7400"",""taker_side"":""yes"",""ticker"":""KXETH15M-26APR280415-15"",""trade_id"":""4d41a4a1-718a-5023-1c42-c015c793ced0"",""yes_price_dollars"":""0.2600""}"
KXETH15M-26APR280415-15,3dddd3bc-2aa1-5150-11bd-37bd5695e834,1777363711,0.28,10.0,yes,"{""count_fp"":""10.00"",""created_time"":""2026-04-28T08:08:31.164351Z"",""no_price_dollars"":""0.7200"",""taker_side"":""yes"",""ticker"":""KXETH15M-26APR280415-15"",""trade_id"":""3dddd3bc-2aa1-5150-11bd-37bd5695e834"",""yes_price_dollars"":""0.2800""}"
KXETH15M-26APR280415-15,3795908a-103b-5162-0942-1c4cf03775e9,1777363711,0.26,12.48,yes,"{""count_fp"":""12.48"",""created_time"":""2026-04-28T08:08:31.164351Z"",""no_price_dollars"":""0.7400"",""taker_side"":""yes"",""ticker"":""KXETH15M-26APR280415-15"",""trade_id"":""3795908a-103b-5162-0942-1c4cf03775e9"",""yes_price_dollars"":""0.2600""}"
KXETH15M-26APR280415-15,2c4676e3-6af7-50fa-21c5-35e50be8f31c,1777363711,0.28,10.0,yes,"{""count_fp"":""10.00"",""created_time"":""2026-04-28T08:08:31.164351Z"",""no_price_dollars"":""0.7200"",""taker_side"":""yes"",""ticker"":""KXETH15M-26APR280415-15"",""trade_id"":""2c4676e3-6af7-50fa-21c5-35e50be8f31c"",""yes_price_dollars"":""0.2800""}"
KXETH15M-26APR280415-15,1428cd8e-5339-57f0-1243-cdd44f04daba,1777363711,0.28,2.0,yes,"{""count_fp"":""2.00"",""created_time"":""2026-04-28T08:08:31.164351Z"",""no_price_dollars"":""0.7200"",""taker_side"":""yes"",""ticker"":""KXETH15M-26APR280415-15"",""trade_id"":""1428cd8e-5339-57f0-1243-cdd44f04daba"",""yes_price_dollars"":""0.2800""}"
KXETH15M-26APR280415-15,327c56fb-bb93-4c4a-b884-7f2905d78473,1777363712,0.25,1.0,no,"{""count_fp"":""1.00"",""created_time"":""2026-04-28T08:08:32.931483Z"",""no_price_dollars"":""0.7500"",""taker_side"":""no"",""ticker"":""KXETH15M-26APR280415-15"",""trade_id"":""327c56fb-bb93-4c4a-b884-7f2905d78473"",""yes_price_dollars"":""0.2500""}"
