ticker,trade_id,ts,yes_price,count,taker_side,raw_json
KXETH15M-26APR280245-45,a9ea1674-6c7f-7524-ae70-e4dc3275efcd,1777357816,0.55,2.13,no,"{""count_fp"":""2.13"",""created_time"":""2026-04-28T06:30:16.249092Z"",""no_price_dollars"":""0.4500"",""taker_side"":""no"",""ticker"":""KXETH15M-26APR280245-45"",""trade_id"":""a9ea1674-6c7f-7524-ae70-e4dc3275efcd"",""yes_price_dollars"":""0.5500""}"
KXETH15M-26APR280245-45,94644f15-6d26-61bb-4d0c-173c0c17eaec,1777357823,0.53,1.0,no,"{""count_fp"":""1.00"",""created_time"":""2026-04-28T06:30:23.204815Z"",""no_price_dollars"":""0.4700"",""taker_side"":""no"",""ticker"":""KXETH15M-26APR280245-45"",""trade_id"":""94644f15-6d26-61bb-4d0c-173c0c17eaec"",""yes_price_dollars"":""0.5300""}"
KXETH15M-26APR280245-45,629746f4-222d-6bfd-744b-daf4d49996c0,1777357823,0.52,1.01,no,"{""count_fp"":""1.01"",""created_time"":""2026-04-28T06:30:23.204815Z"",""no_price_dollars"":""0.4800"",""taker_side"":""no"",""ticker"":""KXETH15M-26APR280245-45"",""trade_id"":""629746f4-222d-6bfd-744b-daf4d49996c0"",""yes_price_dollars"":""0.5200""}"
KXETH15M-26APR280245-45,46ff2fd0-e40f-56bb-ea61-8f9212fbaa9d,1777357826,0.54,1.0,no,"{""count_fp"":""1.00"",""created_time"":""2026-04-28T06:30:26.594168Z"",""no_price_dollars"":""0.4600"",""taker_side"":""no"",""ticker"":""KXETH15M-26APR280245-45"",""trade_id"":""46ff2fd0-e40f-56bb-ea61-8f9212fbaa9d"",""yes_price_dollars"":""0.5400""}"
KXETH15M-26APR280245-45,5f88a9ff-0ed1-7cf8-4e80-9a77f87cc5cd,1777357826,0.56,1.73,yes,"{""count_fp"":""1.73"",""created_time"":""2026-04-28T06:30:26.091713Z"",""no_price_dollars"":""0.4400"",""taker_side"":""yes"",""ticker"":""KXETH15M-26APR280245-45"",""trade_id"":""5f88a9ff-0ed1-7cf8-4e80-9a77f87cc5cd"",""yes_price_dollars"":""0.5600""}"
KXETH15M-26APR280245-45,78bf2a8b-6801-59f3-d972-04c94b4dda63,1777357830,0.54,1.0,no,"{""count_fp"":""1.00"",""created_time"":""2026-04-28T06:30:30.190723Z"",""no_price_dollars"":""0.4600"",""taker_side"":""no"",""ticker"":""KXETH15M-26APR280245-45"",""trade_id"":""78bf2a8b-6801-59f3-d972-04c94b4dda63"",""yes_price_dollars"":""0.5400""}"
KXETH15M-26APR280245-45,53af19a3-8e28-581c-d799-64f0be81b191,1777357830,0.55,1.0,no,"{""count_fp"":""1.00"",""created_time"":""2026-04-28T06:30:30.190723Z"",""no_price_dollars"":""0.4500"",""taker_side"":""no"",""ticker"":""KXETH15M-26APR280245-45"",""trade_id"":""53af19a3-8e28-581c-d799-64f0be81b191"",""yes_price_dollars"":""0.5500""}"
KXETH15M-26APR280245-45,701c8a2f-4c20-6de9-b9c9-53f578fde18e,1777357831,0.58,10.0,yes,"{""count_fp"":""10.00"",""created_time"":""2026-04-28T06:30:31.442259Z"",""no_price_dollars"":""0.4200"",""taker_side"":""yes"",""ticker"":""KXETH15M-26APR280245-45"",""trade_id"":""701c8a2f-4c20-6de9-b9c9-53f578fde18e"",""yes_price_dollars"":""0.5800""}"
KXETH15M-26APR280245-45,3a2d73b2-d617-6c77-84ff-1b81834e09a0,1777357831,0.59,1.68,yes,"{""count_fp"":""1.68"",""created_time"":""2026-04-28T06:30:31.442259Z"",""no_price_dollars"":""0.4100"",""taker_side"":""yes"",""ticker"":""KXETH15M-26APR280245-45"",""trade_id"":""3a2d73b2-d617-6c77-84ff-1b81834e09a0"",""yes_price_dollars"":""0.5900""}"
KXETH15M-26APR280245-45,b88e50ad-33dd-602a-3e67-cc1bf547b98e,1777357834,0.55,1.0,no,"{""count_fp"":""1.00"",""created_time"":""2026-04-28T06:30:34.563322Z"",""no_price_dollars"":""0.4500"",""taker_side"":""no"",""ticker"":""KXETH15M-26APR280245-45"",""trade_id"":""b88e50ad-33dd-602a-3e67-cc1bf547b98e"",""yes_price_dollars"":""0.5500""}"
KXETH15M-26APR280245-45,f8af9347-40bd-676a-7135-b62345adeeba,1777357834,0.55,1.0,no,"{""count_fp"":""1.00"",""created_time"":""2026-04-28T06:30:34.459006Z"",""no_price_dollars"":""0.4500"",""taker_side"":""no"",""ticker"":""KXETH15M-26APR280245-45"",""trade_id"":""f8af9347-40bd-676a-7135-b62345adeeba"",""yes_price_dollars"":""0.5500""}"
KXETH15M-26APR280245-45,76f3c50e-8e6d-6bcb-5c25-413f4c0a1ac4,1777357834,0.55,1.0,no,"{""count_fp"":""1.00"",""created_time"":""2026-04-28T06:30:34.459006Z"",""no_price_dollars"":""0.4500"",""taker_side"":""no"",""ticker"":""KXETH15M-26APR280245-45"",""trade_id"":""76f3c50e-8e6d-6bcb-5c25-413f4c0a1ac4"",""yes_price_dollars"":""0.5500""}"
KXETH15M-26APR280245-45,07887cdd-ec0d-65e4-b774-023fa80c5836,1777357835,0.57,1.0,yes,"{""count_fp"":""1.00"",""created_time"":""2026-04-28T06:30:35.747854Z"",""no_price_dollars"":""0.4300"",""taker_side"":""yes"",""ticker"":""KXETH15M-26APR280245-45"",""trade_id"":""07887cdd-ec0d-65e4-b774-023fa80c5836"",""yes_price_dollars"":""0.5700""}"
KXETH15M-26APR280245-45,1fe68b00-cec1-4962-db16-9afb7ff6b292,1777357835,0.55,1.0,no,"{""count_fp"":""1.00"",""created_time"":""2026-04-28T06:30:35.121169Z"",""no_price_dollars"":""0.4500"",""taker_side"":""no"",""ticker"":""KXETH15M-26APR280245-45"",""trade_id"":""1fe68b00-cec1-4962-db16-9afb7ff6b292"",""yes_price_dollars"":""0.5500""}"
KXETH15M-26APR280245-45,334a25fb-8629-5a34-4bd0-5393cdcff856,1777357837,0.57,1.0,yes,"{""count_fp"":""1.00"",""created_time"":""2026-04-28T06:30:37.741256Z"",""no_price_dollars"":""0.4300"",""taker_side"":""yes"",""ticker"":""KXETH15M-26APR280245-45"",""trade_id"":""334a25fb-8629-5a34-4bd0-5393cdcff856"",""yes_price_dollars"":""0.5700""}"
KXETH15M-26APR280245-45,c5592b42-a121-5f84-28c0-034445931efa,1777357838,0.57,3.0,yes,"{""count_fp"":""3.00"",""created_time"":""2026-04-28T06:30:38.748786Z"",""no_price_dollars"":""0.4300"",""taker_side"":""yes"",""ticker"":""KXETH15M-26APR280245-45"",""trade_id"":""c5592b42-a121-5f84-28c0-034445931efa"",""yes_price_dollars"":""0.5700""}"
KXETH15M-26APR280245-45,8faba40b-03ef-525c-3e23-6c8ad39b88d4,1777357838,0.6,10.0,yes,"{""count_fp"":""10.00"",""created_time"":""2026-04-28T06:30:38.748786Z"",""no_price_dollars"":""0.4000"",""taker_side"":""yes"",""ticker"":""KXETH15M-26APR280245-45"",""trade_id"":""8faba40b-03ef-525c-3e23-6c8ad39b88d4"",""yes_price_dollars"":""0.6000""}"
KXETH15M-26APR280245-45,82061cfd-4f27-5e9b-2688-4d2af48a2450,1777357838,0.59,93.32,yes,"{""count_fp"":""93.32"",""created_time"":""2026-04-28T06:30:38.748786Z"",""no_price_dollars"":""0.4100"",""taker_side"":""yes"",""ticker"":""KXETH15M-26APR280245-45"",""trade_id"":""82061cfd-4f27-5e9b-2688-4d2af48a2450"",""yes_price_dollars"":""0.5900""}"
KXETH15M-26APR280245-45,73488546-1499-5e32-024f-796d016763ba,1777357838,0.6,550.0,yes,"{""count_fp"":""550.00"",""created_time"":""2026-04-28T06:30:38.748786Z"",""no_price_dollars"":""0.4000"",""taker_side"":""yes"",""ticker"":""KXETH15M-26APR280245-45"",""trade_id"":""73488546-1499-5e32-024f-796d016763ba"",""yes_price_dollars"":""0.6000""}"
KXETH15M-26APR280245-45,4dcb3eda-98bd-542e-179e-d55568630ff0,1777357838,0.69,100.81,yes,"{""count_fp"":""100.81"",""created_time"":""2026-04-28T06:30:38.748786Z"",""no_price_dollars"":""0.3100"",""taker_side"":""yes"",""ticker"":""KXETH15M-26APR280245-45"",""trade_id"":""4dcb3eda-98bd-542e-179e-d55568630ff0"",""yes_price_dollars"":""0.6900""}"
KXETH15M-26APR280245-45,46f975dc-efa5-59a8-072a-f6e0af8da399,1777357838,0.65,48.27,yes,"{""count_fp"":""48.27"",""created_time"":""2026-04-28T06:30:38.748786Z"",""no_price_dollars"":""0.3500"",""taker_side"":""yes"",""ticker"":""KXETH15M-26APR280245-45"",""trade_id"":""46f975dc-efa5-59a8-072a-f6e0af8da399"",""yes_price_dollars"":""0.6500""}"
KXETH15M-26APR280245-45,2380b232-efce-596a-33f0-e71a8251cf60,1777357838,0.6,1.0,yes,"{""count_fp"":""1.00"",""created_time"":""2026-04-28T06:30:38.748786Z"",""no_price_dollars"":""0.4000"",""taker_side"":""yes"",""ticker"":""KXETH15M-26APR280245-45"",""trade_id"":""2380b232-efce-596a-33f0-e71a8251cf60"",""yes_price_dollars"":""0.6000""}"
KXETH15M-26APR280245-45,127c0eaf-5489-53e8-3440-03746df7c0b1,1777357838,0.6,60.0,yes,"{""count_fp"":""60.00"",""created_time"":""2026-04-28T06:30:38.748786Z"",""no_price_dollars"":""0.4000"",""taker_side"":""yes"",""ticker"":""KXETH15M-26APR280245-45"",""trade_id"":""127c0eaf-5489-53e8-3440-03746df7c0b1"",""yes_price_dollars"":""0.6000""}"
KXETH15M-26APR280245-45,8adbb6ca-9f5b-71c5-9a6e-0aa429beef28,1777357859,0.57,1.0,no,"{""count_fp"":""1.00"",""created_time"":""2026-04-28T06:30:59.404503Z"",""no_price_dollars"":""0.4300"",""taker_side"":""no"",""ticker"":""KXETH15M-26APR280245-45"",""trade_id"":""8adbb6ca-9f5b-71c5-9a6e-0aa429beef28"",""yes_price_dollars"":""0.5700""}"
KXETH15M-26APR280245-45,a6421713-e82f-7e85-7c74-b72dcafbec5d,1777357863,0.59,1.0,yes,"{""count_fp"":""1.00"",""created_time"":""2026-04-28T06:31:03.629258Z"",""no_price_dollars"":""0.4100"",""taker_side"":""yes"",""ticker"":""KXETH15M-26APR280245-45"",""trade_id"":""a6421713-e82f-7e85-7c74-b72dcafbec5d"",""yes_price_dollars"":""0.5900""}"
KXETH15M-26APR280245-45,1eac51ed-fb79-78e1-48cb-3282ef3ad1c7,1777357863,0.58,2.0,yes,"{""count_fp"":""2.00"",""created_time"":""2026-04-28T06:31:03.629258Z"",""no_price_dollars"":""0.4200"",""taker_side"":""yes"",""ticker"":""KXETH15M-26APR280245-45"",""trade_id"":""1eac51ed-fb79-78e1-48cb-3282ef3ad1c7"",""yes_price_dollars"":""0.5800""}"
KXETH15M-26APR280245-45,1d4df751-f3bb-7c52-628c-078fd8b67ee8,1777357863,0.59,10.0,yes,"{""count_fp"":""10.00"",""created_time"":""2026-04-28T06:31:03.629258Z"",""no_price_dollars"":""0.4100"",""taker_side"":""yes"",""ticker"":""KXETH15M-26APR280245-45"",""trade_id"":""1d4df751-f3bb-7c52-628c-078fd8b67ee8"",""yes_price_dollars"":""0.5900""}"
KXETH15M-26APR280245-45,19c7d299-0414-7414-5fa9-85a97c1367a9,1777357863,0.58,9.76,yes,"{""count_fp"":""9.76"",""created_time"":""2026-04-28T06:31:03.629258Z"",""no_price_dollars"":""0.4200"",""taker_side"":""yes"",""ticker"":""KXETH15M-26APR280245-45"",""trade_id"":""19c7d299-0414-7414-5fa9-85a97c1367a9"",""yes_price_dollars"":""0.5800""}"
KXETH15M-26APR280245-45,130d46fe-1017-7311-66e6-d8407b11c10b,1777357863,0.59,8.24,yes,"{""count_fp"":""8.24"",""created_time"":""2026-04-28T06:31:03.629258Z"",""no_price_dollars"":""0.4100"",""taker_side"":""yes"",""ticker"":""KXETH15M-26APR280245-45"",""trade_id"":""130d46fe-1017-7311-66e6-d8407b11c10b"",""yes_price_dollars"":""0.5900""}"
KXETH15M-26APR280245-45,d1356339-b690-684a-d959-2918c5f18fab,1777357870,0.56,2.0,no,"{""count_fp"":""2.00"",""created_time"":""2026-04-28T06:31:10.999172Z"",""no_price_dollars"":""0.4400"",""taker_side"":""no"",""ticker"":""KXETH15M-26APR280245-45"",""trade_id"":""d1356339-b690-684a-d959-2918c5f18fab"",""yes_price_dollars"":""0.5600""}"
KXETH15M-26APR280245-45,3115669e-db8f-68f9-7f77-d1747a9339e3,1777357874,0.59,1.64,yes,"{""count_fp"":""1.64"",""created_time"":""2026-04-28T06:31:14.967749Z"",""no_price_dollars"":""0.4100"",""taker_side"":""yes"",""ticker"":""KXETH15M-26APR280245-45"",""trade_id"":""3115669e-db8f-68f9-7f77-d1747a9339e3"",""yes_price_dollars"":""0.5900""}"
KXETH15M-26APR280245-45,f94f6bee-58e3-7951-42af-528659c0883b,1777357876,0.59,98.36,yes,"{""count_fp"":""98.36"",""created_time"":""2026-04-28T06:31:16.333373Z"",""no_price_dollars"":""0.4100"",""taker_side"":""yes"",""ticker"":""KXETH15M-26APR280245-45"",""trade_id"":""f94f6bee-58e3-7951-42af-528659c0883b"",""yes_price_dollars"":""0.5900""}"
KXETH15M-26APR280245-45,46a88e3e-15fe-76cb-44d3-3327c77cf966,1777357876,0.61,101.0,yes,"{""count_fp"":""101.00"",""created_time"":""2026-04-28T06:31:16.333373Z"",""no_price_dollars"":""0.3900"",""taker_side"":""yes"",""ticker"":""KXETH15M-26APR280245-45"",""trade_id"":""46a88e3e-15fe-76cb-44d3-3327c77cf966"",""yes_price_dollars"":""0.6100""}"
KXETH15M-26APR280245-45,3a5173e6-a903-744e-6fb1-759339597ab5,1777357876,0.59,1.0,yes,"{""count_fp"":""1.00"",""created_time"":""2026-04-28T06:31:16.333373Z"",""no_price_dollars"":""0.4100"",""taker_side"":""yes"",""ticker"":""KXETH15M-26APR280245-45"",""trade_id"":""3a5173e6-a903-744e-6fb1-759339597ab5"",""yes_price_dollars"":""0.5900""}"
KXETH15M-26APR280245-45,03855429-b777-7345-4738-6d4f84075960,1777357876,0.62,198.57,yes,"{""count_fp"":""198.57"",""created_time"":""2026-04-28T06:31:16.333373Z"",""no_price_dollars"":""0.3800"",""taker_side"":""yes"",""ticker"":""KXETH15M-26APR280245-45"",""trade_id"":""03855429-b777-7345-4738-6d4f84075960"",""yes_price_dollars"":""0.6200""}"
KXETH15M-26APR280245-45,c85415a4-9ce3-72ee-fea4-ab227a48d579,1777357880,0.59,1.0,yes,"{""count_fp"":""1.00"",""created_time"":""2026-04-28T06:31:20.790242Z"",""no_price_dollars"":""0.4100"",""taker_side"":""yes"",""ticker"":""KXETH15M-26APR280245-45"",""trade_id"":""c85415a4-9ce3-72ee-fea4-ab227a48d579"",""yes_price_dollars"":""0.5900""}"
KXETH15M-26APR280245-45,0fbc7150-45f5-7a0a-cd5d-ad59e782850b,1777357880,0.59,40.19,yes,"{""count_fp"":""40.19"",""created_time"":""2026-04-28T06:31:20.790242Z"",""no_price_dollars"":""0.4100"",""taker_side"":""yes"",""ticker"":""KXETH15M-26APR280245-45"",""trade_id"":""0fbc7150-45f5-7a0a-cd5d-ad59e782850b"",""yes_price_dollars"":""0.5900""}"
KXETH15M-26APR280245-45,ff32c9f3-fc81-4fb6-99b4-696b5a449973,1777357885,0.59,16.47,yes,"{""count_fp"":""16.47"",""created_time"":""2026-04-28T06:31:25.034414Z"",""no_price_dollars"":""0.4100"",""taker_side"":""yes"",""ticker"":""KXETH15M-26APR280245-45"",""trade_id"":""ff32c9f3-fc81-4fb6-99b4-696b5a449973"",""yes_price_dollars"":""0.5900""}"
KXETH15M-26APR280245-45,57db0ff1-b4d7-5aaf-e7cb-b14112523f19,1777357893,0.59,10.0,yes,"{""count_fp"":""10.00"",""created_time"":""2026-04-28T06:31:33.622866Z"",""no_price_dollars"":""0.4100"",""taker_side"":""yes"",""ticker"":""KXETH15M-26APR280245-45"",""trade_id"":""57db0ff1-b4d7-5aaf-e7cb-b14112523f19"",""yes_price_dollars"":""0.5900""}"
KXETH15M-26APR280245-45,c9275bc8-d9cd-6c09-3e64-6f5a3e004622,1777357893,0.57,1.13,no,"{""count_fp"":""1.13"",""created_time"":""2026-04-28T06:31:33.243944Z"",""no_price_dollars"":""0.4300"",""taker_side"":""no"",""ticker"":""KXETH15M-26APR280245-45"",""trade_id"":""c9275bc8-d9cd-6c09-3e64-6f5a3e004622"",""yes_price_dollars"":""0.5700""}"
KXETH15M-26APR280245-45,757db060-1687-6c9e-1517-82a97332536a,1777357893,0.57,10.0,no,"{""count_fp"":""10.00"",""created_time"":""2026-04-28T06:31:33.243944Z"",""no_price_dollars"":""0.4300"",""taker_side"":""no"",""ticker"":""KXETH15M-26APR280245-45"",""trade_id"":""757db060-1687-6c9e-1517-82a97332536a"",""yes_price_dollars"":""0.5700""}"
KXETH15M-26APR280245-45,3991c800-4871-432b-cd0a-501913a70b60,1777357899,0.64,1.0,yes,"{""count_fp"":""1.00"",""created_time"":""2026-04-28T06:31:39.362028Z"",""no_price_dollars"":""0.3600"",""taker_side"":""yes"",""ticker"":""KXETH15M-26APR280245-45"",""trade_id"":""3991c800-4871-432b-cd0a-501913a70b60"",""yes_price_dollars"":""0.6400""}"
KXETH15M-26APR280245-45,e26f4e8d-f5f6-693c-6a65-5ae7810b9f3d,1777357904,0.63,1.0,yes,"{""count_fp"":""1.00"",""created_time"":""2026-04-28T06:31:44.650821Z"",""no_price_dollars"":""0.3700"",""taker_side"":""yes"",""ticker"":""KXETH15M-26APR280245-45"",""trade_id"":""e26f4e8d-f5f6-693c-6a65-5ae7810b9f3d"",""yes_price_dollars"":""0.6300""}"
KXETH15M-26APR280245-45,e929e771-cac5-5c5a-673b-d3db9717d0af,1777357909,0.61,100.0,yes,"{""count_fp"":""100.00"",""created_time"":""2026-04-28T06:31:49.577587Z"",""no_price_dollars"":""0.3900"",""taker_side"":""yes"",""ticker"":""KXETH15M-26APR280245-45"",""trade_id"":""e929e771-cac5-5c5a-673b-d3db9717d0af"",""yes_price_dollars"":""0.6100""}"
KXETH15M-26APR280245-45,dde3f799-3d36-5850-74f0-e7fc34e5d77d,1777357909,0.64,100.0,yes,"{""count_fp"":""100.00"",""created_time"":""2026-04-28T06:31:49.577587Z"",""no_price_dollars"":""0.3600"",""taker_side"":""yes"",""ticker"":""KXETH15M-26APR280245-45"",""trade_id"":""dde3f799-3d36-5850-74f0-e7fc34e5d77d"",""yes_price_dollars"":""0.6400""}"
KXETH15M-26APR280245-45,cdcb15f5-8931-58c5-4df2-cb5b53716e0c,1777357909,0.62,1.0,yes,"{""count_fp"":""1.00"",""created_time"":""2026-04-28T06:31:49.577587Z"",""no_price_dollars"":""0.3800"",""taker_side"":""yes"",""ticker"":""KXETH15M-26APR280245-45"",""trade_id"":""cdcb15f5-8931-58c5-4df2-cb5b53716e0c"",""yes_price_dollars"":""0.6200""}"
KXETH15M-26APR280245-45,765cc332-30c5-5273-5b36-2441f3820b89,1777357909,0.63,10.0,yes,"{""count_fp"":""10.00"",""created_time"":""2026-04-28T06:31:49.577587Z"",""no_price_dollars"":""0.3700"",""taker_side"":""yes"",""ticker"":""KXETH15M-26APR280245-45"",""trade_id"":""765cc332-30c5-5273-5b36-2441f3820b89"",""yes_price_dollars"":""0.6300""}"
KXETH15M-26APR280245-45,61c7bc97-ad77-5efd-70ba-9ca779c123f4,1777357909,0.65,96.18,yes,"{""count_fp"":""96.18"",""created_time"":""2026-04-28T06:31:49.577587Z"",""no_price_dollars"":""0.3500"",""taker_side"":""yes"",""ticker"":""KXETH15M-26APR280245-45"",""trade_id"":""61c7bc97-ad77-5efd-70ba-9ca779c123f4"",""yes_price_dollars"":""0.6500""}"
KXETH15M-26APR280245-45,4fb3ccf1-a9d8-5f5e-5bfa-a8055b594c10,1777357909,0.62,10.0,yes,"{""count_fp"":""10.00"",""created_time"":""2026-04-28T06:31:49.577587Z"",""no_price_dollars"":""0.3800"",""taker_side"":""yes"",""ticker"":""KXETH15M-26APR280245-45"",""trade_id"":""4fb3ccf1-a9d8-5f5e-5bfa-a8055b594c10"",""yes_price_dollars"":""0.6200""}"
KXETH15M-26APR280245-45,3e4acf78-a2fc-5ada-5f6b-47498a779d97,1777357909,0.63,60.0,yes,"{""count_fp"":""60.00"",""created_time"":""2026-04-28T06:31:49.577587Z"",""no_price_dollars"":""0.3700"",""taker_side"":""yes"",""ticker"":""KXETH15M-26APR280245-45"",""trade_id"":""3e4acf78-a2fc-5ada-5f6b-47498a779d97"",""yes_price_dollars"":""0.6300""}"
KXETH15M-26APR280245-45,90151d48-aa35-4270-1510-1d4613b80309,1777357910,0.59,1.0,yes,"{""count_fp"":""1.00"",""created_time"":""2026-04-28T06:31:50.951013Z"",""no_price_dollars"":""0.4100"",""taker_side"":""yes"",""ticker"":""KXETH15M-26APR280245-45"",""trade_id"":""90151d48-aa35-4270-1510-1d4613b80309"",""yes_price_dollars"":""0.5900""}"
KXETH15M-26APR280245-45,83056167-2257-4711-0a4f-8fb586dd41d0,1777357910,0.6,41.3,yes,"{""count_fp"":""41.30"",""created_time"":""2026-04-28T06:31:50.951013Z"",""no_price_dollars"":""0.4000"",""taker_side"":""yes"",""ticker"":""KXETH15M-26APR280245-45"",""trade_id"":""83056167-2257-4711-0a4f-8fb586dd41d0"",""yes_price_dollars"":""0.6000""}"
KXETH15M-26APR280245-45,235b468d-82a7-4240-0c20-48b491bfb44f,1777357910,0.59,7.7,yes,"{""count_fp"":""7.70"",""created_time"":""2026-04-28T06:31:50.951013Z"",""no_price_dollars"":""0.4100"",""taker_side"":""yes"",""ticker"":""KXETH15M-26APR280245-45"",""trade_id"":""235b468d-82a7-4240-0c20-48b491bfb44f"",""yes_price_dollars"":""0.5900""}"
KXETH15M-26APR280245-45,01177358-8c2e-45df-69cc-b90b6e9c332a,1777357910,0.58,10.0,no,"{""count_fp"":""10.00"",""created_time"":""2026-04-28T06:31:50.936123Z"",""no_price_dollars"":""0.4200"",""taker_side"":""no"",""ticker"":""KXETH15M-26APR280245-45"",""trade_id"":""01177358-8c2e-45df-69cc-b90b6e9c332a"",""yes_price_dollars"":""0.5800""}"
KXETH15M-26APR280245-45,ffae498d-6f74-51c0-6693-f87f761545e2,1777357911,0.56,2.0,no,"{""count_fp"":""2.00"",""created_time"":""2026-04-28T06:31:51.071932Z"",""no_price_dollars"":""0.4400"",""taker_side"":""no"",""ticker"":""KXETH15M-26APR280245-45"",""trade_id"":""ffae498d-6f74-51c0-6693-f87f761545e2"",""yes_price_dollars"":""0.5600""}"
KXETH15M-26APR280245-45,93f63dca-c514-5042-fb9a-50e51cc10432,1777357913,0.57,8.51,yes,"{""count_fp"":""8.51"",""created_time"":""2026-04-28T06:31:53.041688Z"",""no_price_dollars"":""0.4300"",""taker_side"":""yes"",""ticker"":""KXETH15M-26APR280245-45"",""trade_id"":""93f63dca-c514-5042-fb9a-50e51cc10432"",""yes_price_dollars"":""0.5700""}"
KXETH15M-26APR280245-45,5f2d90ec-b62a-6fcb-3e1e-ebb537270dd0,1777357914,0.56,10.0,no,"{""count_fp"":""10.00"",""created_time"":""2026-04-28T06:31:54.663923Z"",""no_price_dollars"":""0.4400"",""taker_side"":""no"",""ticker"":""KXETH15M-26APR280245-45"",""trade_id"":""5f2d90ec-b62a-6fcb-3e1e-ebb537270dd0"",""yes_price_dollars"":""0.5600""}"
KXETH15M-26APR280245-45,1d8cb3cc-f038-5954-78b7-deda96c98a22,1777357914,0.56,38.0,no,"{""count_fp"":""38.00"",""created_time"":""2026-04-28T06:31:54.663626Z"",""no_price_dollars"":""0.4400"",""taker_side"":""no"",""ticker"":""KXETH15M-26APR280245-45"",""trade_id"":""1d8cb3cc-f038-5954-78b7-deda96c98a22"",""yes_price_dollars"":""0.5600""}"
KXETH15M-26APR280245-45,cc338c77-72a9-7659-dbcb-ba513ba7f8cd,1777357915,0.54,1.0,yes,"{""count_fp"":""1.00"",""created_time"":""2026-04-28T06:31:55.277525Z"",""no_price_dollars"":""0.4600"",""taker_side"":""yes"",""ticker"":""KXETH15M-26APR280245-45"",""trade_id"":""cc338c77-72a9-7659-dbcb-ba513ba7f8cd"",""yes_price_dollars"":""0.5400""}"
KXETH15M-26APR280245-45,7be89086-f28c-7b0c-ec56-8aa2a9b69433,1777357915,0.54,10.0,yes,"{""count_fp"":""10.00"",""created_time"":""2026-04-28T06:31:55.277525Z"",""no_price_dollars"":""0.4600"",""taker_side"":""yes"",""ticker"":""KXETH15M-26APR280245-45"",""trade_id"":""7be89086-f28c-7b0c-ec56-8aa2a9b69433"",""yes_price_dollars"":""0.5400""}"
KXETH15M-26APR280245-45,53c9b4ec-fb68-77a6-c3d2-70d788d66792,1777357915,0.54,5.0,yes,"{""count_fp"":""5.00"",""created_time"":""2026-04-28T06:31:55.277525Z"",""no_price_dollars"":""0.4600"",""taker_side"":""yes"",""ticker"":""KXETH15M-26APR280245-45"",""trade_id"":""53c9b4ec-fb68-77a6-c3d2-70d788d66792"",""yes_price_dollars"":""0.5400""}"
KXETH15M-26APR280245-45,a5fca776-99a1-6d3b-c39e-50270314b6ed,1777357920,0.51,10.0,no,"{""count_fp"":""10.00"",""created_time"":""2026-04-28T06:32:00.232085Z"",""no_price_dollars"":""0.4900"",""taker_side"":""no"",""ticker"":""KXETH15M-26APR280245-45"",""trade_id"":""a5fca776-99a1-6d3b-c39e-50270314b6ed"",""yes_price_dollars"":""0.5100""}"
KXETH15M-26APR280245-45,f132d60f-135d-4a04-6a40-68a76f0d1d63,1777357920,0.51,54.01,no,"{""count_fp"":""54.01"",""created_time"":""2026-04-28T06:32:00.189765Z"",""no_price_dollars"":""0.4900"",""taker_side"":""no"",""ticker"":""KXETH15M-26APR280245-45"",""trade_id"":""f132d60f-135d-4a04-6a40-68a76f0d1d63"",""yes_price_dollars"":""0.5100""}"
KXETH15M-26APR280245-45,9ced1b40-34ad-4eb1-59cf-9fb424dabb0c,1777357920,0.52,0.99,no,"{""count_fp"":""0.99"",""created_time"":""2026-04-28T06:32:00.189765Z"",""no_price_dollars"":""0.4800"",""taker_side"":""no"",""ticker"":""KXETH15M-26APR280245-45"",""trade_id"":""9ced1b40-34ad-4eb1-59cf-9fb424dabb0c"",""yes_price_dollars"":""0.5200""}"
KXETH15M-26APR280245-45,b75bb9a7-bde9-41e9-4d59-536c58686e0c,1777357920,0.52,55.0,no,"{""count_fp"":""55.00"",""created_time"":""2026-04-28T06:32:00.185388Z"",""no_price_dollars"":""0.4800"",""taker_side"":""no"",""ticker"":""KXETH15M-26APR280245-45"",""trade_id"":""b75bb9a7-bde9-41e9-4d59-536c58686e0c"",""yes_price_dollars"":""0.5200""}"
KXETH15M-26APR280245-45,cbd658ca-09c4-4ec5-8afe-a316da8a4003,1777357921,0.45,1.0,yes,"{""count_fp"":""1.00"",""created_time"":""2026-04-28T06:32:01.566587Z"",""no_price_dollars"":""0.5500"",""taker_side"":""yes"",""ticker"":""KXETH15M-26APR280245-45"",""trade_id"":""cbd658ca-09c4-4ec5-8afe-a316da8a4003"",""yes_price_dollars"":""0.4500""}"
KXETH15M-26APR280245-45,c1ed232f-1520-7c65-6a32-98a0dd5ecc67,1777357921,0.45,11.0,yes,"{""count_fp"":""11.00"",""created_time"":""2026-04-28T06:32:01.358803Z"",""no_price_dollars"":""0.5500"",""taker_side"":""yes"",""ticker"":""KXETH15M-26APR280245-45"",""trade_id"":""c1ed232f-1520-7c65-6a32-98a0dd5ecc67"",""yes_price_dollars"":""0.4500""}"
KXETH15M-26APR280245-45,79ac698f-60bc-7ee9-f772-6dec93dd3b9b,1777357922,0.45,10.68,yes,"{""count_fp"":""10.68"",""created_time"":""2026-04-28T06:32:02.724367Z"",""no_price_dollars"":""0.5500"",""taker_side"":""yes"",""ticker"":""KXETH15M-26APR280245-45"",""trade_id"":""79ac698f-60bc-7ee9-f772-6dec93dd3b9b"",""yes_price_dollars"":""0.4500""}"
KXETH15M-26APR280245-45,23401ace-f769-7279-67fa-5bcf5144a94d,1777357923,0.44,10.0,no,"{""count_fp"":""10.00"",""created_time"":""2026-04-28T06:32:03.544974Z"",""no_price_dollars"":""0.5600"",""taker_side"":""no"",""ticker"":""KXETH15M-26APR280245-45"",""trade_id"":""23401ace-f769-7279-67fa-5bcf5144a94d"",""yes_price_dollars"":""0.4400""}"
KXETH15M-26APR280245-45,1ba3cd5d-4550-53ed-b3b9-5a9485bbb357,1777357924,0.42,1.0,yes,"{""count_fp"":""1.00"",""created_time"":""2026-04-28T06:32:04.873531Z"",""no_price_dollars"":""0.5800"",""taker_side"":""yes"",""ticker"":""KXETH15M-26APR280245-45"",""trade_id"":""1ba3cd5d-4550-53ed-b3b9-5a9485bbb357"",""yes_price_dollars"":""0.4200""}"
KXETH15M-26APR280245-45,fffe05fd-0aa3-5645-6d9a-0d9588082178,1777357927,0.45,19.0,yes,"{""count_fp"":""19.00"",""created_time"":""2026-04-28T06:32:07.617862Z"",""no_price_dollars"":""0.5500"",""taker_side"":""yes"",""ticker"":""KXETH15M-26APR280245-45"",""trade_id"":""fffe05fd-0aa3-5645-6d9a-0d9588082178"",""yes_price_dollars"":""0.4500""}"
KXETH15M-26APR280245-45,eeab2c70-acb0-534e-4cd5-5ff807d120eb,1777357927,0.43,1.0,yes,"{""count_fp"":""1.00"",""created_time"":""2026-04-28T06:32:07.617862Z"",""no_price_dollars"":""0.5700"",""taker_side"":""yes"",""ticker"":""KXETH15M-26APR280245-45"",""trade_id"":""eeab2c70-acb0-534e-4cd5-5ff807d120eb"",""yes_price_dollars"":""0.4300""}"
KXETH15M-26APR280245-45,cd5a3110-be50-57bd-55b1-76c9d1f0010c,1777357927,0.42,10.0,yes,"{""count_fp"":""10.00"",""created_time"":""2026-04-28T06:32:07.617862Z"",""no_price_dollars"":""0.5800"",""taker_side"":""yes"",""ticker"":""KXETH15M-26APR280245-45"",""trade_id"":""cd5a3110-be50-57bd-55b1-76c9d1f0010c"",""yes_price_dollars"":""0.4200""}"
KXETH15M-26APR280245-45,5245e0a3-062a-5752-7d87-02edee2bab48,1777357927,0.43,10.0,yes,"{""count_fp"":""10.00"",""created_time"":""2026-04-28T06:32:07.617862Z"",""no_price_dollars"":""0.5700"",""taker_side"":""yes"",""ticker"":""KXETH15M-26APR280245-45"",""trade_id"":""5245e0a3-062a-5752-7d87-02edee2bab48"",""yes_price_dollars"":""0.4300""}"
KXETH15M-26APR280245-45,fb018daa-fcac-4009-4949-2642dbd1672b,1777357927,0.41,100.0,yes,"{""count_fp"":""100.00"",""created_time"":""2026-04-28T06:32:07.527549Z"",""no_price_dollars"":""0.5900"",""taker_side"":""yes"",""ticker"":""KXETH15M-26APR280245-45"",""trade_id"":""fb018daa-fcac-4009-4949-2642dbd1672b"",""yes_price_dollars"":""0.4100""}"
KXETH15M-26APR280245-45,f66819ad-98e2-730d-3cbd-2643a84fb347,1777357927,0.4,1.0,no,"{""count_fp"":""1.00"",""created_time"":""2026-04-28T06:32:07.363052Z"",""no_price_dollars"":""0.6000"",""taker_side"":""no"",""ticker"":""KXETH15M-26APR280245-45"",""trade_id"":""f66819ad-98e2-730d-3cbd-2643a84fb347"",""yes_price_dollars"":""0.4000""}"
KXETH15M-26APR280245-45,ac3330f9-138b-5ea9-04f9-cbc9e836e3a0,1777357931,0.43,216.48,yes,"{""count_fp"":""216.48"",""created_time"":""2026-04-28T06:32:11.267972Z"",""no_price_dollars"":""0.5700"",""taker_side"":""yes"",""ticker"":""KXETH15M-26APR280245-45"",""trade_id"":""ac3330f9-138b-5ea9-04f9-cbc9e836e3a0"",""yes_price_dollars"":""0.4300""}"
KXETH15M-26APR280245-45,9db4676d-849c-5f40-2693-04911a7f8c84,1777357931,0.41,1.0,yes,"{""count_fp"":""1.00"",""created_time"":""2026-04-28T06:32:11.267972Z"",""no_price_dollars"":""0.5900"",""taker_side"":""yes"",""ticker"":""KXETH15M-26APR280245-45"",""trade_id"":""9db4676d-849c-5f40-2693-04911a7f8c84"",""yes_price_dollars"":""0.4100""}"
KXETH15M-26APR280245-45,8f68729b-cf40-5fa8-1d12-f2e6f0ab894f,1777357931,0.4,100.0,yes,"{""count_fp"":""100.00"",""created_time"":""2026-04-28T06:32:11.267972Z"",""no_price_dollars"":""0.6000"",""taker_side"":""yes"",""ticker"":""KXETH15M-26APR280245-45"",""trade_id"":""8f68729b-cf40-5fa8-1d12-f2e6f0ab894f"",""yes_price_dollars"":""0.4000""}"
KXETH15M-26APR280245-45,40e27dd1-9388-5dac-1780-97b9b0be3e8e,1777357931,0.41,10.0,yes,"{""count_fp"":""10.00"",""created_time"":""2026-04-28T06:32:11.267972Z"",""no_price_dollars"":""0.5900"",""taker_side"":""yes"",""ticker"":""KXETH15M-26APR280245-45"",""trade_id"":""40e27dd1-9388-5dac-1780-97b9b0be3e8e"",""yes_price_dollars"":""0.4100""}"
KXETH15M-26APR280245-45,536f7e4e-cc25-60c1-045b-798e8e59c49d,1777357937,0.37,1.0,no,"{""count_fp"":""1.00"",""created_time"":""2026-04-28T06:32:17.148827Z"",""no_price_dollars"":""0.6300"",""taker_side"":""no"",""ticker"":""KXETH15M-26APR280245-45"",""trade_id"":""536f7e4e-cc25-60c1-045b-798e8e59c49d"",""yes_price_dollars"":""0.3700""}"
KXETH15M-26APR280245-45,70e9ce70-20d8-7349-4e0d-f53a64361fcf,1777357938,0.37,1.0,no,"{""count_fp"":""1.00"",""created_time"":""2026-04-28T06:32:18.223819Z"",""no_price_dollars"":""0.6300"",""taker_side"":""no"",""ticker"":""KXETH15M-26APR280245-45"",""trade_id"":""70e9ce70-20d8-7349-4e0d-f53a64361fcf"",""yes_price_dollars"":""0.3700""}"
KXETH15M-26APR280245-45,1a286ba7-cd68-7953-7b1f-0c43e1924d20,1777357938,0.37,0.54,no,"{""count_fp"":""0.54"",""created_time"":""2026-04-28T06:32:18.223819Z"",""no_price_dollars"":""0.6300"",""taker_side"":""no"",""ticker"":""KXETH15M-26APR280245-45"",""trade_id"":""1a286ba7-cd68-7953-7b1f-0c43e1924d20"",""yes_price_dollars"":""0.3700""}"
KXETH15M-26APR280245-45,141c3bb8-b79a-74b9-42c7-2931b72f713f,1777357938,0.36,18.46,no,"{""count_fp"":""18.46"",""created_time"":""2026-04-28T06:32:18.223819Z"",""no_price_dollars"":""0.6400"",""taker_side"":""no"",""ticker"":""KXETH15M-26APR280245-45"",""trade_id"":""141c3bb8-b79a-74b9-42c7-2931b72f713f"",""yes_price_dollars"":""0.3600""}"
KXETH15M-26APR280245-45,c5731253-4504-46d3-224c-ef42727f23c0,1777357938,0.37,10.0,no,"{""count_fp"":""10.00"",""created_time"":""2026-04-28T06:32:18.207691Z"",""no_price_dollars"":""0.6300"",""taker_side"":""no"",""ticker"":""KXETH15M-26APR280245-45"",""trade_id"":""c5731253-4504-46d3-224c-ef42727f23c0"",""yes_price_dollars"":""0.3700""}"
KXETH15M-26APR280245-45,5c290698-787c-4ec7-07a1-3cf0823290cd,1777357938,0.37,10.0,no,"{""count_fp"":""10.00"",""created_time"":""2026-04-28T06:32:18.207691Z"",""no_price_dollars"":""0.6300"",""taker_side"":""no"",""ticker"":""KXETH15M-26APR280245-45"",""trade_id"":""5c290698-787c-4ec7-07a1-3cf0823290cd"",""yes_price_dollars"":""0.3700""}"
KXETH15M-26APR280245-45,745c5548-f4e6-79d9-4919-44f34ea172db,1777357941,0.32,1.0,no,"{""count_fp"":""1.00"",""created_time"":""2026-04-28T06:32:21.789345Z"",""no_price_dollars"":""0.6800"",""taker_side"":""no"",""ticker"":""KXETH15M-26APR280245-45"",""trade_id"":""745c5548-f4e6-79d9-4919-44f34ea172db"",""yes_price_dollars"":""0.3200""}"
KXETH15M-26APR280245-45,3a2c60ee-1abd-4e23-089a-301d1a20a878,1777357941,0.34,11.13,yes,"{""count_fp"":""11.13"",""created_time"":""2026-04-28T06:32:21.406905Z"",""no_price_dollars"":""0.6600"",""taker_side"":""yes"",""ticker"":""KXETH15M-26APR280245-45"",""trade_id"":""3a2c60ee-1abd-4e23-089a-301d1a20a878"",""yes_price_dollars"":""0.3400""}"
KXETH15M-26APR280245-45,b7399341-a89b-6380-e683-e883acd463df,1777357949,0.3,1.0,no,"{""count_fp"":""1.00"",""created_time"":""2026-04-28T06:32:29.988075Z"",""no_price_dollars"":""0.7000"",""taker_side"":""no"",""ticker"":""KXETH15M-26APR280245-45"",""trade_id"":""b7399341-a89b-6380-e683-e883acd463df"",""yes_price_dollars"":""0.3000""}"
KXETH15M-26APR280245-45,98a4168e-712b-6276-de97-a59428d2a871,1777357949,0.3,1.0,no,"{""count_fp"":""1.00"",""created_time"":""2026-04-28T06:32:29.988075Z"",""no_price_dollars"":""0.7000"",""taker_side"":""no"",""ticker"":""KXETH15M-26APR280245-45"",""trade_id"":""98a4168e-712b-6276-de97-a59428d2a871"",""yes_price_dollars"":""0.3000""}"
KXETH15M-26APR280245-45,96e3601f-7f36-7042-c47e-d72fd8274783,1777357951,0.38,3.0,yes,"{""count_fp"":""3.00"",""created_time"":""2026-04-28T06:32:31.957175Z"",""no_price_dollars"":""0.6200"",""taker_side"":""yes"",""ticker"":""KXETH15M-26APR280245-45"",""trade_id"":""96e3601f-7f36-7042-c47e-d72fd8274783"",""yes_price_dollars"":""0.3800""}"
KXETH15M-26APR280245-45,f6a58109-8bf6-4a9c-2740-805d112cce23,1777357951,0.32,1.0,yes,"{""count_fp"":""1.00"",""created_time"":""2026-04-28T06:32:31.529279Z"",""no_price_dollars"":""0.6800"",""taker_side"":""yes"",""ticker"":""KXETH15M-26APR280245-45"",""trade_id"":""f6a58109-8bf6-4a9c-2740-805d112cce23"",""yes_price_dollars"":""0.3200""}"
KXETH15M-26APR280245-45,c0c4d62c-d817-4059-34de-ab41805c38ce,1777357951,0.34,10.0,yes,"{""count_fp"":""10.00"",""created_time"":""2026-04-28T06:32:31.529279Z"",""no_price_dollars"":""0.6600"",""taker_side"":""yes"",""ticker"":""KXETH15M-26APR280245-45"",""trade_id"":""c0c4d62c-d817-4059-34de-ab41805c38ce"",""yes_price_dollars"":""0.3400""}"
KXETH15M-26APR280245-45,13400f91-fe96-420f-2b37-91360093014e,1777357951,0.32,5.0,yes,"{""count_fp"":""5.00"",""created_time"":""2026-04-28T06:32:31.529279Z"",""no_price_dollars"":""0.6800"",""taker_side"":""yes"",""ticker"":""KXETH15M-26APR280245-45"",""trade_id"":""13400f91-fe96-420f-2b37-91360093014e"",""yes_price_dollars"":""0.3200""}"
KXETH15M-26APR280245-45,2cdef9a3-2220-5b24-4e89-e7e1bc8148f9,1777357952,0.39,10.0,yes,"{""count_fp"":""10.00"",""created_time"":""2026-04-28T06:32:32.112349Z"",""no_price_dollars"":""0.6100"",""taker_side"":""yes"",""ticker"":""KXETH15M-26APR280245-45"",""trade_id"":""2cdef9a3-2220-5b24-4e89-e7e1bc8148f9"",""yes_price_dollars"":""0.3900""}"
KXETH15M-26APR280245-45,edf6b4ad-0db9-56fd-a75d-663a7bb23e09,1777357953,0.41,1.0,no,"{""count_fp"":""1.00"",""created_time"":""2026-04-28T06:32:33.496652Z"",""no_price_dollars"":""0.5900"",""taker_side"":""no"",""ticker"":""KXETH15M-26APR280245-45"",""trade_id"":""edf6b4ad-0db9-56fd-a75d-663a7bb23e09"",""yes_price_dollars"":""0.4100""}"
KXETH15M-26APR280245-45,9f9f6f7a-1124-5e57-ae46-9f53b5f8a176,1777357953,0.41,2.19,no,"{""count_fp"":""2.19"",""created_time"":""2026-04-28T06:32:33.496652Z"",""no_price_dollars"":""0.5900"",""taker_side"":""no"",""ticker"":""KXETH15M-26APR280245-45"",""trade_id"":""9f9f6f7a-1124-5e57-ae46-9f53b5f8a176"",""yes_price_dollars"":""0.4100""}"
KXETH15M-26APR280245-45,e52279ac-6539-637c-8c31-cdaccce06136,1777357956,0.4,9.75,no,"{""count_fp"":""9.75"",""created_time"":""2026-04-28T06:32:36.170709Z"",""no_price_dollars"":""0.6000"",""taker_side"":""no"",""ticker"":""KXETH15M-26APR280245-45"",""trade_id"":""e52279ac-6539-637c-8c31-cdaccce06136"",""yes_price_dollars"":""0.4000""}"
KXETH15M-26APR280245-45,6e3df747-b61c-6be7-9dbe-19a8e19964fc,1777357956,0.4,1.0,no,"{""count_fp"":""1.00"",""created_time"":""2026-04-28T06:32:36.170709Z"",""no_price_dollars"":""0.6000"",""taker_side"":""no"",""ticker"":""KXETH15M-26APR280245-45"",""trade_id"":""6e3df747-b61c-6be7-9dbe-19a8e19964fc"",""yes_price_dollars"":""0.4000""}"
KXETH15M-26APR280245-45,62710280-ab2c-6d0c-9a94-6847cdaa55d4,1777357956,0.4,5.46,no,"{""count_fp"":""5.46"",""created_time"":""2026-04-28T06:32:36.170709Z"",""no_price_dollars"":""0.6000"",""taker_side"":""no"",""ticker"":""KXETH15M-26APR280245-45"",""trade_id"":""62710280-ab2c-6d0c-9a94-6847cdaa55d4"",""yes_price_dollars"":""0.4000""}"
KXETH15M-26APR280245-45,6f315211-9032-6f62-7726-da4bcbd64fb0,1777357959,0.39,1.0,no,"{""count_fp"":""1.00"",""created_time"":""2026-04-28T06:32:39.552744Z"",""no_price_dollars"":""0.6100"",""taker_side"":""no"",""ticker"":""KXETH15M-26APR280245-45"",""trade_id"":""6f315211-9032-6f62-7726-da4bcbd64fb0"",""yes_price_dollars"":""0.3900""}"
KXETH15M-26APR280245-45,2dc2ac00-f7ae-6b4d-5784-de92ae0c1e4f,1777357959,0.39,25.0,no,"{""count_fp"":""25.00"",""created_time"":""2026-04-28T06:32:39.552744Z"",""no_price_dollars"":""0.6100"",""taker_side"":""no"",""ticker"":""KXETH15M-26APR280245-45"",""trade_id"":""2dc2ac00-f7ae-6b4d-5784-de92ae0c1e4f"",""yes_price_dollars"":""0.3900""}"
KXETH15M-26APR280245-45,f0773b03-d5c2-49c1-dc93-5138e59caa3b,1777357961,0.39,31.91,no,"{""count_fp"":""31.91"",""created_time"":""2026-04-28T06:32:41.751094Z"",""no_price_dollars"":""0.6100"",""taker_side"":""no"",""ticker"":""KXETH15M-26APR280245-45"",""trade_id"":""f0773b03-d5c2-49c1-dc93-5138e59caa3b"",""yes_price_dollars"":""0.3900""}"
KXETH15M-26APR280245-45,968a6d26-791c-7215-572c-9b9acd505f2e,1777357969,0.38,1.0,no,"{""count_fp"":""1.00"",""created_time"":""2026-04-28T06:32:49.650647Z"",""no_price_dollars"":""0.6200"",""taker_side"":""no"",""ticker"":""KXETH15M-26APR280245-45"",""trade_id"":""968a6d26-791c-7215-572c-9b9acd505f2e"",""yes_price_dollars"":""0.3800""}"
KXETH15M-26APR280245-45,5db5953f-7c68-46e3-13d9-2d0efc1d45cd,1777357970,0.35,10.0,no,"{""count_fp"":""10.00"",""created_time"":""2026-04-28T06:32:50.483708Z"",""no_price_dollars"":""0.6500"",""taker_side"":""no"",""ticker"":""KXETH15M-26APR280245-45"",""trade_id"":""5db5953f-7c68-46e3-13d9-2d0efc1d45cd"",""yes_price_dollars"":""0.3500""}"
KXETH15M-26APR280245-45,4e52b4df-a713-468a-22db-6799dfd95a6b,1777357970,0.35,10.0,no,"{""count_fp"":""10.00"",""created_time"":""2026-04-28T06:32:50.483708Z"",""no_price_dollars"":""0.6500"",""taker_side"":""no"",""ticker"":""KXETH15M-26APR280245-45"",""trade_id"":""4e52b4df-a713-468a-22db-6799dfd95a6b"",""yes_price_dollars"":""0.3500""}"
KXETH15M-26APR280245-45,8c55bcd6-3c50-6501-a275-08b7f47341ee,1777357970,0.38,0.26,no,"{""count_fp"":""0.26"",""created_time"":""2026-04-28T06:32:50.450897Z"",""no_price_dollars"":""0.6200"",""taker_side"":""no"",""ticker"":""KXETH15M-26APR280245-45"",""trade_id"":""8c55bcd6-3c50-6501-a275-08b7f47341ee"",""yes_price_dollars"":""0.3800""}"
KXETH15M-26APR280245-45,2d0d186d-2f38-4d71-22b8-5f474f195f1a,1777357970,0.38,9.0,no,"{""count_fp"":""9.00"",""created_time"":""2026-04-28T06:32:50.449904Z"",""no_price_dollars"":""0.6200"",""taker_side"":""no"",""ticker"":""KXETH15M-26APR280245-45"",""trade_id"":""2d0d186d-2f38-4d71-22b8-5f474f195f1a"",""yes_price_dollars"":""0.3800""}"
KXETH15M-26APR280245-45,fb797a7f-c6fb-4308-07a7-04bbf5689e09,1777357986,0.32,1.0,no,"{""count_fp"":""1.00"",""created_time"":""2026-04-28T06:33:06.694053Z"",""no_price_dollars"":""0.6800"",""taker_side"":""no"",""ticker"":""KXETH15M-26APR280245-45"",""trade_id"":""fb797a7f-c6fb-4308-07a7-04bbf5689e09"",""yes_price_dollars"":""0.3200""}"
KXETH15M-26APR280245-45,c3f87220-f24c-4bda-b3ba-d1e10c15f22f,1777357991,0.33,3.19,yes,"{""count_fp"":""3.19"",""created_time"":""2026-04-28T06:33:11.810367Z"",""no_price_dollars"":""0.6700"",""taker_side"":""yes"",""ticker"":""KXETH15M-26APR280245-45"",""trade_id"":""c3f87220-f24c-4bda-b3ba-d1e10c15f22f"",""yes_price_dollars"":""0.3300""}"
KXETH15M-26APR280245-45,d5247f8c-eb9f-7d92-ea4b-b74dd57e58a5,1777357995,0.33,5.0,yes,"{""count_fp"":""5.00"",""created_time"":""2026-04-28T06:33:15.325642Z"",""no_price_dollars"":""0.6700"",""taker_side"":""yes"",""ticker"":""KXETH15M-26APR280245-45"",""trade_id"":""d5247f8c-eb9f-7d92-ea4b-b74dd57e58a5"",""yes_price_dollars"":""0.3300""}"
KXETH15M-26APR280245-45,a08c3218-8ac0-759c-1e33-ad1759f278cf,1777357998,0.35,2.0,yes,"{""count_fp"":""2.00"",""created_time"":""2026-04-28T06:33:18.406671Z"",""no_price_dollars"":""0.6500"",""taker_side"":""yes"",""ticker"":""KXETH15M-26APR280245-45"",""trade_id"":""a08c3218-8ac0-759c-1e33-ad1759f278cf"",""yes_price_dollars"":""0.3500""}"
KXETH15M-26APR280245-45,70ffbb1b-17d5-7baf-1278-39d10ae1fa14,1777357998,0.35,100.0,yes,"{""count_fp"":""100.00"",""created_time"":""2026-04-28T06:33:18.406671Z"",""no_price_dollars"":""0.6500"",""taker_side"":""yes"",""ticker"":""KXETH15M-26APR280245-45"",""trade_id"":""70ffbb1b-17d5-7baf-1278-39d10ae1fa14"",""yes_price_dollars"":""0.3500""}"
KXETH15M-26APR280245-45,667aecb4-2d60-7766-3fc9-7b5a11752fc0,1777357998,0.34,10.0,yes,"{""count_fp"":""10.00"",""created_time"":""2026-04-28T06:33:18.406671Z"",""no_price_dollars"":""0.6600"",""taker_side"":""yes"",""ticker"":""KXETH15M-26APR280245-45"",""trade_id"":""667aecb4-2d60-7766-3fc9-7b5a11752fc0"",""yes_price_dollars"":""0.3400""}"
KXETH15M-26APR280245-45,f7193f8b-a046-4414-5e63-0f3213bdd527,1777357999,0.35,1.0,no,"{""count_fp"":""1.00"",""created_time"":""2026-04-28T06:33:19.648466Z"",""no_price_dollars"":""0.6500"",""taker_side"":""no"",""ticker"":""KXETH15M-26APR280245-45"",""trade_id"":""f7193f8b-a046-4414-5e63-0f3213bdd527"",""yes_price_dollars"":""0.3500""}"
KXETH15M-26APR280245-45,f2b80b49-670f-48c9-4b43-57d67c8b26df,1777357999,0.33,5.0,no,"{""count_fp"":""5.00"",""created_time"":""2026-04-28T06:33:19.648466Z"",""no_price_dollars"":""0.6700"",""taker_side"":""no"",""ticker"":""KXETH15M-26APR280245-45"",""trade_id"":""f2b80b49-670f-48c9-4b43-57d67c8b26df"",""yes_price_dollars"":""0.3300""}"
KXETH15M-26APR280245-45,8a231614-6337-7de7-f591-9279fffff94f,1777358001,0.36,1.0,yes,"{""count_fp"":""1.00"",""created_time"":""2026-04-28T06:33:21.322216Z"",""no_price_dollars"":""0.6400"",""taker_side"":""yes"",""ticker"":""KXETH15M-26APR280245-45"",""trade_id"":""8a231614-6337-7de7-f591-9279fffff94f"",""yes_price_dollars"":""0.3600""}"
KXETH15M-26APR280245-45,eaa8cbd7-7e70-6a10-5c85-80c2b657a0a1,1777358008,0.39,10.0,yes,"{""count_fp"":""10.00"",""created_time"":""2026-04-28T06:33:28.523509Z"",""no_price_dollars"":""0.6100"",""taker_side"":""yes"",""ticker"":""KXETH15M-26APR280245-45"",""trade_id"":""eaa8cbd7-7e70-6a10-5c85-80c2b657a0a1"",""yes_price_dollars"":""0.3900""}"
KXETH15M-26APR280245-45,e66eee44-e9e1-6703-51b4-a3ff8e16fadf,1777358008,0.36,10.0,yes,"{""count_fp"":""10.00"",""created_time"":""2026-04-28T06:33:28.523509Z"",""no_price_dollars"":""0.6400"",""taker_side"":""yes"",""ticker"":""KXETH15M-26APR280245-45"",""trade_id"":""e66eee44-e9e1-6703-51b4-a3ff8e16fadf"",""yes_price_dollars"":""0.3600""}"
KXETH15M-26APR280245-45,dfc9737e-ca47-663b-429b-29ecc6829fdf,1777358008,0.37,100.0,yes,"{""count_fp"":""100.00"",""created_time"":""2026-04-28T06:33:28.523509Z"",""no_price_dollars"":""0.6300"",""taker_side"":""yes"",""ticker"":""KXETH15M-26APR280245-45"",""trade_id"":""dfc9737e-ca47-663b-429b-29ecc6829fdf"",""yes_price_dollars"":""0.3700""}"
KXETH15M-26APR280245-45,a687a872-a71b-6d45-50f1-ecfb9fd3b10c,1777358008,0.41,308.11,yes,"{""count_fp"":""308.11"",""created_time"":""2026-04-28T06:33:28.523509Z"",""no_price_dollars"":""0.5900"",""taker_side"":""yes"",""ticker"":""KXETH15M-26APR280245-45"",""trade_id"":""a687a872-a71b-6d45-50f1-ecfb9fd3b10c"",""yes_price_dollars"":""0.4100""}"
KXETH15M-26APR280245-45,6a27210d-14a0-6c14-603f-f7190238b9e0,1777358008,0.38,1.0,yes,"{""count_fp"":""1.00"",""created_time"":""2026-04-28T06:33:28.523509Z"",""no_price_dollars"":""0.6200"",""taker_side"":""yes"",""ticker"":""KXETH15M-26APR280245-45"",""trade_id"":""6a27210d-14a0-6c14-603f-f7190238b9e0"",""yes_price_dollars"":""0.3800""}"
KXETH15M-26APR280245-45,1a196422-fde5-6e9e-4e5d-b1af703a94e8,1777358008,0.4,10.0,yes,"{""count_fp"":""10.00"",""created_time"":""2026-04-28T06:33:28.523509Z"",""no_price_dollars"":""0.6000"",""taker_side"":""yes"",""ticker"":""KXETH15M-26APR280245-45"",""trade_id"":""1a196422-fde5-6e9e-4e5d-b1af703a94e8"",""yes_price_dollars"":""0.4000""}"
KXETH15M-26APR280245-45,1498a6eb-db62-7001-d3a3-d479a9abad67,1777358010,0.34,2.0,no,"{""count_fp"":""2.00"",""created_time"":""2026-04-28T06:33:30.343349Z"",""no_price_dollars"":""0.6600"",""taker_side"":""no"",""ticker"":""KXETH15M-26APR280245-45"",""trade_id"":""1498a6eb-db62-7001-d3a3-d479a9abad67"",""yes_price_dollars"":""0.3400""}"
KXETH15M-26APR280245-45,cb23e1df-3f15-759d-36ad-bfba4ca58f86,1777358011,0.36,1.58,yes,"{""count_fp"":""1.58"",""created_time"":""2026-04-28T06:33:31.626011Z"",""no_price_dollars"":""0.6400"",""taker_side"":""yes"",""ticker"":""KXETH15M-26APR280245-45"",""trade_id"":""cb23e1df-3f15-759d-36ad-bfba4ca58f86"",""yes_price_dollars"":""0.3600""}"
KXETH15M-26APR280245-45,211b25df-a0bd-7ad2-0ab4-0fb4e2c05062,1777358011,0.36,1.0,yes,"{""count_fp"":""1.00"",""created_time"":""2026-04-28T06:33:31.626011Z"",""no_price_dollars"":""0.6400"",""taker_side"":""yes"",""ticker"":""KXETH15M-26APR280245-45"",""trade_id"":""211b25df-a0bd-7ad2-0ab4-0fb4e2c05062"",""yes_price_dollars"":""0.3600""}"
KXETH15M-26APR280245-45,bbbf1426-9d75-69e5-1a8a-d2240ec036fb,1777358024,0.37,1.0,yes,"{""count_fp"":""1.00"",""created_time"":""2026-04-28T06:33:44.431042Z"",""no_price_dollars"":""0.6300"",""taker_side"":""yes"",""ticker"":""KXETH15M-26APR280245-45"",""trade_id"":""bbbf1426-9d75-69e5-1a8a-d2240ec036fb"",""yes_price_dollars"":""0.3700""}"
KXETH15M-26APR280245-45,8199c2cc-1711-61f0-040f-bdf9110cec90,1777358024,0.38,10.8,yes,"{""count_fp"":""10.80"",""created_time"":""2026-04-28T06:33:44.431042Z"",""no_price_dollars"":""0.6200"",""taker_side"":""yes"",""ticker"":""KXETH15M-26APR280245-45"",""trade_id"":""8199c2cc-1711-61f0-040f-bdf9110cec90"",""yes_price_dollars"":""0.3800""}"
KXETH15M-26APR280245-45,703e8f6f-dd75-691d-1d60-247cbcfc7036,1777358024,0.36,100.0,yes,"{""count_fp"":""100.00"",""created_time"":""2026-04-28T06:33:44.431042Z"",""no_price_dollars"":""0.6400"",""taker_side"":""yes"",""ticker"":""KXETH15M-26APR280245-45"",""trade_id"":""703e8f6f-dd75-691d-1d60-247cbcfc7036"",""yes_price_dollars"":""0.3600""}"
KXETH15M-26APR280245-45,636aa075-f9ba-63d0-1fb3-336b4c6f3634,1777358024,0.37,60.0,yes,"{""count_fp"":""60.00"",""created_time"":""2026-04-28T06:33:44.431042Z"",""no_price_dollars"":""0.6300"",""taker_side"":""yes"",""ticker"":""KXETH15M-26APR280245-45"",""trade_id"":""636aa075-f9ba-63d0-1fb3-336b4c6f3634"",""yes_price_dollars"":""0.3700""}"
KXETH15M-26APR280245-45,4d59b269-49b7-61f8-2af4-acc6f0977e97,1777358024,0.38,10.0,yes,"{""count_fp"":""10.00"",""created_time"":""2026-04-28T06:33:44.431042Z"",""no_price_dollars"":""0.6200"",""taker_side"":""yes"",""ticker"":""KXETH15M-26APR280245-45"",""trade_id"":""4d59b269-49b7-61f8-2af4-acc6f0977e97"",""yes_price_dollars"":""0.3800""}"
KXETH15M-26APR280245-45,3bd30c19-62e3-62ee-16cd-b00cb81f8f61,1777358024,0.39,10.0,yes,"{""count_fp"":""10.00"",""created_time"":""2026-04-28T06:33:44.431042Z"",""no_price_dollars"":""0.6100"",""taker_side"":""yes"",""ticker"":""KXETH15M-26APR280245-45"",""trade_id"":""3bd30c19-62e3-62ee-16cd-b00cb81f8f61"",""yes_price_dollars"":""0.3900""}"
KXETH15M-26APR280245-45,05e7fdb2-525f-6a4d-0261-544cc0983d48,1777358024,0.41,54.46,yes,"{""count_fp"":""54.46"",""created_time"":""2026-04-28T06:33:44.431042Z"",""no_price_dollars"":""0.5900"",""taker_side"":""yes"",""ticker"":""KXETH15M-26APR280245-45"",""trade_id"":""05e7fdb2-525f-6a4d-0261-544cc0983d48"",""yes_price_dollars"":""0.4100""}"
KXETH15M-26APR280245-45,999c12fd-5cc2-5401-a0a9-541266e09e77,1777358040,0.34,20.0,no,"{""count_fp"":""20.00"",""created_time"":""2026-04-28T06:34:00.067773Z"",""no_price_dollars"":""0.6600"",""taker_side"":""no"",""ticker"":""KXETH15M-26APR280245-45"",""trade_id"":""999c12fd-5cc2-5401-a0a9-541266e09e77"",""yes_price_dollars"":""0.3400""}"
KXETH15M-26APR280245-45,73341c31-3c62-5aa9-ef5e-79d4351f9e93,1777358040,0.34,20.0,no,"{""count_fp"":""20.00"",""created_time"":""2026-04-28T06:34:00.061141Z"",""no_price_dollars"":""0.6600"",""taker_side"":""no"",""ticker"":""KXETH15M-26APR280245-45"",""trade_id"":""73341c31-3c62-5aa9-ef5e-79d4351f9e93"",""yes_price_dollars"":""0.3400""}"
KXETH15M-26APR280245-45,6639b463-664e-68ca-cb96-270bd343fad2,1777358043,0.35,8.17,yes,"{""count_fp"":""8.17"",""created_time"":""2026-04-28T06:34:03.360997Z"",""no_price_dollars"":""0.6500"",""taker_side"":""yes"",""ticker"":""KXETH15M-26APR280245-45"",""trade_id"":""6639b463-664e-68ca-cb96-270bd343fad2"",""yes_price_dollars"":""0.3500""}"
KXETH15M-26APR280245-45,4f51cfac-353a-5eda-203d-6b1c093cf522,1777358045,0.33,2.73,yes,"{""count_fp"":""2.73"",""created_time"":""2026-04-28T06:34:05.953639Z"",""no_price_dollars"":""0.6700"",""taker_side"":""yes"",""ticker"":""KXETH15M-26APR280245-45"",""trade_id"":""4f51cfac-353a-5eda-203d-6b1c093cf522"",""yes_price_dollars"":""0.3300""}"
KXETH15M-26APR280245-45,9a20c692-3e1b-468c-7134-7f2a0df33b6b,1777358045,0.3,1.0,no,"{""count_fp"":""1.00"",""created_time"":""2026-04-28T06:34:05.131312Z"",""no_price_dollars"":""0.7000"",""taker_side"":""no"",""ticker"":""KXETH15M-26APR280245-45"",""trade_id"":""9a20c692-3e1b-468c-7134-7f2a0df33b6b"",""yes_price_dollars"":""0.3000""}"
KXETH15M-26APR280245-45,6aebc6df-0d6d-477e-694b-e4576708b22b,1777358045,0.34,40.0,no,"{""count_fp"":""40.00"",""created_time"":""2026-04-28T06:34:05.131312Z"",""no_price_dollars"":""0.6600"",""taker_side"":""no"",""ticker"":""KXETH15M-26APR280245-45"",""trade_id"":""6aebc6df-0d6d-477e-694b-e4576708b22b"",""yes_price_dollars"":""0.3400""}"
KXETH15M-26APR280245-45,2e8958d9-18aa-44a5-5e9b-03a5dbb49a17,1777358045,0.3,9.0,no,"{""count_fp"":""9.00"",""created_time"":""2026-04-28T06:34:05.131312Z"",""no_price_dollars"":""0.7000"",""taker_side"":""no"",""ticker"":""KXETH15M-26APR280245-45"",""trade_id"":""2e8958d9-18aa-44a5-5e9b-03a5dbb49a17"",""yes_price_dollars"":""0.3000""}"
KXETH15M-26APR280245-45,56758fa2-453e-5941-cc51-87d2d2bbb28b,1777358049,0.3,5.0,no,"{""count_fp"":""5.00"",""created_time"":""2026-04-28T06:34:09.091061Z"",""no_price_dollars"":""0.7000"",""taker_side"":""no"",""ticker"":""KXETH15M-26APR280245-45"",""trade_id"":""56758fa2-453e-5941-cc51-87d2d2bbb28b"",""yes_price_dollars"":""0.3000""}"
KXETH15M-26APR280245-45,9c24b64d-9196-4a05-eeea-14a377313f8a,1777358054,0.28,10.0,yes,"{""count_fp"":""10.00"",""created_time"":""2026-04-28T06:34:14.625967Z"",""no_price_dollars"":""0.7200"",""taker_side"":""yes"",""ticker"":""KXETH15M-26APR280245-45"",""trade_id"":""9c24b64d-9196-4a05-eeea-14a377313f8a"",""yes_price_dollars"":""0.2800""}"
KXETH15M-26APR280245-45,f4c9c742-2b35-7198-8ec0-4f65b42d577f,1777358058,0.27,80.36,no,"{""count_fp"":""80.36"",""created_time"":""2026-04-28T06:34:18.592002Z"",""no_price_dollars"":""0.7300"",""taker_side"":""no"",""ticker"":""KXETH15M-26APR280245-45"",""trade_id"":""f4c9c742-2b35-7198-8ec0-4f65b42d577f"",""yes_price_dollars"":""0.2700""}"
KXETH15M-26APR280245-45,8dcda792-9ec0-7dc7-b87b-d85e3a5e664a,1777358058,0.28,10.0,no,"{""count_fp"":""10.00"",""created_time"":""2026-04-28T06:34:18.592002Z"",""no_price_dollars"":""0.7200"",""taker_side"":""no"",""ticker"":""KXETH15M-26APR280245-45"",""trade_id"":""8dcda792-9ec0-7dc7-b87b-d85e3a5e664a"",""yes_price_dollars"":""0.2800""}"
KXETH15M-26APR280245-45,25f03adc-1d2c-7ef3-96ae-37fb6c11c800,1777358058,0.28,9.64,no,"{""count_fp"":""9.64"",""created_time"":""2026-04-28T06:34:18.592002Z"",""no_price_dollars"":""0.7200"",""taker_side"":""no"",""ticker"":""KXETH15M-26APR280245-45"",""trade_id"":""25f03adc-1d2c-7ef3-96ae-37fb6c11c800"",""yes_price_dollars"":""0.2800""}"
KXETH15M-26APR280245-45,f04c2732-82fa-5091-903f-bdb75c0d094e,1777358063,0.27,0.11,no,"{""count_fp"":""0.11"",""created_time"":""2026-04-28T06:34:23.522559Z"",""no_price_dollars"":""0.7300"",""taker_side"":""no"",""ticker"":""KXETH15M-26APR280245-45"",""trade_id"":""f04c2732-82fa-5091-903f-bdb75c0d094e"",""yes_price_dollars"":""0.2700""}"
KXETH15M-26APR280245-45,bdd26c6f-dccf-5935-9dd4-db0fc0952d93,1777358063,0.28,9.64,no,"{""count_fp"":""9.64"",""created_time"":""2026-04-28T06:34:23.522559Z"",""no_price_dollars"":""0.7200"",""taker_side"":""no"",""ticker"":""KXETH15M-26APR280245-45"",""trade_id"":""bdd26c6f-dccf-5935-9dd4-db0fc0952d93"",""yes_price_dollars"":""0.2800""}"
KXETH15M-26APR280245-45,31ab0300-551a-576a-89de-e1f106a1c1b6,1777358063,0.28,1.0,no,"{""count_fp"":""1.00"",""created_time"":""2026-04-28T06:34:23.522559Z"",""no_price_dollars"":""0.7200"",""taker_side"":""no"",""ticker"":""KXETH15M-26APR280245-45"",""trade_id"":""31ab0300-551a-576a-89de-e1f106a1c1b6"",""yes_price_dollars"":""0.2800""}"
KXETH15M-26APR280245-45,99b7b5ee-7d1b-4eb1-2321-f814437b59a3,1777358064,0.27,1.0,no,"{""count_fp"":""1.00"",""created_time"":""2026-04-28T06:34:24.647625Z"",""no_price_dollars"":""0.7300"",""taker_side"":""no"",""ticker"":""KXETH15M-26APR280245-45"",""trade_id"":""99b7b5ee-7d1b-4eb1-2321-f814437b59a3"",""yes_price_dollars"":""0.2700""}"
KXETH15M-26APR280245-45,e443e1a1-2c9f-4919-f3f9-43d7068b3e53,1777358064,0.27,46.0,no,"{""count_fp"":""46.00"",""created_time"":""2026-04-28T06:34:24.118881Z"",""no_price_dollars"":""0.7300"",""taker_side"":""no"",""ticker"":""KXETH15M-26APR280245-45"",""trade_id"":""e443e1a1-2c9f-4919-f3f9-43d7068b3e53"",""yes_price_dollars"":""0.2700""}"
KXETH15M-26APR280245-45,d3cc0dce-5ef3-4c61-462e-c8b8d10bd8db,1777358065,0.27,13.29,no,"{""count_fp"":""13.29"",""created_time"":""2026-04-28T06:34:25.911189Z"",""no_price_dollars"":""0.7300"",""taker_side"":""no"",""ticker"":""KXETH15M-26APR280245-45"",""trade_id"":""d3cc0dce-5ef3-4c61-462e-c8b8d10bd8db"",""yes_price_dollars"":""0.2700""}"
KXETH15M-26APR280245-45,3621e8b5-05f2-78aa-8f9f-d91142a32efc,1777358066,0.26,5.0,no,"{""count_fp"":""5.00"",""created_time"":""2026-04-28T06:34:26.277589Z"",""no_price_dollars"":""0.7400"",""taker_side"":""no"",""ticker"":""KXETH15M-26APR280245-45"",""trade_id"":""3621e8b5-05f2-78aa-8f9f-d91142a32efc"",""yes_price_dollars"":""0.2600""}"
KXETH15M-26APR280245-45,1d3cdba8-91df-6059-5968-164a67879d53,1777358066,0.27,39.0,no,"{""count_fp"":""39.00"",""created_time"":""2026-04-28T06:34:26.101404Z"",""no_price_dollars"":""0.7300"",""taker_side"":""no"",""ticker"":""KXETH15M-26APR280245-45"",""trade_id"":""1d3cdba8-91df-6059-5968-164a67879d53"",""yes_price_dollars"":""0.2700""}"
KXETH15M-26APR280245-45,fc7480ff-e8ed-509c-03d7-386291f5897f,1777358070,0.28,5.0,yes,"{""count_fp"":""5.00"",""created_time"":""2026-04-28T06:34:30.832397Z"",""no_price_dollars"":""0.7200"",""taker_side"":""yes"",""ticker"":""KXETH15M-26APR280245-45"",""trade_id"":""fc7480ff-e8ed-509c-03d7-386291f5897f"",""yes_price_dollars"":""0.2800""}"
KXETH15M-26APR280245-45,d68df125-e19b-58ce-0cfb-ed3ff0d924ec,1777358070,0.27,1.0,yes,"{""count_fp"":""1.00"",""created_time"":""2026-04-28T06:34:30.832397Z"",""no_price_dollars"":""0.7300"",""taker_side"":""yes"",""ticker"":""KXETH15M-26APR280245-45"",""trade_id"":""d68df125-e19b-58ce-0cfb-ed3ff0d924ec"",""yes_price_dollars"":""0.2700""}"
KXETH15M-26APR280245-45,32f9bdbd-f8e3-562b-02e7-53f5704bf3f2,1777358070,0.28,10.0,yes,"{""count_fp"":""10.00"",""created_time"":""2026-04-28T06:34:30.832397Z"",""no_price_dollars"":""0.7200"",""taker_side"":""yes"",""ticker"":""KXETH15M-26APR280245-45"",""trade_id"":""32f9bdbd-f8e3-562b-02e7-53f5704bf3f2"",""yes_price_dollars"":""0.2800""}"
KXETH15M-26APR280245-45,a7f2a25a-eeb5-53a1-0327-6d83c9dbae3c,1777358070,0.25,0.31,yes,"{""count_fp"":""0.31"",""created_time"":""2026-04-28T06:34:30.750909Z"",""no_price_dollars"":""0.7500"",""taker_side"":""yes"",""ticker"":""KXETH15M-26APR280245-45"",""trade_id"":""a7f2a25a-eeb5-53a1-0327-6d83c9dbae3c"",""yes_price_dollars"":""0.2500""}"
KXETH15M-26APR280245-45,954b58d9-24dc-6ade-d3b4-3c0a796e15fe,1777358070,0.25,100.0,yes,"{""count_fp"":""100.00"",""created_time"":""2026-04-28T06:34:30.745802Z"",""no_price_dollars"":""0.7500"",""taker_side"":""yes"",""ticker"":""KXETH15M-26APR280245-45"",""trade_id"":""954b58d9-24dc-6ade-d3b4-3c0a796e15fe"",""yes_price_dollars"":""0.2500""}"
KXETH15M-26APR280245-45,79e82049-79c1-6e0d-f16f-247553000348,1777358070,0.25,12.0,yes,"{""count_fp"":""12.00"",""created_time"":""2026-04-28T06:34:30.745802Z"",""no_price_dollars"":""0.7500"",""taker_side"":""yes"",""ticker"":""KXETH15M-26APR280245-45"",""trade_id"":""79e82049-79c1-6e0d-f16f-247553000348"",""yes_price_dollars"":""0.2500""}"
KXETH15M-26APR280245-45,68afbdab-1c8d-658f-da88-61188f27cd4f,1777358070,0.25,10.0,yes,"{""count_fp"":""10.00"",""created_time"":""2026-04-28T06:34:30.745802Z"",""no_price_dollars"":""0.7500"",""taker_side"":""yes"",""ticker"":""KXETH15M-26APR280245-45"",""trade_id"":""68afbdab-1c8d-658f-da88-61188f27cd4f"",""yes_price_dollars"":""0.2500""}"
KXETH15M-26APR280245-45,45976cb7-c8ca-62b2-d0cd-1deb10495e81,1777358070,0.25,49.0,yes,"{""count_fp"":""49.00"",""created_time"":""2026-04-28T06:34:30.745802Z"",""no_price_dollars"":""0.7500"",""taker_side"":""yes"",""ticker"":""KXETH15M-26APR280245-45"",""trade_id"":""45976cb7-c8ca-62b2-d0cd-1deb10495e81"",""yes_price_dollars"":""0.2500""}"
KXETH15M-26APR280245-45,2879711e-639a-6d5e-5c6c-c17a67ac3e75,1777358070,0.25,1.0,yes,"{""count_fp"":""1.00"",""created_time"":""2026-04-28T06:34:30.705615Z"",""no_price_dollars"":""0.7500"",""taker_side"":""yes"",""ticker"":""KXETH15M-26APR280245-45"",""trade_id"":""2879711e-639a-6d5e-5c6c-c17a67ac3e75"",""yes_price_dollars"":""0.2500""}"
KXETH15M-26APR280245-45,b174834b-4f6e-496c-ad92-d545645193c8,1777358072,0.29,100.0,yes,"{""count_fp"":""100.00"",""created_time"":""2026-04-28T06:34:32.019705Z"",""no_price_dollars"":""0.7100"",""taker_side"":""yes"",""ticker"":""KXETH15M-26APR280245-45"",""trade_id"":""b174834b-4f6e-496c-ad92-d545645193c8"",""yes_price_dollars"":""0.2900""}"
KXETH15M-26APR280245-45,276fa1eb-b8cc-47e5-8bea-0923a19b94e2,1777358072,0.29,2.0,yes,"{""count_fp"":""2.00"",""created_time"":""2026-04-28T06:34:32.019705Z"",""no_price_dollars"":""0.7100"",""taker_side"":""yes"",""ticker"":""KXETH15M-26APR280245-45"",""trade_id"":""276fa1eb-b8cc-47e5-8bea-0923a19b94e2"",""yes_price_dollars"":""0.2900""}"
KXETH15M-26APR280245-45,ad231ee0-c3af-674d-e79b-cf037a13ff37,1777358073,0.29,5.47,no,"{""count_fp"":""5.47"",""created_time"":""2026-04-28T06:34:33.221176Z"",""no_price_dollars"":""0.7100"",""taker_side"":""no"",""ticker"":""KXETH15M-26APR280245-45"",""trade_id"":""ad231ee0-c3af-674d-e79b-cf037a13ff37"",""yes_price_dollars"":""0.2900""}"
KXETH15M-26APR280245-45,2aedef2c-3fad-6a18-dd21-ece3875f466d,1777358073,0.29,1.0,no,"{""count_fp"":""1.00"",""created_time"":""2026-04-28T06:34:33.221176Z"",""no_price_dollars"":""0.7100"",""taker_side"":""no"",""ticker"":""KXETH15M-26APR280245-45"",""trade_id"":""2aedef2c-3fad-6a18-dd21-ece3875f466d"",""yes_price_dollars"":""0.2900""}"
KXETH15M-26APR280245-45,db28a955-1116-5272-b6cb-4b84163861db,1777358075,0.3,5.0,yes,"{""count_fp"":""5.00"",""created_time"":""2026-04-28T06:34:35.151886Z"",""no_price_dollars"":""0.7000"",""taker_side"":""yes"",""ticker"":""KXETH15M-26APR280245-45"",""trade_id"":""db28a955-1116-5272-b6cb-4b84163861db"",""yes_price_dollars"":""0.3000""}"
KXETH15M-26APR280245-45,a98fa722-86be-546c-bad7-49a198a4e0c1,1777358075,0.3,100.0,yes,"{""count_fp"":""100.00"",""created_time"":""2026-04-28T06:34:35.151886Z"",""no_price_dollars"":""0.7000"",""taker_side"":""yes"",""ticker"":""KXETH15M-26APR280245-45"",""trade_id"":""a98fa722-86be-546c-bad7-49a198a4e0c1"",""yes_price_dollars"":""0.3000""}"
KXETH15M-26APR280245-45,c81864b3-fd8a-7f79-3646-579c1b5779f5,1777358077,0.32,1.0,no,"{""count_fp"":""1.00"",""created_time"":""2026-04-28T06:34:37.642494Z"",""no_price_dollars"":""0.6800"",""taker_side"":""no"",""ticker"":""KXETH15M-26APR280245-45"",""trade_id"":""c81864b3-fd8a-7f79-3646-579c1b5779f5"",""yes_price_dollars"":""0.3200""}"
KXETH15M-26APR280245-45,2f7398d9-02f7-5b2c-e457-d8afd18136ce,1777358078,0.4,10.0,yes,"{""count_fp"":""10.00"",""created_time"":""2026-04-28T06:34:38.315682Z"",""no_price_dollars"":""0.6000"",""taker_side"":""yes"",""ticker"":""KXETH15M-26APR280245-45"",""trade_id"":""2f7398d9-02f7-5b2c-e457-d8afd18136ce"",""yes_price_dollars"":""0.4000""}"
KXETH15M-26APR280245-45,0fa20a73-7151-5cb6-f8b0-a06a03a5c8c9,1777358078,0.37,2.0,yes,"{""count_fp"":""2.00"",""created_time"":""2026-04-28T06:34:38.315682Z"",""no_price_dollars"":""0.6300"",""taker_side"":""yes"",""ticker"":""KXETH15M-26APR280245-45"",""trade_id"":""0fa20a73-7151-5cb6-f8b0-a06a03a5c8c9"",""yes_price_dollars"":""0.3700""}"
KXETH15M-26APR280245-45,e2bd690b-9077-5bad-3502-19c07f3aef07,1777358078,0.36,38.0,no,"{""count_fp"":""38.00"",""created_time"":""2026-04-28T06:34:38.125351Z"",""no_price_dollars"":""0.6400"",""taker_side"":""no"",""ticker"":""KXETH15M-26APR280245-45"",""trade_id"":""e2bd690b-9077-5bad-3502-19c07f3aef07"",""yes_price_dollars"":""0.3600""}"
KXETH15M-26APR280245-45,355c376f-aaaf-56d5-8016-471c8bd9bd12,1777358078,0.36,10.0,yes,"{""count_fp"":""10.00"",""created_time"":""2026-04-28T06:34:38.028699Z"",""no_price_dollars"":""0.6400"",""taker_side"":""yes"",""ticker"":""KXETH15M-26APR280245-45"",""trade_id"":""355c376f-aaaf-56d5-8016-471c8bd9bd12"",""yes_price_dollars"":""0.3600""}"
KXETH15M-26APR280245-45,301b650d-675d-5e8b-b818-a63463124d53,1777358078,0.34,1.0,yes,"{""count_fp"":""1.00"",""created_time"":""2026-04-28T06:34:38.028699Z"",""no_price_dollars"":""0.6600"",""taker_side"":""yes"",""ticker"":""KXETH15M-26APR280245-45"",""trade_id"":""301b650d-675d-5e8b-b818-a63463124d53"",""yes_price_dollars"":""0.3400""}"
KXETH15M-26APR280245-45,01f22d1f-ca42-5a32-9d34-74ae15042b89,1777358078,0.36,100.0,yes,"{""count_fp"":""100.00"",""created_time"":""2026-04-28T06:34:38.028699Z"",""no_price_dollars"":""0.6400"",""taker_side"":""yes"",""ticker"":""KXETH15M-26APR280245-45"",""trade_id"":""01f22d1f-ca42-5a32-9d34-74ae15042b89"",""yes_price_dollars"":""0.3600""}"
KXETH15M-26APR280245-45,913166e2-00e5-7165-b1b8-221cd9db5e84,1777358080,0.41,0.26,no,"{""count_fp"":""0.26"",""created_time"":""2026-04-28T06:34:40.637454Z"",""no_price_dollars"":""0.5900"",""taker_side"":""no"",""ticker"":""KXETH15M-26APR280245-45"",""trade_id"":""913166e2-00e5-7165-b1b8-221cd9db5e84"",""yes_price_dollars"":""0.4100""}"
KXETH15M-26APR280245-45,5a428a74-5b32-4ebe-b08e-2a745440c0f3,1777358084,0.43,2.0,yes,"{""count_fp"":""2.00"",""created_time"":""2026-04-28T06:34:44.546833Z"",""no_price_dollars"":""0.5700"",""taker_side"":""yes"",""ticker"":""KXETH15M-26APR280245-45"",""trade_id"":""5a428a74-5b32-4ebe-b08e-2a745440c0f3"",""yes_price_dollars"":""0.4300""}"
KXETH15M-26APR280245-45,3c0d0aa4-1a0a-6522-fe66-6a81d66736ad,1777358088,0.4,9.75,no,"{""count_fp"":""9.75"",""created_time"":""2026-04-28T06:34:48.151751Z"",""no_price_dollars"":""0.6000"",""taker_side"":""no"",""ticker"":""KXETH15M-26APR280245-45"",""trade_id"":""3c0d0aa4-1a0a-6522-fe66-6a81d66736ad"",""yes_price_dollars"":""0.4000""}"
KXETH15M-26APR280245-45,06b4dd8e-19b7-6d26-cabf-5c0c104429af,1777358088,0.4,10.0,no,"{""count_fp"":""10.00"",""created_time"":""2026-04-28T06:34:48.151751Z"",""no_price_dollars"":""0.6000"",""taker_side"":""no"",""ticker"":""KXETH15M-26APR280245-45"",""trade_id"":""06b4dd8e-19b7-6d26-cabf-5c0c104429af"",""yes_price_dollars"":""0.4000""}"
KXETH15M-26APR280245-45,049b397a-a504-652c-c99f-1af19316ec8b,1777358088,0.4,0.25,no,"{""count_fp"":""0.25"",""created_time"":""2026-04-28T06:34:48.151751Z"",""no_price_dollars"":""0.6000"",""taker_side"":""no"",""ticker"":""KXETH15M-26APR280245-45"",""trade_id"":""049b397a-a504-652c-c99f-1af19316ec8b"",""yes_price_dollars"":""0.4000""}"
KXETH15M-26APR280245-45,afe00a7e-bad4-6d15-6ac6-536431a20ce0,1777358097,0.42,11.16,yes,"{""count_fp"":""11.16"",""created_time"":""2026-04-28T06:34:57.715956Z"",""no_price_dollars"":""0.5800"",""taker_side"":""yes"",""ticker"":""KXETH15M-26APR280245-45"",""trade_id"":""afe00a7e-bad4-6d15-6ac6-536431a20ce0"",""yes_price_dollars"":""0.4200""}"
KXETH15M-26APR280245-45,dcd592c4-1177-7565-0de9-5227cc18ad0b,1777358100,0.4,1.0,no,"{""count_fp"":""1.00"",""created_time"":""2026-04-28T06:35:00.130087Z"",""no_price_dollars"":""0.6000"",""taker_side"":""no"",""ticker"":""KXETH15M-26APR280245-45"",""trade_id"":""dcd592c4-1177-7565-0de9-5227cc18ad0b"",""yes_price_dollars"":""0.4000""}"
KXETH15M-26APR280245-45,aa257f4d-6c1b-7081-36f2-425f0a2922a3,1777358101,0.4,3.0,no,"{""count_fp"":""3.00"",""created_time"":""2026-04-28T06:35:01.084761Z"",""no_price_dollars"":""0.6000"",""taker_side"":""no"",""ticker"":""KXETH15M-26APR280245-45"",""trade_id"":""aa257f4d-6c1b-7081-36f2-425f0a2922a3"",""yes_price_dollars"":""0.4000""}"
KXETH15M-26APR280245-45,cb27fe3d-a63f-61a8-01f0-72c5c22974c5,1777358102,0.38,10.26,no,"{""count_fp"":""10.26"",""created_time"":""2026-04-28T06:35:02.150335Z"",""no_price_dollars"":""0.6200"",""taker_side"":""no"",""ticker"":""KXETH15M-26APR280245-45"",""trade_id"":""cb27fe3d-a63f-61a8-01f0-72c5c22974c5"",""yes_price_dollars"":""0.3800""}"
KXETH15M-26APR280245-45,87923a15-d82f-6720-3973-8dc8c3dc783e,1777358102,0.4,10.0,no,"{""count_fp"":""10.00"",""created_time"":""2026-04-28T06:35:02.150335Z"",""no_price_dollars"":""0.6000"",""taker_side"":""no"",""ticker"":""KXETH15M-26APR280245-45"",""trade_id"":""87923a15-d82f-6720-3973-8dc8c3dc783e"",""yes_price_dollars"":""0.4000""}"
KXETH15M-26APR280245-45,86c406fa-e269-6d9e-3278-db2e814ddb56,1777358102,0.4,1.0,no,"{""count_fp"":""1.00"",""created_time"":""2026-04-28T06:35:02.150335Z"",""no_price_dollars"":""0.6000"",""taker_side"":""no"",""ticker"":""KXETH15M-26APR280245-45"",""trade_id"":""86c406fa-e269-6d9e-3278-db2e814ddb56"",""yes_price_dollars"":""0.4000""}"
KXETH15M-26APR280245-45,7212054a-891f-6a1d-14ae-d95fff6ed66b,1777358102,0.37,26.74,no,"{""count_fp"":""26.74"",""created_time"":""2026-04-28T06:35:02.150335Z"",""no_price_dollars"":""0.6300"",""taker_side"":""no"",""ticker"":""KXETH15M-26APR280245-45"",""trade_id"":""7212054a-891f-6a1d-14ae-d95fff6ed66b"",""yes_price_dollars"":""0.3700""}"
KXETH15M-26APR280245-45,05ed0270-ec85-6916-0956-525d0e412aba,1777358102,0.39,10.0,no,"{""count_fp"":""10.00"",""created_time"":""2026-04-28T06:35:02.150335Z"",""no_price_dollars"":""0.6100"",""taker_side"":""no"",""ticker"":""KXETH15M-26APR280245-45"",""trade_id"":""05ed0270-ec85-6916-0956-525d0e412aba"",""yes_price_dollars"":""0.3900""}"
KXETH15M-26APR280245-45,4046bcab-f308-6cdd-0584-b999b8a699a4,1777358103,0.41,7.02,yes,"{""count_fp"":""7.02"",""created_time"":""2026-04-28T06:35:03.603267Z"",""no_price_dollars"":""0.5900"",""taker_side"":""yes"",""ticker"":""KXETH15M-26APR280245-45"",""trade_id"":""4046bcab-f308-6cdd-0584-b999b8a699a4"",""yes_price_dollars"":""0.4100""}"
KXETH15M-26APR280245-45,75ede6e3-96f0-74f5-f1a1-77bea86fe8b4,1777358106,0.37,4.68,yes,"{""count_fp"":""4.68"",""created_time"":""2026-04-28T06:35:06.816874Z"",""no_price_dollars"":""0.6300"",""taker_side"":""yes"",""ticker"":""KXETH15M-26APR280245-45"",""trade_id"":""75ede6e3-96f0-74f5-f1a1-77bea86fe8b4"",""yes_price_dollars"":""0.3700""}"
KXETH15M-26APR280245-45,81c4b4ac-60f8-7dad-caff-76d0e6a43734,1777358106,0.36,1.0,no,"{""count_fp"":""1.00"",""created_time"":""2026-04-28T06:35:06.103535Z"",""no_price_dollars"":""0.6400"",""taker_side"":""no"",""ticker"":""KXETH15M-26APR280245-45"",""trade_id"":""81c4b4ac-60f8-7dad-caff-76d0e6a43734"",""yes_price_dollars"":""0.3600""}"
KXETH15M-26APR280245-45,6a861cd7-7b74-78f1-c721-f156cdb30ba2,1777358106,0.39,1.0,no,"{""count_fp"":""1.00"",""created_time"":""2026-04-28T06:35:06.103535Z"",""no_price_dollars"":""0.6100"",""taker_side"":""no"",""ticker"":""KXETH15M-26APR280245-45"",""trade_id"":""6a861cd7-7b74-78f1-c721-f156cdb30ba2"",""yes_price_dollars"":""0.3900""}"
KXETH15M-26APR280245-45,5fe0977d-b57e-71e0-f8cc-4c8889565520,1777358106,0.33,9.45,no,"{""count_fp"":""9.45"",""created_time"":""2026-04-28T06:35:06.103535Z"",""no_price_dollars"":""0.6700"",""taker_side"":""no"",""ticker"":""KXETH15M-26APR280245-45"",""trade_id"":""5fe0977d-b57e-71e0-f8cc-4c8889565520"",""yes_price_dollars"":""0.3300""}"
KXETH15M-26APR280245-45,5f0d9133-4180-79ef-dda0-8e52a8dcab6b,1777358106,0.37,10.0,no,"{""count_fp"":""10.00"",""created_time"":""2026-04-28T06:35:06.103535Z"",""no_price_dollars"":""0.6300"",""taker_side"":""no"",""ticker"":""KXETH15M-26APR280245-45"",""trade_id"":""5f0d9133-4180-79ef-dda0-8e52a8dcab6b"",""yes_price_dollars"":""0.3700""}"
KXETH15M-26APR280245-45,31fb50b4-2f5a-755d-f8fd-692dd972c11c,1777358106,0.37,10.0,no,"{""count_fp"":""10.00"",""created_time"":""2026-04-28T06:35:06.103535Z"",""no_price_dollars"":""0.6300"",""taker_side"":""no"",""ticker"":""KXETH15M-26APR280245-45"",""trade_id"":""31fb50b4-2f5a-755d-f8fd-692dd972c11c"",""yes_price_dollars"":""0.3700""}"
KXETH15M-26APR280245-45,27faf7d4-7a21-7174-e1d6-42cd57d3921c,1777358106,0.33,10.0,no,"{""count_fp"":""10.00"",""created_time"":""2026-04-28T06:35:06.103535Z"",""no_price_dollars"":""0.6700"",""taker_side"":""no"",""ticker"":""KXETH15M-26APR280245-45"",""trade_id"":""27faf7d4-7a21-7174-e1d6-42cd57d3921c"",""yes_price_dollars"":""0.3300""}"
KXETH15M-26APR280245-45,050cafcb-141c-7ea9-7e26-b77bdb3036a4,1777358107,0.37,44.72,yes,"{""count_fp"":""44.72"",""created_time"":""2026-04-28T06:35:07.237074Z"",""no_price_dollars"":""0.6300"",""taker_side"":""yes"",""ticker"":""KXETH15M-26APR280245-45"",""trade_id"":""050cafcb-141c-7ea9-7e26-b77bdb3036a4"",""yes_price_dollars"":""0.3700""}"
KXETH15M-26APR280245-45,9b1aa04d-707f-67e2-2abc-15b9ad49644e,1777358115,0.41,2.0,yes,"{""count_fp"":""2.00"",""created_time"":""2026-04-28T06:35:15.398114Z"",""no_price_dollars"":""0.5900"",""taker_side"":""yes"",""ticker"":""KXETH15M-26APR280245-45"",""trade_id"":""9b1aa04d-707f-67e2-2abc-15b9ad49644e"",""yes_price_dollars"":""0.4100""}"
KXETH15M-26APR280245-45,7a422bb1-f82e-645d-89de-292660d61996,1777358127,0.38,1.0,no,"{""count_fp"":""1.00"",""created_time"":""2026-04-28T06:35:27.053802Z"",""no_price_dollars"":""0.6200"",""taker_side"":""no"",""ticker"":""KXETH15M-26APR280245-45"",""trade_id"":""7a422bb1-f82e-645d-89de-292660d61996"",""yes_price_dollars"":""0.3800""}"
KXETH15M-26APR280245-45,64d20df8-7364-6e3a-b5cf-c93e6fed9533,1777358127,0.37,10.0,no,"{""count_fp"":""10.00"",""created_time"":""2026-04-28T06:35:27.053802Z"",""no_price_dollars"":""0.6300"",""taker_side"":""no"",""ticker"":""KXETH15M-26APR280245-45"",""trade_id"":""64d20df8-7364-6e3a-b5cf-c93e6fed9533"",""yes_price_dollars"":""0.3700""}"
KXETH15M-26APR280245-45,1f01e050-a29b-6120-a287-fd5edbc9fc94,1777358127,0.37,0.18,no,"{""count_fp"":""0.18"",""created_time"":""2026-04-28T06:35:27.053802Z"",""no_price_dollars"":""0.6300"",""taker_side"":""no"",""ticker"":""KXETH15M-26APR280245-45"",""trade_id"":""1f01e050-a29b-6120-a287-fd5edbc9fc94"",""yes_price_dollars"":""0.3700""}"
KXETH15M-26APR280245-45,c0580149-1334-52a7-2b61-a88af5ff3345,1777358129,0.4,1.0,yes,"{""count_fp"":""1.00"",""created_time"":""2026-04-28T06:35:29.153147Z"",""no_price_dollars"":""0.6000"",""taker_side"":""yes"",""ticker"":""KXETH15M-26APR280245-45"",""trade_id"":""c0580149-1334-52a7-2b61-a88af5ff3345"",""yes_price_dollars"":""0.4000""}"
KXETH15M-26APR280245-45,813c1b13-0f85-5585-b628-2fce0162c8d3,1777358132,0.37,1.0,no,"{""count_fp"":""1.00"",""created_time"":""2026-04-28T06:35:32.651653Z"",""no_price_dollars"":""0.6300"",""taker_side"":""no"",""ticker"":""KXETH15M-26APR280245-45"",""trade_id"":""813c1b13-0f85-5585-b628-2fce0162c8d3"",""yes_price_dollars"":""0.3700""}"
KXETH15M-26APR280245-45,02e190f6-65c4-5efa-ac73-b62e79197c10,1777358132,0.37,1.0,no,"{""count_fp"":""1.00"",""created_time"":""2026-04-28T06:35:32.651653Z"",""no_price_dollars"":""0.6300"",""taker_side"":""no"",""ticker"":""KXETH15M-26APR280245-45"",""trade_id"":""02e190f6-65c4-5efa-ac73-b62e79197c10"",""yes_price_dollars"":""0.3700""}"
KXETH15M-26APR280245-45,3eb409b3-36f6-5e2a-bc57-688f19ac38d7,1777358141,0.41,10.16,yes,"{""count_fp"":""10.16"",""created_time"":""2026-04-28T06:35:41.737234Z"",""no_price_dollars"":""0.5900"",""taker_side"":""yes"",""ticker"":""KXETH15M-26APR280245-45"",""trade_id"":""3eb409b3-36f6-5e2a-bc57-688f19ac38d7"",""yes_price_dollars"":""0.4100""}"
KXETH15M-26APR280245-45,33ab121f-77e0-4dd9-ac8f-7f5fc2294950,1777358141,0.41,100.0,yes,"{""count_fp"":""100.00"",""created_time"":""2026-04-28T06:35:41.717625Z"",""no_price_dollars"":""0.5900"",""taker_side"":""yes"",""ticker"":""KXETH15M-26APR280245-45"",""trade_id"":""33ab121f-77e0-4dd9-ac8f-7f5fc2294950"",""yes_price_dollars"":""0.4100""}"
KXETH15M-26APR280245-45,1a3fb4ba-41e3-4463-90e8-9744573fdff9,1777358141,0.41,10.0,yes,"{""count_fp"":""10.00"",""created_time"":""2026-04-28T06:35:41.717625Z"",""no_price_dollars"":""0.5900"",""taker_side"":""yes"",""ticker"":""KXETH15M-26APR280245-45"",""trade_id"":""1a3fb4ba-41e3-4463-90e8-9744573fdff9"",""yes_price_dollars"":""0.4100""}"
KXETH15M-26APR280245-45,e4c39596-763c-7712-f5b8-13e681f1281b,1777358143,0.44,1.0,yes,"{""count_fp"":""1.00"",""created_time"":""2026-04-28T06:35:43.133497Z"",""no_price_dollars"":""0.5600"",""taker_side"":""yes"",""ticker"":""KXETH15M-26APR280245-45"",""trade_id"":""e4c39596-763c-7712-f5b8-13e681f1281b"",""yes_price_dollars"":""0.4400""}"
KXETH15M-26APR280245-45,d60685bc-cf90-7207-e7e7-1de5334435e1,1777358143,0.46,10.0,yes,"{""count_fp"":""10.00"",""created_time"":""2026-04-28T06:35:43.133497Z"",""no_price_dollars"":""0.5400"",""taker_side"":""yes"",""ticker"":""KXETH15M-26APR280245-45"",""trade_id"":""d60685bc-cf90-7207-e7e7-1de5334435e1"",""yes_price_dollars"":""0.4600""}"
KXETH15M-26APR280245-45,c7e8c354-35a1-7d1d-c6fb-d1f2ebeb65b3,1777358143,0.43,1.0,yes,"{""count_fp"":""1.00"",""created_time"":""2026-04-28T06:35:43.133497Z"",""no_price_dollars"":""0.5700"",""taker_side"":""yes"",""ticker"":""KXETH15M-26APR280245-45"",""trade_id"":""c7e8c354-35a1-7d1d-c6fb-d1f2ebeb65b3"",""yes_price_dollars"":""0.4300""}"
KXETH15M-26APR280245-45,83cb2aba-8291-7cc3-d8c8-38ea2c191fce,1777358143,0.46,10.0,yes,"{""count_fp"":""10.00"",""created_time"":""2026-04-28T06:35:43.133497Z"",""no_price_dollars"":""0.5400"",""taker_side"":""yes"",""ticker"":""KXETH15M-26APR280245-45"",""trade_id"":""83cb2aba-8291-7cc3-d8c8-38ea2c191fce"",""yes_price_dollars"":""0.4600""}"
KXETH15M-26APR280245-45,1e163adf-7c48-73c5-c16a-b5b8ed9a5bc7,1777358143,0.44,2.0,yes,"{""count_fp"":""2.00"",""created_time"":""2026-04-28T06:35:43.133497Z"",""no_price_dollars"":""0.5600"",""taker_side"":""yes"",""ticker"":""KXETH15M-26APR280245-45"",""trade_id"":""1e163adf-7c48-73c5-c16a-b5b8ed9a5bc7"",""yes_price_dollars"":""0.4400""}"
KXETH15M-26APR280245-45,1d99290b-1566-7ecb-dd1a-2836fad67dc1,1777358143,0.45,1.0,yes,"{""count_fp"":""1.00"",""created_time"":""2026-04-28T06:35:43.133497Z"",""no_price_dollars"":""0.5500"",""taker_side"":""yes"",""ticker"":""KXETH15M-26APR280245-45"",""trade_id"":""1d99290b-1566-7ecb-dd1a-2836fad67dc1"",""yes_price_dollars"":""0.4500""}"
KXETH15M-26APR280245-45,0a60f2f3-4af3-7b3b-6d07-b2033550285c,1777358144,0.46,7.76,no,"{""count_fp"":""7.76"",""created_time"":""2026-04-28T06:35:44.059708Z"",""no_price_dollars"":""0.5400"",""taker_side"":""no"",""ticker"":""KXETH15M-26APR280245-45"",""trade_id"":""0a60f2f3-4af3-7b3b-6d07-b2033550285c"",""yes_price_dollars"":""0.4600""}"
KXETH15M-26APR280245-45,9526a5a8-ef84-6f67-a86f-7361eb44224a,1777358149,0.48,10.0,no,"{""count_fp"":""10.00"",""created_time"":""2026-04-28T06:35:49.244422Z"",""no_price_dollars"":""0.5200"",""taker_side"":""no"",""ticker"":""KXETH15M-26APR280245-45"",""trade_id"":""9526a5a8-ef84-6f67-a86f-7361eb44224a"",""yes_price_dollars"":""0.4800""}"
KXETH15M-26APR280245-45,7d5a01d1-0626-4f6c-f133-334066facd8b,1777358151,0.42,57.2,yes,"{""count_fp"":""57.20"",""created_time"":""2026-04-28T06:35:51.802919Z"",""no_price_dollars"":""0.5800"",""taker_side"":""yes"",""ticker"":""KXETH15M-26APR280245-45"",""trade_id"":""7d5a01d1-0626-4f6c-f133-334066facd8b"",""yes_price_dollars"":""0.4200""}"
KXETH15M-26APR280245-45,6bb715b0-6525-50b7-5fe6-09d5bce028e3,1777358161,0.38,1.57,no,"{""count_fp"":""1.57"",""created_time"":""2026-04-28T06:36:01.611563Z"",""no_price_dollars"":""0.6200"",""taker_side"":""no"",""ticker"":""KXETH15M-26APR280245-45"",""trade_id"":""6bb715b0-6525-50b7-5fe6-09d5bce028e3"",""yes_price_dollars"":""0.3800""}"
KXETH15M-26APR280245-45,20c03d8a-b8e5-6268-e060-2739da09c6a7,1777358161,0.41,1.0,yes,"{""count_fp"":""1.00"",""created_time"":""2026-04-28T06:36:01.149464Z"",""no_price_dollars"":""0.5900"",""taker_side"":""yes"",""ticker"":""KXETH15M-26APR280245-45"",""trade_id"":""20c03d8a-b8e5-6268-e060-2739da09c6a7"",""yes_price_dollars"":""0.4100""}"
KXETH15M-26APR280245-45,f8ec7435-2675-4e44-cecf-5cd8c8a9b10b,1777358162,0.41,1.0,yes,"{""count_fp"":""1.00"",""created_time"":""2026-04-28T06:36:02.063313Z"",""no_price_dollars"":""0.5900"",""taker_side"":""yes"",""ticker"":""KXETH15M-26APR280245-45"",""trade_id"":""f8ec7435-2675-4e44-cecf-5cd8c8a9b10b"",""yes_price_dollars"":""0.4100""}"
KXETH15M-26APR280245-45,9e0ebe38-411a-4d02-c858-3fb19cc5b21f,1777358162,0.42,10.0,yes,"{""count_fp"":""10.00"",""created_time"":""2026-04-28T06:36:02.063313Z"",""no_price_dollars"":""0.5800"",""taker_side"":""yes"",""ticker"":""KXETH15M-26APR280245-45"",""trade_id"":""9e0ebe38-411a-4d02-c858-3fb19cc5b21f"",""yes_price_dollars"":""0.4200""}"
KXETH15M-26APR280245-45,254600b8-0ed6-4c90-f6aa-ae733ef21dbf,1777358162,0.42,7.33,yes,"{""count_fp"":""7.33"",""created_time"":""2026-04-28T06:36:02.063313Z"",""no_price_dollars"":""0.5800"",""taker_side"":""yes"",""ticker"":""KXETH15M-26APR280245-45"",""trade_id"":""254600b8-0ed6-4c90-f6aa-ae733ef21dbf"",""yes_price_dollars"":""0.4200""}"
KXETH15M-26APR280245-45,af42c331-debb-708c-6b75-bc7f0aaa989b,1777358170,0.39,10.0,no,"{""count_fp"":""10.00"",""created_time"":""2026-04-28T06:36:10.927226Z"",""no_price_dollars"":""0.6100"",""taker_side"":""no"",""ticker"":""KXETH15M-26APR280245-45"",""trade_id"":""af42c331-debb-708c-6b75-bc7f0aaa989b"",""yes_price_dollars"":""0.3900""}"
KXETH15M-26APR280245-45,0b4c7417-1865-7179-77bf-d4b3023902a5,1777358170,0.39,10.0,no,"{""count_fp"":""10.00"",""created_time"":""2026-04-28T06:36:10.927226Z"",""no_price_dollars"":""0.6100"",""taker_side"":""no"",""ticker"":""KXETH15M-26APR280245-45"",""trade_id"":""0b4c7417-1865-7179-77bf-d4b3023902a5"",""yes_price_dollars"":""0.3900""}"
KXETH15M-26APR280245-45,d90b4a29-534e-5c08-3638-6609cb221ec3,1777358171,0.38,2.28,yes,"{""count_fp"":""2.28"",""created_time"":""2026-04-28T06:36:11.388789Z"",""no_price_dollars"":""0.6200"",""taker_side"":""yes"",""ticker"":""KXETH15M-26APR280245-45"",""trade_id"":""d90b4a29-534e-5c08-3638-6609cb221ec3"",""yes_price_dollars"":""0.3800""}"
KXETH15M-26APR280245-45,dfdb1b9a-8e47-67a3-d2ca-a3de72fd626c,1777358174,0.34,9.17,no,"{""count_fp"":""9.17"",""created_time"":""2026-04-28T06:36:14.727713Z"",""no_price_dollars"":""0.6600"",""taker_side"":""no"",""ticker"":""KXETH15M-26APR280245-45"",""trade_id"":""dfdb1b9a-8e47-67a3-d2ca-a3de72fd626c"",""yes_price_dollars"":""0.3400""}"
KXETH15M-26APR280245-45,c576dda2-a370-652a-946d-0f18b03e77f7,1777358176,0.42,12.46,yes,"{""count_fp"":""12.46"",""created_time"":""2026-04-28T06:36:16.401118Z"",""no_price_dollars"":""0.5800"",""taker_side"":""yes"",""ticker"":""KXETH15M-26APR280245-45"",""trade_id"":""c576dda2-a370-652a-946d-0f18b03e77f7"",""yes_price_dollars"":""0.4200""}"
KXETH15M-26APR280245-45,bc75716f-c327-604e-b43a-77dfe31af567,1777358176,0.33,550.0,yes,"{""count_fp"":""550.00"",""created_time"":""2026-04-28T06:36:16.401118Z"",""no_price_dollars"":""0.6700"",""taker_side"":""yes"",""ticker"":""KXETH15M-26APR280245-45"",""trade_id"":""bc75716f-c327-604e-b43a-77dfe31af567"",""yes_price_dollars"":""0.3300""}"
KXETH15M-26APR280245-45,4cac42b8-74be-6e60-acc8-0d6e3c01136b,1777358176,0.31,100.0,yes,"{""count_fp"":""100.00"",""created_time"":""2026-04-28T06:36:16.401118Z"",""no_price_dollars"":""0.6900"",""taker_side"":""yes"",""ticker"":""KXETH15M-26APR280245-45"",""trade_id"":""4cac42b8-74be-6e60-acc8-0d6e3c01136b"",""yes_price_dollars"":""0.3100""}"
KXETH15M-26APR280245-45,45b8026a-1c89-688c-a8ed-968c9aa660ba,1777358176,0.38,50.0,yes,"{""count_fp"":""50.00"",""created_time"":""2026-04-28T06:36:16.401118Z"",""no_price_dollars"":""0.6200"",""taker_side"":""yes"",""ticker"":""KXETH15M-26APR280245-45"",""trade_id"":""45b8026a-1c89-688c-a8ed-968c9aa660ba"",""yes_price_dollars"":""0.3800""}"
KXETH15M-26APR280245-45,3202f689-4236-6e63-ab92-99f362e52430,1777358176,0.33,10.0,yes,"{""count_fp"":""10.00"",""created_time"":""2026-04-28T06:36:16.401118Z"",""no_price_dollars"":""0.6700"",""taker_side"":""yes"",""ticker"":""KXETH15M-26APR280245-45"",""trade_id"":""3202f689-4236-6e63-ab92-99f362e52430"",""yes_price_dollars"":""0.3300""}"
KXETH15M-26APR280245-45,2f1af0ae-4014-62e0-bd4d-3e72af0137a6,1777358176,0.32,10.0,yes,"{""count_fp"":""10.00"",""created_time"":""2026-04-28T06:36:16.401118Z"",""no_price_dollars"":""0.6800"",""taker_side"":""yes"",""ticker"":""KXETH15M-26APR280245-45"",""trade_id"":""2f1af0ae-4014-62e0-bd4d-3e72af0137a6"",""yes_price_dollars"":""0.3200""}"
KXETH15M-26APR280245-45,29715e0c-6081-6e31-8dd5-5521582b378d,1777358176,0.33,1.0,yes,"{""count_fp"":""1.00"",""created_time"":""2026-04-28T06:36:16.401118Z"",""no_price_dollars"":""0.6700"",""taker_side"":""yes"",""ticker"":""KXETH15M-26APR280245-45"",""trade_id"":""29715e0c-6081-6e31-8dd5-5521582b378d"",""yes_price_dollars"":""0.3300""}"
KXETH15M-26APR280245-45,20df2a6f-468d-6466-9964-e045cf9e1a1d,1777358176,0.36,60.0,yes,"{""count_fp"":""60.00"",""created_time"":""2026-04-28T06:36:16.401118Z"",""no_price_dollars"":""0.6400"",""taker_side"":""yes"",""ticker"":""KXETH15M-26APR280245-45"",""trade_id"":""20df2a6f-468d-6466-9964-e045cf9e1a1d"",""yes_price_dollars"":""0.3600""}"
KXETH15M-26APR280245-45,c7fe6454-c041-4eb5-df43-2b0f73e1b105,1777358186,0.28,1.0,no,"{""count_fp"":""1.00"",""created_time"":""2026-04-28T06:36:26.026249Z"",""no_price_dollars"":""0.7200"",""taker_side"":""no"",""ticker"":""KXETH15M-26APR280245-45"",""trade_id"":""c7fe6454-c041-4eb5-df43-2b0f73e1b105"",""yes_price_dollars"":""0.2800""}"
KXETH15M-26APR280245-45,3012c9f8-aa87-4bd2-ff34-d64a54f57e7f,1777358186,0.28,1.0,no,"{""count_fp"":""1.00"",""created_time"":""2026-04-28T06:36:26.026249Z"",""no_price_dollars"":""0.7200"",""taker_side"":""no"",""ticker"":""KXETH15M-26APR280245-45"",""trade_id"":""3012c9f8-aa87-4bd2-ff34-d64a54f57e7f"",""yes_price_dollars"":""0.2800""}"
KXETH15M-26APR280245-45,519e3087-4c12-6292-a0b1-3945cf590fe7,1777358193,0.36,1.0,yes,"{""count_fp"":""1.00"",""created_time"":""2026-04-28T06:36:33.771401Z"",""no_price_dollars"":""0.6400"",""taker_side"":""yes"",""ticker"":""KXETH15M-26APR280245-45"",""trade_id"":""519e3087-4c12-6292-a0b1-3945cf590fe7"",""yes_price_dollars"":""0.3600""}"
KXETH15M-26APR280245-45,abd674e6-3280-5ff3-7383-4ca8f19411a1,1777358193,0.34,10.0,yes,"{""count_fp"":""10.00"",""created_time"":""2026-04-28T06:36:33.351991Z"",""no_price_dollars"":""0.6600"",""taker_side"":""yes"",""ticker"":""KXETH15M-26APR280245-45"",""trade_id"":""abd674e6-3280-5ff3-7383-4ca8f19411a1"",""yes_price_dollars"":""0.3400""}"
KXETH15M-26APR280245-45,63113c8c-d9fb-582f-6551-3b45a028d569,1777358193,0.32,5.0,yes,"{""count_fp"":""5.00"",""created_time"":""2026-04-28T06:36:33.351991Z"",""no_price_dollars"":""0.6800"",""taker_side"":""yes"",""ticker"":""KXETH15M-26APR280245-45"",""trade_id"":""63113c8c-d9fb-582f-6551-3b45a028d569"",""yes_price_dollars"":""0.3200""}"
KXETH15M-26APR280245-45,7f1e7665-f433-72ab-89cd-963df4420930,1777358194,0.36,10.46,yes,"{""count_fp"":""10.46"",""created_time"":""2026-04-28T06:36:34.087386Z"",""no_price_dollars"":""0.6400"",""taker_side"":""yes"",""ticker"":""KXETH15M-26APR280245-45"",""trade_id"":""7f1e7665-f433-72ab-89cd-963df4420930"",""yes_price_dollars"":""0.3600""}"
KXETH15M-26APR280245-45,f0e6c10f-acab-49bd-4bd3-a771b78e08af,1777358196,0.32,54.0,no,"{""count_fp"":""54.00"",""created_time"":""2026-04-28T06:36:36.082262Z"",""no_price_dollars"":""0.6800"",""taker_side"":""no"",""ticker"":""KXETH15M-26APR280245-45"",""trade_id"":""f0e6c10f-acab-49bd-4bd3-a771b78e08af"",""yes_price_dollars"":""0.3200""}"
KXETH15M-26APR280245-45,5b57ebba-0e59-4125-593f-095a7968a73d,1777358196,0.36,10.0,no,"{""count_fp"":""10.00"",""created_time"":""2026-04-28T06:36:36.082262Z"",""no_price_dollars"":""0.6400"",""taker_side"":""no"",""ticker"":""KXETH15M-26APR280245-45"",""trade_id"":""5b57ebba-0e59-4125-593f-095a7968a73d"",""yes_price_dollars"":""0.3600""}"
KXETH15M-26APR280245-45,5aee0e2a-15f8-4987-4ef5-6d78162c07f4,1777358196,0.36,10.0,no,"{""count_fp"":""10.00"",""created_time"":""2026-04-28T06:36:36.082262Z"",""no_price_dollars"":""0.6400"",""taker_side"":""no"",""ticker"":""KXETH15M-26APR280245-45"",""trade_id"":""5aee0e2a-15f8-4987-4ef5-6d78162c07f4"",""yes_price_dollars"":""0.3600""}"
KXETH15M-26APR280245-45,f10e3a0e-ce74-7a14-155c-a9101055938c,1777358209,0.21,3.0,yes,"{""count_fp"":""3.00"",""created_time"":""2026-04-28T06:36:49.993973Z"",""no_price_dollars"":""0.7900"",""taker_side"":""yes"",""ticker"":""KXETH15M-26APR280245-45"",""trade_id"":""f10e3a0e-ce74-7a14-155c-a9101055938c"",""yes_price_dollars"":""0.2100""}"
KXETH15M-26APR280245-45,d7da3a5b-2386-736e-4086-fb3aa11bbf47,1777358209,0.21,1.0,yes,"{""count_fp"":""1.00"",""created_time"":""2026-04-28T06:36:49.787627Z"",""no_price_dollars"":""0.7900"",""taker_side"":""yes"",""ticker"":""KXETH15M-26APR280245-45"",""trade_id"":""d7da3a5b-2386-736e-4086-fb3aa11bbf47"",""yes_price_dollars"":""0.2100""}"
KXETH15M-26APR280245-45,18c9e47b-f408-45b9-7710-0903e14ed284,1777358209,0.21,50.0,no,"{""count_fp"":""50.00"",""created_time"":""2026-04-28T06:36:49.747101Z"",""no_price_dollars"":""0.7900"",""taker_side"":""no"",""ticker"":""KXETH15M-26APR280245-45"",""trade_id"":""18c9e47b-f408-45b9-7710-0903e14ed284"",""yes_price_dollars"":""0.2100""}"
KXETH15M-26APR280245-45,bafdc35e-d40f-41ef-4474-c70b88f3d733,1777358209,0.25,11.0,no,"{""count_fp"":""11.00"",""created_time"":""2026-04-28T06:36:49.559446Z"",""no_price_dollars"":""0.7500"",""taker_side"":""no"",""ticker"":""KXETH15M-26APR280245-45"",""trade_id"":""bafdc35e-d40f-41ef-4474-c70b88f3d733"",""yes_price_dollars"":""0.2500""}"
KXETH15M-26APR280245-45,54480dce-ab3b-682b-0bfe-0831217961a7,1777358209,0.25,20.0,no,"{""count_fp"":""20.00"",""created_time"":""2026-04-28T06:36:49.541025Z"",""no_price_dollars"":""0.7500"",""taker_side"":""no"",""ticker"":""KXETH15M-26APR280245-45"",""trade_id"":""54480dce-ab3b-682b-0bfe-0831217961a7"",""yes_price_dollars"":""0.2500""}"
KXETH15M-26APR280245-45,b7b12d25-f877-7342-086f-b54aa8f48d9d,1777358209,0.24,1.0,no,"{""count_fp"":""1.00"",""created_time"":""2026-04-28T06:36:49.521228Z"",""no_price_dollars"":""0.7600"",""taker_side"":""no"",""ticker"":""KXETH15M-26APR280245-45"",""trade_id"":""b7b12d25-f877-7342-086f-b54aa8f48d9d"",""yes_price_dollars"":""0.2400""}"
KXETH15M-26APR280245-45,a461383c-3d9b-7421-093b-d7238bbffebc,1777358209,0.25,10.0,no,"{""count_fp"":""10.00"",""created_time"":""2026-04-28T06:36:49.521228Z"",""no_price_dollars"":""0.7500"",""taker_side"":""no"",""ticker"":""KXETH15M-26APR280245-45"",""trade_id"":""a461383c-3d9b-7421-093b-d7238bbffebc"",""yes_price_dollars"":""0.2500""}"
KXETH15M-26APR280245-45,00ee3a5a-93cc-51a3-7e67-e721cdd52073,1777358209,0.3,10.0,no,"{""count_fp"":""10.00"",""created_time"":""2026-04-28T06:36:49.508142Z"",""no_price_dollars"":""0.7000"",""taker_side"":""no"",""ticker"":""KXETH15M-26APR280245-45"",""trade_id"":""00ee3a5a-93cc-51a3-7e67-e721cdd52073"",""yes_price_dollars"":""0.3000""}"
KXETH15M-26APR280245-45,a759d7c4-da0c-6c6c-263b-8da7a9151aac,1777358210,0.21,7.0,yes,"{""count_fp"":""7.00"",""created_time"":""2026-04-28T06:36:50.108711Z"",""no_price_dollars"":""0.7900"",""taker_side"":""yes"",""ticker"":""KXETH15M-26APR280245-45"",""trade_id"":""a759d7c4-da0c-6c6c-263b-8da7a9151aac"",""yes_price_dollars"":""0.2100""}"
KXETH15M-26APR280245-45,50d8b523-ed7e-66f6-b755-59b183a5f8b7,1777358211,0.21,23.49,yes,"{""count_fp"":""23.49"",""created_time"":""2026-04-28T06:36:51.090077Z"",""no_price_dollars"":""0.7900"",""taker_side"":""yes"",""ticker"":""KXETH15M-26APR280245-45"",""trade_id"":""50d8b523-ed7e-66f6-b755-59b183a5f8b7"",""yes_price_dollars"":""0.2100""}"
KXETH15M-26APR280245-45,34ca4f3f-4216-6260-aaaa-e1847e193835,1777358211,0.2,1.0,yes,"{""count_fp"":""1.00"",""created_time"":""2026-04-28T06:36:51.090077Z"",""no_price_dollars"":""0.8000"",""taker_side"":""yes"",""ticker"":""KXETH15M-26APR280245-45"",""trade_id"":""34ca4f3f-4216-6260-aaaa-e1847e193835"",""yes_price_dollars"":""0.2000""}"
KXETH15M-26APR280245-45,e0330923-0d41-751e-6a79-0f2952915abf,1777358212,0.23,82.9,yes,"{""count_fp"":""82.90"",""created_time"":""2026-04-28T06:36:52.422409Z"",""no_price_dollars"":""0.7700"",""taker_side"":""yes"",""ticker"":""KXETH15M-26APR280245-45"",""trade_id"":""e0330923-0d41-751e-6a79-0f2952915abf"",""yes_price_dollars"":""0.2300""}"
KXETH15M-26APR280245-45,c50c1af9-f2db-42aa-40df-9fdefe23e669,1777358212,0.2,4.0,yes,"{""count_fp"":""4.00"",""created_time"":""2026-04-28T06:36:52.253349Z"",""no_price_dollars"":""0.8000"",""taker_side"":""yes"",""ticker"":""KXETH15M-26APR280245-45"",""trade_id"":""c50c1af9-f2db-42aa-40df-9fdefe23e669"",""yes_price_dollars"":""0.2000""}"
KXETH15M-26APR280245-45,3eb529d1-44a5-445e-5623-4e11cfc708ae,1777358212,0.2,1.0,yes,"{""count_fp"":""1.00"",""created_time"":""2026-04-28T06:36:52.253349Z"",""no_price_dollars"":""0.8000"",""taker_side"":""yes"",""ticker"":""KXETH15M-26APR280245-45"",""trade_id"":""3eb529d1-44a5-445e-5623-4e11cfc708ae"",""yes_price_dollars"":""0.2000""}"
KXETH15M-26APR280245-45,cc64536d-74a5-5ca7-5a7a-80fe8c225df7,1777358217,0.09,5.0,no,"{""count_fp"":""5.00"",""created_time"":""2026-04-28T06:36:57.324517Z"",""no_price_dollars"":""0.9100"",""taker_side"":""no"",""ticker"":""KXETH15M-26APR280245-45"",""trade_id"":""cc64536d-74a5-5ca7-5a7a-80fe8c225df7"",""yes_price_dollars"":""0.0900""}"
KXETH15M-26APR280245-45,6ee7e606-44a7-583e-71ac-df8005e57f71,1777358217,0.09,1.0,no,"{""count_fp"":""1.00"",""created_time"":""2026-04-28T06:36:57.324517Z"",""no_price_dollars"":""0.9100"",""taker_side"":""no"",""ticker"":""KXETH15M-26APR280245-45"",""trade_id"":""6ee7e606-44a7-583e-71ac-df8005e57f71"",""yes_price_dollars"":""0.0900""}"
KXETH15M-26APR280245-45,d9c795da-04bf-61ab-2bfe-711f294e6c7b,1777358217,0.1,4.0,no,"{""count_fp"":""4.00"",""created_time"":""2026-04-28T06:36:57.264143Z"",""no_price_dollars"":""0.9000"",""taker_side"":""no"",""ticker"":""KXETH15M-26APR280245-45"",""trade_id"":""d9c795da-04bf-61ab-2bfe-711f294e6c7b"",""yes_price_dollars"":""0.1000""}"
KXETH15M-26APR280245-45,c87daea9-951b-65be-0f34-af0bb37b5a37,1777358217,0.1,1.0,no,"{""count_fp"":""1.00"",""created_time"":""2026-04-28T06:36:57.264143Z"",""no_price_dollars"":""0.9000"",""taker_side"":""no"",""ticker"":""KXETH15M-26APR280245-45"",""trade_id"":""c87daea9-951b-65be-0f34-af0bb37b5a37"",""yes_price_dollars"":""0.1000""}"
KXETH15M-26APR280245-45,a8cf81e1-2d2c-64cb-2075-8a333e8edb17,1777358217,0.1,3.0,no,"{""count_fp"":""3.00"",""created_time"":""2026-04-28T06:36:57.264143Z"",""no_price_dollars"":""0.9000"",""taker_side"":""no"",""ticker"":""KXETH15M-26APR280245-45"",""trade_id"":""a8cf81e1-2d2c-64cb-2075-8a333e8edb17"",""yes_price_dollars"":""0.1000""}"
KXETH15M-26APR280245-45,a42d3dc0-ef52-6bbf-04ba-afccba3fa8de,1777358217,0.1,70.0,no,"{""count_fp"":""70.00"",""created_time"":""2026-04-28T06:36:57.264143Z"",""no_price_dollars"":""0.9000"",""taker_side"":""no"",""ticker"":""KXETH15M-26APR280245-45"",""trade_id"":""a42d3dc0-ef52-6bbf-04ba-afccba3fa8de"",""yes_price_dollars"":""0.1000""}"
KXETH15M-26APR280245-45,739861c1-f0ac-62f9-10af-e56b7f508e99,1777358217,0.1,1.0,no,"{""count_fp"":""1.00"",""created_time"":""2026-04-28T06:36:57.264143Z"",""no_price_dollars"":""0.9000"",""taker_side"":""no"",""ticker"":""KXETH15M-26APR280245-45"",""trade_id"":""739861c1-f0ac-62f9-10af-e56b7f508e99"",""yes_price_dollars"":""0.1000""}"
KXETH15M-26APR280245-45,250e1cf1-8342-6f99-05d1-d37fb3e4651e,1777358217,0.1,10.0,no,"{""count_fp"":""10.00"",""created_time"":""2026-04-28T06:36:57.264143Z"",""no_price_dollars"":""0.9000"",""taker_side"":""no"",""ticker"":""KXETH15M-26APR280245-45"",""trade_id"":""250e1cf1-8342-6f99-05d1-d37fb3e4651e"",""yes_price_dollars"":""0.1000""}"
KXETH15M-26APR280245-45,b353e0e0-4053-68b0-8ddb-8301653edcef,1777358217,0.11,400.0,no,"{""count_fp"":""400.00"",""created_time"":""2026-04-28T06:36:57.216957Z"",""no_price_dollars"":""0.8900"",""taker_side"":""no"",""ticker"":""KXETH15M-26APR280245-45"",""trade_id"":""b353e0e0-4053-68b0-8ddb-8301653edcef"",""yes_price_dollars"":""0.1100""}"
KXETH15M-26APR280245-45,4a455dbf-51c9-4e5b-6a2e-ae85ef85b098,1777358217,0.11,151.0,no,"{""count_fp"":""151.00"",""created_time"":""2026-04-28T06:36:57.203727Z"",""no_price_dollars"":""0.8900"",""taker_side"":""no"",""ticker"":""KXETH15M-26APR280245-45"",""trade_id"":""4a455dbf-51c9-4e5b-6a2e-ae85ef85b098"",""yes_price_dollars"":""0.1100""}"
KXETH15M-26APR280245-45,2890bbab-5012-4a44-4e07-9139f053c3df,1777358217,0.11,22.0,no,"{""count_fp"":""22.00"",""created_time"":""2026-04-28T06:36:57.203727Z"",""no_price_dollars"":""0.8900"",""taker_side"":""no"",""ticker"":""KXETH15M-26APR280245-45"",""trade_id"":""2890bbab-5012-4a44-4e07-9139f053c3df"",""yes_price_dollars"":""0.1100""}"
KXETH15M-26APR280245-45,a44b2db2-aa26-4919-bdbd-4e1e88bdf955,1777358217,0.13,1.0,yes,"{""count_fp"":""1.00"",""created_time"":""2026-04-28T06:36:57.168484Z"",""no_price_dollars"":""0.8700"",""taker_side"":""yes"",""ticker"":""KXETH15M-26APR280245-45"",""trade_id"":""a44b2db2-aa26-4919-bdbd-4e1e88bdf955"",""yes_price_dollars"":""0.1300""}"
KXETH15M-26APR280245-45,7c885986-a70c-6b0c-db4a-4c830411ec8d,1777358217,0.12,1.0,yes,"{""count_fp"":""1.00"",""created_time"":""2026-04-28T06:36:57.148033Z"",""no_price_dollars"":""0.8800"",""taker_side"":""yes"",""ticker"":""KXETH15M-26APR280245-45"",""trade_id"":""7c885986-a70c-6b0c-db4a-4c830411ec8d"",""yes_price_dollars"":""0.1200""}"
KXETH15M-26APR280245-45,a837e2af-d2c3-5a6b-9fe2-3d602483d8ea,1777358217,0.15,162.0,no,"{""count_fp"":""162.00"",""created_time"":""2026-04-28T06:36:57.112154Z"",""no_price_dollars"":""0.8500"",""taker_side"":""no"",""ticker"":""KXETH15M-26APR280245-45"",""trade_id"":""a837e2af-d2c3-5a6b-9fe2-3d602483d8ea"",""yes_price_dollars"":""0.1500""}"
KXETH15M-26APR280245-45,9b5f6830-02cb-6e7b-4026-bf02d208b1f2,1777358217,0.15,38.0,no,"{""count_fp"":""38.00"",""created_time"":""2026-04-28T06:36:57.111333Z"",""no_price_dollars"":""0.8500"",""taker_side"":""no"",""ticker"":""KXETH15M-26APR280245-45"",""trade_id"":""9b5f6830-02cb-6e7b-4026-bf02d208b1f2"",""yes_price_dollars"":""0.1500""}"
KXETH15M-26APR280245-45,c3082f52-5c5f-4983-79fc-8bb8433f6fe0,1777358217,0.12,10.0,no,"{""count_fp"":""10.00"",""created_time"":""2026-04-28T06:36:57.098011Z"",""no_price_dollars"":""0.8800"",""taker_side"":""no"",""ticker"":""KXETH15M-26APR280245-45"",""trade_id"":""c3082f52-5c5f-4983-79fc-8bb8433f6fe0"",""yes_price_dollars"":""0.1200""}"
KXETH15M-26APR280245-45,2b36026c-f514-4b57-7a6f-bd4677cd7c04,1777358217,0.13,6.0,no,"{""count_fp"":""6.00"",""created_time"":""2026-04-28T06:36:57.098011Z"",""no_price_dollars"":""0.8700"",""taker_side"":""no"",""ticker"":""KXETH15M-26APR280245-45"",""trade_id"":""2b36026c-f514-4b57-7a6f-bd4677cd7c04"",""yes_price_dollars"":""0.1300""}"
KXETH15M-26APR280245-45,103b6b43-4e07-4d8c-5b81-b72303177df7,1777358217,0.13,16.0,no,"{""count_fp"":""16.00"",""created_time"":""2026-04-28T06:36:57.098011Z"",""no_price_dollars"":""0.8700"",""taker_side"":""no"",""ticker"":""KXETH15M-26APR280245-45"",""trade_id"":""103b6b43-4e07-4d8c-5b81-b72303177df7"",""yes_price_dollars"":""0.1300""}"
KXETH15M-26APR280245-45,002c7761-9934-4e6c-64f8-61d968668cc1,1777358217,0.12,1.0,no,"{""count_fp"":""1.00"",""created_time"":""2026-04-28T06:36:57.098011Z"",""no_price_dollars"":""0.8800"",""taker_side"":""no"",""ticker"":""KXETH15M-26APR280245-45"",""trade_id"":""002c7761-9934-4e6c-64f8-61d968668cc1"",""yes_price_dollars"":""0.1200""}"
KXETH15M-26APR280245-45,aabcd9f0-f90b-76d0-0c1a-3459a891a907,1777358217,0.13,38.0,no,"{""count_fp"":""38.00"",""created_time"":""2026-04-28T06:36:57.093284Z"",""no_price_dollars"":""0.8700"",""taker_side"":""no"",""ticker"":""KXETH15M-26APR280245-45"",""trade_id"":""aabcd9f0-f90b-76d0-0c1a-3459a891a907"",""yes_price_dollars"":""0.1300""}"
KXETH15M-26APR280245-45,e17a67f1-1b15-61a3-4e71-d941dfa01333,1777358217,0.14,10.0,no,"{""count_fp"":""10.00"",""created_time"":""2026-04-28T06:36:57.089954Z"",""no_price_dollars"":""0.8600"",""taker_side"":""no"",""ticker"":""KXETH15M-26APR280245-45"",""trade_id"":""e17a67f1-1b15-61a3-4e71-d941dfa01333"",""yes_price_dollars"":""0.1400""}"
KXETH15M-26APR280245-45,3fdac142-40f1-6dac-5232-5d3a79d3e407,1777358217,0.16,163.0,no,"{""count_fp"":""163.00"",""created_time"":""2026-04-28T06:36:57.089954Z"",""no_price_dollars"":""0.8400"",""taker_side"":""no"",""ticker"":""KXETH15M-26APR280245-45"",""trade_id"":""3fdac142-40f1-6dac-5232-5d3a79d3e407"",""yes_price_dollars"":""0.1600""}"
KXETH15M-26APR280245-45,d4f7c922-738f-777b-ac7c-ca7ae7dd74f2,1777358217,0.16,1.0,no,"{""count_fp"":""1.00"",""created_time"":""2026-04-28T06:36:57.080051Z"",""no_price_dollars"":""0.8400"",""taker_side"":""no"",""ticker"":""KXETH15M-26APR280245-45"",""trade_id"":""d4f7c922-738f-777b-ac7c-ca7ae7dd74f2"",""yes_price_dollars"":""0.1600""}"
KXETH15M-26APR280245-45,86573b61-f94e-765d-8052-4d07d30f67a0,1777358217,0.17,6.0,no,"{""count_fp"":""6.00"",""created_time"":""2026-04-28T06:36:57.080051Z"",""no_price_dollars"":""0.8300"",""taker_side"":""no"",""ticker"":""KXETH15M-26APR280245-45"",""trade_id"":""86573b61-f94e-765d-8052-4d07d30f67a0"",""yes_price_dollars"":""0.1700""}"
KXETH15M-26APR280245-45,50d10c60-c05c-7cfa-ba31-0cf14c3968c3,1777358217,0.16,9.0,no,"{""count_fp"":""9.00"",""created_time"":""2026-04-28T06:36:57.080051Z"",""no_price_dollars"":""0.8400"",""taker_side"":""no"",""ticker"":""KXETH15M-26APR280245-45"",""trade_id"":""50d10c60-c05c-7cfa-ba31-0cf14c3968c3"",""yes_price_dollars"":""0.1600""}"
KXETH15M-26APR280245-45,4908c31a-b1d2-706c-b4fc-ff8b86bbea88,1777358217,0.17,17.0,no,"{""count_fp"":""17.00"",""created_time"":""2026-04-28T06:36:57.080051Z"",""no_price_dollars"":""0.8300"",""taker_side"":""no"",""ticker"":""KXETH15M-26APR280245-45"",""trade_id"":""4908c31a-b1d2-706c-b4fc-ff8b86bbea88"",""yes_price_dollars"":""0.1700""}"
KXETH15M-26APR280245-45,1b362a74-e4b2-7482-9039-c59cb12661ae,1777358217,0.18,5.0,no,"{""count_fp"":""5.00"",""created_time"":""2026-04-28T06:36:57.080051Z"",""no_price_dollars"":""0.8200"",""taker_side"":""no"",""ticker"":""KXETH15M-26APR280245-45"",""trade_id"":""1b362a74-e4b2-7482-9039-c59cb12661ae"",""yes_price_dollars"":""0.1800""}"
KXETH15M-26APR280245-45,1eb7c294-a063-52b9-f88c-da10fd5d1e23,1777358218,0.071,1.0,yes,"{""count_fp"":""1.00"",""created_time"":""2026-04-28T06:36:58.173655Z"",""no_price_dollars"":""0.9290"",""taker_side"":""yes"",""ticker"":""KXETH15M-26APR280245-45"",""trade_id"":""1eb7c294-a063-52b9-f88c-da10fd5d1e23"",""yes_price_dollars"":""0.0710""}"
KXETH15M-26APR280245-45,f3ac4b04-c5e5-69bb-dd30-51ab580fc327,1777358218,0.09,4.0,no,"{""count_fp"":""4.00"",""created_time"":""2026-04-28T06:36:58.117141Z"",""no_price_dollars"":""0.9100"",""taker_side"":""no"",""ticker"":""KXETH15M-26APR280245-45"",""trade_id"":""f3ac4b04-c5e5-69bb-dd30-51ab580fc327"",""yes_price_dollars"":""0.0900""}"
KXETH15M-26APR280245-45,bb5c144d-ab85-62e8-c9d4-bb8df5547073,1777358218,0.08,1.0,no,"{""count_fp"":""1.00"",""created_time"":""2026-04-28T06:36:58.117141Z"",""no_price_dollars"":""0.9200"",""taker_side"":""no"",""ticker"":""KXETH15M-26APR280245-45"",""trade_id"":""bb5c144d-ab85-62e8-c9d4-bb8df5547073"",""yes_price_dollars"":""0.0800""}"
KXETH15M-26APR280245-45,250ccb5e-7053-6ae6-f983-84254e85c8c8,1777358218,0.09,3.0,no,"{""count_fp"":""3.00"",""created_time"":""2026-04-28T06:36:58.117141Z"",""no_price_dollars"":""0.9100"",""taker_side"":""no"",""ticker"":""KXETH15M-26APR280245-45"",""trade_id"":""250ccb5e-7053-6ae6-f983-84254e85c8c8"",""yes_price_dollars"":""0.0900""}"
KXETH15M-26APR280245-45,23df558f-21b2-655c-e4cb-d73a56286147,1777358218,0.08,6.0,no,"{""count_fp"":""6.00"",""created_time"":""2026-04-28T06:36:58.117141Z"",""no_price_dollars"":""0.9200"",""taker_side"":""no"",""ticker"":""KXETH15M-26APR280245-45"",""trade_id"":""23df558f-21b2-655c-e4cb-d73a56286147"",""yes_price_dollars"":""0.0800""}"
KXETH15M-26APR280245-45,1474399f-f938-6256-dd63-94f5706998d7,1777358218,0.08,3.0,no,"{""count_fp"":""3.00"",""created_time"":""2026-04-28T06:36:58.117141Z"",""no_price_dollars"":""0.9200"",""taker_side"":""no"",""ticker"":""KXETH15M-26APR280245-45"",""trade_id"":""1474399f-f938-6256-dd63-94f5706998d7"",""yes_price_dollars"":""0.0800""}"
KXETH15M-26APR280245-45,03b977c2-9d1c-6d6f-dff9-97d0e0f6bcc1,1777358218,0.09,4.0,no,"{""count_fp"":""4.00"",""created_time"":""2026-04-28T06:36:58.117141Z"",""no_price_dollars"":""0.9100"",""taker_side"":""no"",""ticker"":""KXETH15M-26APR280245-45"",""trade_id"":""03b977c2-9d1c-6d6f-dff9-97d0e0f6bcc1"",""yes_price_dollars"":""0.0900""}"
KXETH15M-26APR280245-45,7ef8f9dc-a1cb-6c4b-1e6f-453832832797,1777358219,0.07,1.0,no,"{""count_fp"":""1.00"",""created_time"":""2026-04-28T06:36:59.091868Z"",""no_price_dollars"":""0.9300"",""taker_side"":""no"",""ticker"":""KXETH15M-26APR280245-45"",""trade_id"":""7ef8f9dc-a1cb-6c4b-1e6f-453832832797"",""yes_price_dollars"":""0.0700""}"
KXETH15M-26APR280245-45,1574309a-2047-6b9a-3e0c-d782497bbe9c,1777358219,0.07,102.0,no,"{""count_fp"":""102.00"",""created_time"":""2026-04-28T06:36:59.091868Z"",""no_price_dollars"":""0.9300"",""taker_side"":""no"",""ticker"":""KXETH15M-26APR280245-45"",""trade_id"":""1574309a-2047-6b9a-3e0c-d782497bbe9c"",""yes_price_dollars"":""0.0700""}"
