ticker,trade_id,ts,yes_price,count,taker_side,raw_json
KXETH15M-26APR280645-45,5d913f67-56e1-64a9-ce02-672f35588352,1777372216,0.5,32.0,no,"{""count_fp"":""32.00"",""created_time"":""2026-04-28T10:30:16.115443Z"",""no_price_dollars"":""0.5000"",""taker_side"":""no"",""ticker"":""KXETH15M-26APR280645-45"",""trade_id"":""5d913f67-56e1-64a9-ce02-672f35588352"",""yes_price_dollars"":""0.5000""}"
KXETH15M-26APR280645-45,3d82c4c1-d605-73fc-57fc-ce05622aa0f2,1777372224,0.55,10.0,yes,"{""count_fp"":""10.00"",""created_time"":""2026-04-28T10:30:24.193918Z"",""no_price_dollars"":""0.4500"",""taker_side"":""yes"",""ticker"":""KXETH15M-26APR280645-45"",""trade_id"":""3d82c4c1-d605-73fc-57fc-ce05622aa0f2"",""yes_price_dollars"":""0.5500""}"
KXETH15M-26APR280645-45,86fc5d5a-34ef-6219-7ebe-bd7973fc35b9,1777372224,0.51,3.0,no,"{""count_fp"":""3.00"",""created_time"":""2026-04-28T10:30:24.105822Z"",""no_price_dollars"":""0.4900"",""taker_side"":""no"",""ticker"":""KXETH15M-26APR280645-45"",""trade_id"":""86fc5d5a-34ef-6219-7ebe-bd7973fc35b9"",""yes_price_dollars"":""0.5100""}"
KXETH15M-26APR280645-45,d15b0ebf-bf54-5942-7a71-c496f7504145,1777372228,0.55,1.0,no,"{""count_fp"":""1.00"",""created_time"":""2026-04-28T10:30:28.101453Z"",""no_price_dollars"":""0.4500"",""taker_side"":""no"",""ticker"":""KXETH15M-26APR280645-45"",""trade_id"":""d15b0ebf-bf54-5942-7a71-c496f7504145"",""yes_price_dollars"":""0.5500""}"
KXETH15M-26APR280645-45,84c8d83f-8c35-52b2-4a55-4b21be7ae38d,1777372230,0.56,1.73,yes,"{""count_fp"":""1.73"",""created_time"":""2026-04-28T10:30:30.838875Z"",""no_price_dollars"":""0.4400"",""taker_side"":""yes"",""ticker"":""KXETH15M-26APR280645-45"",""trade_id"":""84c8d83f-8c35-52b2-4a55-4b21be7ae38d"",""yes_price_dollars"":""0.5600""}"
KXETH15M-26APR280645-45,0c2651e2-3580-5ee6-cfcc-86085cc56b8d,1777372233,0.55,21.39,no,"{""count_fp"":""21.39"",""created_time"":""2026-04-28T10:30:33.332712Z"",""no_price_dollars"":""0.4500"",""taker_side"":""no"",""ticker"":""KXETH15M-26APR280645-45"",""trade_id"":""0c2651e2-3580-5ee6-cfcc-86085cc56b8d"",""yes_price_dollars"":""0.5500""}"
KXETH15M-26APR280645-45,d3f79244-cf2d-4d32-7f32-484e3e91aabd,1777372234,0.56,5.0,yes,"{""count_fp"":""5.00"",""created_time"":""2026-04-28T10:30:34.989329Z"",""no_price_dollars"":""0.4400"",""taker_side"":""yes"",""ticker"":""KXETH15M-26APR280645-45"",""trade_id"":""d3f79244-cf2d-4d32-7f32-484e3e91aabd"",""yes_price_dollars"":""0.5600""}"
KXETH15M-26APR280645-45,df7bb777-a294-6cb6-d790-59ed6869b939,1777372235,0.55,10.61,no,"{""count_fp"":""10.61"",""created_time"":""2026-04-28T10:30:35.726613Z"",""no_price_dollars"":""0.4500"",""taker_side"":""no"",""ticker"":""KXETH15M-26APR280645-45"",""trade_id"":""df7bb777-a294-6cb6-d790-59ed6869b939"",""yes_price_dollars"":""0.5500""}"
KXETH15M-26APR280645-45,abd83400-8c79-68c7-fd72-d7e3cff2c397,1777372235,0.55,21.92,no,"{""count_fp"":""21.92"",""created_time"":""2026-04-28T10:30:35.726613Z"",""no_price_dollars"":""0.4500"",""taker_side"":""no"",""ticker"":""KXETH15M-26APR280645-45"",""trade_id"":""abd83400-8c79-68c7-fd72-d7e3cff2c397"",""yes_price_dollars"":""0.5500""}"
KXETH15M-26APR280645-45,63639ce1-f363-4c65-70eb-d8f612f1f6ad,1777372236,0.51,1.0,no,"{""count_fp"":""1.00"",""created_time"":""2026-04-28T10:30:36.970447Z"",""no_price_dollars"":""0.4900"",""taker_side"":""no"",""ticker"":""KXETH15M-26APR280645-45"",""trade_id"":""63639ce1-f363-4c65-70eb-d8f612f1f6ad"",""yes_price_dollars"":""0.5100""}"
KXETH15M-26APR280645-45,3d53fab6-62a9-4312-a55b-9664ed25e201,1777372237,0.56,1.0,yes,"{""count_fp"":""1.00"",""created_time"":""2026-04-28T10:30:37.804298Z"",""no_price_dollars"":""0.4400"",""taker_side"":""yes"",""ticker"":""KXETH15M-26APR280645-45"",""trade_id"":""3d53fab6-62a9-4312-a55b-9664ed25e201"",""yes_price_dollars"":""0.5600""}"
KXETH15M-26APR280645-45,c9b2fbaa-fce5-6a72-7597-b01107815c61,1777372240,0.56,17.32,yes,"{""count_fp"":""17.32"",""created_time"":""2026-04-28T10:30:40.272237Z"",""no_price_dollars"":""0.4400"",""taker_side"":""yes"",""ticker"":""KXETH15M-26APR280645-45"",""trade_id"":""c9b2fbaa-fce5-6a72-7597-b01107815c61"",""yes_price_dollars"":""0.5600""}"
KXETH15M-26APR280645-45,3b88ab76-c796-6308-2bce-fc13c1dd9fe2,1777372246,0.55,500.0,yes,"{""count_fp"":""500.00"",""created_time"":""2026-04-28T10:30:46.823117Z"",""no_price_dollars"":""0.4500"",""taker_side"":""yes"",""ticker"":""KXETH15M-26APR280645-45"",""trade_id"":""3b88ab76-c796-6308-2bce-fc13c1dd9fe2"",""yes_price_dollars"":""0.5500""}"
KXETH15M-26APR280645-45,ac459ef1-a80b-4ccd-7506-60a7e98255ee,1777372252,0.54,0.47,no,"{""count_fp"":""0.47"",""created_time"":""2026-04-28T10:30:52.022684Z"",""no_price_dollars"":""0.4600"",""taker_side"":""no"",""ticker"":""KXETH15M-26APR280645-45"",""trade_id"":""ac459ef1-a80b-4ccd-7506-60a7e98255ee"",""yes_price_dollars"":""0.5400""}"
KXETH15M-26APR280645-45,83d4aae3-8f1d-4427-5e71-4b3a84e1bff1,1777372252,0.54,9.44,no,"{""count_fp"":""9.44"",""created_time"":""2026-04-28T10:30:52.022684Z"",""no_price_dollars"":""0.4600"",""taker_side"":""no"",""ticker"":""KXETH15M-26APR280645-45"",""trade_id"":""83d4aae3-8f1d-4427-5e71-4b3a84e1bff1"",""yes_price_dollars"":""0.5400""}"
KXETH15M-26APR280645-45,7cc67f82-b3b5-4372-5b66-e56bda90fd65,1777372252,0.52,144.84,no,"{""count_fp"":""144.84"",""created_time"":""2026-04-28T10:30:52.022684Z"",""no_price_dollars"":""0.4800"",""taker_side"":""no"",""ticker"":""KXETH15M-26APR280645-45"",""trade_id"":""7cc67f82-b3b5-4372-5b66-e56bda90fd65"",""yes_price_dollars"":""0.5200""}"
KXETH15M-26APR280645-45,2c70a0ea-5127-4ddb-5308-7f976567184a,1777372252,0.53,10.0,no,"{""count_fp"":""10.00"",""created_time"":""2026-04-28T10:30:52.022684Z"",""no_price_dollars"":""0.4700"",""taker_side"":""no"",""ticker"":""KXETH15M-26APR280645-45"",""trade_id"":""2c70a0ea-5127-4ddb-5308-7f976567184a"",""yes_price_dollars"":""0.5300""}"
KXETH15M-26APR280645-45,2a8f23b9-ec22-44f7-708b-d5f051db5fa3,1777372252,0.53,1.0,no,"{""count_fp"":""1.00"",""created_time"":""2026-04-28T10:30:52.022684Z"",""no_price_dollars"":""0.4700"",""taker_side"":""no"",""ticker"":""KXETH15M-26APR280645-45"",""trade_id"":""2a8f23b9-ec22-44f7-708b-d5f051db5fa3"",""yes_price_dollars"":""0.5300""}"
KXETH15M-26APR280645-45,26c10718-9db8-4978-6502-91ea59ffb6f8,1777372252,0.52,1.0,no,"{""count_fp"":""1.00"",""created_time"":""2026-04-28T10:30:52.022684Z"",""no_price_dollars"":""0.4800"",""taker_side"":""no"",""ticker"":""KXETH15M-26APR280645-45"",""trade_id"":""26c10718-9db8-4978-6502-91ea59ffb6f8"",""yes_price_dollars"":""0.5200""}"
KXETH15M-26APR280645-45,6b4cbe63-e4d5-42a2-853d-ba4c971eb37d,1777372256,0.52,4.02,no,"{""count_fp"":""4.02"",""created_time"":""2026-04-28T10:30:56.413836Z"",""no_price_dollars"":""0.4800"",""taker_side"":""no"",""ticker"":""KXETH15M-26APR280645-45"",""trade_id"":""6b4cbe63-e4d5-42a2-853d-ba4c971eb37d"",""yes_price_dollars"":""0.5200""}"
KXETH15M-26APR280645-45,5fbdcf50-4cc0-7cd4-70d4-e0c0ea1758af,1777372261,0.55,1.0,yes,"{""count_fp"":""1.00"",""created_time"":""2026-04-28T10:31:01.221746Z"",""no_price_dollars"":""0.4500"",""taker_side"":""yes"",""ticker"":""KXETH15M-26APR280645-45"",""trade_id"":""5fbdcf50-4cc0-7cd4-70d4-e0c0ea1758af"",""yes_price_dollars"":""0.5500""}"
KXETH15M-26APR280645-45,d98d4a31-b7b5-6c72-5508-c8320b2ab71d,1777372266,0.56,14.95,yes,"{""count_fp"":""14.95"",""created_time"":""2026-04-28T10:31:06.204745Z"",""no_price_dollars"":""0.4400"",""taker_side"":""yes"",""ticker"":""KXETH15M-26APR280645-45"",""trade_id"":""d98d4a31-b7b5-6c72-5508-c8320b2ab71d"",""yes_price_dollars"":""0.5600""}"
KXETH15M-26APR280645-45,c0cb0725-1c0c-624b-68e6-883392de2dac,1777372266,0.57,9.3,yes,"{""count_fp"":""9.30"",""created_time"":""2026-04-28T10:31:06.204745Z"",""no_price_dollars"":""0.4300"",""taker_side"":""yes"",""ticker"":""KXETH15M-26APR280645-45"",""trade_id"":""c0cb0725-1c0c-624b-68e6-883392de2dac"",""yes_price_dollars"":""0.5700""}"
KXETH15M-26APR280645-45,29c9e8e9-b4c3-6899-49e2-b9ae650e0ef2,1777372266,0.57,8.28,yes,"{""count_fp"":""8.28"",""created_time"":""2026-04-28T10:31:06.204745Z"",""no_price_dollars"":""0.4300"",""taker_side"":""yes"",""ticker"":""KXETH15M-26APR280645-45"",""trade_id"":""29c9e8e9-b4c3-6899-49e2-b9ae650e0ef2"",""yes_price_dollars"":""0.5700""}"
KXETH15M-26APR280645-45,e93f8fb8-1bc2-5c85-8cb8-b148b07e7167,1777372269,0.55,2.0,no,"{""count_fp"":""2.00"",""created_time"":""2026-04-28T10:31:09.720018Z"",""no_price_dollars"":""0.4500"",""taker_side"":""no"",""ticker"":""KXETH15M-26APR280645-45"",""trade_id"":""e93f8fb8-1bc2-5c85-8cb8-b148b07e7167"",""yes_price_dollars"":""0.5500""}"
KXETH15M-26APR280645-45,44fbcc59-0316-5004-7f77-91b10221e9ba,1777372272,0.62,21.0,yes,"{""count_fp"":""21.00"",""created_time"":""2026-04-28T10:31:12.400218Z"",""no_price_dollars"":""0.3800"",""taker_side"":""yes"",""ticker"":""KXETH15M-26APR280645-45"",""trade_id"":""44fbcc59-0316-5004-7f77-91b10221e9ba"",""yes_price_dollars"":""0.6200""}"
KXETH15M-26APR280645-45,a0097912-a3d7-4305-4c57-542bc955c492,1777372276,0.63,10.0,yes,"{""count_fp"":""10.00"",""created_time"":""2026-04-28T10:31:16.681732Z"",""no_price_dollars"":""0.3700"",""taker_side"":""yes"",""ticker"":""KXETH15M-26APR280645-45"",""trade_id"":""a0097912-a3d7-4305-4c57-542bc955c492"",""yes_price_dollars"":""0.6300""}"
KXETH15M-26APR280645-45,46835b7d-6df0-49b1-5f74-1018cac5eb1c,1777372276,0.64,5.83,yes,"{""count_fp"":""5.83"",""created_time"":""2026-04-28T10:31:16.681732Z"",""no_price_dollars"":""0.3600"",""taker_side"":""yes"",""ticker"":""KXETH15M-26APR280645-45"",""trade_id"":""46835b7d-6df0-49b1-5f74-1018cac5eb1c"",""yes_price_dollars"":""0.6400""}"
KXETH15M-26APR280645-45,12bc179a-c5c6-4ded-613b-c62942c27fe0,1777372276,0.62,5.0,yes,"{""count_fp"":""5.00"",""created_time"":""2026-04-28T10:31:16.681732Z"",""no_price_dollars"":""0.3800"",""taker_side"":""yes"",""ticker"":""KXETH15M-26APR280645-45"",""trade_id"":""12bc179a-c5c6-4ded-613b-c62942c27fe0"",""yes_price_dollars"":""0.6200""}"
KXETH15M-26APR280645-45,df5cd930-40ec-72ea-ee8e-55c1df3fa781,1777372279,0.62,10.0,no,"{""count_fp"":""10.00"",""created_time"":""2026-04-28T10:31:19.247866Z"",""no_price_dollars"":""0.3800"",""taker_side"":""no"",""ticker"":""KXETH15M-26APR280645-45"",""trade_id"":""df5cd930-40ec-72ea-ee8e-55c1df3fa781"",""yes_price_dollars"":""0.6200""}"
KXETH15M-26APR280645-45,14b1370f-58d1-7bd3-cc04-9d86de5d0567,1777372279,0.62,30.0,no,"{""count_fp"":""30.00"",""created_time"":""2026-04-28T10:31:19.247866Z"",""no_price_dollars"":""0.3800"",""taker_side"":""no"",""ticker"":""KXETH15M-26APR280645-45"",""trade_id"":""14b1370f-58d1-7bd3-cc04-9d86de5d0567"",""yes_price_dollars"":""0.6200""}"
KXETH15M-26APR280645-45,4ed3daf5-bdae-5f94-de9a-03b77939d082,1777372280,0.66,3.0,yes,"{""count_fp"":""3.00"",""created_time"":""2026-04-28T10:31:20.198654Z"",""no_price_dollars"":""0.3400"",""taker_side"":""yes"",""ticker"":""KXETH15M-26APR280645-45"",""trade_id"":""4ed3daf5-bdae-5f94-de9a-03b77939d082"",""yes_price_dollars"":""0.6600""}"
KXETH15M-26APR280645-45,cf729120-7a51-724e-5bea-f481ce1935b0,1777372291,0.68,133.0,yes,"{""count_fp"":""133.00"",""created_time"":""2026-04-28T10:31:31.219869Z"",""no_price_dollars"":""0.3200"",""taker_side"":""yes"",""ticker"":""KXETH15M-26APR280645-45"",""trade_id"":""cf729120-7a51-724e-5bea-f481ce1935b0"",""yes_price_dollars"":""0.6800""}"
KXETH15M-26APR280645-45,375e3ca7-a1bb-72b9-53d7-f383e13b3ecb,1777372291,0.67,2.0,yes,"{""count_fp"":""2.00"",""created_time"":""2026-04-28T10:31:31.219869Z"",""no_price_dollars"":""0.3300"",""taker_side"":""yes"",""ticker"":""KXETH15M-26APR280645-45"",""trade_id"":""375e3ca7-a1bb-72b9-53d7-f383e13b3ecb"",""yes_price_dollars"":""0.6700""}"
KXETH15M-26APR280645-45,671a0947-849a-7a84-7e3c-aa7b3aa04810,1777372292,0.72,1.0,yes,"{""count_fp"":""1.00"",""created_time"":""2026-04-28T10:31:32.207987Z"",""no_price_dollars"":""0.2800"",""taker_side"":""yes"",""ticker"":""KXETH15M-26APR280645-45"",""trade_id"":""671a0947-849a-7a84-7e3c-aa7b3aa04810"",""yes_price_dollars"":""0.7200""}"
KXETH15M-26APR280645-45,9deb27cd-8f75-45aa-7aa1-f1867fabbcc9,1777372293,0.7,3.0,no,"{""count_fp"":""3.00"",""created_time"":""2026-04-28T10:31:33.631204Z"",""no_price_dollars"":""0.3000"",""taker_side"":""no"",""ticker"":""KXETH15M-26APR280645-45"",""trade_id"":""9deb27cd-8f75-45aa-7aa1-f1867fabbcc9"",""yes_price_dollars"":""0.7000""}"
KXETH15M-26APR280645-45,ad05fc20-bb6e-7ab0-c3e6-f7ebcdba3a88,1777372294,0.74,10.0,yes,"{""count_fp"":""10.00"",""created_time"":""2026-04-28T10:31:34.034933Z"",""no_price_dollars"":""0.2600"",""taker_side"":""yes"",""ticker"":""KXETH15M-26APR280645-45"",""trade_id"":""ad05fc20-bb6e-7ab0-c3e6-f7ebcdba3a88"",""yes_price_dollars"":""0.7400""}"
KXETH15M-26APR280645-45,83ba7064-0323-7e04-fed8-4754196facf9,1777372294,0.74,10.0,yes,"{""count_fp"":""10.00"",""created_time"":""2026-04-28T10:31:34.034933Z"",""no_price_dollars"":""0.2600"",""taker_side"":""yes"",""ticker"":""KXETH15M-26APR280645-45"",""trade_id"":""83ba7064-0323-7e04-fed8-4754196facf9"",""yes_price_dollars"":""0.7400""}"
KXETH15M-26APR280645-45,a96e9863-5ecf-57d8-5eb8-84c140d2ae60,1777372295,0.73,6.72,yes,"{""count_fp"":""6.72"",""created_time"":""2026-04-28T10:31:35.943669Z"",""no_price_dollars"":""0.2700"",""taker_side"":""yes"",""ticker"":""KXETH15M-26APR280645-45"",""trade_id"":""a96e9863-5ecf-57d8-5eb8-84c140d2ae60"",""yes_price_dollars"":""0.7300""}"
KXETH15M-26APR280645-45,6b644eb1-6dff-599b-924d-ba635dbf2770,1777372298,0.73,2.0,yes,"{""count_fp"":""2.00"",""created_time"":""2026-04-28T10:31:38.201383Z"",""no_price_dollars"":""0.2700"",""taker_side"":""yes"",""ticker"":""KXETH15M-26APR280645-45"",""trade_id"":""6b644eb1-6dff-599b-924d-ba635dbf2770"",""yes_price_dollars"":""0.7300""}"
KXETH15M-26APR280645-45,1c443f62-b2d7-5cc6-a6ca-6da6698c7794,1777372298,0.73,3.0,yes,"{""count_fp"":""3.00"",""created_time"":""2026-04-28T10:31:38.201383Z"",""no_price_dollars"":""0.2700"",""taker_side"":""yes"",""ticker"":""KXETH15M-26APR280645-45"",""trade_id"":""1c443f62-b2d7-5cc6-a6ca-6da6698c7794"",""yes_price_dollars"":""0.7300""}"
KXETH15M-26APR280645-45,cbc70939-7337-4968-80d5-f17db385f896,1777372315,0.75,12.0,no,"{""count_fp"":""12.00"",""created_time"":""2026-04-28T10:31:55.673803Z"",""no_price_dollars"":""0.2500"",""taker_side"":""no"",""ticker"":""KXETH15M-26APR280645-45"",""trade_id"":""cbc70939-7337-4968-80d5-f17db385f896"",""yes_price_dollars"":""0.7500""}"
KXETH15M-26APR280645-45,a2555dcd-347c-4d73-9eda-7467979ef842,1777372315,0.75,10.0,no,"{""count_fp"":""10.00"",""created_time"":""2026-04-28T10:31:55.673803Z"",""no_price_dollars"":""0.2500"",""taker_side"":""no"",""ticker"":""KXETH15M-26APR280645-45"",""trade_id"":""a2555dcd-347c-4d73-9eda-7467979ef842"",""yes_price_dollars"":""0.7500""}"
KXETH15M-26APR280645-45,1e4c13d1-47ea-6cda-dd22-d4171c7a0f03,1777372319,0.74,46.03,yes,"{""count_fp"":""46.03"",""created_time"":""2026-04-28T10:31:59.817716Z"",""no_price_dollars"":""0.2600"",""taker_side"":""yes"",""ticker"":""KXETH15M-26APR280645-45"",""trade_id"":""1e4c13d1-47ea-6cda-dd22-d4171c7a0f03"",""yes_price_dollars"":""0.7400""}"
KXETH15M-26APR280645-45,4afabbad-aef2-52fe-e052-8e0c6228fa5b,1777372320,0.74,30.0,yes,"{""count_fp"":""30.00"",""created_time"":""2026-04-28T10:32:00.972413Z"",""no_price_dollars"":""0.2600"",""taker_side"":""yes"",""ticker"":""KXETH15M-26APR280645-45"",""trade_id"":""4afabbad-aef2-52fe-e052-8e0c6228fa5b"",""yes_price_dollars"":""0.7400""}"
KXETH15M-26APR280645-45,8ce60cd6-9c6a-5b0a-2d60-214ce5ff9a17,1777372320,0.74,2.0,yes,"{""count_fp"":""2.00"",""created_time"":""2026-04-28T10:32:00.031893Z"",""no_price_dollars"":""0.2600"",""taker_side"":""yes"",""ticker"":""KXETH15M-26APR280645-45"",""trade_id"":""8ce60cd6-9c6a-5b0a-2d60-214ce5ff9a17"",""yes_price_dollars"":""0.7400""}"
KXETH15M-26APR280645-45,5260f1eb-5eda-64b6-729c-7cd41b7ab693,1777372321,0.74,1.0,yes,"{""count_fp"":""1.00"",""created_time"":""2026-04-28T10:32:01.876854Z"",""no_price_dollars"":""0.2600"",""taker_side"":""yes"",""ticker"":""KXETH15M-26APR280645-45"",""trade_id"":""5260f1eb-5eda-64b6-729c-7cd41b7ab693"",""yes_price_dollars"":""0.7400""}"
KXETH15M-26APR280645-45,ccdf58df-b8fe-686c-c7d4-527b967bc89e,1777372323,0.75,1.0,yes,"{""count_fp"":""1.00"",""created_time"":""2026-04-28T10:32:03.327075Z"",""no_price_dollars"":""0.2500"",""taker_side"":""yes"",""ticker"":""KXETH15M-26APR280645-45"",""trade_id"":""ccdf58df-b8fe-686c-c7d4-527b967bc89e"",""yes_price_dollars"":""0.7500""}"
KXETH15M-26APR280645-45,fa7cb922-1ef6-53ef-7fa8-56a8a8510b4a,1777372327,0.72,10.0,no,"{""count_fp"":""10.00"",""created_time"":""2026-04-28T10:32:07.230098Z"",""no_price_dollars"":""0.2800"",""taker_side"":""no"",""ticker"":""KXETH15M-26APR280645-45"",""trade_id"":""fa7cb922-1ef6-53ef-7fa8-56a8a8510b4a"",""yes_price_dollars"":""0.7200""}"
KXETH15M-26APR280645-45,e293af34-5414-543d-67fc-e5effc8b3ddd,1777372327,0.72,9.86,no,"{""count_fp"":""9.86"",""created_time"":""2026-04-28T10:32:07.230098Z"",""no_price_dollars"":""0.2800"",""taker_side"":""no"",""ticker"":""KXETH15M-26APR280645-45"",""trade_id"":""e293af34-5414-543d-67fc-e5effc8b3ddd"",""yes_price_dollars"":""0.7200""}"
KXETH15M-26APR280645-45,d77dae3c-b861-5af7-52c2-0862cfb6fc7f,1777372327,0.71,7.14,no,"{""count_fp"":""7.14"",""created_time"":""2026-04-28T10:32:07.230098Z"",""no_price_dollars"":""0.2900"",""taker_side"":""no"",""ticker"":""KXETH15M-26APR280645-45"",""trade_id"":""d77dae3c-b861-5af7-52c2-0862cfb6fc7f"",""yes_price_dollars"":""0.7100""}"
KXETH15M-26APR280645-45,bd198a47-d306-559a-6691-3db59a5e0a74,1777372327,0.72,2.0,no,"{""count_fp"":""2.00"",""created_time"":""2026-04-28T10:32:07.230098Z"",""no_price_dollars"":""0.2800"",""taker_side"":""no"",""ticker"":""KXETH15M-26APR280645-45"",""trade_id"":""bd198a47-d306-559a-6691-3db59a5e0a74"",""yes_price_dollars"":""0.7200""}"
KXETH15M-26APR280645-45,2a839495-9ac7-5e9b-535d-f6227f77a71a,1777372327,0.72,1.0,no,"{""count_fp"":""1.00"",""created_time"":""2026-04-28T10:32:07.230098Z"",""no_price_dollars"":""0.2800"",""taker_side"":""no"",""ticker"":""KXETH15M-26APR280645-45"",""trade_id"":""2a839495-9ac7-5e9b-535d-f6227f77a71a"",""yes_price_dollars"":""0.7200""}"
KXETH15M-26APR280645-45,0e50d21d-e2a4-5c36-740d-b082dc71c64b,1777372327,0.72,10.0,no,"{""count_fp"":""10.00"",""created_time"":""2026-04-28T10:32:07.230098Z"",""no_price_dollars"":""0.2800"",""taker_side"":""no"",""ticker"":""KXETH15M-26APR280645-45"",""trade_id"":""0e50d21d-e2a4-5c36-740d-b082dc71c64b"",""yes_price_dollars"":""0.7200""}"
KXETH15M-26APR280645-45,73da4e5d-1b65-4ddf-c1cb-cc1646cea7d5,1777372332,0.71,2.0,no,"{""count_fp"":""2.00"",""created_time"":""2026-04-28T10:32:12.044786Z"",""no_price_dollars"":""0.2900"",""taker_side"":""no"",""ticker"":""KXETH15M-26APR280645-45"",""trade_id"":""73da4e5d-1b65-4ddf-c1cb-cc1646cea7d5"",""yes_price_dollars"":""0.7100""}"
KXETH15M-26APR280645-45,6a213e61-36a8-4aaf-fa5a-1b42459c9480,1777372332,0.7,3.0,no,"{""count_fp"":""3.00"",""created_time"":""2026-04-28T10:32:12.044786Z"",""no_price_dollars"":""0.3000"",""taker_side"":""no"",""ticker"":""KXETH15M-26APR280645-45"",""trade_id"":""6a213e61-36a8-4aaf-fa5a-1b42459c9480"",""yes_price_dollars"":""0.7000""}"
KXETH15M-26APR280645-45,62aaf975-41c9-488a-d892-6c83b45fc4d1,1777372332,0.7,8.06,no,"{""count_fp"":""8.06"",""created_time"":""2026-04-28T10:32:12.044786Z"",""no_price_dollars"":""0.3000"",""taker_side"":""no"",""ticker"":""KXETH15M-26APR280645-45"",""trade_id"":""62aaf975-41c9-488a-d892-6c83b45fc4d1"",""yes_price_dollars"":""0.7000""}"
KXETH15M-26APR280645-45,47b36691-4adb-4979-df87-6c108390ce77,1777372332,0.72,9.86,no,"{""count_fp"":""9.86"",""created_time"":""2026-04-28T10:32:12.044786Z"",""no_price_dollars"":""0.2800"",""taker_side"":""no"",""ticker"":""KXETH15M-26APR280645-45"",""trade_id"":""47b36691-4adb-4979-df87-6c108390ce77"",""yes_price_dollars"":""0.7200""}"
KXETH15M-26APR280645-45,24ac1210-171b-4266-caa9-1f96570c7c5a,1777372332,0.72,10.0,no,"{""count_fp"":""10.00"",""created_time"":""2026-04-28T10:32:12.044786Z"",""no_price_dollars"":""0.2800"",""taker_side"":""no"",""ticker"":""KXETH15M-26APR280645-45"",""trade_id"":""24ac1210-171b-4266-caa9-1f96570c7c5a"",""yes_price_dollars"":""0.7200""}"
KXETH15M-26APR280645-45,5bcad5cc-9b26-5e4c-809d-1b42a7d31f06,1777372341,0.73,1.0,yes,"{""count_fp"":""1.00"",""created_time"":""2026-04-28T10:32:21.811566Z"",""no_price_dollars"":""0.2700"",""taker_side"":""yes"",""ticker"":""KXETH15M-26APR280645-45"",""trade_id"":""5bcad5cc-9b26-5e4c-809d-1b42a7d31f06"",""yes_price_dollars"":""0.7300""}"
KXETH15M-26APR280645-45,655e5d31-8db8-584e-a6ff-06e5cf0c5f1d,1777372348,0.72,4.0,yes,"{""count_fp"":""4.00"",""created_time"":""2026-04-28T10:32:28.769622Z"",""no_price_dollars"":""0.2800"",""taker_side"":""yes"",""ticker"":""KXETH15M-26APR280645-45"",""trade_id"":""655e5d31-8db8-584e-a6ff-06e5cf0c5f1d"",""yes_price_dollars"":""0.7200""}"
KXETH15M-26APR280645-45,ece2831c-dbb6-41ee-3a2d-fe6c66d99da5,1777372349,0.7,1.0,no,"{""count_fp"":""1.00"",""created_time"":""2026-04-28T10:32:29.866629Z"",""no_price_dollars"":""0.3000"",""taker_side"":""no"",""ticker"":""KXETH15M-26APR280645-45"",""trade_id"":""ece2831c-dbb6-41ee-3a2d-fe6c66d99da5"",""yes_price_dollars"":""0.7000""}"
KXETH15M-26APR280645-45,d09b1758-7540-4fe9-3d92-0f467fde9a79,1777372349,0.67,1.0,no,"{""count_fp"":""1.00"",""created_time"":""2026-04-28T10:32:29.866629Z"",""no_price_dollars"":""0.3300"",""taker_side"":""no"",""ticker"":""KXETH15M-26APR280645-45"",""trade_id"":""d09b1758-7540-4fe9-3d92-0f467fde9a79"",""yes_price_dollars"":""0.6700""}"
KXETH15M-26APR280645-45,adc3877a-af71-42ff-3b62-09161a694489,1777372349,0.71,1.0,no,"{""count_fp"":""1.00"",""created_time"":""2026-04-28T10:32:29.866629Z"",""no_price_dollars"":""0.2900"",""taker_side"":""no"",""ticker"":""KXETH15M-26APR280645-45"",""trade_id"":""adc3877a-af71-42ff-3b62-09161a694489"",""yes_price_dollars"":""0.7100""}"
KXETH15M-26APR280645-45,7c07d4ff-6132-4bda-0aba-89aba34462a3,1777372349,0.69,1.0,no,"{""count_fp"":""1.00"",""created_time"":""2026-04-28T10:32:29.866629Z"",""no_price_dollars"":""0.3100"",""taker_side"":""no"",""ticker"":""KXETH15M-26APR280645-45"",""trade_id"":""7c07d4ff-6132-4bda-0aba-89aba34462a3"",""yes_price_dollars"":""0.6900""}"
KXETH15M-26APR280645-45,66903118-210f-4a9f-398f-b665580cc719,1777372349,0.68,1.0,no,"{""count_fp"":""1.00"",""created_time"":""2026-04-28T10:32:29.866629Z"",""no_price_dollars"":""0.3200"",""taker_side"":""no"",""ticker"":""KXETH15M-26APR280645-45"",""trade_id"":""66903118-210f-4a9f-398f-b665580cc719"",""yes_price_dollars"":""0.6800""}"
KXETH15M-26APR280645-45,47de89f3-7190-4bba-09bd-cbf4eb16b46c,1777372349,0.67,3.0,no,"{""count_fp"":""3.00"",""created_time"":""2026-04-28T10:32:29.866629Z"",""no_price_dollars"":""0.3300"",""taker_side"":""no"",""ticker"":""KXETH15M-26APR280645-45"",""trade_id"":""47de89f3-7190-4bba-09bd-cbf4eb16b46c"",""yes_price_dollars"":""0.6700""}"
KXETH15M-26APR280645-45,1b1e88cb-02ae-43f3-0b3e-137f5b278873,1777372349,0.67,2.0,no,"{""count_fp"":""2.00"",""created_time"":""2026-04-28T10:32:29.866629Z"",""no_price_dollars"":""0.3300"",""taker_side"":""no"",""ticker"":""KXETH15M-26APR280645-45"",""trade_id"":""1b1e88cb-02ae-43f3-0b3e-137f5b278873"",""yes_price_dollars"":""0.6700""}"
KXETH15M-26APR280645-45,702bc81b-09a8-46ae-fb40-9c6cc37ce821,1777372351,0.72,1.0,yes,"{""count_fp"":""1.00"",""created_time"":""2026-04-28T10:32:31.708569Z"",""no_price_dollars"":""0.2800"",""taker_side"":""yes"",""ticker"":""KXETH15M-26APR280645-45"",""trade_id"":""702bc81b-09a8-46ae-fb40-9c6cc37ce821"",""yes_price_dollars"":""0.7200""}"
KXETH15M-26APR280645-45,d9019877-c588-69bf-094d-1435d98de1e7,1777372354,0.72,4.0,yes,"{""count_fp"":""4.00"",""created_time"":""2026-04-28T10:32:34.114073Z"",""no_price_dollars"":""0.2800"",""taker_side"":""yes"",""ticker"":""KXETH15M-26APR280645-45"",""trade_id"":""d9019877-c588-69bf-094d-1435d98de1e7"",""yes_price_dollars"":""0.7200""}"
KXETH15M-26APR280645-45,d096283f-ed1c-6e66-2fad-982e301c036b,1777372354,0.72,2.0,yes,"{""count_fp"":""2.00"",""created_time"":""2026-04-28T10:32:34.114073Z"",""no_price_dollars"":""0.2800"",""taker_side"":""yes"",""ticker"":""KXETH15M-26APR280645-45"",""trade_id"":""d096283f-ed1c-6e66-2fad-982e301c036b"",""yes_price_dollars"":""0.7200""}"
KXETH15M-26APR280645-45,9bbeefd8-e6a2-6b59-36ab-89032a4188ed,1777372354,0.71,2.0,yes,"{""count_fp"":""2.00"",""created_time"":""2026-04-28T10:32:34.114073Z"",""no_price_dollars"":""0.2900"",""taker_side"":""yes"",""ticker"":""KXETH15M-26APR280645-45"",""trade_id"":""9bbeefd8-e6a2-6b59-36ab-89032a4188ed"",""yes_price_dollars"":""0.7100""}"
KXETH15M-26APR280645-45,8bfd54a3-2d88-6d02-3ac4-0b4b045b4cf5,1777372354,0.72,4.28,yes,"{""count_fp"":""4.28"",""created_time"":""2026-04-28T10:32:34.114073Z"",""no_price_dollars"":""0.2800"",""taker_side"":""yes"",""ticker"":""KXETH15M-26APR280645-45"",""trade_id"":""8bfd54a3-2d88-6d02-3ac4-0b4b045b4cf5"",""yes_price_dollars"":""0.7200""}"
KXETH15M-26APR280645-45,8667f23e-c069-607b-3889-180a6ba1fb66,1777372354,0.72,1.0,yes,"{""count_fp"":""1.00"",""created_time"":""2026-04-28T10:32:34.114073Z"",""no_price_dollars"":""0.2800"",""taker_side"":""yes"",""ticker"":""KXETH15M-26APR280645-45"",""trade_id"":""8667f23e-c069-607b-3889-180a6ba1fb66"",""yes_price_dollars"":""0.7200""}"
KXETH15M-26APR280645-45,032c853a-72de-6e2c-3d64-798b4822bd6e,1777372354,0.73,1.72,yes,"{""count_fp"":""1.72"",""created_time"":""2026-04-28T10:32:34.114073Z"",""no_price_dollars"":""0.2700"",""taker_side"":""yes"",""ticker"":""KXETH15M-26APR280645-45"",""trade_id"":""032c853a-72de-6e2c-3d64-798b4822bd6e"",""yes_price_dollars"":""0.7300""}"
KXETH15M-26APR280645-45,f2377f04-3b3e-6145-a9bb-c6bdea8538e1,1777372356,0.71,10.0,no,"{""count_fp"":""10.00"",""created_time"":""2026-04-28T10:32:36.901136Z"",""no_price_dollars"":""0.2900"",""taker_side"":""no"",""ticker"":""KXETH15M-26APR280645-45"",""trade_id"":""f2377f04-3b3e-6145-a9bb-c6bdea8538e1"",""yes_price_dollars"":""0.7100""}"
KXETH15M-26APR280645-45,87a6eebc-4927-6860-bc03-fc407fc37fea,1777372356,0.72,5.0,no,"{""count_fp"":""5.00"",""created_time"":""2026-04-28T10:32:36.901136Z"",""no_price_dollars"":""0.2800"",""taker_side"":""no"",""ticker"":""KXETH15M-26APR280645-45"",""trade_id"":""87a6eebc-4927-6860-bc03-fc407fc37fea"",""yes_price_dollars"":""0.7200""}"
KXETH15M-26APR280645-45,05c03b68-ccc9-65fa-9075-d2ebedbb54a2,1777372356,0.71,5.0,no,"{""count_fp"":""5.00"",""created_time"":""2026-04-28T10:32:36.901136Z"",""no_price_dollars"":""0.2900"",""taker_side"":""no"",""ticker"":""KXETH15M-26APR280645-45"",""trade_id"":""05c03b68-ccc9-65fa-9075-d2ebedbb54a2"",""yes_price_dollars"":""0.7100""}"
KXETH15M-26APR280645-45,c30c157a-74d5-65fe-ce1d-84ac07973b7e,1777372362,0.71,2.0,no,"{""count_fp"":""2.00"",""created_time"":""2026-04-28T10:32:42.290708Z"",""no_price_dollars"":""0.2900"",""taker_side"":""no"",""ticker"":""KXETH15M-26APR280645-45"",""trade_id"":""c30c157a-74d5-65fe-ce1d-84ac07973b7e"",""yes_price_dollars"":""0.7100""}"
KXETH15M-26APR280645-45,21876692-07a4-6ff4-eee8-d0053dad2d96,1777372362,0.71,3.0,no,"{""count_fp"":""3.00"",""created_time"":""2026-04-28T10:32:42.290708Z"",""no_price_dollars"":""0.2900"",""taker_side"":""no"",""ticker"":""KXETH15M-26APR280645-45"",""trade_id"":""21876692-07a4-6ff4-eee8-d0053dad2d96"",""yes_price_dollars"":""0.7100""}"
KXETH15M-26APR280645-45,f52bd3a8-5030-7ee4-cb06-0ed07112dc62,1777372373,0.71,3.0,no,"{""count_fp"":""3.00"",""created_time"":""2026-04-28T10:32:53.916095Z"",""no_price_dollars"":""0.2900"",""taker_side"":""no"",""ticker"":""KXETH15M-26APR280645-45"",""trade_id"":""f52bd3a8-5030-7ee4-cb06-0ed07112dc62"",""yes_price_dollars"":""0.7100""}"
KXETH15M-26APR280645-45,e400a06f-da13-7f9a-dff4-83b23d88f672,1777372373,0.7,10.0,no,"{""count_fp"":""10.00"",""created_time"":""2026-04-28T10:32:53.916095Z"",""no_price_dollars"":""0.3000"",""taker_side"":""no"",""ticker"":""KXETH15M-26APR280645-45"",""trade_id"":""e400a06f-da13-7f9a-dff4-83b23d88f672"",""yes_price_dollars"":""0.7000""}"
KXETH15M-26APR280645-45,c4eb1c26-fc26-75ab-fb80-cd1fc0cbcfaf,1777372373,0.7,2.0,no,"{""count_fp"":""2.00"",""created_time"":""2026-04-28T10:32:53.916095Z"",""no_price_dollars"":""0.3000"",""taker_side"":""no"",""ticker"":""KXETH15M-26APR280645-45"",""trade_id"":""c4eb1c26-fc26-75ab-fb80-cd1fc0cbcfaf"",""yes_price_dollars"":""0.7000""}"
KXETH15M-26APR280645-45,4d90afee-a452-79a3-c4ae-2eceebbc77c6,1777372373,0.7,5.83,no,"{""count_fp"":""5.83"",""created_time"":""2026-04-28T10:32:53.916095Z"",""no_price_dollars"":""0.3000"",""taker_side"":""no"",""ticker"":""KXETH15M-26APR280645-45"",""trade_id"":""4d90afee-a452-79a3-c4ae-2eceebbc77c6"",""yes_price_dollars"":""0.7000""}"
KXETH15M-26APR280645-45,800dad25-450f-786e-eeb2-af40c4a7175a,1777372376,0.7,19.0,yes,"{""count_fp"":""19.00"",""created_time"":""2026-04-28T10:32:56.122195Z"",""no_price_dollars"":""0.3000"",""taker_side"":""yes"",""ticker"":""KXETH15M-26APR280645-45"",""trade_id"":""800dad25-450f-786e-eeb2-af40c4a7175a"",""yes_price_dollars"":""0.7000""}"
KXETH15M-26APR280645-45,fa504cb4-57b3-46b8-58b0-ffee486b631c,1777372377,0.72,2.0,yes,"{""count_fp"":""2.00"",""created_time"":""2026-04-28T10:32:57.139568Z"",""no_price_dollars"":""0.2800"",""taker_side"":""yes"",""ticker"":""KXETH15M-26APR280645-45"",""trade_id"":""fa504cb4-57b3-46b8-58b0-ffee486b631c"",""yes_price_dollars"":""0.7200""}"
KXETH15M-26APR280645-45,d08562c1-c4e5-4dfe-51f9-14033bbabbcc,1777372377,0.72,2.0,yes,"{""count_fp"":""2.00"",""created_time"":""2026-04-28T10:32:57.139568Z"",""no_price_dollars"":""0.2800"",""taker_side"":""yes"",""ticker"":""KXETH15M-26APR280645-45"",""trade_id"":""d08562c1-c4e5-4dfe-51f9-14033bbabbcc"",""yes_price_dollars"":""0.7200""}"
KXETH15M-26APR280645-45,469e85fd-e3bb-4cf2-4381-f50771335372,1777372377,0.7,13.0,yes,"{""count_fp"":""13.00"",""created_time"":""2026-04-28T10:32:57.139568Z"",""no_price_dollars"":""0.3000"",""taker_side"":""yes"",""ticker"":""KXETH15M-26APR280645-45"",""trade_id"":""469e85fd-e3bb-4cf2-4381-f50771335372"",""yes_price_dollars"":""0.7000""}"
KXETH15M-26APR280645-45,1b92798a-4474-4b56-6563-c610d20d6ff2,1777372377,0.74,1.0,yes,"{""count_fp"":""1.00"",""created_time"":""2026-04-28T10:32:57.139568Z"",""no_price_dollars"":""0.2600"",""taker_side"":""yes"",""ticker"":""KXETH15M-26APR280645-45"",""trade_id"":""1b92798a-4474-4b56-6563-c610d20d6ff2"",""yes_price_dollars"":""0.7400""}"
KXETH15M-26APR280645-45,eaadf7e2-d575-798e-80cb-849adb85d16d,1777372379,0.72,25.47,no,"{""count_fp"":""25.47"",""created_time"":""2026-04-28T10:32:59.043968Z"",""no_price_dollars"":""0.2800"",""taker_side"":""no"",""ticker"":""KXETH15M-26APR280645-45"",""trade_id"":""eaadf7e2-d575-798e-80cb-849adb85d16d"",""yes_price_dollars"":""0.7200""}"
KXETH15M-26APR280645-45,77b09211-80b2-4700-be0a-3b16005167af,1777372380,0.75,10.0,yes,"{""count_fp"":""10.00"",""created_time"":""2026-04-28T10:33:00.545129Z"",""no_price_dollars"":""0.2500"",""taker_side"":""yes"",""ticker"":""KXETH15M-26APR280645-45"",""trade_id"":""77b09211-80b2-4700-be0a-3b16005167af"",""yes_price_dollars"":""0.7500""}"
KXETH15M-26APR280645-45,434416d3-98aa-4f24-bef8-0b200a2a787e,1777372380,0.76,62.6,yes,"{""count_fp"":""62.60"",""created_time"":""2026-04-28T10:33:00.545129Z"",""no_price_dollars"":""0.2400"",""taker_side"":""yes"",""ticker"":""KXETH15M-26APR280645-45"",""trade_id"":""434416d3-98aa-4f24-bef8-0b200a2a787e"",""yes_price_dollars"":""0.7600""}"
KXETH15M-26APR280645-45,2e1f84cf-8702-4301-bd3d-4372dff58102,1777372380,0.75,10.4,yes,"{""count_fp"":""10.40"",""created_time"":""2026-04-28T10:33:00.545129Z"",""no_price_dollars"":""0.2500"",""taker_side"":""yes"",""ticker"":""KXETH15M-26APR280645-45"",""trade_id"":""2e1f84cf-8702-4301-bd3d-4372dff58102"",""yes_price_dollars"":""0.7500""}"
KXETH15M-26APR280645-45,514086ed-74ca-6d90-64cc-33d620368d72,1777372382,0.76,1.0,yes,"{""count_fp"":""1.00"",""created_time"":""2026-04-28T10:33:02.256247Z"",""no_price_dollars"":""0.2400"",""taker_side"":""yes"",""ticker"":""KXETH15M-26APR280645-45"",""trade_id"":""514086ed-74ca-6d90-64cc-33d620368d72"",""yes_price_dollars"":""0.7600""}"
KXETH15M-26APR280645-45,9003a8d8-b986-5d8c-f7b4-beb5cfc3f87a,1777372386,0.76,24.0,yes,"{""count_fp"":""24.00"",""created_time"":""2026-04-28T10:33:06.093677Z"",""no_price_dollars"":""0.2400"",""taker_side"":""yes"",""ticker"":""KXETH15M-26APR280645-45"",""trade_id"":""9003a8d8-b986-5d8c-f7b4-beb5cfc3f87a"",""yes_price_dollars"":""0.7600""}"
KXETH15M-26APR280645-45,b5da4ec9-a5f6-60ec-4234-5f4283b6eda2,1777372390,0.76,6.47,yes,"{""count_fp"":""6.47"",""created_time"":""2026-04-28T10:33:10.763476Z"",""no_price_dollars"":""0.2400"",""taker_side"":""yes"",""ticker"":""KXETH15M-26APR280645-45"",""trade_id"":""b5da4ec9-a5f6-60ec-4234-5f4283b6eda2"",""yes_price_dollars"":""0.7600""}"
KXETH15M-26APR280645-45,f49bef9c-62a5-51e3-2892-5596ac3fb301,1777372393,0.75,10.0,no,"{""count_fp"":""10.00"",""created_time"":""2026-04-28T10:33:13.473868Z"",""no_price_dollars"":""0.2500"",""taker_side"":""no"",""ticker"":""KXETH15M-26APR280645-45"",""trade_id"":""f49bef9c-62a5-51e3-2892-5596ac3fb301"",""yes_price_dollars"":""0.7500""}"
KXETH15M-26APR280645-45,ee98bffa-5f01-56a3-1348-dd4bd7291f37,1777372393,0.75,64.03,no,"{""count_fp"":""64.03"",""created_time"":""2026-04-28T10:33:13.473868Z"",""no_price_dollars"":""0.2500"",""taker_side"":""no"",""ticker"":""KXETH15M-26APR280645-45"",""trade_id"":""ee98bffa-5f01-56a3-1348-dd4bd7291f37"",""yes_price_dollars"":""0.7500""}"
KXETH15M-26APR280645-45,33c36f57-a8f8-697d-a85d-b057e5b9bf67,1777372398,0.75,9.0,no,"{""count_fp"":""9.00"",""created_time"":""2026-04-28T10:33:18.002303Z"",""no_price_dollars"":""0.2500"",""taker_side"":""no"",""ticker"":""KXETH15M-26APR280645-45"",""trade_id"":""33c36f57-a8f8-697d-a85d-b057e5b9bf67"",""yes_price_dollars"":""0.7500""}"
KXETH15M-26APR280645-45,f8fa043a-089e-5e2c-6ca4-db7bccaa821e,1777372400,0.76,50.0,yes,"{""count_fp"":""50.00"",""created_time"":""2026-04-28T10:33:20.164274Z"",""no_price_dollars"":""0.2400"",""taker_side"":""yes"",""ticker"":""KXETH15M-26APR280645-45"",""trade_id"":""f8fa043a-089e-5e2c-6ca4-db7bccaa821e"",""yes_price_dollars"":""0.7600""}"
KXETH15M-26APR280645-45,7e6c7d7c-6846-732c-2aba-72043404fa0e,1777372403,0.76,1.0,yes,"{""count_fp"":""1.00"",""created_time"":""2026-04-28T10:33:23.897488Z"",""no_price_dollars"":""0.2400"",""taker_side"":""yes"",""ticker"":""KXETH15M-26APR280645-45"",""trade_id"":""7e6c7d7c-6846-732c-2aba-72043404fa0e"",""yes_price_dollars"":""0.7600""}"
KXETH15M-26APR280645-45,a29a809f-3426-4f34-57ca-78c1c3ec2c7a,1777372404,0.76,1.0,yes,"{""count_fp"":""1.00"",""created_time"":""2026-04-28T10:33:24.298681Z"",""no_price_dollars"":""0.2400"",""taker_side"":""yes"",""ticker"":""KXETH15M-26APR280645-45"",""trade_id"":""a29a809f-3426-4f34-57ca-78c1c3ec2c7a"",""yes_price_dollars"":""0.7600""}"
KXETH15M-26APR280645-45,7cef83e9-3a76-4c10-c5ad-e2e114d162be,1777372406,0.76,1.0,yes,"{""count_fp"":""1.00"",""created_time"":""2026-04-28T10:33:26.034003Z"",""no_price_dollars"":""0.2400"",""taker_side"":""yes"",""ticker"":""KXETH15M-26APR280645-45"",""trade_id"":""7cef83e9-3a76-4c10-c5ad-e2e114d162be"",""yes_price_dollars"":""0.7600""}"
KXETH15M-26APR280645-45,e7700a36-3b56-6c18-b84e-49c557e53dc6,1777372409,0.76,5.0,yes,"{""count_fp"":""5.00"",""created_time"":""2026-04-28T10:33:29.335816Z"",""no_price_dollars"":""0.2400"",""taker_side"":""yes"",""ticker"":""KXETH15M-26APR280645-45"",""trade_id"":""e7700a36-3b56-6c18-b84e-49c557e53dc6"",""yes_price_dollars"":""0.7600""}"
KXETH15M-26APR280645-45,855f9d85-98a6-5dcc-549a-f2036d769e32,1777372410,0.76,25.0,yes,"{""count_fp"":""25.00"",""created_time"":""2026-04-28T10:33:30.123767Z"",""no_price_dollars"":""0.2400"",""taker_side"":""yes"",""ticker"":""KXETH15M-26APR280645-45"",""trade_id"":""855f9d85-98a6-5dcc-549a-f2036d769e32"",""yes_price_dollars"":""0.7600""}"
KXETH15M-26APR280645-45,e4472aa2-8f9e-41c8-a58e-8550102a4bd2,1777372418,0.76,33.0,yes,"{""count_fp"":""33.00"",""created_time"":""2026-04-28T10:33:38.104832Z"",""no_price_dollars"":""0.2400"",""taker_side"":""yes"",""ticker"":""KXETH15M-26APR280645-45"",""trade_id"":""e4472aa2-8f9e-41c8-a58e-8550102a4bd2"",""yes_price_dollars"":""0.7600""}"
KXETH15M-26APR280645-45,ca805cd6-9596-5510-94a9-7ef9a5117ce2,1777372419,0.76,4.0,yes,"{""count_fp"":""4.00"",""created_time"":""2026-04-28T10:33:39.710348Z"",""no_price_dollars"":""0.2400"",""taker_side"":""yes"",""ticker"":""KXETH15M-26APR280645-45"",""trade_id"":""ca805cd6-9596-5510-94a9-7ef9a5117ce2"",""yes_price_dollars"":""0.7600""}"
KXETH15M-26APR280645-45,7ea52fea-5316-729c-73ca-403b5380021a,1777372429,0.76,24.0,yes,"{""count_fp"":""24.00"",""created_time"":""2026-04-28T10:33:49.144456Z"",""no_price_dollars"":""0.2400"",""taker_side"":""yes"",""ticker"":""KXETH15M-26APR280645-45"",""trade_id"":""7ea52fea-5316-729c-73ca-403b5380021a"",""yes_price_dollars"":""0.7600""}"
KXETH15M-26APR280645-45,1e84ff80-77a2-5360-97b7-31a347340e12,1777372431,0.76,3.0,yes,"{""count_fp"":""3.00"",""created_time"":""2026-04-28T10:33:51.513795Z"",""no_price_dollars"":""0.2400"",""taker_side"":""yes"",""ticker"":""KXETH15M-26APR280645-45"",""trade_id"":""1e84ff80-77a2-5360-97b7-31a347340e12"",""yes_price_dollars"":""0.7600""}"
KXETH15M-26APR280645-45,324340cb-9846-5258-5ab3-73fd89fbe10a,1777372438,0.76,54.31,yes,"{""count_fp"":""54.31"",""created_time"":""2026-04-28T10:33:58.639725Z"",""no_price_dollars"":""0.2400"",""taker_side"":""yes"",""ticker"":""KXETH15M-26APR280645-45"",""trade_id"":""324340cb-9846-5258-5ab3-73fd89fbe10a"",""yes_price_dollars"":""0.7600""}"
KXETH15M-26APR280645-45,89509026-c832-7e90-37ba-61d531d764ee,1777372439,0.76,32.0,yes,"{""count_fp"":""32.00"",""created_time"":""2026-04-28T10:33:59.114695Z"",""no_price_dollars"":""0.2400"",""taker_side"":""yes"",""ticker"":""KXETH15M-26APR280645-45"",""trade_id"":""89509026-c832-7e90-37ba-61d531d764ee"",""yes_price_dollars"":""0.7600""}"
KXETH15M-26APR280645-45,7ca4cac0-2efa-6dec-7909-8a070828ae32,1777372440,0.76,31.0,yes,"{""count_fp"":""31.00"",""created_time"":""2026-04-28T10:34:00.947101Z"",""no_price_dollars"":""0.2400"",""taker_side"":""yes"",""ticker"":""KXETH15M-26APR280645-45"",""trade_id"":""7ca4cac0-2efa-6dec-7909-8a070828ae32"",""yes_price_dollars"":""0.7600""}"
KXETH15M-26APR280645-45,a38b0262-039e-5e10-3a68-564036ab523a,1777372440,0.76,46.0,yes,"{""count_fp"":""46.00"",""created_time"":""2026-04-28T10:34:00.146524Z"",""no_price_dollars"":""0.2400"",""taker_side"":""yes"",""ticker"":""KXETH15M-26APR280645-45"",""trade_id"":""a38b0262-039e-5e10-3a68-564036ab523a"",""yes_price_dollars"":""0.7600""}"
KXETH15M-26APR280645-45,93222dd1-a4ea-6320-49b2-3baf5558debe,1777372441,0.76,41.0,yes,"{""count_fp"":""41.00"",""created_time"":""2026-04-28T10:34:01.133656Z"",""no_price_dollars"":""0.2400"",""taker_side"":""yes"",""ticker"":""KXETH15M-26APR280645-45"",""trade_id"":""93222dd1-a4ea-6320-49b2-3baf5558debe"",""yes_price_dollars"":""0.7600""}"
KXETH15M-26APR280645-45,445b6119-23ca-5610-fd18-91b2234d0eee,1777372447,0.76,50.0,yes,"{""count_fp"":""50.00"",""created_time"":""2026-04-28T10:34:07.102703Z"",""no_price_dollars"":""0.2400"",""taker_side"":""yes"",""ticker"":""KXETH15M-26APR280645-45"",""trade_id"":""445b6119-23ca-5610-fd18-91b2234d0eee"",""yes_price_dollars"":""0.7600""}"
KXETH15M-26APR280645-45,e45e94d7-1dc2-6b04-e15b-1ec40cc11fe6,1777372449,0.76,39.0,yes,"{""count_fp"":""39.00"",""created_time"":""2026-04-28T10:34:09.109046Z"",""no_price_dollars"":""0.2400"",""taker_side"":""yes"",""ticker"":""KXETH15M-26APR280645-45"",""trade_id"":""e45e94d7-1dc2-6b04-e15b-1ec40cc11fe6"",""yes_price_dollars"":""0.7600""}"
KXETH15M-26APR280645-45,7e4c7893-7e74-4fab-3245-15c67d4214a1,1777372454,0.76,5.0,yes,"{""count_fp"":""5.00"",""created_time"":""2026-04-28T10:34:14.843589Z"",""no_price_dollars"":""0.2400"",""taker_side"":""yes"",""ticker"":""KXETH15M-26APR280645-45"",""trade_id"":""7e4c7893-7e74-4fab-3245-15c67d4214a1"",""yes_price_dollars"":""0.7600""}"
KXETH15M-26APR280645-45,7a45d392-2048-51f8-be50-c05ead23ebaf,1777372456,0.76,5.0,no,"{""count_fp"":""5.00"",""created_time"":""2026-04-28T10:34:16.288665Z"",""no_price_dollars"":""0.2400"",""taker_side"":""no"",""ticker"":""KXETH15M-26APR280645-45"",""trade_id"":""7a45d392-2048-51f8-be50-c05ead23ebaf"",""yes_price_dollars"":""0.7600""}"
KXETH15M-26APR280645-45,f44ba263-f6b5-5665-6f36-359fd51a8202,1777372460,0.79,10.0,yes,"{""count_fp"":""10.00"",""created_time"":""2026-04-28T10:34:20.142847Z"",""no_price_dollars"":""0.2100"",""taker_side"":""yes"",""ticker"":""KXETH15M-26APR280645-45"",""trade_id"":""f44ba263-f6b5-5665-6f36-359fd51a8202"",""yes_price_dollars"":""0.7900""}"
KXETH15M-26APR280645-45,b2be51d3-382a-56fa-64ca-dbc1f5efd584,1777372460,0.78,10.0,yes,"{""count_fp"":""10.00"",""created_time"":""2026-04-28T10:34:20.142847Z"",""no_price_dollars"":""0.2200"",""taker_side"":""yes"",""ticker"":""KXETH15M-26APR280645-45"",""trade_id"":""b2be51d3-382a-56fa-64ca-dbc1f5efd584"",""yes_price_dollars"":""0.7800""}"
KXETH15M-26APR280645-45,58d74ded-c661-5128-4d52-4a58fa9eef0c,1777372460,0.8,18.0,yes,"{""count_fp"":""18.00"",""created_time"":""2026-04-28T10:34:20.142847Z"",""no_price_dollars"":""0.2000"",""taker_side"":""yes"",""ticker"":""KXETH15M-26APR280645-45"",""trade_id"":""58d74ded-c661-5128-4d52-4a58fa9eef0c"",""yes_price_dollars"":""0.8000""}"
KXETH15M-26APR280645-45,dbb2f34a-05bc-7a84-dabd-50dd12c92f49,1777372466,0.83,7.0,yes,"{""count_fp"":""7.00"",""created_time"":""2026-04-28T10:34:26.625504Z"",""no_price_dollars"":""0.1700"",""taker_side"":""yes"",""ticker"":""KXETH15M-26APR280645-45"",""trade_id"":""dbb2f34a-05bc-7a84-dabd-50dd12c92f49"",""yes_price_dollars"":""0.8300""}"
KXETH15M-26APR280645-45,b7e02354-bfea-762c-daa9-756b1e66ebf8,1777372466,0.83,41.56,yes,"{""count_fp"":""41.56"",""created_time"":""2026-04-28T10:34:26.625504Z"",""no_price_dollars"":""0.1700"",""taker_side"":""yes"",""ticker"":""KXETH15M-26APR280645-45"",""trade_id"":""b7e02354-bfea-762c-daa9-756b1e66ebf8"",""yes_price_dollars"":""0.8300""}"
KXETH15M-26APR280645-45,31fe318c-4dda-722a-dc27-979286803b3b,1777372466,0.83,10.0,yes,"{""count_fp"":""10.00"",""created_time"":""2026-04-28T10:34:26.625504Z"",""no_price_dollars"":""0.1700"",""taker_side"":""yes"",""ticker"":""KXETH15M-26APR280645-45"",""trade_id"":""31fe318c-4dda-722a-dc27-979286803b3b"",""yes_price_dollars"":""0.8300""}"
KXETH15M-26APR280645-45,d8bc8b7f-b0ea-6ff0-073b-7344f042bc2e,1777372466,0.82,2.0,yes,"{""count_fp"":""2.00"",""created_time"":""2026-04-28T10:34:26.349984Z"",""no_price_dollars"":""0.1800"",""taker_side"":""yes"",""ticker"":""KXETH15M-26APR280645-45"",""trade_id"":""d8bc8b7f-b0ea-6ff0-073b-7344f042bc2e"",""yes_price_dollars"":""0.8200""}"
KXETH15M-26APR280645-45,1fe62a32-2de1-6632-2565-5df7bf7a674c,1777372466,0.83,2.0,yes,"{""count_fp"":""2.00"",""created_time"":""2026-04-28T10:34:26.349984Z"",""no_price_dollars"":""0.1700"",""taker_side"":""yes"",""ticker"":""KXETH15M-26APR280645-45"",""trade_id"":""1fe62a32-2de1-6632-2565-5df7bf7a674c"",""yes_price_dollars"":""0.8300""}"
KXETH15M-26APR280645-45,b4de6a1a-6914-6754-b971-6e7201d7fd51,1777372473,0.85,4.0,yes,"{""count_fp"":""4.00"",""created_time"":""2026-04-28T10:34:33.363433Z"",""no_price_dollars"":""0.1500"",""taker_side"":""yes"",""ticker"":""KXETH15M-26APR280645-45"",""trade_id"":""b4de6a1a-6914-6754-b971-6e7201d7fd51"",""yes_price_dollars"":""0.8500""}"
KXETH15M-26APR280645-45,9cd167ed-70fa-6882-b4d0-817616b7b3b8,1777372473,0.84,1.0,yes,"{""count_fp"":""1.00"",""created_time"":""2026-04-28T10:34:33.363433Z"",""no_price_dollars"":""0.1600"",""taker_side"":""yes"",""ticker"":""KXETH15M-26APR280645-45"",""trade_id"":""9cd167ed-70fa-6882-b4d0-817616b7b3b8"",""yes_price_dollars"":""0.8400""}"
KXETH15M-26APR280645-45,8db041d1-3ed9-7aa9-a4c3-0d4d707a4332,1777372476,0.85,4.0,no,"{""count_fp"":""4.00"",""created_time"":""2026-04-28T10:34:36.736195Z"",""no_price_dollars"":""0.1500"",""taker_side"":""no"",""ticker"":""KXETH15M-26APR280645-45"",""trade_id"":""8db041d1-3ed9-7aa9-a4c3-0d4d707a4332"",""yes_price_dollars"":""0.8500""}"
KXETH15M-26APR280645-45,ec6125db-3aab-4651-dc09-ca7306f3cc6f,1777372481,0.87,1.0,yes,"{""count_fp"":""1.00"",""created_time"":""2026-04-28T10:34:41.873477Z"",""no_price_dollars"":""0.1300"",""taker_side"":""yes"",""ticker"":""KXETH15M-26APR280645-45"",""trade_id"":""ec6125db-3aab-4651-dc09-ca7306f3cc6f"",""yes_price_dollars"":""0.8700""}"
KXETH15M-26APR280645-45,3d001ea3-bc34-4c86-f6ad-1b7eb3ac80d4,1777372481,0.87,9.0,yes,"{""count_fp"":""9.00"",""created_time"":""2026-04-28T10:34:41.873477Z"",""no_price_dollars"":""0.1300"",""taker_side"":""yes"",""ticker"":""KXETH15M-26APR280645-45"",""trade_id"":""3d001ea3-bc34-4c86-f6ad-1b7eb3ac80d4"",""yes_price_dollars"":""0.8700""}"
KXETH15M-26APR280645-45,5e3b97a0-509f-4e80-87f0-be7e8cbbe656,1777372482,0.89,44.0,yes,"{""count_fp"":""44.00"",""created_time"":""2026-04-28T10:34:42.145415Z"",""no_price_dollars"":""0.1100"",""taker_side"":""yes"",""ticker"":""KXETH15M-26APR280645-45"",""trade_id"":""5e3b97a0-509f-4e80-87f0-be7e8cbbe656"",""yes_price_dollars"":""0.8900""}"
KXETH15M-26APR280645-45,f168f0a5-076f-6c91-9f21-f68ae46aaa33,1777372483,0.9,1.0,yes,"{""count_fp"":""1.00"",""created_time"":""2026-04-28T10:34:43.856856Z"",""no_price_dollars"":""0.1000"",""taker_side"":""yes"",""ticker"":""KXETH15M-26APR280645-45"",""trade_id"":""f168f0a5-076f-6c91-9f21-f68ae46aaa33"",""yes_price_dollars"":""0.9000""}"
KXETH15M-26APR280645-45,ea00fb06-cc48-6b4e-bb06-b6410eb7ad38,1777372483,0.9,4.0,yes,"{""count_fp"":""4.00"",""created_time"":""2026-04-28T10:34:43.856856Z"",""no_price_dollars"":""0.1000"",""taker_side"":""yes"",""ticker"":""KXETH15M-26APR280645-45"",""trade_id"":""ea00fb06-cc48-6b4e-bb06-b6410eb7ad38"",""yes_price_dollars"":""0.9000""}"
KXETH15M-26APR280645-45,de4ff0a4-97f3-6755-ab70-a0d3e15ff4b9,1777372483,0.9,42.39,yes,"{""count_fp"":""42.39"",""created_time"":""2026-04-28T10:34:43.856856Z"",""no_price_dollars"":""0.1000"",""taker_side"":""yes"",""ticker"":""KXETH15M-26APR280645-45"",""trade_id"":""de4ff0a4-97f3-6755-ab70-a0d3e15ff4b9"",""yes_price_dollars"":""0.9000""}"
KXETH15M-26APR280645-45,a4b1ccbd-096d-62ac-a007-c32d1b580a2f,1777372483,0.9,1.0,yes,"{""count_fp"":""1.00"",""created_time"":""2026-04-28T10:34:43.856856Z"",""no_price_dollars"":""0.1000"",""taker_side"":""yes"",""ticker"":""KXETH15M-26APR280645-45"",""trade_id"":""a4b1ccbd-096d-62ac-a007-c32d1b580a2f"",""yes_price_dollars"":""0.9000""}"
KXETH15M-26APR280645-45,9d7c5b88-45c8-64c7-8a8d-3ad5f407c4f1,1777372483,0.9,70.0,yes,"{""count_fp"":""70.00"",""created_time"":""2026-04-28T10:34:43.856856Z"",""no_price_dollars"":""0.1000"",""taker_side"":""yes"",""ticker"":""KXETH15M-26APR280645-45"",""trade_id"":""9d7c5b88-45c8-64c7-8a8d-3ad5f407c4f1"",""yes_price_dollars"":""0.9000""}"
KXETH15M-26APR280645-45,99f1e6f0-321b-6442-be8b-10dae007b436,1777372483,0.9,2.0,yes,"{""count_fp"":""2.00"",""created_time"":""2026-04-28T10:34:43.856856Z"",""no_price_dollars"":""0.1000"",""taker_side"":""yes"",""ticker"":""KXETH15M-26APR280645-45"",""trade_id"":""99f1e6f0-321b-6442-be8b-10dae007b436"",""yes_price_dollars"":""0.9000""}"
KXETH15M-26APR280645-45,82822cc1-ec8f-6f38-b5f2-a63ee99a6ce6,1777372483,0.89,76.0,yes,"{""count_fp"":""76.00"",""created_time"":""2026-04-28T10:34:43.856856Z"",""no_price_dollars"":""0.1100"",""taker_side"":""yes"",""ticker"":""KXETH15M-26APR280645-45"",""trade_id"":""82822cc1-ec8f-6f38-b5f2-a63ee99a6ce6"",""yes_price_dollars"":""0.8900""}"
KXETH15M-26APR280645-45,80c6b301-11e3-6f05-bd77-f6b9ee2e544d,1777372483,0.89,4.0,yes,"{""count_fp"":""4.00"",""created_time"":""2026-04-28T10:34:43.856856Z"",""no_price_dollars"":""0.1100"",""taker_side"":""yes"",""ticker"":""KXETH15M-26APR280645-45"",""trade_id"":""80c6b301-11e3-6f05-bd77-f6b9ee2e544d"",""yes_price_dollars"":""0.8900""}"
KXETH15M-26APR280645-45,291b1cc5-348b-632f-8133-eb9c71f08f4b,1777372483,0.9,3.0,yes,"{""count_fp"":""3.00"",""created_time"":""2026-04-28T10:34:43.856856Z"",""no_price_dollars"":""0.1000"",""taker_side"":""yes"",""ticker"":""KXETH15M-26APR280645-45"",""trade_id"":""291b1cc5-348b-632f-8133-eb9c71f08f4b"",""yes_price_dollars"":""0.9000""}"
KXETH15M-26APR280645-45,2452c739-0615-66dc-b19e-8f4a759479fb,1777372483,0.9,1.0,yes,"{""count_fp"":""1.00"",""created_time"":""2026-04-28T10:34:43.856856Z"",""no_price_dollars"":""0.1000"",""taker_side"":""yes"",""ticker"":""KXETH15M-26APR280645-45"",""trade_id"":""2452c739-0615-66dc-b19e-8f4a759479fb"",""yes_price_dollars"":""0.9000""}"
KXETH15M-26APR280645-45,153e79af-6754-6438-8649-b030f4d29f01,1777372483,0.89,10.0,yes,"{""count_fp"":""10.00"",""created_time"":""2026-04-28T10:34:43.856856Z"",""no_price_dollars"":""0.1100"",""taker_side"":""yes"",""ticker"":""KXETH15M-26APR280645-45"",""trade_id"":""153e79af-6754-6438-8649-b030f4d29f01"",""yes_price_dollars"":""0.8900""}"
KXETH15M-26APR280645-45,fc934894-bc2a-4848-d073-fbc968045b96,1777372483,0.88,1.0,yes,"{""count_fp"":""1.00"",""created_time"":""2026-04-28T10:34:43.116034Z"",""no_price_dollars"":""0.1200"",""taker_side"":""yes"",""ticker"":""KXETH15M-26APR280645-45"",""trade_id"":""fc934894-bc2a-4848-d073-fbc968045b96"",""yes_price_dollars"":""0.8800""}"
KXETH15M-26APR280645-45,335707d5-9dab-4794-f148-807e9d50329a,1777372483,0.89,38.0,yes,"{""count_fp"":""38.00"",""created_time"":""2026-04-28T10:34:43.116034Z"",""no_price_dollars"":""0.1100"",""taker_side"":""yes"",""ticker"":""KXETH15M-26APR280645-45"",""trade_id"":""335707d5-9dab-4794-f148-807e9d50329a"",""yes_price_dollars"":""0.8900""}"
KXETH15M-26APR280645-45,0d95e8f3-4423-659d-2547-8da5cf449fad,1777372488,0.9,62.0,yes,"{""count_fp"":""62.00"",""created_time"":""2026-04-28T10:34:48.085252Z"",""no_price_dollars"":""0.1000"",""taker_side"":""yes"",""ticker"":""KXETH15M-26APR280645-45"",""trade_id"":""0d95e8f3-4423-659d-2547-8da5cf449fad"",""yes_price_dollars"":""0.9000""}"
KXETH15M-26APR280645-45,2c4e5758-88af-546d-cfaf-844a930bb19d,1777372489,0.9,1.0,yes,"{""count_fp"":""1.00"",""created_time"":""2026-04-28T10:34:49.605518Z"",""no_price_dollars"":""0.1000"",""taker_side"":""yes"",""ticker"":""KXETH15M-26APR280645-45"",""trade_id"":""2c4e5758-88af-546d-cfaf-844a930bb19d"",""yes_price_dollars"":""0.9000""}"
KXETH15M-26APR280645-45,e6aec485-a943-5a15-18be-8f9c52fd08f5,1777372489,0.9,41.0,yes,"{""count_fp"":""41.00"",""created_time"":""2026-04-28T10:34:49.112118Z"",""no_price_dollars"":""0.1000"",""taker_side"":""yes"",""ticker"":""KXETH15M-26APR280645-45"",""trade_id"":""e6aec485-a943-5a15-18be-8f9c52fd08f5"",""yes_price_dollars"":""0.9000""}"
KXETH15M-26APR280645-45,72935bce-e721-5c95-c618-1c836ab3127d,1777372490,0.89,6.47,no,"{""count_fp"":""6.47"",""created_time"":""2026-04-28T10:34:50.740552Z"",""no_price_dollars"":""0.1100"",""taker_side"":""no"",""ticker"":""KXETH15M-26APR280645-45"",""trade_id"":""72935bce-e721-5c95-c618-1c836ab3127d"",""yes_price_dollars"":""0.8900""}"
KXETH15M-26APR280645-45,8bbc69a6-8309-5a87-9708-8a6f043408d5,1777372494,0.83,7.64,yes,"{""count_fp"":""7.64"",""created_time"":""2026-04-28T10:34:54.020039Z"",""no_price_dollars"":""0.1700"",""taker_side"":""yes"",""ticker"":""KXETH15M-26APR280645-45"",""trade_id"":""8bbc69a6-8309-5a87-9708-8a6f043408d5"",""yes_price_dollars"":""0.8300""}"
KXETH15M-26APR280645-45,5b8617ea-4317-59f1-a874-9e01ce2bbfc5,1777372494,0.83,10.0,yes,"{""count_fp"":""10.00"",""created_time"":""2026-04-28T10:34:54.020039Z"",""no_price_dollars"":""0.1700"",""taker_side"":""yes"",""ticker"":""KXETH15M-26APR280645-45"",""trade_id"":""5b8617ea-4317-59f1-a874-9e01ce2bbfc5"",""yes_price_dollars"":""0.8300""}"
KXETH15M-26APR280645-45,e7743be3-2d70-4b24-adf1-f6a4146aadf4,1777372501,0.84,10.0,yes,"{""count_fp"":""10.00"",""created_time"":""2026-04-28T10:35:01.009755Z"",""no_price_dollars"":""0.1600"",""taker_side"":""yes"",""ticker"":""KXETH15M-26APR280645-45"",""trade_id"":""e7743be3-2d70-4b24-adf1-f6a4146aadf4"",""yes_price_dollars"":""0.8400""}"
KXETH15M-26APR280645-45,652d7c47-91be-422a-9147-c50ddfc45627,1777372501,0.85,71.88,yes,"{""count_fp"":""71.88"",""created_time"":""2026-04-28T10:35:01.009755Z"",""no_price_dollars"":""0.1500"",""taker_side"":""yes"",""ticker"":""KXETH15M-26APR280645-45"",""trade_id"":""652d7c47-91be-422a-9147-c50ddfc45627"",""yes_price_dollars"":""0.8500""}"
KXETH15M-26APR280645-45,5243a7ae-c51b-4d6c-954b-233d9759895d,1777372501,0.84,8.12,yes,"{""count_fp"":""8.12"",""created_time"":""2026-04-28T10:35:01.009755Z"",""no_price_dollars"":""0.1600"",""taker_side"":""yes"",""ticker"":""KXETH15M-26APR280645-45"",""trade_id"":""5243a7ae-c51b-4d6c-954b-233d9759895d"",""yes_price_dollars"":""0.8400""}"
KXETH15M-26APR280645-45,3b87ecd9-eb20-4e02-a890-5a69e2781c8f,1777372501,0.84,10.0,yes,"{""count_fp"":""10.00"",""created_time"":""2026-04-28T10:35:01.009755Z"",""no_price_dollars"":""0.1600"",""taker_side"":""yes"",""ticker"":""KXETH15M-26APR280645-45"",""trade_id"":""3b87ecd9-eb20-4e02-a890-5a69e2781c8f"",""yes_price_dollars"":""0.8400""}"
KXETH15M-26APR280645-45,c8b052ed-bfd8-4300-c5c6-c060581878dd,1777372502,0.84,4.0,no,"{""count_fp"":""4.00"",""created_time"":""2026-04-28T10:35:02.527036Z"",""no_price_dollars"":""0.1600"",""taker_side"":""no"",""ticker"":""KXETH15M-26APR280645-45"",""trade_id"":""c8b052ed-bfd8-4300-c5c6-c060581878dd"",""yes_price_dollars"":""0.8400""}"
KXETH15M-26APR280645-45,c7883c14-7199-4247-d61c-925ff34cd0a3,1777372502,0.82,121.0,no,"{""count_fp"":""121.00"",""created_time"":""2026-04-28T10:35:02.527036Z"",""no_price_dollars"":""0.1800"",""taker_side"":""no"",""ticker"":""KXETH15M-26APR280645-45"",""trade_id"":""c7883c14-7199-4247-d61c-925ff34cd0a3"",""yes_price_dollars"":""0.8200""}"
KXETH15M-26APR280645-45,0b7f72ab-d4e5-4955-f3e8-10b54a4b1a38,1777372502,0.82,3.0,no,"{""count_fp"":""3.00"",""created_time"":""2026-04-28T10:35:02.527036Z"",""no_price_dollars"":""0.1800"",""taker_side"":""no"",""ticker"":""KXETH15M-26APR280645-45"",""trade_id"":""0b7f72ab-d4e5-4955-f3e8-10b54a4b1a38"",""yes_price_dollars"":""0.8200""}"
KXETH15M-26APR280645-45,c3b59c3a-57af-49d4-a3fe-ad1e23e452d6,1777372509,0.79,1.0,yes,"{""count_fp"":""1.00"",""created_time"":""2026-04-28T10:35:09.588327Z"",""no_price_dollars"":""0.2100"",""taker_side"":""yes"",""ticker"":""KXETH15M-26APR280645-45"",""trade_id"":""c3b59c3a-57af-49d4-a3fe-ad1e23e452d6"",""yes_price_dollars"":""0.7900""}"
KXETH15M-26APR280645-45,716e7409-0b45-67c5-4e3e-f88ad8bd4eff,1777372514,0.81,4.0,yes,"{""count_fp"":""4.00"",""created_time"":""2026-04-28T10:35:14.535753Z"",""no_price_dollars"":""0.1900"",""taker_side"":""yes"",""ticker"":""KXETH15M-26APR280645-45"",""trade_id"":""716e7409-0b45-67c5-4e3e-f88ad8bd4eff"",""yes_price_dollars"":""0.8100""}"
KXETH15M-26APR280645-45,af42c2cb-3cd7-5ce6-47cc-d902c3275feb,1777372516,0.78,1.0,no,"{""count_fp"":""1.00"",""created_time"":""2026-04-28T10:35:16.659071Z"",""no_price_dollars"":""0.2200"",""taker_side"":""no"",""ticker"":""KXETH15M-26APR280645-45"",""trade_id"":""af42c2cb-3cd7-5ce6-47cc-d902c3275feb"",""yes_price_dollars"":""0.7800""}"
KXETH15M-26APR280645-45,45d2792c-46f2-5ce6-585b-16a48da7ab70,1777372516,0.78,10.0,no,"{""count_fp"":""10.00"",""created_time"":""2026-04-28T10:35:16.659071Z"",""no_price_dollars"":""0.2200"",""taker_side"":""no"",""ticker"":""KXETH15M-26APR280645-45"",""trade_id"":""45d2792c-46f2-5ce6-585b-16a48da7ab70"",""yes_price_dollars"":""0.7800""}"
KXETH15M-26APR280645-45,2f9ef5d2-0f8a-4d6d-82d0-aee952767b72,1777372521,0.79,10.0,yes,"{""count_fp"":""10.00"",""created_time"":""2026-04-28T10:35:21.776159Z"",""no_price_dollars"":""0.2100"",""taker_side"":""yes"",""ticker"":""KXETH15M-26APR280645-45"",""trade_id"":""2f9ef5d2-0f8a-4d6d-82d0-aee952767b72"",""yes_price_dollars"":""0.7900""}"
KXETH15M-26APR280645-45,09381d94-d59f-4d7e-bc18-7d4e26ed9c4d,1777372521,0.79,10.0,yes,"{""count_fp"":""10.00"",""created_time"":""2026-04-28T10:35:21.776159Z"",""no_price_dollars"":""0.2100"",""taker_side"":""yes"",""ticker"":""KXETH15M-26APR280645-45"",""trade_id"":""09381d94-d59f-4d7e-bc18-7d4e26ed9c4d"",""yes_price_dollars"":""0.7900""}"
KXETH15M-26APR280645-45,201f7c19-1a3e-6c7e-1c71-1630ee0fcb6e,1777372535,0.78,1.0,yes,"{""count_fp"":""1.00"",""created_time"":""2026-04-28T10:35:35.823056Z"",""no_price_dollars"":""0.2200"",""taker_side"":""yes"",""ticker"":""KXETH15M-26APR280645-45"",""trade_id"":""201f7c19-1a3e-6c7e-1c71-1630ee0fcb6e"",""yes_price_dollars"":""0.7800""}"
KXETH15M-26APR280645-45,668e96cb-0434-78e4-216a-c79894f9ffdb,1777372540,0.76,0.73,no,"{""count_fp"":""0.73"",""created_time"":""2026-04-28T10:35:40.439361Z"",""no_price_dollars"":""0.2400"",""taker_side"":""no"",""ticker"":""KXETH15M-26APR280645-45"",""trade_id"":""668e96cb-0434-78e4-216a-c79894f9ffdb"",""yes_price_dollars"":""0.7600""}"
KXETH15M-26APR280645-45,f3ef5c28-966c-65ef-0f18-73fe66af7ea2,1777372547,0.81,10.0,yes,"{""count_fp"":""10.00"",""created_time"":""2026-04-28T10:35:47.075276Z"",""no_price_dollars"":""0.1900"",""taker_side"":""yes"",""ticker"":""KXETH15M-26APR280645-45"",""trade_id"":""f3ef5c28-966c-65ef-0f18-73fe66af7ea2"",""yes_price_dollars"":""0.8100""}"
KXETH15M-26APR280645-45,66a64483-0ea7-67a4-17b5-84f6f94dbd10,1777372547,0.81,6.84,yes,"{""count_fp"":""6.84"",""created_time"":""2026-04-28T10:35:47.075276Z"",""no_price_dollars"":""0.1900"",""taker_side"":""yes"",""ticker"":""KXETH15M-26APR280645-45"",""trade_id"":""66a64483-0ea7-67a4-17b5-84f6f94dbd10"",""yes_price_dollars"":""0.8100""}"
KXETH15M-26APR280645-45,16d6f620-1928-662d-2718-fa10a2254690,1777372547,0.81,9.16,yes,"{""count_fp"":""9.16"",""created_time"":""2026-04-28T10:35:47.075276Z"",""no_price_dollars"":""0.1900"",""taker_side"":""yes"",""ticker"":""KXETH15M-26APR280645-45"",""trade_id"":""16d6f620-1928-662d-2718-fa10a2254690"",""yes_price_dollars"":""0.8100""}"
KXETH15M-26APR280645-45,1647d63f-f0cf-5bbb-9acb-6f70d02d6c04,1777372555,0.86,2.3,yes,"{""count_fp"":""2.30"",""created_time"":""2026-04-28T10:35:55.046956Z"",""no_price_dollars"":""0.1400"",""taker_side"":""yes"",""ticker"":""KXETH15M-26APR280645-45"",""trade_id"":""1647d63f-f0cf-5bbb-9acb-6f70d02d6c04"",""yes_price_dollars"":""0.8600""}"
KXETH15M-26APR280645-45,52219727-56b8-764f-a948-9a0e421597b4,1777372559,0.84,498.07,no,"{""count_fp"":""498.07"",""created_time"":""2026-04-28T10:35:59.724234Z"",""no_price_dollars"":""0.1600"",""taker_side"":""no"",""ticker"":""KXETH15M-26APR280645-45"",""trade_id"":""52219727-56b8-764f-a948-9a0e421597b4"",""yes_price_dollars"":""0.8400""}"
KXETH15M-26APR280645-45,44040e67-22bd-6c18-8063-2ffbb32a8a14,1777372560,0.86,7.0,yes,"{""count_fp"":""7.00"",""created_time"":""2026-04-28T10:36:00.883547Z"",""no_price_dollars"":""0.1400"",""taker_side"":""yes"",""ticker"":""KXETH15M-26APR280645-45"",""trade_id"":""44040e67-22bd-6c18-8063-2ffbb32a8a14"",""yes_price_dollars"":""0.8600""}"
KXETH15M-26APR280645-45,e84389e9-4d9f-6985-016d-4ed4a0f3b94f,1777372563,0.89,5.0,yes,"{""count_fp"":""5.00"",""created_time"":""2026-04-28T10:36:03.030536Z"",""no_price_dollars"":""0.1100"",""taker_side"":""yes"",""ticker"":""KXETH15M-26APR280645-45"",""trade_id"":""e84389e9-4d9f-6985-016d-4ed4a0f3b94f"",""yes_price_dollars"":""0.8900""}"
KXETH15M-26APR280645-45,d505374c-d63e-6ae5-2da5-e3fd4bd5d021,1777372569,0.88,10.0,yes,"{""count_fp"":""10.00"",""created_time"":""2026-04-28T10:36:09.659218Z"",""no_price_dollars"":""0.1200"",""taker_side"":""yes"",""ticker"":""KXETH15M-26APR280645-45"",""trade_id"":""d505374c-d63e-6ae5-2da5-e3fd4bd5d021"",""yes_price_dollars"":""0.8800""}"
KXETH15M-26APR280645-45,751736ec-8b22-6dc8-34ad-9694c13e0962,1777372569,0.88,10.83,yes,"{""count_fp"":""10.83"",""created_time"":""2026-04-28T10:36:09.659218Z"",""no_price_dollars"":""0.1200"",""taker_side"":""yes"",""ticker"":""KXETH15M-26APR280645-45"",""trade_id"":""751736ec-8b22-6dc8-34ad-9694c13e0962"",""yes_price_dollars"":""0.8800""}"
KXETH15M-26APR280645-45,46932ae6-4223-647f-24d6-03bfc0a23374,1777372569,0.88,99.17,yes,"{""count_fp"":""99.17"",""created_time"":""2026-04-28T10:36:09.659218Z"",""no_price_dollars"":""0.1200"",""taker_side"":""yes"",""ticker"":""KXETH15M-26APR280645-45"",""trade_id"":""46932ae6-4223-647f-24d6-03bfc0a23374"",""yes_price_dollars"":""0.8800""}"
KXETH15M-26APR280645-45,15bd1737-df84-467a-cf9a-d3263527adda,1777372589,0.85,26.0,yes,"{""count_fp"":""26.00"",""created_time"":""2026-04-28T10:36:29.649313Z"",""no_price_dollars"":""0.1500"",""taker_side"":""yes"",""ticker"":""KXETH15M-26APR280645-45"",""trade_id"":""15bd1737-df84-467a-cf9a-d3263527adda"",""yes_price_dollars"":""0.8500""}"
KXETH15M-26APR280645-45,0d988787-bb8a-7b7c-a683-bd5f4b14f93c,1777372595,0.85,7.0,yes,"{""count_fp"":""7.00"",""created_time"":""2026-04-28T10:36:35.962224Z"",""no_price_dollars"":""0.1500"",""taker_side"":""yes"",""ticker"":""KXETH15M-26APR280645-45"",""trade_id"":""0d988787-bb8a-7b7c-a683-bd5f4b14f93c"",""yes_price_dollars"":""0.8500""}"
KXETH15M-26APR280645-45,2c19b3d0-cc6c-73d2-be24-c06d3f544b32,1777372598,0.83,15.0,yes,"{""count_fp"":""15.00"",""created_time"":""2026-04-28T10:36:38.609394Z"",""no_price_dollars"":""0.1700"",""taker_side"":""yes"",""ticker"":""KXETH15M-26APR280645-45"",""trade_id"":""2c19b3d0-cc6c-73d2-be24-c06d3f544b32"",""yes_price_dollars"":""0.8300""}"
KXETH15M-26APR280645-45,353620c9-0d3c-52ff-284e-fad90ade134b,1777372599,0.83,7.0,yes,"{""count_fp"":""7.00"",""created_time"":""2026-04-28T10:36:39.062373Z"",""no_price_dollars"":""0.1700"",""taker_side"":""yes"",""ticker"":""KXETH15M-26APR280645-45"",""trade_id"":""353620c9-0d3c-52ff-284e-fad90ade134b"",""yes_price_dollars"":""0.8300""}"
KXETH15M-26APR280645-45,e4537531-660a-467c-d6df-d6ed097c5e86,1777372603,0.81,1.0,no,"{""count_fp"":""1.00"",""created_time"":""2026-04-28T10:36:43.854391Z"",""no_price_dollars"":""0.1900"",""taker_side"":""no"",""ticker"":""KXETH15M-26APR280645-45"",""trade_id"":""e4537531-660a-467c-d6df-d6ed097c5e86"",""yes_price_dollars"":""0.8100""}"
KXETH15M-26APR280645-45,36ebb405-ff34-406a-23ce-0b6a05e3531a,1777372610,0.82,6.0,yes,"{""count_fp"":""6.00"",""created_time"":""2026-04-28T10:36:50.871521Z"",""no_price_dollars"":""0.1800"",""taker_side"":""yes"",""ticker"":""KXETH15M-26APR280645-45"",""trade_id"":""36ebb405-ff34-406a-23ce-0b6a05e3531a"",""yes_price_dollars"":""0.8200""}"
KXETH15M-26APR280645-45,e2661ad9-87ec-5e22-51da-75e04a2dfb7a,1777372611,0.82,18.06,yes,"{""count_fp"":""18.06"",""created_time"":""2026-04-28T10:36:51.568955Z"",""no_price_dollars"":""0.1800"",""taker_side"":""yes"",""ticker"":""KXETH15M-26APR280645-45"",""trade_id"":""e2661ad9-87ec-5e22-51da-75e04a2dfb7a"",""yes_price_dollars"":""0.8200""}"
KXETH15M-26APR280645-45,f81d6003-2389-4061-eb7d-c12d8d300b1b,1777372620,0.84,1.0,yes,"{""count_fp"":""1.00"",""created_time"":""2026-04-28T10:37:00.591577Z"",""no_price_dollars"":""0.1600"",""taker_side"":""yes"",""ticker"":""KXETH15M-26APR280645-45"",""trade_id"":""f81d6003-2389-4061-eb7d-c12d8d300b1b"",""yes_price_dollars"":""0.8400""}"
KXETH15M-26APR280645-45,acc169fc-13af-440c-eed4-30f2a1a68639,1777372620,0.84,10.0,yes,"{""count_fp"":""10.00"",""created_time"":""2026-04-28T10:37:00.591577Z"",""no_price_dollars"":""0.1600"",""taker_side"":""yes"",""ticker"":""KXETH15M-26APR280645-45"",""trade_id"":""acc169fc-13af-440c-eed4-30f2a1a68639"",""yes_price_dollars"":""0.8400""}"
KXETH15M-26APR280645-45,416b63b5-2f90-6b2a-dd6e-a57b035d3f0e,1777372621,0.86,57.23,yes,"{""count_fp"":""57.23"",""created_time"":""2026-04-28T10:37:01.848125Z"",""no_price_dollars"":""0.1400"",""taker_side"":""yes"",""ticker"":""KXETH15M-26APR280645-45"",""trade_id"":""416b63b5-2f90-6b2a-dd6e-a57b035d3f0e"",""yes_price_dollars"":""0.8600""}"
KXETH15M-26APR280645-45,78f24a11-20ed-7ce9-c997-30a9a54d6c88,1777372625,0.85,10.0,yes,"{""count_fp"":""10.00"",""created_time"":""2026-04-28T10:37:05.459228Z"",""no_price_dollars"":""0.1500"",""taker_side"":""yes"",""ticker"":""KXETH15M-26APR280645-45"",""trade_id"":""78f24a11-20ed-7ce9-c997-30a9a54d6c88"",""yes_price_dollars"":""0.8500""}"
KXETH15M-26APR280645-45,b23d3e67-d561-54f4-6fe4-1d7ac471f60f,1777372625,0.82,10.0,no,"{""count_fp"":""10.00"",""created_time"":""2026-04-28T10:37:05.186893Z"",""no_price_dollars"":""0.1800"",""taker_side"":""no"",""ticker"":""KXETH15M-26APR280645-45"",""trade_id"":""b23d3e67-d561-54f4-6fe4-1d7ac471f60f"",""yes_price_dollars"":""0.8200""}"
KXETH15M-26APR280645-45,a3fd45ed-26b2-5da0-6807-1d8583242006,1777372625,0.83,10.0,no,"{""count_fp"":""10.00"",""created_time"":""2026-04-28T10:37:05.186893Z"",""no_price_dollars"":""0.1700"",""taker_side"":""no"",""ticker"":""KXETH15M-26APR280645-45"",""trade_id"":""a3fd45ed-26b2-5da0-6807-1d8583242006"",""yes_price_dollars"":""0.8300""}"
KXETH15M-26APR280645-45,52a621ea-7e48-554f-54d9-3903fa0856cc,1777372625,0.82,31.84,no,"{""count_fp"":""31.84"",""created_time"":""2026-04-28T10:37:05.186893Z"",""no_price_dollars"":""0.1800"",""taker_side"":""no"",""ticker"":""KXETH15M-26APR280645-45"",""trade_id"":""52a621ea-7e48-554f-54d9-3903fa0856cc"",""yes_price_dollars"":""0.8200""}"
KXETH15M-26APR280645-45,9c82566d-5910-7bdb-6152-1b9cedea448c,1777372629,0.85,18.06,no,"{""count_fp"":""18.06"",""created_time"":""2026-04-28T10:37:09.927826Z"",""no_price_dollars"":""0.1500"",""taker_side"":""no"",""ticker"":""KXETH15M-26APR280645-45"",""trade_id"":""9c82566d-5910-7bdb-6152-1b9cedea448c"",""yes_price_dollars"":""0.8500""}"
KXETH15M-26APR280645-45,596fcb6d-e944-71eb-6fca-fe42b8085fb8,1777372629,0.85,34.7,no,"{""count_fp"":""34.70"",""created_time"":""2026-04-28T10:37:09.718869Z"",""no_price_dollars"":""0.1500"",""taker_side"":""no"",""ticker"":""KXETH15M-26APR280645-45"",""trade_id"":""596fcb6d-e944-71eb-6fca-fe42b8085fb8"",""yes_price_dollars"":""0.8500""}"
KXETH15M-26APR280645-45,9b4223c2-ee50-5aad-74e8-f3ad30040fb4,1777372635,0.89,10.0,yes,"{""count_fp"":""10.00"",""created_time"":""2026-04-28T10:37:15.329159Z"",""no_price_dollars"":""0.1100"",""taker_side"":""yes"",""ticker"":""KXETH15M-26APR280645-45"",""trade_id"":""9b4223c2-ee50-5aad-74e8-f3ad30040fb4"",""yes_price_dollars"":""0.8900""}"
KXETH15M-26APR280645-45,1502119c-a93f-5694-4c09-cbb114af4b84,1777372635,0.89,4.0,yes,"{""count_fp"":""4.00"",""created_time"":""2026-04-28T10:37:15.329159Z"",""no_price_dollars"":""0.1100"",""taker_side"":""yes"",""ticker"":""KXETH15M-26APR280645-45"",""trade_id"":""1502119c-a93f-5694-4c09-cbb114af4b84"",""yes_price_dollars"":""0.8900""}"
KXETH15M-26APR280645-45,fcbecc6e-66ff-525d-b3fd-ec303cd26afd,1777372645,0.9,13.24,yes,"{""count_fp"":""13.24"",""created_time"":""2026-04-28T10:37:25.729146Z"",""no_price_dollars"":""0.1000"",""taker_side"":""yes"",""ticker"":""KXETH15M-26APR280645-45"",""trade_id"":""fcbecc6e-66ff-525d-b3fd-ec303cd26afd"",""yes_price_dollars"":""0.9000""}"
KXETH15M-26APR280645-45,4c1798d6-5a79-4d07-aa47-25f1bd9f17c0,1777372655,0.85,8.63,yes,"{""count_fp"":""8.63"",""created_time"":""2026-04-28T10:37:35.090781Z"",""no_price_dollars"":""0.1500"",""taker_side"":""yes"",""ticker"":""KXETH15M-26APR280645-45"",""trade_id"":""4c1798d6-5a79-4d07-aa47-25f1bd9f17c0"",""yes_price_dollars"":""0.8500""}"
KXETH15M-26APR280645-45,ee23c312-04af-4f93-c12b-b4ef9654e2bc,1777372666,0.86,6.0,yes,"{""count_fp"":""6.00"",""created_time"":""2026-04-28T10:37:46.265618Z"",""no_price_dollars"":""0.1400"",""taker_side"":""yes"",""ticker"":""KXETH15M-26APR280645-45"",""trade_id"":""ee23c312-04af-4f93-c12b-b4ef9654e2bc"",""yes_price_dollars"":""0.8600""}"
KXETH15M-26APR280645-45,4056b0f8-c95f-610a-e0a6-1f05b6917657,1777372676,0.86,1.0,yes,"{""count_fp"":""1.00"",""created_time"":""2026-04-28T10:37:56.120397Z"",""no_price_dollars"":""0.1400"",""taker_side"":""yes"",""ticker"":""KXETH15M-26APR280645-45"",""trade_id"":""4056b0f8-c95f-610a-e0a6-1f05b6917657"",""yes_price_dollars"":""0.8600""}"
KXETH15M-26APR280645-45,4cbff19a-c921-6a21-5866-2e5056bc000e,1777372679,0.86,5.75,yes,"{""count_fp"":""5.75"",""created_time"":""2026-04-28T10:37:59.716815Z"",""no_price_dollars"":""0.1400"",""taker_side"":""yes"",""ticker"":""KXETH15M-26APR280645-45"",""trade_id"":""4cbff19a-c921-6a21-5866-2e5056bc000e"",""yes_price_dollars"":""0.8600""}"
KXETH15M-26APR280645-45,71f61ad8-79b5-709d-f21d-aa2a321fe489,1777372680,0.84,1.0,no,"{""count_fp"":""1.00"",""created_time"":""2026-04-28T10:38:00.881741Z"",""no_price_dollars"":""0.1600"",""taker_side"":""no"",""ticker"":""KXETH15M-26APR280645-45"",""trade_id"":""71f61ad8-79b5-709d-f21d-aa2a321fe489"",""yes_price_dollars"":""0.8400""}"
KXETH15M-26APR280645-45,421f8949-a4e1-6e16-9fbb-1510a05dc74f,1777372683,0.87,1.0,yes,"{""count_fp"":""1.00"",""created_time"":""2026-04-28T10:38:03.400682Z"",""no_price_dollars"":""0.1300"",""taker_side"":""yes"",""ticker"":""KXETH15M-26APR280645-45"",""trade_id"":""421f8949-a4e1-6e16-9fbb-1510a05dc74f"",""yes_price_dollars"":""0.8700""}"
KXETH15M-26APR280645-45,d0225b91-6969-6aca-16f7-412e7ca3dc2b,1777372685,0.87,2.0,yes,"{""count_fp"":""2.00"",""created_time"":""2026-04-28T10:38:05.162332Z"",""no_price_dollars"":""0.1300"",""taker_side"":""yes"",""ticker"":""KXETH15M-26APR280645-45"",""trade_id"":""d0225b91-6969-6aca-16f7-412e7ca3dc2b"",""yes_price_dollars"":""0.8700""}"
KXETH15M-26APR280645-45,785d0750-ba1b-6f83-1a3b-2a3f21db2880,1777372685,0.87,5.0,yes,"{""count_fp"":""5.00"",""created_time"":""2026-04-28T10:38:05.162332Z"",""no_price_dollars"":""0.1300"",""taker_side"":""yes"",""ticker"":""KXETH15M-26APR280645-45"",""trade_id"":""785d0750-ba1b-6f83-1a3b-2a3f21db2880"",""yes_price_dollars"":""0.8700""}"
KXETH15M-26APR280645-45,cde5524d-cca0-5280-a7f2-90b283d7acbd,1777372691,0.87,7.88,yes,"{""count_fp"":""7.88"",""created_time"":""2026-04-28T10:38:11.841082Z"",""no_price_dollars"":""0.1300"",""taker_side"":""yes"",""ticker"":""KXETH15M-26APR280645-45"",""trade_id"":""cde5524d-cca0-5280-a7f2-90b283d7acbd"",""yes_price_dollars"":""0.8700""}"
KXETH15M-26APR280645-45,0ec1b98c-b225-5ea0-9785-b0e1624ac087,1777372693,0.89,2.0,yes,"{""count_fp"":""2.00"",""created_time"":""2026-04-28T10:38:13.592889Z"",""no_price_dollars"":""0.1100"",""taker_side"":""yes"",""ticker"":""KXETH15M-26APR280645-45"",""trade_id"":""0ec1b98c-b225-5ea0-9785-b0e1624ac087"",""yes_price_dollars"":""0.8900""}"
KXETH15M-26APR280645-45,5d1db905-87e5-6385-c1d6-c409047e5add,1777372707,0.88,3.0,yes,"{""count_fp"":""3.00"",""created_time"":""2026-04-28T10:38:27.924792Z"",""no_price_dollars"":""0.1200"",""taker_side"":""yes"",""ticker"":""KXETH15M-26APR280645-45"",""trade_id"":""5d1db905-87e5-6385-c1d6-c409047e5add"",""yes_price_dollars"":""0.8800""}"
KXETH15M-26APR280645-45,4f1af420-7ee9-5d34-d64e-be051586cd1f,1777372722,0.89,3.0,yes,"{""count_fp"":""3.00"",""created_time"":""2026-04-28T10:38:42.156463Z"",""no_price_dollars"":""0.1100"",""taker_side"":""yes"",""ticker"":""KXETH15M-26APR280645-45"",""trade_id"":""4f1af420-7ee9-5d34-d64e-be051586cd1f"",""yes_price_dollars"":""0.8900""}"
KXETH15M-26APR280645-45,6f325dcb-7937-79d3-4e9f-39fb5079e8ca,1777372725,0.87,6.31,no,"{""count_fp"":""6.31"",""created_time"":""2026-04-28T10:38:45.458575Z"",""no_price_dollars"":""0.1300"",""taker_side"":""no"",""ticker"":""KXETH15M-26APR280645-45"",""trade_id"":""6f325dcb-7937-79d3-4e9f-39fb5079e8ca"",""yes_price_dollars"":""0.8700""}"
KXETH15M-26APR280645-45,9f00f499-11b1-7790-6b2f-472f8319c477,1777372730,0.89,3.0,yes,"{""count_fp"":""3.00"",""created_time"":""2026-04-28T10:38:50.758037Z"",""no_price_dollars"":""0.1100"",""taker_side"":""yes"",""ticker"":""KXETH15M-26APR280645-45"",""trade_id"":""9f00f499-11b1-7790-6b2f-472f8319c477"",""yes_price_dollars"":""0.8900""}"
KXETH15M-26APR280645-45,f3f8e947-16f1-7680-1c78-b416e6bb73bf,1777372735,0.89,5.57,yes,"{""count_fp"":""5.57"",""created_time"":""2026-04-28T10:38:55.408971Z"",""no_price_dollars"":""0.1100"",""taker_side"":""yes"",""ticker"":""KXETH15M-26APR280645-45"",""trade_id"":""f3f8e947-16f1-7680-1c78-b416e6bb73bf"",""yes_price_dollars"":""0.8900""}"
KXETH15M-26APR280645-45,a6ce3a6e-00b1-77c2-67aa-8fff3a294da5,1777372740,0.87,10.0,no,"{""count_fp"":""10.00"",""created_time"":""2026-04-28T10:39:00.208394Z"",""no_price_dollars"":""0.1300"",""taker_side"":""no"",""ticker"":""KXETH15M-26APR280645-45"",""trade_id"":""a6ce3a6e-00b1-77c2-67aa-8fff3a294da5"",""yes_price_dollars"":""0.8700""}"
KXETH15M-26APR280645-45,5e09c408-2a33-733f-556d-5ed79534fd7a,1777372740,0.87,10.0,no,"{""count_fp"":""10.00"",""created_time"":""2026-04-28T10:39:00.208394Z"",""no_price_dollars"":""0.1300"",""taker_side"":""no"",""ticker"":""KXETH15M-26APR280645-45"",""trade_id"":""5e09c408-2a33-733f-556d-5ed79534fd7a"",""yes_price_dollars"":""0.8700""}"
KXETH15M-26APR280645-45,ab94d1a8-9154-5ad1-2f17-ae0bda3a0066,1777372743,0.85,23.0,no,"{""count_fp"":""23.00"",""created_time"":""2026-04-28T10:39:03.266179Z"",""no_price_dollars"":""0.1500"",""taker_side"":""no"",""ticker"":""KXETH15M-26APR280645-45"",""trade_id"":""ab94d1a8-9154-5ad1-2f17-ae0bda3a0066"",""yes_price_dollars"":""0.8500""}"
KXETH15M-26APR280645-45,84464407-6c5b-7394-3190-1ae8b9a5b7a0,1777372745,0.87,3.0,yes,"{""count_fp"":""3.00"",""created_time"":""2026-04-28T10:39:05.068796Z"",""no_price_dollars"":""0.1300"",""taker_side"":""yes"",""ticker"":""KXETH15M-26APR280645-45"",""trade_id"":""84464407-6c5b-7394-3190-1ae8b9a5b7a0"",""yes_price_dollars"":""0.8700""}"
KXETH15M-26APR280645-45,e39b06eb-6585-4358-8da1-61d5eb1e2657,1777372747,0.87,10.0,yes,"{""count_fp"":""10.00"",""created_time"":""2026-04-28T10:39:07.584848Z"",""no_price_dollars"":""0.1300"",""taker_side"":""yes"",""ticker"":""KXETH15M-26APR280645-45"",""trade_id"":""e39b06eb-6585-4358-8da1-61d5eb1e2657"",""yes_price_dollars"":""0.8700""}"
KXETH15M-26APR280645-45,8a1e400b-73a6-4b85-8796-138a67415baa,1777372747,0.87,6.65,yes,"{""count_fp"":""6.65"",""created_time"":""2026-04-28T10:39:07.584848Z"",""no_price_dollars"":""0.1300"",""taker_side"":""yes"",""ticker"":""KXETH15M-26APR280645-45"",""trade_id"":""8a1e400b-73a6-4b85-8796-138a67415baa"",""yes_price_dollars"":""0.8700""}"
KXETH15M-26APR280645-45,503ad8e1-abf5-5898-5bd4-38c829808573,1777372759,0.88,10.0,yes,"{""count_fp"":""10.00"",""created_time"":""2026-04-28T10:39:19.153968Z"",""no_price_dollars"":""0.1200"",""taker_side"":""yes"",""ticker"":""KXETH15M-26APR280645-45"",""trade_id"":""503ad8e1-abf5-5898-5bd4-38c829808573"",""yes_price_dollars"":""0.8800""}"
KXETH15M-26APR280645-45,04df00ba-7686-5ef4-4c25-1a5e33381e33,1777372759,0.87,10.0,yes,"{""count_fp"":""10.00"",""created_time"":""2026-04-28T10:39:19.153968Z"",""no_price_dollars"":""0.1300"",""taker_side"":""yes"",""ticker"":""KXETH15M-26APR280645-45"",""trade_id"":""04df00ba-7686-5ef4-4c25-1a5e33381e33"",""yes_price_dollars"":""0.8700""}"
KXETH15M-26APR280645-45,6334b817-37e0-6149-fb1a-ce4edddbce59,1777372762,0.85,1.0,no,"{""count_fp"":""1.00"",""created_time"":""2026-04-28T10:39:22.380747Z"",""no_price_dollars"":""0.1500"",""taker_side"":""no"",""ticker"":""KXETH15M-26APR280645-45"",""trade_id"":""6334b817-37e0-6149-fb1a-ce4edddbce59"",""yes_price_dollars"":""0.8500""}"
KXETH15M-26APR280645-45,697271a5-f3c4-4ee2-debe-291559da3fd6,1777372763,0.84,27.0,no,"{""count_fp"":""27.00"",""created_time"":""2026-04-28T10:39:23.321925Z"",""no_price_dollars"":""0.1600"",""taker_side"":""no"",""ticker"":""KXETH15M-26APR280645-45"",""trade_id"":""697271a5-f3c4-4ee2-debe-291559da3fd6"",""yes_price_dollars"":""0.8400""}"
KXETH15M-26APR280645-45,7d5b8817-509f-726c-43cb-c03739b1d3b2,1777372781,0.87,5.0,yes,"{""count_fp"":""5.00"",""created_time"":""2026-04-28T10:39:41.375938Z"",""no_price_dollars"":""0.1300"",""taker_side"":""yes"",""ticker"":""KXETH15M-26APR280645-45"",""trade_id"":""7d5b8817-509f-726c-43cb-c03739b1d3b2"",""yes_price_dollars"":""0.8700""}"
KXETH15M-26APR280645-45,d18c901d-6e89-59eb-39d9-3624063508c0,1777372796,0.87,69.0,no,"{""count_fp"":""69.00"",""created_time"":""2026-04-28T10:39:56.095304Z"",""no_price_dollars"":""0.1300"",""taker_side"":""no"",""ticker"":""KXETH15M-26APR280645-45"",""trade_id"":""d18c901d-6e89-59eb-39d9-3624063508c0"",""yes_price_dollars"":""0.8700""}"
KXETH15M-26APR280645-45,8cc1b2b5-bcca-5ea1-2344-b7d20590c7e8,1777372796,0.87,10.0,no,"{""count_fp"":""10.00"",""created_time"":""2026-04-28T10:39:56.095304Z"",""no_price_dollars"":""0.1300"",""taker_side"":""no"",""ticker"":""KXETH15M-26APR280645-45"",""trade_id"":""8cc1b2b5-bcca-5ea1-2344-b7d20590c7e8"",""yes_price_dollars"":""0.8700""}"
KXETH15M-26APR280645-45,dc218279-eb1e-6857-953a-4f08b0247f3d,1777372797,0.89,3.0,yes,"{""count_fp"":""3.00"",""created_time"":""2026-04-28T10:39:57.961067Z"",""no_price_dollars"":""0.1100"",""taker_side"":""yes"",""ticker"":""KXETH15M-26APR280645-45"",""trade_id"":""dc218279-eb1e-6857-953a-4f08b0247f3d"",""yes_price_dollars"":""0.8900""}"
KXETH15M-26APR280645-45,32c6f151-4eab-4459-3a8e-b922db47675d,1777372803,0.9,1.0,yes,"{""count_fp"":""1.00"",""created_time"":""2026-04-28T10:40:03.581478Z"",""no_price_dollars"":""0.1000"",""taker_side"":""yes"",""ticker"":""KXETH15M-26APR280645-45"",""trade_id"":""32c6f151-4eab-4459-3a8e-b922db47675d"",""yes_price_dollars"":""0.9000""}"
KXETH15M-26APR280645-45,03ab14ab-3dd7-6a05-bf71-2069671a8ba5,1777372803,0.9,1.0,yes,"{""count_fp"":""1.00"",""created_time"":""2026-04-28T10:40:03.518209Z"",""no_price_dollars"":""0.1000"",""taker_side"":""yes"",""ticker"":""KXETH15M-26APR280645-45"",""trade_id"":""03ab14ab-3dd7-6a05-bf71-2069671a8ba5"",""yes_price_dollars"":""0.9000""}"
KXETH15M-26APR280645-45,d347d104-b00b-4485-bf4b-0e45c8cc2aa1,1777372803,0.9,5.0,yes,"{""count_fp"":""5.00"",""created_time"":""2026-04-28T10:40:03.337676Z"",""no_price_dollars"":""0.1000"",""taker_side"":""yes"",""ticker"":""KXETH15M-26APR280645-45"",""trade_id"":""d347d104-b00b-4485-bf4b-0e45c8cc2aa1"",""yes_price_dollars"":""0.9000""}"
KXETH15M-26APR280645-45,021ff8a8-90ff-5449-bce0-1bcf9ce754fd,1777372804,0.9,10.0,yes,"{""count_fp"":""10.00"",""created_time"":""2026-04-28T10:40:04.325602Z"",""no_price_dollars"":""0.1000"",""taker_side"":""yes"",""ticker"":""KXETH15M-26APR280645-45"",""trade_id"":""021ff8a8-90ff-5449-bce0-1bcf9ce754fd"",""yes_price_dollars"":""0.9000""}"
KXETH15M-26APR280645-45,e4d7930e-9ada-4032-24a1-0f060db953a8,1777372807,0.92,10.0,yes,"{""count_fp"":""10.00"",""created_time"":""2026-04-28T10:40:07.079778Z"",""no_price_dollars"":""0.0800"",""taker_side"":""yes"",""ticker"":""KXETH15M-26APR280645-45"",""trade_id"":""e4d7930e-9ada-4032-24a1-0f060db953a8"",""yes_price_dollars"":""0.9200""}"
KXETH15M-26APR280645-45,e10d7b53-45cc-4676-1d4b-71a8d82a9999,1777372807,0.92,1.0,yes,"{""count_fp"":""1.00"",""created_time"":""2026-04-28T10:40:07.079778Z"",""no_price_dollars"":""0.0800"",""taker_side"":""yes"",""ticker"":""KXETH15M-26APR280645-45"",""trade_id"":""e10d7b53-45cc-4676-1d4b-71a8d82a9999"",""yes_price_dollars"":""0.9200""}"
KXETH15M-26APR280645-45,d151d47c-6ca5-41c0-2ef0-864201e6a611,1777372807,0.92,8.0,yes,"{""count_fp"":""8.00"",""created_time"":""2026-04-28T10:40:07.079778Z"",""no_price_dollars"":""0.0800"",""taker_side"":""yes"",""ticker"":""KXETH15M-26APR280645-45"",""trade_id"":""d151d47c-6ca5-41c0-2ef0-864201e6a611"",""yes_price_dollars"":""0.9200""}"
KXETH15M-26APR280645-45,4c0c2f6f-b83b-41bd-1b08-a4cc261d50a3,1777372807,0.92,10.0,yes,"{""count_fp"":""10.00"",""created_time"":""2026-04-28T10:40:07.079778Z"",""no_price_dollars"":""0.0800"",""taker_side"":""yes"",""ticker"":""KXETH15M-26APR280645-45"",""trade_id"":""4c0c2f6f-b83b-41bd-1b08-a4cc261d50a3"",""yes_price_dollars"":""0.9200""}"
KXETH15M-26APR280645-45,12700b72-f2c8-41e7-1ee5-b721cfa85652,1777372807,0.92,3.0,yes,"{""count_fp"":""3.00"",""created_time"":""2026-04-28T10:40:07.079778Z"",""no_price_dollars"":""0.0800"",""taker_side"":""yes"",""ticker"":""KXETH15M-26APR280645-45"",""trade_id"":""12700b72-f2c8-41e7-1ee5-b721cfa85652"",""yes_price_dollars"":""0.9200""}"
KXETH15M-26APR280645-45,67561391-c59d-64b9-020b-8a246c7841fa,1777372807,0.91,1.0,yes,"{""count_fp"":""1.00"",""created_time"":""2026-04-28T10:40:07.057931Z"",""no_price_dollars"":""0.0900"",""taker_side"":""yes"",""ticker"":""KXETH15M-26APR280645-45"",""trade_id"":""67561391-c59d-64b9-020b-8a246c7841fa"",""yes_price_dollars"":""0.9100""}"
KXETH15M-26APR280645-45,2993f8b4-ed7e-60c9-2daa-cb7632374c09,1777372807,0.91,3.0,yes,"{""count_fp"":""3.00"",""created_time"":""2026-04-28T10:40:07.057931Z"",""no_price_dollars"":""0.0900"",""taker_side"":""yes"",""ticker"":""KXETH15M-26APR280645-45"",""trade_id"":""2993f8b4-ed7e-60c9-2daa-cb7632374c09"",""yes_price_dollars"":""0.9100""}"
KXETH15M-26APR280645-45,ff153de5-5217-5782-2602-fcec9e1afe04,1777372807,0.9,10.0,yes,"{""count_fp"":""10.00"",""created_time"":""2026-04-28T10:40:07.018273Z"",""no_price_dollars"":""0.1000"",""taker_side"":""yes"",""ticker"":""KXETH15M-26APR280645-45"",""trade_id"":""ff153de5-5217-5782-2602-fcec9e1afe04"",""yes_price_dollars"":""0.9000""}"
KXETH15M-26APR280645-45,17a65fac-990f-58f1-215f-cca946277495,1777372807,0.9,323.37,yes,"{""count_fp"":""323.37"",""created_time"":""2026-04-28T10:40:07.018273Z"",""no_price_dollars"":""0.1000"",""taker_side"":""yes"",""ticker"":""KXETH15M-26APR280645-45"",""trade_id"":""17a65fac-990f-58f1-215f-cca946277495"",""yes_price_dollars"":""0.9000""}"
KXETH15M-26APR280645-45,986c9591-e92e-67e2-3e9d-bdd8d914a13a,1777372809,0.93,12.0,yes,"{""count_fp"":""12.00"",""created_time"":""2026-04-28T10:40:09.339401Z"",""no_price_dollars"":""0.0700"",""taker_side"":""yes"",""ticker"":""KXETH15M-26APR280645-45"",""trade_id"":""986c9591-e92e-67e2-3e9d-bdd8d914a13a"",""yes_price_dollars"":""0.9300""}"
KXETH15M-26APR280645-45,5ee52098-581e-64a6-2b10-b4665611de36,1777372809,0.93,1.0,yes,"{""count_fp"":""1.00"",""created_time"":""2026-04-28T10:40:09.339401Z"",""no_price_dollars"":""0.0700"",""taker_side"":""yes"",""ticker"":""KXETH15M-26APR280645-45"",""trade_id"":""5ee52098-581e-64a6-2b10-b4665611de36"",""yes_price_dollars"":""0.9300""}"
KXETH15M-26APR280645-45,2681b09b-e723-630f-055e-d0ea9b2189f0,1777372809,0.93,1.0,yes,"{""count_fp"":""1.00"",""created_time"":""2026-04-28T10:40:09.339401Z"",""no_price_dollars"":""0.0700"",""taker_side"":""yes"",""ticker"":""KXETH15M-26APR280645-45"",""trade_id"":""2681b09b-e723-630f-055e-d0ea9b2189f0"",""yes_price_dollars"":""0.9300""}"
KXETH15M-26APR280645-45,107079f4-7ed2-618d-05f9-15a9ee0549bb,1777372809,0.93,67.0,yes,"{""count_fp"":""67.00"",""created_time"":""2026-04-28T10:40:09.339401Z"",""no_price_dollars"":""0.0700"",""taker_side"":""yes"",""ticker"":""KXETH15M-26APR280645-45"",""trade_id"":""107079f4-7ed2-618d-05f9-15a9ee0549bb"",""yes_price_dollars"":""0.9300""}"
KXETH15M-26APR280645-45,02e9e685-09d4-66bf-0428-12f79ae5e732,1777372809,0.93,3.0,yes,"{""count_fp"":""3.00"",""created_time"":""2026-04-28T10:40:09.339401Z"",""no_price_dollars"":""0.0700"",""taker_side"":""yes"",""ticker"":""KXETH15M-26APR280645-45"",""trade_id"":""02e9e685-09d4-66bf-0428-12f79ae5e732"",""yes_price_dollars"":""0.9300""}"
KXETH15M-26APR280645-45,d80304dc-c234-67b7-6dbd-f7f6ea1805ad,1777372809,0.925,74.0,yes,"{""count_fp"":""74.00"",""created_time"":""2026-04-28T10:40:09.035123Z"",""no_price_dollars"":""0.0750"",""taker_side"":""yes"",""ticker"":""KXETH15M-26APR280645-45"",""trade_id"":""d80304dc-c234-67b7-6dbd-f7f6ea1805ad"",""yes_price_dollars"":""0.9250""}"
KXETH15M-26APR280645-45,9dca9edd-00e2-670d-73ce-983264a588fe,1777372809,0.924,10.0,yes,"{""count_fp"":""10.00"",""created_time"":""2026-04-28T10:40:09.035123Z"",""no_price_dollars"":""0.0760"",""taker_side"":""yes"",""ticker"":""KXETH15M-26APR280645-45"",""trade_id"":""9dca9edd-00e2-670d-73ce-983264a588fe"",""yes_price_dollars"":""0.9240""}"
KXETH15M-26APR280645-45,bb00cb8d-ee42-6478-557f-069f2904be6a,1777372815,0.9,2.0,no,"{""count_fp"":""2.00"",""created_time"":""2026-04-28T10:40:15.554775Z"",""no_price_dollars"":""0.1000"",""taker_side"":""no"",""ticker"":""KXETH15M-26APR280645-45"",""trade_id"":""bb00cb8d-ee42-6478-557f-069f2904be6a"",""yes_price_dollars"":""0.9000""}"
KXETH15M-26APR280645-45,ba78886e-37dc-68d3-5852-19008bb6ca65,1777372815,0.9,100.0,no,"{""count_fp"":""100.00"",""created_time"":""2026-04-28T10:40:15.554775Z"",""no_price_dollars"":""0.1000"",""taker_side"":""no"",""ticker"":""KXETH15M-26APR280645-45"",""trade_id"":""ba78886e-37dc-68d3-5852-19008bb6ca65"",""yes_price_dollars"":""0.9000""}"
KXETH15M-26APR280645-45,6695cdfe-c99a-6806-4213-ffc549741c86,1777372815,0.901,10.0,no,"{""count_fp"":""10.00"",""created_time"":""2026-04-28T10:40:15.554775Z"",""no_price_dollars"":""0.0990"",""taker_side"":""no"",""ticker"":""KXETH15M-26APR280645-45"",""trade_id"":""6695cdfe-c99a-6806-4213-ffc549741c86"",""yes_price_dollars"":""0.9010""}"
KXETH15M-26APR280645-45,d14125fd-1786-6fc4-9df8-406023ae7846,1777372816,0.91,19.0,yes,"{""count_fp"":""19.00"",""created_time"":""2026-04-28T10:40:16.270588Z"",""no_price_dollars"":""0.0900"",""taker_side"":""yes"",""ticker"":""KXETH15M-26APR280645-45"",""trade_id"":""d14125fd-1786-6fc4-9df8-406023ae7846"",""yes_price_dollars"":""0.9100""}"
KXETH15M-26APR280645-45,b2e1553e-cacd-4146-dc00-21be7f9dce9a,1777372816,0.908,10.0,yes,"{""count_fp"":""10.00"",""created_time"":""2026-04-28T10:40:16.078114Z"",""no_price_dollars"":""0.0920"",""taker_side"":""yes"",""ticker"":""KXETH15M-26APR280645-45"",""trade_id"":""b2e1553e-cacd-4146-dc00-21be7f9dce9a"",""yes_price_dollars"":""0.9080""}"
KXETH15M-26APR280645-45,eff08e3a-43a4-53d6-d40a-82ef3271b71a,1777372821,0.84,33.0,no,"{""count_fp"":""33.00"",""created_time"":""2026-04-28T10:40:21.003919Z"",""no_price_dollars"":""0.1600"",""taker_side"":""no"",""ticker"":""KXETH15M-26APR280645-45"",""trade_id"":""eff08e3a-43a4-53d6-d40a-82ef3271b71a"",""yes_price_dollars"":""0.8400""}"
KXETH15M-26APR280645-45,c91e3cac-f945-5f27-c67e-2c617adf9a99,1777372821,0.9,1.0,no,"{""count_fp"":""1.00"",""created_time"":""2026-04-28T10:40:21.003919Z"",""no_price_dollars"":""0.1000"",""taker_side"":""no"",""ticker"":""KXETH15M-26APR280645-45"",""trade_id"":""c91e3cac-f945-5f27-c67e-2c617adf9a99"",""yes_price_dollars"":""0.9000""}"
KXETH15M-26APR280645-45,74b7c99a-95e7-56a1-dfd4-d9f435133f45,1777372821,0.87,100.0,no,"{""count_fp"":""100.00"",""created_time"":""2026-04-28T10:40:21.003919Z"",""no_price_dollars"":""0.1300"",""taker_side"":""no"",""ticker"":""KXETH15M-26APR280645-45"",""trade_id"":""74b7c99a-95e7-56a1-dfd4-d9f435133f45"",""yes_price_dollars"":""0.8700""}"
KXETH15M-26APR280645-45,6c57d4d3-bc13-5394-f628-d2a6071c7274,1777372821,0.85,10.0,no,"{""count_fp"":""10.00"",""created_time"":""2026-04-28T10:40:21.003919Z"",""no_price_dollars"":""0.1500"",""taker_side"":""no"",""ticker"":""KXETH15M-26APR280645-45"",""trade_id"":""6c57d4d3-bc13-5394-f628-d2a6071c7274"",""yes_price_dollars"":""0.8500""}"
KXETH15M-26APR280645-45,3ef00e14-96be-5356-cd4e-852227c6ee3f,1777372821,0.86,10.0,no,"{""count_fp"":""10.00"",""created_time"":""2026-04-28T10:40:21.003919Z"",""no_price_dollars"":""0.1400"",""taker_side"":""no"",""ticker"":""KXETH15M-26APR280645-45"",""trade_id"":""3ef00e14-96be-5356-cd4e-852227c6ee3f"",""yes_price_dollars"":""0.8600""}"
KXETH15M-26APR280645-45,3b0d93fb-2f3f-5c0b-dbda-441a21d36dbc,1777372821,0.89,1.0,no,"{""count_fp"":""1.00"",""created_time"":""2026-04-28T10:40:21.003919Z"",""no_price_dollars"":""0.1100"",""taker_side"":""no"",""ticker"":""KXETH15M-26APR280645-45"",""trade_id"":""3b0d93fb-2f3f-5c0b-dbda-441a21d36dbc"",""yes_price_dollars"":""0.8900""}"
KXETH15M-26APR280645-45,b235c2f4-b643-62fd-8bb2-6ab6a92ac318,1777372823,0.87,1.0,no,"{""count_fp"":""1.00"",""created_time"":""2026-04-28T10:40:23.354332Z"",""no_price_dollars"":""0.1300"",""taker_side"":""no"",""ticker"":""KXETH15M-26APR280645-45"",""trade_id"":""b235c2f4-b643-62fd-8bb2-6ab6a92ac318"",""yes_price_dollars"":""0.8700""}"
KXETH15M-26APR280645-45,d27f3bcc-6293-4479-90d8-8382338e9c74,1777372823,0.87,1.0,no,"{""count_fp"":""1.00"",""created_time"":""2026-04-28T10:40:23.201052Z"",""no_price_dollars"":""0.1300"",""taker_side"":""no"",""ticker"":""KXETH15M-26APR280645-45"",""trade_id"":""d27f3bcc-6293-4479-90d8-8382338e9c74"",""yes_price_dollars"":""0.8700""}"
KXETH15M-26APR280645-45,ad0480fc-7a8c-4c36-c72e-ab579c01a6ec,1777372830,0.938,1.0,yes,"{""count_fp"":""1.00"",""created_time"":""2026-04-28T10:40:30.942084Z"",""no_price_dollars"":""0.0620"",""taker_side"":""yes"",""ticker"":""KXETH15M-26APR280645-45"",""trade_id"":""ad0480fc-7a8c-4c36-c72e-ab579c01a6ec"",""yes_price_dollars"":""0.9380""}"
KXETH15M-26APR280645-45,47f300cb-7899-7ac0-7be1-599f8b3c2183,1777372830,0.92,1.0,no,"{""count_fp"":""1.00"",""created_time"":""2026-04-28T10:40:30.331199Z"",""no_price_dollars"":""0.0800"",""taker_side"":""no"",""ticker"":""KXETH15M-26APR280645-45"",""trade_id"":""47f300cb-7899-7ac0-7be1-599f8b3c2183"",""yes_price_dollars"":""0.9200""}"
KXETH15M-26APR280645-45,88e86b29-ff31-71cc-5620-87be99f7e812,1777372832,0.909,6.88,no,"{""count_fp"":""6.88"",""created_time"":""2026-04-28T10:40:32.246046Z"",""no_price_dollars"":""0.0910"",""taker_side"":""no"",""ticker"":""KXETH15M-26APR280645-45"",""trade_id"":""88e86b29-ff31-71cc-5620-87be99f7e812"",""yes_price_dollars"":""0.9090""}"
KXETH15M-26APR280645-45,10c1908c-7af1-7f1c-66e9-30890ab44e4b,1777372832,0.92,1.0,no,"{""count_fp"":""1.00"",""created_time"":""2026-04-28T10:40:32.246046Z"",""no_price_dollars"":""0.0800"",""taker_side"":""no"",""ticker"":""KXETH15M-26APR280645-45"",""trade_id"":""10c1908c-7af1-7f1c-66e9-30890ab44e4b"",""yes_price_dollars"":""0.9200""}"
KXETH15M-26APR280645-45,df78b31a-bb17-6baa-a468-36defa9530e4,1777372835,0.96,1.0,yes,"{""count_fp"":""1.00"",""created_time"":""2026-04-28T10:40:35.378313Z"",""no_price_dollars"":""0.0400"",""taker_side"":""yes"",""ticker"":""KXETH15M-26APR280645-45"",""trade_id"":""df78b31a-bb17-6baa-a468-36defa9530e4"",""yes_price_dollars"":""0.9600""}"
KXETH15M-26APR280645-45,9feff998-ff6c-6396-9635-953ca715fd5b,1777372835,0.96,1.0,yes,"{""count_fp"":""1.00"",""created_time"":""2026-04-28T10:40:35.378313Z"",""no_price_dollars"":""0.0400"",""taker_side"":""yes"",""ticker"":""KXETH15M-26APR280645-45"",""trade_id"":""9feff998-ff6c-6396-9635-953ca715fd5b"",""yes_price_dollars"":""0.9600""}"
KXETH15M-26APR280645-45,9f965028-775e-6368-aa1a-943dd2f8f59b,1777372835,0.967,1.0,yes,"{""count_fp"":""1.00"",""created_time"":""2026-04-28T10:40:35.378313Z"",""no_price_dollars"":""0.0330"",""taker_side"":""yes"",""ticker"":""KXETH15M-26APR280645-45"",""trade_id"":""9f965028-775e-6368-aa1a-943dd2f8f59b"",""yes_price_dollars"":""0.9670""}"
KXETH15M-26APR280645-45,5d7e7780-8414-69d4-bc21-d3e06698bd33,1777372835,0.968,6.0,yes,"{""count_fp"":""6.00"",""created_time"":""2026-04-28T10:40:35.378313Z"",""no_price_dollars"":""0.0320"",""taker_side"":""yes"",""ticker"":""KXETH15M-26APR280645-45"",""trade_id"":""5d7e7780-8414-69d4-bc21-d3e06698bd33"",""yes_price_dollars"":""0.9680""}"
KXETH15M-26APR280645-45,b67ebca7-8c91-68c8-b663-aef36d114b4c,1777372836,0.969,10.0,yes,"{""count_fp"":""10.00"",""created_time"":""2026-04-28T10:40:36.064615Z"",""no_price_dollars"":""0.0310"",""taker_side"":""yes"",""ticker"":""KXETH15M-26APR280645-45"",""trade_id"":""b67ebca7-8c91-68c8-b663-aef36d114b4c"",""yes_price_dollars"":""0.9690""}"
KXETH15M-26APR280645-45,9fb57841-53cf-5f7f-ccf5-f5b73f72f372,1777372843,0.97,10.0,yes,"{""count_fp"":""10.00"",""created_time"":""2026-04-28T10:40:43.627225Z"",""no_price_dollars"":""0.0300"",""taker_side"":""yes"",""ticker"":""KXETH15M-26APR280645-45"",""trade_id"":""9fb57841-53cf-5f7f-ccf5-f5b73f72f372"",""yes_price_dollars"":""0.9700""}"
KXETH15M-26APR280645-45,a5c8ae06-1bcb-67cb-dfc9-2147bcae0b0f,1777372843,0.97,1.0,yes,"{""count_fp"":""1.00"",""created_time"":""2026-04-28T10:40:43.332911Z"",""no_price_dollars"":""0.0300"",""taker_side"":""yes"",""ticker"":""KXETH15M-26APR280645-45"",""trade_id"":""a5c8ae06-1bcb-67cb-dfc9-2147bcae0b0f"",""yes_price_dollars"":""0.9700""}"
KXETH15M-26APR280645-45,9d165e7b-69e9-651b-d341-1ed25e441ede,1777372843,0.97,1.0,yes,"{""count_fp"":""1.00"",""created_time"":""2026-04-28T10:40:43.332911Z"",""no_price_dollars"":""0.0300"",""taker_side"":""yes"",""ticker"":""KXETH15M-26APR280645-45"",""trade_id"":""9d165e7b-69e9-651b-d341-1ed25e441ede"",""yes_price_dollars"":""0.9700""}"
KXETH15M-26APR280645-45,840d8a34-800e-6172-f303-3f35fbf8c2e7,1777372843,0.97,4.0,yes,"{""count_fp"":""4.00"",""created_time"":""2026-04-28T10:40:43.332911Z"",""no_price_dollars"":""0.0300"",""taker_side"":""yes"",""ticker"":""KXETH15M-26APR280645-45"",""trade_id"":""840d8a34-800e-6172-f303-3f35fbf8c2e7"",""yes_price_dollars"":""0.9700""}"
KXETH15M-26APR280645-45,0c7c12f0-1982-61ca-c95e-940f5932e978,1777372843,0.97,1.0,yes,"{""count_fp"":""1.00"",""created_time"":""2026-04-28T10:40:43.332911Z"",""no_price_dollars"":""0.0300"",""taker_side"":""yes"",""ticker"":""KXETH15M-26APR280645-45"",""trade_id"":""0c7c12f0-1982-61ca-c95e-940f5932e978"",""yes_price_dollars"":""0.9700""}"
KXETH15M-26APR280645-45,0aac9a31-a043-61a6-fa84-e2ee9cee64b8,1777372843,0.97,3.0,yes,"{""count_fp"":""3.00"",""created_time"":""2026-04-28T10:40:43.332911Z"",""no_price_dollars"":""0.0300"",""taker_side"":""yes"",""ticker"":""KXETH15M-26APR280645-45"",""trade_id"":""0aac9a31-a043-61a6-fa84-e2ee9cee64b8"",""yes_price_dollars"":""0.9700""}"
KXETH15M-26APR280645-45,99d50168-5702-6565-4d65-22be35739956,1777372843,0.965,1.0,no,"{""count_fp"":""1.00"",""created_time"":""2026-04-28T10:40:43.318601Z"",""no_price_dollars"":""0.0350"",""taker_side"":""no"",""ticker"":""KXETH15M-26APR280645-45"",""trade_id"":""99d50168-5702-6565-4d65-22be35739956"",""yes_price_dollars"":""0.9650""}"
KXETH15M-26APR280645-45,bc6035bf-8d00-5b4b-c929-104aa41d21db,1777372844,0.975,2.0,no,"{""count_fp"":""2.00"",""created_time"":""2026-04-28T10:40:44.661744Z"",""no_price_dollars"":""0.0250"",""taker_side"":""no"",""ticker"":""KXETH15M-26APR280645-45"",""trade_id"":""bc6035bf-8d00-5b4b-c929-104aa41d21db"",""yes_price_dollars"":""0.9750""}"
KXETH15M-26APR280645-45,c0c4d163-a4ac-49e8-d5d3-9b81f95fdfdb,1777372845,0.978,5.0,yes,"{""count_fp"":""5.00"",""created_time"":""2026-04-28T10:40:45.292459Z"",""no_price_dollars"":""0.0220"",""taker_side"":""yes"",""ticker"":""KXETH15M-26APR280645-45"",""trade_id"":""c0c4d163-a4ac-49e8-d5d3-9b81f95fdfdb"",""yes_price_dollars"":""0.9780""}"
KXETH15M-26APR280645-45,86a06035-675c-6920-bf6e-280b1e5da207,1777372846,0.978,34.0,yes,"{""count_fp"":""34.00"",""created_time"":""2026-04-28T10:40:46.060824Z"",""no_price_dollars"":""0.0220"",""taker_side"":""yes"",""ticker"":""KXETH15M-26APR280645-45"",""trade_id"":""86a06035-675c-6920-bf6e-280b1e5da207"",""yes_price_dollars"":""0.9780""}"
KXETH15M-26APR280645-45,977837b4-ce11-7b6b-90b1-93eb90ab7fdc,1777372849,0.978,1.0,yes,"{""count_fp"":""1.00"",""created_time"":""2026-04-28T10:40:49.637066Z"",""no_price_dollars"":""0.0220"",""taker_side"":""yes"",""ticker"":""KXETH15M-26APR280645-45"",""trade_id"":""977837b4-ce11-7b6b-90b1-93eb90ab7fdc"",""yes_price_dollars"":""0.9780""}"
KXETH15M-26APR280645-45,f02befeb-0cdd-74df-e07b-b849a1443754,1777372849,0.978,5.0,yes,"{""count_fp"":""5.00"",""created_time"":""2026-04-28T10:40:49.613325Z"",""no_price_dollars"":""0.0220"",""taker_side"":""yes"",""ticker"":""KXETH15M-26APR280645-45"",""trade_id"":""f02befeb-0cdd-74df-e07b-b849a1443754"",""yes_price_dollars"":""0.9780""}"
KXETH15M-26APR280645-45,5d73cc4f-c155-696a-1fd6-0a00c1708bde,1777372850,0.97,4.0,no,"{""count_fp"":""4.00"",""created_time"":""2026-04-28T10:40:50.304275Z"",""no_price_dollars"":""0.0300"",""taker_side"":""no"",""ticker"":""KXETH15M-26APR280645-45"",""trade_id"":""5d73cc4f-c155-696a-1fd6-0a00c1708bde"",""yes_price_dollars"":""0.9700""}"
KXETH15M-26APR280645-45,1834c7c6-4ec1-5e5f-afd9-343793af2c94,1777372852,0.978,5.0,yes,"{""count_fp"":""5.00"",""created_time"":""2026-04-28T10:40:52.944377Z"",""no_price_dollars"":""0.0220"",""taker_side"":""yes"",""ticker"":""KXETH15M-26APR280645-45"",""trade_id"":""1834c7c6-4ec1-5e5f-afd9-343793af2c94"",""yes_price_dollars"":""0.9780""}"
KXETH15M-26APR280645-45,b73dd60f-f15e-509a-ebfb-4ef369cf19d5,1777372853,0.97,10.0,no,"{""count_fp"":""10.00"",""created_time"":""2026-04-28T10:40:53.064217Z"",""no_price_dollars"":""0.0300"",""taker_side"":""no"",""ticker"":""KXETH15M-26APR280645-45"",""trade_id"":""b73dd60f-f15e-509a-ebfb-4ef369cf19d5"",""yes_price_dollars"":""0.9700""}"
KXETH15M-26APR280645-45,0357e80e-fc5c-5141-e504-7adf22414efb,1777372853,0.966,121.26,no,"{""count_fp"":""121.26"",""created_time"":""2026-04-28T10:40:53.064217Z"",""no_price_dollars"":""0.0340"",""taker_side"":""no"",""ticker"":""KXETH15M-26APR280645-45"",""trade_id"":""0357e80e-fc5c-5141-e504-7adf22414efb"",""yes_price_dollars"":""0.9660""}"
KXETH15M-26APR280645-45,3d883fae-3afd-4bd6-48b0-643119d4c5de,1777372859,0.968,6.0,yes,"{""count_fp"":""6.00"",""created_time"":""2026-04-28T10:40:59.919423Z"",""no_price_dollars"":""0.0320"",""taker_side"":""yes"",""ticker"":""KXETH15M-26APR280645-45"",""trade_id"":""3d883fae-3afd-4bd6-48b0-643119d4c5de"",""yes_price_dollars"":""0.9680""}"
KXETH15M-26APR280645-45,ef210c32-bd2c-5c7e-6d7b-33897dd8ae31,1777372859,0.968,10.0,no,"{""count_fp"":""10.00"",""created_time"":""2026-04-28T10:40:59.154205Z"",""no_price_dollars"":""0.0320"",""taker_side"":""no"",""ticker"":""KXETH15M-26APR280645-45"",""trade_id"":""ef210c32-bd2c-5c7e-6d7b-33897dd8ae31"",""yes_price_dollars"":""0.9680""}"
KXETH15M-26APR280645-45,dff7ea34-c17f-5f0d-7bd8-3159b7731aa2,1777372859,0.968,10.0,no,"{""count_fp"":""10.00"",""created_time"":""2026-04-28T10:40:59.154205Z"",""no_price_dollars"":""0.0320"",""taker_side"":""no"",""ticker"":""KXETH15M-26APR280645-45"",""trade_id"":""dff7ea34-c17f-5f0d-7bd8-3159b7731aa2"",""yes_price_dollars"":""0.9680""}"
KXETH15M-26APR280645-45,f94d773e-a4e1-4b87-c018-cb8af83fc324,1777372859,0.978,89.0,yes,"{""count_fp"":""89.00"",""created_time"":""2026-04-28T10:40:59.128784Z"",""no_price_dollars"":""0.0220"",""taker_side"":""yes"",""ticker"":""KXETH15M-26APR280645-45"",""trade_id"":""f94d773e-a4e1-4b87-c018-cb8af83fc324"",""yes_price_dollars"":""0.9780""}"
KXETH15M-26APR280645-45,b0a6b0d5-3352-4a01-cb32-bd10612b8fc1,1777372859,0.98,8.0,yes,"{""count_fp"":""8.00"",""created_time"":""2026-04-28T10:40:59.128784Z"",""no_price_dollars"":""0.0200"",""taker_side"":""yes"",""ticker"":""KXETH15M-26APR280645-45"",""trade_id"":""b0a6b0d5-3352-4a01-cb32-bd10612b8fc1"",""yes_price_dollars"":""0.9800""}"
KXETH15M-26APR280645-45,a52d65f7-a957-4a73-db41-cfa8eb428913,1777372859,0.98,1.0,yes,"{""count_fp"":""1.00"",""created_time"":""2026-04-28T10:40:59.128784Z"",""no_price_dollars"":""0.0200"",""taker_side"":""yes"",""ticker"":""KXETH15M-26APR280645-45"",""trade_id"":""a52d65f7-a957-4a73-db41-cfa8eb428913"",""yes_price_dollars"":""0.9800""}"
KXETH15M-26APR280645-45,561c37bd-d00f-43aa-e181-b79a6f2b3204,1777372859,0.98,1.0,yes,"{""count_fp"":""1.00"",""created_time"":""2026-04-28T10:40:59.128784Z"",""no_price_dollars"":""0.0200"",""taker_side"":""yes"",""ticker"":""KXETH15M-26APR280645-45"",""trade_id"":""561c37bd-d00f-43aa-e181-b79a6f2b3204"",""yes_price_dollars"":""0.9800""}"
KXETH15M-26APR280645-45,53312308-b3c5-4dcd-efad-ba8973787e06,1777372859,0.979,103.0,yes,"{""count_fp"":""103.00"",""created_time"":""2026-04-28T10:40:59.128784Z"",""no_price_dollars"":""0.0210"",""taker_side"":""yes"",""ticker"":""KXETH15M-26APR280645-45"",""trade_id"":""53312308-b3c5-4dcd-efad-ba8973787e06"",""yes_price_dollars"":""0.9790""}"
KXETH15M-26APR280645-45,4cae36c4-94ed-47cb-f279-5fc01da8a4b3,1777372859,0.98,81.91,yes,"{""count_fp"":""81.91"",""created_time"":""2026-04-28T10:40:59.128784Z"",""no_price_dollars"":""0.0200"",""taker_side"":""yes"",""ticker"":""KXETH15M-26APR280645-45"",""trade_id"":""4cae36c4-94ed-47cb-f279-5fc01da8a4b3"",""yes_price_dollars"":""0.9800""}"
KXETH15M-26APR280645-45,426bcabf-064f-4aa3-ed34-73b5efd7df01,1777372859,0.98,12.0,yes,"{""count_fp"":""12.00"",""created_time"":""2026-04-28T10:40:59.128784Z"",""no_price_dollars"":""0.0200"",""taker_side"":""yes"",""ticker"":""KXETH15M-26APR280645-45"",""trade_id"":""426bcabf-064f-4aa3-ed34-73b5efd7df01"",""yes_price_dollars"":""0.9800""}"
