ticker,trade_id,ts,yes_price,count,taker_side,raw_json
KXETH15M-26APR281045-45,a312d1bd-29db-504e-e234-ad0c1792d1e5,1777386601,0.5,1.0,yes,"{""count_fp"":""1.00"",""created_time"":""2026-04-28T14:30:01.218593Z"",""no_price_dollars"":""0.5000"",""taker_side"":""yes"",""ticker"":""KXETH15M-26APR281045-45"",""trade_id"":""a312d1bd-29db-504e-e234-ad0c1792d1e5"",""yes_price_dollars"":""0.5000""}"
KXETH15M-26APR281045-45,b8c912bb-55b4-5d19-410c-09ef18cb5b58,1777386605,0.54,17.0,yes,"{""count_fp"":""17.00"",""created_time"":""2026-04-28T14:30:05.939918Z"",""no_price_dollars"":""0.4600"",""taker_side"":""yes"",""ticker"":""KXETH15M-26APR281045-45"",""trade_id"":""b8c912bb-55b4-5d19-410c-09ef18cb5b58"",""yes_price_dollars"":""0.5400""}"
KXETH15M-26APR281045-45,d11e54d0-d058-5d32-f91b-a8cbe9bff679,1777386612,0.42,3.0,yes,"{""count_fp"":""3.00"",""created_time"":""2026-04-28T14:30:12.968379Z"",""no_price_dollars"":""0.5800"",""taker_side"":""yes"",""ticker"":""KXETH15M-26APR281045-45"",""trade_id"":""d11e54d0-d058-5d32-f91b-a8cbe9bff679"",""yes_price_dollars"":""0.4200""}"
KXETH15M-26APR281045-45,abe41309-4be8-779e-7ba0-84703e6183d1,1777386616,0.45,3.0,yes,"{""count_fp"":""3.00"",""created_time"":""2026-04-28T14:30:16.317804Z"",""no_price_dollars"":""0.5500"",""taker_side"":""yes"",""ticker"":""KXETH15M-26APR281045-45"",""trade_id"":""abe41309-4be8-779e-7ba0-84703e6183d1"",""yes_price_dollars"":""0.4500""}"
KXETH15M-26APR281045-45,db6dfe7c-2f60-6ed2-57fe-5393e5daa555,1777386616,0.45,50.0,yes,"{""count_fp"":""50.00"",""created_time"":""2026-04-28T14:30:16.191748Z"",""no_price_dollars"":""0.5500"",""taker_side"":""yes"",""ticker"":""KXETH15M-26APR281045-45"",""trade_id"":""db6dfe7c-2f60-6ed2-57fe-5393e5daa555"",""yes_price_dollars"":""0.4500""}"
KXETH15M-26APR281045-45,26ed260f-1410-6562-ec92-d1dd76726de5,1777386616,0.45,11.0,yes,"{""count_fp"":""11.00"",""created_time"":""2026-04-28T14:30:16.191362Z"",""no_price_dollars"":""0.5500"",""taker_side"":""yes"",""ticker"":""KXETH15M-26APR281045-45"",""trade_id"":""26ed260f-1410-6562-ec92-d1dd76726de5"",""yes_price_dollars"":""0.4500""}"
KXETH15M-26APR281045-45,835be809-3d1f-60c8-8c63-2007c8ee1a3a,1777386620,0.39,4.0,yes,"{""count_fp"":""4.00"",""created_time"":""2026-04-28T14:30:20.656242Z"",""no_price_dollars"":""0.6100"",""taker_side"":""yes"",""ticker"":""KXETH15M-26APR281045-45"",""trade_id"":""835be809-3d1f-60c8-8c63-2007c8ee1a3a"",""yes_price_dollars"":""0.3900""}"
KXETH15M-26APR281045-45,7a2e00c4-de0f-7190-ed7e-fa815590b4da,1777386620,0.39,1.0,yes,"{""count_fp"":""1.00"",""created_time"":""2026-04-28T14:30:20.652708Z"",""no_price_dollars"":""0.6100"",""taker_side"":""yes"",""ticker"":""KXETH15M-26APR281045-45"",""trade_id"":""7a2e00c4-de0f-7190-ed7e-fa815590b4da"",""yes_price_dollars"":""0.3900""}"
KXETH15M-26APR281045-45,628ca265-a972-7616-c6bf-40f5cb8fb957,1777386620,0.42,10.0,yes,"{""count_fp"":""10.00"",""created_time"":""2026-04-28T14:30:20.432997Z"",""no_price_dollars"":""0.5800"",""taker_side"":""yes"",""ticker"":""KXETH15M-26APR281045-45"",""trade_id"":""628ca265-a972-7616-c6bf-40f5cb8fb957"",""yes_price_dollars"":""0.4200""}"
KXETH15M-26APR281045-45,0f8e6ea9-3c1c-715a-f653-57f236fa872d,1777386620,0.43,47.0,yes,"{""count_fp"":""47.00"",""created_time"":""2026-04-28T14:30:20.432997Z"",""no_price_dollars"":""0.5700"",""taker_side"":""yes"",""ticker"":""KXETH15M-26APR281045-45"",""trade_id"":""0f8e6ea9-3c1c-715a-f653-57f236fa872d"",""yes_price_dollars"":""0.4300""}"
KXETH15M-26APR281045-45,e6bb90d1-bf43-5098-9d48-33568b184d39,1777386624,0.37,20.42,no,"{""count_fp"":""20.42"",""created_time"":""2026-04-28T14:30:24.045735Z"",""no_price_dollars"":""0.6300"",""taker_side"":""no"",""ticker"":""KXETH15M-26APR281045-45"",""trade_id"":""e6bb90d1-bf43-5098-9d48-33568b184d39"",""yes_price_dollars"":""0.3700""}"
KXETH15M-26APR281045-45,d258509e-e10e-506b-914d-dea956876924,1777386624,0.39,6.0,no,"{""count_fp"":""6.00"",""created_time"":""2026-04-28T14:30:24.045735Z"",""no_price_dollars"":""0.6100"",""taker_side"":""no"",""ticker"":""KXETH15M-26APR281045-45"",""trade_id"":""d258509e-e10e-506b-914d-dea956876924"",""yes_price_dollars"":""0.3900""}"
KXETH15M-26APR281045-45,81fdb213-31ea-5fbe-acb3-25764ebcda0e,1777386624,0.39,19.0,no,"{""count_fp"":""19.00"",""created_time"":""2026-04-28T14:30:24.045735Z"",""no_price_dollars"":""0.6100"",""taker_side"":""no"",""ticker"":""KXETH15M-26APR281045-45"",""trade_id"":""81fdb213-31ea-5fbe-acb3-25764ebcda0e"",""yes_price_dollars"":""0.3900""}"
KXETH15M-26APR281045-45,373f8fb2-13e2-5630-ae59-c3eeebd20d47,1777386624,0.39,10.0,no,"{""count_fp"":""10.00"",""created_time"":""2026-04-28T14:30:24.045735Z"",""no_price_dollars"":""0.6100"",""taker_side"":""no"",""ticker"":""KXETH15M-26APR281045-45"",""trade_id"":""373f8fb2-13e2-5630-ae59-c3eeebd20d47"",""yes_price_dollars"":""0.3900""}"
KXETH15M-26APR281045-45,5a1f17e5-b0a5-4062-bb29-07efcb850cfe,1777386626,0.39,10.0,no,"{""count_fp"":""10.00"",""created_time"":""2026-04-28T14:30:26.066389Z"",""no_price_dollars"":""0.6100"",""taker_side"":""no"",""ticker"":""KXETH15M-26APR281045-45"",""trade_id"":""5a1f17e5-b0a5-4062-bb29-07efcb850cfe"",""yes_price_dollars"":""0.3900""}"
KXETH15M-26APR281045-45,34d797dc-cfe3-4f3c-a4ff-c8acffc26de1,1777386626,0.39,5.61,no,"{""count_fp"":""5.61"",""created_time"":""2026-04-28T14:30:26.066389Z"",""no_price_dollars"":""0.6100"",""taker_side"":""no"",""ticker"":""KXETH15M-26APR281045-45"",""trade_id"":""34d797dc-cfe3-4f3c-a4ff-c8acffc26de1"",""yes_price_dollars"":""0.3900""}"
KXETH15M-26APR281045-45,47d8daa4-f331-691b-3dfd-07e27519022c,1777386627,0.44,10.0,yes,"{""count_fp"":""10.00"",""created_time"":""2026-04-28T14:30:27.718992Z"",""no_price_dollars"":""0.5600"",""taker_side"":""yes"",""ticker"":""KXETH15M-26APR281045-45"",""trade_id"":""47d8daa4-f331-691b-3dfd-07e27519022c"",""yes_price_dollars"":""0.4400""}"
KXETH15M-26APR281045-45,f531f116-6a1b-5ac6-8759-ce365d3e4fc6,1777386629,0.44,1.0,no,"{""count_fp"":""1.00"",""created_time"":""2026-04-28T14:30:29.188201Z"",""no_price_dollars"":""0.5600"",""taker_side"":""no"",""ticker"":""KXETH15M-26APR281045-45"",""trade_id"":""f531f116-6a1b-5ac6-8759-ce365d3e4fc6"",""yes_price_dollars"":""0.4400""}"
KXETH15M-26APR281045-45,d2f590c1-1100-7992-08da-0071a3db1a06,1777386633,0.45,1.73,no,"{""count_fp"":""1.73"",""created_time"":""2026-04-28T14:30:33.558088Z"",""no_price_dollars"":""0.5500"",""taker_side"":""no"",""ticker"":""KXETH15M-26APR281045-45"",""trade_id"":""d2f590c1-1100-7992-08da-0071a3db1a06"",""yes_price_dollars"":""0.4500""}"
KXETH15M-26APR281045-45,1ca28824-15c3-7857-9d71-32ac8419e403,1777386641,0.55,10.0,yes,"{""count_fp"":""10.00"",""created_time"":""2026-04-28T14:30:41.763115Z"",""no_price_dollars"":""0.4500"",""taker_side"":""yes"",""ticker"":""KXETH15M-26APR281045-45"",""trade_id"":""1ca28824-15c3-7857-9d71-32ac8419e403"",""yes_price_dollars"":""0.5500""}"
KXETH15M-26APR281045-45,3a1c4f85-1c8d-56c5-8597-90b65e6dd5b1,1777386646,0.59,1.0,yes,"{""count_fp"":""1.00"",""created_time"":""2026-04-28T14:30:46.979137Z"",""no_price_dollars"":""0.4100"",""taker_side"":""yes"",""ticker"":""KXETH15M-26APR281045-45"",""trade_id"":""3a1c4f85-1c8d-56c5-8597-90b65e6dd5b1"",""yes_price_dollars"":""0.5900""}"
KXETH15M-26APR281045-45,99e48a53-657f-5e17-cb4d-6119cc2daafc,1777386647,0.61,6.0,yes,"{""count_fp"":""6.00"",""created_time"":""2026-04-28T14:30:47.719904Z"",""no_price_dollars"":""0.3900"",""taker_side"":""yes"",""ticker"":""KXETH15M-26APR281045-45"",""trade_id"":""99e48a53-657f-5e17-cb4d-6119cc2daafc"",""yes_price_dollars"":""0.6100""}"
KXETH15M-26APR281045-45,7839cdef-a294-7efe-7d15-f44d7b37367d,1777386650,0.6,16.2,yes,"{""count_fp"":""16.20"",""created_time"":""2026-04-28T14:30:50.458654Z"",""no_price_dollars"":""0.4000"",""taker_side"":""yes"",""ticker"":""KXETH15M-26APR281045-45"",""trade_id"":""7839cdef-a294-7efe-7d15-f44d7b37367d"",""yes_price_dollars"":""0.6000""}"
KXETH15M-26APR281045-45,cb5679a4-be95-7f13-d6fd-e6946e5caba2,1777386652,0.59,9.0,no,"{""count_fp"":""9.00"",""created_time"":""2026-04-28T14:30:52.080533Z"",""no_price_dollars"":""0.4100"",""taker_side"":""no"",""ticker"":""KXETH15M-26APR281045-45"",""trade_id"":""cb5679a4-be95-7f13-d6fd-e6946e5caba2"",""yes_price_dollars"":""0.5900""}"
KXETH15M-26APR281045-45,1f467c9a-0ce3-406e-7a6f-0beea7d59084,1777386653,0.53,3.07,no,"{""count_fp"":""3.07"",""created_time"":""2026-04-28T14:30:53.967952Z"",""no_price_dollars"":""0.4700"",""taker_side"":""no"",""ticker"":""KXETH15M-26APR281045-45"",""trade_id"":""1f467c9a-0ce3-406e-7a6f-0beea7d59084"",""yes_price_dollars"":""0.5300""}"
KXETH15M-26APR281045-45,f6f265d4-7fc7-67f9-b1c7-b4cfa204f399,1777386659,0.54,1.0,no,"{""count_fp"":""1.00"",""created_time"":""2026-04-28T14:30:59.204716Z"",""no_price_dollars"":""0.4600"",""taker_side"":""no"",""ticker"":""KXETH15M-26APR281045-45"",""trade_id"":""f6f265d4-7fc7-67f9-b1c7-b4cfa204f399"",""yes_price_dollars"":""0.5400""}"
KXETH15M-26APR281045-45,46b3223e-6238-7322-62eb-9b96e496232d,1777386664,0.54,1.0,yes,"{""count_fp"":""1.00"",""created_time"":""2026-04-28T14:31:04.053006Z"",""no_price_dollars"":""0.4600"",""taker_side"":""yes"",""ticker"":""KXETH15M-26APR281045-45"",""trade_id"":""46b3223e-6238-7322-62eb-9b96e496232d"",""yes_price_dollars"":""0.5400""}"
KXETH15M-26APR281045-45,590d99dc-a52c-72d6-2e3e-9cf89af64749,1777386665,0.56,12.0,yes,"{""count_fp"":""12.00"",""created_time"":""2026-04-28T14:31:05.255305Z"",""no_price_dollars"":""0.4400"",""taker_side"":""yes"",""ticker"":""KXETH15M-26APR281045-45"",""trade_id"":""590d99dc-a52c-72d6-2e3e-9cf89af64749"",""yes_price_dollars"":""0.5600""}"
KXETH15M-26APR281045-45,5920ca27-96a0-7fee-6468-64f0426ef955,1777386666,0.56,1.0,yes,"{""count_fp"":""1.00"",""created_time"":""2026-04-28T14:31:06.598161Z"",""no_price_dollars"":""0.4400"",""taker_side"":""yes"",""ticker"":""KXETH15M-26APR281045-45"",""trade_id"":""5920ca27-96a0-7fee-6468-64f0426ef955"",""yes_price_dollars"":""0.5600""}"
KXETH15M-26APR281045-45,a336da67-9ea0-6e96-dd91-37fdce3bfbf9,1777386667,0.56,1.0,yes,"{""count_fp"":""1.00"",""created_time"":""2026-04-28T14:31:07.631834Z"",""no_price_dollars"":""0.4400"",""taker_side"":""yes"",""ticker"":""KXETH15M-26APR281045-45"",""trade_id"":""a336da67-9ea0-6e96-dd91-37fdce3bfbf9"",""yes_price_dollars"":""0.5600""}"
KXETH15M-26APR281045-45,72cdc847-eb34-777e-2f3f-885aad262565,1777386667,0.56,3.46,yes,"{""count_fp"":""3.46"",""created_time"":""2026-04-28T14:31:07.496192Z"",""no_price_dollars"":""0.4400"",""taker_side"":""yes"",""ticker"":""KXETH15M-26APR281045-45"",""trade_id"":""72cdc847-eb34-777e-2f3f-885aad262565"",""yes_price_dollars"":""0.5600""}"
KXETH15M-26APR281045-45,18562cbc-bf61-5175-2c64-1a76a3075fa7,1777386669,0.53,5.0,no,"{""count_fp"":""5.00"",""created_time"":""2026-04-28T14:31:09.996926Z"",""no_price_dollars"":""0.4700"",""taker_side"":""no"",""ticker"":""KXETH15M-26APR281045-45"",""trade_id"":""18562cbc-bf61-5175-2c64-1a76a3075fa7"",""yes_price_dollars"":""0.5300""}"
KXETH15M-26APR281045-45,f2deadb0-f8f4-7cb2-ce58-10f343a4fe5d,1777386670,0.55,4.0,yes,"{""count_fp"":""4.00"",""created_time"":""2026-04-28T14:31:10.515824Z"",""no_price_dollars"":""0.4500"",""taker_side"":""yes"",""ticker"":""KXETH15M-26APR281045-45"",""trade_id"":""f2deadb0-f8f4-7cb2-ce58-10f343a4fe5d"",""yes_price_dollars"":""0.5500""}"
KXETH15M-26APR281045-45,90abfc33-0cf8-593a-d6f4-7692ff215fd9,1777386679,0.61,15.0,yes,"{""count_fp"":""15.00"",""created_time"":""2026-04-28T14:31:19.067367Z"",""no_price_dollars"":""0.3900"",""taker_side"":""yes"",""ticker"":""KXETH15M-26APR281045-45"",""trade_id"":""90abfc33-0cf8-593a-d6f4-7692ff215fd9"",""yes_price_dollars"":""0.6100""}"
KXETH15M-26APR281045-45,f9c2a188-d0b5-5862-d821-6d81fc5a749a,1777386680,0.61,1.0,yes,"{""count_fp"":""1.00"",""created_time"":""2026-04-28T14:31:20.704866Z"",""no_price_dollars"":""0.3900"",""taker_side"":""yes"",""ticker"":""KXETH15M-26APR281045-45"",""trade_id"":""f9c2a188-d0b5-5862-d821-6d81fc5a749a"",""yes_price_dollars"":""0.6100""}"
KXETH15M-26APR281045-45,2cc7b6df-6b3d-6f5a-ca33-d9a1aa655e02,1777386681,0.63,2.02,yes,"{""count_fp"":""2.02"",""created_time"":""2026-04-28T14:31:21.252491Z"",""no_price_dollars"":""0.3700"",""taker_side"":""yes"",""ticker"":""KXETH15M-26APR281045-45"",""trade_id"":""2cc7b6df-6b3d-6f5a-ca33-d9a1aa655e02"",""yes_price_dollars"":""0.6300""}"
KXETH15M-26APR281045-45,baf1e2c2-9fec-4458-28f9-6c64e3418e18,1777386681,0.58,1.0,no,"{""count_fp"":""1.00"",""created_time"":""2026-04-28T14:31:21.015674Z"",""no_price_dollars"":""0.4200"",""taker_side"":""no"",""ticker"":""KXETH15M-26APR281045-45"",""trade_id"":""baf1e2c2-9fec-4458-28f9-6c64e3418e18"",""yes_price_dollars"":""0.5800""}"
KXETH15M-26APR281045-45,2e608f4c-8e34-62fe-bec7-16ab22cdf271,1777386682,0.59,15.85,yes,"{""count_fp"":""15.85"",""created_time"":""2026-04-28T14:31:22.866511Z"",""no_price_dollars"":""0.4100"",""taker_side"":""yes"",""ticker"":""KXETH15M-26APR281045-45"",""trade_id"":""2e608f4c-8e34-62fe-bec7-16ab22cdf271"",""yes_price_dollars"":""0.5900""}"
KXETH15M-26APR281045-45,7140ef46-3bdc-4496-497d-862a0d792fa5,1777386689,0.59,0.07,yes,"{""count_fp"":""0.07"",""created_time"":""2026-04-28T14:31:29.105242Z"",""no_price_dollars"":""0.4100"",""taker_side"":""yes"",""ticker"":""KXETH15M-26APR281045-45"",""trade_id"":""7140ef46-3bdc-4496-497d-862a0d792fa5"",""yes_price_dollars"":""0.5900""}"
KXETH15M-26APR281045-45,f74919f4-92dc-7dd6-f48d-05b2fedf3325,1777386694,0.6,4.78,yes,"{""count_fp"":""4.78"",""created_time"":""2026-04-28T14:31:34.900667Z"",""no_price_dollars"":""0.4000"",""taker_side"":""yes"",""ticker"":""KXETH15M-26APR281045-45"",""trade_id"":""f74919f4-92dc-7dd6-f48d-05b2fedf3325"",""yes_price_dollars"":""0.6000""}"
KXETH15M-26APR281045-45,1ea85d26-a5b8-7af6-5a75-420ddcc6a881,1777386694,0.6,1.0,yes,"{""count_fp"":""1.00"",""created_time"":""2026-04-28T14:31:34.106361Z"",""no_price_dollars"":""0.4000"",""taker_side"":""yes"",""ticker"":""KXETH15M-26APR281045-45"",""trade_id"":""1ea85d26-a5b8-7af6-5a75-420ddcc6a881"",""yes_price_dollars"":""0.6000""}"
KXETH15M-26APR281045-45,ec47d41f-d4b8-7896-d104-6ca4cfcc5111,1777386696,0.6,8.1,yes,"{""count_fp"":""8.10"",""created_time"":""2026-04-28T14:31:36.031923Z"",""no_price_dollars"":""0.4000"",""taker_side"":""yes"",""ticker"":""KXETH15M-26APR281045-45"",""trade_id"":""ec47d41f-d4b8-7896-d104-6ca4cfcc5111"",""yes_price_dollars"":""0.6000""}"
KXETH15M-26APR281045-45,fe9be95a-4258-6202-5671-deb795d9e839,1777386698,0.6,1.0,yes,"{""count_fp"":""1.00"",""created_time"":""2026-04-28T14:31:38.892057Z"",""no_price_dollars"":""0.4000"",""taker_side"":""yes"",""ticker"":""KXETH15M-26APR281045-45"",""trade_id"":""fe9be95a-4258-6202-5671-deb795d9e839"",""yes_price_dollars"":""0.6000""}"
KXETH15M-26APR281045-45,2438cd22-d3f1-5a02-9a75-480dc7a4598f,1777386699,0.56,10.0,no,"{""count_fp"":""10.00"",""created_time"":""2026-04-28T14:31:39.393212Z"",""no_price_dollars"":""0.4400"",""taker_side"":""no"",""ticker"":""KXETH15M-26APR281045-45"",""trade_id"":""2438cd22-d3f1-5a02-9a75-480dc7a4598f"",""yes_price_dollars"":""0.5600""}"
KXETH15M-26APR281045-45,ca9421f2-9894-57c6-6af9-d659dd0298fd,1777386700,0.6,1.0,yes,"{""count_fp"":""1.00"",""created_time"":""2026-04-28T14:31:40.868967Z"",""no_price_dollars"":""0.4000"",""taker_side"":""yes"",""ticker"":""KXETH15M-26APR281045-45"",""trade_id"":""ca9421f2-9894-57c6-6af9-d659dd0298fd"",""yes_price_dollars"":""0.6000""}"
KXETH15M-26APR281045-45,fefdfd6b-15c2-4add-0e78-ffd73c81904b,1777386707,0.58,10.0,no,"{""count_fp"":""10.00"",""created_time"":""2026-04-28T14:31:47.127798Z"",""no_price_dollars"":""0.4200"",""taker_side"":""no"",""ticker"":""KXETH15M-26APR281045-45"",""trade_id"":""fefdfd6b-15c2-4add-0e78-ffd73c81904b"",""yes_price_dollars"":""0.5800""}"
KXETH15M-26APR281045-45,df9044ab-be65-4273-1573-a988ad98f1ba,1777386707,0.58,21.03,no,"{""count_fp"":""21.03"",""created_time"":""2026-04-28T14:31:47.127798Z"",""no_price_dollars"":""0.4200"",""taker_side"":""no"",""ticker"":""KXETH15M-26APR281045-45"",""trade_id"":""df9044ab-be65-4273-1573-a988ad98f1ba"",""yes_price_dollars"":""0.5800""}"
KXETH15M-26APR281045-45,ac9b9e35-3378-546e-49cb-095f22e75199,1777386709,0.61,106.11,yes,"{""count_fp"":""106.11"",""created_time"":""2026-04-28T14:31:49.031805Z"",""no_price_dollars"":""0.3900"",""taker_side"":""yes"",""ticker"":""KXETH15M-26APR281045-45"",""trade_id"":""ac9b9e35-3378-546e-49cb-095f22e75199"",""yes_price_dollars"":""0.6100""}"
KXETH15M-26APR281045-45,b35f6ff2-3323-7d6f-3044-e31c4abd5253,1777386711,0.61,1.0,yes,"{""count_fp"":""1.00"",""created_time"":""2026-04-28T14:31:51.924526Z"",""no_price_dollars"":""0.3900"",""taker_side"":""yes"",""ticker"":""KXETH15M-26APR281045-45"",""trade_id"":""b35f6ff2-3323-7d6f-3044-e31c4abd5253"",""yes_price_dollars"":""0.6100""}"
KXETH15M-26APR281045-45,6500dadb-3ad1-6d09-a265-eb67c5e41191,1777386713,0.61,0.59,yes,"{""count_fp"":""0.59"",""created_time"":""2026-04-28T14:31:53.851588Z"",""no_price_dollars"":""0.3900"",""taker_side"":""yes"",""ticker"":""KXETH15M-26APR281045-45"",""trade_id"":""6500dadb-3ad1-6d09-a265-eb67c5e41191"",""yes_price_dollars"":""0.6100""}"
KXETH15M-26APR281045-45,37de8016-d8b3-6843-8bf9-e676693c6a3f,1777386713,0.61,1.0,yes,"{""count_fp"":""1.00"",""created_time"":""2026-04-28T14:31:53.851588Z"",""no_price_dollars"":""0.3900"",""taker_side"":""yes"",""ticker"":""KXETH15M-26APR281045-45"",""trade_id"":""37de8016-d8b3-6843-8bf9-e676693c6a3f"",""yes_price_dollars"":""0.6100""}"
KXETH15M-26APR281045-45,647ffb1d-fd3a-6b91-c650-ac9bd3d18518,1777386716,0.57,2.0,no,"{""count_fp"":""2.00"",""created_time"":""2026-04-28T14:31:56.451022Z"",""no_price_dollars"":""0.4300"",""taker_side"":""no"",""ticker"":""KXETH15M-26APR281045-45"",""trade_id"":""647ffb1d-fd3a-6b91-c650-ac9bd3d18518"",""yes_price_dollars"":""0.5700""}"
KXETH15M-26APR281045-45,2424610a-9e2f-6208-d3ca-156b3ed335da,1777386716,0.57,9.0,no,"{""count_fp"":""9.00"",""created_time"":""2026-04-28T14:31:56.451022Z"",""no_price_dollars"":""0.4300"",""taker_side"":""no"",""ticker"":""KXETH15M-26APR281045-45"",""trade_id"":""2424610a-9e2f-6208-d3ca-156b3ed335da"",""yes_price_dollars"":""0.5700""}"
KXETH15M-26APR281045-45,e7e08284-e61c-5eaa-de05-25b61f1b9ea9,1777386718,0.59,10.0,yes,"{""count_fp"":""10.00"",""created_time"":""2026-04-28T14:31:58.824797Z"",""no_price_dollars"":""0.4100"",""taker_side"":""yes"",""ticker"":""KXETH15M-26APR281045-45"",""trade_id"":""e7e08284-e61c-5eaa-de05-25b61f1b9ea9"",""yes_price_dollars"":""0.5900""}"
KXETH15M-26APR281045-45,97e61883-3ba5-533a-c909-3196288912d6,1777386718,0.58,10.0,yes,"{""count_fp"":""10.00"",""created_time"":""2026-04-28T14:31:58.213648Z"",""no_price_dollars"":""0.4200"",""taker_side"":""yes"",""ticker"":""KXETH15M-26APR281045-45"",""trade_id"":""97e61883-3ba5-533a-c909-3196288912d6"",""yes_price_dollars"":""0.5800""}"
KXETH15M-26APR281045-45,147fb789-6ed9-6ff3-e978-c1d84c1104ed,1777386720,0.55,10.0,yes,"{""count_fp"":""10.00"",""created_time"":""2026-04-28T14:32:00.814027Z"",""no_price_dollars"":""0.4500"",""taker_side"":""yes"",""ticker"":""KXETH15M-26APR281045-45"",""trade_id"":""147fb789-6ed9-6ff3-e978-c1d84c1104ed"",""yes_price_dollars"":""0.5500""}"
KXETH15M-26APR281045-45,659808ff-3204-4172-d752-e77fef9e280d,1777386720,0.55,11.0,no,"{""count_fp"":""11.00"",""created_time"":""2026-04-28T14:32:00.592911Z"",""no_price_dollars"":""0.4500"",""taker_side"":""no"",""ticker"":""KXETH15M-26APR281045-45"",""trade_id"":""659808ff-3204-4172-d752-e77fef9e280d"",""yes_price_dollars"":""0.5500""}"
KXETH15M-26APR281045-45,e6d3f4bc-29c2-512b-2453-4df82c139ad8,1777386720,0.56,2.0,no,"{""count_fp"":""2.00"",""created_time"":""2026-04-28T14:32:00.525792Z"",""no_price_dollars"":""0.4400"",""taker_side"":""no"",""ticker"":""KXETH15M-26APR281045-45"",""trade_id"":""e6d3f4bc-29c2-512b-2453-4df82c139ad8"",""yes_price_dollars"":""0.5600""}"
KXETH15M-26APR281045-45,dc52587f-1563-53df-096a-7490d90422b0,1777386720,0.56,10.0,no,"{""count_fp"":""10.00"",""created_time"":""2026-04-28T14:32:00.525792Z"",""no_price_dollars"":""0.4400"",""taker_side"":""no"",""ticker"":""KXETH15M-26APR281045-45"",""trade_id"":""dc52587f-1563-53df-096a-7490d90422b0"",""yes_price_dollars"":""0.5600""}"
KXETH15M-26APR281045-45,f076d73b-8535-7a1a-61ec-030b86692752,1777386720,0.58,10.0,no,"{""count_fp"":""10.00"",""created_time"":""2026-04-28T14:32:00.440941Z"",""no_price_dollars"":""0.4200"",""taker_side"":""no"",""ticker"":""KXETH15M-26APR281045-45"",""trade_id"":""f076d73b-8535-7a1a-61ec-030b86692752"",""yes_price_dollars"":""0.5800""}"
KXETH15M-26APR281045-45,60036569-ea23-7d88-4d6d-30a816ba7670,1777386720,0.57,40.0,no,"{""count_fp"":""40.00"",""created_time"":""2026-04-28T14:32:00.440941Z"",""no_price_dollars"":""0.4300"",""taker_side"":""no"",""ticker"":""KXETH15M-26APR281045-45"",""trade_id"":""60036569-ea23-7d88-4d6d-30a816ba7670"",""yes_price_dollars"":""0.5700""}"
KXETH15M-26APR281045-45,36ebaa98-23ee-5e72-ec44-c70f790d105d,1777386721,0.54,2.0,no,"{""count_fp"":""2.00"",""created_time"":""2026-04-28T14:32:01.905397Z"",""no_price_dollars"":""0.4600"",""taker_side"":""no"",""ticker"":""KXETH15M-26APR281045-45"",""trade_id"":""36ebaa98-23ee-5e72-ec44-c70f790d105d"",""yes_price_dollars"":""0.5400""}"
KXETH15M-26APR281045-45,5388f372-dfae-5f8c-851e-e5d313c46f18,1777386722,0.54,9.0,no,"{""count_fp"":""9.00"",""created_time"":""2026-04-28T14:32:02.428153Z"",""no_price_dollars"":""0.4600"",""taker_side"":""no"",""ticker"":""KXETH15M-26APR281045-45"",""trade_id"":""5388f372-dfae-5f8c-851e-e5d313c46f18"",""yes_price_dollars"":""0.5400""}"
KXETH15M-26APR281045-45,4167d959-4f16-5832-89b4-ae448292eb79,1777386722,0.54,7.0,no,"{""count_fp"":""7.00"",""created_time"":""2026-04-28T14:32:02.428153Z"",""no_price_dollars"":""0.4600"",""taker_side"":""no"",""ticker"":""KXETH15M-26APR281045-45"",""trade_id"":""4167d959-4f16-5832-89b4-ae448292eb79"",""yes_price_dollars"":""0.5400""}"
KXETH15M-26APR281045-45,6b42ba13-fcf1-411b-3f6f-6483edea5891,1777386724,0.53,1.0,yes,"{""count_fp"":""1.00"",""created_time"":""2026-04-28T14:32:04.255148Z"",""no_price_dollars"":""0.4700"",""taker_side"":""yes"",""ticker"":""KXETH15M-26APR281045-45"",""trade_id"":""6b42ba13-fcf1-411b-3f6f-6483edea5891"",""yes_price_dollars"":""0.5300""}"
KXETH15M-26APR281045-45,a6b61340-501d-4fa1-810e-e61e7959d1b3,1777386724,0.53,24.0,no,"{""count_fp"":""24.00"",""created_time"":""2026-04-28T14:32:04.108851Z"",""no_price_dollars"":""0.4700"",""taker_side"":""no"",""ticker"":""KXETH15M-26APR281045-45"",""trade_id"":""a6b61340-501d-4fa1-810e-e61e7959d1b3"",""yes_price_dollars"":""0.5300""}"
KXETH15M-26APR281045-45,0d7e2b2e-a9b4-660e-55b1-f601c1e8d0e1,1777386728,0.53,5.0,yes,"{""count_fp"":""5.00"",""created_time"":""2026-04-28T14:32:08.559331Z"",""no_price_dollars"":""0.4700"",""taker_side"":""yes"",""ticker"":""KXETH15M-26APR281045-45"",""trade_id"":""0d7e2b2e-a9b4-660e-55b1-f601c1e8d0e1"",""yes_price_dollars"":""0.5300""}"
KXETH15M-26APR281045-45,691ce09a-bb68-56f2-a268-39210678e4d9,1777386730,0.53,40.53,yes,"{""count_fp"":""40.53"",""created_time"":""2026-04-28T14:32:10.446951Z"",""no_price_dollars"":""0.4700"",""taker_side"":""yes"",""ticker"":""KXETH15M-26APR281045-45"",""trade_id"":""691ce09a-bb68-56f2-a268-39210678e4d9"",""yes_price_dollars"":""0.5300""}"
KXETH15M-26APR281045-45,b499b9fc-c3ff-5c8b-27bb-2c71cbeee390,1777386733,0.54,9.14,yes,"{""count_fp"":""9.14"",""created_time"":""2026-04-28T14:32:13.053138Z"",""no_price_dollars"":""0.4600"",""taker_side"":""yes"",""ticker"":""KXETH15M-26APR281045-45"",""trade_id"":""b499b9fc-c3ff-5c8b-27bb-2c71cbeee390"",""yes_price_dollars"":""0.5400""}"
KXETH15M-26APR281045-45,db85ad67-c3c4-5d66-2c65-cc8fe796ce3d,1777386735,0.54,1.0,yes,"{""count_fp"":""1.00"",""created_time"":""2026-04-28T14:32:15.566773Z"",""no_price_dollars"":""0.4600"",""taker_side"":""yes"",""ticker"":""KXETH15M-26APR281045-45"",""trade_id"":""db85ad67-c3c4-5d66-2c65-cc8fe796ce3d"",""yes_price_dollars"":""0.5400""}"
KXETH15M-26APR281045-45,3dcbdbce-a1bd-6915-a615-97ad703a685c,1777386738,0.53,2.0,no,"{""count_fp"":""2.00"",""created_time"":""2026-04-28T14:32:18.381218Z"",""no_price_dollars"":""0.4700"",""taker_side"":""no"",""ticker"":""KXETH15M-26APR281045-45"",""trade_id"":""3dcbdbce-a1bd-6915-a615-97ad703a685c"",""yes_price_dollars"":""0.5300""}"
KXETH15M-26APR281045-45,5d70f5e6-4ae0-5252-f25e-8e5bee5186f1,1777386742,0.54,17.92,yes,"{""count_fp"":""17.92"",""created_time"":""2026-04-28T14:32:22.123503Z"",""no_price_dollars"":""0.4600"",""taker_side"":""yes"",""ticker"":""KXETH15M-26APR281045-45"",""trade_id"":""5d70f5e6-4ae0-5252-f25e-8e5bee5186f1"",""yes_price_dollars"":""0.5400""}"
KXETH15M-26APR281045-45,499e33df-c56c-636e-235a-a8de97daadc5,1777386743,0.54,25.0,yes,"{""count_fp"":""25.00"",""created_time"":""2026-04-28T14:32:23.289041Z"",""no_price_dollars"":""0.4600"",""taker_side"":""yes"",""ticker"":""KXETH15M-26APR281045-45"",""trade_id"":""499e33df-c56c-636e-235a-a8de97daadc5"",""yes_price_dollars"":""0.5400""}"
KXETH15M-26APR281045-45,1fddaa6e-2129-466d-881c-2506e8d737f4,1777386744,0.53,1.0,no,"{""count_fp"":""1.00"",""created_time"":""2026-04-28T14:32:24.055781Z"",""no_price_dollars"":""0.4700"",""taker_side"":""no"",""ticker"":""KXETH15M-26APR281045-45"",""trade_id"":""1fddaa6e-2129-466d-881c-2506e8d737f4"",""yes_price_dollars"":""0.5300""}"
KXETH15M-26APR281045-45,f4cc1f2a-b9f3-6ab3-c72b-5f831a2bdcd2,1777386748,0.52,2.0,no,"{""count_fp"":""2.00"",""created_time"":""2026-04-28T14:32:28.124435Z"",""no_price_dollars"":""0.4800"",""taker_side"":""no"",""ticker"":""KXETH15M-26APR281045-45"",""trade_id"":""f4cc1f2a-b9f3-6ab3-c72b-5f831a2bdcd2"",""yes_price_dollars"":""0.5200""}"
KXETH15M-26APR281045-45,d91e0dd8-126d-6103-f7ff-18017685b04a,1777386748,0.48,100.0,no,"{""count_fp"":""100.00"",""created_time"":""2026-04-28T14:32:28.124435Z"",""no_price_dollars"":""0.5200"",""taker_side"":""no"",""ticker"":""KXETH15M-26APR281045-45"",""trade_id"":""d91e0dd8-126d-6103-f7ff-18017685b04a"",""yes_price_dollars"":""0.4800""}"
KXETH15M-26APR281045-45,beff45d2-4712-6c71-ccec-13b9aadba0ef,1777386748,0.46,10.0,no,"{""count_fp"":""10.00"",""created_time"":""2026-04-28T14:32:28.124435Z"",""no_price_dollars"":""0.5400"",""taker_side"":""no"",""ticker"":""KXETH15M-26APR281045-45"",""trade_id"":""beff45d2-4712-6c71-ccec-13b9aadba0ef"",""yes_price_dollars"":""0.4600""}"
KXETH15M-26APR281045-45,b5cff0b9-ab3f-6f3a-ca3f-4bd28ab59a7c,1777386748,0.48,10.0,no,"{""count_fp"":""10.00"",""created_time"":""2026-04-28T14:32:28.124435Z"",""no_price_dollars"":""0.5200"",""taker_side"":""no"",""ticker"":""KXETH15M-26APR281045-45"",""trade_id"":""b5cff0b9-ab3f-6f3a-ca3f-4bd28ab59a7c"",""yes_price_dollars"":""0.4800""}"
KXETH15M-26APR281045-45,36257338-9e3d-6ca3-f5e0-7fec4baef251,1777386748,0.49,10.0,no,"{""count_fp"":""10.00"",""created_time"":""2026-04-28T14:32:28.124435Z"",""no_price_dollars"":""0.5100"",""taker_side"":""no"",""ticker"":""KXETH15M-26APR281045-45"",""trade_id"":""36257338-9e3d-6ca3-f5e0-7fec4baef251"",""yes_price_dollars"":""0.4900""}"
KXETH15M-26APR281045-45,28ea2222-6c05-60ed-cb69-69f32530a3c8,1777386748,0.53,23.0,no,"{""count_fp"":""23.00"",""created_time"":""2026-04-28T14:32:28.124435Z"",""no_price_dollars"":""0.4700"",""taker_side"":""no"",""ticker"":""KXETH15M-26APR281045-45"",""trade_id"":""28ea2222-6c05-60ed-cb69-69f32530a3c8"",""yes_price_dollars"":""0.5300""}"
KXETH15M-26APR281045-45,1013960e-5613-6e84-d293-b737b99561ad,1777386748,0.46,213.13,no,"{""count_fp"":""213.13"",""created_time"":""2026-04-28T14:32:28.124435Z"",""no_price_dollars"":""0.5400"",""taker_side"":""no"",""ticker"":""KXETH15M-26APR281045-45"",""trade_id"":""1013960e-5613-6e84-d293-b737b99561ad"",""yes_price_dollars"":""0.4600""}"
KXETH15M-26APR281045-45,020266cb-3006-4ef0-9ef4-3fe0981f4b9f,1777386753,0.5,1.0,no,"{""count_fp"":""1.00"",""created_time"":""2026-04-28T14:32:33.448228Z"",""no_price_dollars"":""0.5000"",""taker_side"":""no"",""ticker"":""KXETH15M-26APR281045-45"",""trade_id"":""020266cb-3006-4ef0-9ef4-3fe0981f4b9f"",""yes_price_dollars"":""0.5000""}"
KXETH15M-26APR281045-45,7caa97eb-2e5c-421f-ed13-181beceb394f,1777386767,0.59,1.44,yes,"{""count_fp"":""1.44"",""created_time"":""2026-04-28T14:32:47.740411Z"",""no_price_dollars"":""0.4100"",""taker_side"":""yes"",""ticker"":""KXETH15M-26APR281045-45"",""trade_id"":""7caa97eb-2e5c-421f-ed13-181beceb394f"",""yes_price_dollars"":""0.5900""}"
KXETH15M-26APR281045-45,2aa6359f-8a80-4b35-cb6a-b6575fe11003,1777386767,0.54,2.0,yes,"{""count_fp"":""2.00"",""created_time"":""2026-04-28T14:32:47.740411Z"",""no_price_dollars"":""0.4600"",""taker_side"":""yes"",""ticker"":""KXETH15M-26APR281045-45"",""trade_id"":""2aa6359f-8a80-4b35-cb6a-b6575fe11003"",""yes_price_dollars"":""0.5400""}"
KXETH15M-26APR281045-45,807fa212-7a5f-7cf0-e163-655f62847ded,1777386768,0.55,20.51,no,"{""count_fp"":""20.51"",""created_time"":""2026-04-28T14:32:48.387563Z"",""no_price_dollars"":""0.4500"",""taker_side"":""no"",""ticker"":""KXETH15M-26APR281045-45"",""trade_id"":""807fa212-7a5f-7cf0-e163-655f62847ded"",""yes_price_dollars"":""0.5500""}"
KXETH15M-26APR281045-45,c8c5e82a-9c93-4a73-3dc6-245028bb1531,1777386786,0.56,3.0,no,"{""count_fp"":""3.00"",""created_time"":""2026-04-28T14:33:06.820361Z"",""no_price_dollars"":""0.4400"",""taker_side"":""no"",""ticker"":""KXETH15M-26APR281045-45"",""trade_id"":""c8c5e82a-9c93-4a73-3dc6-245028bb1531"",""yes_price_dollars"":""0.5600""}"
KXETH15M-26APR281045-45,acd13a66-0e24-4ff9-3a6e-9fe2c129cb67,1777386786,0.56,2.0,no,"{""count_fp"":""2.00"",""created_time"":""2026-04-28T14:33:06.820361Z"",""no_price_dollars"":""0.4400"",""taker_side"":""no"",""ticker"":""KXETH15M-26APR281045-45"",""trade_id"":""acd13a66-0e24-4ff9-3a6e-9fe2c129cb67"",""yes_price_dollars"":""0.5600""}"
KXETH15M-26APR281045-45,bc303e35-0e78-50d3-fdb0-d2b8a2551dcc,1777386786,0.57,10.0,no,"{""count_fp"":""10.00"",""created_time"":""2026-04-28T14:33:06.732295Z"",""no_price_dollars"":""0.4300"",""taker_side"":""no"",""ticker"":""KXETH15M-26APR281045-45"",""trade_id"":""bc303e35-0e78-50d3-fdb0-d2b8a2551dcc"",""yes_price_dollars"":""0.5700""}"
KXETH15M-26APR281045-45,32cc59b0-df28-41ae-ad0a-ebf053368621,1777386786,0.6,1.0,yes,"{""count_fp"":""1.00"",""created_time"":""2026-04-28T14:33:06.699889Z"",""no_price_dollars"":""0.4000"",""taker_side"":""yes"",""ticker"":""KXETH15M-26APR281045-45"",""trade_id"":""32cc59b0-df28-41ae-ad0a-ebf053368621"",""yes_price_dollars"":""0.6000""}"
KXETH15M-26APR281045-45,8c28dee3-6240-4ecb-5357-76b1819a3323,1777386789,0.52,3.19,yes,"{""count_fp"":""3.19"",""created_time"":""2026-04-28T14:33:09.815164Z"",""no_price_dollars"":""0.4800"",""taker_side"":""yes"",""ticker"":""KXETH15M-26APR281045-45"",""trade_id"":""8c28dee3-6240-4ecb-5357-76b1819a3323"",""yes_price_dollars"":""0.5200""}"
KXETH15M-26APR281045-45,b72778f9-05df-6694-a97c-fefb35012550,1777386789,0.52,30.0,no,"{""count_fp"":""30.00"",""created_time"":""2026-04-28T14:33:09.313098Z"",""no_price_dollars"":""0.4800"",""taker_side"":""no"",""ticker"":""KXETH15M-26APR281045-45"",""trade_id"":""b72778f9-05df-6694-a97c-fefb35012550"",""yes_price_dollars"":""0.5200""}"
KXETH15M-26APR281045-45,0b5194f9-c6f2-6d44-bdc7-bead3ee7d1be,1777386789,0.53,2.0,no,"{""count_fp"":""2.00"",""created_time"":""2026-04-28T14:33:09.313098Z"",""no_price_dollars"":""0.4700"",""taker_side"":""no"",""ticker"":""KXETH15M-26APR281045-45"",""trade_id"":""0b5194f9-c6f2-6d44-bdc7-bead3ee7d1be"",""yes_price_dollars"":""0.5300""}"
KXETH15M-26APR281045-45,8d5ad907-7e98-688b-4b4d-ce581b45400b,1777386791,0.5,3.72,yes,"{""count_fp"":""3.72"",""created_time"":""2026-04-28T14:33:11.837529Z"",""no_price_dollars"":""0.5000"",""taker_side"":""yes"",""ticker"":""KXETH15M-26APR281045-45"",""trade_id"":""8d5ad907-7e98-688b-4b4d-ce581b45400b"",""yes_price_dollars"":""0.5000""}"
KXETH15M-26APR281045-45,c5f7ecde-a939-7552-3f2b-6f2da048901d,1777386791,0.49,6.0,no,"{""count_fp"":""6.00"",""created_time"":""2026-04-28T14:33:11.409539Z"",""no_price_dollars"":""0.5100"",""taker_side"":""no"",""ticker"":""KXETH15M-26APR281045-45"",""trade_id"":""c5f7ecde-a939-7552-3f2b-6f2da048901d"",""yes_price_dollars"":""0.4900""}"
KXETH15M-26APR281045-45,6c437c73-b69e-6748-f579-5f5d5c3c3d40,1777386795,0.5,1.0,yes,"{""count_fp"":""1.00"",""created_time"":""2026-04-28T14:33:15.935602Z"",""no_price_dollars"":""0.5000"",""taker_side"":""yes"",""ticker"":""KXETH15M-26APR281045-45"",""trade_id"":""6c437c73-b69e-6748-f579-5f5d5c3c3d40"",""yes_price_dollars"":""0.5000""}"
KXETH15M-26APR281045-45,202710eb-7f12-44d4-75d3-155e14dd95ec,1777386797,0.5,3.0,yes,"{""count_fp"":""3.00"",""created_time"":""2026-04-28T14:33:17.042073Z"",""no_price_dollars"":""0.5000"",""taker_side"":""yes"",""ticker"":""KXETH15M-26APR281045-45"",""trade_id"":""202710eb-7f12-44d4-75d3-155e14dd95ec"",""yes_price_dollars"":""0.5000""}"
KXETH15M-26APR281045-45,fc743d57-0ece-51b0-71b4-042ada88cadc,1777386804,0.49,1.0,yes,"{""count_fp"":""1.00"",""created_time"":""2026-04-28T14:33:24.874023Z"",""no_price_dollars"":""0.5100"",""taker_side"":""yes"",""ticker"":""KXETH15M-26APR281045-45"",""trade_id"":""fc743d57-0ece-51b0-71b4-042ada88cadc"",""yes_price_dollars"":""0.4900""}"
KXETH15M-26APR281045-45,7caf976a-5cef-4162-b172-1e26d44c0f1e,1777386807,0.44,0.27,no,"{""count_fp"":""0.27"",""created_time"":""2026-04-28T14:33:27.998273Z"",""no_price_dollars"":""0.5600"",""taker_side"":""no"",""ticker"":""KXETH15M-26APR281045-45"",""trade_id"":""7caf976a-5cef-4162-b172-1e26d44c0f1e"",""yes_price_dollars"":""0.4400""}"
KXETH15M-26APR281045-45,a6c9f0f8-e4a0-623e-97b5-9a7eb434137a,1777386807,0.45,16.27,no,"{""count_fp"":""16.27"",""created_time"":""2026-04-28T14:33:27.982295Z"",""no_price_dollars"":""0.5500"",""taker_side"":""no"",""ticker"":""KXETH15M-26APR281045-45"",""trade_id"":""a6c9f0f8-e4a0-623e-97b5-9a7eb434137a"",""yes_price_dollars"":""0.4500""}"
KXETH15M-26APR281045-45,5fdeecf4-ee0b-686a-a66e-f886731f0fbe,1777386807,0.44,8.73,no,"{""count_fp"":""8.73"",""created_time"":""2026-04-28T14:33:27.982295Z"",""no_price_dollars"":""0.5600"",""taker_side"":""no"",""ticker"":""KXETH15M-26APR281045-45"",""trade_id"":""5fdeecf4-ee0b-686a-a66e-f886731f0fbe"",""yes_price_dollars"":""0.4400""}"
KXETH15M-26APR281045-45,5c5dfd5e-fb50-4ae7-ec6c-30e81ef729cb,1777386810,0.4,1.0,no,"{""count_fp"":""1.00"",""created_time"":""2026-04-28T14:33:30.039377Z"",""no_price_dollars"":""0.6000"",""taker_side"":""no"",""ticker"":""KXETH15M-26APR281045-45"",""trade_id"":""5c5dfd5e-fb50-4ae7-ec6c-30e81ef729cb"",""yes_price_dollars"":""0.4000""}"
KXETH15M-26APR281045-45,4fc79270-2932-49de-82b1-b2f4b6676d77,1777386813,0.36,1.0,no,"{""count_fp"":""1.00"",""created_time"":""2026-04-28T14:33:33.875955Z"",""no_price_dollars"":""0.6400"",""taker_side"":""no"",""ticker"":""KXETH15M-26APR281045-45"",""trade_id"":""4fc79270-2932-49de-82b1-b2f4b6676d77"",""yes_price_dollars"":""0.3600""}"
KXETH15M-26APR281045-45,815e1f83-c300-424f-3563-29a7088b2ae7,1777386813,0.42,10.0,yes,"{""count_fp"":""10.00"",""created_time"":""2026-04-28T14:33:33.651062Z"",""no_price_dollars"":""0.5800"",""taker_side"":""yes"",""ticker"":""KXETH15M-26APR281045-45"",""trade_id"":""815e1f83-c300-424f-3563-29a7088b2ae7"",""yes_price_dollars"":""0.4200""}"
KXETH15M-26APR281045-45,3b1ddb1c-c240-437f-080a-c4b5877157d1,1777386813,0.43,12.42,yes,"{""count_fp"":""12.42"",""created_time"":""2026-04-28T14:33:33.651062Z"",""no_price_dollars"":""0.5700"",""taker_side"":""yes"",""ticker"":""KXETH15M-26APR281045-45"",""trade_id"":""3b1ddb1c-c240-437f-080a-c4b5877157d1"",""yes_price_dollars"":""0.4300""}"
KXETH15M-26APR281045-45,77e4ff0f-61a7-6804-0c53-e9411abdeb47,1777386813,0.38,1.0,no,"{""count_fp"":""1.00"",""created_time"":""2026-04-28T14:33:33.026847Z"",""no_price_dollars"":""0.6200"",""taker_side"":""no"",""ticker"":""KXETH15M-26APR281045-45"",""trade_id"":""77e4ff0f-61a7-6804-0c53-e9411abdeb47"",""yes_price_dollars"":""0.3800""}"
KXETH15M-26APR281045-45,21eafb70-4a15-4ee7-9f8a-991ff685ede7,1777386816,0.43,2.0,no,"{""count_fp"":""2.00"",""created_time"":""2026-04-28T14:33:36.070986Z"",""no_price_dollars"":""0.5700"",""taker_side"":""no"",""ticker"":""KXETH15M-26APR281045-45"",""trade_id"":""21eafb70-4a15-4ee7-9f8a-991ff685ede7"",""yes_price_dollars"":""0.4300""}"
KXETH15M-26APR281045-45,3b9e7979-99c7-5c7e-5040-b2d787e41592,1777386818,0.42,1.72,no,"{""count_fp"":""1.72"",""created_time"":""2026-04-28T14:33:38.846586Z"",""no_price_dollars"":""0.5800"",""taker_side"":""no"",""ticker"":""KXETH15M-26APR281045-45"",""trade_id"":""3b9e7979-99c7-5c7e-5040-b2d787e41592"",""yes_price_dollars"":""0.4200""}"
KXETH15M-26APR281045-45,289ed4f0-3155-58e7-51ee-e2da3c33b3dc,1777386818,0.42,2.0,no,"{""count_fp"":""2.00"",""created_time"":""2026-04-28T14:33:38.846586Z"",""no_price_dollars"":""0.5800"",""taker_side"":""no"",""ticker"":""KXETH15M-26APR281045-45"",""trade_id"":""289ed4f0-3155-58e7-51ee-e2da3c33b3dc"",""yes_price_dollars"":""0.4200""}"
KXETH15M-26APR281045-45,f52e0958-30a6-4dda-4747-1920cabd133b,1777386841,0.36,12.0,no,"{""count_fp"":""12.00"",""created_time"":""2026-04-28T14:34:01.734232Z"",""no_price_dollars"":""0.6400"",""taker_side"":""no"",""ticker"":""KXETH15M-26APR281045-45"",""trade_id"":""f52e0958-30a6-4dda-4747-1920cabd133b"",""yes_price_dollars"":""0.3600""}"
KXETH15M-26APR281045-45,76caf79c-3a11-45f8-6430-0936c346cb6c,1777386841,0.36,3.0,no,"{""count_fp"":""3.00"",""created_time"":""2026-04-28T14:34:01.734232Z"",""no_price_dollars"":""0.6400"",""taker_side"":""no"",""ticker"":""KXETH15M-26APR281045-45"",""trade_id"":""76caf79c-3a11-45f8-6430-0936c346cb6c"",""yes_price_dollars"":""0.3600""}"
KXETH15M-26APR281045-45,3b90b0ec-23c9-4d48-6d4c-02a3639c0b82,1777386841,0.36,5.52,no,"{""count_fp"":""5.52"",""created_time"":""2026-04-28T14:34:01.734232Z"",""no_price_dollars"":""0.6400"",""taker_side"":""no"",""ticker"":""KXETH15M-26APR281045-45"",""trade_id"":""3b90b0ec-23c9-4d48-6d4c-02a3639c0b82"",""yes_price_dollars"":""0.3600""}"
KXETH15M-26APR281045-45,0cacc8c5-b121-485d-74a6-bf6998353710,1777386841,0.36,10.0,no,"{""count_fp"":""10.00"",""created_time"":""2026-04-28T14:34:01.734232Z"",""no_price_dollars"":""0.6400"",""taker_side"":""no"",""ticker"":""KXETH15M-26APR281045-45"",""trade_id"":""0cacc8c5-b121-485d-74a6-bf6998353710"",""yes_price_dollars"":""0.3600""}"
KXETH15M-26APR281045-45,488e65dc-5f45-6ebc-6223-459d2b260f91,1777386846,0.4,0.78,yes,"{""count_fp"":""0.78"",""created_time"":""2026-04-28T14:34:06.240673Z"",""no_price_dollars"":""0.6000"",""taker_side"":""yes"",""ticker"":""KXETH15M-26APR281045-45"",""trade_id"":""488e65dc-5f45-6ebc-6223-459d2b260f91"",""yes_price_dollars"":""0.4000""}"
KXETH15M-26APR281045-45,25741c74-f6d8-6696-7663-3b2d2e131f99,1777386846,0.41,0.22,yes,"{""count_fp"":""0.22"",""created_time"":""2026-04-28T14:34:06.240673Z"",""no_price_dollars"":""0.5900"",""taker_side"":""yes"",""ticker"":""KXETH15M-26APR281045-45"",""trade_id"":""25741c74-f6d8-6696-7663-3b2d2e131f99"",""yes_price_dollars"":""0.4100""}"
KXETH15M-26APR281045-45,ed72b7af-293a-6ff3-8b9b-186a50a973a5,1777386850,0.33,1.0,no,"{""count_fp"":""1.00"",""created_time"":""2026-04-28T14:34:10.950958Z"",""no_price_dollars"":""0.6700"",""taker_side"":""no"",""ticker"":""KXETH15M-26APR281045-45"",""trade_id"":""ed72b7af-293a-6ff3-8b9b-186a50a973a5"",""yes_price_dollars"":""0.3300""}"
KXETH15M-26APR281045-45,18699526-bf3a-696f-ac16-edace5801593,1777386857,0.37,1.0,yes,"{""count_fp"":""1.00"",""created_time"":""2026-04-28T14:34:17.445112Z"",""no_price_dollars"":""0.6300"",""taker_side"":""yes"",""ticker"":""KXETH15M-26APR281045-45"",""trade_id"":""18699526-bf3a-696f-ac16-edace5801593"",""yes_price_dollars"":""0.3700""}"
KXETH15M-26APR281045-45,c4628aa6-e91f-7f82-4c2c-02303baed185,1777386857,0.36,7.62,no,"{""count_fp"":""7.62"",""created_time"":""2026-04-28T14:34:17.143836Z"",""no_price_dollars"":""0.6400"",""taker_side"":""no"",""ticker"":""KXETH15M-26APR281045-45"",""trade_id"":""c4628aa6-e91f-7f82-4c2c-02303baed185"",""yes_price_dollars"":""0.3600""}"
KXETH15M-26APR281045-45,2efa3cca-f45b-5742-4597-e91efc75ab15,1777386860,0.36,13.38,no,"{""count_fp"":""13.38"",""created_time"":""2026-04-28T14:34:20.212592Z"",""no_price_dollars"":""0.6400"",""taker_side"":""no"",""ticker"":""KXETH15M-26APR281045-45"",""trade_id"":""2efa3cca-f45b-5742-4597-e91efc75ab15"",""yes_price_dollars"":""0.3600""}"
KXETH15M-26APR281045-45,9253493b-d079-7941-f710-d99c9382d01f,1777386861,0.36,2.0,yes,"{""count_fp"":""2.00"",""created_time"":""2026-04-28T14:34:21.469445Z"",""no_price_dollars"":""0.6400"",""taker_side"":""yes"",""ticker"":""KXETH15M-26APR281045-45"",""trade_id"":""9253493b-d079-7941-f710-d99c9382d01f"",""yes_price_dollars"":""0.3600""}"
KXETH15M-26APR281045-45,3712f9fa-b512-7596-4563-f6b317f71aa2,1777386862,0.34,4.0,no,"{""count_fp"":""4.00"",""created_time"":""2026-04-28T14:34:22.866738Z"",""no_price_dollars"":""0.6600"",""taker_side"":""no"",""ticker"":""KXETH15M-26APR281045-45"",""trade_id"":""3712f9fa-b512-7596-4563-f6b317f71aa2"",""yes_price_dollars"":""0.3400""}"
KXETH15M-26APR281045-45,5603ef56-4485-4b35-15b0-2d90663e9653,1777386863,0.36,12.94,yes,"{""count_fp"":""12.94"",""created_time"":""2026-04-28T14:34:23.798395Z"",""no_price_dollars"":""0.6400"",""taker_side"":""yes"",""ticker"":""KXETH15M-26APR281045-45"",""trade_id"":""5603ef56-4485-4b35-15b0-2d90663e9653"",""yes_price_dollars"":""0.3600""}"
KXETH15M-26APR281045-45,28397abb-1b46-5eca-96be-fee6446119ea,1777386864,0.34,1.0,no,"{""count_fp"":""1.00"",""created_time"":""2026-04-28T14:34:24.122727Z"",""no_price_dollars"":""0.6600"",""taker_side"":""no"",""ticker"":""KXETH15M-26APR281045-45"",""trade_id"":""28397abb-1b46-5eca-96be-fee6446119ea"",""yes_price_dollars"":""0.3400""}"
KXETH15M-26APR281045-45,86e92ce6-1363-66c0-5164-de475ffe6425,1777386865,0.35,10.0,no,"{""count_fp"":""10.00"",""created_time"":""2026-04-28T14:34:25.938202Z"",""no_price_dollars"":""0.6500"",""taker_side"":""no"",""ticker"":""KXETH15M-26APR281045-45"",""trade_id"":""86e92ce6-1363-66c0-5164-de475ffe6425"",""yes_price_dollars"":""0.3500""}"
KXETH15M-26APR281045-45,2105da85-e9d9-6034-598b-7a6809b4f065,1777386865,0.35,4.79,no,"{""count_fp"":""4.79"",""created_time"":""2026-04-28T14:34:25.938202Z"",""no_price_dollars"":""0.6500"",""taker_side"":""no"",""ticker"":""KXETH15M-26APR281045-45"",""trade_id"":""2105da85-e9d9-6034-598b-7a6809b4f065"",""yes_price_dollars"":""0.3500""}"
KXETH15M-26APR281045-45,9f1f76e0-e6c5-7abd-7460-e3892dc3bc4f,1777386865,0.36,9.0,yes,"{""count_fp"":""9.00"",""created_time"":""2026-04-28T14:34:25.223608Z"",""no_price_dollars"":""0.6400"",""taker_side"":""yes"",""ticker"":""KXETH15M-26APR281045-45"",""trade_id"":""9f1f76e0-e6c5-7abd-7460-e3892dc3bc4f"",""yes_price_dollars"":""0.3600""}"
KXETH15M-26APR281045-45,d31981a7-cf75-6104-12b4-104c4ea6edf1,1777386870,0.35,7.5,no,"{""count_fp"":""7.50"",""created_time"":""2026-04-28T14:34:30.801322Z"",""no_price_dollars"":""0.6500"",""taker_side"":""no"",""ticker"":""KXETH15M-26APR281045-45"",""trade_id"":""d31981a7-cf75-6104-12b4-104c4ea6edf1"",""yes_price_dollars"":""0.3500""}"
KXETH15M-26APR281045-45,6c9fabf8-b1e9-5498-64cc-271d00128851,1777386872,0.35,10.0,no,"{""count_fp"":""10.00"",""created_time"":""2026-04-28T14:34:32.930828Z"",""no_price_dollars"":""0.6500"",""taker_side"":""no"",""ticker"":""KXETH15M-26APR281045-45"",""trade_id"":""6c9fabf8-b1e9-5498-64cc-271d00128851"",""yes_price_dollars"":""0.3500""}"
KXETH15M-26APR281045-45,83a29d48-8ed4-4f59-a7d2-3fa263cd4ea9,1777386873,0.41,0.88,yes,"{""count_fp"":""0.88"",""created_time"":""2026-04-28T14:34:33.679254Z"",""no_price_dollars"":""0.5900"",""taker_side"":""yes"",""ticker"":""KXETH15M-26APR281045-45"",""trade_id"":""83a29d48-8ed4-4f59-a7d2-3fa263cd4ea9"",""yes_price_dollars"":""0.4100""}"
KXETH15M-26APR281045-45,32ee1064-7f74-4445-b47e-435001c931b1,1777386873,0.4,10.0,yes,"{""count_fp"":""10.00"",""created_time"":""2026-04-28T14:34:33.679254Z"",""no_price_dollars"":""0.6000"",""taker_side"":""yes"",""ticker"":""KXETH15M-26APR281045-45"",""trade_id"":""32ee1064-7f74-4445-b47e-435001c931b1"",""yes_price_dollars"":""0.4000""}"
KXETH15M-26APR281045-45,282460f5-b545-4495-a528-98c4e48d77d3,1777386873,0.36,0.68,yes,"{""count_fp"":""0.68"",""created_time"":""2026-04-28T14:34:33.679254Z"",""no_price_dollars"":""0.6400"",""taker_side"":""yes"",""ticker"":""KXETH15M-26APR281045-45"",""trade_id"":""282460f5-b545-4495-a528-98c4e48d77d3"",""yes_price_dollars"":""0.3600""}"
KXETH15M-26APR281045-45,fdfbb6d3-99a6-7528-a742-51abcb06f898,1777386878,0.33,1.0,yes,"{""count_fp"":""1.00"",""created_time"":""2026-04-28T14:34:38.574288Z"",""no_price_dollars"":""0.6700"",""taker_side"":""yes"",""ticker"":""KXETH15M-26APR281045-45"",""trade_id"":""fdfbb6d3-99a6-7528-a742-51abcb06f898"",""yes_price_dollars"":""0.3300""}"
KXETH15M-26APR281045-45,0d53688c-93b5-7e33-66f6-75b13f47cef8,1777386881,0.33,5.78,yes,"{""count_fp"":""5.78"",""created_time"":""2026-04-28T14:34:41.350581Z"",""no_price_dollars"":""0.6700"",""taker_side"":""yes"",""ticker"":""KXETH15M-26APR281045-45"",""trade_id"":""0d53688c-93b5-7e33-66f6-75b13f47cef8"",""yes_price_dollars"":""0.3300""}"
KXETH15M-26APR281045-45,1a04d5f9-a54d-66a8-62ba-886aeae84e00,1777386886,0.32,1.0,no,"{""count_fp"":""1.00"",""created_time"":""2026-04-28T14:34:46.547717Z"",""no_price_dollars"":""0.6800"",""taker_side"":""no"",""ticker"":""KXETH15M-26APR281045-45"",""trade_id"":""1a04d5f9-a54d-66a8-62ba-886aeae84e00"",""yes_price_dollars"":""0.3200""}"
KXETH15M-26APR281045-45,6ad31463-c4b1-4bf0-3ac7-c73c30f87ab0,1777386889,0.32,7.37,no,"{""count_fp"":""7.37"",""created_time"":""2026-04-28T14:34:49.265768Z"",""no_price_dollars"":""0.6800"",""taker_side"":""no"",""ticker"":""KXETH15M-26APR281045-45"",""trade_id"":""6ad31463-c4b1-4bf0-3ac7-c73c30f87ab0"",""yes_price_dollars"":""0.3200""}"
KXETH15M-26APR281045-45,6a4e01f0-ed09-6f98-addb-33b22aa29971,1777386892,0.31,20.17,no,"{""count_fp"":""20.17"",""created_time"":""2026-04-28T14:34:52.239173Z"",""no_price_dollars"":""0.6900"",""taker_side"":""no"",""ticker"":""KXETH15M-26APR281045-45"",""trade_id"":""6a4e01f0-ed09-6f98-addb-33b22aa29971"",""yes_price_dollars"":""0.3100""}"
KXETH15M-26APR281045-45,298ab092-c6f2-6397-8883-80e4cd131908,1777386892,0.31,5.0,no,"{""count_fp"":""5.00"",""created_time"":""2026-04-28T14:34:52.239173Z"",""no_price_dollars"":""0.6900"",""taker_side"":""no"",""ticker"":""KXETH15M-26APR281045-45"",""trade_id"":""298ab092-c6f2-6397-8883-80e4cd131908"",""yes_price_dollars"":""0.3100""}"
KXETH15M-26APR281045-45,17f55b12-d341-6340-a1e6-4ffa5507cb36,1777386892,0.31,10.0,no,"{""count_fp"":""10.00"",""created_time"":""2026-04-28T14:34:52.239173Z"",""no_price_dollars"":""0.6900"",""taker_side"":""no"",""ticker"":""KXETH15M-26APR281045-45"",""trade_id"":""17f55b12-d341-6340-a1e6-4ffa5507cb36"",""yes_price_dollars"":""0.3100""}"
KXETH15M-26APR281045-45,ae9ffd3b-f8d9-5f34-3773-7071e8e213a9,1777386900,0.31,1.0,no,"{""count_fp"":""1.00"",""created_time"":""2026-04-28T14:35:00.102628Z"",""no_price_dollars"":""0.6900"",""taker_side"":""no"",""ticker"":""KXETH15M-26APR281045-45"",""trade_id"":""ae9ffd3b-f8d9-5f34-3773-7071e8e213a9"",""yes_price_dollars"":""0.3100""}"
KXETH15M-26APR281045-45,ece8bbd1-0129-4d8c-1e78-58927bff64c9,1777386901,0.31,5.0,no,"{""count_fp"":""5.00"",""created_time"":""2026-04-28T14:35:01.282676Z"",""no_price_dollars"":""0.6900"",""taker_side"":""no"",""ticker"":""KXETH15M-26APR281045-45"",""trade_id"":""ece8bbd1-0129-4d8c-1e78-58927bff64c9"",""yes_price_dollars"":""0.3100""}"
KXETH15M-26APR281045-45,ebf0087e-bfb9-7ed4-7538-323aceb5e241,1777386905,0.28,204.25,no,"{""count_fp"":""204.25"",""created_time"":""2026-04-28T14:35:05.282181Z"",""no_price_dollars"":""0.7200"",""taker_side"":""no"",""ticker"":""KXETH15M-26APR281045-45"",""trade_id"":""ebf0087e-bfb9-7ed4-7538-323aceb5e241"",""yes_price_dollars"":""0.2800""}"
KXETH15M-26APR281045-45,0d3c0c9c-ff0e-568a-90ef-ffac1f058885,1777386908,0.29,3.0,yes,"{""count_fp"":""3.00"",""created_time"":""2026-04-28T14:35:08.808496Z"",""no_price_dollars"":""0.7100"",""taker_side"":""yes"",""ticker"":""KXETH15M-26APR281045-45"",""trade_id"":""0d3c0c9c-ff0e-568a-90ef-ffac1f058885"",""yes_price_dollars"":""0.2900""}"
KXETH15M-26APR281045-45,b1e1e789-0766-5b70-a9c6-a95f24bbd072,1777386908,0.26,6.63,no,"{""count_fp"":""6.63"",""created_time"":""2026-04-28T14:35:08.109711Z"",""no_price_dollars"":""0.7400"",""taker_side"":""no"",""ticker"":""KXETH15M-26APR281045-45"",""trade_id"":""b1e1e789-0766-5b70-a9c6-a95f24bbd072"",""yes_price_dollars"":""0.2600""}"
KXETH15M-26APR281045-45,f0e9a5f8-80ad-4f0f-2085-60b9f9ad3f05,1777386910,0.29,8.0,no,"{""count_fp"":""8.00"",""created_time"":""2026-04-28T14:35:10.837671Z"",""no_price_dollars"":""0.7100"",""taker_side"":""no"",""ticker"":""KXETH15M-26APR281045-45"",""trade_id"":""f0e9a5f8-80ad-4f0f-2085-60b9f9ad3f05"",""yes_price_dollars"":""0.2900""}"
KXETH15M-26APR281045-45,89dc610c-bbfd-79b0-c7a3-ea198b5d87b1,1777386911,0.28,1.0,no,"{""count_fp"":""1.00"",""created_time"":""2026-04-28T14:35:11.515567Z"",""no_price_dollars"":""0.7200"",""taker_side"":""no"",""ticker"":""KXETH15M-26APR281045-45"",""trade_id"":""89dc610c-bbfd-79b0-c7a3-ea198b5d87b1"",""yes_price_dollars"":""0.2800""}"
KXETH15M-26APR281045-45,c8c82598-e38b-79cf-1b68-ac98dfa2173b,1777386919,0.25,21.0,no,"{""count_fp"":""21.00"",""created_time"":""2026-04-28T14:35:19.921755Z"",""no_price_dollars"":""0.7500"",""taker_side"":""no"",""ticker"":""KXETH15M-26APR281045-45"",""trade_id"":""c8c82598-e38b-79cf-1b68-ac98dfa2173b"",""yes_price_dollars"":""0.2500""}"
KXETH15M-26APR281045-45,33bc7c8f-3ece-4eec-1e5a-09874ea76854,1777386922,0.27,14.0,yes,"{""count_fp"":""14.00"",""created_time"":""2026-04-28T14:35:22.981044Z"",""no_price_dollars"":""0.7300"",""taker_side"":""yes"",""ticker"":""KXETH15M-26APR281045-45"",""trade_id"":""33bc7c8f-3ece-4eec-1e5a-09874ea76854"",""yes_price_dollars"":""0.2700""}"
KXETH15M-26APR281045-45,c8a3df0a-d87c-5e25-68a6-066f742d49d3,1777386923,0.25,6.54,no,"{""count_fp"":""6.54"",""created_time"":""2026-04-28T14:35:23.355068Z"",""no_price_dollars"":""0.7500"",""taker_side"":""no"",""ticker"":""KXETH15M-26APR281045-45"",""trade_id"":""c8a3df0a-d87c-5e25-68a6-066f742d49d3"",""yes_price_dollars"":""0.2500""}"
KXETH15M-26APR281045-45,fe13f139-ff52-700c-4b59-189087ff7720,1777386926,0.25,13.1,no,"{""count_fp"":""13.10"",""created_time"":""2026-04-28T14:35:26.595804Z"",""no_price_dollars"":""0.7500"",""taker_side"":""no"",""ticker"":""KXETH15M-26APR281045-45"",""trade_id"":""fe13f139-ff52-700c-4b59-189087ff7720"",""yes_price_dollars"":""0.2500""}"
KXETH15M-26APR281045-45,f4b61c24-f19e-5444-9f0b-51a34ec9ff0c,1777386926,0.25,1.55,no,"{""count_fp"":""1.55"",""created_time"":""2026-04-28T14:35:26.567613Z"",""no_price_dollars"":""0.7500"",""taker_side"":""no"",""ticker"":""KXETH15M-26APR281045-45"",""trade_id"":""f4b61c24-f19e-5444-9f0b-51a34ec9ff0c"",""yes_price_dollars"":""0.2500""}"
KXETH15M-26APR281045-45,74f1865b-073d-5a59-921b-66c5e131f654,1777386926,0.25,5.0,no,"{""count_fp"":""5.00"",""created_time"":""2026-04-28T14:35:26.567613Z"",""no_price_dollars"":""0.7500"",""taker_side"":""no"",""ticker"":""KXETH15M-26APR281045-45"",""trade_id"":""74f1865b-073d-5a59-921b-66c5e131f654"",""yes_price_dollars"":""0.2500""}"
KXETH15M-26APR281045-45,2f85db93-25fe-5880-94af-2b946232dc9c,1777386929,0.25,19.59,no,"{""count_fp"":""19.59"",""created_time"":""2026-04-28T14:35:29.762754Z"",""no_price_dollars"":""0.7500"",""taker_side"":""no"",""ticker"":""KXETH15M-26APR281045-45"",""trade_id"":""2f85db93-25fe-5880-94af-2b946232dc9c"",""yes_price_dollars"":""0.2500""}"
KXETH15M-26APR281045-45,a0cdb777-2df2-57c4-c304-cbb49b96327c,1777386930,0.25,2.62,no,"{""count_fp"":""2.62"",""created_time"":""2026-04-28T14:35:30.082208Z"",""no_price_dollars"":""0.7500"",""taker_side"":""no"",""ticker"":""KXETH15M-26APR281045-45"",""trade_id"":""a0cdb777-2df2-57c4-c304-cbb49b96327c"",""yes_price_dollars"":""0.2500""}"
KXETH15M-26APR281045-45,37e77a9a-4d9a-6e50-8c4d-bd6b754c957c,1777386932,0.25,1.0,no,"{""count_fp"":""1.00"",""created_time"":""2026-04-28T14:35:32.518959Z"",""no_price_dollars"":""0.7500"",""taker_side"":""no"",""ticker"":""KXETH15M-26APR281045-45"",""trade_id"":""37e77a9a-4d9a-6e50-8c4d-bd6b754c957c"",""yes_price_dollars"":""0.2500""}"
KXETH15M-26APR281045-45,2ff4e14e-46a6-74c0-ebd7-b23abaf8483c,1777386932,0.26,3.65,yes,"{""count_fp"":""3.65"",""created_time"":""2026-04-28T14:35:32.375137Z"",""no_price_dollars"":""0.7400"",""taker_side"":""yes"",""ticker"":""KXETH15M-26APR281045-45"",""trade_id"":""2ff4e14e-46a6-74c0-ebd7-b23abaf8483c"",""yes_price_dollars"":""0.2600""}"
KXETH15M-26APR281045-45,30167925-5b9a-6ea0-46ed-f5c8dfdd2df8,1777386934,0.25,5.0,no,"{""count_fp"":""5.00"",""created_time"":""2026-04-28T14:35:34.092543Z"",""no_price_dollars"":""0.7500"",""taker_side"":""no"",""ticker"":""KXETH15M-26APR281045-45"",""trade_id"":""30167925-5b9a-6ea0-46ed-f5c8dfdd2df8"",""yes_price_dollars"":""0.2500""}"
KXETH15M-26APR281045-45,d5d5cb1b-b232-6508-102f-c4e7adfc0db8,1777386936,0.25,1.0,no,"{""count_fp"":""1.00"",""created_time"":""2026-04-28T14:35:36.586162Z"",""no_price_dollars"":""0.7500"",""taker_side"":""no"",""ticker"":""KXETH15M-26APR281045-45"",""trade_id"":""d5d5cb1b-b232-6508-102f-c4e7adfc0db8"",""yes_price_dollars"":""0.2500""}"
KXETH15M-26APR281045-45,a868801b-edaa-5d74-555f-4d16a796c07c,1777386936,0.25,65.52,no,"{""count_fp"":""65.52"",""created_time"":""2026-04-28T14:35:36.223595Z"",""no_price_dollars"":""0.7500"",""taker_side"":""no"",""ticker"":""KXETH15M-26APR281045-45"",""trade_id"":""a868801b-edaa-5d74-555f-4d16a796c07c"",""yes_price_dollars"":""0.2500""}"
KXETH15M-26APR281045-45,ca1ea4ad-2da2-7c18-a765-29b8b3f4e084,1777386937,0.25,89.0,no,"{""count_fp"":""89.00"",""created_time"":""2026-04-28T14:35:37.844194Z"",""no_price_dollars"":""0.7500"",""taker_side"":""no"",""ticker"":""KXETH15M-26APR281045-45"",""trade_id"":""ca1ea4ad-2da2-7c18-a765-29b8b3f4e084"",""yes_price_dollars"":""0.2500""}"
KXETH15M-26APR281045-45,3c95909d-1b0e-7458-078e-8976d2e1a9b0,1777386939,0.25,0.62,no,"{""count_fp"":""0.62"",""created_time"":""2026-04-28T14:35:39.067257Z"",""no_price_dollars"":""0.7500"",""taker_side"":""no"",""ticker"":""KXETH15M-26APR281045-45"",""trade_id"":""3c95909d-1b0e-7458-078e-8976d2e1a9b0"",""yes_price_dollars"":""0.2500""}"
KXETH15M-26APR281045-45,7f564ba7-dab2-6980-ffb8-584571602078,1777386940,0.21,25.0,yes,"{""count_fp"":""25.00"",""created_time"":""2026-04-28T14:35:40.996566Z"",""no_price_dollars"":""0.7900"",""taker_side"":""yes"",""ticker"":""KXETH15M-26APR281045-45"",""trade_id"":""7f564ba7-dab2-6980-ffb8-584571602078"",""yes_price_dollars"":""0.2100""}"
KXETH15M-26APR281045-45,85f7b7c4-b3cd-779d-26df-7b0d8e7523b0,1777386940,0.19,9.0,no,"{""count_fp"":""9.00"",""created_time"":""2026-04-28T14:35:40.609122Z"",""no_price_dollars"":""0.8100"",""taker_side"":""no"",""ticker"":""KXETH15M-26APR281045-45"",""trade_id"":""85f7b7c4-b3cd-779d-26df-7b0d8e7523b0"",""yes_price_dollars"":""0.1900""}"
KXETH15M-26APR281045-45,48342f4a-49ad-7b98-19b2-15d239e94a9d,1777386940,0.19,1.0,no,"{""count_fp"":""1.00"",""created_time"":""2026-04-28T14:35:40.609122Z"",""no_price_dollars"":""0.8100"",""taker_side"":""no"",""ticker"":""KXETH15M-26APR281045-45"",""trade_id"":""48342f4a-49ad-7b98-19b2-15d239e94a9d"",""yes_price_dollars"":""0.1900""}"
KXETH15M-26APR281045-45,09a7431e-1df0-6d7c-fb1d-d70720243431,1777386941,0.18,4.0,no,"{""count_fp"":""4.00"",""created_time"":""2026-04-28T14:35:41.612495Z"",""no_price_dollars"":""0.8200"",""taker_side"":""no"",""ticker"":""KXETH15M-26APR281045-45"",""trade_id"":""09a7431e-1df0-6d7c-fb1d-d70720243431"",""yes_price_dollars"":""0.1800""}"
KXETH15M-26APR281045-45,66a44466-34e5-7d5d-d619-48d08f2d68e4,1777386941,0.19,1.0,no,"{""count_fp"":""1.00"",""created_time"":""2026-04-28T14:35:41.258223Z"",""no_price_dollars"":""0.8100"",""taker_side"":""no"",""ticker"":""KXETH15M-26APR281045-45"",""trade_id"":""66a44466-34e5-7d5d-d619-48d08f2d68e4"",""yes_price_dollars"":""0.1900""}"
KXETH15M-26APR281045-45,c505aead-8fb8-5438-875e-981d792ecefd,1777386945,0.18,1.0,no,"{""count_fp"":""1.00"",""created_time"":""2026-04-28T14:35:45.067936Z"",""no_price_dollars"":""0.8200"",""taker_side"":""no"",""ticker"":""KXETH15M-26APR281045-45"",""trade_id"":""c505aead-8fb8-5438-875e-981d792ecefd"",""yes_price_dollars"":""0.1800""}"
KXETH15M-26APR281045-45,b0d7537a-b071-5fe1-a171-1f13395388a6,1777386945,0.17,1.0,no,"{""count_fp"":""1.00"",""created_time"":""2026-04-28T14:35:45.067936Z"",""no_price_dollars"":""0.8300"",""taker_side"":""no"",""ticker"":""KXETH15M-26APR281045-45"",""trade_id"":""b0d7537a-b071-5fe1-a171-1f13395388a6"",""yes_price_dollars"":""0.1700""}"
KXETH15M-26APR281045-45,575f4a91-a310-5750-a6b9-1045a959244b,1777386945,0.17,3.0,no,"{""count_fp"":""3.00"",""created_time"":""2026-04-28T14:35:45.067936Z"",""no_price_dollars"":""0.8300"",""taker_side"":""no"",""ticker"":""KXETH15M-26APR281045-45"",""trade_id"":""575f4a91-a310-5750-a6b9-1045a959244b"",""yes_price_dollars"":""0.1700""}"
KXETH15M-26APR281045-45,8bc855d1-2a60-4200-0ea6-fbb059108cc0,1777386946,0.11,69.0,no,"{""count_fp"":""69.00"",""created_time"":""2026-04-28T14:35:46.524407Z"",""no_price_dollars"":""0.8900"",""taker_side"":""no"",""ticker"":""KXETH15M-26APR281045-45"",""trade_id"":""8bc855d1-2a60-4200-0ea6-fbb059108cc0"",""yes_price_dollars"":""0.1100""}"
KXETH15M-26APR281045-45,f2d1fc8f-96e3-4eba-9fc8-08441f0e2235,1777386946,0.11,1.0,no,"{""count_fp"":""1.00"",""created_time"":""2026-04-28T14:35:46.523854Z"",""no_price_dollars"":""0.8900"",""taker_side"":""no"",""ticker"":""KXETH15M-26APR281045-45"",""trade_id"":""f2d1fc8f-96e3-4eba-9fc8-08441f0e2235"",""yes_price_dollars"":""0.1100""}"
KXETH15M-26APR281045-45,73d955b3-9b28-44a8-8a9f-28ef183c399c,1777386946,0.11,154.0,no,"{""count_fp"":""154.00"",""created_time"":""2026-04-28T14:35:46.523854Z"",""no_price_dollars"":""0.8900"",""taker_side"":""no"",""ticker"":""KXETH15M-26APR281045-45"",""trade_id"":""73d955b3-9b28-44a8-8a9f-28ef183c399c"",""yes_price_dollars"":""0.1100""}"
KXETH15M-26APR281045-45,67249676-8638-4376-b00f-526219db4f19,1777386946,0.11,22.0,no,"{""count_fp"":""22.00"",""created_time"":""2026-04-28T14:35:46.523854Z"",""no_price_dollars"":""0.8900"",""taker_side"":""no"",""ticker"":""KXETH15M-26APR281045-45"",""trade_id"":""67249676-8638-4376-b00f-526219db4f19"",""yes_price_dollars"":""0.1100""}"
KXETH15M-26APR281045-45,5b4f8bfa-67ef-4004-80b3-d0ca79c98b6c,1777386946,0.12,3.0,no,"{""count_fp"":""3.00"",""created_time"":""2026-04-28T14:35:46.523854Z"",""no_price_dollars"":""0.8800"",""taker_side"":""no"",""ticker"":""KXETH15M-26APR281045-45"",""trade_id"":""5b4f8bfa-67ef-4004-80b3-d0ca79c98b6c"",""yes_price_dollars"":""0.1200""}"
KXETH15M-26APR281045-45,13336b85-a890-4ad0-b653-c1c875a50ac4,1777386946,0.11,331.0,no,"{""count_fp"":""331.00"",""created_time"":""2026-04-28T14:35:46.523854Z"",""no_price_dollars"":""0.8900"",""taker_side"":""no"",""ticker"":""KXETH15M-26APR281045-45"",""trade_id"":""13336b85-a890-4ad0-b653-c1c875a50ac4"",""yes_price_dollars"":""0.1100""}"
KXETH15M-26APR281045-45,3af81a63-0ce7-4aaf-7332-b4cefdfb4c30,1777386946,0.13,57.0,no,"{""count_fp"":""57.00"",""created_time"":""2026-04-28T14:35:46.393115Z"",""no_price_dollars"":""0.8700"",""taker_side"":""no"",""ticker"":""KXETH15M-26APR281045-45"",""trade_id"":""3af81a63-0ce7-4aaf-7332-b4cefdfb4c30"",""yes_price_dollars"":""0.1300""}"
KXETH15M-26APR281045-45,2d88d570-10b5-43cd-7e79-4655c7e09f66,1777386946,0.13,6.0,no,"{""count_fp"":""6.00"",""created_time"":""2026-04-28T14:35:46.393115Z"",""no_price_dollars"":""0.8700"",""taker_side"":""no"",""ticker"":""KXETH15M-26APR281045-45"",""trade_id"":""2d88d570-10b5-43cd-7e79-4655c7e09f66"",""yes_price_dollars"":""0.1300""}"
KXETH15M-26APR281045-45,a85cf033-01f0-42c9-2aea-65ae67cd5637,1777386946,0.15,10.0,no,"{""count_fp"":""10.00"",""created_time"":""2026-04-28T14:35:46.060485Z"",""no_price_dollars"":""0.8500"",""taker_side"":""no"",""ticker"":""KXETH15M-26APR281045-45"",""trade_id"":""a85cf033-01f0-42c9-2aea-65ae67cd5637"",""yes_price_dollars"":""0.1500""}"
KXETH15M-26APR281045-45,e7815e2e-373e-5472-c3ad-9dd49a4f92f1,1777386946,0.16,1.0,no,"{""count_fp"":""1.00"",""created_time"":""2026-04-28T14:35:46.057612Z"",""no_price_dollars"":""0.8400"",""taker_side"":""no"",""ticker"":""KXETH15M-26APR281045-45"",""trade_id"":""e7815e2e-373e-5472-c3ad-9dd49a4f92f1"",""yes_price_dollars"":""0.1600""}"
KXETH15M-26APR281045-45,b4a22eb5-21a9-5251-f02c-def24db35a8f,1777386946,0.16,1.0,no,"{""count_fp"":""1.00"",""created_time"":""2026-04-28T14:35:46.057612Z"",""no_price_dollars"":""0.8400"",""taker_side"":""no"",""ticker"":""KXETH15M-26APR281045-45"",""trade_id"":""b4a22eb5-21a9-5251-f02c-def24db35a8f"",""yes_price_dollars"":""0.1600""}"
KXETH15M-26APR281045-45,a45faf29-acd5-5fc1-a6c7-dc0e13381746,1777386946,0.17,16.0,no,"{""count_fp"":""16.00"",""created_time"":""2026-04-28T14:35:46.041914Z"",""no_price_dollars"":""0.8300"",""taker_side"":""no"",""ticker"":""KXETH15M-26APR281045-45"",""trade_id"":""a45faf29-acd5-5fc1-a6c7-dc0e13381746"",""yes_price_dollars"":""0.1700""}"
KXETH15M-26APR281045-45,10a98479-215d-5b4f-85cb-53d1527ff536,1777386946,0.17,3.0,no,"{""count_fp"":""3.00"",""created_time"":""2026-04-28T14:35:46.041914Z"",""no_price_dollars"":""0.8300"",""taker_side"":""no"",""ticker"":""KXETH15M-26APR281045-45"",""trade_id"":""10a98479-215d-5b4f-85cb-53d1527ff536"",""yes_price_dollars"":""0.1700""}"
KXETH15M-26APR281045-45,d40e2f0d-1f7c-6cf2-14fa-42ed1d4e6508,1777386947,0.1,1.0,no,"{""count_fp"":""1.00"",""created_time"":""2026-04-28T14:35:47.564978Z"",""no_price_dollars"":""0.9000"",""taker_side"":""no"",""ticker"":""KXETH15M-26APR281045-45"",""trade_id"":""d40e2f0d-1f7c-6cf2-14fa-42ed1d4e6508"",""yes_price_dollars"":""0.1000""}"
KXETH15M-26APR281045-45,fc183da4-f9f3-6a59-74b8-d892536f7692,1777386948,0.1,10.0,no,"{""count_fp"":""10.00"",""created_time"":""2026-04-28T14:35:48.482444Z"",""no_price_dollars"":""0.9000"",""taker_side"":""no"",""ticker"":""KXETH15M-26APR281045-45"",""trade_id"":""fc183da4-f9f3-6a59-74b8-d892536f7692"",""yes_price_dollars"":""0.1000""}"
KXETH15M-26APR281045-45,8165cdd1-9245-678f-7b89-cff6c438f689,1777386948,0.1,69.0,no,"{""count_fp"":""69.00"",""created_time"":""2026-04-28T14:35:48.482444Z"",""no_price_dollars"":""0.9000"",""taker_side"":""no"",""ticker"":""KXETH15M-26APR281045-45"",""trade_id"":""8165cdd1-9245-678f-7b89-cff6c438f689"",""yes_price_dollars"":""0.1000""}"
KXETH15M-26APR281045-45,5a499672-6991-62e4-6342-185a90b09827,1777386948,0.1,3.0,no,"{""count_fp"":""3.00"",""created_time"":""2026-04-28T14:35:48.482444Z"",""no_price_dollars"":""0.9000"",""taker_side"":""no"",""ticker"":""KXETH15M-26APR281045-45"",""trade_id"":""5a499672-6991-62e4-6342-185a90b09827"",""yes_price_dollars"":""0.1000""}"
KXETH15M-26APR281045-45,32c6953c-2c05-6b06-6970-8fd63da3d53a,1777386948,0.1,1.0,no,"{""count_fp"":""1.00"",""created_time"":""2026-04-28T14:35:48.482444Z"",""no_price_dollars"":""0.9000"",""taker_side"":""no"",""ticker"":""KXETH15M-26APR281045-45"",""trade_id"":""32c6953c-2c05-6b06-6970-8fd63da3d53a"",""yes_price_dollars"":""0.1000""}"
KXETH15M-26APR281045-45,1c7bab9f-6393-67e3-529f-5c875e2973f9,1777386948,0.1,4.0,no,"{""count_fp"":""4.00"",""created_time"":""2026-04-28T14:35:48.482444Z"",""no_price_dollars"":""0.9000"",""taker_side"":""no"",""ticker"":""KXETH15M-26APR281045-45"",""trade_id"":""1c7bab9f-6393-67e3-529f-5c875e2973f9"",""yes_price_dollars"":""0.1000""}"
KXETH15M-26APR281045-45,74bdf62a-feed-6e67-333a-1bd14ce9ed2d,1777386948,0.1,1.0,no,"{""count_fp"":""1.00"",""created_time"":""2026-04-28T14:35:48.189544Z"",""no_price_dollars"":""0.9000"",""taker_side"":""no"",""ticker"":""KXETH15M-26APR281045-45"",""trade_id"":""74bdf62a-feed-6e67-333a-1bd14ce9ed2d"",""yes_price_dollars"":""0.1000""}"
KXETH15M-26APR281045-45,ef0bf6bc-a2dd-7440-c823-f63de02fc169,1777386949,0.099,10.0,yes,"{""count_fp"":""10.00"",""created_time"":""2026-04-28T14:35:49.349139Z"",""no_price_dollars"":""0.9010"",""taker_side"":""yes"",""ticker"":""KXETH15M-26APR281045-45"",""trade_id"":""ef0bf6bc-a2dd-7440-c823-f63de02fc169"",""yes_price_dollars"":""0.0990""}"
KXETH15M-26APR281045-45,e0062a2b-adc6-7474-c553-55043135013b,1777386949,0.1,10.0,yes,"{""count_fp"":""10.00"",""created_time"":""2026-04-28T14:35:49.349139Z"",""no_price_dollars"":""0.9000"",""taker_side"":""yes"",""ticker"":""KXETH15M-26APR281045-45"",""trade_id"":""e0062a2b-adc6-7474-c553-55043135013b"",""yes_price_dollars"":""0.1000""}"
KXETH15M-26APR281045-45,457b64c3-4222-62c7-e771-62c3d474651a,1777386951,0.11,1.0,no,"{""count_fp"":""1.00"",""created_time"":""2026-04-28T14:35:51.809726Z"",""no_price_dollars"":""0.8900"",""taker_side"":""no"",""ticker"":""KXETH15M-26APR281045-45"",""trade_id"":""457b64c3-4222-62c7-e771-62c3d474651a"",""yes_price_dollars"":""0.1100""}"
KXETH15M-26APR281045-45,e09275ef-3f4b-612d-c76f-a5017f0600d1,1777386951,0.13,200.0,yes,"{""count_fp"":""200.00"",""created_time"":""2026-04-28T14:35:51.245571Z"",""no_price_dollars"":""0.8700"",""taker_side"":""yes"",""ticker"":""KXETH15M-26APR281045-45"",""trade_id"":""e09275ef-3f4b-612d-c76f-a5017f0600d1"",""yes_price_dollars"":""0.1300""}"
KXETH15M-26APR281045-45,ac064b5b-5f5f-6d7b-ca69-31f7747fa7fb,1777386951,0.13,217.0,yes,"{""count_fp"":""217.00"",""created_time"":""2026-04-28T14:35:51.245571Z"",""no_price_dollars"":""0.8700"",""taker_side"":""yes"",""ticker"":""KXETH15M-26APR281045-45"",""trade_id"":""ac064b5b-5f5f-6d7b-ca69-31f7747fa7fb"",""yes_price_dollars"":""0.1300""}"
KXETH15M-26APR281045-45,1978e77b-561e-6244-d462-843d950f8dd6,1777386952,0.2,4.0,yes,"{""count_fp"":""4.00"",""created_time"":""2026-04-28T14:35:52.800662Z"",""no_price_dollars"":""0.8000"",""taker_side"":""yes"",""ticker"":""KXETH15M-26APR281045-45"",""trade_id"":""1978e77b-561e-6244-d462-843d950f8dd6"",""yes_price_dollars"":""0.2000""}"
KXETH15M-26APR281045-45,9d6f1580-7ba4-5406-ddec-7a9d68c6c167,1777386952,0.19,50.0,yes,"{""count_fp"":""50.00"",""created_time"":""2026-04-28T14:35:52.678568Z"",""no_price_dollars"":""0.8100"",""taker_side"":""yes"",""ticker"":""KXETH15M-26APR281045-45"",""trade_id"":""9d6f1580-7ba4-5406-ddec-7a9d68c6c167"",""yes_price_dollars"":""0.1900""}"
KXETH15M-26APR281045-45,6569faa4-0868-67cd-4d8c-94e26aec8ac3,1777386952,0.18,50.0,no,"{""count_fp"":""50.00"",""created_time"":""2026-04-28T14:35:52.664289Z"",""no_price_dollars"":""0.8200"",""taker_side"":""no"",""ticker"":""KXETH15M-26APR281045-45"",""trade_id"":""6569faa4-0868-67cd-4d8c-94e26aec8ac3"",""yes_price_dollars"":""0.1800""}"
KXETH15M-26APR281045-45,747ce0f0-1895-7024-867a-bfbc7fbcff46,1777386952,0.18,50.0,yes,"{""count_fp"":""50.00"",""created_time"":""2026-04-28T14:35:52.650467Z"",""no_price_dollars"":""0.8200"",""taker_side"":""yes"",""ticker"":""KXETH15M-26APR281045-45"",""trade_id"":""747ce0f0-1895-7024-867a-bfbc7fbcff46"",""yes_price_dollars"":""0.1800""}"
KXETH15M-26APR281045-45,455ca71f-6e56-7bb7-886b-65f0b5f91c54,1777386952,0.19,5.0,yes,"{""count_fp"":""5.00"",""created_time"":""2026-04-28T14:35:52.650467Z"",""no_price_dollars"":""0.8100"",""taker_side"":""yes"",""ticker"":""KXETH15M-26APR281045-45"",""trade_id"":""455ca71f-6e56-7bb7-886b-65f0b5f91c54"",""yes_price_dollars"":""0.1900""}"
KXETH15M-26APR281045-45,3036c763-9ade-6fdb-553d-591faf2b43de,1777386952,0.18,233.0,yes,"{""count_fp"":""233.00"",""created_time"":""2026-04-28T14:35:52.573326Z"",""no_price_dollars"":""0.8200"",""taker_side"":""yes"",""ticker"":""KXETH15M-26APR281045-45"",""trade_id"":""3036c763-9ade-6fdb-553d-591faf2b43de"",""yes_price_dollars"":""0.1800""}"
KXETH15M-26APR281045-45,b26774ee-36ba-7d4c-87b4-5f20962fbe00,1777386952,0.16,4.0,yes,"{""count_fp"":""4.00"",""created_time"":""2026-04-28T14:35:52.086178Z"",""no_price_dollars"":""0.8400"",""taker_side"":""yes"",""ticker"":""KXETH15M-26APR281045-45"",""trade_id"":""b26774ee-36ba-7d4c-87b4-5f20962fbe00"",""yes_price_dollars"":""0.1600""}"
KXETH15M-26APR281045-45,a6194853-01b4-7aea-8ba7-cfb7965ef82d,1777386952,0.16,10.0,yes,"{""count_fp"":""10.00"",""created_time"":""2026-04-28T14:35:52.086178Z"",""no_price_dollars"":""0.8400"",""taker_side"":""yes"",""ticker"":""KXETH15M-26APR281045-45"",""trade_id"":""a6194853-01b4-7aea-8ba7-cfb7965ef82d"",""yes_price_dollars"":""0.1600""}"
KXETH15M-26APR281045-45,511a92e3-137e-45e3-a901-835f4eea7c76,1777386953,0.15,10.0,no,"{""count_fp"":""10.00"",""created_time"":""2026-04-28T14:35:53.928024Z"",""no_price_dollars"":""0.8500"",""taker_side"":""no"",""ticker"":""KXETH15M-26APR281045-45"",""trade_id"":""511a92e3-137e-45e3-a901-835f4eea7c76"",""yes_price_dollars"":""0.1500""}"
KXETH15M-26APR281045-45,cb3d9062-0005-799c-e834-8fc6694f441f,1777386953,0.16,379.0,no,"{""count_fp"":""379.00"",""created_time"":""2026-04-28T14:35:53.890485Z"",""no_price_dollars"":""0.8400"",""taker_side"":""no"",""ticker"":""KXETH15M-26APR281045-45"",""trade_id"":""cb3d9062-0005-799c-e834-8fc6694f441f"",""yes_price_dollars"":""0.1600""}"
KXETH15M-26APR281045-45,12f8f53b-7269-4544-19c6-7e874b776dff,1777386953,0.16,10.0,no,"{""count_fp"":""10.00"",""created_time"":""2026-04-28T14:35:53.887236Z"",""no_price_dollars"":""0.8400"",""taker_side"":""no"",""ticker"":""KXETH15M-26APR281045-45"",""trade_id"":""12f8f53b-7269-4544-19c6-7e874b776dff"",""yes_price_dollars"":""0.1600""}"
KXETH15M-26APR281045-45,30948034-0c5f-442e-5caa-c295468154c4,1777386953,0.16,11.0,no,"{""count_fp"":""11.00"",""created_time"":""2026-04-28T14:35:53.810483Z"",""no_price_dollars"":""0.8400"",""taker_side"":""no"",""ticker"":""KXETH15M-26APR281045-45"",""trade_id"":""30948034-0c5f-442e-5caa-c295468154c4"",""yes_price_dollars"":""0.1600""}"
KXETH15M-26APR281045-45,d04c1e87-da92-796b-2c6e-cfb380899ee2,1777386953,0.18,1.0,no,"{""count_fp"":""1.00"",""created_time"":""2026-04-28T14:35:53.370877Z"",""no_price_dollars"":""0.8200"",""taker_side"":""no"",""ticker"":""KXETH15M-26APR281045-45"",""trade_id"":""d04c1e87-da92-796b-2c6e-cfb380899ee2"",""yes_price_dollars"":""0.1800""}"
KXETH15M-26APR281045-45,990eac70-318b-75c0-0bbb-450111ac018c,1777386953,0.19,20.0,no,"{""count_fp"":""20.00"",""created_time"":""2026-04-28T14:35:53.370877Z"",""no_price_dollars"":""0.8100"",""taker_side"":""no"",""ticker"":""KXETH15M-26APR281045-45"",""trade_id"":""990eac70-318b-75c0-0bbb-450111ac018c"",""yes_price_dollars"":""0.1900""}"
KXETH15M-26APR281045-45,5dc922e7-865c-70aa-1c9e-613d3f6e73d2,1777386953,0.2,5.0,no,"{""count_fp"":""5.00"",""created_time"":""2026-04-28T14:35:53.370877Z"",""no_price_dollars"":""0.8000"",""taker_side"":""no"",""ticker"":""KXETH15M-26APR281045-45"",""trade_id"":""5dc922e7-865c-70aa-1c9e-613d3f6e73d2"",""yes_price_dollars"":""0.2000""}"
KXETH15M-26APR281045-45,8f5501f9-3641-52cd-6f4b-3332ca965dd1,1777386954,0.12,5.0,no,"{""count_fp"":""5.00"",""created_time"":""2026-04-28T14:35:54.522968Z"",""no_price_dollars"":""0.8800"",""taker_side"":""no"",""ticker"":""KXETH15M-26APR281045-45"",""trade_id"":""8f5501f9-3641-52cd-6f4b-3332ca965dd1"",""yes_price_dollars"":""0.1200""}"
KXETH15M-26APR281045-45,bafaa37c-05f1-6b49-be75-dfb38ba87f01,1777386955,0.12,5.0,no,"{""count_fp"":""5.00"",""created_time"":""2026-04-28T14:35:55.515888Z"",""no_price_dollars"":""0.8800"",""taker_side"":""no"",""ticker"":""KXETH15M-26APR281045-45"",""trade_id"":""bafaa37c-05f1-6b49-be75-dfb38ba87f01"",""yes_price_dollars"":""0.1200""}"
KXETH15M-26APR281045-45,be24eaf4-2d69-6785-683a-ef2c85e266d9,1777386956,0.12,6.0,no,"{""count_fp"":""6.00"",""created_time"":""2026-04-28T14:35:56.529369Z"",""no_price_dollars"":""0.8800"",""taker_side"":""no"",""ticker"":""KXETH15M-26APR281045-45"",""trade_id"":""be24eaf4-2d69-6785-683a-ef2c85e266d9"",""yes_price_dollars"":""0.1200""}"
KXETH15M-26APR281045-45,c22b64c2-a4e8-52a2-547f-7f9e72b589a5,1777386960,0.15,10.0,no,"{""count_fp"":""10.00"",""created_time"":""2026-04-28T14:36:00.954329Z"",""no_price_dollars"":""0.8500"",""taker_side"":""no"",""ticker"":""KXETH15M-26APR281045-45"",""trade_id"":""c22b64c2-a4e8-52a2-547f-7f9e72b589a5"",""yes_price_dollars"":""0.1500""}"
KXETH15M-26APR281045-45,1c80f28a-e00b-5603-5198-4146dc292cfc,1777386960,0.15,1.0,no,"{""count_fp"":""1.00"",""created_time"":""2026-04-28T14:36:00.954329Z"",""no_price_dollars"":""0.8500"",""taker_side"":""no"",""ticker"":""KXETH15M-26APR281045-45"",""trade_id"":""1c80f28a-e00b-5603-5198-4146dc292cfc"",""yes_price_dollars"":""0.1500""}"
KXETH15M-26APR281045-45,a93d0465-1667-69af-ed64-760be2495924,1777386960,0.15,3.0,no,"{""count_fp"":""3.00"",""created_time"":""2026-04-28T14:36:00.138844Z"",""no_price_dollars"":""0.8500"",""taker_side"":""no"",""ticker"":""KXETH15M-26APR281045-45"",""trade_id"":""a93d0465-1667-69af-ed64-760be2495924"",""yes_price_dollars"":""0.1500""}"
KXETH15M-26APR281045-45,ae21b7e2-a1e2-71f8-c0b0-166bee313af1,1777386963,0.17,2.77,yes,"{""count_fp"":""2.77"",""created_time"":""2026-04-28T14:36:03.665088Z"",""no_price_dollars"":""0.8300"",""taker_side"":""yes"",""ticker"":""KXETH15M-26APR281045-45"",""trade_id"":""ae21b7e2-a1e2-71f8-c0b0-166bee313af1"",""yes_price_dollars"":""0.1700""}"
KXETH15M-26APR281045-45,67b1f461-3c33-7c83-1d31-6d7360d316a0,1777386963,0.16,1.0,no,"{""count_fp"":""1.00"",""created_time"":""2026-04-28T14:36:03.439053Z"",""no_price_dollars"":""0.8400"",""taker_side"":""no"",""ticker"":""KXETH15M-26APR281045-45"",""trade_id"":""67b1f461-3c33-7c83-1d31-6d7360d316a0"",""yes_price_dollars"":""0.1600""}"
KXETH15M-26APR281045-45,c51827f3-d78b-7237-83eb-f686c742f0ec,1777386964,0.16,15.0,no,"{""count_fp"":""15.00"",""created_time"":""2026-04-28T14:36:04.060009Z"",""no_price_dollars"":""0.8400"",""taker_side"":""no"",""ticker"":""KXETH15M-26APR281045-45"",""trade_id"":""c51827f3-d78b-7237-83eb-f686c742f0ec"",""yes_price_dollars"":""0.1600""}"
KXETH15M-26APR281045-45,b783e817-37ac-5a58-321a-d9c1aa614985,1777386965,0.16,27.0,yes,"{""count_fp"":""27.00"",""created_time"":""2026-04-28T14:36:05.102997Z"",""no_price_dollars"":""0.8400"",""taker_side"":""yes"",""ticker"":""KXETH15M-26APR281045-45"",""trade_id"":""b783e817-37ac-5a58-321a-d9c1aa614985"",""yes_price_dollars"":""0.1600""}"
KXETH15M-26APR281045-45,8cdb3cf8-2c7a-7284-c293-1241e22a8337,1777386969,0.11,5.0,no,"{""count_fp"":""5.00"",""created_time"":""2026-04-28T14:36:09.493509Z"",""no_price_dollars"":""0.8900"",""taker_side"":""no"",""ticker"":""KXETH15M-26APR281045-45"",""trade_id"":""8cdb3cf8-2c7a-7284-c293-1241e22a8337"",""yes_price_dollars"":""0.1100""}"
KXETH15M-26APR281045-45,423b4d86-97dd-7891-f575-3635dffa7741,1777386969,0.11,50.0,no,"{""count_fp"":""50.00"",""created_time"":""2026-04-28T14:36:09.493509Z"",""no_price_dollars"":""0.8900"",""taker_side"":""no"",""ticker"":""KXETH15M-26APR281045-45"",""trade_id"":""423b4d86-97dd-7891-f575-3635dffa7741"",""yes_price_dollars"":""0.1100""}"
KXETH15M-26APR281045-45,68a371dc-2d5e-5816-5f0c-17f4f172d2c1,1777386974,0.12,5.0,yes,"{""count_fp"":""5.00"",""created_time"":""2026-04-28T14:36:14.244528Z"",""no_price_dollars"":""0.8800"",""taker_side"":""yes"",""ticker"":""KXETH15M-26APR281045-45"",""trade_id"":""68a371dc-2d5e-5816-5f0c-17f4f172d2c1"",""yes_price_dollars"":""0.1200""}"
KXETH15M-26APR281045-45,622a8a30-fec9-664d-8b8e-b05753795579,1777386978,0.1,0.07,no,"{""count_fp"":""0.07"",""created_time"":""2026-04-28T14:36:18.057169Z"",""no_price_dollars"":""0.9000"",""taker_side"":""no"",""ticker"":""KXETH15M-26APR281045-45"",""trade_id"":""622a8a30-fec9-664d-8b8e-b05753795579"",""yes_price_dollars"":""0.1000""}"
KXETH15M-26APR281045-45,c5d1f99b-683e-712d-f899-7be4730fd1cb,1777386980,0.12,3.92,yes,"{""count_fp"":""3.92"",""created_time"":""2026-04-28T14:36:20.448721Z"",""no_price_dollars"":""0.8800"",""taker_side"":""yes"",""ticker"":""KXETH15M-26APR281045-45"",""trade_id"":""c5d1f99b-683e-712d-f899-7be4730fd1cb"",""yes_price_dollars"":""0.1200""}"
KXETH15M-26APR281045-45,763493db-c64d-45c5-9259-7cbd392eb331,1777386980,0.1,60.0,no,"{""count_fp"":""60.00"",""created_time"":""2026-04-28T14:36:20.377476Z"",""no_price_dollars"":""0.9000"",""taker_side"":""no"",""ticker"":""KXETH15M-26APR281045-45"",""trade_id"":""763493db-c64d-45c5-9259-7cbd392eb331"",""yes_price_dollars"":""0.1000""}"
KXETH15M-26APR281045-45,f78cc392-1dc5-63e1-afbb-66383c1f459d,1777386985,0.1,38.61,no,"{""count_fp"":""38.61"",""created_time"":""2026-04-28T14:36:25.844271Z"",""no_price_dollars"":""0.9000"",""taker_side"":""no"",""ticker"":""KXETH15M-26APR281045-45"",""trade_id"":""f78cc392-1dc5-63e1-afbb-66383c1f459d"",""yes_price_dollars"":""0.1000""}"
KXETH15M-26APR281045-45,ffd05da2-adae-59e1-7da8-e872f2d22637,1777386985,0.12,1.0,yes,"{""count_fp"":""1.00"",""created_time"":""2026-04-28T14:36:25.691659Z"",""no_price_dollars"":""0.8800"",""taker_side"":""yes"",""ticker"":""KXETH15M-26APR281045-45"",""trade_id"":""ffd05da2-adae-59e1-7da8-e872f2d22637"",""yes_price_dollars"":""0.1200""}"
KXETH15M-26APR281045-45,eb96ce2a-979c-6055-7525-b231ffc2e098,1777386991,0.08,1.0,no,"{""count_fp"":""1.00"",""created_time"":""2026-04-28T14:36:31.159084Z"",""no_price_dollars"":""0.9200"",""taker_side"":""no"",""ticker"":""KXETH15M-26APR281045-45"",""trade_id"":""eb96ce2a-979c-6055-7525-b231ffc2e098"",""yes_price_dollars"":""0.0800""}"
KXETH15M-26APR281045-45,d12125e9-7c43-6f0f-647a-42253a9d5d3d,1777386991,0.08,3.0,no,"{""count_fp"":""3.00"",""created_time"":""2026-04-28T14:36:31.159084Z"",""no_price_dollars"":""0.9200"",""taker_side"":""no"",""ticker"":""KXETH15M-26APR281045-45"",""trade_id"":""d12125e9-7c43-6f0f-647a-42253a9d5d3d"",""yes_price_dollars"":""0.0800""}"
KXETH15M-26APR281045-45,d0375e3a-01e7-6548-4e5c-5f57d0101ee4,1777386991,0.09,3.0,no,"{""count_fp"":""3.00"",""created_time"":""2026-04-28T14:36:31.159084Z"",""no_price_dollars"":""0.9100"",""taker_side"":""no"",""ticker"":""KXETH15M-26APR281045-45"",""trade_id"":""d0375e3a-01e7-6548-4e5c-5f57d0101ee4"",""yes_price_dollars"":""0.0900""}"
KXETH15M-26APR281045-45,b1ecc815-39a3-68fc-76d2-eb39b60908fb,1777386991,0.081,5.86,no,"{""count_fp"":""5.86"",""created_time"":""2026-04-28T14:36:31.159084Z"",""no_price_dollars"":""0.9190"",""taker_side"":""no"",""ticker"":""KXETH15M-26APR281045-45"",""trade_id"":""b1ecc815-39a3-68fc-76d2-eb39b60908fb"",""yes_price_dollars"":""0.0810""}"
KXETH15M-26APR281045-45,8b41c5e7-7d90-690b-5d70-523cfb267d18,1777386991,0.08,8.0,no,"{""count_fp"":""8.00"",""created_time"":""2026-04-28T14:36:31.159084Z"",""no_price_dollars"":""0.9200"",""taker_side"":""no"",""ticker"":""KXETH15M-26APR281045-45"",""trade_id"":""8b41c5e7-7d90-690b-5d70-523cfb267d18"",""yes_price_dollars"":""0.0800""}"
KXETH15M-26APR281045-45,803bc7b7-f4ad-65d6-794c-5133dbf4ad49,1777386991,0.08,6.0,no,"{""count_fp"":""6.00"",""created_time"":""2026-04-28T14:36:31.159084Z"",""no_price_dollars"":""0.9200"",""taker_side"":""no"",""ticker"":""KXETH15M-26APR281045-45"",""trade_id"":""803bc7b7-f4ad-65d6-794c-5133dbf4ad49"",""yes_price_dollars"":""0.0800""}"
KXETH15M-26APR281045-45,6f63c47f-1995-6835-6ee5-8c3a52243b6d,1777386991,0.08,74.72,no,"{""count_fp"":""74.72"",""created_time"":""2026-04-28T14:36:31.159084Z"",""no_price_dollars"":""0.9200"",""taker_side"":""no"",""ticker"":""KXETH15M-26APR281045-45"",""trade_id"":""6f63c47f-1995-6835-6ee5-8c3a52243b6d"",""yes_price_dollars"":""0.0800""}"
KXETH15M-26APR281045-45,404ec4eb-64e7-65d5-523d-12448541aaed,1777386991,0.09,1.0,no,"{""count_fp"":""1.00"",""created_time"":""2026-04-28T14:36:31.159084Z"",""no_price_dollars"":""0.9100"",""taker_side"":""no"",""ticker"":""KXETH15M-26APR281045-45"",""trade_id"":""404ec4eb-64e7-65d5-523d-12448541aaed"",""yes_price_dollars"":""0.0900""}"
KXETH15M-26APR281045-45,1c0cc4b1-707e-6e47-5544-ac0fe15ca2b0,1777386991,0.09,4.0,no,"{""count_fp"":""4.00"",""created_time"":""2026-04-28T14:36:31.159084Z"",""no_price_dollars"":""0.9100"",""taker_side"":""no"",""ticker"":""KXETH15M-26APR281045-45"",""trade_id"":""1c0cc4b1-707e-6e47-5544-ac0fe15ca2b0"",""yes_price_dollars"":""0.0900""}"
KXETH15M-26APR281045-45,25abf9eb-16d8-78d7-d8a9-4c2400a841c5,1777386999,0.084,46.2,yes,"{""count_fp"":""46.20"",""created_time"":""2026-04-28T14:36:39.156433Z"",""no_price_dollars"":""0.9160"",""taker_side"":""yes"",""ticker"":""KXETH15M-26APR281045-45"",""trade_id"":""25abf9eb-16d8-78d7-d8a9-4c2400a841c5"",""yes_price_dollars"":""0.0840""}"
KXETH15M-26APR281045-45,eb91aab3-931d-45b8-0c8c-66519eba2a21,1777387004,0.07,3.0,no,"{""count_fp"":""3.00"",""created_time"":""2026-04-28T14:36:44.196166Z"",""no_price_dollars"":""0.9300"",""taker_side"":""no"",""ticker"":""KXETH15M-26APR281045-45"",""trade_id"":""eb91aab3-931d-45b8-0c8c-66519eba2a21"",""yes_price_dollars"":""0.0700""}"
KXETH15M-26APR281045-45,9ec01c2e-05f5-4f3d-10f8-aaf7debb5749,1777387004,0.07,13.0,no,"{""count_fp"":""13.00"",""created_time"":""2026-04-28T14:36:44.196166Z"",""no_price_dollars"":""0.9300"",""taker_side"":""no"",""ticker"":""KXETH15M-26APR281045-45"",""trade_id"":""9ec01c2e-05f5-4f3d-10f8-aaf7debb5749"",""yes_price_dollars"":""0.0700""}"
KXETH15M-26APR281045-45,8b825931-d843-48bd-3f6d-7fe270aa0a97,1777387004,0.07,8.0,no,"{""count_fp"":""8.00"",""created_time"":""2026-04-28T14:36:44.196166Z"",""no_price_dollars"":""0.9300"",""taker_side"":""no"",""ticker"":""KXETH15M-26APR281045-45"",""trade_id"":""8b825931-d843-48bd-3f6d-7fe270aa0a97"",""yes_price_dollars"":""0.0700""}"
KXETH15M-26APR281045-45,6e530c17-297a-435a-00cd-d9cd66cb5e5a,1777387004,0.07,1.0,no,"{""count_fp"":""1.00"",""created_time"":""2026-04-28T14:36:44.196166Z"",""no_price_dollars"":""0.9300"",""taker_side"":""no"",""ticker"":""KXETH15M-26APR281045-45"",""trade_id"":""6e530c17-297a-435a-00cd-d9cd66cb5e5a"",""yes_price_dollars"":""0.0700""}"
KXETH15M-26APR281045-45,11081d1c-67ae-4a4c-1613-be9494317871,1777387004,0.07,1.0,no,"{""count_fp"":""1.00"",""created_time"":""2026-04-28T14:36:44.196166Z"",""no_price_dollars"":""0.9300"",""taker_side"":""no"",""ticker"":""KXETH15M-26APR281045-45"",""trade_id"":""11081d1c-67ae-4a4c-1613-be9494317871"",""yes_price_dollars"":""0.0700""}"
KXETH15M-26APR281045-45,c8cc1d69-3018-4875-7b49-75a99a87409c,1777387006,0.081,4.17,no,"{""count_fp"":""4.17"",""created_time"":""2026-04-28T14:36:46.425491Z"",""no_price_dollars"":""0.9190"",""taker_side"":""no"",""ticker"":""KXETH15M-26APR281045-45"",""trade_id"":""c8cc1d69-3018-4875-7b49-75a99a87409c"",""yes_price_dollars"":""0.0810""}"
KXETH15M-26APR281045-45,6b25dba3-0cde-7b0d-ccff-9fae751c5c2b,1777387010,0.12,1.08,yes,"{""count_fp"":""1.08"",""created_time"":""2026-04-28T14:36:50.831891Z"",""no_price_dollars"":""0.8800"",""taker_side"":""yes"",""ticker"":""KXETH15M-26APR281045-45"",""trade_id"":""6b25dba3-0cde-7b0d-ccff-9fae751c5c2b"",""yes_price_dollars"":""0.1200""}"
KXETH15M-26APR281045-45,2bab9520-647c-7e41-f448-1bf690450557,1777387010,0.12,4.92,yes,"{""count_fp"":""4.92"",""created_time"":""2026-04-28T14:36:50.831891Z"",""no_price_dollars"":""0.8800"",""taker_side"":""yes"",""ticker"":""KXETH15M-26APR281045-45"",""trade_id"":""2bab9520-647c-7e41-f448-1bf690450557"",""yes_price_dollars"":""0.1200""}"
KXETH15M-26APR281045-45,2c33f5a1-bc69-762d-cc50-210b4dd15d39,1777387011,0.09,5.46,no,"{""count_fp"":""5.46"",""created_time"":""2026-04-28T14:36:51.724895Z"",""no_price_dollars"":""0.9100"",""taker_side"":""no"",""ticker"":""KXETH15M-26APR281045-45"",""trade_id"":""2c33f5a1-bc69-762d-cc50-210b4dd15d39"",""yes_price_dollars"":""0.0900""}"
KXETH15M-26APR281045-45,6b7b3442-a4ed-69b6-7abc-5090ec323045,1777387012,0.13,4.86,yes,"{""count_fp"":""4.86"",""created_time"":""2026-04-28T14:36:52.762701Z"",""no_price_dollars"":""0.8700"",""taker_side"":""yes"",""ticker"":""KXETH15M-26APR281045-45"",""trade_id"":""6b7b3442-a4ed-69b6-7abc-5090ec323045"",""yes_price_dollars"":""0.1300""}"
KXETH15M-26APR281045-45,28b063b0-354a-43d2-8bc5-a5a0e8a07c17,1777387012,0.092,50.0,no,"{""count_fp"":""50.00"",""created_time"":""2026-04-28T14:36:52.583269Z"",""no_price_dollars"":""0.9080"",""taker_side"":""no"",""ticker"":""KXETH15M-26APR281045-45"",""trade_id"":""28b063b0-354a-43d2-8bc5-a5a0e8a07c17"",""yes_price_dollars"":""0.0920""}"
KXETH15M-26APR281045-45,f4839a9d-e3da-765b-b090-034747f525d3,1777387013,0.15,226.14,yes,"{""count_fp"":""226.14"",""created_time"":""2026-04-28T14:36:53.846575Z"",""no_price_dollars"":""0.8500"",""taker_side"":""yes"",""ticker"":""KXETH15M-26APR281045-45"",""trade_id"":""f4839a9d-e3da-765b-b090-034747f525d3"",""yes_price_dollars"":""0.1500""}"
KXETH15M-26APR281045-45,c65434b5-9638-7b85-950a-5a5246e01dcf,1777387013,0.15,10.0,yes,"{""count_fp"":""10.00"",""created_time"":""2026-04-28T14:36:53.846575Z"",""no_price_dollars"":""0.8500"",""taker_side"":""yes"",""ticker"":""KXETH15M-26APR281045-45"",""trade_id"":""c65434b5-9638-7b85-950a-5a5246e01dcf"",""yes_price_dollars"":""0.1500""}"
KXETH15M-26APR281045-45,84085378-1d46-7f7b-8664-e6adc5602444,1777387013,0.15,10.0,yes,"{""count_fp"":""10.00"",""created_time"":""2026-04-28T14:36:53.846575Z"",""no_price_dollars"":""0.8500"",""taker_side"":""yes"",""ticker"":""KXETH15M-26APR281045-45"",""trade_id"":""84085378-1d46-7f7b-8664-e6adc5602444"",""yes_price_dollars"":""0.1500""}"
KXETH15M-26APR281045-45,ef42e83b-a63e-7dab-b783-87b7a669b0b7,1777387013,0.15,1068.86,yes,"{""count_fp"":""1068.86"",""created_time"":""2026-04-28T14:36:53.846353Z"",""no_price_dollars"":""0.8500"",""taker_side"":""yes"",""ticker"":""KXETH15M-26APR281045-45"",""trade_id"":""ef42e83b-a63e-7dab-b783-87b7a669b0b7"",""yes_price_dollars"":""0.1500""}"
KXETH15M-26APR281045-45,e6257560-33aa-7947-989d-7c082201f8d2,1777387013,0.15,5.0,yes,"{""count_fp"":""5.00"",""created_time"":""2026-04-28T14:36:53.846353Z"",""no_price_dollars"":""0.8500"",""taker_side"":""yes"",""ticker"":""KXETH15M-26APR281045-45"",""trade_id"":""e6257560-33aa-7947-989d-7c082201f8d2"",""yes_price_dollars"":""0.1500""}"
KXETH15M-26APR281045-45,c7ba53c1-dde1-7752-b960-002d1d679afd,1777387013,0.13,13.14,yes,"{""count_fp"":""13.14"",""created_time"":""2026-04-28T14:36:53.846353Z"",""no_price_dollars"":""0.8700"",""taker_side"":""yes"",""ticker"":""KXETH15M-26APR281045-45"",""trade_id"":""c7ba53c1-dde1-7752-b960-002d1d679afd"",""yes_price_dollars"":""0.1300""}"
KXETH15M-26APR281045-45,e4c9bb88-643b-6a73-3785-aaa88fec2a96,1777387016,0.24,10.0,yes,"{""count_fp"":""10.00"",""created_time"":""2026-04-28T14:36:56.438896Z"",""no_price_dollars"":""0.7600"",""taker_side"":""yes"",""ticker"":""KXETH15M-26APR281045-45"",""trade_id"":""e4c9bb88-643b-6a73-3785-aaa88fec2a96"",""yes_price_dollars"":""0.2400""}"
KXETH15M-26APR281045-45,4b334c2c-f0f1-7f7a-2f7a-410f60be69a5,1777387016,0.24,10.0,no,"{""count_fp"":""10.00"",""created_time"":""2026-04-28T14:36:56.021879Z"",""no_price_dollars"":""0.7600"",""taker_side"":""no"",""ticker"":""KXETH15M-26APR281045-45"",""trade_id"":""4b334c2c-f0f1-7f7a-2f7a-410f60be69a5"",""yes_price_dollars"":""0.2400""}"
KXETH15M-26APR281045-45,d1b0e132-6bf6-444a-676a-4e4417d7224b,1777387018,0.23,100.0,no,"{""count_fp"":""100.00"",""created_time"":""2026-04-28T14:36:58.456391Z"",""no_price_dollars"":""0.7700"",""taker_side"":""no"",""ticker"":""KXETH15M-26APR281045-45"",""trade_id"":""d1b0e132-6bf6-444a-676a-4e4417d7224b"",""yes_price_dollars"":""0.2300""}"
KXETH15M-26APR281045-45,ca953141-cae1-4db9-647d-0e4bff59fcd1,1777387018,0.19,87.07,no,"{""count_fp"":""87.07"",""created_time"":""2026-04-28T14:36:58.456391Z"",""no_price_dollars"":""0.8100"",""taker_side"":""no"",""ticker"":""KXETH15M-26APR281045-45"",""trade_id"":""ca953141-cae1-4db9-647d-0e4bff59fcd1"",""yes_price_dollars"":""0.1900""}"
KXETH15M-26APR281045-45,c2268427-a1c0-45b9-4eea-03a36ded5804,1777387018,0.23,10.0,no,"{""count_fp"":""10.00"",""created_time"":""2026-04-28T14:36:58.456391Z"",""no_price_dollars"":""0.7700"",""taker_side"":""no"",""ticker"":""KXETH15M-26APR281045-45"",""trade_id"":""c2268427-a1c0-45b9-4eea-03a36ded5804"",""yes_price_dollars"":""0.2300""}"
KXETH15M-26APR281045-45,6727b54a-ec99-4c8c-5e90-35df54284b3a,1777387018,0.2,20.0,no,"{""count_fp"":""20.00"",""created_time"":""2026-04-28T14:36:58.456391Z"",""no_price_dollars"":""0.8000"",""taker_side"":""no"",""ticker"":""KXETH15M-26APR281045-45"",""trade_id"":""6727b54a-ec99-4c8c-5e90-35df54284b3a"",""yes_price_dollars"":""0.2000""}"
KXETH15M-26APR281045-45,398615b8-8239-4197-553a-a1f480a8315b,1777387018,0.23,10.0,no,"{""count_fp"":""10.00"",""created_time"":""2026-04-28T14:36:58.456391Z"",""no_price_dollars"":""0.7700"",""taker_side"":""no"",""ticker"":""KXETH15M-26APR281045-45"",""trade_id"":""398615b8-8239-4197-553a-a1f480a8315b"",""yes_price_dollars"":""0.2300""}"
KXETH15M-26APR281045-45,fe79586a-a186-698b-b53b-734f8246f286,1777387021,0.23,5.0,yes,"{""count_fp"":""5.00"",""created_time"":""2026-04-28T14:37:01.619584Z"",""no_price_dollars"":""0.7700"",""taker_side"":""yes"",""ticker"":""KXETH15M-26APR281045-45"",""trade_id"":""fe79586a-a186-698b-b53b-734f8246f286"",""yes_price_dollars"":""0.2300""}"
KXETH15M-26APR281045-45,7d054301-e19b-449a-c6b6-cc8b2a99a5a6,1777387023,0.21,1.0,no,"{""count_fp"":""1.00"",""created_time"":""2026-04-28T14:37:03.210172Z"",""no_price_dollars"":""0.7900"",""taker_side"":""no"",""ticker"":""KXETH15M-26APR281045-45"",""trade_id"":""7d054301-e19b-449a-c6b6-cc8b2a99a5a6"",""yes_price_dollars"":""0.2100""}"
KXETH15M-26APR281045-45,fc1615b0-0128-60bf-74c6-28b643f43c9a,1777387024,0.19,500.0,yes,"{""count_fp"":""500.00"",""created_time"":""2026-04-28T14:37:04.712007Z"",""no_price_dollars"":""0.8100"",""taker_side"":""yes"",""ticker"":""KXETH15M-26APR281045-45"",""trade_id"":""fc1615b0-0128-60bf-74c6-28b643f43c9a"",""yes_price_dollars"":""0.1900""}"
KXETH15M-26APR281045-45,bd1325c5-e800-583f-4dee-59e1e785986e,1777387024,0.18,20.0,no,"{""count_fp"":""20.00"",""created_time"":""2026-04-28T14:37:04.602559Z"",""no_price_dollars"":""0.8200"",""taker_side"":""no"",""ticker"":""KXETH15M-26APR281045-45"",""trade_id"":""bd1325c5-e800-583f-4dee-59e1e785986e"",""yes_price_dollars"":""0.1800""}"
KXETH15M-26APR281045-45,298c0eb1-b1c6-517f-43ae-92d5f9fedd14,1777387024,0.18,10.0,no,"{""count_fp"":""10.00"",""created_time"":""2026-04-28T14:37:04.602559Z"",""no_price_dollars"":""0.8200"",""taker_side"":""no"",""ticker"":""KXETH15M-26APR281045-45"",""trade_id"":""298c0eb1-b1c6-517f-43ae-92d5f9fedd14"",""yes_price_dollars"":""0.1800""}"
KXETH15M-26APR281045-45,d59302a5-4ce7-5e14-8007-0cf1a80ac587,1777387029,0.17,1.0,yes,"{""count_fp"":""1.00"",""created_time"":""2026-04-28T14:37:09.178909Z"",""no_price_dollars"":""0.8300"",""taker_side"":""yes"",""ticker"":""KXETH15M-26APR281045-45"",""trade_id"":""d59302a5-4ce7-5e14-8007-0cf1a80ac587"",""yes_price_dollars"":""0.1700""}"
KXETH15M-26APR281045-45,5d24c20d-99cc-7583-6551-0ebc37df70dd,1777387036,0.1,6.51,no,"{""count_fp"":""6.51"",""created_time"":""2026-04-28T14:37:16.932468Z"",""no_price_dollars"":""0.9000"",""taker_side"":""no"",""ticker"":""KXETH15M-26APR281045-45"",""trade_id"":""5d24c20d-99cc-7583-6551-0ebc37df70dd"",""yes_price_dollars"":""0.1000""}"
KXETH15M-26APR281045-45,5027cc13-384b-447b-e10e-82bf4bbfb607,1777387041,0.13,11.0,no,"{""count_fp"":""11.00"",""created_time"":""2026-04-28T14:37:21.049591Z"",""no_price_dollars"":""0.8700"",""taker_side"":""no"",""ticker"":""KXETH15M-26APR281045-45"",""trade_id"":""5027cc13-384b-447b-e10e-82bf4bbfb607"",""yes_price_dollars"":""0.1300""}"
KXETH15M-26APR281045-45,a66dca0b-8790-584c-89bd-64723e3fd042,1777387052,0.15,10.0,yes,"{""count_fp"":""10.00"",""created_time"":""2026-04-28T14:37:32.053774Z"",""no_price_dollars"":""0.8500"",""taker_side"":""yes"",""ticker"":""KXETH15M-26APR281045-45"",""trade_id"":""a66dca0b-8790-584c-89bd-64723e3fd042"",""yes_price_dollars"":""0.1500""}"
KXETH15M-26APR281045-45,6bf92e5e-dfe2-5c58-978b-0bf4b7da1797,1777387052,0.16,15.61,yes,"{""count_fp"":""15.61"",""created_time"":""2026-04-28T14:37:32.053774Z"",""no_price_dollars"":""0.8400"",""taker_side"":""yes"",""ticker"":""KXETH15M-26APR281045-45"",""trade_id"":""6bf92e5e-dfe2-5c58-978b-0bf4b7da1797"",""yes_price_dollars"":""0.1600""}"
KXETH15M-26APR281045-45,33d872b2-00e7-5387-990f-4ad6bcfca13b,1777387052,0.15,8.0,yes,"{""count_fp"":""8.00"",""created_time"":""2026-04-28T14:37:32.053774Z"",""no_price_dollars"":""0.8500"",""taker_side"":""yes"",""ticker"":""KXETH15M-26APR281045-45"",""trade_id"":""33d872b2-00e7-5387-990f-4ad6bcfca13b"",""yes_price_dollars"":""0.1500""}"
KXETH15M-26APR281045-45,f538f477-dc0d-576a-6855-e70da5a7c4f8,1777387055,0.15,100.0,yes,"{""count_fp"":""100.00"",""created_time"":""2026-04-28T14:37:35.655693Z"",""no_price_dollars"":""0.8500"",""taker_side"":""yes"",""ticker"":""KXETH15M-26APR281045-45"",""trade_id"":""f538f477-dc0d-576a-6855-e70da5a7c4f8"",""yes_price_dollars"":""0.1500""}"
KXETH15M-26APR281045-45,5a7e8cac-e241-6f4e-7a30-0dd0699c25c0,1777387055,0.15,5.9,yes,"{""count_fp"":""5.90"",""created_time"":""2026-04-28T14:37:35.567985Z"",""no_price_dollars"":""0.8500"",""taker_side"":""yes"",""ticker"":""KXETH15M-26APR281045-45"",""trade_id"":""5a7e8cac-e241-6f4e-7a30-0dd0699c25c0"",""yes_price_dollars"":""0.1500""}"
KXETH15M-26APR281045-45,939abd64-d2cc-701d-91ed-465eba77cb33,1777387056,0.15,6.54,yes,"{""count_fp"":""6.54"",""created_time"":""2026-04-28T14:37:36.207346Z"",""no_price_dollars"":""0.8500"",""taker_side"":""yes"",""ticker"":""KXETH15M-26APR281045-45"",""trade_id"":""939abd64-d2cc-701d-91ed-465eba77cb33"",""yes_price_dollars"":""0.1500""}"
KXETH15M-26APR281045-45,94929b23-a30d-735d-9fab-864d515937a4,1777387059,0.12,1.0,yes,"{""count_fp"":""1.00"",""created_time"":""2026-04-28T14:37:39.559922Z"",""no_price_dollars"":""0.8800"",""taker_side"":""yes"",""ticker"":""KXETH15M-26APR281045-45"",""trade_id"":""94929b23-a30d-735d-9fab-864d515937a4"",""yes_price_dollars"":""0.1200""}"
KXETH15M-26APR281045-45,850b1c63-5af4-53cb-f506-8538c5f72d52,1777387060,0.14,55.79,yes,"{""count_fp"":""55.79"",""created_time"":""2026-04-28T14:37:40.649118Z"",""no_price_dollars"":""0.8600"",""taker_side"":""yes"",""ticker"":""KXETH15M-26APR281045-45"",""trade_id"":""850b1c63-5af4-53cb-f506-8538c5f72d52"",""yes_price_dollars"":""0.1400""}"
KXETH15M-26APR281045-45,78fb0948-f3b2-508c-fa3c-068c368ddb9e,1777387060,0.13,11.58,yes,"{""count_fp"":""11.58"",""created_time"":""2026-04-28T14:37:40.649118Z"",""no_price_dollars"":""0.8700"",""taker_side"":""yes"",""ticker"":""KXETH15M-26APR281045-45"",""trade_id"":""78fb0948-f3b2-508c-fa3c-068c368ddb9e"",""yes_price_dollars"":""0.1300""}"
KXETH15M-26APR281045-45,96af42dc-6a86-7988-88c2-df293a45af10,1777387060,0.13,100.0,yes,"{""count_fp"":""100.00"",""created_time"":""2026-04-28T14:37:40.238Z"",""no_price_dollars"":""0.8700"",""taker_side"":""yes"",""ticker"":""KXETH15M-26APR281045-45"",""trade_id"":""96af42dc-6a86-7988-88c2-df293a45af10"",""yes_price_dollars"":""0.1300""}"
KXETH15M-26APR281045-45,903dd0b5-b148-4caf-8038-278dab52a00a,1777387062,0.14,25.0,yes,"{""count_fp"":""25.00"",""created_time"":""2026-04-28T14:37:42.597979Z"",""no_price_dollars"":""0.8600"",""taker_side"":""yes"",""ticker"":""KXETH15M-26APR281045-45"",""trade_id"":""903dd0b5-b148-4caf-8038-278dab52a00a"",""yes_price_dollars"":""0.1400""}"
KXETH15M-26APR281045-45,50ea3a62-6b7a-415a-8000-40732bc8b475,1777387062,0.13,10.0,yes,"{""count_fp"":""10.00"",""created_time"":""2026-04-28T14:37:42.597979Z"",""no_price_dollars"":""0.8700"",""taker_side"":""yes"",""ticker"":""KXETH15M-26APR281045-45"",""trade_id"":""50ea3a62-6b7a-415a-8000-40732bc8b475"",""yes_price_dollars"":""0.1300""}"
KXETH15M-26APR281045-45,a1e4d71a-5d5a-7380-eb8f-a500b3b2bff8,1777387062,0.13,6.73,yes,"{""count_fp"":""6.73"",""created_time"":""2026-04-28T14:37:42.027525Z"",""no_price_dollars"":""0.8700"",""taker_side"":""yes"",""ticker"":""KXETH15M-26APR281045-45"",""trade_id"":""a1e4d71a-5d5a-7380-eb8f-a500b3b2bff8"",""yes_price_dollars"":""0.1300""}"
KXETH15M-26APR281045-45,bf8a0bae-1220-492b-3dd5-d31bdb93539a,1777387065,0.14,2.42,yes,"{""count_fp"":""2.42"",""created_time"":""2026-04-28T14:37:45.046844Z"",""no_price_dollars"":""0.8600"",""taker_side"":""yes"",""ticker"":""KXETH15M-26APR281045-45"",""trade_id"":""bf8a0bae-1220-492b-3dd5-d31bdb93539a"",""yes_price_dollars"":""0.1400""}"
KXETH15M-26APR281045-45,90c24087-c917-422c-0792-418c08a4a120,1777387065,0.13,11.58,yes,"{""count_fp"":""11.58"",""created_time"":""2026-04-28T14:37:45.046844Z"",""no_price_dollars"":""0.8700"",""taker_side"":""yes"",""ticker"":""KXETH15M-26APR281045-45"",""trade_id"":""90c24087-c917-422c-0792-418c08a4a120"",""yes_price_dollars"":""0.1300""}"
KXETH15M-26APR281045-45,fa965bed-695c-5f53-68ee-398ea9e73d0e,1777387067,0.14,90.0,yes,"{""count_fp"":""90.00"",""created_time"":""2026-04-28T14:37:47.446098Z"",""no_price_dollars"":""0.8600"",""taker_side"":""yes"",""ticker"":""KXETH15M-26APR281045-45"",""trade_id"":""fa965bed-695c-5f53-68ee-398ea9e73d0e"",""yes_price_dollars"":""0.1400""}"
KXETH15M-26APR281045-45,08a1b824-e644-53d2-4b7a-1d7844a282c9,1777387067,0.13,10.0,yes,"{""count_fp"":""10.00"",""created_time"":""2026-04-28T14:37:47.446098Z"",""no_price_dollars"":""0.8700"",""taker_side"":""yes"",""ticker"":""KXETH15M-26APR281045-45"",""trade_id"":""08a1b824-e644-53d2-4b7a-1d7844a282c9"",""yes_price_dollars"":""0.1300""}"
KXETH15M-26APR281045-45,aaa69540-ea1f-4a68-e14a-c9acc65d865d,1777387072,0.093,1.0,no,"{""count_fp"":""1.00"",""created_time"":""2026-04-28T14:37:52.038893Z"",""no_price_dollars"":""0.9070"",""taker_side"":""no"",""ticker"":""KXETH15M-26APR281045-45"",""trade_id"":""aaa69540-ea1f-4a68-e14a-c9acc65d865d"",""yes_price_dollars"":""0.0930""}"
KXETH15M-26APR281045-45,771f12b7-7c00-49d7-ff65-e436ee5530fe,1777387079,0.1,0.94,yes,"{""count_fp"":""0.94"",""created_time"":""2026-04-28T14:37:59.595546Z"",""no_price_dollars"":""0.9000"",""taker_side"":""yes"",""ticker"":""KXETH15M-26APR281045-45"",""trade_id"":""771f12b7-7c00-49d7-ff65-e436ee5530fe"",""yes_price_dollars"":""0.1000""}"
KXETH15M-26APR281045-45,ed8870ff-37f7-720e-7407-7c70bfe9de82,1777387083,0.08,1.0,no,"{""count_fp"":""1.00"",""created_time"":""2026-04-28T14:38:03.308056Z"",""no_price_dollars"":""0.9200"",""taker_side"":""no"",""ticker"":""KXETH15M-26APR281045-45"",""trade_id"":""ed8870ff-37f7-720e-7407-7c70bfe9de82"",""yes_price_dollars"":""0.0800""}"
KXETH15M-26APR281045-45,be04c045-a452-6a33-dcbe-9c5a7a740d1a,1777387095,0.1,111.0,no,"{""count_fp"":""111.00"",""created_time"":""2026-04-28T14:38:15.615797Z"",""no_price_dollars"":""0.9000"",""taker_side"":""no"",""ticker"":""KXETH15M-26APR281045-45"",""trade_id"":""be04c045-a452-6a33-dcbe-9c5a7a740d1a"",""yes_price_dollars"":""0.1000""}"
KXETH15M-26APR281045-45,59f30480-528e-4c43-30f5-01704cb58d22,1777387095,0.1,7.0,no,"{""count_fp"":""7.00"",""created_time"":""2026-04-28T14:38:15.504645Z"",""no_price_dollars"":""0.9000"",""taker_side"":""no"",""ticker"":""KXETH15M-26APR281045-45"",""trade_id"":""59f30480-528e-4c43-30f5-01704cb58d22"",""yes_price_dollars"":""0.1000""}"
KXETH15M-26APR281045-45,7f197b11-2292-41c7-34ad-61e53c48cb02,1777387101,0.09,21.84,no,"{""count_fp"":""21.84"",""created_time"":""2026-04-28T14:38:21.186568Z"",""no_price_dollars"":""0.9100"",""taker_side"":""no"",""ticker"":""KXETH15M-26APR281045-45"",""trade_id"":""7f197b11-2292-41c7-34ad-61e53c48cb02"",""yes_price_dollars"":""0.0900""}"
KXETH15M-26APR281045-45,6cc1668f-4522-77bf-919c-3e47fec07196,1777387103,0.09,5.45,no,"{""count_fp"":""5.45"",""created_time"":""2026-04-28T14:38:23.508454Z"",""no_price_dollars"":""0.9100"",""taker_side"":""no"",""ticker"":""KXETH15M-26APR281045-45"",""trade_id"":""6cc1668f-4522-77bf-919c-3e47fec07196"",""yes_price_dollars"":""0.0900""}"
KXETH15M-26APR281045-45,b16b7ce6-c23a-7687-0faf-1d2daa17f29a,1777387105,0.09,20.17,no,"{""count_fp"":""20.17"",""created_time"":""2026-04-28T14:38:25.160197Z"",""no_price_dollars"":""0.9100"",""taker_side"":""no"",""ticker"":""KXETH15M-26APR281045-45"",""trade_id"":""b16b7ce6-c23a-7687-0faf-1d2daa17f29a"",""yes_price_dollars"":""0.0900""}"
KXETH15M-26APR281045-45,b9edbfbc-a9fe-6df5-d633-815c842fc08d,1777387106,0.12,10.0,yes,"{""count_fp"":""10.00"",""created_time"":""2026-04-28T14:38:26.702752Z"",""no_price_dollars"":""0.8800"",""taker_side"":""yes"",""ticker"":""KXETH15M-26APR281045-45"",""trade_id"":""b9edbfbc-a9fe-6df5-d633-815c842fc08d"",""yes_price_dollars"":""0.1200""}"
