ticker,trade_id,ts,yes_price,count,taker_side,raw_json
KXETH15M-26APR280900-00,887aaf94-7617-4166-4763-98231cbfe099,1777380315,0.41,3.0,no,"{""count_fp"":""3.00"",""created_time"":""2026-04-28T12:45:15.093134Z"",""no_price_dollars"":""0.5900"",""taker_side"":""no"",""ticker"":""KXETH15M-26APR280900-00"",""trade_id"":""887aaf94-7617-4166-4763-98231cbfe099"",""yes_price_dollars"":""0.4100""}"
KXETH15M-26APR280900-00,719a1af7-8ceb-618e-fad3-b7049d1031de,1777380316,0.43,22.34,yes,"{""count_fp"":""22.34"",""created_time"":""2026-04-28T12:45:16.859353Z"",""no_price_dollars"":""0.5700"",""taker_side"":""yes"",""ticker"":""KXETH15M-26APR280900-00"",""trade_id"":""719a1af7-8ceb-618e-fad3-b7049d1031de"",""yes_price_dollars"":""0.4300""}"
KXETH15M-26APR280900-00,f8c821c5-e81b-6d6b-dd70-7d0782b8c8c4,1777380330,0.41,5.0,yes,"{""count_fp"":""5.00"",""created_time"":""2026-04-28T12:45:30.971995Z"",""no_price_dollars"":""0.5900"",""taker_side"":""yes"",""ticker"":""KXETH15M-26APR280900-00"",""trade_id"":""f8c821c5-e81b-6d6b-dd70-7d0782b8c8c4"",""yes_price_dollars"":""0.4100""}"
KXETH15M-26APR280900-00,105e03c3-dd27-624e-d032-aad52ff39616,1777380330,0.42,13.11,yes,"{""count_fp"":""13.11"",""created_time"":""2026-04-28T12:45:30.971995Z"",""no_price_dollars"":""0.5800"",""taker_side"":""yes"",""ticker"":""KXETH15M-26APR280900-00"",""trade_id"":""105e03c3-dd27-624e-d032-aad52ff39616"",""yes_price_dollars"":""0.4200""}"
KXETH15M-26APR280900-00,0870e1ae-9ae4-6bde-f85d-c5096e164465,1777380330,0.41,5.0,yes,"{""count_fp"":""5.00"",""created_time"":""2026-04-28T12:45:30.971995Z"",""no_price_dollars"":""0.5900"",""taker_side"":""yes"",""ticker"":""KXETH15M-26APR280900-00"",""trade_id"":""0870e1ae-9ae4-6bde-f85d-c5096e164465"",""yes_price_dollars"":""0.4100""}"
KXETH15M-26APR280900-00,cef34792-e58f-539e-ae65-b992f27e66f1,1777380332,0.38,4.37,no,"{""count_fp"":""4.37"",""created_time"":""2026-04-28T12:45:32.609324Z"",""no_price_dollars"":""0.6200"",""taker_side"":""no"",""ticker"":""KXETH15M-26APR280900-00"",""trade_id"":""cef34792-e58f-539e-ae65-b992f27e66f1"",""yes_price_dollars"":""0.3800""}"
KXETH15M-26APR280900-00,aea6cf80-016d-5ca1-91bf-bbbac179e013,1777380332,0.4,10.0,no,"{""count_fp"":""10.00"",""created_time"":""2026-04-28T12:45:32.609324Z"",""no_price_dollars"":""0.6000"",""taker_side"":""no"",""ticker"":""KXETH15M-26APR280900-00"",""trade_id"":""aea6cf80-016d-5ca1-91bf-bbbac179e013"",""yes_price_dollars"":""0.4000""}"
KXETH15M-26APR280900-00,3ddefcab-88f3-5c70-8da4-c2f2b7d8699a,1777380332,0.4,5.0,no,"{""count_fp"":""5.00"",""created_time"":""2026-04-28T12:45:32.609324Z"",""no_price_dollars"":""0.6000"",""taker_side"":""no"",""ticker"":""KXETH15M-26APR280900-00"",""trade_id"":""3ddefcab-88f3-5c70-8da4-c2f2b7d8699a"",""yes_price_dollars"":""0.4000""}"
KXETH15M-26APR280900-00,5e80619f-b63b-5782-1422-d9ca38db8a3a,1777380336,0.42,1.0,yes,"{""count_fp"":""1.00"",""created_time"":""2026-04-28T12:45:36.175814Z"",""no_price_dollars"":""0.5800"",""taker_side"":""yes"",""ticker"":""KXETH15M-26APR280900-00"",""trade_id"":""5e80619f-b63b-5782-1422-d9ca38db8a3a"",""yes_price_dollars"":""0.4200""}"
KXETH15M-26APR280900-00,fd83bca8-79bf-7ef9-07d9-ecbfdcab8209,1777380344,0.4,5.0,no,"{""count_fp"":""5.00"",""created_time"":""2026-04-28T12:45:44.836439Z"",""no_price_dollars"":""0.6000"",""taker_side"":""no"",""ticker"":""KXETH15M-26APR280900-00"",""trade_id"":""fd83bca8-79bf-7ef9-07d9-ecbfdcab8209"",""yes_price_dollars"":""0.4000""}"
KXETH15M-26APR280900-00,e5bc2449-b753-7966-546c-5cbec29fd2fe,1777380347,0.43,38.33,yes,"{""count_fp"":""38.33"",""created_time"":""2026-04-28T12:45:47.649209Z"",""no_price_dollars"":""0.5700"",""taker_side"":""yes"",""ticker"":""KXETH15M-26APR280900-00"",""trade_id"":""e5bc2449-b753-7966-546c-5cbec29fd2fe"",""yes_price_dollars"":""0.4300""}"
KXETH15M-26APR280900-00,8e02b4f2-9eb6-75a8-59ea-2adca7a65b06,1777380347,0.41,2.0,yes,"{""count_fp"":""2.00"",""created_time"":""2026-04-28T12:45:47.649209Z"",""no_price_dollars"":""0.5900"",""taker_side"":""yes"",""ticker"":""KXETH15M-26APR280900-00"",""trade_id"":""8e02b4f2-9eb6-75a8-59ea-2adca7a65b06"",""yes_price_dollars"":""0.4100""}"
KXETH15M-26APR280900-00,5377ea88-f5b9-4c80-41c9-6afe9b31b083,1777380348,0.4,8.1,no,"{""count_fp"":""8.10"",""created_time"":""2026-04-28T12:45:48.108126Z"",""no_price_dollars"":""0.6000"",""taker_side"":""no"",""ticker"":""KXETH15M-26APR280900-00"",""trade_id"":""5377ea88-f5b9-4c80-41c9-6afe9b31b083"",""yes_price_dollars"":""0.4000""}"
KXETH15M-26APR280900-00,22a0143f-aa53-4f16-3a79-9523793f85d6,1777380350,0.43,0.44,yes,"{""count_fp"":""0.44"",""created_time"":""2026-04-28T12:45:50.410086Z"",""no_price_dollars"":""0.5700"",""taker_side"":""yes"",""ticker"":""KXETH15M-26APR280900-00"",""trade_id"":""22a0143f-aa53-4f16-3a79-9523793f85d6"",""yes_price_dollars"":""0.4300""}"
KXETH15M-26APR280900-00,1ae61dfa-f1a7-7ef2-65e0-5e138dee664e,1777380354,0.43,39.97,yes,"{""count_fp"":""39.97"",""created_time"":""2026-04-28T12:45:54.051828Z"",""no_price_dollars"":""0.5700"",""taker_side"":""yes"",""ticker"":""KXETH15M-26APR280900-00"",""trade_id"":""1ae61dfa-f1a7-7ef2-65e0-5e138dee664e"",""yes_price_dollars"":""0.4300""}"
KXETH15M-26APR280900-00,0abc5017-67f9-7c11-4b0b-07cc6adff3e4,1777380355,0.4,8.1,no,"{""count_fp"":""8.10"",""created_time"":""2026-04-28T12:45:55.649862Z"",""no_price_dollars"":""0.6000"",""taker_side"":""no"",""ticker"":""KXETH15M-26APR280900-00"",""trade_id"":""0abc5017-67f9-7c11-4b0b-07cc6adff3e4"",""yes_price_dollars"":""0.4000""}"
KXETH15M-26APR280900-00,79170025-ea17-48c6-9ee6-8ed81cc5f886,1777380358,0.45,2.13,yes,"{""count_fp"":""2.13"",""created_time"":""2026-04-28T12:45:58.917172Z"",""no_price_dollars"":""0.5500"",""taker_side"":""yes"",""ticker"":""KXETH15M-26APR280900-00"",""trade_id"":""79170025-ea17-48c6-9ee6-8ed81cc5f886"",""yes_price_dollars"":""0.4500""}"
KXETH15M-26APR280900-00,ebb55c86-fc3f-601e-66c6-c57c1ea942aa,1777380358,0.45,32.79,yes,"{""count_fp"":""32.79"",""created_time"":""2026-04-28T12:45:58.580073Z"",""no_price_dollars"":""0.5500"",""taker_side"":""yes"",""ticker"":""KXETH15M-26APR280900-00"",""trade_id"":""ebb55c86-fc3f-601e-66c6-c57c1ea942aa"",""yes_price_dollars"":""0.4500""}"
KXETH15M-26APR280900-00,17ef6b21-26e4-64c8-4b9f-ada786d6fbab,1777380358,0.45,10.0,yes,"{""count_fp"":""10.00"",""created_time"":""2026-04-28T12:45:58.580073Z"",""no_price_dollars"":""0.5500"",""taker_side"":""yes"",""ticker"":""KXETH15M-26APR280900-00"",""trade_id"":""17ef6b21-26e4-64c8-4b9f-ada786d6fbab"",""yes_price_dollars"":""0.4500""}"
KXETH15M-26APR280900-00,522ce5e2-2bfb-6706-f15d-d71d3cb56711,1777380360,0.4,1.0,no,"{""count_fp"":""1.00"",""created_time"":""2026-04-28T12:46:00.800998Z"",""no_price_dollars"":""0.6000"",""taker_side"":""no"",""ticker"":""KXETH15M-26APR280900-00"",""trade_id"":""522ce5e2-2bfb-6706-f15d-d71d3cb56711"",""yes_price_dollars"":""0.4000""}"
KXETH15M-26APR280900-00,edc00bce-d285-52f8-5312-bbd9484f6df3,1777380365,0.42,1.0,no,"{""count_fp"":""1.00"",""created_time"":""2026-04-28T12:46:05.499061Z"",""no_price_dollars"":""0.5800"",""taker_side"":""no"",""ticker"":""KXETH15M-26APR280900-00"",""trade_id"":""edc00bce-d285-52f8-5312-bbd9484f6df3"",""yes_price_dollars"":""0.4200""}"
KXETH15M-26APR280900-00,f0b9634c-31c7-7d33-6031-61b6fae09227,1777380366,0.43,2.0,yes,"{""count_fp"":""2.00"",""created_time"":""2026-04-28T12:46:06.723186Z"",""no_price_dollars"":""0.5700"",""taker_side"":""yes"",""ticker"":""KXETH15M-26APR280900-00"",""trade_id"":""f0b9634c-31c7-7d33-6031-61b6fae09227"",""yes_price_dollars"":""0.4300""}"
KXETH15M-26APR280900-00,ec9f876a-95f3-7b3e-633a-654d8e8bccce,1777380366,0.46,66.74,yes,"{""count_fp"":""66.74"",""created_time"":""2026-04-28T12:46:06.723186Z"",""no_price_dollars"":""0.5400"",""taker_side"":""yes"",""ticker"":""KXETH15M-26APR280900-00"",""trade_id"":""ec9f876a-95f3-7b3e-633a-654d8e8bccce"",""yes_price_dollars"":""0.4600""}"
KXETH15M-26APR280900-00,e340a3d0-0c69-7aad-45b0-33cd100837ce,1777380366,0.45,25.0,yes,"{""count_fp"":""25.00"",""created_time"":""2026-04-28T12:46:06.723186Z"",""no_price_dollars"":""0.5500"",""taker_side"":""yes"",""ticker"":""KXETH15M-26APR280900-00"",""trade_id"":""e340a3d0-0c69-7aad-45b0-33cd100837ce"",""yes_price_dollars"":""0.4500""}"
KXETH15M-26APR280900-00,d123142b-6c54-773e-7e31-0cccc52a7b46,1777380366,0.45,10.0,yes,"{""count_fp"":""10.00"",""created_time"":""2026-04-28T12:46:06.723186Z"",""no_price_dollars"":""0.5500"",""taker_side"":""yes"",""ticker"":""KXETH15M-26APR280900-00"",""trade_id"":""d123142b-6c54-773e-7e31-0cccc52a7b46"",""yes_price_dollars"":""0.4500""}"
KXETH15M-26APR280900-00,3838c9b2-5f39-675e-2032-1c81ba4dcf74,1777380367,0.42,1.0,no,"{""count_fp"":""1.00"",""created_time"":""2026-04-28T12:46:07.653555Z"",""no_price_dollars"":""0.5800"",""taker_side"":""no"",""ticker"":""KXETH15M-26APR280900-00"",""trade_id"":""3838c9b2-5f39-675e-2032-1c81ba4dcf74"",""yes_price_dollars"":""0.4200""}"
KXETH15M-26APR280900-00,f3b7cf6c-78f1-7be6-6da8-7f88f3ceeb9c,1777380371,0.41,10.0,no,"{""count_fp"":""10.00"",""created_time"":""2026-04-28T12:46:11.804094Z"",""no_price_dollars"":""0.5900"",""taker_side"":""no"",""ticker"":""KXETH15M-26APR280900-00"",""trade_id"":""f3b7cf6c-78f1-7be6-6da8-7f88f3ceeb9c"",""yes_price_dollars"":""0.4100""}"
KXETH15M-26APR280900-00,ca04f82d-a967-57a6-1f0c-542098d7af53,1777380371,0.45,3.0,no,"{""count_fp"":""3.00"",""created_time"":""2026-04-28T12:46:11.730185Z"",""no_price_dollars"":""0.5500"",""taker_side"":""no"",""ticker"":""KXETH15M-26APR280900-00"",""trade_id"":""ca04f82d-a967-57a6-1f0c-542098d7af53"",""yes_price_dollars"":""0.4500""}"
KXETH15M-26APR280900-00,c1de1781-5555-54b5-093a-38ac0a9d37dd,1777380371,0.44,25.0,no,"{""count_fp"":""25.00"",""created_time"":""2026-04-28T12:46:11.730185Z"",""no_price_dollars"":""0.5600"",""taker_side"":""no"",""ticker"":""KXETH15M-26APR280900-00"",""trade_id"":""c1de1781-5555-54b5-093a-38ac0a9d37dd"",""yes_price_dollars"":""0.4400""}"
KXETH15M-26APR280900-00,ebda9294-dbbf-5fda-5038-1ffaac5f182a,1777380371,0.46,2.0,yes,"{""count_fp"":""2.00"",""created_time"":""2026-04-28T12:46:11.374054Z"",""no_price_dollars"":""0.5400"",""taker_side"":""yes"",""ticker"":""KXETH15M-26APR280900-00"",""trade_id"":""ebda9294-dbbf-5fda-5038-1ffaac5f182a"",""yes_price_dollars"":""0.4600""}"
KXETH15M-26APR280900-00,88f1af78-df86-40d1-0773-4b58895a3d0d,1777380378,0.42,1.25,no,"{""count_fp"":""1.25"",""created_time"":""2026-04-28T12:46:18.438459Z"",""no_price_dollars"":""0.5800"",""taker_side"":""no"",""ticker"":""KXETH15M-26APR280900-00"",""trade_id"":""88f1af78-df86-40d1-0773-4b58895a3d0d"",""yes_price_dollars"":""0.4200""}"
KXETH15M-26APR280900-00,fdcdc2a6-f7b1-68fa-5d07-4c3c948f454e,1777380382,0.4,10.0,no,"{""count_fp"":""10.00"",""created_time"":""2026-04-28T12:46:22.236177Z"",""no_price_dollars"":""0.6000"",""taker_side"":""no"",""ticker"":""KXETH15M-26APR280900-00"",""trade_id"":""fdcdc2a6-f7b1-68fa-5d07-4c3c948f454e"",""yes_price_dollars"":""0.4000""}"
KXETH15M-26APR280900-00,648454cc-5151-64e8-69b5-779becf59d97,1777380382,0.4,10.0,no,"{""count_fp"":""10.00"",""created_time"":""2026-04-28T12:46:22.236177Z"",""no_price_dollars"":""0.6000"",""taker_side"":""no"",""ticker"":""KXETH15M-26APR280900-00"",""trade_id"":""648454cc-5151-64e8-69b5-779becf59d97"",""yes_price_dollars"":""0.4000""}"
KXETH15M-26APR280900-00,23785a54-4614-62b4-ee57-2c52213c2c5a,1777380387,0.38,5.71,no,"{""count_fp"":""5.71"",""created_time"":""2026-04-28T12:46:27.226159Z"",""no_price_dollars"":""0.6200"",""taker_side"":""no"",""ticker"":""KXETH15M-26APR280900-00"",""trade_id"":""23785a54-4614-62b4-ee57-2c52213c2c5a"",""yes_price_dollars"":""0.3800""}"
KXETH15M-26APR280900-00,1ee6a2eb-3429-61a2-ed71-9f3d3e231109,1777380387,0.38,10.0,no,"{""count_fp"":""10.00"",""created_time"":""2026-04-28T12:46:27.226159Z"",""no_price_dollars"":""0.6200"",""taker_side"":""no"",""ticker"":""KXETH15M-26APR280900-00"",""trade_id"":""1ee6a2eb-3429-61a2-ed71-9f3d3e231109"",""yes_price_dollars"":""0.3800""}"
KXETH15M-26APR280900-00,21140db1-5bb9-43b9-0fdf-abf758358f58,1777380393,0.38,8.0,no,"{""count_fp"":""8.00"",""created_time"":""2026-04-28T12:46:33.407772Z"",""no_price_dollars"":""0.6200"",""taker_side"":""no"",""ticker"":""KXETH15M-26APR280900-00"",""trade_id"":""21140db1-5bb9-43b9-0fdf-abf758358f58"",""yes_price_dollars"":""0.3800""}"
KXETH15M-26APR280900-00,ddce355c-de89-7238-dc2b-7d6ea259201a,1777380393,0.39,7.97,no,"{""count_fp"":""7.97"",""created_time"":""2026-04-28T12:46:33.116246Z"",""no_price_dollars"":""0.6100"",""taker_side"":""no"",""ticker"":""KXETH15M-26APR280900-00"",""trade_id"":""ddce355c-de89-7238-dc2b-7d6ea259201a"",""yes_price_dollars"":""0.3900""}"
KXETH15M-26APR280900-00,233e40e4-0e57-43ff-74e1-0eaf148ebd05,1777380394,0.41,1.0,yes,"{""count_fp"":""1.00"",""created_time"":""2026-04-28T12:46:34.812411Z"",""no_price_dollars"":""0.5900"",""taker_side"":""yes"",""ticker"":""KXETH15M-26APR280900-00"",""trade_id"":""233e40e4-0e57-43ff-74e1-0eaf148ebd05"",""yes_price_dollars"":""0.4100""}"
KXETH15M-26APR280900-00,e3feaaf1-47db-4e63-17ce-78ef0075b7b5,1777380394,0.41,7.0,yes,"{""count_fp"":""7.00"",""created_time"":""2026-04-28T12:46:34.128205Z"",""no_price_dollars"":""0.5900"",""taker_side"":""yes"",""ticker"":""KXETH15M-26APR280900-00"",""trade_id"":""e3feaaf1-47db-4e63-17ce-78ef0075b7b5"",""yes_price_dollars"":""0.4100""}"
KXETH15M-26APR280900-00,bccd303e-2e06-6237-43ae-657395765920,1777380396,0.44,29.23,yes,"{""count_fp"":""29.23"",""created_time"":""2026-04-28T12:46:36.415194Z"",""no_price_dollars"":""0.5600"",""taker_side"":""yes"",""ticker"":""KXETH15M-26APR280900-00"",""trade_id"":""bccd303e-2e06-6237-43ae-657395765920"",""yes_price_dollars"":""0.4400""}"
KXETH15M-26APR280900-00,4de3f1b0-49c2-5293-0a42-48017297c9e4,1777380396,0.44,10.77,yes,"{""count_fp"":""10.77"",""created_time"":""2026-04-28T12:46:36.406854Z"",""no_price_dollars"":""0.5600"",""taker_side"":""yes"",""ticker"":""KXETH15M-26APR280900-00"",""trade_id"":""4de3f1b0-49c2-5293-0a42-48017297c9e4"",""yes_price_dollars"":""0.4400""}"
KXETH15M-26APR280900-00,135bc8ca-05ad-63fe-4659-6d98cd16942e,1777380398,0.5,1.0,yes,"{""count_fp"":""1.00"",""created_time"":""2026-04-28T12:46:38.733997Z"",""no_price_dollars"":""0.5000"",""taker_side"":""yes"",""ticker"":""KXETH15M-26APR280900-00"",""trade_id"":""135bc8ca-05ad-63fe-4659-6d98cd16942e"",""yes_price_dollars"":""0.5000""}"
KXETH15M-26APR280900-00,83258798-add0-78cc-e1f9-d0e81e09ea05,1777380400,0.5,9.6,yes,"{""count_fp"":""9.60"",""created_time"":""2026-04-28T12:46:40.407987Z"",""no_price_dollars"":""0.5000"",""taker_side"":""yes"",""ticker"":""KXETH15M-26APR280900-00"",""trade_id"":""83258798-add0-78cc-e1f9-d0e81e09ea05"",""yes_price_dollars"":""0.5000""}"
KXETH15M-26APR280900-00,0cda7002-0c2e-7fc4-c7a3-5e64082bb208,1777380400,0.5,10.4,yes,"{""count_fp"":""10.40"",""created_time"":""2026-04-28T12:46:40.407987Z"",""no_price_dollars"":""0.5000"",""taker_side"":""yes"",""ticker"":""KXETH15M-26APR280900-00"",""trade_id"":""0cda7002-0c2e-7fc4-c7a3-5e64082bb208"",""yes_price_dollars"":""0.5000""}"
KXETH15M-26APR280900-00,a52783b4-2584-613c-ae4c-f4aace0462a5,1777380400,0.5,4.0,yes,"{""count_fp"":""4.00"",""created_time"":""2026-04-28T12:46:40.145293Z"",""no_price_dollars"":""0.5000"",""taker_side"":""yes"",""ticker"":""KXETH15M-26APR280900-00"",""trade_id"":""a52783b4-2584-613c-ae4c-f4aace0462a5"",""yes_price_dollars"":""0.5000""}"
KXETH15M-26APR280900-00,851a7a07-7b3c-7198-a19b-118121a11f09,1777380406,0.54,10.0,yes,"{""count_fp"":""10.00"",""created_time"":""2026-04-28T12:46:46.465636Z"",""no_price_dollars"":""0.4600"",""taker_side"":""yes"",""ticker"":""KXETH15M-26APR280900-00"",""trade_id"":""851a7a07-7b3c-7198-a19b-118121a11f09"",""yes_price_dollars"":""0.5400""}"
KXETH15M-26APR280900-00,80cd2b43-3672-76e4-a56f-478ad2d3b0f5,1777380406,0.53,10.0,yes,"{""count_fp"":""10.00"",""created_time"":""2026-04-28T12:46:46.465636Z"",""no_price_dollars"":""0.4700"",""taker_side"":""yes"",""ticker"":""KXETH15M-26APR280900-00"",""trade_id"":""80cd2b43-3672-76e4-a56f-478ad2d3b0f5"",""yes_price_dollars"":""0.5300""}"
KXETH15M-26APR280900-00,3946eff6-abc5-7546-a125-a0a1232b8403,1777380406,0.55,17.7,yes,"{""count_fp"":""17.70"",""created_time"":""2026-04-28T12:46:46.465636Z"",""no_price_dollars"":""0.4500"",""taker_side"":""yes"",""ticker"":""KXETH15M-26APR280900-00"",""trade_id"":""3946eff6-abc5-7546-a125-a0a1232b8403"",""yes_price_dollars"":""0.5500""}"
KXETH15M-26APR280900-00,7e5ffb73-00db-7799-c0bc-eda41c3ed90b,1777380412,0.54,1.0,yes,"{""count_fp"":""1.00"",""created_time"":""2026-04-28T12:46:52.870909Z"",""no_price_dollars"":""0.4600"",""taker_side"":""yes"",""ticker"":""KXETH15M-26APR280900-00"",""trade_id"":""7e5ffb73-00db-7799-c0bc-eda41c3ed90b"",""yes_price_dollars"":""0.5400""}"
KXETH15M-26APR280900-00,4651bdfc-1c19-71eb-f8d0-90da616a3c74,1777380412,0.54,2.0,yes,"{""count_fp"":""2.00"",""created_time"":""2026-04-28T12:46:52.870909Z"",""no_price_dollars"":""0.4600"",""taker_side"":""yes"",""ticker"":""KXETH15M-26APR280900-00"",""trade_id"":""4651bdfc-1c19-71eb-f8d0-90da616a3c74"",""yes_price_dollars"":""0.5400""}"
KXETH15M-26APR280900-00,7f5e33f3-29a5-406a-6fe3-175054f51383,1777380413,0.55,3.0,yes,"{""count_fp"":""3.00"",""created_time"":""2026-04-28T12:46:53.661197Z"",""no_price_dollars"":""0.4500"",""taker_side"":""yes"",""ticker"":""KXETH15M-26APR280900-00"",""trade_id"":""7f5e33f3-29a5-406a-6fe3-175054f51383"",""yes_price_dollars"":""0.5500""}"
KXETH15M-26APR280900-00,de4c5ef8-f3b5-5122-3ac1-fadca0cfde3b,1777380418,0.55,35.07,yes,"{""count_fp"":""35.07"",""created_time"":""2026-04-28T12:46:58.200562Z"",""no_price_dollars"":""0.4500"",""taker_side"":""yes"",""ticker"":""KXETH15M-26APR280900-00"",""trade_id"":""de4c5ef8-f3b5-5122-3ac1-fadca0cfde3b"",""yes_price_dollars"":""0.5500""}"
KXETH15M-26APR280900-00,af6c39c7-b259-52ea-68c5-06c1cb0f9f8b,1777380421,0.55,15.71,yes,"{""count_fp"":""15.71"",""created_time"":""2026-04-28T12:47:01.928273Z"",""no_price_dollars"":""0.4500"",""taker_side"":""yes"",""ticker"":""KXETH15M-26APR280900-00"",""trade_id"":""af6c39c7-b259-52ea-68c5-06c1cb0f9f8b"",""yes_price_dollars"":""0.5500""}"
KXETH15M-26APR280900-00,64772562-da92-49aa-62d0-e75d42fc0ac4,1777380428,0.54,35.88,yes,"{""count_fp"":""35.88"",""created_time"":""2026-04-28T12:47:08.739794Z"",""no_price_dollars"":""0.4600"",""taker_side"":""yes"",""ticker"":""KXETH15M-26APR280900-00"",""trade_id"":""64772562-da92-49aa-62d0-e75d42fc0ac4"",""yes_price_dollars"":""0.5400""}"
KXETH15M-26APR280900-00,ff28f9a1-1d33-6182-cb6a-c33cbd3c881e,1777380430,0.56,4.45,yes,"{""count_fp"":""4.45"",""created_time"":""2026-04-28T12:47:10.987472Z"",""no_price_dollars"":""0.4400"",""taker_side"":""yes"",""ticker"":""KXETH15M-26APR280900-00"",""trade_id"":""ff28f9a1-1d33-6182-cb6a-c33cbd3c881e"",""yes_price_dollars"":""0.5600""}"
KXETH15M-26APR280900-00,a33ed482-71da-689e-fdb3-e124e91f232c,1777380430,0.54,4.12,yes,"{""count_fp"":""4.12"",""created_time"":""2026-04-28T12:47:10.987472Z"",""no_price_dollars"":""0.4600"",""taker_side"":""yes"",""ticker"":""KXETH15M-26APR280900-00"",""trade_id"":""a33ed482-71da-689e-fdb3-e124e91f232c"",""yes_price_dollars"":""0.5400""}"
KXETH15M-26APR280900-00,2a8e0294-1cae-6e2a-e4b0-74a15bc552d6,1777380430,0.55,8.88,yes,"{""count_fp"":""8.88"",""created_time"":""2026-04-28T12:47:10.987472Z"",""no_price_dollars"":""0.4500"",""taker_side"":""yes"",""ticker"":""KXETH15M-26APR280900-00"",""trade_id"":""2a8e0294-1cae-6e2a-e4b0-74a15bc552d6"",""yes_price_dollars"":""0.5500""}"
KXETH15M-26APR280900-00,e09ab53a-294f-60f2-9a9c-c201df280f44,1777380432,0.51,11.48,no,"{""count_fp"":""11.48"",""created_time"":""2026-04-28T12:47:12.680657Z"",""no_price_dollars"":""0.4900"",""taker_side"":""no"",""ticker"":""KXETH15M-26APR280900-00"",""trade_id"":""e09ab53a-294f-60f2-9a9c-c201df280f44"",""yes_price_dollars"":""0.5100""}"
KXETH15M-26APR280900-00,96b2446d-15d0-6cd1-a5a5-a5f9150033c6,1777380432,0.51,10.0,no,"{""count_fp"":""10.00"",""created_time"":""2026-04-28T12:47:12.680657Z"",""no_price_dollars"":""0.4900"",""taker_side"":""no"",""ticker"":""KXETH15M-26APR280900-00"",""trade_id"":""96b2446d-15d0-6cd1-a5a5-a5f9150033c6"",""yes_price_dollars"":""0.5100""}"
KXETH15M-26APR280900-00,c4a9be22-6730-52bd-d3a2-8577223d2ef1,1777380433,0.54,2.0,no,"{""count_fp"":""2.00"",""created_time"":""2026-04-28T12:47:13.297719Z"",""no_price_dollars"":""0.4600"",""taker_side"":""no"",""ticker"":""KXETH15M-26APR280900-00"",""trade_id"":""c4a9be22-6730-52bd-d3a2-8577223d2ef1"",""yes_price_dollars"":""0.5400""}"
KXETH15M-26APR280900-00,b1ce5d63-1e42-69d4-7889-f85253a3dd34,1777380438,0.55,10.0,yes,"{""count_fp"":""10.00"",""created_time"":""2026-04-28T12:47:18.612332Z"",""no_price_dollars"":""0.4500"",""taker_side"":""yes"",""ticker"":""KXETH15M-26APR280900-00"",""trade_id"":""b1ce5d63-1e42-69d4-7889-f85253a3dd34"",""yes_price_dollars"":""0.5500""}"
KXETH15M-26APR280900-00,34d2cf87-b457-6af1-4b18-b8506576b68b,1777380438,0.55,4.1,yes,"{""count_fp"":""4.10"",""created_time"":""2026-04-28T12:47:18.612332Z"",""no_price_dollars"":""0.4500"",""taker_side"":""yes"",""ticker"":""KXETH15M-26APR280900-00"",""trade_id"":""34d2cf87-b457-6af1-4b18-b8506576b68b"",""yes_price_dollars"":""0.5500""}"
KXETH15M-26APR280900-00,63ba5078-539b-4812-fa00-224f2a45996a,1777380439,0.55,10.57,yes,"{""count_fp"":""10.57"",""created_time"":""2026-04-28T12:47:19.878046Z"",""no_price_dollars"":""0.4500"",""taker_side"":""yes"",""ticker"":""KXETH15M-26APR280900-00"",""trade_id"":""63ba5078-539b-4812-fa00-224f2a45996a"",""yes_price_dollars"":""0.5500""}"
KXETH15M-26APR280900-00,29049e80-47c3-4b8d-ca77-fcc4c1a33dbf,1777380439,0.55,4.78,yes,"{""count_fp"":""4.78"",""created_time"":""2026-04-28T12:47:19.151279Z"",""no_price_dollars"":""0.4500"",""taker_side"":""yes"",""ticker"":""KXETH15M-26APR280900-00"",""trade_id"":""29049e80-47c3-4b8d-ca77-fcc4c1a33dbf"",""yes_price_dollars"":""0.5500""}"
KXETH15M-26APR280900-00,2350ed88-ce97-4686-cfea-fefca1e7a3ae,1777380439,0.55,4.03,yes,"{""count_fp"":""4.03"",""created_time"":""2026-04-28T12:47:19.151279Z"",""no_price_dollars"":""0.4500"",""taker_side"":""yes"",""ticker"":""KXETH15M-26APR280900-00"",""trade_id"":""2350ed88-ce97-4686-cfea-fefca1e7a3ae"",""yes_price_dollars"":""0.5500""}"
KXETH15M-26APR280900-00,4f57f0ef-6583-695a-d3f9-c0f906dbfb96,1777380440,0.55,15.0,yes,"{""count_fp"":""15.00"",""created_time"":""2026-04-28T12:47:20.174924Z"",""no_price_dollars"":""0.4500"",""taker_side"":""yes"",""ticker"":""KXETH15M-26APR280900-00"",""trade_id"":""4f57f0ef-6583-695a-d3f9-c0f906dbfb96"",""yes_price_dollars"":""0.5500""}"
KXETH15M-26APR280900-00,08ad06a4-183b-45c6-3118-053c09e1b032,1777380441,0.55,125.14,yes,"{""count_fp"":""125.14"",""created_time"":""2026-04-28T12:47:21.752724Z"",""no_price_dollars"":""0.4500"",""taker_side"":""yes"",""ticker"":""KXETH15M-26APR280900-00"",""trade_id"":""08ad06a4-183b-45c6-3118-053c09e1b032"",""yes_price_dollars"":""0.5500""}"
KXETH15M-26APR280900-00,c364d65e-d77b-58b0-51bf-e1d19e062d44,1777380446,0.53,1.06,no,"{""count_fp"":""1.06"",""created_time"":""2026-04-28T12:47:26.403647Z"",""no_price_dollars"":""0.4700"",""taker_side"":""no"",""ticker"":""KXETH15M-26APR280900-00"",""trade_id"":""c364d65e-d77b-58b0-51bf-e1d19e062d44"",""yes_price_dollars"":""0.5300""}"
KXETH15M-26APR280900-00,bfa964ff-d87c-50d9-4df1-fcc8c17bd545,1777380446,0.54,1.0,no,"{""count_fp"":""1.00"",""created_time"":""2026-04-28T12:47:26.403647Z"",""no_price_dollars"":""0.4600"",""taker_side"":""no"",""ticker"":""KXETH15M-26APR280900-00"",""trade_id"":""bfa964ff-d87c-50d9-4df1-fcc8c17bd545"",""yes_price_dollars"":""0.5400""}"
KXETH15M-26APR280900-00,dee7aaf1-cfec-489a-84ec-eaf82343bb44,1777380447,0.54,0.88,yes,"{""count_fp"":""0.88"",""created_time"":""2026-04-28T12:47:27.037517Z"",""no_price_dollars"":""0.4600"",""taker_side"":""yes"",""ticker"":""KXETH15M-26APR280900-00"",""trade_id"":""dee7aaf1-cfec-489a-84ec-eaf82343bb44"",""yes_price_dollars"":""0.5400""}"
KXETH15M-26APR280900-00,5fe602f9-a74b-62ca-87b3-a75aed5d1fd6,1777380450,0.54,1.79,yes,"{""count_fp"":""1.79"",""created_time"":""2026-04-28T12:47:30.592306Z"",""no_price_dollars"":""0.4600"",""taker_side"":""yes"",""ticker"":""KXETH15M-26APR280900-00"",""trade_id"":""5fe602f9-a74b-62ca-87b3-a75aed5d1fd6"",""yes_price_dollars"":""0.5400""}"
KXETH15M-26APR280900-00,97a9ff15-d2d8-7d07-3eff-c44356525ddb,1777380461,0.55,1.0,yes,"{""count_fp"":""1.00"",""created_time"":""2026-04-28T12:47:41.398673Z"",""no_price_dollars"":""0.4500"",""taker_side"":""yes"",""ticker"":""KXETH15M-26APR280900-00"",""trade_id"":""97a9ff15-d2d8-7d07-3eff-c44356525ddb"",""yes_price_dollars"":""0.5500""}"
KXETH15M-26APR280900-00,f87aae53-2ce3-53aa-8025-17e56416b418,1777380475,0.58,27.0,no,"{""count_fp"":""27.00"",""created_time"":""2026-04-28T12:47:55.582536Z"",""no_price_dollars"":""0.4200"",""taker_side"":""no"",""ticker"":""KXETH15M-26APR280900-00"",""trade_id"":""f87aae53-2ce3-53aa-8025-17e56416b418"",""yes_price_dollars"":""0.5800""}"
KXETH15M-26APR280900-00,9c33a5ba-09cb-511e-b741-069516c8380c,1777380475,0.58,10.0,no,"{""count_fp"":""10.00"",""created_time"":""2026-04-28T12:47:55.582536Z"",""no_price_dollars"":""0.4200"",""taker_side"":""no"",""ticker"":""KXETH15M-26APR280900-00"",""trade_id"":""9c33a5ba-09cb-511e-b741-069516c8380c"",""yes_price_dollars"":""0.5800""}"
KXETH15M-26APR280900-00,209a963a-f2ce-597b-964e-ca55f631d628,1777380475,0.58,3.0,no,"{""count_fp"":""3.00"",""created_time"":""2026-04-28T12:47:55.582536Z"",""no_price_dollars"":""0.4200"",""taker_side"":""no"",""ticker"":""KXETH15M-26APR280900-00"",""trade_id"":""209a963a-f2ce-597b-964e-ca55f631d628"",""yes_price_dollars"":""0.5800""}"
KXETH15M-26APR280900-00,6cd68090-1392-6034-7fe0-9abe3a2ae50c,1777380476,0.66,3.0,yes,"{""count_fp"":""3.00"",""created_time"":""2026-04-28T12:47:56.849484Z"",""no_price_dollars"":""0.3400"",""taker_side"":""yes"",""ticker"":""KXETH15M-26APR280900-00"",""trade_id"":""6cd68090-1392-6034-7fe0-9abe3a2ae50c"",""yes_price_dollars"":""0.6600""}"
KXETH15M-26APR280900-00,c1af6a1b-8960-42a2-3611-5c0ce3e482b8,1777380476,0.61,10.0,yes,"{""count_fp"":""10.00"",""created_time"":""2026-04-28T12:47:56.003101Z"",""no_price_dollars"":""0.3900"",""taker_side"":""yes"",""ticker"":""KXETH15M-26APR280900-00"",""trade_id"":""c1af6a1b-8960-42a2-3611-5c0ce3e482b8"",""yes_price_dollars"":""0.6100""}"
KXETH15M-26APR280900-00,9a2ec7d4-ffc2-48d1-0c1f-c59177758047,1777380476,0.61,10.0,yes,"{""count_fp"":""10.00"",""created_time"":""2026-04-28T12:47:56.003101Z"",""no_price_dollars"":""0.3900"",""taker_side"":""yes"",""ticker"":""KXETH15M-26APR280900-00"",""trade_id"":""9a2ec7d4-ffc2-48d1-0c1f-c59177758047"",""yes_price_dollars"":""0.6100""}"
KXETH15M-26APR280900-00,7946a9c6-e34f-450b-287c-5c682ced00f8,1777380476,0.61,60.0,yes,"{""count_fp"":""60.00"",""created_time"":""2026-04-28T12:47:56.003101Z"",""no_price_dollars"":""0.3900"",""taker_side"":""yes"",""ticker"":""KXETH15M-26APR280900-00"",""trade_id"":""7946a9c6-e34f-450b-287c-5c682ced00f8"",""yes_price_dollars"":""0.6100""}"
KXETH15M-26APR280900-00,3dcc69f0-fffe-6498-405a-197421b21c7d,1777380477,0.63,10.0,no,"{""count_fp"":""10.00"",""created_time"":""2026-04-28T12:47:57.433437Z"",""no_price_dollars"":""0.3700"",""taker_side"":""no"",""ticker"":""KXETH15M-26APR280900-00"",""trade_id"":""3dcc69f0-fffe-6498-405a-197421b21c7d"",""yes_price_dollars"":""0.6300""}"
KXETH15M-26APR280900-00,d525ce83-3de3-694c-e16d-7af7e6ad9188,1777380480,0.62,66.0,no,"{""count_fp"":""66.00"",""created_time"":""2026-04-28T12:48:00.826451Z"",""no_price_dollars"":""0.3800"",""taker_side"":""no"",""ticker"":""KXETH15M-26APR280900-00"",""trade_id"":""d525ce83-3de3-694c-e16d-7af7e6ad9188"",""yes_price_dollars"":""0.6200""}"
KXETH15M-26APR280900-00,1201bc11-c757-6676-c78c-078bce8068fc,1777380480,0.61,100.0,no,"{""count_fp"":""100.00"",""created_time"":""2026-04-28T12:48:00.826451Z"",""no_price_dollars"":""0.3900"",""taker_side"":""no"",""ticker"":""KXETH15M-26APR280900-00"",""trade_id"":""1201bc11-c757-6676-c78c-078bce8068fc"",""yes_price_dollars"":""0.6100""}"
KXETH15M-26APR280900-00,60ca31e8-c002-4e10-0848-13b04e7a323a,1777380480,0.62,10.0,no,"{""count_fp"":""10.00"",""created_time"":""2026-04-28T12:48:00.820555Z"",""no_price_dollars"":""0.3800"",""taker_side"":""no"",""ticker"":""KXETH15M-26APR280900-00"",""trade_id"":""60ca31e8-c002-4e10-0848-13b04e7a323a"",""yes_price_dollars"":""0.6200""}"
KXETH15M-26APR280900-00,9bdbaef9-0a2d-4bf8-a5f1-4f0bd4b2faed,1777380481,0.59,10.0,no,"{""count_fp"":""10.00"",""created_time"":""2026-04-28T12:48:01.370276Z"",""no_price_dollars"":""0.4100"",""taker_side"":""no"",""ticker"":""KXETH15M-26APR280900-00"",""trade_id"":""9bdbaef9-0a2d-4bf8-a5f1-4f0bd4b2faed"",""yes_price_dollars"":""0.5900""}"
KXETH15M-26APR280900-00,17271d3c-09d8-465a-9a46-84578e9f80fe,1777380481,0.59,50.0,no,"{""count_fp"":""50.00"",""created_time"":""2026-04-28T12:48:01.370276Z"",""no_price_dollars"":""0.4100"",""taker_side"":""no"",""ticker"":""KXETH15M-26APR280900-00"",""trade_id"":""17271d3c-09d8-465a-9a46-84578e9f80fe"",""yes_price_dollars"":""0.5900""}"
KXETH15M-26APR280900-00,347f727b-b753-5895-c1a4-aef2b1cd9458,1777380481,0.6,10.0,no,"{""count_fp"":""10.00"",""created_time"":""2026-04-28T12:48:01.229157Z"",""no_price_dollars"":""0.4000"",""taker_side"":""no"",""ticker"":""KXETH15M-26APR280900-00"",""trade_id"":""347f727b-b753-5895-c1a4-aef2b1cd9458"",""yes_price_dollars"":""0.6000""}"
KXETH15M-26APR280900-00,0118198a-2b12-7ad1-0606-87e26165cfb7,1777380482,0.57,9.0,yes,"{""count_fp"":""9.00"",""created_time"":""2026-04-28T12:48:02.492928Z"",""no_price_dollars"":""0.4300"",""taker_side"":""yes"",""ticker"":""KXETH15M-26APR280900-00"",""trade_id"":""0118198a-2b12-7ad1-0606-87e26165cfb7"",""yes_price_dollars"":""0.5700""}"
KXETH15M-26APR280900-00,84222141-5382-7998-6e29-c9aea8dc4ab8,1777380482,0.56,10.0,yes,"{""count_fp"":""10.00"",""created_time"":""2026-04-28T12:48:02.326612Z"",""no_price_dollars"":""0.4400"",""taker_side"":""yes"",""ticker"":""KXETH15M-26APR280900-00"",""trade_id"":""84222141-5382-7998-6e29-c9aea8dc4ab8"",""yes_price_dollars"":""0.5600""}"
KXETH15M-26APR280900-00,0bc12b98-0aa6-7fc9-6e6b-7188e4e25acb,1777380482,0.57,20.86,yes,"{""count_fp"":""20.86"",""created_time"":""2026-04-28T12:48:02.326612Z"",""no_price_dollars"":""0.4300"",""taker_side"":""yes"",""ticker"":""KXETH15M-26APR280900-00"",""trade_id"":""0bc12b98-0aa6-7fc9-6e6b-7188e4e25acb"",""yes_price_dollars"":""0.5700""}"
KXETH15M-26APR280900-00,919b5ae8-d944-473c-8723-4c3d6c632dc2,1777380483,0.57,47.97,no,"{""count_fp"":""47.97"",""created_time"":""2026-04-28T12:48:03.841197Z"",""no_price_dollars"":""0.4300"",""taker_side"":""no"",""ticker"":""KXETH15M-26APR280900-00"",""trade_id"":""919b5ae8-d944-473c-8723-4c3d6c632dc2"",""yes_price_dollars"":""0.5700""}"
KXETH15M-26APR280900-00,7a7ea7a2-6757-4657-bc2d-37477b7c40e3,1777380483,0.57,10.0,no,"{""count_fp"":""10.00"",""created_time"":""2026-04-28T12:48:03.841197Z"",""no_price_dollars"":""0.4300"",""taker_side"":""no"",""ticker"":""KXETH15M-26APR280900-00"",""trade_id"":""7a7ea7a2-6757-4657-bc2d-37477b7c40e3"",""yes_price_dollars"":""0.5700""}"
KXETH15M-26APR280900-00,0dcd4b92-8070-7467-f05b-ab21434301cf,1777380483,0.56,10.0,yes,"{""count_fp"":""10.00"",""created_time"":""2026-04-28T12:48:03.530582Z"",""no_price_dollars"":""0.4400"",""taker_side"":""yes"",""ticker"":""KXETH15M-26APR280900-00"",""trade_id"":""0dcd4b92-8070-7467-f05b-ab21434301cf"",""yes_price_dollars"":""0.5600""}"
KXETH15M-26APR280900-00,1c268dfd-8ddb-6550-e2a9-bf20c3cf457f,1777380484,0.61,10.0,yes,"{""count_fp"":""10.00"",""created_time"":""2026-04-28T12:48:04.942665Z"",""no_price_dollars"":""0.3900"",""taker_side"":""yes"",""ticker"":""KXETH15M-26APR280900-00"",""trade_id"":""1c268dfd-8ddb-6550-e2a9-bf20c3cf457f"",""yes_price_dollars"":""0.6100""}"
KXETH15M-26APR280900-00,d1cdb493-5ca0-6232-50c3-0b10db33af33,1777380485,0.6,10.0,yes,"{""count_fp"":""10.00"",""created_time"":""2026-04-28T12:48:05.501511Z"",""no_price_dollars"":""0.4000"",""taker_side"":""yes"",""ticker"":""KXETH15M-26APR280900-00"",""trade_id"":""d1cdb493-5ca0-6232-50c3-0b10db33af33"",""yes_price_dollars"":""0.6000""}"
KXETH15M-26APR280900-00,d5d03a24-4086-4cd7-c631-f22fedea201c,1777380487,0.61,10.0,yes,"{""count_fp"":""10.00"",""created_time"":""2026-04-28T12:48:07.022181Z"",""no_price_dollars"":""0.3900"",""taker_side"":""yes"",""ticker"":""KXETH15M-26APR280900-00"",""trade_id"":""d5d03a24-4086-4cd7-c631-f22fedea201c"",""yes_price_dollars"":""0.6100""}"
KXETH15M-26APR280900-00,d5a0d8ad-3a90-7fe9-438c-61aafa08807d,1777380489,0.61,115.14,no,"{""count_fp"":""115.14"",""created_time"":""2026-04-28T12:48:09.817562Z"",""no_price_dollars"":""0.3900"",""taker_side"":""no"",""ticker"":""KXETH15M-26APR280900-00"",""trade_id"":""d5a0d8ad-3a90-7fe9-438c-61aafa08807d"",""yes_price_dollars"":""0.6100""}"
KXETH15M-26APR280900-00,b0c80342-120e-7504-686a-0e649d791f9d,1777380489,0.61,10.0,no,"{""count_fp"":""10.00"",""created_time"":""2026-04-28T12:48:09.817562Z"",""no_price_dollars"":""0.3900"",""taker_side"":""no"",""ticker"":""KXETH15M-26APR280900-00"",""trade_id"":""b0c80342-120e-7504-686a-0e649d791f9d"",""yes_price_dollars"":""0.6100""}"
KXETH15M-26APR280900-00,03de51b1-6e63-57eb-881f-4737ed7329b6,1777380491,0.75,15.0,yes,"{""count_fp"":""15.00"",""created_time"":""2026-04-28T12:48:11.629822Z"",""no_price_dollars"":""0.2500"",""taker_side"":""yes"",""ticker"":""KXETH15M-26APR280900-00"",""trade_id"":""03de51b1-6e63-57eb-881f-4737ed7329b6"",""yes_price_dollars"":""0.7500""}"
KXETH15M-26APR280900-00,654ccfed-5a34-4eee-61bc-0feb723a2ae3,1777380491,0.76,1.0,no,"{""count_fp"":""1.00"",""created_time"":""2026-04-28T12:48:11.218752Z"",""no_price_dollars"":""0.2400"",""taker_side"":""no"",""ticker"":""KXETH15M-26APR280900-00"",""trade_id"":""654ccfed-5a34-4eee-61bc-0feb723a2ae3"",""yes_price_dollars"":""0.7600""}"
KXETH15M-26APR280900-00,8d8fb2d7-d734-53e0-7543-afdbb83c4366,1777380491,0.7,60.0,yes,"{""count_fp"":""60.00"",""created_time"":""2026-04-28T12:48:11.108276Z"",""no_price_dollars"":""0.3000"",""taker_side"":""yes"",""ticker"":""KXETH15M-26APR280900-00"",""trade_id"":""8d8fb2d7-d734-53e0-7543-afdbb83c4366"",""yes_price_dollars"":""0.7000""}"
KXETH15M-26APR280900-00,7f33f958-6653-5e25-5484-d90758432bec,1777380491,0.7,15.0,yes,"{""count_fp"":""15.00"",""created_time"":""2026-04-28T12:48:11.108276Z"",""no_price_dollars"":""0.3000"",""taker_side"":""yes"",""ticker"":""KXETH15M-26APR280900-00"",""trade_id"":""7f33f958-6653-5e25-5484-d90758432bec"",""yes_price_dollars"":""0.7000""}"
KXETH15M-26APR280900-00,8714841b-e27a-5484-4db8-5ecaf8646e28,1777380491,0.69,10.0,yes,"{""count_fp"":""10.00"",""created_time"":""2026-04-28T12:48:11.089794Z"",""no_price_dollars"":""0.3100"",""taker_side"":""yes"",""ticker"":""KXETH15M-26APR280900-00"",""trade_id"":""8714841b-e27a-5484-4db8-5ecaf8646e28"",""yes_price_dollars"":""0.6900""}"
KXETH15M-26APR280900-00,d011b15c-6f80-5b33-3d1e-b9b93002d64d,1777380496,0.68,200.0,no,"{""count_fp"":""200.00"",""created_time"":""2026-04-28T12:48:16.037291Z"",""no_price_dollars"":""0.3200"",""taker_side"":""no"",""ticker"":""KXETH15M-26APR280900-00"",""trade_id"":""d011b15c-6f80-5b33-3d1e-b9b93002d64d"",""yes_price_dollars"":""0.6800""}"
KXETH15M-26APR280900-00,c74dd9e0-23fb-5a87-9e51-5464a7711436,1777380498,0.74,1.0,yes,"{""count_fp"":""1.00"",""created_time"":""2026-04-28T12:48:18.260057Z"",""no_price_dollars"":""0.2600"",""taker_side"":""yes"",""ticker"":""KXETH15M-26APR280900-00"",""trade_id"":""c74dd9e0-23fb-5a87-9e51-5464a7711436"",""yes_price_dollars"":""0.7400""}"
KXETH15M-26APR280900-00,f836d50f-16a3-6a87-d284-f6e49c9e4ac6,1777380500,0.73,33.61,yes,"{""count_fp"":""33.61"",""created_time"":""2026-04-28T12:48:20.675982Z"",""no_price_dollars"":""0.2700"",""taker_side"":""yes"",""ticker"":""KXETH15M-26APR280900-00"",""trade_id"":""f836d50f-16a3-6a87-d284-f6e49c9e4ac6"",""yes_price_dollars"":""0.7300""}"
KXETH15M-26APR280900-00,2ac8814f-bfd4-696e-4cd1-e5288461afd3,1777380501,0.7,1.0,no,"{""count_fp"":""1.00"",""created_time"":""2026-04-28T12:48:21.204779Z"",""no_price_dollars"":""0.3000"",""taker_side"":""no"",""ticker"":""KXETH15M-26APR280900-00"",""trade_id"":""2ac8814f-bfd4-696e-4cd1-e5288461afd3"",""yes_price_dollars"":""0.7000""}"
KXETH15M-26APR280900-00,19e60a4e-577d-6d3f-4ecc-cb9ae4bdaa05,1777380501,0.7,10.0,no,"{""count_fp"":""10.00"",""created_time"":""2026-04-28T12:48:21.204779Z"",""no_price_dollars"":""0.3000"",""taker_side"":""no"",""ticker"":""KXETH15M-26APR280900-00"",""trade_id"":""19e60a4e-577d-6d3f-4ecc-cb9ae4bdaa05"",""yes_price_dollars"":""0.7000""}"
KXETH15M-26APR280900-00,f3bea4f7-2147-4359-8e05-53c23014ed60,1777380502,0.69,16.07,yes,"{""count_fp"":""16.07"",""created_time"":""2026-04-28T12:48:22.458092Z"",""no_price_dollars"":""0.3100"",""taker_side"":""yes"",""ticker"":""KXETH15M-26APR280900-00"",""trade_id"":""f3bea4f7-2147-4359-8e05-53c23014ed60"",""yes_price_dollars"":""0.6900""}"
KXETH15M-26APR280900-00,bba3dd31-536f-555e-47fd-371db4d91157,1777380503,0.65,10.0,no,"{""count_fp"":""10.00"",""created_time"":""2026-04-28T12:48:23.949507Z"",""no_price_dollars"":""0.3500"",""taker_side"":""no"",""ticker"":""KXETH15M-26APR280900-00"",""trade_id"":""bba3dd31-536f-555e-47fd-371db4d91157"",""yes_price_dollars"":""0.6500""}"
KXETH15M-26APR280900-00,8f574a7e-5025-5e40-61df-fdeec3aa5ebb,1777380503,0.64,10.0,no,"{""count_fp"":""10.00"",""created_time"":""2026-04-28T12:48:23.949507Z"",""no_price_dollars"":""0.3600"",""taker_side"":""no"",""ticker"":""KXETH15M-26APR280900-00"",""trade_id"":""8f574a7e-5025-5e40-61df-fdeec3aa5ebb"",""yes_price_dollars"":""0.6400""}"
KXETH15M-26APR280900-00,1038fb9c-143d-6415-9cf7-c28b3c5244eb,1777380503,0.68,9.0,no,"{""count_fp"":""9.00"",""created_time"":""2026-04-28T12:48:23.887528Z"",""no_price_dollars"":""0.3200"",""taker_side"":""no"",""ticker"":""KXETH15M-26APR280900-00"",""trade_id"":""1038fb9c-143d-6415-9cf7-c28b3c5244eb"",""yes_price_dollars"":""0.6800""}"
KXETH15M-26APR280900-00,d740d550-455f-5e9d-683f-cd2ef5707734,1777380505,0.63,7.09,yes,"{""count_fp"":""7.09"",""created_time"":""2026-04-28T12:48:25.811928Z"",""no_price_dollars"":""0.3700"",""taker_side"":""yes"",""ticker"":""KXETH15M-26APR280900-00"",""trade_id"":""d740d550-455f-5e9d-683f-cd2ef5707734"",""yes_price_dollars"":""0.6300""}"
KXETH15M-26APR280900-00,9f99173a-7d73-5751-4054-961dc479eed0,1777380505,0.63,8.0,yes,"{""count_fp"":""8.00"",""created_time"":""2026-04-28T12:48:25.423833Z"",""no_price_dollars"":""0.3700"",""taker_side"":""yes"",""ticker"":""KXETH15M-26APR280900-00"",""trade_id"":""9f99173a-7d73-5751-4054-961dc479eed0"",""yes_price_dollars"":""0.6300""}"
KXETH15M-26APR280900-00,1f1b9cda-32d7-5de9-a271-1bc93264aa58,1777380506,0.63,23.2,yes,"{""count_fp"":""23.20"",""created_time"":""2026-04-28T12:48:26.733182Z"",""no_price_dollars"":""0.3700"",""taker_side"":""yes"",""ticker"":""KXETH15M-26APR280900-00"",""trade_id"":""1f1b9cda-32d7-5de9-a271-1bc93264aa58"",""yes_price_dollars"":""0.6300""}"
KXETH15M-26APR280900-00,fe672c56-3c22-5773-85f2-e8dc8290bce7,1777380506,0.62,5.0,no,"{""count_fp"":""5.00"",""created_time"":""2026-04-28T12:48:26.468506Z"",""no_price_dollars"":""0.3800"",""taker_side"":""no"",""ticker"":""KXETH15M-26APR280900-00"",""trade_id"":""fe672c56-3c22-5773-85f2-e8dc8290bce7"",""yes_price_dollars"":""0.6200""}"
KXETH15M-26APR280900-00,ef2761cd-06f7-5a35-894d-7c31b570a4e9,1777380506,0.62,5.0,no,"{""count_fp"":""5.00"",""created_time"":""2026-04-28T12:48:26.468506Z"",""no_price_dollars"":""0.3800"",""taker_side"":""no"",""ticker"":""KXETH15M-26APR280900-00"",""trade_id"":""ef2761cd-06f7-5a35-894d-7c31b570a4e9"",""yes_price_dollars"":""0.6200""}"
KXETH15M-26APR280900-00,dce8035c-8caf-752d-e28c-9d26a04619e0,1777380506,0.63,3.86,yes,"{""count_fp"":""3.86"",""created_time"":""2026-04-28T12:48:26.167458Z"",""no_price_dollars"":""0.3700"",""taker_side"":""yes"",""ticker"":""KXETH15M-26APR280900-00"",""trade_id"":""dce8035c-8caf-752d-e28c-9d26a04619e0"",""yes_price_dollars"":""0.6300""}"
KXETH15M-26APR280900-00,7a2b5ad9-9def-6fcd-2576-9956b746a6b4,1777380507,0.63,23.2,yes,"{""count_fp"":""23.20"",""created_time"":""2026-04-28T12:48:27.224912Z"",""no_price_dollars"":""0.3700"",""taker_side"":""yes"",""ticker"":""KXETH15M-26APR280900-00"",""trade_id"":""7a2b5ad9-9def-6fcd-2576-9956b746a6b4"",""yes_price_dollars"":""0.6300""}"
KXETH15M-26APR280900-00,763fd4d2-ec3f-75b9-9a67-a302400a0180,1777380510,0.62,31.42,yes,"{""count_fp"":""31.42"",""created_time"":""2026-04-28T12:48:30.441442Z"",""no_price_dollars"":""0.3800"",""taker_side"":""yes"",""ticker"":""KXETH15M-26APR280900-00"",""trade_id"":""763fd4d2-ec3f-75b9-9a67-a302400a0180"",""yes_price_dollars"":""0.6200""}"
KXETH15M-26APR280900-00,07db850b-ca63-5539-0a28-b0850a47c3d4,1777380510,0.62,1.54,yes,"{""count_fp"":""1.54"",""created_time"":""2026-04-28T12:48:30.146029Z"",""no_price_dollars"":""0.3800"",""taker_side"":""yes"",""ticker"":""KXETH15M-26APR280900-00"",""trade_id"":""07db850b-ca63-5539-0a28-b0850a47c3d4"",""yes_price_dollars"":""0.6200""}"
KXETH15M-26APR280900-00,c39919de-bbb7-7428-33cd-d53e0f4eca33,1777380515,0.57,10.0,no,"{""count_fp"":""10.00"",""created_time"":""2026-04-28T12:48:35.009735Z"",""no_price_dollars"":""0.4300"",""taker_side"":""no"",""ticker"":""KXETH15M-26APR280900-00"",""trade_id"":""c39919de-bbb7-7428-33cd-d53e0f4eca33"",""yes_price_dollars"":""0.5700""}"
KXETH15M-26APR280900-00,49e27af1-e9c1-79bc-2cc5-eeb3c06dc0e4,1777380515,0.61,3.0,no,"{""count_fp"":""3.00"",""created_time"":""2026-04-28T12:48:35.009735Z"",""no_price_dollars"":""0.3900"",""taker_side"":""no"",""ticker"":""KXETH15M-26APR280900-00"",""trade_id"":""49e27af1-e9c1-79bc-2cc5-eeb3c06dc0e4"",""yes_price_dollars"":""0.6100""}"
KXETH15M-26APR280900-00,4063fb65-3a94-784a-0c61-fa4f429eea42,1777380515,0.57,1.0,no,"{""count_fp"":""1.00"",""created_time"":""2026-04-28T12:48:35.009735Z"",""no_price_dollars"":""0.4300"",""taker_side"":""no"",""ticker"":""KXETH15M-26APR280900-00"",""trade_id"":""4063fb65-3a94-784a-0c61-fa4f429eea42"",""yes_price_dollars"":""0.5700""}"
KXETH15M-26APR280900-00,7ce31368-b7ea-7479-c124-ce5a0ee3f59f,1777380520,0.52,10.0,no,"{""count_fp"":""10.00"",""created_time"":""2026-04-28T12:48:40.045148Z"",""no_price_dollars"":""0.4800"",""taker_side"":""no"",""ticker"":""KXETH15M-26APR280900-00"",""trade_id"":""7ce31368-b7ea-7479-c124-ce5a0ee3f59f"",""yes_price_dollars"":""0.5200""}"
KXETH15M-26APR280900-00,eec2d87d-dc66-5047-7b6d-cca542d18c5a,1777380521,0.51,10.0,no,"{""count_fp"":""10.00"",""created_time"":""2026-04-28T12:48:41.066582Z"",""no_price_dollars"":""0.4900"",""taker_side"":""no"",""ticker"":""KXETH15M-26APR280900-00"",""trade_id"":""eec2d87d-dc66-5047-7b6d-cca542d18c5a"",""yes_price_dollars"":""0.5100""}"
KXETH15M-26APR280900-00,432aff75-537b-58a6-6f1a-6bf3b56a5f6d,1777380521,0.5,3.0,no,"{""count_fp"":""3.00"",""created_time"":""2026-04-28T12:48:41.066582Z"",""no_price_dollars"":""0.5000"",""taker_side"":""no"",""ticker"":""KXETH15M-26APR280900-00"",""trade_id"":""432aff75-537b-58a6-6f1a-6bf3b56a5f6d"",""yes_price_dollars"":""0.5000""}"
KXETH15M-26APR280900-00,c90e6014-d2cb-5fc1-b37d-c27c9af7d0f8,1777380523,0.55,1.0,yes,"{""count_fp"":""1.00"",""created_time"":""2026-04-28T12:48:43.915159Z"",""no_price_dollars"":""0.4500"",""taker_side"":""yes"",""ticker"":""KXETH15M-26APR280900-00"",""trade_id"":""c90e6014-d2cb-5fc1-b37d-c27c9af7d0f8"",""yes_price_dollars"":""0.5500""}"
KXETH15M-26APR280900-00,bdeb06d2-6fc6-62a9-9595-8c0cded9ff8d,1777380527,0.52,10.0,no,"{""count_fp"":""10.00"",""created_time"":""2026-04-28T12:48:47.190851Z"",""no_price_dollars"":""0.4800"",""taker_side"":""no"",""ticker"":""KXETH15M-26APR280900-00"",""trade_id"":""bdeb06d2-6fc6-62a9-9595-8c0cded9ff8d"",""yes_price_dollars"":""0.5200""}"
KXETH15M-26APR280900-00,dbf1ee5e-02b8-6d6a-97e5-6b5195c9bd4b,1777380527,0.53,29.0,no,"{""count_fp"":""29.00"",""created_time"":""2026-04-28T12:48:47.059156Z"",""no_price_dollars"":""0.4700"",""taker_side"":""no"",""ticker"":""KXETH15M-26APR280900-00"",""trade_id"":""dbf1ee5e-02b8-6d6a-97e5-6b5195c9bd4b"",""yes_price_dollars"":""0.5300""}"
KXETH15M-26APR280900-00,62ad3135-a8be-60bb-bef4-3f87f04710c8,1777380527,0.53,29.0,no,"{""count_fp"":""29.00"",""created_time"":""2026-04-28T12:48:47.059156Z"",""no_price_dollars"":""0.4700"",""taker_side"":""no"",""ticker"":""KXETH15M-26APR280900-00"",""trade_id"":""62ad3135-a8be-60bb-bef4-3f87f04710c8"",""yes_price_dollars"":""0.5300""}"
KXETH15M-26APR280900-00,52fc2f85-457f-5d39-a912-e01fb2278860,1777380537,0.52,20.0,yes,"{""count_fp"":""20.00"",""created_time"":""2026-04-28T12:48:57.248741Z"",""no_price_dollars"":""0.4800"",""taker_side"":""yes"",""ticker"":""KXETH15M-26APR280900-00"",""trade_id"":""52fc2f85-457f-5d39-a912-e01fb2278860"",""yes_price_dollars"":""0.5200""}"
KXETH15M-26APR280900-00,6162e72b-8456-5101-b61b-6518b293eef3,1777380537,0.51,10.0,no,"{""count_fp"":""10.00"",""created_time"":""2026-04-28T12:48:57.029815Z"",""no_price_dollars"":""0.4900"",""taker_side"":""no"",""ticker"":""KXETH15M-26APR280900-00"",""trade_id"":""6162e72b-8456-5101-b61b-6518b293eef3"",""yes_price_dollars"":""0.5100""}"
KXETH15M-26APR280900-00,8902949f-4ed8-434b-be3f-db1ceb3f43a6,1777380538,0.48,10.0,no,"{""count_fp"":""10.00"",""created_time"":""2026-04-28T12:48:58.834008Z"",""no_price_dollars"":""0.5200"",""taker_side"":""no"",""ticker"":""KXETH15M-26APR280900-00"",""trade_id"":""8902949f-4ed8-434b-be3f-db1ceb3f43a6"",""yes_price_dollars"":""0.4800""}"
KXETH15M-26APR280900-00,0b8c26f3-ad52-4177-948b-1e5c0b681580,1777380538,0.48,10.0,no,"{""count_fp"":""10.00"",""created_time"":""2026-04-28T12:48:58.834008Z"",""no_price_dollars"":""0.5200"",""taker_side"":""no"",""ticker"":""KXETH15M-26APR280900-00"",""trade_id"":""0b8c26f3-ad52-4177-948b-1e5c0b681580"",""yes_price_dollars"":""0.4800""}"
KXETH15M-26APR280900-00,f5606dff-ee3f-42be-ca03-a167a3922dbd,1777380539,0.43,1.67,no,"{""count_fp"":""1.67"",""created_time"":""2026-04-28T12:48:59.892438Z"",""no_price_dollars"":""0.5700"",""taker_side"":""no"",""ticker"":""KXETH15M-26APR280900-00"",""trade_id"":""f5606dff-ee3f-42be-ca03-a167a3922dbd"",""yes_price_dollars"":""0.4300""}"
KXETH15M-26APR280900-00,ee321fc4-028b-6d7e-5037-5eb3f94b8b14,1777380540,0.48,10.0,yes,"{""count_fp"":""10.00"",""created_time"":""2026-04-28T12:49:00.916824Z"",""no_price_dollars"":""0.5200"",""taker_side"":""yes"",""ticker"":""KXETH15M-26APR280900-00"",""trade_id"":""ee321fc4-028b-6d7e-5037-5eb3f94b8b14"",""yes_price_dollars"":""0.4800""}"
KXETH15M-26APR280900-00,464dc6b6-f0e0-7caf-e39a-76b5bdbee3ce,1777380545,0.46,10.0,no,"{""count_fp"":""10.00"",""created_time"":""2026-04-28T12:49:05.500297Z"",""no_price_dollars"":""0.5400"",""taker_side"":""no"",""ticker"":""KXETH15M-26APR280900-00"",""trade_id"":""464dc6b6-f0e0-7caf-e39a-76b5bdbee3ce"",""yes_price_dollars"":""0.4600""}"
KXETH15M-26APR280900-00,e88f7ec4-d31e-4206-3315-3dc6e36bd0bf,1777380559,0.55,10.0,yes,"{""count_fp"":""10.00"",""created_time"":""2026-04-28T12:49:19.143218Z"",""no_price_dollars"":""0.4500"",""taker_side"":""yes"",""ticker"":""KXETH15M-26APR280900-00"",""trade_id"":""e88f7ec4-d31e-4206-3315-3dc6e36bd0bf"",""yes_price_dollars"":""0.5500""}"
KXETH15M-26APR280900-00,99bcf406-3ff9-6c02-a574-79dc856618d8,1777380565,0.5,10.0,no,"{""count_fp"":""10.00"",""created_time"":""2026-04-28T12:49:25.883806Z"",""no_price_dollars"":""0.5000"",""taker_side"":""no"",""ticker"":""KXETH15M-26APR280900-00"",""trade_id"":""99bcf406-3ff9-6c02-a574-79dc856618d8"",""yes_price_dollars"":""0.5000""}"
KXETH15M-26APR280900-00,11f84c09-5214-5d44-f009-ad750d2b2bd2,1777380567,0.48,1.0,no,"{""count_fp"":""1.00"",""created_time"":""2026-04-28T12:49:27.499869Z"",""no_price_dollars"":""0.5200"",""taker_side"":""no"",""ticker"":""KXETH15M-26APR280900-00"",""trade_id"":""11f84c09-5214-5d44-f009-ad750d2b2bd2"",""yes_price_dollars"":""0.4800""}"
KXETH15M-26APR280900-00,97c19590-dac7-62ed-af74-0ae06b69c284,1777380570,0.48,1.82,yes,"{""count_fp"":""1.82"",""created_time"":""2026-04-28T12:49:30.530459Z"",""no_price_dollars"":""0.5200"",""taker_side"":""yes"",""ticker"":""KXETH15M-26APR280900-00"",""trade_id"":""97c19590-dac7-62ed-af74-0ae06b69c284"",""yes_price_dollars"":""0.4800""}"
KXETH15M-26APR280900-00,9c5fea4b-43f1-4ec8-2baa-07ebaea8c474,1777380586,0.53,10.0,yes,"{""count_fp"":""10.00"",""created_time"":""2026-04-28T12:49:46.776623Z"",""no_price_dollars"":""0.4700"",""taker_side"":""yes"",""ticker"":""KXETH15M-26APR280900-00"",""trade_id"":""9c5fea4b-43f1-4ec8-2baa-07ebaea8c474"",""yes_price_dollars"":""0.5300""}"
KXETH15M-26APR280900-00,5589763b-8887-48e9-2a26-81a926355c7c,1777380586,0.54,64.96,yes,"{""count_fp"":""64.96"",""created_time"":""2026-04-28T12:49:46.776623Z"",""no_price_dollars"":""0.4600"",""taker_side"":""yes"",""ticker"":""KXETH15M-26APR280900-00"",""trade_id"":""5589763b-8887-48e9-2a26-81a926355c7c"",""yes_price_dollars"":""0.5400""}"
KXETH15M-26APR280900-00,1c691170-48cb-4e5b-0455-4873e7037ef8,1777380586,0.53,10.0,yes,"{""count_fp"":""10.00"",""created_time"":""2026-04-28T12:49:46.776623Z"",""no_price_dollars"":""0.4700"",""taker_side"":""yes"",""ticker"":""KXETH15M-26APR280900-00"",""trade_id"":""1c691170-48cb-4e5b-0455-4873e7037ef8"",""yes_price_dollars"":""0.5300""}"
KXETH15M-26APR280900-00,b9e1db92-f891-7c06-9ce7-11081a5b3df1,1777380588,0.6,34.0,no,"{""count_fp"":""34.00"",""created_time"":""2026-04-28T12:49:48.566028Z"",""no_price_dollars"":""0.4000"",""taker_side"":""no"",""ticker"":""KXETH15M-26APR280900-00"",""trade_id"":""b9e1db92-f891-7c06-9ce7-11081a5b3df1"",""yes_price_dollars"":""0.6000""}"
KXETH15M-26APR280900-00,a9142b0a-a471-46f4-6bcb-8046bfba1db2,1777380588,0.61,34.0,no,"{""count_fp"":""34.00"",""created_time"":""2026-04-28T12:49:48.410229Z"",""no_price_dollars"":""0.3900"",""taker_side"":""no"",""ticker"":""KXETH15M-26APR280900-00"",""trade_id"":""a9142b0a-a471-46f4-6bcb-8046bfba1db2"",""yes_price_dollars"":""0.6100""}"
KXETH15M-26APR280900-00,7af7530d-bfd7-469f-f457-e36e30be3967,1777380588,0.59,54.0,yes,"{""count_fp"":""54.00"",""created_time"":""2026-04-28T12:49:48.209043Z"",""no_price_dollars"":""0.4100"",""taker_side"":""yes"",""ticker"":""KXETH15M-26APR280900-00"",""trade_id"":""7af7530d-bfd7-469f-f457-e36e30be3967"",""yes_price_dollars"":""0.5900""}"
KXETH15M-26APR280900-00,59df391d-730f-4cb1-e7ea-c4c6a9108fd3,1777380588,0.59,50.0,yes,"{""count_fp"":""50.00"",""created_time"":""2026-04-28T12:49:48.209043Z"",""no_price_dollars"":""0.4100"",""taker_side"":""yes"",""ticker"":""KXETH15M-26APR280900-00"",""trade_id"":""59df391d-730f-4cb1-e7ea-c4c6a9108fd3"",""yes_price_dollars"":""0.5900""}"
KXETH15M-26APR280900-00,c8162ae3-2206-6575-5526-b4f6cc5b87ef,1777380588,0.54,10.0,yes,"{""count_fp"":""10.00"",""created_time"":""2026-04-28T12:49:48.175216Z"",""no_price_dollars"":""0.4600"",""taker_side"":""yes"",""ticker"":""KXETH15M-26APR280900-00"",""trade_id"":""c8162ae3-2206-6575-5526-b4f6cc5b87ef"",""yes_price_dollars"":""0.5400""}"
KXETH15M-26APR280900-00,1fd36ffd-9138-78aa-f342-3fcbbf2740c3,1777380589,0.66,10.0,yes,"{""count_fp"":""10.00"",""created_time"":""2026-04-28T12:49:49.922444Z"",""no_price_dollars"":""0.3400"",""taker_side"":""yes"",""ticker"":""KXETH15M-26APR280900-00"",""trade_id"":""1fd36ffd-9138-78aa-f342-3fcbbf2740c3"",""yes_price_dollars"":""0.6600""}"
KXETH15M-26APR280900-00,9452d877-8b77-4bcf-e341-3558b2a5c9de,1777380589,0.67,1.0,yes,"{""count_fp"":""1.00"",""created_time"":""2026-04-28T12:49:49.133005Z"",""no_price_dollars"":""0.3300"",""taker_side"":""yes"",""ticker"":""KXETH15M-26APR280900-00"",""trade_id"":""9452d877-8b77-4bcf-e341-3558b2a5c9de"",""yes_price_dollars"":""0.6700""}"
KXETH15M-26APR280900-00,c05ef870-7292-6124-30f2-b4ed5e746604,1777380594,0.7,10.0,yes,"{""count_fp"":""10.00"",""created_time"":""2026-04-28T12:49:54.085104Z"",""no_price_dollars"":""0.3000"",""taker_side"":""yes"",""ticker"":""KXETH15M-26APR280900-00"",""trade_id"":""c05ef870-7292-6124-30f2-b4ed5e746604"",""yes_price_dollars"":""0.7000""}"
KXETH15M-26APR280900-00,33dba993-8f4e-6f6c-24f5-35df05a78ec7,1777380594,0.7,10.0,yes,"{""count_fp"":""10.00"",""created_time"":""2026-04-28T12:49:54.085104Z"",""no_price_dollars"":""0.3000"",""taker_side"":""yes"",""ticker"":""KXETH15M-26APR280900-00"",""trade_id"":""33dba993-8f4e-6f6c-24f5-35df05a78ec7"",""yes_price_dollars"":""0.7000""}"
KXETH15M-26APR280900-00,f17087bd-b045-409e-7d2f-c1fe7a4d1eb9,1777380598,0.67,190.0,no,"{""count_fp"":""190.00"",""created_time"":""2026-04-28T12:49:58.257718Z"",""no_price_dollars"":""0.3300"",""taker_side"":""no"",""ticker"":""KXETH15M-26APR280900-00"",""trade_id"":""f17087bd-b045-409e-7d2f-c1fe7a4d1eb9"",""yes_price_dollars"":""0.6700""}"
KXETH15M-26APR280900-00,0c09f2d7-d8ff-4ab0-694a-708f6bb5ad59,1777380598,0.67,10.0,no,"{""count_fp"":""10.00"",""created_time"":""2026-04-28T12:49:58.257718Z"",""no_price_dollars"":""0.3300"",""taker_side"":""no"",""ticker"":""KXETH15M-26APR280900-00"",""trade_id"":""0c09f2d7-d8ff-4ab0-694a-708f6bb5ad59"",""yes_price_dollars"":""0.6700""}"
KXETH15M-26APR280900-00,6c42c6ca-3a1c-61d0-eda2-5e5ba3006b6b,1777380599,0.7,1.0,yes,"{""count_fp"":""1.00"",""created_time"":""2026-04-28T12:49:59.166251Z"",""no_price_dollars"":""0.3000"",""taker_side"":""yes"",""ticker"":""KXETH15M-26APR280900-00"",""trade_id"":""6c42c6ca-3a1c-61d0-eda2-5e5ba3006b6b"",""yes_price_dollars"":""0.7000""}"
KXETH15M-26APR280900-00,986df7ec-c728-6b7a-4452-dee19d51a4a3,1777380602,0.71,1.0,yes,"{""count_fp"":""1.00"",""created_time"":""2026-04-28T12:50:02.965965Z"",""no_price_dollars"":""0.2900"",""taker_side"":""yes"",""ticker"":""KXETH15M-26APR280900-00"",""trade_id"":""986df7ec-c728-6b7a-4452-dee19d51a4a3"",""yes_price_dollars"":""0.7100""}"
KXETH15M-26APR280900-00,2d2eee97-b94c-7cd7-0cd2-d6b9e69be7f2,1777380606,0.71,10.0,yes,"{""count_fp"":""10.00"",""created_time"":""2026-04-28T12:50:06.388265Z"",""no_price_dollars"":""0.2900"",""taker_side"":""yes"",""ticker"":""KXETH15M-26APR280900-00"",""trade_id"":""2d2eee97-b94c-7cd7-0cd2-d6b9e69be7f2"",""yes_price_dollars"":""0.7100""}"
KXETH15M-26APR280900-00,0d027aa4-1716-7b05-15a4-13bc51f33f36,1777380606,0.71,11.0,yes,"{""count_fp"":""11.00"",""created_time"":""2026-04-28T12:50:06.388265Z"",""no_price_dollars"":""0.2900"",""taker_side"":""yes"",""ticker"":""KXETH15M-26APR280900-00"",""trade_id"":""0d027aa4-1716-7b05-15a4-13bc51f33f36"",""yes_price_dollars"":""0.7100""}"
KXETH15M-26APR280900-00,b0e9c9b5-47f9-537b-1060-4df9a480440b,1777380628,0.72,1.0,yes,"{""count_fp"":""1.00"",""created_time"":""2026-04-28T12:50:28.062158Z"",""no_price_dollars"":""0.2800"",""taker_side"":""yes"",""ticker"":""KXETH15M-26APR280900-00"",""trade_id"":""b0e9c9b5-47f9-537b-1060-4df9a480440b"",""yes_price_dollars"":""0.7200""}"
KXETH15M-26APR280900-00,86214712-b064-5758-3ad8-625e766a9444,1777380628,0.72,9.28,yes,"{""count_fp"":""9.28"",""created_time"":""2026-04-28T12:50:28.062158Z"",""no_price_dollars"":""0.2800"",""taker_side"":""yes"",""ticker"":""KXETH15M-26APR280900-00"",""trade_id"":""86214712-b064-5758-3ad8-625e766a9444"",""yes_price_dollars"":""0.7200""}"
KXETH15M-26APR280900-00,48640a08-35fa-5a61-200f-73a080d4a48e,1777380628,0.72,2.72,yes,"{""count_fp"":""2.72"",""created_time"":""2026-04-28T12:50:28.062158Z"",""no_price_dollars"":""0.2800"",""taker_side"":""yes"",""ticker"":""KXETH15M-26APR280900-00"",""trade_id"":""48640a08-35fa-5a61-200f-73a080d4a48e"",""yes_price_dollars"":""0.7200""}"
KXETH15M-26APR280900-00,96d7bbf8-a661-6fab-ea7f-643b2e1a51a7,1777380638,0.73,10.0,yes,"{""count_fp"":""10.00"",""created_time"":""2026-04-28T12:50:38.989349Z"",""no_price_dollars"":""0.2700"",""taker_side"":""yes"",""ticker"":""KXETH15M-26APR280900-00"",""trade_id"":""96d7bbf8-a661-6fab-ea7f-643b2e1a51a7"",""yes_price_dollars"":""0.7300""}"
KXETH15M-26APR280900-00,10001146-7622-67b9-d64a-df9415fb48ca,1777380638,0.73,46.28,yes,"{""count_fp"":""46.28"",""created_time"":""2026-04-28T12:50:38.989349Z"",""no_price_dollars"":""0.2700"",""taker_side"":""yes"",""ticker"":""KXETH15M-26APR280900-00"",""trade_id"":""10001146-7622-67b9-d64a-df9415fb48ca"",""yes_price_dollars"":""0.7300""}"
KXETH15M-26APR280900-00,62d5d7e5-d47c-4836-90e3-40faba3829b4,1777380652,0.73,1.79,no,"{""count_fp"":""1.79"",""created_time"":""2026-04-28T12:50:52.037532Z"",""no_price_dollars"":""0.2700"",""taker_side"":""no"",""ticker"":""KXETH15M-26APR280900-00"",""trade_id"":""62d5d7e5-d47c-4836-90e3-40faba3829b4"",""yes_price_dollars"":""0.7300""}"
KXETH15M-26APR280900-00,f4982924-38fa-50a2-c113-9096d765b496,1777380653,0.72,10.0,no,"{""count_fp"":""10.00"",""created_time"":""2026-04-28T12:50:53.263065Z"",""no_price_dollars"":""0.2800"",""taker_side"":""no"",""ticker"":""KXETH15M-26APR280900-00"",""trade_id"":""f4982924-38fa-50a2-c113-9096d765b496"",""yes_price_dollars"":""0.7200""}"
KXETH15M-26APR280900-00,9ffd7591-1bc4-5ddf-e1d4-1edc48bcf035,1777380653,0.72,1.0,no,"{""count_fp"":""1.00"",""created_time"":""2026-04-28T12:50:53.263065Z"",""no_price_dollars"":""0.2800"",""taker_side"":""no"",""ticker"":""KXETH15M-26APR280900-00"",""trade_id"":""9ffd7591-1bc4-5ddf-e1d4-1edc48bcf035"",""yes_price_dollars"":""0.7200""}"
KXETH15M-26APR280900-00,19ce8d5e-16a6-4f8a-c982-cb0e105fecba,1777380655,0.72,10.0,yes,"{""count_fp"":""10.00"",""created_time"":""2026-04-28T12:50:55.683373Z"",""no_price_dollars"":""0.2800"",""taker_side"":""yes"",""ticker"":""KXETH15M-26APR280900-00"",""trade_id"":""19ce8d5e-16a6-4f8a-c982-cb0e105fecba"",""yes_price_dollars"":""0.7200""}"
KXETH15M-26APR280900-00,1908fe81-2ceb-4055-c921-8a19e24e5200,1777380655,0.73,34.48,yes,"{""count_fp"":""34.48"",""created_time"":""2026-04-28T12:50:55.683373Z"",""no_price_dollars"":""0.2700"",""taker_side"":""yes"",""ticker"":""KXETH15M-26APR280900-00"",""trade_id"":""1908fe81-2ceb-4055-c921-8a19e24e5200"",""yes_price_dollars"":""0.7300""}"
KXETH15M-26APR280900-00,f447afdc-c0b4-609e-ddda-b17ec2c3e718,1777380659,0.7,10.0,no,"{""count_fp"":""10.00"",""created_time"":""2026-04-28T12:50:59.704431Z"",""no_price_dollars"":""0.3000"",""taker_side"":""no"",""ticker"":""KXETH15M-26APR280900-00"",""trade_id"":""f447afdc-c0b4-609e-ddda-b17ec2c3e718"",""yes_price_dollars"":""0.7000""}"
KXETH15M-26APR280900-00,57a4eb15-cfdb-6f56-c32a-44756e54fd24,1777380659,0.7,57.0,no,"{""count_fp"":""57.00"",""created_time"":""2026-04-28T12:50:59.704431Z"",""no_price_dollars"":""0.3000"",""taker_side"":""no"",""ticker"":""KXETH15M-26APR280900-00"",""trade_id"":""57a4eb15-cfdb-6f56-c32a-44756e54fd24"",""yes_price_dollars"":""0.7000""}"
KXETH15M-26APR280900-00,dc45854f-11f4-6928-db8c-ac416b5baebe,1777380662,0.69,100.0,no,"{""count_fp"":""100.00"",""created_time"":""2026-04-28T12:51:02.286531Z"",""no_price_dollars"":""0.3100"",""taker_side"":""no"",""ticker"":""KXETH15M-26APR280900-00"",""trade_id"":""dc45854f-11f4-6928-db8c-ac416b5baebe"",""yes_price_dollars"":""0.6900""}"
KXETH15M-26APR280900-00,99f46b98-9a4b-6f0f-ed50-01c768d8c15a,1777380662,0.69,10.0,no,"{""count_fp"":""10.00"",""created_time"":""2026-04-28T12:51:02.286531Z"",""no_price_dollars"":""0.3100"",""taker_side"":""no"",""ticker"":""KXETH15M-26APR280900-00"",""trade_id"":""99f46b98-9a4b-6f0f-ed50-01c768d8c15a"",""yes_price_dollars"":""0.6900""}"
KXETH15M-26APR280900-00,23004e6b-ecc3-61e9-eb0d-aa2f6a0af9c9,1777380663,0.67,13.0,no,"{""count_fp"":""13.00"",""created_time"":""2026-04-28T12:51:03.995557Z"",""no_price_dollars"":""0.3300"",""taker_side"":""no"",""ticker"":""KXETH15M-26APR280900-00"",""trade_id"":""23004e6b-ecc3-61e9-eb0d-aa2f6a0af9c9"",""yes_price_dollars"":""0.6700""}"
KXETH15M-26APR280900-00,1ac04246-8a5f-6819-edf4-285f02780ea5,1777380663,0.67,10.0,no,"{""count_fp"":""10.00"",""created_time"":""2026-04-28T12:51:03.995557Z"",""no_price_dollars"":""0.3300"",""taker_side"":""no"",""ticker"":""KXETH15M-26APR280900-00"",""trade_id"":""1ac04246-8a5f-6819-edf4-285f02780ea5"",""yes_price_dollars"":""0.6700""}"
KXETH15M-26APR280900-00,edcff3c0-680c-6e84-2343-338169c2edd0,1777380675,0.72,5.0,yes,"{""count_fp"":""5.00"",""created_time"":""2026-04-28T12:51:15.929591Z"",""no_price_dollars"":""0.2800"",""taker_side"":""yes"",""ticker"":""KXETH15M-26APR280900-00"",""trade_id"":""edcff3c0-680c-6e84-2343-338169c2edd0"",""yes_price_dollars"":""0.7200""}"
KXETH15M-26APR280900-00,4a33af5a-9bbb-4b41-7722-39c8a9bf37c4,1777380676,0.73,19.37,yes,"{""count_fp"":""19.37"",""created_time"":""2026-04-28T12:51:16.792358Z"",""no_price_dollars"":""0.2700"",""taker_side"":""yes"",""ticker"":""KXETH15M-26APR280900-00"",""trade_id"":""4a33af5a-9bbb-4b41-7722-39c8a9bf37c4"",""yes_price_dollars"":""0.7300""}"
KXETH15M-26APR280900-00,a28cac6b-7549-4336-b9c3-c1dc687a8132,1777380682,0.7,50.0,no,"{""count_fp"":""50.00"",""created_time"":""2026-04-28T12:51:22.784806Z"",""no_price_dollars"":""0.3000"",""taker_side"":""no"",""ticker"":""KXETH15M-26APR280900-00"",""trade_id"":""a28cac6b-7549-4336-b9c3-c1dc687a8132"",""yes_price_dollars"":""0.7000""}"
KXETH15M-26APR280900-00,84a723e1-243a-4dae-a0b4-012f0de7fdcb,1777380682,0.69,7.79,no,"{""count_fp"":""7.79"",""created_time"":""2026-04-28T12:51:22.784806Z"",""no_price_dollars"":""0.3100"",""taker_side"":""no"",""ticker"":""KXETH15M-26APR280900-00"",""trade_id"":""84a723e1-243a-4dae-a0b4-012f0de7fdcb"",""yes_price_dollars"":""0.6900""}"
KXETH15M-26APR280900-00,2986e3d0-8749-407b-abb7-1897fe53748c,1777380682,0.69,10.0,no,"{""count_fp"":""10.00"",""created_time"":""2026-04-28T12:51:22.784806Z"",""no_price_dollars"":""0.3100"",""taker_side"":""no"",""ticker"":""KXETH15M-26APR280900-00"",""trade_id"":""2986e3d0-8749-407b-abb7-1897fe53748c"",""yes_price_dollars"":""0.6900""}"
KXETH15M-26APR280900-00,2c9bfdc8-0ffb-7ab5-667d-f3739d416ce4,1777380684,0.73,14.78,yes,"{""count_fp"":""14.78"",""created_time"":""2026-04-28T12:51:24.634506Z"",""no_price_dollars"":""0.2700"",""taker_side"":""yes"",""ticker"":""KXETH15M-26APR280900-00"",""trade_id"":""2c9bfdc8-0ffb-7ab5-667d-f3739d416ce4"",""yes_price_dollars"":""0.7300""}"
KXETH15M-26APR280900-00,693ef6f2-37bf-5245-d393-35fe189a4c54,1777380684,0.73,1.34,yes,"{""count_fp"":""1.34"",""created_time"":""2026-04-28T12:51:24.295325Z"",""no_price_dollars"":""0.2700"",""taker_side"":""yes"",""ticker"":""KXETH15M-26APR280900-00"",""trade_id"":""693ef6f2-37bf-5245-d393-35fe189a4c54"",""yes_price_dollars"":""0.7300""}"
KXETH15M-26APR280900-00,ef2fab4e-ca23-748d-9f05-3c54f4da6da8,1777380685,0.73,3.98,yes,"{""count_fp"":""3.98"",""created_time"":""2026-04-28T12:51:25.521379Z"",""no_price_dollars"":""0.2700"",""taker_side"":""yes"",""ticker"":""KXETH15M-26APR280900-00"",""trade_id"":""ef2fab4e-ca23-748d-9f05-3c54f4da6da8"",""yes_price_dollars"":""0.7300""}"
KXETH15M-26APR280900-00,2aaec3b6-2b70-6677-524f-030bf47fbd37,1777380689,0.67,10.0,no,"{""count_fp"":""10.00"",""created_time"":""2026-04-28T12:51:29.987135Z"",""no_price_dollars"":""0.3300"",""taker_side"":""no"",""ticker"":""KXETH15M-26APR280900-00"",""trade_id"":""2aaec3b6-2b70-6677-524f-030bf47fbd37"",""yes_price_dollars"":""0.6700""}"
KXETH15M-26APR280900-00,29cf8b3a-8190-61be-6639-78ba86b099ed,1777380689,0.65,9.0,no,"{""count_fp"":""9.00"",""created_time"":""2026-04-28T12:51:29.987135Z"",""no_price_dollars"":""0.3500"",""taker_side"":""no"",""ticker"":""KXETH15M-26APR280900-00"",""trade_id"":""29cf8b3a-8190-61be-6639-78ba86b099ed"",""yes_price_dollars"":""0.6500""}"
KXETH15M-26APR280900-00,fa7078ab-22a7-74c8-757f-e5ebf2916118,1777380693,0.66,10.0,no,"{""count_fp"":""10.00"",""created_time"":""2026-04-28T12:51:33.725331Z"",""no_price_dollars"":""0.3400"",""taker_side"":""no"",""ticker"":""KXETH15M-26APR280900-00"",""trade_id"":""fa7078ab-22a7-74c8-757f-e5ebf2916118"",""yes_price_dollars"":""0.6600""}"
KXETH15M-26APR280900-00,62aed469-cc37-70c1-6144-baf89e24b575,1777380693,0.64,2.74,no,"{""count_fp"":""2.74"",""created_time"":""2026-04-28T12:51:33.725331Z"",""no_price_dollars"":""0.3600"",""taker_side"":""no"",""ticker"":""KXETH15M-26APR280900-00"",""trade_id"":""62aed469-cc37-70c1-6144-baf89e24b575"",""yes_price_dollars"":""0.6400""}"
KXETH15M-26APR280900-00,53d493bb-2608-7ab8-6bfe-9da32f0ecb0e,1777380693,0.64,10.46,no,"{""count_fp"":""10.46"",""created_time"":""2026-04-28T12:51:33.725331Z"",""no_price_dollars"":""0.3600"",""taker_side"":""no"",""ticker"":""KXETH15M-26APR280900-00"",""trade_id"":""53d493bb-2608-7ab8-6bfe-9da32f0ecb0e"",""yes_price_dollars"":""0.6400""}"
KXETH15M-26APR280900-00,eb30e3da-edff-45fe-49d6-ca787e67dbfe,1777380699,0.67,10.0,yes,"{""count_fp"":""10.00"",""created_time"":""2026-04-28T12:51:39.446249Z"",""no_price_dollars"":""0.3300"",""taker_side"":""yes"",""ticker"":""KXETH15M-26APR280900-00"",""trade_id"":""eb30e3da-edff-45fe-49d6-ca787e67dbfe"",""yes_price_dollars"":""0.6700""}"
KXETH15M-26APR280900-00,9c87378c-dec3-5812-c5ef-2ddff7d9258a,1777380699,0.67,28.11,yes,"{""count_fp"":""28.11"",""created_time"":""2026-04-28T12:51:39.194729Z"",""no_price_dollars"":""0.3300"",""taker_side"":""yes"",""ticker"":""KXETH15M-26APR280900-00"",""trade_id"":""9c87378c-dec3-5812-c5ef-2ddff7d9258a"",""yes_price_dollars"":""0.6700""}"
KXETH15M-26APR280900-00,4cf6bdf8-50dc-7de4-17e6-de9701d18bd3,1777380712,0.68,5.46,yes,"{""count_fp"":""5.46"",""created_time"":""2026-04-28T12:51:52.783656Z"",""no_price_dollars"":""0.3200"",""taker_side"":""yes"",""ticker"":""KXETH15M-26APR280900-00"",""trade_id"":""4cf6bdf8-50dc-7de4-17e6-de9701d18bd3"",""yes_price_dollars"":""0.6800""}"
KXETH15M-26APR280900-00,70c270a1-8a77-4139-2ba5-f61926e7a7b4,1777380724,0.69,4.11,yes,"{""count_fp"":""4.11"",""created_time"":""2026-04-28T12:52:04.917208Z"",""no_price_dollars"":""0.3100"",""taker_side"":""yes"",""ticker"":""KXETH15M-26APR280900-00"",""trade_id"":""70c270a1-8a77-4139-2ba5-f61926e7a7b4"",""yes_price_dollars"":""0.6900""}"
KXETH15M-26APR280900-00,9c57e4bc-8ad3-642e-7825-f869d52c3f12,1777380744,0.67,20.41,yes,"{""count_fp"":""20.41"",""created_time"":""2026-04-28T12:52:24.438254Z"",""no_price_dollars"":""0.3300"",""taker_side"":""yes"",""ticker"":""KXETH15M-26APR280900-00"",""trade_id"":""9c57e4bc-8ad3-642e-7825-f869d52c3f12"",""yes_price_dollars"":""0.6700""}"
KXETH15M-26APR280900-00,3ef72376-d43c-44bb-4a24-939f3b620524,1777380750,0.66,1.0,yes,"{""count_fp"":""1.00"",""created_time"":""2026-04-28T12:52:30.395587Z"",""no_price_dollars"":""0.3400"",""taker_side"":""yes"",""ticker"":""KXETH15M-26APR280900-00"",""trade_id"":""3ef72376-d43c-44bb-4a24-939f3b620524"",""yes_price_dollars"":""0.6600""}"
KXETH15M-26APR280900-00,766baf1a-f2ab-434c-74bc-baf067e7a0b5,1777380754,0.63,10.0,no,"{""count_fp"":""10.00"",""created_time"":""2026-04-28T12:52:34.413398Z"",""no_price_dollars"":""0.3700"",""taker_side"":""no"",""ticker"":""KXETH15M-26APR280900-00"",""trade_id"":""766baf1a-f2ab-434c-74bc-baf067e7a0b5"",""yes_price_dollars"":""0.6300""}"
KXETH15M-26APR280900-00,abb1f56d-f3aa-7cc7-1a4f-4ec6349e5376,1777380758,0.6,5.0,no,"{""count_fp"":""5.00"",""created_time"":""2026-04-28T12:52:38.396722Z"",""no_price_dollars"":""0.4000"",""taker_side"":""no"",""ticker"":""KXETH15M-26APR280900-00"",""trade_id"":""abb1f56d-f3aa-7cc7-1a4f-4ec6349e5376"",""yes_price_dollars"":""0.6000""}"
KXETH15M-26APR280900-00,47e6c95f-a56b-45a2-5bd9-329dbe717d22,1777380759,0.58,1.57,yes,"{""count_fp"":""1.57"",""created_time"":""2026-04-28T12:52:39.377246Z"",""no_price_dollars"":""0.4200"",""taker_side"":""yes"",""ticker"":""KXETH15M-26APR280900-00"",""trade_id"":""47e6c95f-a56b-45a2-5bd9-329dbe717d22"",""yes_price_dollars"":""0.5800""}"
KXETH15M-26APR280900-00,ad499995-0fa7-468a-5f4a-b6a3ffb9658e,1777380759,0.58,10.0,yes,"{""count_fp"":""10.00"",""created_time"":""2026-04-28T12:52:39.146665Z"",""no_price_dollars"":""0.4200"",""taker_side"":""yes"",""ticker"":""KXETH15M-26APR280900-00"",""trade_id"":""ad499995-0fa7-468a-5f4a-b6a3ffb9658e"",""yes_price_dollars"":""0.5800""}"
KXETH15M-26APR280900-00,671bdfa8-d9b7-72ce-9a26-81d194f1bd7e,1777380760,0.58,1.0,yes,"{""count_fp"":""1.00"",""created_time"":""2026-04-28T12:52:40.935635Z"",""no_price_dollars"":""0.4200"",""taker_side"":""yes"",""ticker"":""KXETH15M-26APR280900-00"",""trade_id"":""671bdfa8-d9b7-72ce-9a26-81d194f1bd7e"",""yes_price_dollars"":""0.5800""}"
KXETH15M-26APR280900-00,49a467e6-e37f-5984-0aa7-b90ac73a89e5,1777380760,0.56,5.0,no,"{""count_fp"":""5.00"",""created_time"":""2026-04-28T12:52:40.866213Z"",""no_price_dollars"":""0.4400"",""taker_side"":""no"",""ticker"":""KXETH15M-26APR280900-00"",""trade_id"":""49a467e6-e37f-5984-0aa7-b90ac73a89e5"",""yes_price_dollars"":""0.5600""}"
KXETH15M-26APR280900-00,2c42afbb-0760-5043-265e-2bf22ec78b91,1777380760,0.55,2.62,no,"{""count_fp"":""2.62"",""created_time"":""2026-04-28T12:52:40.866213Z"",""no_price_dollars"":""0.4500"",""taker_side"":""no"",""ticker"":""KXETH15M-26APR280900-00"",""trade_id"":""2c42afbb-0760-5043-265e-2bf22ec78b91"",""yes_price_dollars"":""0.5500""}"
KXETH15M-26APR280900-00,5967c94b-576f-6d3e-ebcb-eb011ac048be,1777380760,0.58,9.11,yes,"{""count_fp"":""9.11"",""created_time"":""2026-04-28T12:52:40.041554Z"",""no_price_dollars"":""0.4200"",""taker_side"":""yes"",""ticker"":""KXETH15M-26APR280900-00"",""trade_id"":""5967c94b-576f-6d3e-ebcb-eb011ac048be"",""yes_price_dollars"":""0.5800""}"
KXETH15M-26APR280900-00,46cb86ca-fb5d-4bfd-d1cb-937a4f2073f0,1777380762,0.53,3.0,no,"{""count_fp"":""3.00"",""created_time"":""2026-04-28T12:52:42.628668Z"",""no_price_dollars"":""0.4700"",""taker_side"":""no"",""ticker"":""KXETH15M-26APR280900-00"",""trade_id"":""46cb86ca-fb5d-4bfd-d1cb-937a4f2073f0"",""yes_price_dollars"":""0.5300""}"
KXETH15M-26APR280900-00,38c1dcf9-630f-4251-c6c0-a62842a0e1e5,1777380762,0.53,47.0,no,"{""count_fp"":""47.00"",""created_time"":""2026-04-28T12:52:42.628668Z"",""no_price_dollars"":""0.4700"",""taker_side"":""no"",""ticker"":""KXETH15M-26APR280900-00"",""trade_id"":""38c1dcf9-630f-4251-c6c0-a62842a0e1e5"",""yes_price_dollars"":""0.5300""}"
KXETH15M-26APR280900-00,f6c3236e-6ec5-4a19-51bc-219496a77fa3,1777380771,0.54,3.0,no,"{""count_fp"":""3.00"",""created_time"":""2026-04-28T12:52:51.641843Z"",""no_price_dollars"":""0.4600"",""taker_side"":""no"",""ticker"":""KXETH15M-26APR280900-00"",""trade_id"":""f6c3236e-6ec5-4a19-51bc-219496a77fa3"",""yes_price_dollars"":""0.5400""}"
KXETH15M-26APR280900-00,d8fcc071-8952-5449-6c9f-ab25c5497fe7,1777380791,0.55,1.0,yes,"{""count_fp"":""1.00"",""created_time"":""2026-04-28T12:53:11.474468Z"",""no_price_dollars"":""0.4500"",""taker_side"":""yes"",""ticker"":""KXETH15M-26APR280900-00"",""trade_id"":""d8fcc071-8952-5449-6c9f-ab25c5497fe7"",""yes_price_dollars"":""0.5500""}"
KXETH15M-26APR280900-00,5b5ffa2a-358a-5361-68ab-ea08932939e8,1777380791,0.58,0.69,yes,"{""count_fp"":""0.69"",""created_time"":""2026-04-28T12:53:11.474468Z"",""no_price_dollars"":""0.4200"",""taker_side"":""yes"",""ticker"":""KXETH15M-26APR280900-00"",""trade_id"":""5b5ffa2a-358a-5361-68ab-ea08932939e8"",""yes_price_dollars"":""0.5800""}"
KXETH15M-26APR280900-00,f32cd5be-06fa-608b-1485-75fdf7227d74,1777380794,0.58,8.37,yes,"{""count_fp"":""8.37"",""created_time"":""2026-04-28T12:53:14.732228Z"",""no_price_dollars"":""0.4200"",""taker_side"":""yes"",""ticker"":""KXETH15M-26APR280900-00"",""trade_id"":""f32cd5be-06fa-608b-1485-75fdf7227d74"",""yes_price_dollars"":""0.5800""}"
KXETH15M-26APR280900-00,06f8adca-c41b-6825-b5ad-d11f39b33b74,1777380795,0.58,2.0,yes,"{""count_fp"":""2.00"",""created_time"":""2026-04-28T12:53:15.014409Z"",""no_price_dollars"":""0.4200"",""taker_side"":""yes"",""ticker"":""KXETH15M-26APR280900-00"",""trade_id"":""06f8adca-c41b-6825-b5ad-d11f39b33b74"",""yes_price_dollars"":""0.5800""}"
KXETH15M-26APR280900-00,ebaf47ae-aeb4-6958-8539-3ba54d67075e,1777380807,0.63,51.16,yes,"{""count_fp"":""51.16"",""created_time"":""2026-04-28T12:53:27.618857Z"",""no_price_dollars"":""0.3700"",""taker_side"":""yes"",""ticker"":""KXETH15M-26APR280900-00"",""trade_id"":""ebaf47ae-aeb4-6958-8539-3ba54d67075e"",""yes_price_dollars"":""0.6300""}"
KXETH15M-26APR280900-00,d368e23e-b80e-6a8f-ac30-31d048ca1a94,1777380807,0.62,10.0,yes,"{""count_fp"":""10.00"",""created_time"":""2026-04-28T12:53:27.618857Z"",""no_price_dollars"":""0.3800"",""taker_side"":""yes"",""ticker"":""KXETH15M-26APR280900-00"",""trade_id"":""d368e23e-b80e-6a8f-ac30-31d048ca1a94"",""yes_price_dollars"":""0.6200""}"
KXETH15M-26APR280900-00,0fde79a4-bc2c-6220-ba06-4f5fa44cfbc6,1777380807,0.62,10.0,yes,"{""count_fp"":""10.00"",""created_time"":""2026-04-28T12:53:27.618857Z"",""no_price_dollars"":""0.3800"",""taker_side"":""yes"",""ticker"":""KXETH15M-26APR280900-00"",""trade_id"":""0fde79a4-bc2c-6220-ba06-4f5fa44cfbc6"",""yes_price_dollars"":""0.6200""}"
KXETH15M-26APR280900-00,5b62bf3d-83db-6fba-9e4e-0c1ef1a032d2,1777380821,0.67,1.0,yes,"{""count_fp"":""1.00"",""created_time"":""2026-04-28T12:53:41.990559Z"",""no_price_dollars"":""0.3300"",""taker_side"":""yes"",""ticker"":""KXETH15M-26APR280900-00"",""trade_id"":""5b62bf3d-83db-6fba-9e4e-0c1ef1a032d2"",""yes_price_dollars"":""0.6700""}"
KXETH15M-26APR280900-00,ca28dbe4-b366-71d2-2f5e-84a0cd54daca,1777380821,0.66,4.84,yes,"{""count_fp"":""4.84"",""created_time"":""2026-04-28T12:53:41.646468Z"",""no_price_dollars"":""0.3400"",""taker_side"":""yes"",""ticker"":""KXETH15M-26APR280900-00"",""trade_id"":""ca28dbe4-b366-71d2-2f5e-84a0cd54daca"",""yes_price_dollars"":""0.6600""}"
KXETH15M-26APR280900-00,1e7d2a09-84a9-7652-1e06-fd14f9526860,1777380821,0.65,10.0,yes,"{""count_fp"":""10.00"",""created_time"":""2026-04-28T12:53:41.646468Z"",""no_price_dollars"":""0.3500"",""taker_side"":""yes"",""ticker"":""KXETH15M-26APR280900-00"",""trade_id"":""1e7d2a09-84a9-7652-1e06-fd14f9526860"",""yes_price_dollars"":""0.6500""}"
KXETH15M-26APR280900-00,d117e81f-e649-7208-72a7-aca8bd31c8eb,1777380829,0.65,10.0,yes,"{""count_fp"":""10.00"",""created_time"":""2026-04-28T12:53:49.985307Z"",""no_price_dollars"":""0.3500"",""taker_side"":""yes"",""ticker"":""KXETH15M-26APR280900-00"",""trade_id"":""d117e81f-e649-7208-72a7-aca8bd31c8eb"",""yes_price_dollars"":""0.6500""}"
KXETH15M-26APR280900-00,87ab2417-3f07-4e62-02e0-e82d89616d2e,1777380834,0.63,14.58,yes,"{""count_fp"":""14.58"",""created_time"":""2026-04-28T12:53:54.326466Z"",""no_price_dollars"":""0.3700"",""taker_side"":""yes"",""ticker"":""KXETH15M-26APR280900-00"",""trade_id"":""87ab2417-3f07-4e62-02e0-e82d89616d2e"",""yes_price_dollars"":""0.6300""}"
KXETH15M-26APR280900-00,4abd3bb8-124d-7b8f-05be-2da8fe9e40d9,1777380838,0.6,2.0,no,"{""count_fp"":""2.00"",""created_time"":""2026-04-28T12:53:58.576287Z"",""no_price_dollars"":""0.4000"",""taker_side"":""no"",""ticker"":""KXETH15M-26APR280900-00"",""trade_id"":""4abd3bb8-124d-7b8f-05be-2da8fe9e40d9"",""yes_price_dollars"":""0.6000""}"
KXETH15M-26APR280900-00,f87ed373-c022-5a8d-479a-d65a74a30736,1777380840,0.59,2.0,yes,"{""count_fp"":""2.00"",""created_time"":""2026-04-28T12:54:00.822392Z"",""no_price_dollars"":""0.4100"",""taker_side"":""yes"",""ticker"":""KXETH15M-26APR280900-00"",""trade_id"":""f87ed373-c022-5a8d-479a-d65a74a30736"",""yes_price_dollars"":""0.5900""}"
KXETH15M-26APR280900-00,d029347c-2f86-56bf-57bf-02dc49d54ab6,1777380840,0.59,2.0,yes,"{""count_fp"":""2.00"",""created_time"":""2026-04-28T12:54:00.822392Z"",""no_price_dollars"":""0.4100"",""taker_side"":""yes"",""ticker"":""KXETH15M-26APR280900-00"",""trade_id"":""d029347c-2f86-56bf-57bf-02dc49d54ab6"",""yes_price_dollars"":""0.5900""}"
KXETH15M-26APR280900-00,8190a672-5be0-5b9c-67cf-06649aa778e3,1777380840,0.59,2.0,yes,"{""count_fp"":""2.00"",""created_time"":""2026-04-28T12:54:00.822392Z"",""no_price_dollars"":""0.4100"",""taker_side"":""yes"",""ticker"":""KXETH15M-26APR280900-00"",""trade_id"":""8190a672-5be0-5b9c-67cf-06649aa778e3"",""yes_price_dollars"":""0.5900""}"
KXETH15M-26APR280900-00,28202c06-e5fb-546a-746c-4768a9c914fe,1777380840,0.62,25.0,yes,"{""count_fp"":""25.00"",""created_time"":""2026-04-28T12:54:00.822392Z"",""no_price_dollars"":""0.3800"",""taker_side"":""yes"",""ticker"":""KXETH15M-26APR280900-00"",""trade_id"":""28202c06-e5fb-546a-746c-4768a9c914fe"",""yes_price_dollars"":""0.6200""}"
KXETH15M-26APR280900-00,244aefd3-182b-7c55-b698-fe2fad827841,1777380840,0.58,100.0,no,"{""count_fp"":""100.00"",""created_time"":""2026-04-28T12:54:00.275017Z"",""no_price_dollars"":""0.4200"",""taker_side"":""no"",""ticker"":""KXETH15M-26APR280900-00"",""trade_id"":""244aefd3-182b-7c55-b698-fe2fad827841"",""yes_price_dollars"":""0.5800""}"
KXETH15M-26APR280900-00,7feb6196-9ec4-54db-70b6-7245edd0aac8,1777380844,0.61,10.0,no,"{""count_fp"":""10.00"",""created_time"":""2026-04-28T12:54:04.294134Z"",""no_price_dollars"":""0.3900"",""taker_side"":""no"",""ticker"":""KXETH15M-26APR280900-00"",""trade_id"":""7feb6196-9ec4-54db-70b6-7245edd0aac8"",""yes_price_dollars"":""0.6100""}"
KXETH15M-26APR280900-00,265e3221-bfab-6b82-321a-bd07fc9b87ce,1777380845,0.62,70.1,yes,"{""count_fp"":""70.10"",""created_time"":""2026-04-28T12:54:05.350771Z"",""no_price_dollars"":""0.3800"",""taker_side"":""yes"",""ticker"":""KXETH15M-26APR280900-00"",""trade_id"":""265e3221-bfab-6b82-321a-bd07fc9b87ce"",""yes_price_dollars"":""0.6200""}"
KXETH15M-26APR280900-00,cd9dcfd7-7b66-77c5-fe67-618b4ef70192,1777380846,0.58,10.0,no,"{""count_fp"":""10.00"",""created_time"":""2026-04-28T12:54:06.652047Z"",""no_price_dollars"":""0.4200"",""taker_side"":""no"",""ticker"":""KXETH15M-26APR280900-00"",""trade_id"":""cd9dcfd7-7b66-77c5-fe67-618b4ef70192"",""yes_price_dollars"":""0.5800""}"
KXETH15M-26APR280900-00,fc9488ff-2872-5501-6ade-b7d2c66ea631,1777380846,0.58,10.0,no,"{""count_fp"":""10.00"",""created_time"":""2026-04-28T12:54:06.606472Z"",""no_price_dollars"":""0.4200"",""taker_side"":""no"",""ticker"":""KXETH15M-26APR280900-00"",""trade_id"":""fc9488ff-2872-5501-6ade-b7d2c66ea631"",""yes_price_dollars"":""0.5800""}"
KXETH15M-26APR280900-00,dba65333-db8f-742e-9da2-47aa21f9b5be,1777380849,0.56,2.0,yes,"{""count_fp"":""2.00"",""created_time"":""2026-04-28T12:54:09.695934Z"",""no_price_dollars"":""0.4400"",""taker_side"":""yes"",""ticker"":""KXETH15M-26APR280900-00"",""trade_id"":""dba65333-db8f-742e-9da2-47aa21f9b5be"",""yes_price_dollars"":""0.5600""}"
KXETH15M-26APR280900-00,74497679-6cad-4b95-8f02-a53ac9973ab3,1777380854,0.54,6.0,no,"{""count_fp"":""6.00"",""created_time"":""2026-04-28T12:54:14.980121Z"",""no_price_dollars"":""0.4600"",""taker_side"":""no"",""ticker"":""KXETH15M-26APR280900-00"",""trade_id"":""74497679-6cad-4b95-8f02-a53ac9973ab3"",""yes_price_dollars"":""0.5400""}"
KXETH15M-26APR280900-00,8c82e92c-d007-430d-765b-645822d96deb,1777380859,0.51,50.0,no,"{""count_fp"":""50.00"",""created_time"":""2026-04-28T12:54:19.547558Z"",""no_price_dollars"":""0.4900"",""taker_side"":""no"",""ticker"":""KXETH15M-26APR280900-00"",""trade_id"":""8c82e92c-d007-430d-765b-645822d96deb"",""yes_price_dollars"":""0.5100""}"
KXETH15M-26APR280900-00,c01cc002-a5d4-56b8-dcae-451fc2697ed5,1777380859,0.54,10.0,no,"{""count_fp"":""10.00"",""created_time"":""2026-04-28T12:54:19.441975Z"",""no_price_dollars"":""0.4600"",""taker_side"":""no"",""ticker"":""KXETH15M-26APR280900-00"",""trade_id"":""c01cc002-a5d4-56b8-dcae-451fc2697ed5"",""yes_price_dollars"":""0.5400""}"
KXETH15M-26APR280900-00,f9eaf1a0-b961-7e7f-c1cd-9a2298c5c7e3,1777380861,0.45,79.0,no,"{""count_fp"":""79.00"",""created_time"":""2026-04-28T12:54:21.214518Z"",""no_price_dollars"":""0.5500"",""taker_side"":""no"",""ticker"":""KXETH15M-26APR280900-00"",""trade_id"":""f9eaf1a0-b961-7e7f-c1cd-9a2298c5c7e3"",""yes_price_dollars"":""0.4500""}"
KXETH15M-26APR280900-00,aea20844-5529-75f1-f954-d87eacc0d41f,1777380861,0.46,100.0,no,"{""count_fp"":""100.00"",""created_time"":""2026-04-28T12:54:21.214518Z"",""no_price_dollars"":""0.5400"",""taker_side"":""no"",""ticker"":""KXETH15M-26APR280900-00"",""trade_id"":""aea20844-5529-75f1-f954-d87eacc0d41f"",""yes_price_dollars"":""0.4600""}"
KXETH15M-26APR280900-00,94acdfae-f8e3-778d-f822-9dd0fa689116,1777380861,0.45,1.0,no,"{""count_fp"":""1.00"",""created_time"":""2026-04-28T12:54:21.214518Z"",""no_price_dollars"":""0.5500"",""taker_side"":""no"",""ticker"":""KXETH15M-26APR280900-00"",""trade_id"":""94acdfae-f8e3-778d-f822-9dd0fa689116"",""yes_price_dollars"":""0.4500""}"
KXETH15M-26APR280900-00,6419228f-33e2-738c-d69d-4e16524e5af9,1777380861,0.47,10.0,no,"{""count_fp"":""10.00"",""created_time"":""2026-04-28T12:54:21.214518Z"",""no_price_dollars"":""0.5300"",""taker_side"":""no"",""ticker"":""KXETH15M-26APR280900-00"",""trade_id"":""6419228f-33e2-738c-d69d-4e16524e5af9"",""yes_price_dollars"":""0.4700""}"
KXETH15M-26APR280900-00,b7ea0357-f447-7c3f-7e69-f724ea1f1160,1777380867,0.49,15.0,no,"{""count_fp"":""15.00"",""created_time"":""2026-04-28T12:54:27.701971Z"",""no_price_dollars"":""0.5100"",""taker_side"":""no"",""ticker"":""KXETH15M-26APR280900-00"",""trade_id"":""b7ea0357-f447-7c3f-7e69-f724ea1f1160"",""yes_price_dollars"":""0.4900""}"
KXETH15M-26APR280900-00,413c204a-3296-4608-d447-6de84f29b3cb,1777380880,0.5,3.0,no,"{""count_fp"":""3.00"",""created_time"":""2026-04-28T12:54:40.471516Z"",""no_price_dollars"":""0.5000"",""taker_side"":""no"",""ticker"":""KXETH15M-26APR280900-00"",""trade_id"":""413c204a-3296-4608-d447-6de84f29b3cb"",""yes_price_dollars"":""0.5000""}"
KXETH15M-26APR280900-00,a1bdb814-804e-4ba9-6bd9-9cac1a6a06f4,1777380884,0.49,10.0,no,"{""count_fp"":""10.00"",""created_time"":""2026-04-28T12:54:44.487114Z"",""no_price_dollars"":""0.5100"",""taker_side"":""no"",""ticker"":""KXETH15M-26APR280900-00"",""trade_id"":""a1bdb814-804e-4ba9-6bd9-9cac1a6a06f4"",""yes_price_dollars"":""0.4900""}"
KXETH15M-26APR280900-00,7ff2519d-2886-4b30-4f21-08382bf44c57,1777380884,0.5,2.0,no,"{""count_fp"":""2.00"",""created_time"":""2026-04-28T12:54:44.487114Z"",""no_price_dollars"":""0.5000"",""taker_side"":""no"",""ticker"":""KXETH15M-26APR280900-00"",""trade_id"":""7ff2519d-2886-4b30-4f21-08382bf44c57"",""yes_price_dollars"":""0.5000""}"
KXETH15M-26APR280900-00,38a8d707-2e20-4aad-7bf9-a175b9f3f49e,1777380884,0.47,32.48,no,"{""count_fp"":""32.48"",""created_time"":""2026-04-28T12:54:44.487114Z"",""no_price_dollars"":""0.5300"",""taker_side"":""no"",""ticker"":""KXETH15M-26APR280900-00"",""trade_id"":""38a8d707-2e20-4aad-7bf9-a175b9f3f49e"",""yes_price_dollars"":""0.4700""}"
KXETH15M-26APR280900-00,f49d8be2-e70c-431a-ca1d-4f52d0f5fb6d,1777380887,0.51,10.0,yes,"{""count_fp"":""10.00"",""created_time"":""2026-04-28T12:54:47.831385Z"",""no_price_dollars"":""0.4900"",""taker_side"":""yes"",""ticker"":""KXETH15M-26APR280900-00"",""trade_id"":""f49d8be2-e70c-431a-ca1d-4f52d0f5fb6d"",""yes_price_dollars"":""0.5100""}"
KXETH15M-26APR280900-00,68920906-085b-4d12-ebdc-8978cdc68d5e,1777380887,0.52,9.0,yes,"{""count_fp"":""9.00"",""created_time"":""2026-04-28T12:54:47.831385Z"",""no_price_dollars"":""0.4800"",""taker_side"":""yes"",""ticker"":""KXETH15M-26APR280900-00"",""trade_id"":""68920906-085b-4d12-ebdc-8978cdc68d5e"",""yes_price_dollars"":""0.5200""}"
KXETH15M-26APR280900-00,bbe4338f-2c53-5bac-7c81-c30c9354ecd6,1777380891,0.5,1.0,no,"{""count_fp"":""1.00"",""created_time"":""2026-04-28T12:54:51.716051Z"",""no_price_dollars"":""0.5000"",""taker_side"":""no"",""ticker"":""KXETH15M-26APR280900-00"",""trade_id"":""bbe4338f-2c53-5bac-7c81-c30c9354ecd6"",""yes_price_dollars"":""0.5000""}"
KXETH15M-26APR280900-00,f3a71d76-8c8d-752c-2d93-d25beb40a9ca,1777380896,0.49,10.0,no,"{""count_fp"":""10.00"",""created_time"":""2026-04-28T12:54:56.078977Z"",""no_price_dollars"":""0.5100"",""taker_side"":""no"",""ticker"":""KXETH15M-26APR280900-00"",""trade_id"":""f3a71d76-8c8d-752c-2d93-d25beb40a9ca"",""yes_price_dollars"":""0.4900""}"
KXETH15M-26APR280900-00,e72e5982-3e57-7ef8-3dc2-720f18dd8d2e,1777380896,0.5,1.0,no,"{""count_fp"":""1.00"",""created_time"":""2026-04-28T12:54:56.078977Z"",""no_price_dollars"":""0.5000"",""taker_side"":""no"",""ticker"":""KXETH15M-26APR280900-00"",""trade_id"":""e72e5982-3e57-7ef8-3dc2-720f18dd8d2e"",""yes_price_dollars"":""0.5000""}"
KXETH15M-26APR280900-00,48bfd756-e70d-70ca-21b8-38e2cd711699,1777380896,0.48,4.0,no,"{""count_fp"":""4.00"",""created_time"":""2026-04-28T12:54:56.078977Z"",""no_price_dollars"":""0.5200"",""taker_side"":""no"",""ticker"":""KXETH15M-26APR280900-00"",""trade_id"":""48bfd756-e70d-70ca-21b8-38e2cd711699"",""yes_price_dollars"":""0.4800""}"
KXETH15M-26APR280900-00,e16a9583-d2ee-5eec-d495-465e1ee76e15,1777380900,0.51,10.0,no,"{""count_fp"":""10.00"",""created_time"":""2026-04-28T12:55:00.638954Z"",""no_price_dollars"":""0.4900"",""taker_side"":""no"",""ticker"":""KXETH15M-26APR280900-00"",""trade_id"":""e16a9583-d2ee-5eec-d495-465e1ee76e15"",""yes_price_dollars"":""0.5100""}"
KXETH15M-26APR280900-00,02b16268-7bc1-46ec-af00-c84b8bda07f7,1777380900,0.54,10.0,no,"{""count_fp"":""10.00"",""created_time"":""2026-04-28T12:55:00.542142Z"",""no_price_dollars"":""0.4600"",""taker_side"":""no"",""ticker"":""KXETH15M-26APR280900-00"",""trade_id"":""02b16268-7bc1-46ec-af00-c84b8bda07f7"",""yes_price_dollars"":""0.5400""}"
KXETH15M-26APR280900-00,c2d5a59b-b123-79dc-576f-bdb5bec7123d,1777380900,0.54,10.0,yes,"{""count_fp"":""10.00"",""created_time"":""2026-04-28T12:55:00.087313Z"",""no_price_dollars"":""0.4600"",""taker_side"":""yes"",""ticker"":""KXETH15M-26APR280900-00"",""trade_id"":""c2d5a59b-b123-79dc-576f-bdb5bec7123d"",""yes_price_dollars"":""0.5400""}"
KXETH15M-26APR280900-00,c27fe07b-0450-7029-6a52-2bc9b852a834,1777380900,0.54,10.0,yes,"{""count_fp"":""10.00"",""created_time"":""2026-04-28T12:55:00.087313Z"",""no_price_dollars"":""0.4600"",""taker_side"":""yes"",""ticker"":""KXETH15M-26APR280900-00"",""trade_id"":""c27fe07b-0450-7029-6a52-2bc9b852a834"",""yes_price_dollars"":""0.5400""}"
KXETH15M-26APR280900-00,6fc36114-5c1a-7012-fe8c-f00518833b81,1777380901,0.5,1.0,no,"{""count_fp"":""1.00"",""created_time"":""2026-04-28T12:55:01.324171Z"",""no_price_dollars"":""0.5000"",""taker_side"":""no"",""ticker"":""KXETH15M-26APR280900-00"",""trade_id"":""6fc36114-5c1a-7012-fe8c-f00518833b81"",""yes_price_dollars"":""0.5000""}"
KXETH15M-26APR280900-00,0f6ed4ea-e3c7-5d1f-9ad5-64afabbb2408,1777380901,0.49,1.0,no,"{""count_fp"":""1.00"",""created_time"":""2026-04-28T12:55:01.297577Z"",""no_price_dollars"":""0.5100"",""taker_side"":""no"",""ticker"":""KXETH15M-26APR280900-00"",""trade_id"":""0f6ed4ea-e3c7-5d1f-9ad5-64afabbb2408"",""yes_price_dollars"":""0.4900""}"
KXETH15M-26APR280900-00,59652113-ff6c-7ece-73be-1aa64f47e583,1777380906,0.56,10.0,yes,"{""count_fp"":""10.00"",""created_time"":""2026-04-28T12:55:06.967917Z"",""no_price_dollars"":""0.4400"",""taker_side"":""yes"",""ticker"":""KXETH15M-26APR280900-00"",""trade_id"":""59652113-ff6c-7ece-73be-1aa64f47e583"",""yes_price_dollars"":""0.5600""}"
KXETH15M-26APR280900-00,6f89ec9a-1c29-6fa8-4a61-4815df7c1493,1777380907,0.56,10.0,yes,"{""count_fp"":""10.00"",""created_time"":""2026-04-28T12:55:07.258466Z"",""no_price_dollars"":""0.4400"",""taker_side"":""yes"",""ticker"":""KXETH15M-26APR280900-00"",""trade_id"":""6f89ec9a-1c29-6fa8-4a61-4815df7c1493"",""yes_price_dollars"":""0.5600""}"
KXETH15M-26APR280900-00,37d57095-a512-5fb6-b9f8-4848e91db556,1777380909,0.61,2.0,yes,"{""count_fp"":""2.00"",""created_time"":""2026-04-28T12:55:09.792173Z"",""no_price_dollars"":""0.3900"",""taker_side"":""yes"",""ticker"":""KXETH15M-26APR280900-00"",""trade_id"":""37d57095-a512-5fb6-b9f8-4848e91db556"",""yes_price_dollars"":""0.6100""}"
KXETH15M-26APR280900-00,e263020c-108b-508c-72af-6f01a96957e3,1777380912,0.57,2.0,yes,"{""count_fp"":""2.00"",""created_time"":""2026-04-28T12:55:12.444441Z"",""no_price_dollars"":""0.4300"",""taker_side"":""yes"",""ticker"":""KXETH15M-26APR280900-00"",""trade_id"":""e263020c-108b-508c-72af-6f01a96957e3"",""yes_price_dollars"":""0.5700""}"
KXETH15M-26APR280900-00,1c90e2fb-5104-4748-e314-6b1c5c11fef3,1777380914,0.58,75.37,yes,"{""count_fp"":""75.37"",""created_time"":""2026-04-28T12:55:14.245431Z"",""no_price_dollars"":""0.4200"",""taker_side"":""yes"",""ticker"":""KXETH15M-26APR280900-00"",""trade_id"":""1c90e2fb-5104-4748-e314-6b1c5c11fef3"",""yes_price_dollars"":""0.5800""}"
KXETH15M-26APR280900-00,3968c236-9e9a-687a-2f39-ce41d0679301,1777380919,0.59,71.53,yes,"{""count_fp"":""71.53"",""created_time"":""2026-04-28T12:55:19.763623Z"",""no_price_dollars"":""0.4100"",""taker_side"":""yes"",""ticker"":""KXETH15M-26APR280900-00"",""trade_id"":""3968c236-9e9a-687a-2f39-ce41d0679301"",""yes_price_dollars"":""0.5900""}"
KXETH15M-26APR280900-00,2ed6e213-8a25-6178-2190-46d7d311e9a5,1777380919,0.57,10.0,yes,"{""count_fp"":""10.00"",""created_time"":""2026-04-28T12:55:19.763623Z"",""no_price_dollars"":""0.4300"",""taker_side"":""yes"",""ticker"":""KXETH15M-26APR280900-00"",""trade_id"":""2ed6e213-8a25-6178-2190-46d7d311e9a5"",""yes_price_dollars"":""0.5700""}"
KXETH15M-26APR280900-00,f31a4785-ed67-411b-cf52-ad217073ff44,1777380920,0.54,1.06,no,"{""count_fp"":""1.06"",""created_time"":""2026-04-28T12:55:20.968125Z"",""no_price_dollars"":""0.4600"",""taker_side"":""no"",""ticker"":""KXETH15M-26APR280900-00"",""trade_id"":""f31a4785-ed67-411b-cf52-ad217073ff44"",""yes_price_dollars"":""0.5400""}"
KXETH15M-26APR280900-00,a92895df-9cda-482e-f22d-d15636ccc32d,1777380924,0.6,4.41,no,"{""count_fp"":""4.41"",""created_time"":""2026-04-28T12:55:24.453761Z"",""no_price_dollars"":""0.4000"",""taker_side"":""no"",""ticker"":""KXETH15M-26APR280900-00"",""trade_id"":""a92895df-9cda-482e-f22d-d15636ccc32d"",""yes_price_dollars"":""0.6000""}"
KXETH15M-26APR280900-00,8eb01a18-a20d-4272-a0ce-7a30213b56c4,1777380928,0.62,15.0,no,"{""count_fp"":""15.00"",""created_time"":""2026-04-28T12:55:28.884638Z"",""no_price_dollars"":""0.3800"",""taker_side"":""no"",""ticker"":""KXETH15M-26APR280900-00"",""trade_id"":""8eb01a18-a20d-4272-a0ce-7a30213b56c4"",""yes_price_dollars"":""0.6200""}"
KXETH15M-26APR280900-00,333feeac-2872-7b22-8abe-d246deab9435,1777380929,0.61,30.0,yes,"{""count_fp"":""30.00"",""created_time"":""2026-04-28T12:55:29.488651Z"",""no_price_dollars"":""0.3900"",""taker_side"":""yes"",""ticker"":""KXETH15M-26APR280900-00"",""trade_id"":""333feeac-2872-7b22-8abe-d246deab9435"",""yes_price_dollars"":""0.6100""}"
KXETH15M-26APR280900-00,b72ada2c-27de-5f6d-2874-968da9bf29aa,1777380931,0.62,550.0,yes,"{""count_fp"":""550.00"",""created_time"":""2026-04-28T12:55:31.951045Z"",""no_price_dollars"":""0.3800"",""taker_side"":""yes"",""ticker"":""KXETH15M-26APR280900-00"",""trade_id"":""b72ada2c-27de-5f6d-2874-968da9bf29aa"",""yes_price_dollars"":""0.6200""}"
KXETH15M-26APR280900-00,b2cf4cd1-42a2-5ca4-2606-e4d3c99f26d8,1777380931,0.61,10.0,yes,"{""count_fp"":""10.00"",""created_time"":""2026-04-28T12:55:31.951045Z"",""no_price_dollars"":""0.3900"",""taker_side"":""yes"",""ticker"":""KXETH15M-26APR280900-00"",""trade_id"":""b2cf4cd1-42a2-5ca4-2606-e4d3c99f26d8"",""yes_price_dollars"":""0.6100""}"
KXETH15M-26APR280900-00,ab8a7824-8582-5afc-2e0a-aca54ee9cff4,1777380931,0.62,100.0,yes,"{""count_fp"":""100.00"",""created_time"":""2026-04-28T12:55:31.951045Z"",""no_price_dollars"":""0.3800"",""taker_side"":""yes"",""ticker"":""KXETH15M-26APR280900-00"",""trade_id"":""ab8a7824-8582-5afc-2e0a-aca54ee9cff4"",""yes_price_dollars"":""0.6200""}"
KXETH15M-26APR280900-00,87288909-a324-5145-3cca-35bd6386967d,1777380931,0.63,120.7,yes,"{""count_fp"":""120.70"",""created_time"":""2026-04-28T12:55:31.951045Z"",""no_price_dollars"":""0.3700"",""taker_side"":""yes"",""ticker"":""KXETH15M-26APR280900-00"",""trade_id"":""87288909-a324-5145-3cca-35bd6386967d"",""yes_price_dollars"":""0.6300""}"
KXETH15M-26APR280900-00,64ba2cd0-68f1-5109-22db-0f524c426378,1777380931,0.73,612.19,yes,"{""count_fp"":""612.19"",""created_time"":""2026-04-28T12:55:31.951045Z"",""no_price_dollars"":""0.2700"",""taker_side"":""yes"",""ticker"":""KXETH15M-26APR280900-00"",""trade_id"":""64ba2cd0-68f1-5109-22db-0f524c426378"",""yes_price_dollars"":""0.7300""}"
KXETH15M-26APR280900-00,6224a7bf-7d0f-5435-04be-a2142f9a974f,1777380931,0.65,10.0,yes,"{""count_fp"":""10.00"",""created_time"":""2026-04-28T12:55:31.951045Z"",""no_price_dollars"":""0.3500"",""taker_side"":""yes"",""ticker"":""KXETH15M-26APR280900-00"",""trade_id"":""6224a7bf-7d0f-5435-04be-a2142f9a974f"",""yes_price_dollars"":""0.6500""}"
KXETH15M-26APR280900-00,288d2cd9-d024-66bb-fedb-cf36ee1aed1f,1777380958,0.59,0.82,yes,"{""count_fp"":""0.82"",""created_time"":""2026-04-28T12:55:58.479828Z"",""no_price_dollars"":""0.4100"",""taker_side"":""yes"",""ticker"":""KXETH15M-26APR280900-00"",""trade_id"":""288d2cd9-d024-66bb-fedb-cf36ee1aed1f"",""yes_price_dollars"":""0.5900""}"
KXETH15M-26APR280900-00,af50816d-e274-6a63-3441-05c4cef98f13,1777380962,0.59,0.18,yes,"{""count_fp"":""0.18"",""created_time"":""2026-04-28T12:56:02.347812Z"",""no_price_dollars"":""0.4100"",""taker_side"":""yes"",""ticker"":""KXETH15M-26APR280900-00"",""trade_id"":""af50816d-e274-6a63-3441-05c4cef98f13"",""yes_price_dollars"":""0.5900""}"
KXETH15M-26APR280900-00,9ae69db4-1687-684a-2c61-8533ee391a58,1777380962,0.59,10.0,yes,"{""count_fp"":""10.00"",""created_time"":""2026-04-28T12:56:02.347812Z"",""no_price_dollars"":""0.4100"",""taker_side"":""yes"",""ticker"":""KXETH15M-26APR280900-00"",""trade_id"":""9ae69db4-1687-684a-2c61-8533ee391a58"",""yes_price_dollars"":""0.5900""}"
KXETH15M-26APR280900-00,229e17ee-0b83-41ff-6e3d-1ba7f677cfac,1777380965,0.6,1.0,yes,"{""count_fp"":""1.00"",""created_time"":""2026-04-28T12:56:05.076638Z"",""no_price_dollars"":""0.4000"",""taker_side"":""yes"",""ticker"":""KXETH15M-26APR280900-00"",""trade_id"":""229e17ee-0b83-41ff-6e3d-1ba7f677cfac"",""yes_price_dollars"":""0.6000""}"
KXETH15M-26APR280900-00,eff76b3f-0a4e-4092-f9f5-faccf1765061,1777380967,0.61,10.0,no,"{""count_fp"":""10.00"",""created_time"":""2026-04-28T12:56:07.415691Z"",""no_price_dollars"":""0.3900"",""taker_side"":""no"",""ticker"":""KXETH15M-26APR280900-00"",""trade_id"":""eff76b3f-0a4e-4092-f9f5-faccf1765061"",""yes_price_dollars"":""0.6100""}"
KXETH15M-26APR280900-00,c0c13c79-fb5f-407f-ce35-629b8e487534,1777380967,0.61,1.71,no,"{""count_fp"":""1.71"",""created_time"":""2026-04-28T12:56:07.415691Z"",""no_price_dollars"":""0.3900"",""taker_side"":""no"",""ticker"":""KXETH15M-26APR280900-00"",""trade_id"":""c0c13c79-fb5f-407f-ce35-629b8e487534"",""yes_price_dollars"":""0.6100""}"
KXETH15M-26APR280900-00,d907a420-028d-5145-e2dc-2837f1585c4a,1777380976,0.61,6.0,no,"{""count_fp"":""6.00"",""created_time"":""2026-04-28T12:56:16.459705Z"",""no_price_dollars"":""0.3900"",""taker_side"":""no"",""ticker"":""KXETH15M-26APR280900-00"",""trade_id"":""d907a420-028d-5145-e2dc-2837f1585c4a"",""yes_price_dollars"":""0.6100""}"
KXETH15M-26APR280900-00,2a3f2b9d-d9c9-6318-4e15-387796c06320,1777380977,0.67,20.0,yes,"{""count_fp"":""20.00"",""created_time"":""2026-04-28T12:56:17.811594Z"",""no_price_dollars"":""0.3300"",""taker_side"":""yes"",""ticker"":""KXETH15M-26APR280900-00"",""trade_id"":""2a3f2b9d-d9c9-6318-4e15-387796c06320"",""yes_price_dollars"":""0.6700""}"
KXETH15M-26APR280900-00,8efcf0fa-d62b-5f8a-a9c7-4c8217658e28,1777380977,0.66,10.0,yes,"{""count_fp"":""10.00"",""created_time"":""2026-04-28T12:56:17.801005Z"",""no_price_dollars"":""0.3400"",""taker_side"":""yes"",""ticker"":""KXETH15M-26APR280900-00"",""trade_id"":""8efcf0fa-d62b-5f8a-a9c7-4c8217658e28"",""yes_price_dollars"":""0.6600""}"
KXETH15M-26APR280900-00,78f2b12f-bfd8-5ab9-8727-939282c5e5a7,1777380977,0.66,10.0,yes,"{""count_fp"":""10.00"",""created_time"":""2026-04-28T12:56:17.801005Z"",""no_price_dollars"":""0.3400"",""taker_side"":""yes"",""ticker"":""KXETH15M-26APR280900-00"",""trade_id"":""78f2b12f-bfd8-5ab9-8727-939282c5e5a7"",""yes_price_dollars"":""0.6600""}"
KXETH15M-26APR280900-00,531c5650-0ec2-7e94-a3c8-cbb86d36ce3a,1777380979,0.73,0.13,yes,"{""count_fp"":""0.13"",""created_time"":""2026-04-28T12:56:19.965506Z"",""no_price_dollars"":""0.2700"",""taker_side"":""yes"",""ticker"":""KXETH15M-26APR280900-00"",""trade_id"":""531c5650-0ec2-7e94-a3c8-cbb86d36ce3a"",""yes_price_dollars"":""0.7300""}"
KXETH15M-26APR280900-00,112077c5-e2d9-4d83-1ad1-193538041d4e,1777380979,0.66,3.0,no,"{""count_fp"":""3.00"",""created_time"":""2026-04-28T12:56:19.874824Z"",""no_price_dollars"":""0.3400"",""taker_side"":""no"",""ticker"":""KXETH15M-26APR280900-00"",""trade_id"":""112077c5-e2d9-4d83-1ad1-193538041d4e"",""yes_price_dollars"":""0.6600""}"
KXETH15M-26APR280900-00,31285719-2ce4-47ea-0ca6-0b39a1e92d2b,1777380982,0.62,20.7,yes,"{""count_fp"":""20.70"",""created_time"":""2026-04-28T12:56:22.515955Z"",""no_price_dollars"":""0.3800"",""taker_side"":""yes"",""ticker"":""KXETH15M-26APR280900-00"",""trade_id"":""31285719-2ce4-47ea-0ca6-0b39a1e92d2b"",""yes_price_dollars"":""0.6200""}"
KXETH15M-26APR280900-00,07b47931-c900-75f0-1ec7-7ca10ed169ae,1777380982,0.61,10.0,no,"{""count_fp"":""10.00"",""created_time"":""2026-04-28T12:56:22.015661Z"",""no_price_dollars"":""0.3900"",""taker_side"":""no"",""ticker"":""KXETH15M-26APR280900-00"",""trade_id"":""07b47931-c900-75f0-1ec7-7ca10ed169ae"",""yes_price_dollars"":""0.6100""}"
KXETH15M-26APR280900-00,d4c63ba0-d615-733a-bac5-a825d6d307da,1777380983,0.57,155.82,no,"{""count_fp"":""155.82"",""created_time"":""2026-04-28T12:56:23.713691Z"",""no_price_dollars"":""0.4300"",""taker_side"":""no"",""ticker"":""KXETH15M-26APR280900-00"",""trade_id"":""d4c63ba0-d615-733a-bac5-a825d6d307da"",""yes_price_dollars"":""0.5700""}"
KXETH15M-26APR280900-00,7fdf7f9e-2385-791b-873e-8eb174b24ffa,1777380983,0.58,10.0,no,"{""count_fp"":""10.00"",""created_time"":""2026-04-28T12:56:23.713691Z"",""no_price_dollars"":""0.4200"",""taker_side"":""no"",""ticker"":""KXETH15M-26APR280900-00"",""trade_id"":""7fdf7f9e-2385-791b-873e-8eb174b24ffa"",""yes_price_dollars"":""0.5800""}"
KXETH15M-26APR280900-00,6004b54a-96e8-7158-950d-09cbdfe0e0b3,1777380983,0.55,23.28,no,"{""count_fp"":""23.28"",""created_time"":""2026-04-28T12:56:23.713691Z"",""no_price_dollars"":""0.4500"",""taker_side"":""no"",""ticker"":""KXETH15M-26APR280900-00"",""trade_id"":""6004b54a-96e8-7158-950d-09cbdfe0e0b3"",""yes_price_dollars"":""0.5500""}"
KXETH15M-26APR280900-00,33a04c68-16ce-6f5c-8190-86988e62858d,1777380985,0.54,10.0,no,"{""count_fp"":""10.00"",""created_time"":""2026-04-28T12:56:25.976707Z"",""no_price_dollars"":""0.4600"",""taker_side"":""no"",""ticker"":""KXETH15M-26APR280900-00"",""trade_id"":""33a04c68-16ce-6f5c-8190-86988e62858d"",""yes_price_dollars"":""0.5400""}"
KXETH15M-26APR280900-00,89c2028f-cee9-72c3-c7f8-fa180e43e9a6,1777380985,0.55,10.0,no,"{""count_fp"":""10.00"",""created_time"":""2026-04-28T12:56:25.975976Z"",""no_price_dollars"":""0.4500"",""taker_side"":""no"",""ticker"":""KXETH15M-26APR280900-00"",""trade_id"":""89c2028f-cee9-72c3-c7f8-fa180e43e9a6"",""yes_price_dollars"":""0.5500""}"
KXETH15M-26APR280900-00,c34e2025-239f-4b71-7bd1-60a8f7cc65c5,1777380987,0.53,10.0,yes,"{""count_fp"":""10.00"",""created_time"":""2026-04-28T12:56:27.297422Z"",""no_price_dollars"":""0.4700"",""taker_side"":""yes"",""ticker"":""KXETH15M-26APR280900-00"",""trade_id"":""c34e2025-239f-4b71-7bd1-60a8f7cc65c5"",""yes_price_dollars"":""0.5300""}"
KXETH15M-26APR280900-00,72eace30-407e-717d-d8e4-f37532af6e3d,1777380995,0.52,10.0,no,"{""count_fp"":""10.00"",""created_time"":""2026-04-28T12:56:35.037125Z"",""no_price_dollars"":""0.4800"",""taker_side"":""no"",""ticker"":""KXETH15M-26APR280900-00"",""trade_id"":""72eace30-407e-717d-d8e4-f37532af6e3d"",""yes_price_dollars"":""0.5200""}"
KXETH15M-26APR280900-00,a1527927-9a35-6c01-03e0-8eaa3d79a8eb,1777380997,0.52,10.0,yes,"{""count_fp"":""10.00"",""created_time"":""2026-04-28T12:56:37.527564Z"",""no_price_dollars"":""0.4800"",""taker_side"":""yes"",""ticker"":""KXETH15M-26APR280900-00"",""trade_id"":""a1527927-9a35-6c01-03e0-8eaa3d79a8eb"",""yes_price_dollars"":""0.5200""}"
KXETH15M-26APR280900-00,9e42852a-b592-6128-bf6d-7f533fe5fe30,1777381009,0.52,8.54,no,"{""count_fp"":""8.54"",""created_time"":""2026-04-28T12:56:49.755001Z"",""no_price_dollars"":""0.4800"",""taker_side"":""no"",""ticker"":""KXETH15M-26APR280900-00"",""trade_id"":""9e42852a-b592-6128-bf6d-7f533fe5fe30"",""yes_price_dollars"":""0.5200""}"
