ticker,trade_id,ts,yes_price,count,taker_side,raw_json
KXETH15M-26APR280030-30,55ab37ab-185d-7dd5-7d91-cbf1369eda41,1777349719,0.49,125.0,no,"{""count_fp"":""125.00"",""created_time"":""2026-04-28T04:15:19.690123Z"",""no_price_dollars"":""0.5100"",""taker_side"":""no"",""ticker"":""KXETH15M-26APR280030-30"",""trade_id"":""55ab37ab-185d-7dd5-7d91-cbf1369eda41"",""yes_price_dollars"":""0.4900""}"
KXETH15M-26APR280030-30,9040c0b7-7701-5439-ce0f-13c8d56074f2,1777349720,0.5,10.0,yes,"{""count_fp"":""10.00"",""created_time"":""2026-04-28T04:15:20.342828Z"",""no_price_dollars"":""0.5000"",""taker_side"":""yes"",""ticker"":""KXETH15M-26APR280030-30"",""trade_id"":""9040c0b7-7701-5439-ce0f-13c8d56074f2"",""yes_price_dollars"":""0.5000""}"
KXETH15M-26APR280030-30,1b9767b5-ad23-5389-c8d4-3056b332037b,1777349720,0.5,1.0,yes,"{""count_fp"":""1.00"",""created_time"":""2026-04-28T04:15:20.342828Z"",""no_price_dollars"":""0.5000"",""taker_side"":""yes"",""ticker"":""KXETH15M-26APR280030-30"",""trade_id"":""1b9767b5-ad23-5389-c8d4-3056b332037b"",""yes_price_dollars"":""0.5000""}"
KXETH15M-26APR280030-30,d3d5665e-f4bd-69f5-d3b6-852642bd0bcd,1777349721,0.55,8.13,no,"{""count_fp"":""8.13"",""created_time"":""2026-04-28T04:15:21.820891Z"",""no_price_dollars"":""0.4500"",""taker_side"":""no"",""ticker"":""KXETH15M-26APR280030-30"",""trade_id"":""d3d5665e-f4bd-69f5-d3b6-852642bd0bcd"",""yes_price_dollars"":""0.5500""}"
KXETH15M-26APR280030-30,4eb856d7-d61c-478f-5c73-91062e06eed4,1777349721,0.53,10.0,no,"{""count_fp"":""10.00"",""created_time"":""2026-04-28T04:15:21.446826Z"",""no_price_dollars"":""0.4700"",""taker_side"":""no"",""ticker"":""KXETH15M-26APR280030-30"",""trade_id"":""4eb856d7-d61c-478f-5c73-91062e06eed4"",""yes_price_dollars"":""0.5300""}"
KXETH15M-26APR280030-30,d89e8f38-b0e0-434f-336c-5901bf89f274,1777349721,0.53,10.0,no,"{""count_fp"":""10.00"",""created_time"":""2026-04-28T04:15:21.444547Z"",""no_price_dollars"":""0.4700"",""taker_side"":""no"",""ticker"":""KXETH15M-26APR280030-30"",""trade_id"":""d89e8f38-b0e0-434f-336c-5901bf89f274"",""yes_price_dollars"":""0.5300""}"
KXETH15M-26APR280030-30,c7eebaca-0579-4e9d-3328-57e09bca0818,1777349721,0.53,10.0,no,"{""count_fp"":""10.00"",""created_time"":""2026-04-28T04:15:21.444547Z"",""no_price_dollars"":""0.4700"",""taker_side"":""no"",""ticker"":""KXETH15M-26APR280030-30"",""trade_id"":""c7eebaca-0579-4e9d-3328-57e09bca0818"",""yes_price_dollars"":""0.5300""}"
KXETH15M-26APR280030-30,02307da3-610f-44e3-cdc5-6436c334da56,1777349721,0.51,1.0,yes,"{""count_fp"":""1.00"",""created_time"":""2026-04-28T04:15:21.299053Z"",""no_price_dollars"":""0.4900"",""taker_side"":""yes"",""ticker"":""KXETH15M-26APR280030-30"",""trade_id"":""02307da3-610f-44e3-cdc5-6436c334da56"",""yes_price_dollars"":""0.5100""}"
KXETH15M-26APR280030-30,fa87797c-f2c1-4451-9d44-68e1b2bce3a1,1777349722,0.58,50.0,no,"{""count_fp"":""50.00"",""created_time"":""2026-04-28T04:15:22.869938Z"",""no_price_dollars"":""0.4200"",""taker_side"":""no"",""ticker"":""KXETH15M-26APR280030-30"",""trade_id"":""fa87797c-f2c1-4451-9d44-68e1b2bce3a1"",""yes_price_dollars"":""0.5800""}"
KXETH15M-26APR280030-30,60572b76-75f1-7dc5-5020-4aa7b9977655,1777349722,0.58,3.0,no,"{""count_fp"":""3.00"",""created_time"":""2026-04-28T04:15:22.857515Z"",""no_price_dollars"":""0.4200"",""taker_side"":""no"",""ticker"":""KXETH15M-26APR280030-30"",""trade_id"":""60572b76-75f1-7dc5-5020-4aa7b9977655"",""yes_price_dollars"":""0.5800""}"
KXETH15M-26APR280030-30,7599376d-4f1a-7f1c-3585-45673756898e,1777349722,0.58,10.0,yes,"{""count_fp"":""10.00"",""created_time"":""2026-04-28T04:15:22.346378Z"",""no_price_dollars"":""0.4200"",""taker_side"":""yes"",""ticker"":""KXETH15M-26APR280030-30"",""trade_id"":""7599376d-4f1a-7f1c-3585-45673756898e"",""yes_price_dollars"":""0.5800""}"
KXETH15M-26APR280030-30,a06d9ce8-5f69-6d55-7065-7e3de0f8514d,1777349723,0.58,11.0,no,"{""count_fp"":""11.00"",""created_time"":""2026-04-28T04:15:23.168311Z"",""no_price_dollars"":""0.4200"",""taker_side"":""no"",""ticker"":""KXETH15M-26APR280030-30"",""trade_id"":""a06d9ce8-5f69-6d55-7065-7e3de0f8514d"",""yes_price_dollars"":""0.5800""}"
KXETH15M-26APR280030-30,5f9fd32d-c601-6fcc-7565-1748632bbb54,1777349728,0.58,100.0,no,"{""count_fp"":""100.00"",""created_time"":""2026-04-28T04:15:28.841262Z"",""no_price_dollars"":""0.4200"",""taker_side"":""no"",""ticker"":""KXETH15M-26APR280030-30"",""trade_id"":""5f9fd32d-c601-6fcc-7565-1748632bbb54"",""yes_price_dollars"":""0.5800""}"
KXETH15M-26APR280030-30,55ef3043-05f6-657f-71d0-997374b9a1af,1777349728,0.58,2.0,no,"{""count_fp"":""2.00"",""created_time"":""2026-04-28T04:15:28.841262Z"",""no_price_dollars"":""0.4200"",""taker_side"":""no"",""ticker"":""KXETH15M-26APR280030-30"",""trade_id"":""55ef3043-05f6-657f-71d0-997374b9a1af"",""yes_price_dollars"":""0.5800""}"
KXETH15M-26APR280030-30,2fe9569a-5dcc-5daa-15fb-442ecf10a043,1777349728,0.55,3.0,yes,"{""count_fp"":""3.00"",""created_time"":""2026-04-28T04:15:28.311015Z"",""no_price_dollars"":""0.4500"",""taker_side"":""yes"",""ticker"":""KXETH15M-26APR280030-30"",""trade_id"":""2fe9569a-5dcc-5daa-15fb-442ecf10a043"",""yes_price_dollars"":""0.5500""}"
KXETH15M-26APR280030-30,d0252dba-2ba5-7a45-600d-1fc6583308d1,1777349730,0.55,1.0,no,"{""count_fp"":""1.00"",""created_time"":""2026-04-28T04:15:30.075165Z"",""no_price_dollars"":""0.4500"",""taker_side"":""no"",""ticker"":""KXETH15M-26APR280030-30"",""trade_id"":""d0252dba-2ba5-7a45-600d-1fc6583308d1"",""yes_price_dollars"":""0.5500""}"
KXETH15M-26APR280030-30,f11913ea-fcde-5406-cc64-f9e7c5b108a5,1777349732,0.6,5.0,yes,"{""count_fp"":""5.00"",""created_time"":""2026-04-28T04:15:32.575733Z"",""no_price_dollars"":""0.4000"",""taker_side"":""yes"",""ticker"":""KXETH15M-26APR280030-30"",""trade_id"":""f11913ea-fcde-5406-cc64-f9e7c5b108a5"",""yes_price_dollars"":""0.6000""}"
KXETH15M-26APR280030-30,d65aecd0-f687-55ac-0397-f9e2f61706cc,1777349732,0.59,10.0,yes,"{""count_fp"":""10.00"",""created_time"":""2026-04-28T04:15:32.562148Z"",""no_price_dollars"":""0.4100"",""taker_side"":""yes"",""ticker"":""KXETH15M-26APR280030-30"",""trade_id"":""d65aecd0-f687-55ac-0397-f9e2f61706cc"",""yes_price_dollars"":""0.5900""}"
KXETH15M-26APR280030-30,bc932128-04fd-7ca5-e7a2-76c1e34f0151,1777349734,0.62,26.0,no,"{""count_fp"":""26.00"",""created_time"":""2026-04-28T04:15:34.497537Z"",""no_price_dollars"":""0.3800"",""taker_side"":""no"",""ticker"":""KXETH15M-26APR280030-30"",""trade_id"":""bc932128-04fd-7ca5-e7a2-76c1e34f0151"",""yes_price_dollars"":""0.6200""}"
KXETH15M-26APR280030-30,30874317-c685-4030-042c-6da02a97f38b,1777349736,0.64,2.0,yes,"{""count_fp"":""2.00"",""created_time"":""2026-04-28T04:15:36.948924Z"",""no_price_dollars"":""0.3600"",""taker_side"":""yes"",""ticker"":""KXETH15M-26APR280030-30"",""trade_id"":""30874317-c685-4030-042c-6da02a97f38b"",""yes_price_dollars"":""0.6400""}"
KXETH15M-26APR280030-30,af3f34c5-6729-611c-4ef8-9ffc019cbce6,1777349744,0.65,1.0,yes,"{""count_fp"":""1.00"",""created_time"":""2026-04-28T04:15:44.611632Z"",""no_price_dollars"":""0.3500"",""taker_side"":""yes"",""ticker"":""KXETH15M-26APR280030-30"",""trade_id"":""af3f34c5-6729-611c-4ef8-9ffc019cbce6"",""yes_price_dollars"":""0.6500""}"
KXETH15M-26APR280030-30,ef2a35b6-d50c-472c-d9a6-12aa2c0fb05e,1777349745,0.64,1.0,no,"{""count_fp"":""1.00"",""created_time"":""2026-04-28T04:15:45.199807Z"",""no_price_dollars"":""0.3600"",""taker_side"":""no"",""ticker"":""KXETH15M-26APR280030-30"",""trade_id"":""ef2a35b6-d50c-472c-d9a6-12aa2c0fb05e"",""yes_price_dollars"":""0.6400""}"
KXETH15M-26APR280030-30,8a0dfc88-6f55-5401-5b76-a0b2ba6e5a79,1777349746,0.64,1.0,no,"{""count_fp"":""1.00"",""created_time"":""2026-04-28T04:15:46.472499Z"",""no_price_dollars"":""0.3600"",""taker_side"":""no"",""ticker"":""KXETH15M-26APR280030-30"",""trade_id"":""8a0dfc88-6f55-5401-5b76-a0b2ba6e5a79"",""yes_price_dollars"":""0.6400""}"
KXETH15M-26APR280030-30,8a457755-e0fc-4007-68ef-afd404139b8b,1777349747,0.7,4.0,yes,"{""count_fp"":""4.00"",""created_time"":""2026-04-28T04:15:47.351165Z"",""no_price_dollars"":""0.3000"",""taker_side"":""yes"",""ticker"":""KXETH15M-26APR280030-30"",""trade_id"":""8a457755-e0fc-4007-68ef-afd404139b8b"",""yes_price_dollars"":""0.7000""}"
KXETH15M-26APR280030-30,21c79fc5-46d1-4680-5190-9747b9850856,1777349747,0.65,1.0,yes,"{""count_fp"":""1.00"",""created_time"":""2026-04-28T04:15:47.351165Z"",""no_price_dollars"":""0.3500"",""taker_side"":""yes"",""ticker"":""KXETH15M-26APR280030-30"",""trade_id"":""21c79fc5-46d1-4680-5190-9747b9850856"",""yes_price_dollars"":""0.6500""}"
KXETH15M-26APR280030-30,0da17ead-9e9e-4c05-6f7a-4f211bf806f2,1777349747,0.7,2.0,yes,"{""count_fp"":""2.00"",""created_time"":""2026-04-28T04:15:47.351165Z"",""no_price_dollars"":""0.3000"",""taker_side"":""yes"",""ticker"":""KXETH15M-26APR280030-30"",""trade_id"":""0da17ead-9e9e-4c05-6f7a-4f211bf806f2"",""yes_price_dollars"":""0.7000""}"
KXETH15M-26APR280030-30,8a4540b5-96d8-77ef-a280-b9e3a7a4d5f0,1777349748,0.71,10.0,no,"{""count_fp"":""10.00"",""created_time"":""2026-04-28T04:15:48.138752Z"",""no_price_dollars"":""0.2900"",""taker_side"":""no"",""ticker"":""KXETH15M-26APR280030-30"",""trade_id"":""8a4540b5-96d8-77ef-a280-b9e3a7a4d5f0"",""yes_price_dollars"":""0.7100""}"
KXETH15M-26APR280030-30,7e8c14bc-5aa2-561f-140b-bbd83b20b86f,1777349753,0.64,2.0,no,"{""count_fp"":""2.00"",""created_time"":""2026-04-28T04:15:53.123111Z"",""no_price_dollars"":""0.3600"",""taker_side"":""no"",""ticker"":""KXETH15M-26APR280030-30"",""trade_id"":""7e8c14bc-5aa2-561f-140b-bbd83b20b86f"",""yes_price_dollars"":""0.6400""}"
KXETH15M-26APR280030-30,e09003a4-265e-649d-1d06-90f47bc4f31a,1777349753,0.67,5.0,no,"{""count_fp"":""5.00"",""created_time"":""2026-04-28T04:15:53.069061Z"",""no_price_dollars"":""0.3300"",""taker_side"":""no"",""ticker"":""KXETH15M-26APR280030-30"",""trade_id"":""e09003a4-265e-649d-1d06-90f47bc4f31a"",""yes_price_dollars"":""0.6700""}"
KXETH15M-26APR280030-30,913441d6-2872-62d1-1b90-bb354e0c23bb,1777349753,0.67,57.0,no,"{""count_fp"":""57.00"",""created_time"":""2026-04-28T04:15:53.069061Z"",""no_price_dollars"":""0.3300"",""taker_side"":""no"",""ticker"":""KXETH15M-26APR280030-30"",""trade_id"":""913441d6-2872-62d1-1b90-bb354e0c23bb"",""yes_price_dollars"":""0.6700""}"
KXETH15M-26APR280030-30,73c7f061-9307-6db9-085d-4eb831011247,1777349753,0.67,10.0,no,"{""count_fp"":""10.00"",""created_time"":""2026-04-28T04:15:53.069061Z"",""no_price_dollars"":""0.3300"",""taker_side"":""no"",""ticker"":""KXETH15M-26APR280030-30"",""trade_id"":""73c7f061-9307-6db9-085d-4eb831011247"",""yes_price_dollars"":""0.6700""}"
KXETH15M-26APR280030-30,4dfd8b76-b69d-6938-0114-9f2081089130,1777349753,0.67,2.0,no,"{""count_fp"":""2.00"",""created_time"":""2026-04-28T04:15:53.069061Z"",""no_price_dollars"":""0.3300"",""taker_side"":""no"",""ticker"":""KXETH15M-26APR280030-30"",""trade_id"":""4dfd8b76-b69d-6938-0114-9f2081089130"",""yes_price_dollars"":""0.6700""}"
KXETH15M-26APR280030-30,2d4bc5e3-95f0-64d3-139d-9e3f490edcc3,1777349753,0.69,3.0,no,"{""count_fp"":""3.00"",""created_time"":""2026-04-28T04:15:53.069061Z"",""no_price_dollars"":""0.3100"",""taker_side"":""no"",""ticker"":""KXETH15M-26APR280030-30"",""trade_id"":""2d4bc5e3-95f0-64d3-139d-9e3f490edcc3"",""yes_price_dollars"":""0.6900""}"
KXETH15M-26APR280030-30,bc39b441-1f8d-4fb9-6083-a2956df64ee6,1777349760,0.64,14.0,yes,"{""count_fp"":""14.00"",""created_time"":""2026-04-28T04:16:00.794775Z"",""no_price_dollars"":""0.3600"",""taker_side"":""yes"",""ticker"":""KXETH15M-26APR280030-30"",""trade_id"":""bc39b441-1f8d-4fb9-6083-a2956df64ee6"",""yes_price_dollars"":""0.6400""}"
KXETH15M-26APR280030-30,b0b76c13-2734-42ed-4f1b-49e816426d2e,1777349760,0.62,6.0,yes,"{""count_fp"":""6.00"",""created_time"":""2026-04-28T04:16:00.794775Z"",""no_price_dollars"":""0.3800"",""taker_side"":""yes"",""ticker"":""KXETH15M-26APR280030-30"",""trade_id"":""b0b76c13-2734-42ed-4f1b-49e816426d2e"",""yes_price_dollars"":""0.6200""}"
KXETH15M-26APR280030-30,48a49245-2658-4641-535d-5142bcc675ee,1777349760,0.63,2.0,yes,"{""count_fp"":""2.00"",""created_time"":""2026-04-28T04:16:00.794775Z"",""no_price_dollars"":""0.3700"",""taker_side"":""yes"",""ticker"":""KXETH15M-26APR280030-30"",""trade_id"":""48a49245-2658-4641-535d-5142bcc675ee"",""yes_price_dollars"":""0.6300""}"
KXETH15M-26APR280030-30,75385567-2171-42e9-b7c7-bce677626b5a,1777349761,0.64,20.0,yes,"{""count_fp"":""20.00"",""created_time"":""2026-04-28T04:16:01.691857Z"",""no_price_dollars"":""0.3600"",""taker_side"":""yes"",""ticker"":""KXETH15M-26APR280030-30"",""trade_id"":""75385567-2171-42e9-b7c7-bce677626b5a"",""yes_price_dollars"":""0.6400""}"
KXETH15M-26APR280030-30,8e37ddd4-ae25-5d65-1388-787c6e40e5e2,1777349763,0.6,5.0,yes,"{""count_fp"":""5.00"",""created_time"":""2026-04-28T04:16:03.443839Z"",""no_price_dollars"":""0.4000"",""taker_side"":""yes"",""ticker"":""KXETH15M-26APR280030-30"",""trade_id"":""8e37ddd4-ae25-5d65-1388-787c6e40e5e2"",""yes_price_dollars"":""0.6000""}"
KXETH15M-26APR280030-30,a7e67a3f-700d-7751-afec-26869350827e,1777349764,0.58,44.48,yes,"{""count_fp"":""44.48"",""created_time"":""2026-04-28T04:16:04.765194Z"",""no_price_dollars"":""0.4200"",""taker_side"":""yes"",""ticker"":""KXETH15M-26APR280030-30"",""trade_id"":""a7e67a3f-700d-7751-afec-26869350827e"",""yes_price_dollars"":""0.5800""}"
KXETH15M-26APR280030-30,9b0241fc-af00-458e-5ef5-c97e2b27f180,1777349767,0.57,2.0,yes,"{""count_fp"":""2.00"",""created_time"":""2026-04-28T04:16:07.235366Z"",""no_price_dollars"":""0.4300"",""taker_side"":""yes"",""ticker"":""KXETH15M-26APR280030-30"",""trade_id"":""9b0241fc-af00-458e-5ef5-c97e2b27f180"",""yes_price_dollars"":""0.5700""}"
KXETH15M-26APR280030-30,116c68b2-d5d9-40b9-428a-a6ce6d45b73e,1777349767,0.58,1.6,yes,"{""count_fp"":""1.60"",""created_time"":""2026-04-28T04:16:07.235366Z"",""no_price_dollars"":""0.4200"",""taker_side"":""yes"",""ticker"":""KXETH15M-26APR280030-30"",""trade_id"":""116c68b2-d5d9-40b9-428a-a6ce6d45b73e"",""yes_price_dollars"":""0.5800""}"
KXETH15M-26APR280030-30,75928081-dc68-6f84-59b5-2de6e7cab112,1777349769,0.59,10.0,yes,"{""count_fp"":""10.00"",""created_time"":""2026-04-28T04:16:09.822725Z"",""no_price_dollars"":""0.4100"",""taker_side"":""yes"",""ticker"":""KXETH15M-26APR280030-30"",""trade_id"":""75928081-dc68-6f84-59b5-2de6e7cab112"",""yes_price_dollars"":""0.5900""}"
KXETH15M-26APR280030-30,5381d0e4-8965-5e59-cb73-a9d7c7309ac1,1777349770,0.6,1.22,no,"{""count_fp"":""1.22"",""created_time"":""2026-04-28T04:16:10.666662Z"",""no_price_dollars"":""0.4000"",""taker_side"":""no"",""ticker"":""KXETH15M-26APR280030-30"",""trade_id"":""5381d0e4-8965-5e59-cb73-a9d7c7309ac1"",""yes_price_dollars"":""0.6000""}"
KXETH15M-26APR280030-30,af9a6923-e2ef-6fe8-5945-ec9e84434cbc,1777349771,0.63,40.0,yes,"{""count_fp"":""40.00"",""created_time"":""2026-04-28T04:16:11.342572Z"",""no_price_dollars"":""0.3700"",""taker_side"":""yes"",""ticker"":""KXETH15M-26APR280030-30"",""trade_id"":""af9a6923-e2ef-6fe8-5945-ec9e84434cbc"",""yes_price_dollars"":""0.6300""}"
KXETH15M-26APR280030-30,15d445e3-55c5-6724-05fb-4386c50a3c33,1777349772,0.68,10.0,yes,"{""count_fp"":""10.00"",""created_time"":""2026-04-28T04:16:12.758165Z"",""no_price_dollars"":""0.3200"",""taker_side"":""yes"",""ticker"":""KXETH15M-26APR280030-30"",""trade_id"":""15d445e3-55c5-6724-05fb-4386c50a3c33"",""yes_price_dollars"":""0.6800""}"
KXETH15M-26APR280030-30,432a8b2a-ff18-4ba3-e0ae-3ed55db7fc98,1777349774,0.67,10.0,no,"{""count_fp"":""10.00"",""created_time"":""2026-04-28T04:16:14.060036Z"",""no_price_dollars"":""0.3300"",""taker_side"":""no"",""ticker"":""KXETH15M-26APR280030-30"",""trade_id"":""432a8b2a-ff18-4ba3-e0ae-3ed55db7fc98"",""yes_price_dollars"":""0.6700""}"
KXETH15M-26APR280030-30,c4c01f60-6f3c-5a80-ec5a-356eb1efb68d,1777349779,0.71,10.0,yes,"{""count_fp"":""10.00"",""created_time"":""2026-04-28T04:16:19.445539Z"",""no_price_dollars"":""0.2900"",""taker_side"":""yes"",""ticker"":""KXETH15M-26APR280030-30"",""trade_id"":""c4c01f60-6f3c-5a80-ec5a-356eb1efb68d"",""yes_price_dollars"":""0.7100""}"
KXETH15M-26APR280030-30,4beaedc1-69d2-519f-cbcc-8b3bd027bddd,1777349779,0.71,1.0,yes,"{""count_fp"":""1.00"",""created_time"":""2026-04-28T04:16:19.445539Z"",""no_price_dollars"":""0.2900"",""taker_side"":""yes"",""ticker"":""KXETH15M-26APR280030-30"",""trade_id"":""4beaedc1-69d2-519f-cbcc-8b3bd027bddd"",""yes_price_dollars"":""0.7100""}"
KXETH15M-26APR280030-30,f3d565cf-5178-7a85-ca5b-bba24cc5c425,1777349779,0.7,10.0,yes,"{""count_fp"":""10.00"",""created_time"":""2026-04-28T04:16:19.412622Z"",""no_price_dollars"":""0.3000"",""taker_side"":""yes"",""ticker"":""KXETH15M-26APR280030-30"",""trade_id"":""f3d565cf-5178-7a85-ca5b-bba24cc5c425"",""yes_price_dollars"":""0.7000""}"
KXETH15M-26APR280030-30,5dc177cb-6bd7-65fd-68d6-bd8b2f2c7286,1777349779,0.69,12.0,yes,"{""count_fp"":""12.00"",""created_time"":""2026-04-28T04:16:19.397308Z"",""no_price_dollars"":""0.3100"",""taker_side"":""yes"",""ticker"":""KXETH15M-26APR280030-30"",""trade_id"":""5dc177cb-6bd7-65fd-68d6-bd8b2f2c7286"",""yes_price_dollars"":""0.6900""}"
KXETH15M-26APR280030-30,d166d38e-b9a9-6371-8b07-3db53808f8c1,1777349780,0.71,5.0,no,"{""count_fp"":""5.00"",""created_time"":""2026-04-28T04:16:20.255313Z"",""no_price_dollars"":""0.2900"",""taker_side"":""no"",""ticker"":""KXETH15M-26APR280030-30"",""trade_id"":""d166d38e-b9a9-6371-8b07-3db53808f8c1"",""yes_price_dollars"":""0.7100""}"
KXETH15M-26APR280030-30,4c8bdb19-2e31-794d-2eee-1c0972c4a225,1777349780,0.71,3.0,no,"{""count_fp"":""3.00"",""created_time"":""2026-04-28T04:16:20.230053Z"",""no_price_dollars"":""0.2900"",""taker_side"":""no"",""ticker"":""KXETH15M-26APR280030-30"",""trade_id"":""4c8bdb19-2e31-794d-2eee-1c0972c4a225"",""yes_price_dollars"":""0.7100""}"
KXETH15M-26APR280030-30,6cc12e12-116d-7605-f889-8239c8bb2b4a,1777349782,0.73,1.0,yes,"{""count_fp"":""1.00"",""created_time"":""2026-04-28T04:16:22.322859Z"",""no_price_dollars"":""0.2700"",""taker_side"":""yes"",""ticker"":""KXETH15M-26APR280030-30"",""trade_id"":""6cc12e12-116d-7605-f889-8239c8bb2b4a"",""yes_price_dollars"":""0.7300""}"
KXETH15M-26APR280030-30,c24d54de-2a67-4e99-990f-b917bda0bc4c,1777349784,0.76,60.0,yes,"{""count_fp"":""60.00"",""created_time"":""2026-04-28T04:16:24.638803Z"",""no_price_dollars"":""0.2400"",""taker_side"":""yes"",""ticker"":""KXETH15M-26APR280030-30"",""trade_id"":""c24d54de-2a67-4e99-990f-b917bda0bc4c"",""yes_price_dollars"":""0.7600""}"
KXETH15M-26APR280030-30,e528187d-6d2a-7a30-97e6-7d849530e4c3,1777349784,0.75,211.0,yes,"{""count_fp"":""211.00"",""created_time"":""2026-04-28T04:16:24.638471Z"",""no_price_dollars"":""0.2500"",""taker_side"":""yes"",""ticker"":""KXETH15M-26APR280030-30"",""trade_id"":""e528187d-6d2a-7a30-97e6-7d849530e4c3"",""yes_price_dollars"":""0.7500""}"
KXETH15M-26APR280030-30,601733e5-928a-769f-927d-6805c1ba072a,1777349784,0.75,50.0,yes,"{""count_fp"":""50.00"",""created_time"":""2026-04-28T04:16:24.638471Z"",""no_price_dollars"":""0.2500"",""taker_side"":""yes"",""ticker"":""KXETH15M-26APR280030-30"",""trade_id"":""601733e5-928a-769f-927d-6805c1ba072a"",""yes_price_dollars"":""0.7500""}"
KXETH15M-26APR280030-30,e9449fcb-7457-535f-0236-06bff92ca032,1777349784,0.73,10.0,yes,"{""count_fp"":""10.00"",""created_time"":""2026-04-28T04:16:24.619158Z"",""no_price_dollars"":""0.2700"",""taker_side"":""yes"",""ticker"":""KXETH15M-26APR280030-30"",""trade_id"":""e9449fcb-7457-535f-0236-06bff92ca032"",""yes_price_dollars"":""0.7300""}"
KXETH15M-26APR280030-30,92cc75f1-7aec-5c4d-3788-cae3c9e95121,1777349784,0.73,10.0,yes,"{""count_fp"":""10.00"",""created_time"":""2026-04-28T04:16:24.619158Z"",""no_price_dollars"":""0.2700"",""taker_side"":""yes"",""ticker"":""KXETH15M-26APR280030-30"",""trade_id"":""92cc75f1-7aec-5c4d-3788-cae3c9e95121"",""yes_price_dollars"":""0.7300""}"
KXETH15M-26APR280030-30,831e4d85-02e0-53e5-2429-57d94ceaccda,1777349784,0.73,100.0,yes,"{""count_fp"":""100.00"",""created_time"":""2026-04-28T04:16:24.619158Z"",""no_price_dollars"":""0.2700"",""taker_side"":""yes"",""ticker"":""KXETH15M-26APR280030-30"",""trade_id"":""831e4d85-02e0-53e5-2429-57d94ceaccda"",""yes_price_dollars"":""0.7300""}"
KXETH15M-26APR280030-30,9b46f8b5-cce1-4286-c97b-c87e79cfdb2c,1777349785,0.77,25.75,no,"{""count_fp"":""25.75"",""created_time"":""2026-04-28T04:16:25.831703Z"",""no_price_dollars"":""0.2300"",""taker_side"":""no"",""ticker"":""KXETH15M-26APR280030-30"",""trade_id"":""9b46f8b5-cce1-4286-c97b-c87e79cfdb2c"",""yes_price_dollars"":""0.7700""}"
KXETH15M-26APR280030-30,e5c04c49-f2a1-5e73-0f3c-b8c2f48d611f,1777349787,0.82,10.0,yes,"{""count_fp"":""10.00"",""created_time"":""2026-04-28T04:16:27.430693Z"",""no_price_dollars"":""0.1800"",""taker_side"":""yes"",""ticker"":""KXETH15M-26APR280030-30"",""trade_id"":""e5c04c49-f2a1-5e73-0f3c-b8c2f48d611f"",""yes_price_dollars"":""0.8200""}"
KXETH15M-26APR280030-30,4ecc5960-ae37-51d5-13e7-2c6b95a05046,1777349787,0.82,10.0,yes,"{""count_fp"":""10.00"",""created_time"":""2026-04-28T04:16:27.430693Z"",""no_price_dollars"":""0.1800"",""taker_side"":""yes"",""ticker"":""KXETH15M-26APR280030-30"",""trade_id"":""4ecc5960-ae37-51d5-13e7-2c6b95a05046"",""yes_price_dollars"":""0.8200""}"
KXETH15M-26APR280030-30,31dc2999-aba9-58ab-022d-65819b2ab2cd,1777349787,0.81,4.0,yes,"{""count_fp"":""4.00"",""created_time"":""2026-04-28T04:16:27.430693Z"",""no_price_dollars"":""0.1900"",""taker_side"":""yes"",""ticker"":""KXETH15M-26APR280030-30"",""trade_id"":""31dc2999-aba9-58ab-022d-65819b2ab2cd"",""yes_price_dollars"":""0.8100""}"
KXETH15M-26APR280030-30,3ec81627-1862-46c8-8403-03b1dafc1d0b,1777349787,0.78,19.75,no,"{""count_fp"":""19.75"",""created_time"":""2026-04-28T04:16:27.342721Z"",""no_price_dollars"":""0.2200"",""taker_side"":""no"",""ticker"":""KXETH15M-26APR280030-30"",""trade_id"":""3ec81627-1862-46c8-8403-03b1dafc1d0b"",""yes_price_dollars"":""0.7800""}"
KXETH15M-26APR280030-30,a23c25d6-2c21-7b60-2ec9-451b24030204,1777349787,0.79,5.0,yes,"{""count_fp"":""5.00"",""created_time"":""2026-04-28T04:16:27.301093Z"",""no_price_dollars"":""0.2100"",""taker_side"":""yes"",""ticker"":""KXETH15M-26APR280030-30"",""trade_id"":""a23c25d6-2c21-7b60-2ec9-451b24030204"",""yes_price_dollars"":""0.7900""}"
KXETH15M-26APR280030-30,9363ee0f-6970-402e-3015-295162c1530e,1777349788,0.79,5.0,no,"{""count_fp"":""5.00"",""created_time"":""2026-04-28T04:16:28.880406Z"",""no_price_dollars"":""0.2100"",""taker_side"":""no"",""ticker"":""KXETH15M-26APR280030-30"",""trade_id"":""9363ee0f-6970-402e-3015-295162c1530e"",""yes_price_dollars"":""0.7900""}"
KXETH15M-26APR280030-30,4f526381-375c-4d92-3d3f-14eb91d447d5,1777349788,0.79,10.0,no,"{""count_fp"":""10.00"",""created_time"":""2026-04-28T04:16:28.880406Z"",""no_price_dollars"":""0.2100"",""taker_side"":""no"",""ticker"":""KXETH15M-26APR280030-30"",""trade_id"":""4f526381-375c-4d92-3d3f-14eb91d447d5"",""yes_price_dollars"":""0.7900""}"
KXETH15M-26APR280030-30,3a3bbbee-b6de-469b-0330-04f1ccddd909,1777349788,0.79,22.0,no,"{""count_fp"":""22.00"",""created_time"":""2026-04-28T04:16:28.880406Z"",""no_price_dollars"":""0.2100"",""taker_side"":""no"",""ticker"":""KXETH15M-26APR280030-30"",""trade_id"":""3a3bbbee-b6de-469b-0330-04f1ccddd909"",""yes_price_dollars"":""0.7900""}"
KXETH15M-26APR280030-30,fdc3f958-84ae-41a3-8fdb-c2b44db67481,1777349788,0.8,10.0,no,"{""count_fp"":""10.00"",""created_time"":""2026-04-28T04:16:28.283344Z"",""no_price_dollars"":""0.2000"",""taker_side"":""no"",""ticker"":""KXETH15M-26APR280030-30"",""trade_id"":""fdc3f958-84ae-41a3-8fdb-c2b44db67481"",""yes_price_dollars"":""0.8000""}"
KXETH15M-26APR280030-30,2a7c500f-0115-48b4-bb87-51d634cda879,1777349788,0.79,4.74,no,"{""count_fp"":""4.74"",""created_time"":""2026-04-28T04:16:28.283344Z"",""no_price_dollars"":""0.2100"",""taker_side"":""no"",""ticker"":""KXETH15M-26APR280030-30"",""trade_id"":""2a7c500f-0115-48b4-bb87-51d634cda879"",""yes_price_dollars"":""0.7900""}"
KXETH15M-26APR280030-30,e1c46c4d-e992-4f32-facf-93f3e35d7a61,1777349789,0.83,1.0,yes,"{""count_fp"":""1.00"",""created_time"":""2026-04-28T04:16:29.227585Z"",""no_price_dollars"":""0.1700"",""taker_side"":""yes"",""ticker"":""KXETH15M-26APR280030-30"",""trade_id"":""e1c46c4d-e992-4f32-facf-93f3e35d7a61"",""yes_price_dollars"":""0.8300""}"
KXETH15M-26APR280030-30,cf6d76c1-ce10-5ba2-298f-c70a2f87971a,1777349790,0.77,122.0,no,"{""count_fp"":""122.00"",""created_time"":""2026-04-28T04:16:30.209908Z"",""no_price_dollars"":""0.2300"",""taker_side"":""no"",""ticker"":""KXETH15M-26APR280030-30"",""trade_id"":""cf6d76c1-ce10-5ba2-298f-c70a2f87971a"",""yes_price_dollars"":""0.7700""}"
KXETH15M-26APR280030-30,1bb410a2-b429-6241-e4ff-a8d3a6ee2aa9,1777349792,0.76,19.0,no,"{""count_fp"":""19.00"",""created_time"":""2026-04-28T04:16:32.796143Z"",""no_price_dollars"":""0.2400"",""taker_side"":""no"",""ticker"":""KXETH15M-26APR280030-30"",""trade_id"":""1bb410a2-b429-6241-e4ff-a8d3a6ee2aa9"",""yes_price_dollars"":""0.7600""}"
KXETH15M-26APR280030-30,0c992db7-a765-7561-8d3e-6f7ead724f12,1777349793,0.78,30.81,yes,"{""count_fp"":""30.81"",""created_time"":""2026-04-28T04:16:33.883277Z"",""no_price_dollars"":""0.2200"",""taker_side"":""yes"",""ticker"":""KXETH15M-26APR280030-30"",""trade_id"":""0c992db7-a765-7561-8d3e-6f7ead724f12"",""yes_price_dollars"":""0.7800""}"
KXETH15M-26APR280030-30,cce4e58d-d005-43af-007e-0accf42009f0,1777349793,0.8,6.0,yes,"{""count_fp"":""6.00"",""created_time"":""2026-04-28T04:16:33.096347Z"",""no_price_dollars"":""0.2000"",""taker_side"":""yes"",""ticker"":""KXETH15M-26APR280030-30"",""trade_id"":""cce4e58d-d005-43af-007e-0accf42009f0"",""yes_price_dollars"":""0.8000""}"
KXETH15M-26APR280030-30,8a31e80b-a3d1-76a9-1889-5aafd6d235e2,1777349794,0.77,1.0,yes,"{""count_fp"":""1.00"",""created_time"":""2026-04-28T04:16:34.672268Z"",""no_price_dollars"":""0.2300"",""taker_side"":""yes"",""ticker"":""KXETH15M-26APR280030-30"",""trade_id"":""8a31e80b-a3d1-76a9-1889-5aafd6d235e2"",""yes_price_dollars"":""0.7700""}"
KXETH15M-26APR280030-30,e0e79c80-caaf-4303-de8a-7f12f610dd26,1777349795,0.73,7.0,no,"{""count_fp"":""7.00"",""created_time"":""2026-04-28T04:16:35.252364Z"",""no_price_dollars"":""0.2700"",""taker_side"":""no"",""ticker"":""KXETH15M-26APR280030-30"",""trade_id"":""e0e79c80-caaf-4303-de8a-7f12f610dd26"",""yes_price_dollars"":""0.7300""}"
KXETH15M-26APR280030-30,386898f3-f401-4b98-e4ac-087e92030740,1777349795,0.75,3.0,no,"{""count_fp"":""3.00"",""created_time"":""2026-04-28T04:16:35.252364Z"",""no_price_dollars"":""0.2500"",""taker_side"":""no"",""ticker"":""KXETH15M-26APR280030-30"",""trade_id"":""386898f3-f401-4b98-e4ac-087e92030740"",""yes_price_dollars"":""0.7500""}"
KXETH15M-26APR280030-30,a18e5670-cda3-758b-961c-623024825ea0,1777349796,0.71,10.0,no,"{""count_fp"":""10.00"",""created_time"":""2026-04-28T04:16:36.758882Z"",""no_price_dollars"":""0.2900"",""taker_side"":""no"",""ticker"":""KXETH15M-26APR280030-30"",""trade_id"":""a18e5670-cda3-758b-961c-623024825ea0"",""yes_price_dollars"":""0.7100""}"
KXETH15M-26APR280030-30,71ccc2a1-41b6-4ef4-0f8f-1241e215a323,1777349797,0.69,10.0,no,"{""count_fp"":""10.00"",""created_time"":""2026-04-28T04:16:37.648765Z"",""no_price_dollars"":""0.3100"",""taker_side"":""no"",""ticker"":""KXETH15M-26APR280030-30"",""trade_id"":""71ccc2a1-41b6-4ef4-0f8f-1241e215a323"",""yes_price_dollars"":""0.6900""}"
KXETH15M-26APR280030-30,b2194e6b-af56-556a-3495-5d6e1f01e297,1777349797,0.7,10.0,no,"{""count_fp"":""10.00"",""created_time"":""2026-04-28T04:16:37.200676Z"",""no_price_dollars"":""0.3000"",""taker_side"":""no"",""ticker"":""KXETH15M-26APR280030-30"",""trade_id"":""b2194e6b-af56-556a-3495-5d6e1f01e297"",""yes_price_dollars"":""0.7000""}"
KXETH15M-26APR280030-30,3ba69d35-5a15-5009-54d8-c9acb6bedd97,1777349798,0.69,10.0,no,"{""count_fp"":""10.00"",""created_time"":""2026-04-28T04:16:38.555644Z"",""no_price_dollars"":""0.3100"",""taker_side"":""no"",""ticker"":""KXETH15M-26APR280030-30"",""trade_id"":""3ba69d35-5a15-5009-54d8-c9acb6bedd97"",""yes_price_dollars"":""0.6900""}"
KXETH15M-26APR280030-30,9fb10eee-0d29-5d44-e4ef-d45bffb22338,1777349798,0.69,10.0,no,"{""count_fp"":""10.00"",""created_time"":""2026-04-28T04:16:38.102533Z"",""no_price_dollars"":""0.3100"",""taker_side"":""no"",""ticker"":""KXETH15M-26APR280030-30"",""trade_id"":""9fb10eee-0d29-5d44-e4ef-d45bffb22338"",""yes_price_dollars"":""0.6900""}"
KXETH15M-26APR280030-30,b4acb9da-d4ab-62c4-2bc4-90be3cd3c4d9,1777349800,0.72,0.33,yes,"{""count_fp"":""0.33"",""created_time"":""2026-04-28T04:16:40.417355Z"",""no_price_dollars"":""0.2800"",""taker_side"":""yes"",""ticker"":""KXETH15M-26APR280030-30"",""trade_id"":""b4acb9da-d4ab-62c4-2bc4-90be3cd3c4d9"",""yes_price_dollars"":""0.7200""}"
KXETH15M-26APR280030-30,495100b4-bf51-6fb3-1928-c1c54b13228b,1777349800,0.72,1.0,yes,"{""count_fp"":""1.00"",""created_time"":""2026-04-28T04:16:40.417355Z"",""no_price_dollars"":""0.2800"",""taker_side"":""yes"",""ticker"":""KXETH15M-26APR280030-30"",""trade_id"":""495100b4-bf51-6fb3-1928-c1c54b13228b"",""yes_price_dollars"":""0.7200""}"
KXETH15M-26APR280030-30,fd98e213-5649-4e45-ddcb-b966f6ea717d,1777349810,0.69,10.0,no,"{""count_fp"":""10.00"",""created_time"":""2026-04-28T04:16:50.344479Z"",""no_price_dollars"":""0.3100"",""taker_side"":""no"",""ticker"":""KXETH15M-26APR280030-30"",""trade_id"":""fd98e213-5649-4e45-ddcb-b966f6ea717d"",""yes_price_dollars"":""0.6900""}"
KXETH15M-26APR280030-30,dc6c33d5-ac69-6f21-8d1c-013d439afda1,1777349813,0.69,3.0,no,"{""count_fp"":""3.00"",""created_time"":""2026-04-28T04:16:53.072583Z"",""no_price_dollars"":""0.3100"",""taker_side"":""no"",""ticker"":""KXETH15M-26APR280030-30"",""trade_id"":""dc6c33d5-ac69-6f21-8d1c-013d439afda1"",""yes_price_dollars"":""0.6900""}"
KXETH15M-26APR280030-30,c5e2bf53-6c55-422d-5b05-bf2e814b5d01,1777349814,0.69,160.0,no,"{""count_fp"":""160.00"",""created_time"":""2026-04-28T04:16:54.973763Z"",""no_price_dollars"":""0.3100"",""taker_side"":""no"",""ticker"":""KXETH15M-26APR280030-30"",""trade_id"":""c5e2bf53-6c55-422d-5b05-bf2e814b5d01"",""yes_price_dollars"":""0.6900""}"
KXETH15M-26APR280030-30,ce48d33b-81a1-7169-aaff-8b9814819cf1,1777349814,0.69,3.0,no,"{""count_fp"":""3.00"",""created_time"":""2026-04-28T04:16:54.195744Z"",""no_price_dollars"":""0.3100"",""taker_side"":""no"",""ticker"":""KXETH15M-26APR280030-30"",""trade_id"":""ce48d33b-81a1-7169-aaff-8b9814819cf1"",""yes_price_dollars"":""0.6900""}"
KXETH15M-26APR280030-30,1d120e43-2737-6385-41cc-bbc13a0fc405,1777349815,0.7,33.0,yes,"{""count_fp"":""33.00"",""created_time"":""2026-04-28T04:16:55.780856Z"",""no_price_dollars"":""0.3000"",""taker_side"":""yes"",""ticker"":""KXETH15M-26APR280030-30"",""trade_id"":""1d120e43-2737-6385-41cc-bbc13a0fc405"",""yes_price_dollars"":""0.7000""}"
KXETH15M-26APR280030-30,47d74de1-7813-61f5-8941-ca08749eb7b9,1777349815,0.7,1.0,yes,"{""count_fp"":""1.00"",""created_time"":""2026-04-28T04:16:55.306297Z"",""no_price_dollars"":""0.3000"",""taker_side"":""yes"",""ticker"":""KXETH15M-26APR280030-30"",""trade_id"":""47d74de1-7813-61f5-8941-ca08749eb7b9"",""yes_price_dollars"":""0.7000""}"
KXETH15M-26APR280030-30,e3a3aec0-5eaa-4df4-e9ab-7dc9c9c0d9ef,1777349817,0.72,1.0,no,"{""count_fp"":""1.00"",""created_time"":""2026-04-28T04:16:57.124762Z"",""no_price_dollars"":""0.2800"",""taker_side"":""no"",""ticker"":""KXETH15M-26APR280030-30"",""trade_id"":""e3a3aec0-5eaa-4df4-e9ab-7dc9c9c0d9ef"",""yes_price_dollars"":""0.7200""}"
KXETH15M-26APR280030-30,856036db-fa76-4362-e525-ae43d4a7c40c,1777349817,0.7,10.0,no,"{""count_fp"":""10.00"",""created_time"":""2026-04-28T04:16:57.124762Z"",""no_price_dollars"":""0.3000"",""taker_side"":""no"",""ticker"":""KXETH15M-26APR280030-30"",""trade_id"":""856036db-fa76-4362-e525-ae43d4a7c40c"",""yes_price_dollars"":""0.7000""}"
KXETH15M-26APR280030-30,563ba066-cce3-5945-f6e4-1a11dba4a8d9,1777349818,0.71,10.0,yes,"{""count_fp"":""10.00"",""created_time"":""2026-04-28T04:16:58.357737Z"",""no_price_dollars"":""0.2900"",""taker_side"":""yes"",""ticker"":""KXETH15M-26APR280030-30"",""trade_id"":""563ba066-cce3-5945-f6e4-1a11dba4a8d9"",""yes_price_dollars"":""0.7100""}"
KXETH15M-26APR280030-30,db7b9985-f67f-417e-6ae5-c465bb431b68,1777349818,0.7,9.0,yes,"{""count_fp"":""9.00"",""created_time"":""2026-04-28T04:16:58.277542Z"",""no_price_dollars"":""0.3000"",""taker_side"":""yes"",""ticker"":""KXETH15M-26APR280030-30"",""trade_id"":""db7b9985-f67f-417e-6ae5-c465bb431b68"",""yes_price_dollars"":""0.7000""}"
KXETH15M-26APR280030-30,ca4b8bdc-153b-594a-af6a-4dcac9244273,1777349822,0.75,3.14,no,"{""count_fp"":""3.14"",""created_time"":""2026-04-28T04:17:02.185171Z"",""no_price_dollars"":""0.2500"",""taker_side"":""no"",""ticker"":""KXETH15M-26APR280030-30"",""trade_id"":""ca4b8bdc-153b-594a-af6a-4dcac9244273"",""yes_price_dollars"":""0.7500""}"
KXETH15M-26APR280030-30,27db8204-d597-51f3-a587-63f6f564121c,1777349822,0.75,10.0,no,"{""count_fp"":""10.00"",""created_time"":""2026-04-28T04:17:02.185171Z"",""no_price_dollars"":""0.2500"",""taker_side"":""no"",""ticker"":""KXETH15M-26APR280030-30"",""trade_id"":""27db8204-d597-51f3-a587-63f6f564121c"",""yes_price_dollars"":""0.7500""}"
KXETH15M-26APR280030-30,fa5e2a14-cdc4-538b-0b9a-736b8192ec48,1777349825,0.84,4.15,yes,"{""count_fp"":""4.15"",""created_time"":""2026-04-28T04:17:05.991716Z"",""no_price_dollars"":""0.1600"",""taker_side"":""yes"",""ticker"":""KXETH15M-26APR280030-30"",""trade_id"":""fa5e2a14-cdc4-538b-0b9a-736b8192ec48"",""yes_price_dollars"":""0.8400""}"
KXETH15M-26APR280030-30,ed5aadf6-7949-5d20-2a2d-1680a85d745d,1777349825,0.84,10.0,yes,"{""count_fp"":""10.00"",""created_time"":""2026-04-28T04:17:05.991716Z"",""no_price_dollars"":""0.1600"",""taker_side"":""yes"",""ticker"":""KXETH15M-26APR280030-30"",""trade_id"":""ed5aadf6-7949-5d20-2a2d-1680a85d745d"",""yes_price_dollars"":""0.8400""}"
KXETH15M-26APR280030-30,a8cccfe5-ef00-571b-3959-ee4b801042c4,1777349825,0.84,1.0,yes,"{""count_fp"":""1.00"",""created_time"":""2026-04-28T04:17:05.991716Z"",""no_price_dollars"":""0.1600"",""taker_side"":""yes"",""ticker"":""KXETH15M-26APR280030-30"",""trade_id"":""a8cccfe5-ef00-571b-3959-ee4b801042c4"",""yes_price_dollars"":""0.8400""}"
KXETH15M-26APR280030-30,8cc16ed5-36fd-59a7-092d-ce13d636e27c,1777349825,0.83,10.0,yes,"{""count_fp"":""10.00"",""created_time"":""2026-04-28T04:17:05.991716Z"",""no_price_dollars"":""0.1700"",""taker_side"":""yes"",""ticker"":""KXETH15M-26APR280030-30"",""trade_id"":""8cc16ed5-36fd-59a7-092d-ce13d636e27c"",""yes_price_dollars"":""0.8300""}"
KXETH15M-26APR280030-30,4facfc11-37fb-5192-12ae-12eabaf1f2b3,1777349825,0.84,4.0,yes,"{""count_fp"":""4.00"",""created_time"":""2026-04-28T04:17:05.991716Z"",""no_price_dollars"":""0.1600"",""taker_side"":""yes"",""ticker"":""KXETH15M-26APR280030-30"",""trade_id"":""4facfc11-37fb-5192-12ae-12eabaf1f2b3"",""yes_price_dollars"":""0.8400""}"
KXETH15M-26APR280030-30,e383e564-6da4-617f-1b59-cccd51488d64,1777349826,0.83,0.65,yes,"{""count_fp"":""0.65"",""created_time"":""2026-04-28T04:17:06.361661Z"",""no_price_dollars"":""0.1700"",""taker_side"":""yes"",""ticker"":""KXETH15M-26APR280030-30"",""trade_id"":""e383e564-6da4-617f-1b59-cccd51488d64"",""yes_price_dollars"":""0.8300""}"
KXETH15M-26APR280030-30,3a1b6b7d-9f6b-658f-6c16-2afde4a742fa,1777349827,0.77,10.0,no,"{""count_fp"":""10.00"",""created_time"":""2026-04-28T04:17:07.053067Z"",""no_price_dollars"":""0.2300"",""taker_side"":""no"",""ticker"":""KXETH15M-26APR280030-30"",""trade_id"":""3a1b6b7d-9f6b-658f-6c16-2afde4a742fa"",""yes_price_dollars"":""0.7700""}"
KXETH15M-26APR280030-30,3a82aaf8-122a-4964-8630-d73409de3ee5,1777349827,0.79,9.0,no,"{""count_fp"":""9.00"",""created_time"":""2026-04-28T04:17:07.001132Z"",""no_price_dollars"":""0.2100"",""taker_side"":""no"",""ticker"":""KXETH15M-26APR280030-30"",""trade_id"":""3a82aaf8-122a-4964-8630-d73409de3ee5"",""yes_price_dollars"":""0.7900""}"
KXETH15M-26APR280030-30,36e396ea-5a06-66aa-9960-9d7ef0e2c588,1777349829,0.81,1.0,yes,"{""count_fp"":""1.00"",""created_time"":""2026-04-28T04:17:09.671893Z"",""no_price_dollars"":""0.1900"",""taker_side"":""yes"",""ticker"":""KXETH15M-26APR280030-30"",""trade_id"":""36e396ea-5a06-66aa-9960-9d7ef0e2c588"",""yes_price_dollars"":""0.8100""}"
KXETH15M-26APR280030-30,f9b2977a-a86d-63c7-6eb0-0e6e5bdd8c13,1777349832,0.81,9.31,yes,"{""count_fp"":""9.31"",""created_time"":""2026-04-28T04:17:12.625133Z"",""no_price_dollars"":""0.1900"",""taker_side"":""yes"",""ticker"":""KXETH15M-26APR280030-30"",""trade_id"":""f9b2977a-a86d-63c7-6eb0-0e6e5bdd8c13"",""yes_price_dollars"":""0.8100""}"
KXETH15M-26APR280030-30,f4af9720-707e-6c26-4986-27750eefe75c,1777349832,0.81,5.05,yes,"{""count_fp"":""5.05"",""created_time"":""2026-04-28T04:17:12.625133Z"",""no_price_dollars"":""0.1900"",""taker_side"":""yes"",""ticker"":""KXETH15M-26APR280030-30"",""trade_id"":""f4af9720-707e-6c26-4986-27750eefe75c"",""yes_price_dollars"":""0.8100""}"
KXETH15M-26APR280030-30,943942fe-94c8-6e5b-7893-cb3baf097382,1777349832,0.81,10.0,yes,"{""count_fp"":""10.00"",""created_time"":""2026-04-28T04:17:12.625133Z"",""no_price_dollars"":""0.1900"",""taker_side"":""yes"",""ticker"":""KXETH15M-26APR280030-30"",""trade_id"":""943942fe-94c8-6e5b-7893-cb3baf097382"",""yes_price_dollars"":""0.8100""}"
KXETH15M-26APR280030-30,c92c4f67-57b5-4d33-5766-f9320b904467,1777349832,0.81,1.21,yes,"{""count_fp"":""1.21"",""created_time"":""2026-04-28T04:17:12.173541Z"",""no_price_dollars"":""0.1900"",""taker_side"":""yes"",""ticker"":""KXETH15M-26APR280030-30"",""trade_id"":""c92c4f67-57b5-4d33-5766-f9320b904467"",""yes_price_dollars"":""0.8100""}"
KXETH15M-26APR280030-30,71af7175-1ecd-61e6-82e9-65c8a89c9c68,1777349833,0.78,9.0,no,"{""count_fp"":""9.00"",""created_time"":""2026-04-28T04:17:13.282837Z"",""no_price_dollars"":""0.2200"",""taker_side"":""no"",""ticker"":""KXETH15M-26APR280030-30"",""trade_id"":""71af7175-1ecd-61e6-82e9-65c8a89c9c68"",""yes_price_dollars"":""0.7800""}"
KXETH15M-26APR280030-30,9abf8f93-c11d-611d-fb1c-82a062b07302,1777349835,0.81,24.36,yes,"{""count_fp"":""24.36"",""created_time"":""2026-04-28T04:17:15.302697Z"",""no_price_dollars"":""0.1900"",""taker_side"":""yes"",""ticker"":""KXETH15M-26APR280030-30"",""trade_id"":""9abf8f93-c11d-611d-fb1c-82a062b07302"",""yes_price_dollars"":""0.8100""}"
KXETH15M-26APR280030-30,66b13baa-d46a-612a-2c47-befe76506824,1777349836,0.84,5.0,yes,"{""count_fp"":""5.00"",""created_time"":""2026-04-28T04:17:16.634314Z"",""no_price_dollars"":""0.1600"",""taker_side"":""yes"",""ticker"":""KXETH15M-26APR280030-30"",""trade_id"":""66b13baa-d46a-612a-2c47-befe76506824"",""yes_price_dollars"":""0.8400""}"
KXETH15M-26APR280030-30,6148e40d-1dfd-65dd-ba33-7c16ed9bfc0e,1777349837,0.84,20.53,yes,"{""count_fp"":""20.53"",""created_time"":""2026-04-28T04:17:17.972137Z"",""no_price_dollars"":""0.1600"",""taker_side"":""yes"",""ticker"":""KXETH15M-26APR280030-30"",""trade_id"":""6148e40d-1dfd-65dd-ba33-7c16ed9bfc0e"",""yes_price_dollars"":""0.8400""}"
KXETH15M-26APR280030-30,501ae42a-4bdb-6875-9891-a5f3c649a8b6,1777349837,0.84,8.79,yes,"{""count_fp"":""8.79"",""created_time"":""2026-04-28T04:17:17.972137Z"",""no_price_dollars"":""0.1600"",""taker_side"":""yes"",""ticker"":""KXETH15M-26APR280030-30"",""trade_id"":""501ae42a-4bdb-6875-9891-a5f3c649a8b6"",""yes_price_dollars"":""0.8400""}"
KXETH15M-26APR280030-30,9523577d-0a79-7f40-08de-8614a5a5f290,1777349837,0.84,2.0,yes,"{""count_fp"":""2.00"",""created_time"":""2026-04-28T04:17:17.623156Z"",""no_price_dollars"":""0.1600"",""taker_side"":""yes"",""ticker"":""KXETH15M-26APR280030-30"",""trade_id"":""9523577d-0a79-7f40-08de-8614a5a5f290"",""yes_price_dollars"":""0.8400""}"
KXETH15M-26APR280030-30,bf822b4f-24a3-797f-07c8-84fc4eb1141b,1777349838,0.8,60.0,no,"{""count_fp"":""60.00"",""created_time"":""2026-04-28T04:17:18.485967Z"",""no_price_dollars"":""0.2000"",""taker_side"":""no"",""ticker"":""KXETH15M-26APR280030-30"",""trade_id"":""bf822b4f-24a3-797f-07c8-84fc4eb1141b"",""yes_price_dollars"":""0.8000""}"
KXETH15M-26APR280030-30,fc85c018-3c9f-78af-ee6d-0a90fba9fd35,1777349838,0.8,10.0,no,"{""count_fp"":""10.00"",""created_time"":""2026-04-28T04:17:18.346886Z"",""no_price_dollars"":""0.2000"",""taker_side"":""no"",""ticker"":""KXETH15M-26APR280030-30"",""trade_id"":""fc85c018-3c9f-78af-ee6d-0a90fba9fd35"",""yes_price_dollars"":""0.8000""}"
KXETH15M-26APR280030-30,cdb04d93-b7ee-7668-c9b2-0ca6545ecc9b,1777349838,0.8,100.0,no,"{""count_fp"":""100.00"",""created_time"":""2026-04-28T04:17:18.346886Z"",""no_price_dollars"":""0.2000"",""taker_side"":""no"",""ticker"":""KXETH15M-26APR280030-30"",""trade_id"":""cdb04d93-b7ee-7668-c9b2-0ca6545ecc9b"",""yes_price_dollars"":""0.8000""}"
KXETH15M-26APR280030-30,60b38d5f-4d14-56cf-e37e-f110a9925162,1777349840,0.72,1.0,no,"{""count_fp"":""1.00"",""created_time"":""2026-04-28T04:17:20.623349Z"",""no_price_dollars"":""0.2800"",""taker_side"":""no"",""ticker"":""KXETH15M-26APR280030-30"",""trade_id"":""60b38d5f-4d14-56cf-e37e-f110a9925162"",""yes_price_dollars"":""0.7200""}"
KXETH15M-26APR280030-30,ea0f5806-eff0-700d-c89c-b4ded286b367,1777349841,0.62,3.0,no,"{""count_fp"":""3.00"",""created_time"":""2026-04-28T04:17:21.872301Z"",""no_price_dollars"":""0.3800"",""taker_side"":""no"",""ticker"":""KXETH15M-26APR280030-30"",""trade_id"":""ea0f5806-eff0-700d-c89c-b4ded286b367"",""yes_price_dollars"":""0.6200""}"
KXETH15M-26APR280030-30,a9d161dd-692b-7169-f5b0-f69f917427e9,1777349841,0.62,2.0,no,"{""count_fp"":""2.00"",""created_time"":""2026-04-28T04:17:21.872301Z"",""no_price_dollars"":""0.3800"",""taker_side"":""no"",""ticker"":""KXETH15M-26APR280030-30"",""trade_id"":""a9d161dd-692b-7169-f5b0-f69f917427e9"",""yes_price_dollars"":""0.6200""}"
KXETH15M-26APR280030-30,4c1cdd61-2e06-4f1b-e9b2-947cfdb31f3e,1777349841,0.65,5.0,no,"{""count_fp"":""5.00"",""created_time"":""2026-04-28T04:17:21.512035Z"",""no_price_dollars"":""0.3500"",""taker_side"":""no"",""ticker"":""KXETH15M-26APR280030-30"",""trade_id"":""4c1cdd61-2e06-4f1b-e9b2-947cfdb31f3e"",""yes_price_dollars"":""0.6500""}"
KXETH15M-26APR280030-30,32d97128-52ed-6051-a8e5-1c5a13ea5bd9,1777349841,0.69,374.83,no,"{""count_fp"":""374.83"",""created_time"":""2026-04-28T04:17:21.081608Z"",""no_price_dollars"":""0.3100"",""taker_side"":""no"",""ticker"":""KXETH15M-26APR280030-30"",""trade_id"":""32d97128-52ed-6051-a8e5-1c5a13ea5bd9"",""yes_price_dollars"":""0.6900""}"
KXETH15M-26APR280030-30,6cb10035-a56e-7467-1fcf-31dff95e9d0a,1777349841,0.71,2.0,no,"{""count_fp"":""2.00"",""created_time"":""2026-04-28T04:17:21.045975Z"",""no_price_dollars"":""0.2900"",""taker_side"":""no"",""ticker"":""KXETH15M-26APR280030-30"",""trade_id"":""6cb10035-a56e-7467-1fcf-31dff95e9d0a"",""yes_price_dollars"":""0.7100""}"
KXETH15M-26APR280030-30,2e0be1a3-0598-7a02-3bde-e688f5921be5,1777349841,0.7,10.0,no,"{""count_fp"":""10.00"",""created_time"":""2026-04-28T04:17:21.045975Z"",""no_price_dollars"":""0.3000"",""taker_side"":""no"",""ticker"":""KXETH15M-26APR280030-30"",""trade_id"":""2e0be1a3-0598-7a02-3bde-e688f5921be5"",""yes_price_dollars"":""0.7000""}"
KXETH15M-26APR280030-30,778be0a9-0116-48fd-9153-c8e6836f6d62,1777349842,0.61,10.0,no,"{""count_fp"":""10.00"",""created_time"":""2026-04-28T04:17:22.720643Z"",""no_price_dollars"":""0.3900"",""taker_side"":""no"",""ticker"":""KXETH15M-26APR280030-30"",""trade_id"":""778be0a9-0116-48fd-9153-c8e6836f6d62"",""yes_price_dollars"":""0.6100""}"
KXETH15M-26APR280030-30,b12b5aaa-3673-59dd-2726-b7a96632d2cd,1777349842,0.62,10.0,no,"{""count_fp"":""10.00"",""created_time"":""2026-04-28T04:17:22.188504Z"",""no_price_dollars"":""0.3800"",""taker_side"":""no"",""ticker"":""KXETH15M-26APR280030-30"",""trade_id"":""b12b5aaa-3673-59dd-2726-b7a96632d2cd"",""yes_price_dollars"":""0.6200""}"
KXETH15M-26APR280030-30,e8efe3d3-ebc9-5175-3f60-d21a4d211df6,1777349844,0.6,6.0,yes,"{""count_fp"":""6.00"",""created_time"":""2026-04-28T04:17:24.860159Z"",""no_price_dollars"":""0.4000"",""taker_side"":""yes"",""ticker"":""KXETH15M-26APR280030-30"",""trade_id"":""e8efe3d3-ebc9-5175-3f60-d21a4d211df6"",""yes_price_dollars"":""0.6000""}"
KXETH15M-26APR280030-30,8dae3a4e-9899-5e09-528d-5e7e3ecbf2d2,1777349844,0.6,32.0,yes,"{""count_fp"":""32.00"",""created_time"":""2026-04-28T04:17:24.286845Z"",""no_price_dollars"":""0.4000"",""taker_side"":""yes"",""ticker"":""KXETH15M-26APR280030-30"",""trade_id"":""8dae3a4e-9899-5e09-528d-5e7e3ecbf2d2"",""yes_price_dollars"":""0.6000""}"
KXETH15M-26APR280030-30,d183d483-86ac-5835-d5c6-fe959ac1e0fd,1777349844,0.59,10.0,no,"{""count_fp"":""10.00"",""created_time"":""2026-04-28T04:17:24.049969Z"",""no_price_dollars"":""0.4100"",""taker_side"":""no"",""ticker"":""KXETH15M-26APR280030-30"",""trade_id"":""d183d483-86ac-5835-d5c6-fe959ac1e0fd"",""yes_price_dollars"":""0.5900""}"
KXETH15M-26APR280030-30,f28e74a8-f9df-69a9-9304-3485ff42bdc8,1777349846,0.54,10.0,no,"{""count_fp"":""10.00"",""created_time"":""2026-04-28T04:17:26.379438Z"",""no_price_dollars"":""0.4600"",""taker_side"":""no"",""ticker"":""KXETH15M-26APR280030-30"",""trade_id"":""f28e74a8-f9df-69a9-9304-3485ff42bdc8"",""yes_price_dollars"":""0.5400""}"
KXETH15M-26APR280030-30,0cb6a454-49a9-548d-c87d-2065779bc22a,1777349848,0.54,78.43,yes,"{""count_fp"":""78.43"",""created_time"":""2026-04-28T04:17:28.639591Z"",""no_price_dollars"":""0.4600"",""taker_side"":""yes"",""ticker"":""KXETH15M-26APR280030-30"",""trade_id"":""0cb6a454-49a9-548d-c87d-2065779bc22a"",""yes_price_dollars"":""0.5400""}"
KXETH15M-26APR280030-30,62d461b5-86ad-5e51-c568-10cce17390aa,1777349848,0.54,14.0,yes,"{""count_fp"":""14.00"",""created_time"":""2026-04-28T04:17:28.115696Z"",""no_price_dollars"":""0.4600"",""taker_side"":""yes"",""ticker"":""KXETH15M-26APR280030-30"",""trade_id"":""62d461b5-86ad-5e51-c568-10cce17390aa"",""yes_price_dollars"":""0.5400""}"
KXETH15M-26APR280030-30,48a3d760-859a-701e-6654-b14a6a5aabab,1777349849,0.56,10.0,yes,"{""count_fp"":""10.00"",""created_time"":""2026-04-28T04:17:29.142397Z"",""no_price_dollars"":""0.4400"",""taker_side"":""yes"",""ticker"":""KXETH15M-26APR280030-30"",""trade_id"":""48a3d760-859a-701e-6654-b14a6a5aabab"",""yes_price_dollars"":""0.5600""}"
KXETH15M-26APR280030-30,1e4b904e-9711-7af5-596a-65c42264c922,1777349849,0.56,8.0,yes,"{""count_fp"":""8.00"",""created_time"":""2026-04-28T04:17:29.142397Z"",""no_price_dollars"":""0.4400"",""taker_side"":""yes"",""ticker"":""KXETH15M-26APR280030-30"",""trade_id"":""1e4b904e-9711-7af5-596a-65c42264c922"",""yes_price_dollars"":""0.5600""}"
KXETH15M-26APR280030-30,bfe097d3-f298-5eb9-c3e5-118d393eb7f7,1777349853,0.57,1.09,no,"{""count_fp"":""1.09"",""created_time"":""2026-04-28T04:17:33.863879Z"",""no_price_dollars"":""0.4300"",""taker_side"":""no"",""ticker"":""KXETH15M-26APR280030-30"",""trade_id"":""bfe097d3-f298-5eb9-c3e5-118d393eb7f7"",""yes_price_dollars"":""0.5700""}"
KXETH15M-26APR280030-30,03f41bd8-040e-5130-094d-4ccf4c4c6087,1777349853,0.6,1.0,yes,"{""count_fp"":""1.00"",""created_time"":""2026-04-28T04:17:33.234812Z"",""no_price_dollars"":""0.4000"",""taker_side"":""yes"",""ticker"":""KXETH15M-26APR280030-30"",""trade_id"":""03f41bd8-040e-5130-094d-4ccf4c4c6087"",""yes_price_dollars"":""0.6000""}"
KXETH15M-26APR280030-30,e3ea9e49-3562-759e-1f0c-8a7c693ff960,1777349854,0.59,1.0,yes,"{""count_fp"":""1.00"",""created_time"":""2026-04-28T04:17:34.860497Z"",""no_price_dollars"":""0.4100"",""taker_side"":""yes"",""ticker"":""KXETH15M-26APR280030-30"",""trade_id"":""e3ea9e49-3562-759e-1f0c-8a7c693ff960"",""yes_price_dollars"":""0.5900""}"
KXETH15M-26APR280030-30,7a56d2ac-986a-6137-757c-01f3c3d487f3,1777349859,0.56,10.0,no,"{""count_fp"":""10.00"",""created_time"":""2026-04-28T04:17:39.897113Z"",""no_price_dollars"":""0.4400"",""taker_side"":""no"",""ticker"":""KXETH15M-26APR280030-30"",""trade_id"":""7a56d2ac-986a-6137-757c-01f3c3d487f3"",""yes_price_dollars"":""0.5600""}"
KXETH15M-26APR280030-30,5035b7f0-ec0f-6dc5-50d1-b236b67ca97b,1777349859,0.56,1.0,no,"{""count_fp"":""1.00"",""created_time"":""2026-04-28T04:17:39.897113Z"",""no_price_dollars"":""0.4400"",""taker_side"":""no"",""ticker"":""KXETH15M-26APR280030-30"",""trade_id"":""5035b7f0-ec0f-6dc5-50d1-b236b67ca97b"",""yes_price_dollars"":""0.5600""}"
KXETH15M-26APR280030-30,b8a20200-d260-7796-1b1f-1113fc50839c,1777349859,0.57,25.0,no,"{""count_fp"":""25.00"",""created_time"":""2026-04-28T04:17:39.841135Z"",""no_price_dollars"":""0.4300"",""taker_side"":""no"",""ticker"":""KXETH15M-26APR280030-30"",""trade_id"":""b8a20200-d260-7796-1b1f-1113fc50839c"",""yes_price_dollars"":""0.5700""}"
KXETH15M-26APR280030-30,8a1cafa5-0511-6a79-134a-94b7af1eb526,1777349862,0.57,34.06,yes,"{""count_fp"":""34.06"",""created_time"":""2026-04-28T04:17:42.876609Z"",""no_price_dollars"":""0.4300"",""taker_side"":""yes"",""ticker"":""KXETH15M-26APR280030-30"",""trade_id"":""8a1cafa5-0511-6a79-134a-94b7af1eb526"",""yes_price_dollars"":""0.5700""}"
KXETH15M-26APR280030-30,3529e3d4-e21d-6d0d-f019-e3499825ce6e,1777349863,0.54,16.0,yes,"{""count_fp"":""16.00"",""created_time"":""2026-04-28T04:17:43.153965Z"",""no_price_dollars"":""0.4600"",""taker_side"":""yes"",""ticker"":""KXETH15M-26APR280030-30"",""trade_id"":""3529e3d4-e21d-6d0d-f019-e3499825ce6e"",""yes_price_dollars"":""0.5400""}"
KXETH15M-26APR280030-30,9821b2cb-b37e-6566-0d93-d7d175ba6688,1777349865,0.58,10.0,yes,"{""count_fp"":""10.00"",""created_time"":""2026-04-28T04:17:45.467094Z"",""no_price_dollars"":""0.4200"",""taker_side"":""yes"",""ticker"":""KXETH15M-26APR280030-30"",""trade_id"":""9821b2cb-b37e-6566-0d93-d7d175ba6688"",""yes_price_dollars"":""0.5800""}"
KXETH15M-26APR280030-30,8b088e42-4e42-61fa-1ab0-53be6f1adbf4,1777349865,0.59,11.0,yes,"{""count_fp"":""11.00"",""created_time"":""2026-04-28T04:17:45.467094Z"",""no_price_dollars"":""0.4100"",""taker_side"":""yes"",""ticker"":""KXETH15M-26APR280030-30"",""trade_id"":""8b088e42-4e42-61fa-1ab0-53be6f1adbf4"",""yes_price_dollars"":""0.5900""}"
KXETH15M-26APR280030-30,4275077a-a4ae-40c6-7850-9309d3af7654,1777349870,0.59,13.0,yes,"{""count_fp"":""13.00"",""created_time"":""2026-04-28T04:17:50.743261Z"",""no_price_dollars"":""0.4100"",""taker_side"":""yes"",""ticker"":""KXETH15M-26APR280030-30"",""trade_id"":""4275077a-a4ae-40c6-7850-9309d3af7654"",""yes_price_dollars"":""0.5900""}"
KXETH15M-26APR280030-30,2942e2c9-dcc9-4aec-705a-c02a401db362,1777349870,0.59,3.47,yes,"{""count_fp"":""3.47"",""created_time"":""2026-04-28T04:17:50.743261Z"",""no_price_dollars"":""0.4100"",""taker_side"":""yes"",""ticker"":""KXETH15M-26APR280030-30"",""trade_id"":""2942e2c9-dcc9-4aec-705a-c02a401db362"",""yes_price_dollars"":""0.5900""}"
KXETH15M-26APR280030-30,f3ce6951-5b15-7adf-49c6-b895b4d4cd8c,1777349872,0.55,10.0,no,"{""count_fp"":""10.00"",""created_time"":""2026-04-28T04:17:52.833783Z"",""no_price_dollars"":""0.4500"",""taker_side"":""no"",""ticker"":""KXETH15M-26APR280030-30"",""trade_id"":""f3ce6951-5b15-7adf-49c6-b895b4d4cd8c"",""yes_price_dollars"":""0.5500""}"
KXETH15M-26APR280030-30,8412f35b-e221-66bf-015f-04c7072e24de,1777349873,0.51,10.0,no,"{""count_fp"":""10.00"",""created_time"":""2026-04-28T04:17:53.228923Z"",""no_price_dollars"":""0.4900"",""taker_side"":""no"",""ticker"":""KXETH15M-26APR280030-30"",""trade_id"":""8412f35b-e221-66bf-015f-04c7072e24de"",""yes_price_dollars"":""0.5100""}"
KXETH15M-26APR280030-30,2cc5b2bb-7aee-4003-7a37-1df240e6732e,1777349873,0.51,1.0,no,"{""count_fp"":""1.00"",""created_time"":""2026-04-28T04:17:53.186781Z"",""no_price_dollars"":""0.4900"",""taker_side"":""no"",""ticker"":""KXETH15M-26APR280030-30"",""trade_id"":""2cc5b2bb-7aee-4003-7a37-1df240e6732e"",""yes_price_dollars"":""0.5100""}"
KXETH15M-26APR280030-30,8a8e5143-97bd-6226-8cce-042bf061fc5c,1777349875,0.5,10.0,no,"{""count_fp"":""10.00"",""created_time"":""2026-04-28T04:17:55.154209Z"",""no_price_dollars"":""0.5000"",""taker_side"":""no"",""ticker"":""KXETH15M-26APR280030-30"",""trade_id"":""8a8e5143-97bd-6226-8cce-042bf061fc5c"",""yes_price_dollars"":""0.5000""}"
KXETH15M-26APR280030-30,1dedfc8a-732e-66fb-ac0f-26cd3432f3c6,1777349875,0.5,100.0,no,"{""count_fp"":""100.00"",""created_time"":""2026-04-28T04:17:55.154209Z"",""no_price_dollars"":""0.5000"",""taker_side"":""no"",""ticker"":""KXETH15M-26APR280030-30"",""trade_id"":""1dedfc8a-732e-66fb-ac0f-26cd3432f3c6"",""yes_price_dollars"":""0.5000""}"
KXETH15M-26APR280030-30,00b18120-30f6-6510-ac69-9c6e97ecb7a1,1777349875,0.5,5.0,no,"{""count_fp"":""5.00"",""created_time"":""2026-04-28T04:17:55.154209Z"",""no_price_dollars"":""0.5000"",""taker_side"":""no"",""ticker"":""KXETH15M-26APR280030-30"",""trade_id"":""00b18120-30f6-6510-ac69-9c6e97ecb7a1"",""yes_price_dollars"":""0.5000""}"
KXETH15M-26APR280030-30,083fe330-1b9d-6a5c-41e9-d8118c59ca4e,1777349881,0.53,10.0,yes,"{""count_fp"":""10.00"",""created_time"":""2026-04-28T04:18:01.730004Z"",""no_price_dollars"":""0.4700"",""taker_side"":""yes"",""ticker"":""KXETH15M-26APR280030-30"",""trade_id"":""083fe330-1b9d-6a5c-41e9-d8118c59ca4e"",""yes_price_dollars"":""0.5300""}"
KXETH15M-26APR280030-30,fa7ce09e-2bda-5023-e3d2-0c76113a0a45,1777349882,0.53,2.0,no,"{""count_fp"":""2.00"",""created_time"":""2026-04-28T04:18:02.256142Z"",""no_price_dollars"":""0.4700"",""taker_side"":""no"",""ticker"":""KXETH15M-26APR280030-30"",""trade_id"":""fa7ce09e-2bda-5023-e3d2-0c76113a0a45"",""yes_price_dollars"":""0.5300""}"
KXETH15M-26APR280030-30,846c55d5-d6fb-5b2a-e165-c6ff67a5b862,1777349882,0.5,11.0,no,"{""count_fp"":""11.00"",""created_time"":""2026-04-28T04:18:02.256142Z"",""no_price_dollars"":""0.5000"",""taker_side"":""no"",""ticker"":""KXETH15M-26APR280030-30"",""trade_id"":""846c55d5-d6fb-5b2a-e165-c6ff67a5b862"",""yes_price_dollars"":""0.5000""}"
KXETH15M-26APR280030-30,e2b4d5b5-e5f7-71be-21ae-aded0cb43e0a,1777349883,0.5,9.66,no,"{""count_fp"":""9.66"",""created_time"":""2026-04-28T04:18:03.224926Z"",""no_price_dollars"":""0.5000"",""taker_side"":""no"",""ticker"":""KXETH15M-26APR280030-30"",""trade_id"":""e2b4d5b5-e5f7-71be-21ae-aded0cb43e0a"",""yes_price_dollars"":""0.5000""}"
KXETH15M-26APR280030-30,37f6faac-fb3e-5c92-afeb-05a8c688261b,1777349887,0.49,1.89,no,"{""count_fp"":""1.89"",""created_time"":""2026-04-28T04:18:07.676029Z"",""no_price_dollars"":""0.5100"",""taker_side"":""no"",""ticker"":""KXETH15M-26APR280030-30"",""trade_id"":""37f6faac-fb3e-5c92-afeb-05a8c688261b"",""yes_price_dollars"":""0.4900""}"
KXETH15M-26APR280030-30,e432568f-74de-7d9b-8d6f-8b2cdcb4163f,1777349887,0.5,10.0,no,"{""count_fp"":""10.00"",""created_time"":""2026-04-28T04:18:07.603492Z"",""no_price_dollars"":""0.5000"",""taker_side"":""no"",""ticker"":""KXETH15M-26APR280030-30"",""trade_id"":""e432568f-74de-7d9b-8d6f-8b2cdcb4163f"",""yes_price_dollars"":""0.5000""}"
KXETH15M-26APR280030-30,013069d9-36ac-7dd8-8dbe-9ace87db2d99,1777349887,0.5,7.0,no,"{""count_fp"":""7.00"",""created_time"":""2026-04-28T04:18:07.603492Z"",""no_price_dollars"":""0.5000"",""taker_side"":""no"",""ticker"":""KXETH15M-26APR280030-30"",""trade_id"":""013069d9-36ac-7dd8-8dbe-9ace87db2d99"",""yes_price_dollars"":""0.5000""}"
KXETH15M-26APR280030-30,8a1a79fd-2172-5671-e5fb-3a13f72606b1,1777349890,0.46,5.8,no,"{""count_fp"":""5.80"",""created_time"":""2026-04-28T04:18:10.248331Z"",""no_price_dollars"":""0.5400"",""taker_side"":""no"",""ticker"":""KXETH15M-26APR280030-30"",""trade_id"":""8a1a79fd-2172-5671-e5fb-3a13f72606b1"",""yes_price_dollars"":""0.4600""}"
KXETH15M-26APR280030-30,155662db-a051-41ac-a6bf-f4527f9f5f55,1777349892,0.47,10.0,no,"{""count_fp"":""10.00"",""created_time"":""2026-04-28T04:18:12.262607Z"",""no_price_dollars"":""0.5300"",""taker_side"":""no"",""ticker"":""KXETH15M-26APR280030-30"",""trade_id"":""155662db-a051-41ac-a6bf-f4527f9f5f55"",""yes_price_dollars"":""0.4700""}"
KXETH15M-26APR280030-30,1243450d-65b3-4146-bf93-cd7b220bb99a,1777349892,0.47,7.94,no,"{""count_fp"":""7.94"",""created_time"":""2026-04-28T04:18:12.262607Z"",""no_price_dollars"":""0.5300"",""taker_side"":""no"",""ticker"":""KXETH15M-26APR280030-30"",""trade_id"":""1243450d-65b3-4146-bf93-cd7b220bb99a"",""yes_price_dollars"":""0.4700""}"
KXETH15M-26APR280030-30,b5d56bbf-aafa-5f4b-5648-76bc00e84f6b,1777349893,0.5,1.0,yes,"{""count_fp"":""1.00"",""created_time"":""2026-04-28T04:18:13.850692Z"",""no_price_dollars"":""0.5000"",""taker_side"":""yes"",""ticker"":""KXETH15M-26APR280030-30"",""trade_id"":""b5d56bbf-aafa-5f4b-5648-76bc00e84f6b"",""yes_price_dollars"":""0.5000""}"
KXETH15M-26APR280030-30,a928a2ec-7132-6b09-a36f-3062da3cc4e9,1777349896,0.45,1.0,no,"{""count_fp"":""1.00"",""created_time"":""2026-04-28T04:18:16.169139Z"",""no_price_dollars"":""0.5500"",""taker_side"":""no"",""ticker"":""KXETH15M-26APR280030-30"",""trade_id"":""a928a2ec-7132-6b09-a36f-3062da3cc4e9"",""yes_price_dollars"":""0.4500""}"
KXETH15M-26APR280030-30,36c47dd9-d056-47dd-e83f-2f6d5e2cc765,1777349897,0.44,43.2,no,"{""count_fp"":""43.20"",""created_time"":""2026-04-28T04:18:17.401101Z"",""no_price_dollars"":""0.5600"",""taker_side"":""no"",""ticker"":""KXETH15M-26APR280030-30"",""trade_id"":""36c47dd9-d056-47dd-e83f-2f6d5e2cc765"",""yes_price_dollars"":""0.4400""}"
KXETH15M-26APR280030-30,e1f1fbf9-7003-7bc6-71b6-eaf08c7a6b52,1777349899,0.42,100.0,no,"{""count_fp"":""100.00"",""created_time"":""2026-04-28T04:18:19.565172Z"",""no_price_dollars"":""0.5800"",""taker_side"":""no"",""ticker"":""KXETH15M-26APR280030-30"",""trade_id"":""e1f1fbf9-7003-7bc6-71b6-eaf08c7a6b52"",""yes_price_dollars"":""0.4200""}"
KXETH15M-26APR280030-30,478915e2-458f-7ef9-4ee6-dcbb1b03883b,1777349899,0.42,10.0,no,"{""count_fp"":""10.00"",""created_time"":""2026-04-28T04:18:19.565172Z"",""no_price_dollars"":""0.5800"",""taker_side"":""no"",""ticker"":""KXETH15M-26APR280030-30"",""trade_id"":""478915e2-458f-7ef9-4ee6-dcbb1b03883b"",""yes_price_dollars"":""0.4200""}"
KXETH15M-26APR280030-30,2241651d-8e8e-7100-789b-009c6c6c7c57,1777349899,0.42,10.0,no,"{""count_fp"":""10.00"",""created_time"":""2026-04-28T04:18:19.565172Z"",""no_price_dollars"":""0.5800"",""taker_side"":""no"",""ticker"":""KXETH15M-26APR280030-30"",""trade_id"":""2241651d-8e8e-7100-789b-009c6c6c7c57"",""yes_price_dollars"":""0.4200""}"
KXETH15M-26APR280030-30,21322544-9571-6b95-9926-ad8a43acb3ce,1777349905,0.39,2.0,yes,"{""count_fp"":""2.00"",""created_time"":""2026-04-28T04:18:25.509468Z"",""no_price_dollars"":""0.6100"",""taker_side"":""yes"",""ticker"":""KXETH15M-26APR280030-30"",""trade_id"":""21322544-9571-6b95-9926-ad8a43acb3ce"",""yes_price_dollars"":""0.3900""}"
KXETH15M-26APR280030-30,9a2d5a22-5cc2-4218-79ff-95f4efa9cc12,1777349905,0.38,10.0,no,"{""count_fp"":""10.00"",""created_time"":""2026-04-28T04:18:25.362808Z"",""no_price_dollars"":""0.6200"",""taker_side"":""no"",""ticker"":""KXETH15M-26APR280030-30"",""trade_id"":""9a2d5a22-5cc2-4218-79ff-95f4efa9cc12"",""yes_price_dollars"":""0.3800""}"
KXETH15M-26APR280030-30,c7cec279-ac0b-4421-f596-f9caa1cba13c,1777349905,0.39,100.0,no,"{""count_fp"":""100.00"",""created_time"":""2026-04-28T04:18:25.011129Z"",""no_price_dollars"":""0.6100"",""taker_side"":""no"",""ticker"":""KXETH15M-26APR280030-30"",""trade_id"":""c7cec279-ac0b-4421-f596-f9caa1cba13c"",""yes_price_dollars"":""0.3900""}"
KXETH15M-26APR280030-30,3e08151b-5b11-4797-edf5-3b1cf4ef1e01,1777349905,0.4,8.0,no,"{""count_fp"":""8.00"",""created_time"":""2026-04-28T04:18:25.011129Z"",""no_price_dollars"":""0.6000"",""taker_side"":""no"",""ticker"":""KXETH15M-26APR280030-30"",""trade_id"":""3e08151b-5b11-4797-edf5-3b1cf4ef1e01"",""yes_price_dollars"":""0.4000""}"
KXETH15M-26APR280030-30,27a8a39e-ab96-4dcc-eda3-fcdb28cc4b33,1777349905,0.4,10.0,no,"{""count_fp"":""10.00"",""created_time"":""2026-04-28T04:18:25.011129Z"",""no_price_dollars"":""0.6000"",""taker_side"":""no"",""ticker"":""KXETH15M-26APR280030-30"",""trade_id"":""27a8a39e-ab96-4dcc-eda3-fcdb28cc4b33"",""yes_price_dollars"":""0.4000""}"
KXETH15M-26APR280030-30,62f0e09d-5d6e-650e-7515-3ea30477a365,1777349907,0.36,3.01,no,"{""count_fp"":""3.01"",""created_time"":""2026-04-28T04:18:27.524365Z"",""no_price_dollars"":""0.6400"",""taker_side"":""no"",""ticker"":""KXETH15M-26APR280030-30"",""trade_id"":""62f0e09d-5d6e-650e-7515-3ea30477a365"",""yes_price_dollars"":""0.3600""}"
KXETH15M-26APR280030-30,f970ce59-ad41-42b1-414d-9d6750ca33b5,1777349908,0.4,4.0,yes,"{""count_fp"":""4.00"",""created_time"":""2026-04-28T04:18:28.080215Z"",""no_price_dollars"":""0.6000"",""taker_side"":""yes"",""ticker"":""KXETH15M-26APR280030-30"",""trade_id"":""f970ce59-ad41-42b1-414d-9d6750ca33b5"",""yes_price_dollars"":""0.4000""}"
KXETH15M-26APR280030-30,174b02a5-f60f-4269-45e5-a114a4cfa486,1777349908,0.39,10.0,yes,"{""count_fp"":""10.00"",""created_time"":""2026-04-28T04:18:28.080215Z"",""no_price_dollars"":""0.6100"",""taker_side"":""yes"",""ticker"":""KXETH15M-26APR280030-30"",""trade_id"":""174b02a5-f60f-4269-45e5-a114a4cfa486"",""yes_price_dollars"":""0.3900""}"
KXETH15M-26APR280030-30,11cb8912-55a7-44fb-61b1-bc51f2a16d31,1777349908,0.39,10.0,yes,"{""count_fp"":""10.00"",""created_time"":""2026-04-28T04:18:28.080215Z"",""no_price_dollars"":""0.6100"",""taker_side"":""yes"",""ticker"":""KXETH15M-26APR280030-30"",""trade_id"":""11cb8912-55a7-44fb-61b1-bc51f2a16d31"",""yes_price_dollars"":""0.3900""}"
KXETH15M-26APR280030-30,66405543-b5fa-672d-daee-a7c031268413,1777349913,0.38,10.0,yes,"{""count_fp"":""10.00"",""created_time"":""2026-04-28T04:18:33.316872Z"",""no_price_dollars"":""0.6200"",""taker_side"":""yes"",""ticker"":""KXETH15M-26APR280030-30"",""trade_id"":""66405543-b5fa-672d-daee-a7c031268413"",""yes_price_dollars"":""0.3800""}"
KXETH15M-26APR280030-30,3e0ef43c-727c-6e67-c3e0-cb786a119eab,1777349913,0.38,10.0,yes,"{""count_fp"":""10.00"",""created_time"":""2026-04-28T04:18:33.316872Z"",""no_price_dollars"":""0.6200"",""taker_side"":""yes"",""ticker"":""KXETH15M-26APR280030-30"",""trade_id"":""3e0ef43c-727c-6e67-c3e0-cb786a119eab"",""yes_price_dollars"":""0.3800""}"
KXETH15M-26APR280030-30,1be4bd54-35e4-538c-cbf0-92dab5a3d07f,1777349914,0.35,1.5,no,"{""count_fp"":""1.50"",""created_time"":""2026-04-28T04:18:34.777522Z"",""no_price_dollars"":""0.6500"",""taker_side"":""no"",""ticker"":""KXETH15M-26APR280030-30"",""trade_id"":""1be4bd54-35e4-538c-cbf0-92dab5a3d07f"",""yes_price_dollars"":""0.3500""}"
KXETH15M-26APR280030-30,4020c6c5-3c3a-4a21-d584-ad87ddf61703,1777349914,0.37,5.0,no,"{""count_fp"":""5.00"",""created_time"":""2026-04-28T04:18:34.557692Z"",""no_price_dollars"":""0.6300"",""taker_side"":""no"",""ticker"":""KXETH15M-26APR280030-30"",""trade_id"":""4020c6c5-3c3a-4a21-d584-ad87ddf61703"",""yes_price_dollars"":""0.3700""}"
KXETH15M-26APR280030-30,e6014a93-a541-7bc9-8666-213141c767e5,1777349920,0.37,2.58,yes,"{""count_fp"":""2.58"",""created_time"":""2026-04-28T04:18:40.535804Z"",""no_price_dollars"":""0.6300"",""taker_side"":""yes"",""ticker"":""KXETH15M-26APR280030-30"",""trade_id"":""e6014a93-a541-7bc9-8666-213141c767e5"",""yes_price_dollars"":""0.3700""}"
KXETH15M-26APR280030-30,4b63f782-7de1-7785-b7f0-3442cdab303d,1777349922,0.37,19.0,yes,"{""count_fp"":""19.00"",""created_time"":""2026-04-28T04:18:42.850831Z"",""no_price_dollars"":""0.6300"",""taker_side"":""yes"",""ticker"":""KXETH15M-26APR280030-30"",""trade_id"":""4b63f782-7de1-7785-b7f0-3442cdab303d"",""yes_price_dollars"":""0.3700""}"
KXETH15M-26APR280030-30,f9f97aed-ad80-451b-0238-24939dbfaec8,1777349924,0.35,10.0,no,"{""count_fp"":""10.00"",""created_time"":""2026-04-28T04:18:44.762495Z"",""no_price_dollars"":""0.6500"",""taker_side"":""no"",""ticker"":""KXETH15M-26APR280030-30"",""trade_id"":""f9f97aed-ad80-451b-0238-24939dbfaec8"",""yes_price_dollars"":""0.3500""}"
KXETH15M-26APR280030-30,c13ddeb5-c55f-48e6-0454-1020ca61ea36,1777349924,0.35,3.0,no,"{""count_fp"":""3.00"",""created_time"":""2026-04-28T04:18:44.762495Z"",""no_price_dollars"":""0.6500"",""taker_side"":""no"",""ticker"":""KXETH15M-26APR280030-30"",""trade_id"":""c13ddeb5-c55f-48e6-0454-1020ca61ea36"",""yes_price_dollars"":""0.3500""}"
KXETH15M-26APR280030-30,ce3af204-681f-6a68-66f5-5cd5faad18c0,1777349930,0.33,2.91,no,"{""count_fp"":""2.91"",""created_time"":""2026-04-28T04:18:50.010079Z"",""no_price_dollars"":""0.6700"",""taker_side"":""no"",""ticker"":""KXETH15M-26APR280030-30"",""trade_id"":""ce3af204-681f-6a68-66f5-5cd5faad18c0"",""yes_price_dollars"":""0.3300""}"
KXETH15M-26APR280030-30,171533f0-412e-4311-e277-0401c6cbf78f,1777349931,0.33,1.0,no,"{""count_fp"":""1.00"",""created_time"":""2026-04-28T04:18:51.673378Z"",""no_price_dollars"":""0.6700"",""taker_side"":""no"",""ticker"":""KXETH15M-26APR280030-30"",""trade_id"":""171533f0-412e-4311-e277-0401c6cbf78f"",""yes_price_dollars"":""0.3300""}"
KXETH15M-26APR280030-30,f1a48168-09e9-75ec-d9c4-74c761b7bcb1,1777349932,0.34,10.0,no,"{""count_fp"":""10.00"",""created_time"":""2026-04-28T04:18:52.496739Z"",""no_price_dollars"":""0.6600"",""taker_side"":""no"",""ticker"":""KXETH15M-26APR280030-30"",""trade_id"":""f1a48168-09e9-75ec-d9c4-74c761b7bcb1"",""yes_price_dollars"":""0.3400""}"
KXETH15M-26APR280030-30,5bcf02f1-9853-7dd6-e341-e316c7e259f2,1777349932,0.34,28.7,no,"{""count_fp"":""28.70"",""created_time"":""2026-04-28T04:18:52.496739Z"",""no_price_dollars"":""0.6600"",""taker_side"":""no"",""ticker"":""KXETH15M-26APR280030-30"",""trade_id"":""5bcf02f1-9853-7dd6-e341-e316c7e259f2"",""yes_price_dollars"":""0.3400""}"
KXETH15M-26APR280030-30,09416613-446c-70b7-498d-9a5ca744c6a9,1777349935,0.39,9.23,yes,"{""count_fp"":""9.23"",""created_time"":""2026-04-28T04:18:55.186471Z"",""no_price_dollars"":""0.6100"",""taker_side"":""yes"",""ticker"":""KXETH15M-26APR280030-30"",""trade_id"":""09416613-446c-70b7-498d-9a5ca744c6a9"",""yes_price_dollars"":""0.3900""}"
KXETH15M-26APR280030-30,85d68507-1fe5-5485-f859-4e4a20ad5576,1777349940,0.37,51.44,yes,"{""count_fp"":""51.44"",""created_time"":""2026-04-28T04:19:00.287961Z"",""no_price_dollars"":""0.6300"",""taker_side"":""yes"",""ticker"":""KXETH15M-26APR280030-30"",""trade_id"":""85d68507-1fe5-5485-f859-4e4a20ad5576"",""yes_price_dollars"":""0.3700""}"
KXETH15M-26APR280030-30,fa3dbb79-a8bb-5d77-1dff-5f5bdac71b86,1777349940,0.35,4.0,yes,"{""count_fp"":""4.00"",""created_time"":""2026-04-28T04:19:00.163594Z"",""no_price_dollars"":""0.6500"",""taker_side"":""yes"",""ticker"":""KXETH15M-26APR280030-30"",""trade_id"":""fa3dbb79-a8bb-5d77-1dff-5f5bdac71b86"",""yes_price_dollars"":""0.3500""}"
KXETH15M-26APR280030-30,de18ffd6-3ff5-56e5-2ea2-ef685c7c1ee6,1777349940,0.37,13.54,yes,"{""count_fp"":""13.54"",""created_time"":""2026-04-28T04:19:00.163594Z"",""no_price_dollars"":""0.6300"",""taker_side"":""yes"",""ticker"":""KXETH15M-26APR280030-30"",""trade_id"":""de18ffd6-3ff5-56e5-2ea2-ef685c7c1ee6"",""yes_price_dollars"":""0.3700""}"
KXETH15M-26APR280030-30,9fd5dae7-9f39-537e-287a-cc6afb5474f0,1777349940,0.36,10.46,yes,"{""count_fp"":""10.46"",""created_time"":""2026-04-28T04:19:00.163594Z"",""no_price_dollars"":""0.6400"",""taker_side"":""yes"",""ticker"":""KXETH15M-26APR280030-30"",""trade_id"":""9fd5dae7-9f39-537e-287a-cc6afb5474f0"",""yes_price_dollars"":""0.3600""}"
KXETH15M-26APR280030-30,7660e99f-809f-5762-1571-e1f288277a96,1777349940,0.36,10.0,yes,"{""count_fp"":""10.00"",""created_time"":""2026-04-28T04:19:00.163594Z"",""no_price_dollars"":""0.6400"",""taker_side"":""yes"",""ticker"":""KXETH15M-26APR280030-30"",""trade_id"":""7660e99f-809f-5762-1571-e1f288277a96"",""yes_price_dollars"":""0.3600""}"
KXETH15M-26APR280030-30,61bf25a4-20bd-4374-9aba-b3c1ccd66a62,1777349944,0.3,2.0,no,"{""count_fp"":""2.00"",""created_time"":""2026-04-28T04:19:04.030887Z"",""no_price_dollars"":""0.7000"",""taker_side"":""no"",""ticker"":""KXETH15M-26APR280030-30"",""trade_id"":""61bf25a4-20bd-4374-9aba-b3c1ccd66a62"",""yes_price_dollars"":""0.3000""}"
KXETH15M-26APR280030-30,5e8b865e-0cd9-4c80-97f2-392d169b2e99,1777349944,0.3,1.0,no,"{""count_fp"":""1.00"",""created_time"":""2026-04-28T04:19:04.030887Z"",""no_price_dollars"":""0.7000"",""taker_side"":""no"",""ticker"":""KXETH15M-26APR280030-30"",""trade_id"":""5e8b865e-0cd9-4c80-97f2-392d169b2e99"",""yes_price_dollars"":""0.3000""}"
KXETH15M-26APR280030-30,4ca4e9a2-fc68-4950-8032-0ae26b373f91,1777349944,0.3,4.0,no,"{""count_fp"":""4.00"",""created_time"":""2026-04-28T04:19:04.030887Z"",""no_price_dollars"":""0.7000"",""taker_side"":""no"",""ticker"":""KXETH15M-26APR280030-30"",""trade_id"":""4ca4e9a2-fc68-4950-8032-0ae26b373f91"",""yes_price_dollars"":""0.3000""}"
KXETH15M-26APR280030-30,efaf451d-20e3-548a-0c7e-3ae2eda9b3f2,1777349944,0.33,100.0,no,"{""count_fp"":""100.00"",""created_time"":""2026-04-28T04:19:04.011176Z"",""no_price_dollars"":""0.6700"",""taker_side"":""no"",""ticker"":""KXETH15M-26APR280030-30"",""trade_id"":""efaf451d-20e3-548a-0c7e-3ae2eda9b3f2"",""yes_price_dollars"":""0.3300""}"
KXETH15M-26APR280030-30,cb7f8a71-5f41-5cf6-321a-fa48f7d8c34a,1777349944,0.33,10.0,no,"{""count_fp"":""10.00"",""created_time"":""2026-04-28T04:19:04.011176Z"",""no_price_dollars"":""0.6700"",""taker_side"":""no"",""ticker"":""KXETH15M-26APR280030-30"",""trade_id"":""cb7f8a71-5f41-5cf6-321a-fa48f7d8c34a"",""yes_price_dollars"":""0.3300""}"
KXETH15M-26APR280030-30,87d1fddf-7d84-552c-34c3-79395607b68f,1777349944,0.33,10.0,no,"{""count_fp"":""10.00"",""created_time"":""2026-04-28T04:19:04.011176Z"",""no_price_dollars"":""0.6700"",""taker_side"":""no"",""ticker"":""KXETH15M-26APR280030-30"",""trade_id"":""87d1fddf-7d84-552c-34c3-79395607b68f"",""yes_price_dollars"":""0.3300""}"
KXETH15M-26APR280030-30,6948ebf8-7ba3-511d-2703-b4112166eb83,1777349944,0.33,50.0,no,"{""count_fp"":""50.00"",""created_time"":""2026-04-28T04:19:04.011176Z"",""no_price_dollars"":""0.6700"",""taker_side"":""no"",""ticker"":""KXETH15M-26APR280030-30"",""trade_id"":""6948ebf8-7ba3-511d-2703-b4112166eb83"",""yes_price_dollars"":""0.3300""}"
KXETH15M-26APR280030-30,373e3e08-fd5c-6f86-5bea-b5748cca9ca6,1777349945,0.31,1.0,yes,"{""count_fp"":""1.00"",""created_time"":""2026-04-28T04:19:05.656395Z"",""no_price_dollars"":""0.6900"",""taker_side"":""yes"",""ticker"":""KXETH15M-26APR280030-30"",""trade_id"":""373e3e08-fd5c-6f86-5bea-b5748cca9ca6"",""yes_price_dollars"":""0.3100""}"
KXETH15M-26APR280030-30,b92ea2a6-8024-594f-9cf4-a695a9a2af21,1777349948,0.3,1.09,yes,"{""count_fp"":""1.09"",""created_time"":""2026-04-28T04:19:08.048628Z"",""no_price_dollars"":""0.7000"",""taker_side"":""yes"",""ticker"":""KXETH15M-26APR280030-30"",""trade_id"":""b92ea2a6-8024-594f-9cf4-a695a9a2af21"",""yes_price_dollars"":""0.3000""}"
KXETH15M-26APR280030-30,8d47fc8c-9c39-6d74-3479-02fbd88c1c16,1777349950,0.25,16.42,yes,"{""count_fp"":""16.42"",""created_time"":""2026-04-28T04:19:10.774435Z"",""no_price_dollars"":""0.7500"",""taker_side"":""yes"",""ticker"":""KXETH15M-26APR280030-30"",""trade_id"":""8d47fc8c-9c39-6d74-3479-02fbd88c1c16"",""yes_price_dollars"":""0.2500""}"
KXETH15M-26APR280030-30,c6eca3d4-77b0-70ff-d034-5446ef2ad66e,1777349950,0.23,82.57,no,"{""count_fp"":""82.57"",""created_time"":""2026-04-28T04:19:10.535843Z"",""no_price_dollars"":""0.7700"",""taker_side"":""no"",""ticker"":""KXETH15M-26APR280030-30"",""trade_id"":""c6eca3d4-77b0-70ff-d034-5446ef2ad66e"",""yes_price_dollars"":""0.2300""}"
KXETH15M-26APR280030-30,a6acccca-a68c-75df-a7b6-81f15c20aa92,1777349954,0.21,16.18,no,"{""count_fp"":""16.18"",""created_time"":""2026-04-28T04:19:14.578196Z"",""no_price_dollars"":""0.7900"",""taker_side"":""no"",""ticker"":""KXETH15M-26APR280030-30"",""trade_id"":""a6acccca-a68c-75df-a7b6-81f15c20aa92"",""yes_price_dollars"":""0.2100""}"
KXETH15M-26APR280030-30,3894ecf8-85d4-73e3-bb91-79993e2b3f99,1777349954,0.21,10.0,no,"{""count_fp"":""10.00"",""created_time"":""2026-04-28T04:19:14.578196Z"",""no_price_dollars"":""0.7900"",""taker_side"":""no"",""ticker"":""KXETH15M-26APR280030-30"",""trade_id"":""3894ecf8-85d4-73e3-bb91-79993e2b3f99"",""yes_price_dollars"":""0.2100""}"
KXETH15M-26APR280030-30,9bf8dc05-7b9d-4807-7d98-40a0d74059ae,1777349958,0.26,25.16,yes,"{""count_fp"":""25.16"",""created_time"":""2026-04-28T04:19:18.069629Z"",""no_price_dollars"":""0.7400"",""taker_side"":""yes"",""ticker"":""KXETH15M-26APR280030-30"",""trade_id"":""9bf8dc05-7b9d-4807-7d98-40a0d74059ae"",""yes_price_dollars"":""0.2600""}"
KXETH15M-26APR280030-30,99f5d50f-a7b5-4fdd-71db-35437f8ccbd9,1777349958,0.25,18.42,yes,"{""count_fp"":""18.42"",""created_time"":""2026-04-28T04:19:18.069629Z"",""no_price_dollars"":""0.7500"",""taker_side"":""yes"",""ticker"":""KXETH15M-26APR280030-30"",""trade_id"":""99f5d50f-a7b5-4fdd-71db-35437f8ccbd9"",""yes_price_dollars"":""0.2500""}"
KXETH15M-26APR280030-30,3f5be9a1-278f-4d9e-54fb-8af48ff6d3c2,1777349958,0.25,10.0,yes,"{""count_fp"":""10.00"",""created_time"":""2026-04-28T04:19:18.069629Z"",""no_price_dollars"":""0.7500"",""taker_side"":""yes"",""ticker"":""KXETH15M-26APR280030-30"",""trade_id"":""3f5be9a1-278f-4d9e-54fb-8af48ff6d3c2"",""yes_price_dollars"":""0.2500""}"
KXETH15M-26APR280030-30,3540ac02-8e90-441b-445e-a1c1be73fd21,1777349958,0.25,10.0,yes,"{""count_fp"":""10.00"",""created_time"":""2026-04-28T04:19:18.069629Z"",""no_price_dollars"":""0.7500"",""taker_side"":""yes"",""ticker"":""KXETH15M-26APR280030-30"",""trade_id"":""3540ac02-8e90-441b-445e-a1c1be73fd21"",""yes_price_dollars"":""0.2500""}"
KXETH15M-26APR280030-30,9811adcd-fc1e-630c-cee9-868f409bd53a,1777349960,0.22,1.9,yes,"{""count_fp"":""1.90"",""created_time"":""2026-04-28T04:19:20.313183Z"",""no_price_dollars"":""0.7800"",""taker_side"":""yes"",""ticker"":""KXETH15M-26APR280030-30"",""trade_id"":""9811adcd-fc1e-630c-cee9-868f409bd53a"",""yes_price_dollars"":""0.2200""}"
KXETH15M-26APR280030-30,4efb7593-36f3-53d8-d1a3-19fe693d2f93,1777349960,0.2,15.0,no,"{""count_fp"":""15.00"",""created_time"":""2026-04-28T04:19:20.160941Z"",""no_price_dollars"":""0.8000"",""taker_side"":""no"",""ticker"":""KXETH15M-26APR280030-30"",""trade_id"":""4efb7593-36f3-53d8-d1a3-19fe693d2f93"",""yes_price_dollars"":""0.2000""}"
KXETH15M-26APR280030-30,4739d4db-add8-5808-e38c-f4e5322ce9d9,1777349965,0.2,0.5,no,"{""count_fp"":""0.50"",""created_time"":""2026-04-28T04:19:25.415337Z"",""no_price_dollars"":""0.8000"",""taker_side"":""no"",""ticker"":""KXETH15M-26APR280030-30"",""trade_id"":""4739d4db-add8-5808-e38c-f4e5322ce9d9"",""yes_price_dollars"":""0.2000""}"
KXETH15M-26APR280030-30,e6f2e5de-6820-7f30-6171-9d59ac7a36a5,1777349965,0.2,99.5,no,"{""count_fp"":""99.50"",""created_time"":""2026-04-28T04:19:25.392493Z"",""no_price_dollars"":""0.8000"",""taker_side"":""no"",""ticker"":""KXETH15M-26APR280030-30"",""trade_id"":""e6f2e5de-6820-7f30-6171-9d59ac7a36a5"",""yes_price_dollars"":""0.2000""}"
KXETH15M-26APR280030-30,d807148f-d0e7-7980-52b7-f1550e3f7f8f,1777349965,0.2,2.75,no,"{""count_fp"":""2.75"",""created_time"":""2026-04-28T04:19:25.392493Z"",""no_price_dollars"":""0.8000"",""taker_side"":""no"",""ticker"":""KXETH15M-26APR280030-30"",""trade_id"":""d807148f-d0e7-7980-52b7-f1550e3f7f8f"",""yes_price_dollars"":""0.2000""}"
KXETH15M-26APR280030-30,9683217c-e76d-7b4c-4b2a-8f70b812d202,1777349965,0.2,25.75,no,"{""count_fp"":""25.75"",""created_time"":""2026-04-28T04:19:25.392493Z"",""no_price_dollars"":""0.8000"",""taker_side"":""no"",""ticker"":""KXETH15M-26APR280030-30"",""trade_id"":""9683217c-e76d-7b4c-4b2a-8f70b812d202"",""yes_price_dollars"":""0.2000""}"
KXETH15M-26APR280030-30,f83874cf-6e59-6081-c519-d7c648761014,1777349970,0.16,4.0,no,"{""count_fp"":""4.00"",""created_time"":""2026-04-28T04:19:30.036381Z"",""no_price_dollars"":""0.8400"",""taker_side"":""no"",""ticker"":""KXETH15M-26APR280030-30"",""trade_id"":""f83874cf-6e59-6081-c519-d7c648761014"",""yes_price_dollars"":""0.1600""}"
KXETH15M-26APR280030-30,8f93bb0d-c022-68dc-d393-27a4cf2e009f,1777349970,0.19,4.0,no,"{""count_fp"":""4.00"",""created_time"":""2026-04-28T04:19:30.036381Z"",""no_price_dollars"":""0.8100"",""taker_side"":""no"",""ticker"":""KXETH15M-26APR280030-30"",""trade_id"":""8f93bb0d-c022-68dc-d393-27a4cf2e009f"",""yes_price_dollars"":""0.1900""}"
KXETH15M-26APR280030-30,8c8bbe8c-cb99-6115-f3bd-5e5c734f646c,1777349970,0.17,1.0,no,"{""count_fp"":""1.00"",""created_time"":""2026-04-28T04:19:30.036381Z"",""no_price_dollars"":""0.8300"",""taker_side"":""no"",""ticker"":""KXETH15M-26APR280030-30"",""trade_id"":""8c8bbe8c-cb99-6115-f3bd-5e5c734f646c"",""yes_price_dollars"":""0.1700""}"
KXETH15M-26APR280030-30,7ee4a950-c966-62cc-f2a2-ac1b9929c4fe,1777349970,0.16,1.0,no,"{""count_fp"":""1.00"",""created_time"":""2026-04-28T04:19:30.036381Z"",""no_price_dollars"":""0.8400"",""taker_side"":""no"",""ticker"":""KXETH15M-26APR280030-30"",""trade_id"":""7ee4a950-c966-62cc-f2a2-ac1b9929c4fe"",""yes_price_dollars"":""0.1600""}"
KXETH15M-26APR280030-30,7c51c983-ffd4-6abf-f73d-f60ec333ca36,1777349970,0.16,7.58,no,"{""count_fp"":""7.58"",""created_time"":""2026-04-28T04:19:30.036381Z"",""no_price_dollars"":""0.8400"",""taker_side"":""no"",""ticker"":""KXETH15M-26APR280030-30"",""trade_id"":""7c51c983-ffd4-6abf-f73d-f60ec333ca36"",""yes_price_dollars"":""0.1600""}"
KXETH15M-26APR280030-30,fbf1ea63-60a6-488b-ed99-8f3aab803c9b,1777349970,0.2,22.92,yes,"{""count_fp"":""22.92"",""created_time"":""2026-04-28T04:19:30.024968Z"",""no_price_dollars"":""0.8000"",""taker_side"":""yes"",""ticker"":""KXETH15M-26APR280030-30"",""trade_id"":""fbf1ea63-60a6-488b-ed99-8f3aab803c9b"",""yes_price_dollars"":""0.2000""}"
KXETH15M-26APR280030-30,ac2c1061-4869-488a-f9fb-7443b90cbaf5,1777349970,0.2,0.69,yes,"{""count_fp"":""0.69"",""created_time"":""2026-04-28T04:19:30.024968Z"",""no_price_dollars"":""0.8000"",""taker_side"":""yes"",""ticker"":""KXETH15M-26APR280030-30"",""trade_id"":""ac2c1061-4869-488a-f9fb-7443b90cbaf5"",""yes_price_dollars"":""0.2000""}"
KXETH15M-26APR280030-30,a51965e6-4731-52fd-4e40-443903135873,1777349976,0.17,4.0,yes,"{""count_fp"":""4.00"",""created_time"":""2026-04-28T04:19:36.942755Z"",""no_price_dollars"":""0.8300"",""taker_side"":""yes"",""ticker"":""KXETH15M-26APR280030-30"",""trade_id"":""a51965e6-4731-52fd-4e40-443903135873"",""yes_price_dollars"":""0.1700""}"
KXETH15M-26APR280030-30,7c47272c-ee06-5e0b-5601-d5b7ec439b5b,1777349976,0.18,1.0,yes,"{""count_fp"":""1.00"",""created_time"":""2026-04-28T04:19:36.942755Z"",""no_price_dollars"":""0.8200"",""taker_side"":""yes"",""ticker"":""KXETH15M-26APR280030-30"",""trade_id"":""7c47272c-ee06-5e0b-5601-d5b7ec439b5b"",""yes_price_dollars"":""0.1800""}"
KXETH15M-26APR280030-30,b261fff0-f38a-4c76-bf71-1ba1093ff0bb,1777349978,0.19,18.93,yes,"{""count_fp"":""18.93"",""created_time"":""2026-04-28T04:19:38.094377Z"",""no_price_dollars"":""0.8100"",""taker_side"":""yes"",""ticker"":""KXETH15M-26APR280030-30"",""trade_id"":""b261fff0-f38a-4c76-bf71-1ba1093ff0bb"",""yes_price_dollars"":""0.1900""}"
KXETH15M-26APR280030-30,ddd1f664-9636-5064-11ec-d90da939f806,1777349981,0.16,1.22,yes,"{""count_fp"":""1.22"",""created_time"":""2026-04-28T04:19:41.324963Z"",""no_price_dollars"":""0.8400"",""taker_side"":""yes"",""ticker"":""KXETH15M-26APR280030-30"",""trade_id"":""ddd1f664-9636-5064-11ec-d90da939f806"",""yes_price_dollars"":""0.1600""}"
KXETH15M-26APR280030-30,fe4a3019-d9d0-40ed-b458-55b3a48ad9ba,1777349984,0.15,10.0,yes,"{""count_fp"":""10.00"",""created_time"":""2026-04-28T04:19:44.558974Z"",""no_price_dollars"":""0.8500"",""taker_side"":""yes"",""ticker"":""KXETH15M-26APR280030-30"",""trade_id"":""fe4a3019-d9d0-40ed-b458-55b3a48ad9ba"",""yes_price_dollars"":""0.1500""}"
KXETH15M-26APR280030-30,a4ca5f85-590a-4a2b-bdd4-cc3f7429f767,1777349984,0.16,36.08,yes,"{""count_fp"":""36.08"",""created_time"":""2026-04-28T04:19:44.558974Z"",""no_price_dollars"":""0.8400"",""taker_side"":""yes"",""ticker"":""KXETH15M-26APR280030-30"",""trade_id"":""a4ca5f85-590a-4a2b-bdd4-cc3f7429f767"",""yes_price_dollars"":""0.1600""}"
KXETH15M-26APR280030-30,6f9d4f81-243d-4eb1-9651-e25ee2ac1f09,1777349984,0.16,0.22,yes,"{""count_fp"":""0.22"",""created_time"":""2026-04-28T04:19:44.558974Z"",""no_price_dollars"":""0.8400"",""taker_side"":""yes"",""ticker"":""KXETH15M-26APR280030-30"",""trade_id"":""6f9d4f81-243d-4eb1-9651-e25ee2ac1f09"",""yes_price_dollars"":""0.1600""}"
KXETH15M-26APR280030-30,ace6aff1-5bcb-5da7-ee65-4ad0f4364ef3,1777349985,0.13,0.13,no,"{""count_fp"":""0.13"",""created_time"":""2026-04-28T04:19:45.866071Z"",""no_price_dollars"":""0.8700"",""taker_side"":""no"",""ticker"":""KXETH15M-26APR280030-30"",""trade_id"":""ace6aff1-5bcb-5da7-ee65-4ad0f4364ef3"",""yes_price_dollars"":""0.1300""}"
KXETH15M-26APR280030-30,6ab31cec-fa78-5696-de0f-d43e1c7a8a78,1777349985,0.13,1.0,no,"{""count_fp"":""1.00"",""created_time"":""2026-04-28T04:19:45.866071Z"",""no_price_dollars"":""0.8700"",""taker_side"":""no"",""ticker"":""KXETH15M-26APR280030-30"",""trade_id"":""6ab31cec-fa78-5696-de0f-d43e1c7a8a78"",""yes_price_dollars"":""0.1300""}"
KXETH15M-26APR280030-30,b211035d-ae76-419c-b76d-9eec40134032,1777349985,0.17,26.26,yes,"{""count_fp"":""26.26"",""created_time"":""2026-04-28T04:19:45.507538Z"",""no_price_dollars"":""0.8300"",""taker_side"":""yes"",""ticker"":""KXETH15M-26APR280030-30"",""trade_id"":""b211035d-ae76-419c-b76d-9eec40134032"",""yes_price_dollars"":""0.1700""}"
KXETH15M-26APR280030-30,81b69b7d-287e-76ec-fe0d-d78b72d9595e,1777349989,0.17,2.91,yes,"{""count_fp"":""2.91"",""created_time"":""2026-04-28T04:19:49.389158Z"",""no_price_dollars"":""0.8300"",""taker_side"":""yes"",""ticker"":""KXETH15M-26APR280030-30"",""trade_id"":""81b69b7d-287e-76ec-fe0d-d78b72d9595e"",""yes_price_dollars"":""0.1700""}"
KXETH15M-26APR280030-30,994564dd-1326-6103-dff0-97bbb1c2bd8a,1777349992,0.14,10.0,yes,"{""count_fp"":""10.00"",""created_time"":""2026-04-28T04:19:52.998398Z"",""no_price_dollars"":""0.8600"",""taker_side"":""yes"",""ticker"":""KXETH15M-26APR280030-30"",""trade_id"":""994564dd-1326-6103-dff0-97bbb1c2bd8a"",""yes_price_dollars"":""0.1400""}"
KXETH15M-26APR280030-30,4cd04bd7-9d96-67c8-fd33-657636f93da2,1777349992,0.15,42.0,yes,"{""count_fp"":""42.00"",""created_time"":""2026-04-28T04:19:52.998398Z"",""no_price_dollars"":""0.8500"",""taker_side"":""yes"",""ticker"":""KXETH15M-26APR280030-30"",""trade_id"":""4cd04bd7-9d96-67c8-fd33-657636f93da2"",""yes_price_dollars"":""0.1500""}"
KXETH15M-26APR280030-30,25f98af7-df10-6ca8-fca3-bd075278f03c,1777349992,0.14,10.0,yes,"{""count_fp"":""10.00"",""created_time"":""2026-04-28T04:19:52.998398Z"",""no_price_dollars"":""0.8600"",""taker_side"":""yes"",""ticker"":""KXETH15M-26APR280030-30"",""trade_id"":""25f98af7-df10-6ca8-fca3-bd075278f03c"",""yes_price_dollars"":""0.1400""}"
KXETH15M-26APR280030-30,f2aa7d5a-2f92-4088-7db0-9c470e09468a,1777349993,0.14,3.47,yes,"{""count_fp"":""3.47"",""created_time"":""2026-04-28T04:19:53.957722Z"",""no_price_dollars"":""0.8600"",""taker_side"":""yes"",""ticker"":""KXETH15M-26APR280030-30"",""trade_id"":""f2aa7d5a-2f92-4088-7db0-9c470e09468a"",""yes_price_dollars"":""0.1400""}"
KXETH15M-26APR280030-30,500b5de6-cc81-40fa-64cd-897ba52c7795,1777349993,0.14,10.0,yes,"{""count_fp"":""10.00"",""created_time"":""2026-04-28T04:19:53.957722Z"",""no_price_dollars"":""0.8600"",""taker_side"":""yes"",""ticker"":""KXETH15M-26APR280030-30"",""trade_id"":""500b5de6-cc81-40fa-64cd-897ba52c7795"",""yes_price_dollars"":""0.1400""}"
KXETH15M-26APR280030-30,1d21e11a-49b5-4923-b63a-8b106bf3360b,1777349999,0.092,1.0,no,"{""count_fp"":""1.00"",""created_time"":""2026-04-28T04:19:59.541347Z"",""no_price_dollars"":""0.9080"",""taker_side"":""no"",""ticker"":""KXETH15M-26APR280030-30"",""trade_id"":""1d21e11a-49b5-4923-b63a-8b106bf3360b"",""yes_price_dollars"":""0.0920""}"
KXETH15M-26APR280030-30,688bd2e4-b96f-48ed-a7e3-01665a92fc28,1777350000,0.09,1.0,no,"{""count_fp"":""1.00"",""created_time"":""2026-04-28T04:20:00.819242Z"",""no_price_dollars"":""0.9100"",""taker_side"":""no"",""ticker"":""KXETH15M-26APR280030-30"",""trade_id"":""688bd2e4-b96f-48ed-a7e3-01665a92fc28"",""yes_price_dollars"":""0.0900""}"
KXETH15M-26APR280030-30,4942a792-b9be-4934-ba6f-96fbba10bf44,1777350000,0.09,4.0,no,"{""count_fp"":""4.00"",""created_time"":""2026-04-28T04:20:00.819242Z"",""no_price_dollars"":""0.9100"",""taker_side"":""no"",""ticker"":""KXETH15M-26APR280030-30"",""trade_id"":""4942a792-b9be-4934-ba6f-96fbba10bf44"",""yes_price_dollars"":""0.0900""}"
KXETH15M-26APR280030-30,3dad155c-2c07-4a3b-a451-c6b3d1aabc1c,1777350000,0.09,3.0,no,"{""count_fp"":""3.00"",""created_time"":""2026-04-28T04:20:00.819242Z"",""no_price_dollars"":""0.9100"",""taker_side"":""no"",""ticker"":""KXETH15M-26APR280030-30"",""trade_id"":""3dad155c-2c07-4a3b-a451-c6b3d1aabc1c"",""yes_price_dollars"":""0.0900""}"
KXETH15M-26APR280030-30,7c95bf6e-f11d-4b07-63ea-40367df17cdf,1777350000,0.092,1.0,no,"{""count_fp"":""1.00"",""created_time"":""2026-04-28T04:20:00.172273Z"",""no_price_dollars"":""0.9080"",""taker_side"":""no"",""ticker"":""KXETH15M-26APR280030-30"",""trade_id"":""7c95bf6e-f11d-4b07-63ea-40367df17cdf"",""yes_price_dollars"":""0.0920""}"
KXETH15M-26APR280030-30,ef8bc1d4-e372-69e2-6519-412063df97c9,1777350001,0.08,1.0,no,"{""count_fp"":""1.00"",""created_time"":""2026-04-28T04:20:01.987136Z"",""no_price_dollars"":""0.9200"",""taker_side"":""no"",""ticker"":""KXETH15M-26APR280030-30"",""trade_id"":""ef8bc1d4-e372-69e2-6519-412063df97c9"",""yes_price_dollars"":""0.0800""}"
KXETH15M-26APR280030-30,897d8109-f39b-60d9-424b-621c286f8679,1777350001,0.08,6.0,no,"{""count_fp"":""6.00"",""created_time"":""2026-04-28T04:20:01.987136Z"",""no_price_dollars"":""0.9200"",""taker_side"":""no"",""ticker"":""KXETH15M-26APR280030-30"",""trade_id"":""897d8109-f39b-60d9-424b-621c286f8679"",""yes_price_dollars"":""0.0800""}"
KXETH15M-26APR280030-30,717073b5-41a5-6288-665c-7c9ee935981f,1777350001,0.08,3.0,no,"{""count_fp"":""3.00"",""created_time"":""2026-04-28T04:20:01.987136Z"",""no_price_dollars"":""0.9200"",""taker_side"":""no"",""ticker"":""KXETH15M-26APR280030-30"",""trade_id"":""717073b5-41a5-6288-665c-7c9ee935981f"",""yes_price_dollars"":""0.0800""}"
KXETH15M-26APR280030-30,bc6c632c-5628-6d58-29d5-8093b5a7c809,1777350002,0.071,10.0,no,"{""count_fp"":""10.00"",""created_time"":""2026-04-28T04:20:02.677718Z"",""no_price_dollars"":""0.9290"",""taker_side"":""no"",""ticker"":""KXETH15M-26APR280030-30"",""trade_id"":""bc6c632c-5628-6d58-29d5-8093b5a7c809"",""yes_price_dollars"":""0.0710""}"
KXETH15M-26APR280030-30,29eb8bd9-d916-4c88-0b29-0d9faadd4c8b,1777350003,0.071,18.0,no,"{""count_fp"":""18.00"",""created_time"":""2026-04-28T04:20:03.856939Z"",""no_price_dollars"":""0.9290"",""taker_side"":""no"",""ticker"":""KXETH15M-26APR280030-30"",""trade_id"":""29eb8bd9-d916-4c88-0b29-0d9faadd4c8b"",""yes_price_dollars"":""0.0710""}"
KXETH15M-26APR280030-30,a837fa3c-6af6-4a5e-cdfa-84b6b0d6d759,1777350003,0.089,10.0,yes,"{""count_fp"":""10.00"",""created_time"":""2026-04-28T04:20:03.230931Z"",""no_price_dollars"":""0.9110"",""taker_side"":""yes"",""ticker"":""KXETH15M-26APR280030-30"",""trade_id"":""a837fa3c-6af6-4a5e-cdfa-84b6b0d6d759"",""yes_price_dollars"":""0.0890""}"
KXETH15M-26APR280030-30,8b471152-636a-4f91-e53b-929a1ffcd77e,1777350003,0.09,0.09,yes,"{""count_fp"":""0.09"",""created_time"":""2026-04-28T04:20:03.230931Z"",""no_price_dollars"":""0.9100"",""taker_side"":""yes"",""ticker"":""KXETH15M-26APR280030-30"",""trade_id"":""8b471152-636a-4f91-e53b-929a1ffcd77e"",""yes_price_dollars"":""0.0900""}"
KXETH15M-26APR280030-30,f8551d49-adca-4881-e7ae-32c60977d4ca,1777350005,0.09,4.74,yes,"{""count_fp"":""4.74"",""created_time"":""2026-04-28T04:20:05.173687Z"",""no_price_dollars"":""0.9100"",""taker_side"":""yes"",""ticker"":""KXETH15M-26APR280030-30"",""trade_id"":""f8551d49-adca-4881-e7ae-32c60977d4ca"",""yes_price_dollars"":""0.0900""}"
KXETH15M-26APR280030-30,e262a489-cf62-4f69-d841-e325439cf91f,1777350005,0.089,10.0,yes,"{""count_fp"":""10.00"",""created_time"":""2026-04-28T04:20:05.173687Z"",""no_price_dollars"":""0.9110"",""taker_side"":""yes"",""ticker"":""KXETH15M-26APR280030-30"",""trade_id"":""e262a489-cf62-4f69-d841-e325439cf91f"",""yes_price_dollars"":""0.0890""}"
KXETH15M-26APR280030-30,48676929-7d4d-5a17-4f41-ae475531e5db,1777350012,0.095,8.33,yes,"{""count_fp"":""8.33"",""created_time"":""2026-04-28T04:20:12.936265Z"",""no_price_dollars"":""0.9050"",""taker_side"":""yes"",""ticker"":""KXETH15M-26APR280030-30"",""trade_id"":""48676929-7d4d-5a17-4f41-ae475531e5db"",""yes_price_dollars"":""0.0950""}"
KXETH15M-26APR280030-30,c6f0605e-2ed4-7459-d2a8-ef1e635c1d7b,1777350017,0.097,26.18,yes,"{""count_fp"":""26.18"",""created_time"":""2026-04-28T04:20:17.064677Z"",""no_price_dollars"":""0.9030"",""taker_side"":""yes"",""ticker"":""KXETH15M-26APR280030-30"",""trade_id"":""c6f0605e-2ed4-7459-d2a8-ef1e635c1d7b"",""yes_price_dollars"":""0.0970""}"
KXETH15M-26APR280030-30,90fc963c-5b95-56a3-ee4b-efb9c1beb5cf,1777350034,0.1,1.07,no,"{""count_fp"":""1.07"",""created_time"":""2026-04-28T04:20:34.993115Z"",""no_price_dollars"":""0.9000"",""taker_side"":""no"",""ticker"":""KXETH15M-26APR280030-30"",""trade_id"":""90fc963c-5b95-56a3-ee4b-efb9c1beb5cf"",""yes_price_dollars"":""0.1000""}"
KXETH15M-26APR280030-30,324d3ec1-2310-7d6c-b6dd-53d91f01f632,1777350034,0.1,1.0,yes,"{""count_fp"":""1.00"",""created_time"":""2026-04-28T04:20:34.947535Z"",""no_price_dollars"":""0.9000"",""taker_side"":""yes"",""ticker"":""KXETH15M-26APR280030-30"",""trade_id"":""324d3ec1-2310-7d6c-b6dd-53d91f01f632"",""yes_price_dollars"":""0.1000""}"
KXETH15M-26APR280030-30,86e072e9-cfd7-5ba2-495a-744685c75791,1777350043,0.13,9.66,yes,"{""count_fp"":""9.66"",""created_time"":""2026-04-28T04:20:43.528752Z"",""no_price_dollars"":""0.8700"",""taker_side"":""yes"",""ticker"":""KXETH15M-26APR280030-30"",""trade_id"":""86e072e9-cfd7-5ba2-495a-744685c75791"",""yes_price_dollars"":""0.1300""}"
KXETH15M-26APR280030-30,e6a170de-1942-702b-401a-8872420da33e,1777350051,0.11,10.0,no,"{""count_fp"":""10.00"",""created_time"":""2026-04-28T04:20:51.828223Z"",""no_price_dollars"":""0.8900"",""taker_side"":""no"",""ticker"":""KXETH15M-26APR280030-30"",""trade_id"":""e6a170de-1942-702b-401a-8872420da33e"",""yes_price_dollars"":""0.1100""}"
KXETH15M-26APR280030-30,042aeea0-d35d-700f-4e5b-dd351c021f87,1777350051,0.1,40.0,no,"{""count_fp"":""40.00"",""created_time"":""2026-04-28T04:20:51.828223Z"",""no_price_dollars"":""0.9000"",""taker_side"":""no"",""ticker"":""KXETH15M-26APR280030-30"",""trade_id"":""042aeea0-d35d-700f-4e5b-dd351c021f87"",""yes_price_dollars"":""0.1000""}"
KXETH15M-26APR280030-30,b833749e-5c9d-59cf-2d71-bda3a0836b7f,1777350057,0.072,2.13,no,"{""count_fp"":""2.13"",""created_time"":""2026-04-28T04:20:57.380267Z"",""no_price_dollars"":""0.9280"",""taker_side"":""no"",""ticker"":""KXETH15M-26APR280030-30"",""trade_id"":""b833749e-5c9d-59cf-2d71-bda3a0836b7f"",""yes_price_dollars"":""0.0720""}"
KXETH15M-26APR280030-30,825fe2b9-2713-4f62-d58e-e22b0207d70f,1777350059,0.07,1.0,no,"{""count_fp"":""1.00"",""created_time"":""2026-04-28T04:20:59.340152Z"",""no_price_dollars"":""0.9300"",""taker_side"":""no"",""ticker"":""KXETH15M-26APR280030-30"",""trade_id"":""825fe2b9-2713-4f62-d58e-e22b0207d70f"",""yes_price_dollars"":""0.0700""}"
KXETH15M-26APR280030-30,7af2c88e-5179-44eb-ee2e-4182d0be131f,1777350059,0.072,97.87,no,"{""count_fp"":""97.87"",""created_time"":""2026-04-28T04:20:59.340152Z"",""no_price_dollars"":""0.9280"",""taker_side"":""no"",""ticker"":""KXETH15M-26APR280030-30"",""trade_id"":""7af2c88e-5179-44eb-ee2e-4182d0be131f"",""yes_price_dollars"":""0.0720""}"
KXETH15M-26APR280030-30,5a05e346-6adb-49d2-c165-c2a0ec207760,1777350059,0.07,7.34,no,"{""count_fp"":""7.34"",""created_time"":""2026-04-28T04:20:59.340152Z"",""no_price_dollars"":""0.9300"",""taker_side"":""no"",""ticker"":""KXETH15M-26APR280030-30"",""trade_id"":""5a05e346-6adb-49d2-c165-c2a0ec207760"",""yes_price_dollars"":""0.0700""}"
KXETH15M-26APR280030-30,0feeb5bc-3ad2-4994-f206-89be810d2dd2,1777350059,0.07,1.0,no,"{""count_fp"":""1.00"",""created_time"":""2026-04-28T04:20:59.340152Z"",""no_price_dollars"":""0.9300"",""taker_side"":""no"",""ticker"":""KXETH15M-26APR280030-30"",""trade_id"":""0feeb5bc-3ad2-4994-f206-89be810d2dd2"",""yes_price_dollars"":""0.0700""}"
KXETH15M-26APR280030-30,3924fdcc-217f-6356-d4ca-85e8d326239b,1777350060,0.096,10.0,yes,"{""count_fp"":""10.00"",""created_time"":""2026-04-28T04:21:00.552986Z"",""no_price_dollars"":""0.9040"",""taker_side"":""yes"",""ticker"":""KXETH15M-26APR280030-30"",""trade_id"":""3924fdcc-217f-6356-d4ca-85e8d326239b"",""yes_price_dollars"":""0.0960""}"
KXETH15M-26APR280030-30,1aa3216e-00d4-74dc-5721-d9aa63f9a8cc,1777350061,0.072,2.0,no,"{""count_fp"":""2.00"",""created_time"":""2026-04-28T04:21:01.678642Z"",""no_price_dollars"":""0.9280"",""taker_side"":""no"",""ticker"":""KXETH15M-26APR280030-30"",""trade_id"":""1aa3216e-00d4-74dc-5721-d9aa63f9a8cc"",""yes_price_dollars"":""0.0720""}"
KXETH15M-26APR280030-30,ff7228e8-193d-538c-d208-63b491bd7253,1777350065,0.1,21.57,yes,"{""count_fp"":""21.57"",""created_time"":""2026-04-28T04:21:05.940524Z"",""no_price_dollars"":""0.9000"",""taker_side"":""yes"",""ticker"":""KXETH15M-26APR280030-30"",""trade_id"":""ff7228e8-193d-538c-d208-63b491bd7253"",""yes_price_dollars"":""0.1000""}"
KXETH15M-26APR280030-30,8d44f8ab-9283-56a9-ebed-2823d0e072af,1777350065,0.087,44.0,yes,"{""count_fp"":""44.00"",""created_time"":""2026-04-28T04:21:05.940524Z"",""no_price_dollars"":""0.9130"",""taker_side"":""yes"",""ticker"":""KXETH15M-26APR280030-30"",""trade_id"":""8d44f8ab-9283-56a9-ebed-2823d0e072af"",""yes_price_dollars"":""0.0870""}"
KXETH15M-26APR280030-30,1f4389b9-69c6-502d-c1ea-068d8e4a6f69,1777350065,0.088,10.0,yes,"{""count_fp"":""10.00"",""created_time"":""2026-04-28T04:21:05.940524Z"",""no_price_dollars"":""0.9120"",""taker_side"":""yes"",""ticker"":""KXETH15M-26APR280030-30"",""trade_id"":""1f4389b9-69c6-502d-c1ea-068d8e4a6f69"",""yes_price_dollars"":""0.0880""}"
KXETH15M-26APR280030-30,0a49cd09-151b-57f2-fdf8-b7c7efbdb4a6,1777350065,0.087,10.0,yes,"{""count_fp"":""10.00"",""created_time"":""2026-04-28T04:21:05.940524Z"",""no_price_dollars"":""0.9130"",""taker_side"":""yes"",""ticker"":""KXETH15M-26APR280030-30"",""trade_id"":""0a49cd09-151b-57f2-fdf8-b7c7efbdb4a6"",""yes_price_dollars"":""0.0870""}"
KXETH15M-26APR280030-30,aee1ce2d-c985-52e5-4e48-37f68c30acb6,1777350066,0.088,8.13,yes,"{""count_fp"":""8.13"",""created_time"":""2026-04-28T04:21:06.803213Z"",""no_price_dollars"":""0.9120"",""taker_side"":""yes"",""ticker"":""KXETH15M-26APR280030-30"",""trade_id"":""aee1ce2d-c985-52e5-4e48-37f68c30acb6"",""yes_price_dollars"":""0.0880""}"
KXETH15M-26APR280030-30,b2ccff12-7ebd-60b3-89fe-2fa128b3b7c9,1777350066,0.07,0.34,no,"{""count_fp"":""0.34"",""created_time"":""2026-04-28T04:21:06.676304Z"",""no_price_dollars"":""0.9300"",""taker_side"":""no"",""ticker"":""KXETH15M-26APR280030-30"",""trade_id"":""b2ccff12-7ebd-60b3-89fe-2fa128b3b7c9"",""yes_price_dollars"":""0.0700""}"
KXETH15M-26APR280030-30,a6cb7268-e517-6a6a-b4f3-6d7adb5eea94,1777350066,0.07,0.66,no,"{""count_fp"":""0.66"",""created_time"":""2026-04-28T04:21:06.676304Z"",""no_price_dollars"":""0.9300"",""taker_side"":""no"",""ticker"":""KXETH15M-26APR280030-30"",""trade_id"":""a6cb7268-e517-6a6a-b4f3-6d7adb5eea94"",""yes_price_dollars"":""0.0700""}"
KXETH15M-26APR280030-30,d35e9116-7746-69d0-d613-52305c0e33e9,1777350075,0.09,9.49,yes,"{""count_fp"":""9.49"",""created_time"":""2026-04-28T04:21:15.836535Z"",""no_price_dollars"":""0.9100"",""taker_side"":""yes"",""ticker"":""KXETH15M-26APR280030-30"",""trade_id"":""d35e9116-7746-69d0-d613-52305c0e33e9"",""yes_price_dollars"":""0.0900""}"
KXETH15M-26APR280030-30,56a0802f-6b91-74b4-54e0-22b608ae7e6f,1777350077,0.1,1.55,yes,"{""count_fp"":""1.55"",""created_time"":""2026-04-28T04:21:17.606777Z"",""no_price_dollars"":""0.9000"",""taker_side"":""yes"",""ticker"":""KXETH15M-26APR280030-30"",""trade_id"":""56a0802f-6b91-74b4-54e0-22b608ae7e6f"",""yes_price_dollars"":""0.1000""}"
KXETH15M-26APR280030-30,f7808026-bf2c-56cb-7308-f2a169344e4b,1777350079,0.093,12.09,yes,"{""count_fp"":""12.09"",""created_time"":""2026-04-28T04:21:19.638471Z"",""no_price_dollars"":""0.9070"",""taker_side"":""yes"",""ticker"":""KXETH15M-26APR280030-30"",""trade_id"":""f7808026-bf2c-56cb-7308-f2a169344e4b"",""yes_price_dollars"":""0.0930""}"
KXETH15M-26APR280030-30,c2463cf0-6b18-6faf-5537-ee40fa74452b,1777350079,0.093,7.94,yes,"{""count_fp"":""7.94"",""created_time"":""2026-04-28T04:21:19.409376Z"",""no_price_dollars"":""0.9070"",""taker_side"":""yes"",""ticker"":""KXETH15M-26APR280030-30"",""trade_id"":""c2463cf0-6b18-6faf-5537-ee40fa74452b"",""yes_price_dollars"":""0.0930""}"
KXETH15M-26APR280030-30,8bd11a90-801e-675c-4e9f-daa0d47588f3,1777350079,0.093,10.0,yes,"{""count_fp"":""10.00"",""created_time"":""2026-04-28T04:21:19.409376Z"",""no_price_dollars"":""0.9070"",""taker_side"":""yes"",""ticker"":""KXETH15M-26APR280030-30"",""trade_id"":""8bd11a90-801e-675c-4e9f-daa0d47588f3"",""yes_price_dollars"":""0.0930""}"
KXETH15M-26APR280030-30,ffd2bc44-4fc2-6283-bd18-3a90732eeb4e,1777350082,0.094,9.7,yes,"{""count_fp"":""9.70"",""created_time"":""2026-04-28T04:21:22.629273Z"",""no_price_dollars"":""0.9060"",""taker_side"":""yes"",""ticker"":""KXETH15M-26APR280030-30"",""trade_id"":""ffd2bc44-4fc2-6283-bd18-3a90732eeb4e"",""yes_price_dollars"":""0.0940""}"
KXETH15M-26APR280030-30,94cc4c44-1c25-6c36-9b52-2f31e5eecdd5,1777350083,0.093,3.0,yes,"{""count_fp"":""3.00"",""created_time"":""2026-04-28T04:21:23.001929Z"",""no_price_dollars"":""0.9070"",""taker_side"":""yes"",""ticker"":""KXETH15M-26APR280030-30"",""trade_id"":""94cc4c44-1c25-6c36-9b52-2f31e5eecdd5"",""yes_price_dollars"":""0.0930""}"
KXETH15M-26APR280030-30,dc4e386b-c1d1-4371-9f10-0886a7baa2a2,1777350085,0.06,3.0,no,"{""count_fp"":""3.00"",""created_time"":""2026-04-28T04:21:25.277631Z"",""no_price_dollars"":""0.9400"",""taker_side"":""no"",""ticker"":""KXETH15M-26APR280030-30"",""trade_id"":""dc4e386b-c1d1-4371-9f10-0886a7baa2a2"",""yes_price_dollars"":""0.0600""}"
KXETH15M-26APR280030-30,ca141016-6d1d-445b-a1b0-61bb28fc48c9,1777350085,0.07,2.66,no,"{""count_fp"":""2.66"",""created_time"":""2026-04-28T04:21:25.277631Z"",""no_price_dollars"":""0.9300"",""taker_side"":""no"",""ticker"":""KXETH15M-26APR280030-30"",""trade_id"":""ca141016-6d1d-445b-a1b0-61bb28fc48c9"",""yes_price_dollars"":""0.0700""}"
KXETH15M-26APR280030-30,b1e66079-e8c4-447b-8663-44e2bd4fc782,1777350085,0.05,4.21,no,"{""count_fp"":""4.21"",""created_time"":""2026-04-28T04:21:25.277631Z"",""no_price_dollars"":""0.9500"",""taker_side"":""no"",""ticker"":""KXETH15M-26APR280030-30"",""trade_id"":""b1e66079-e8c4-447b-8663-44e2bd4fc782"",""yes_price_dollars"":""0.0500""}"
KXETH15M-26APR280030-30,9c56011a-dc97-4759-8e6e-6c98a8ebe3bc,1777350085,0.06,1.0,no,"{""count_fp"":""1.00"",""created_time"":""2026-04-28T04:21:25.277631Z"",""no_price_dollars"":""0.9400"",""taker_side"":""no"",""ticker"":""KXETH15M-26APR280030-30"",""trade_id"":""9c56011a-dc97-4759-8e6e-6c98a8ebe3bc"",""yes_price_dollars"":""0.0600""}"
KXETH15M-26APR280030-30,75019b39-f321-4eb7-9542-5812e0564659,1777350085,0.063,10.0,no,"{""count_fp"":""10.00"",""created_time"":""2026-04-28T04:21:25.277631Z"",""no_price_dollars"":""0.9370"",""taker_side"":""no"",""ticker"":""KXETH15M-26APR280030-30"",""trade_id"":""75019b39-f321-4eb7-9542-5812e0564659"",""yes_price_dollars"":""0.0630""}"
KXETH15M-26APR280030-30,6471f568-c75c-42a0-8073-c49aa8f8c554,1777350085,0.062,100.0,no,"{""count_fp"":""100.00"",""created_time"":""2026-04-28T04:21:25.277631Z"",""no_price_dollars"":""0.9380"",""taker_side"":""no"",""ticker"":""KXETH15M-26APR280030-30"",""trade_id"":""6471f568-c75c-42a0-8073-c49aa8f8c554"",""yes_price_dollars"":""0.0620""}"
KXETH15M-26APR280030-30,5b47fd46-c43b-4a48-a40d-4cfdd153bc20,1777350085,0.05,1.0,no,"{""count_fp"":""1.00"",""created_time"":""2026-04-28T04:21:25.277631Z"",""no_price_dollars"":""0.9500"",""taker_side"":""no"",""ticker"":""KXETH15M-26APR280030-30"",""trade_id"":""5b47fd46-c43b-4a48-a40d-4cfdd153bc20"",""yes_price_dollars"":""0.0500""}"
