ticker,trade_id,ts,yes_price,count,taker_side,raw_json
KXETH15M-26APR271645-45,26aec075-7bb2-6ca7-6ade-9f085a224ea5,1777321808,0.47,56.0,no,"{""count_fp"":""56.00"",""created_time"":""2026-04-27T20:30:08.088464Z"",""no_price_dollars"":""0.5300"",""taker_side"":""no"",""ticker"":""KXETH15M-26APR271645-45"",""trade_id"":""26aec075-7bb2-6ca7-6ade-9f085a224ea5"",""yes_price_dollars"":""0.4700""}"
KXETH15M-26APR271645-45,15ae0a52-4a1b-44ec-cc34-917a31dc64b3,1777321810,0.45,25.0,no,"{""count_fp"":""25.00"",""created_time"":""2026-04-27T20:30:10.897641Z"",""no_price_dollars"":""0.5500"",""taker_side"":""no"",""ticker"":""KXETH15M-26APR271645-45"",""trade_id"":""15ae0a52-4a1b-44ec-cc34-917a31dc64b3"",""yes_price_dollars"":""0.4500""}"
KXETH15M-26APR271645-45,bbdbfc2b-a3d5-7974-b3e8-3b517cd7787a,1777321818,0.49,1.98,yes,"{""count_fp"":""1.98"",""created_time"":""2026-04-27T20:30:18.698108Z"",""no_price_dollars"":""0.5100"",""taker_side"":""yes"",""ticker"":""KXETH15M-26APR271645-45"",""trade_id"":""bbdbfc2b-a3d5-7974-b3e8-3b517cd7787a"",""yes_price_dollars"":""0.4900""}"
KXETH15M-26APR271645-45,aa555184-ebba-5c4e-4d79-93ffeca79e7d,1777321820,0.48,1.0,yes,"{""count_fp"":""1.00"",""created_time"":""2026-04-27T20:30:20.370672Z"",""no_price_dollars"":""0.5200"",""taker_side"":""yes"",""ticker"":""KXETH15M-26APR271645-45"",""trade_id"":""aa555184-ebba-5c4e-4d79-93ffeca79e7d"",""yes_price_dollars"":""0.4800""}"
KXETH15M-26APR271645-45,79568a24-07c1-5184-5a8a-945b0ba49a36,1777321820,0.49,0.02,yes,"{""count_fp"":""0.02"",""created_time"":""2026-04-27T20:30:20.370672Z"",""no_price_dollars"":""0.5100"",""taker_side"":""yes"",""ticker"":""KXETH15M-26APR271645-45"",""trade_id"":""79568a24-07c1-5184-5a8a-945b0ba49a36"",""yes_price_dollars"":""0.4900""}"
KXETH15M-26APR271645-45,6e50be84-95d3-5e6a-5895-24d71c4a85a2,1777321820,0.5,1.93,yes,"{""count_fp"":""1.93"",""created_time"":""2026-04-27T20:30:20.370672Z"",""no_price_dollars"":""0.5000"",""taker_side"":""yes"",""ticker"":""KXETH15M-26APR271645-45"",""trade_id"":""6e50be84-95d3-5e6a-5895-24d71c4a85a2"",""yes_price_dollars"":""0.5000""}"
KXETH15M-26APR271645-45,43edf3e9-a7fe-6682-7751-bb4d83fe5a0a,1777321821,0.46,1.0,no,"{""count_fp"":""1.00"",""created_time"":""2026-04-27T20:30:21.611934Z"",""no_price_dollars"":""0.5400"",""taker_side"":""no"",""ticker"":""KXETH15M-26APR271645-45"",""trade_id"":""43edf3e9-a7fe-6682-7751-bb4d83fe5a0a"",""yes_price_dollars"":""0.4600""}"
KXETH15M-26APR271645-45,bcf60bfa-47e6-7db7-2d8a-68a9d40e5969,1777321825,0.48,2.0,no,"{""count_fp"":""2.00"",""created_time"":""2026-04-27T20:30:25.992462Z"",""no_price_dollars"":""0.5200"",""taker_side"":""no"",""ticker"":""KXETH15M-26APR271645-45"",""trade_id"":""bcf60bfa-47e6-7db7-2d8a-68a9d40e5969"",""yes_price_dollars"":""0.4800""}"
KXETH15M-26APR271645-45,3526b368-c2a7-5e76-9dab-418a52d8330a,1777321830,0.5,0.82,yes,"{""count_fp"":""0.82"",""created_time"":""2026-04-27T20:30:30.758024Z"",""no_price_dollars"":""0.5000"",""taker_side"":""yes"",""ticker"":""KXETH15M-26APR271645-45"",""trade_id"":""3526b368-c2a7-5e76-9dab-418a52d8330a"",""yes_price_dollars"":""0.5000""}"
KXETH15M-26APR271645-45,2c326552-8d97-54b5-9672-be6de0545dcc,1777321830,0.49,9.0,yes,"{""count_fp"":""9.00"",""created_time"":""2026-04-27T20:30:30.758024Z"",""no_price_dollars"":""0.5100"",""taker_side"":""yes"",""ticker"":""KXETH15M-26APR271645-45"",""trade_id"":""2c326552-8d97-54b5-9672-be6de0545dcc"",""yes_price_dollars"":""0.4900""}"
KXETH15M-26APR271645-45,5546957d-f6af-6a06-a9f9-2bf551b18af6,1777321833,0.5,1.0,yes,"{""count_fp"":""1.00"",""created_time"":""2026-04-27T20:30:33.799439Z"",""no_price_dollars"":""0.5000"",""taker_side"":""yes"",""ticker"":""KXETH15M-26APR271645-45"",""trade_id"":""5546957d-f6af-6a06-a9f9-2bf551b18af6"",""yes_price_dollars"":""0.5000""}"
KXETH15M-26APR271645-45,03af4d12-d29a-40a7-264e-84f083bc2849,1777321834,0.48,7.0,no,"{""count_fp"":""7.00"",""created_time"":""2026-04-27T20:30:34.554359Z"",""no_price_dollars"":""0.5200"",""taker_side"":""no"",""ticker"":""KXETH15M-26APR271645-45"",""trade_id"":""03af4d12-d29a-40a7-264e-84f083bc2849"",""yes_price_dollars"":""0.4800""}"
KXETH15M-26APR271645-45,8c7e3f2c-3b9b-5c6a-a080-11bc67b4355e,1777321835,0.5,4.25,yes,"{""count_fp"":""4.25"",""created_time"":""2026-04-27T20:30:35.800069Z"",""no_price_dollars"":""0.5000"",""taker_side"":""yes"",""ticker"":""KXETH15M-26APR271645-45"",""trade_id"":""8c7e3f2c-3b9b-5c6a-a080-11bc67b4355e"",""yes_price_dollars"":""0.5000""}"
KXETH15M-26APR271645-45,7cdc5f0a-2806-74c3-a712-ef10f7fe1d1d,1777321839,0.48,1.41,no,"{""count_fp"":""1.41"",""created_time"":""2026-04-27T20:30:39.983967Z"",""no_price_dollars"":""0.5200"",""taker_side"":""no"",""ticker"":""KXETH15M-26APR271645-45"",""trade_id"":""7cdc5f0a-2806-74c3-a712-ef10f7fe1d1d"",""yes_price_dollars"":""0.4800""}"
KXETH15M-26APR271645-45,208035f5-fd2b-72d0-b408-712ad7565bfb,1777321839,0.48,10.59,no,"{""count_fp"":""10.59"",""created_time"":""2026-04-27T20:30:39.983967Z"",""no_price_dollars"":""0.5200"",""taker_side"":""no"",""ticker"":""KXETH15M-26APR271645-45"",""trade_id"":""208035f5-fd2b-72d0-b408-712ad7565bfb"",""yes_price_dollars"":""0.4800""}"
KXETH15M-26APR271645-45,c66ac0ea-43e1-79c7-74d0-773424ba0517,1777321842,0.51,1.0,yes,"{""count_fp"":""1.00"",""created_time"":""2026-04-27T20:30:42.081527Z"",""no_price_dollars"":""0.4900"",""taker_side"":""yes"",""ticker"":""KXETH15M-26APR271645-45"",""trade_id"":""c66ac0ea-43e1-79c7-74d0-773424ba0517"",""yes_price_dollars"":""0.5100""}"
KXETH15M-26APR271645-45,4d3f2fe5-ca76-756e-7830-a9d12dda0b0b,1777321842,0.54,8.01,yes,"{""count_fp"":""8.01"",""created_time"":""2026-04-27T20:30:42.081527Z"",""no_price_dollars"":""0.4600"",""taker_side"":""yes"",""ticker"":""KXETH15M-26APR271645-45"",""trade_id"":""4d3f2fe5-ca76-756e-7830-a9d12dda0b0b"",""yes_price_dollars"":""0.5400""}"
KXETH15M-26APR271645-45,59531124-8a6b-46ae-9988-42c98373b540,1777321845,0.52,1.0,yes,"{""count_fp"":""1.00"",""created_time"":""2026-04-27T20:30:45.955805Z"",""no_price_dollars"":""0.4800"",""taker_side"":""yes"",""ticker"":""KXETH15M-26APR271645-45"",""trade_id"":""59531124-8a6b-46ae-9988-42c98373b540"",""yes_price_dollars"":""0.5200""}"
KXETH15M-26APR271645-45,12d92b39-6176-474e-b276-fa3136a67af0,1777321845,0.52,60.0,yes,"{""count_fp"":""60.00"",""created_time"":""2026-04-27T20:30:45.955805Z"",""no_price_dollars"":""0.4800"",""taker_side"":""yes"",""ticker"":""KXETH15M-26APR271645-45"",""trade_id"":""12d92b39-6176-474e-b276-fa3136a67af0"",""yes_price_dollars"":""0.5200""}"
KXETH15M-26APR271645-45,24c62d01-3ca7-495c-779c-01894a11a39f,1777321845,0.48,1.0,no,"{""count_fp"":""1.00"",""created_time"":""2026-04-27T20:30:45.542783Z"",""no_price_dollars"":""0.5200"",""taker_side"":""no"",""ticker"":""KXETH15M-26APR271645-45"",""trade_id"":""24c62d01-3ca7-495c-779c-01894a11a39f"",""yes_price_dollars"":""0.4800""}"
KXETH15M-26APR271645-45,797a420d-76b9-76a3-198e-34699419f086,1777321848,0.5,3.66,yes,"{""count_fp"":""3.66"",""created_time"":""2026-04-27T20:30:48.484878Z"",""no_price_dollars"":""0.5000"",""taker_side"":""yes"",""ticker"":""KXETH15M-26APR271645-45"",""trade_id"":""797a420d-76b9-76a3-198e-34699419f086"",""yes_price_dollars"":""0.5000""}"
KXETH15M-26APR271645-45,e026d211-ae95-40af-0382-f1de9142035c,1777321849,0.52,1.0,yes,"{""count_fp"":""1.00"",""created_time"":""2026-04-27T20:30:49.580656Z"",""no_price_dollars"":""0.4800"",""taker_side"":""yes"",""ticker"":""KXETH15M-26APR271645-45"",""trade_id"":""e026d211-ae95-40af-0382-f1de9142035c"",""yes_price_dollars"":""0.5200""}"
KXETH15M-26APR271645-45,b183fb78-4d2d-4b37-2361-6c398fe7854a,1777321849,0.5,93.34,yes,"{""count_fp"":""93.34"",""created_time"":""2026-04-27T20:30:49.580656Z"",""no_price_dollars"":""0.5000"",""taker_side"":""yes"",""ticker"":""KXETH15M-26APR271645-45"",""trade_id"":""b183fb78-4d2d-4b37-2361-6c398fe7854a"",""yes_price_dollars"":""0.5000""}"
KXETH15M-26APR271645-45,ce23192c-4721-5e82-bd0d-aac0df65c39c,1777321851,0.53,2.0,no,"{""count_fp"":""2.00"",""created_time"":""2026-04-27T20:30:51.297856Z"",""no_price_dollars"":""0.4700"",""taker_side"":""no"",""ticker"":""KXETH15M-26APR271645-45"",""trade_id"":""ce23192c-4721-5e82-bd0d-aac0df65c39c"",""yes_price_dollars"":""0.5300""}"
KXETH15M-26APR271645-45,ad54fec0-e428-49b1-2536-a28114c81dad,1777321852,0.54,3.0,no,"{""count_fp"":""3.00"",""created_time"":""2026-04-27T20:30:52.849208Z"",""no_price_dollars"":""0.4600"",""taker_side"":""no"",""ticker"":""KXETH15M-26APR271645-45"",""trade_id"":""ad54fec0-e428-49b1-2536-a28114c81dad"",""yes_price_dollars"":""0.5400""}"
KXETH15M-26APR271645-45,e2f93078-e704-5d18-932f-bcea2edd7ed6,1777321856,0.57,75.0,yes,"{""count_fp"":""75.00"",""created_time"":""2026-04-27T20:30:56.469926Z"",""no_price_dollars"":""0.4300"",""taker_side"":""yes"",""ticker"":""KXETH15M-26APR271645-45"",""trade_id"":""e2f93078-e704-5d18-932f-bcea2edd7ed6"",""yes_price_dollars"":""0.5700""}"
KXETH15M-26APR271645-45,cea57058-4aa4-52e2-be5e-9fa1981fad27,1777321856,0.57,45.0,yes,"{""count_fp"":""45.00"",""created_time"":""2026-04-27T20:30:56.469926Z"",""no_price_dollars"":""0.4300"",""taker_side"":""yes"",""ticker"":""KXETH15M-26APR271645-45"",""trade_id"":""cea57058-4aa4-52e2-be5e-9fa1981fad27"",""yes_price_dollars"":""0.5700""}"
KXETH15M-26APR271645-45,cf8dc58e-650b-73fc-29aa-cc0c8c03e51f,1777321858,0.55,8.6,no,"{""count_fp"":""8.60"",""created_time"":""2026-04-27T20:30:58.235484Z"",""no_price_dollars"":""0.4500"",""taker_side"":""no"",""ticker"":""KXETH15M-26APR271645-45"",""trade_id"":""cf8dc58e-650b-73fc-29aa-cc0c8c03e51f"",""yes_price_dollars"":""0.5500""}"
KXETH15M-26APR271645-45,9db7f434-71b7-72ba-0125-1298c3979bd6,1777321858,0.55,10.0,no,"{""count_fp"":""10.00"",""created_time"":""2026-04-27T20:30:58.235484Z"",""no_price_dollars"":""0.4500"",""taker_side"":""no"",""ticker"":""KXETH15M-26APR271645-45"",""trade_id"":""9db7f434-71b7-72ba-0125-1298c3979bd6"",""yes_price_dollars"":""0.5500""}"
KXETH15M-26APR271645-45,ee94c22b-2a21-75b3-9714-280c9c343d1d,1777321862,0.58,1.0,yes,"{""count_fp"":""1.00"",""created_time"":""2026-04-27T20:31:02.781182Z"",""no_price_dollars"":""0.4200"",""taker_side"":""yes"",""ticker"":""KXETH15M-26APR271645-45"",""trade_id"":""ee94c22b-2a21-75b3-9714-280c9c343d1d"",""yes_price_dollars"":""0.5800""}"
KXETH15M-26APR271645-45,0924cecf-670c-7b92-ba21-7ff6d40e9cc3,1777321862,0.58,15.0,yes,"{""count_fp"":""15.00"",""created_time"":""2026-04-27T20:31:02.781182Z"",""no_price_dollars"":""0.4200"",""taker_side"":""yes"",""ticker"":""KXETH15M-26APR271645-45"",""trade_id"":""0924cecf-670c-7b92-ba21-7ff6d40e9cc3"",""yes_price_dollars"":""0.5800""}"
KXETH15M-26APR271645-45,030974b1-34f8-73db-962c-cf36101b7666,1777321862,0.59,0.72,yes,"{""count_fp"":""0.72"",""created_time"":""2026-04-27T20:31:02.781182Z"",""no_price_dollars"":""0.4100"",""taker_side"":""yes"",""ticker"":""KXETH15M-26APR271645-45"",""trade_id"":""030974b1-34f8-73db-962c-cf36101b7666"",""yes_price_dollars"":""0.5900""}"
KXETH15M-26APR271645-45,48bc778d-f737-7b48-b6ab-f723052a7951,1777321862,0.54,8.37,no,"{""count_fp"":""8.37"",""created_time"":""2026-04-27T20:31:02.000127Z"",""no_price_dollars"":""0.4600"",""taker_side"":""no"",""ticker"":""KXETH15M-26APR271645-45"",""trade_id"":""48bc778d-f737-7b48-b6ab-f723052a7951"",""yes_price_dollars"":""0.5400""}"
KXETH15M-26APR271645-45,f4d25899-8c3d-646d-86eb-316392e23f11,1777321866,0.56,1.0,no,"{""count_fp"":""1.00"",""created_time"":""2026-04-27T20:31:06.304879Z"",""no_price_dollars"":""0.4400"",""taker_side"":""no"",""ticker"":""KXETH15M-26APR271645-45"",""trade_id"":""f4d25899-8c3d-646d-86eb-316392e23f11"",""yes_price_dollars"":""0.5600""}"
KXETH15M-26APR271645-45,f0d5a3ca-e85b-70bc-8a1e-edd3f2d9de78,1777321867,0.55,1.0,no,"{""count_fp"":""1.00"",""created_time"":""2026-04-27T20:31:07.386576Z"",""no_price_dollars"":""0.4500"",""taker_side"":""no"",""ticker"":""KXETH15M-26APR271645-45"",""trade_id"":""f0d5a3ca-e85b-70bc-8a1e-edd3f2d9de78"",""yes_price_dollars"":""0.5500""}"
KXETH15M-26APR271645-45,46a3c979-7d83-725c-a9ab-975dc1c024a3,1777321867,0.55,0.98,no,"{""count_fp"":""0.98"",""created_time"":""2026-04-27T20:31:07.386576Z"",""no_price_dollars"":""0.4500"",""taker_side"":""no"",""ticker"":""KXETH15M-26APR271645-45"",""trade_id"":""46a3c979-7d83-725c-a9ab-975dc1c024a3"",""yes_price_dollars"":""0.5500""}"
KXETH15M-26APR271645-45,a41ddbba-8a29-41c3-68f0-e84d0fd80aee,1777321868,0.6,7.0,yes,"{""count_fp"":""7.00"",""created_time"":""2026-04-27T20:31:08.353731Z"",""no_price_dollars"":""0.4000"",""taker_side"":""yes"",""ticker"":""KXETH15M-26APR271645-45"",""trade_id"":""a41ddbba-8a29-41c3-68f0-e84d0fd80aee"",""yes_price_dollars"":""0.6000""}"
KXETH15M-26APR271645-45,6ef9af58-9067-4876-5939-d3a98275beeb,1777321868,0.59,1.0,yes,"{""count_fp"":""1.00"",""created_time"":""2026-04-27T20:31:08.353731Z"",""no_price_dollars"":""0.4100"",""taker_side"":""yes"",""ticker"":""KXETH15M-26APR271645-45"",""trade_id"":""6ef9af58-9067-4876-5939-d3a98275beeb"",""yes_price_dollars"":""0.5900""}"
KXETH15M-26APR271645-45,eef65937-930f-48db-11dd-1ad7e5027ed4,1777321871,0.58,1.0,no,"{""count_fp"":""1.00"",""created_time"":""2026-04-27T20:31:11.232187Z"",""no_price_dollars"":""0.4200"",""taker_side"":""no"",""ticker"":""KXETH15M-26APR271645-45"",""trade_id"":""eef65937-930f-48db-11dd-1ad7e5027ed4"",""yes_price_dollars"":""0.5800""}"
KXETH15M-26APR271645-45,9127528a-4cb2-429a-9f3d-3f3b2eb1dc1f,1777321872,0.61,42.11,yes,"{""count_fp"":""42.11"",""created_time"":""2026-04-27T20:31:12.963967Z"",""no_price_dollars"":""0.3900"",""taker_side"":""yes"",""ticker"":""KXETH15M-26APR271645-45"",""trade_id"":""9127528a-4cb2-429a-9f3d-3f3b2eb1dc1f"",""yes_price_dollars"":""0.6100""}"
KXETH15M-26APR271645-45,4c074591-2458-4719-be55-b1a95e3cf9a2,1777321872,0.59,1.0,yes,"{""count_fp"":""1.00"",""created_time"":""2026-04-27T20:31:12.963967Z"",""no_price_dollars"":""0.4100"",""taker_side"":""yes"",""ticker"":""KXETH15M-26APR271645-45"",""trade_id"":""4c074591-2458-4719-be55-b1a95e3cf9a2"",""yes_price_dollars"":""0.5900""}"
KXETH15M-26APR271645-45,506b9076-0759-4afe-6376-9b85d0f34d34,1777321873,0.56,0.21,no,"{""count_fp"":""0.21"",""created_time"":""2026-04-27T20:31:13.069921Z"",""no_price_dollars"":""0.4400"",""taker_side"":""no"",""ticker"":""KXETH15M-26APR271645-45"",""trade_id"":""506b9076-0759-4afe-6376-9b85d0f34d34"",""yes_price_dollars"":""0.5600""}"
KXETH15M-26APR271645-45,cae2b5cd-44c6-535c-5b3e-bb9742031e55,1777321879,0.6,1.0,yes,"{""count_fp"":""1.00"",""created_time"":""2026-04-27T20:31:19.466173Z"",""no_price_dollars"":""0.4000"",""taker_side"":""yes"",""ticker"":""KXETH15M-26APR271645-45"",""trade_id"":""cae2b5cd-44c6-535c-5b3e-bb9742031e55"",""yes_price_dollars"":""0.6000""}"
KXETH15M-26APR271645-45,6053eee9-1eda-563e-4796-c44e9353b926,1777321879,0.6,0.62,yes,"{""count_fp"":""0.62"",""created_time"":""2026-04-27T20:31:19.466173Z"",""no_price_dollars"":""0.4000"",""taker_side"":""yes"",""ticker"":""KXETH15M-26APR271645-45"",""trade_id"":""6053eee9-1eda-563e-4796-c44e9353b926"",""yes_price_dollars"":""0.6000""}"
KXETH15M-26APR271645-45,b2162d05-642b-6f4c-29cb-48894fab62af,1777321887,0.61,21.88,no,"{""count_fp"":""21.88"",""created_time"":""2026-04-27T20:31:27.360476Z"",""no_price_dollars"":""0.3900"",""taker_side"":""no"",""ticker"":""KXETH15M-26APR271645-45"",""trade_id"":""b2162d05-642b-6f4c-29cb-48894fab62af"",""yes_price_dollars"":""0.6100""}"
KXETH15M-26APR271645-45,5d4aa979-e39a-6ba0-2deb-b9e032f9d7fa,1777321887,0.61,1.0,no,"{""count_fp"":""1.00"",""created_time"":""2026-04-27T20:31:27.360476Z"",""no_price_dollars"":""0.3900"",""taker_side"":""no"",""ticker"":""KXETH15M-26APR271645-45"",""trade_id"":""5d4aa979-e39a-6ba0-2deb-b9e032f9d7fa"",""yes_price_dollars"":""0.6100""}"
KXETH15M-26APR271645-45,f9e2f655-b511-59a4-8265-ac92f26f86ce,1777321887,0.63,10.0,yes,"{""count_fp"":""10.00"",""created_time"":""2026-04-27T20:31:27.174269Z"",""no_price_dollars"":""0.3700"",""taker_side"":""yes"",""ticker"":""KXETH15M-26APR271645-45"",""trade_id"":""f9e2f655-b511-59a4-8265-ac92f26f86ce"",""yes_price_dollars"":""0.6300""}"
KXETH15M-26APR271645-45,f497a756-1499-56bf-a15d-4bfa3c40152a,1777321887,0.64,12.0,yes,"{""count_fp"":""12.00"",""created_time"":""2026-04-27T20:31:27.174269Z"",""no_price_dollars"":""0.3600"",""taker_side"":""yes"",""ticker"":""KXETH15M-26APR271645-45"",""trade_id"":""f497a756-1499-56bf-a15d-4bfa3c40152a"",""yes_price_dollars"":""0.6400""}"
KXETH15M-26APR271645-45,cbc0e160-b571-5786-9155-a080cc88c5c0,1777321888,0.6,1.0,no,"{""count_fp"":""1.00"",""created_time"":""2026-04-27T20:31:28.558484Z"",""no_price_dollars"":""0.4000"",""taker_side"":""no"",""ticker"":""KXETH15M-26APR271645-45"",""trade_id"":""cbc0e160-b571-5786-9155-a080cc88c5c0"",""yes_price_dollars"":""0.6000""}"
KXETH15M-26APR271645-45,7e3f6d77-7c12-5e3e-a51f-1db5a19ccf00,1777321888,0.6,1.0,no,"{""count_fp"":""1.00"",""created_time"":""2026-04-27T20:31:28.558484Z"",""no_price_dollars"":""0.4000"",""taker_side"":""no"",""ticker"":""KXETH15M-26APR271645-45"",""trade_id"":""7e3f6d77-7c12-5e3e-a51f-1db5a19ccf00"",""yes_price_dollars"":""0.6000""}"
KXETH15M-26APR271645-45,65397fc8-121f-56ac-a3a7-7302facf4acf,1777321888,0.6,36.5,no,"{""count_fp"":""36.50"",""created_time"":""2026-04-27T20:31:28.558484Z"",""no_price_dollars"":""0.4000"",""taker_side"":""no"",""ticker"":""KXETH15M-26APR271645-45"",""trade_id"":""65397fc8-121f-56ac-a3a7-7302facf4acf"",""yes_price_dollars"":""0.6000""}"
KXETH15M-26APR271645-45,167da898-6075-5e52-b0bf-5310ecb7bea0,1777321888,0.6,1.0,no,"{""count_fp"":""1.00"",""created_time"":""2026-04-27T20:31:28.558484Z"",""no_price_dollars"":""0.4000"",""taker_side"":""no"",""ticker"":""KXETH15M-26APR271645-45"",""trade_id"":""167da898-6075-5e52-b0bf-5310ecb7bea0"",""yes_price_dollars"":""0.6000""}"
KXETH15M-26APR271645-45,96504d45-a360-7d29-25b7-02c860e93b78,1777321891,0.64,1.0,yes,"{""count_fp"":""1.00"",""created_time"":""2026-04-27T20:31:31.577033Z"",""no_price_dollars"":""0.3600"",""taker_side"":""yes"",""ticker"":""KXETH15M-26APR271645-45"",""trade_id"":""96504d45-a360-7d29-25b7-02c860e93b78"",""yes_price_dollars"":""0.6400""}"
KXETH15M-26APR271645-45,caa66ccc-6402-4bf3-1573-1df04240b6c8,1777321896,0.62,1.0,no,"{""count_fp"":""1.00"",""created_time"":""2026-04-27T20:31:36.764777Z"",""no_price_dollars"":""0.3800"",""taker_side"":""no"",""ticker"":""KXETH15M-26APR271645-45"",""trade_id"":""caa66ccc-6402-4bf3-1573-1df04240b6c8"",""yes_price_dollars"":""0.6200""}"
KXETH15M-26APR271645-45,1059ccb3-208f-4e50-15ee-4d6436d369b7,1777321896,0.62,6.19,no,"{""count_fp"":""6.19"",""created_time"":""2026-04-27T20:31:36.764777Z"",""no_price_dollars"":""0.3800"",""taker_side"":""no"",""ticker"":""KXETH15M-26APR271645-45"",""trade_id"":""1059ccb3-208f-4e50-15ee-4d6436d369b7"",""yes_price_dollars"":""0.6200""}"
KXETH15M-26APR271645-45,38d7f86d-408b-4900-57ba-60c52014e57a,1777321905,0.63,1.0,yes,"{""count_fp"":""1.00"",""created_time"":""2026-04-27T20:31:45.405161Z"",""no_price_dollars"":""0.3700"",""taker_side"":""yes"",""ticker"":""KXETH15M-26APR271645-45"",""trade_id"":""38d7f86d-408b-4900-57ba-60c52014e57a"",""yes_price_dollars"":""0.6300""}"
KXETH15M-26APR271645-45,d4aa630a-96eb-693c-d92a-588f05e7d10b,1777321907,0.63,1.0,yes,"{""count_fp"":""1.00"",""created_time"":""2026-04-27T20:31:47.868177Z"",""no_price_dollars"":""0.3700"",""taker_side"":""yes"",""ticker"":""KXETH15M-26APR271645-45"",""trade_id"":""d4aa630a-96eb-693c-d92a-588f05e7d10b"",""yes_price_dollars"":""0.6300""}"
KXETH15M-26APR271645-45,3bee6c11-6e25-67db-e40e-3be0eacdb46e,1777321907,0.63,6.67,yes,"{""count_fp"":""6.67"",""created_time"":""2026-04-27T20:31:47.868177Z"",""no_price_dollars"":""0.3700"",""taker_side"":""yes"",""ticker"":""KXETH15M-26APR271645-45"",""trade_id"":""3bee6c11-6e25-67db-e40e-3be0eacdb46e"",""yes_price_dollars"":""0.6300""}"
KXETH15M-26APR271645-45,e8d36866-b629-5f86-a63e-9de59b23af4a,1777321913,0.6,1.0,no,"{""count_fp"":""1.00"",""created_time"":""2026-04-27T20:31:53.027389Z"",""no_price_dollars"":""0.4000"",""taker_side"":""no"",""ticker"":""KXETH15M-26APR271645-45"",""trade_id"":""e8d36866-b629-5f86-a63e-9de59b23af4a"",""yes_price_dollars"":""0.6000""}"
KXETH15M-26APR271645-45,6fcb72de-9595-549a-8ced-951b9c67a9d1,1777321913,0.6,8.82,no,"{""count_fp"":""8.82"",""created_time"":""2026-04-27T20:31:53.027389Z"",""no_price_dollars"":""0.4000"",""taker_side"":""no"",""ticker"":""KXETH15M-26APR271645-45"",""trade_id"":""6fcb72de-9595-549a-8ced-951b9c67a9d1"",""yes_price_dollars"":""0.6000""}"
KXETH15M-26APR271645-45,9a13aae5-86ab-4e58-c6c2-80ca0d68bbbb,1777321915,0.61,8.01,no,"{""count_fp"":""8.01"",""created_time"":""2026-04-27T20:31:55.981789Z"",""no_price_dollars"":""0.3900"",""taker_side"":""no"",""ticker"":""KXETH15M-26APR271645-45"",""trade_id"":""9a13aae5-86ab-4e58-c6c2-80ca0d68bbbb"",""yes_price_dollars"":""0.6100""}"
KXETH15M-26APR271645-45,89c9e77c-e0fe-4258-cf79-40f8ca96fe43,1777321915,0.61,1.0,no,"{""count_fp"":""1.00"",""created_time"":""2026-04-27T20:31:55.981789Z"",""no_price_dollars"":""0.3900"",""taker_side"":""no"",""ticker"":""KXETH15M-26APR271645-45"",""trade_id"":""89c9e77c-e0fe-4258-cf79-40f8ca96fe43"",""yes_price_dollars"":""0.6100""}"
KXETH15M-26APR271645-45,471f6735-c03e-4b07-bd72-9a355937e813,1777321916,0.61,1.0,no,"{""count_fp"":""1.00"",""created_time"":""2026-04-27T20:31:56.673203Z"",""no_price_dollars"":""0.3900"",""taker_side"":""no"",""ticker"":""KXETH15M-26APR271645-45"",""trade_id"":""471f6735-c03e-4b07-bd72-9a355937e813"",""yes_price_dollars"":""0.6100""}"
KXETH15M-26APR271645-45,1e451c2c-878b-4e74-81db-70cfcd81b10f,1777321916,0.61,1.18,no,"{""count_fp"":""1.18"",""created_time"":""2026-04-27T20:31:56.673203Z"",""no_price_dollars"":""0.3900"",""taker_side"":""no"",""ticker"":""KXETH15M-26APR271645-45"",""trade_id"":""1e451c2c-878b-4e74-81db-70cfcd81b10f"",""yes_price_dollars"":""0.6100""}"
KXETH15M-26APR271645-45,e2077276-470f-5d8c-114d-6834e116e0ef,1777321918,0.62,2.66,no,"{""count_fp"":""2.66"",""created_time"":""2026-04-27T20:31:58.510437Z"",""no_price_dollars"":""0.3800"",""taker_side"":""no"",""ticker"":""KXETH15M-26APR271645-45"",""trade_id"":""e2077276-470f-5d8c-114d-6834e116e0ef"",""yes_price_dollars"":""0.6200""}"
KXETH15M-26APR271645-45,d075d269-a5cf-573e-03f2-fc4675b80da1,1777321918,0.62,1.0,no,"{""count_fp"":""1.00"",""created_time"":""2026-04-27T20:31:58.510437Z"",""no_price_dollars"":""0.3800"",""taker_side"":""no"",""ticker"":""KXETH15M-26APR271645-45"",""trade_id"":""d075d269-a5cf-573e-03f2-fc4675b80da1"",""yes_price_dollars"":""0.6200""}"
KXETH15M-26APR271645-45,b9b52edb-4a38-785f-a3f3-63d8d51ae68d,1777321919,0.64,10.0,yes,"{""count_fp"":""10.00"",""created_time"":""2026-04-27T20:31:59.352291Z"",""no_price_dollars"":""0.3600"",""taker_side"":""yes"",""ticker"":""KXETH15M-26APR271645-45"",""trade_id"":""b9b52edb-4a38-785f-a3f3-63d8d51ae68d"",""yes_price_dollars"":""0.6400""}"
KXETH15M-26APR271645-45,8f85fe2c-ff92-73b1-8edf-cf482f7540b1,1777321919,0.64,7.56,yes,"{""count_fp"":""7.56"",""created_time"":""2026-04-27T20:31:59.352291Z"",""no_price_dollars"":""0.3600"",""taker_side"":""yes"",""ticker"":""KXETH15M-26APR271645-45"",""trade_id"":""8f85fe2c-ff92-73b1-8edf-cf482f7540b1"",""yes_price_dollars"":""0.6400""}"
KXETH15M-26APR271645-45,4b43c705-16b6-70d2-858b-9c227c7f4587,1777321919,0.65,2.44,yes,"{""count_fp"":""2.44"",""created_time"":""2026-04-27T20:31:59.352291Z"",""no_price_dollars"":""0.3500"",""taker_side"":""yes"",""ticker"":""KXETH15M-26APR271645-45"",""trade_id"":""4b43c705-16b6-70d2-858b-9c227c7f4587"",""yes_price_dollars"":""0.6500""}"
KXETH15M-26APR271645-45,652f2d8a-2195-5104-6f1d-edddca2531ce,1777321920,0.64,1.0,no,"{""count_fp"":""1.00"",""created_time"":""2026-04-27T20:32:00.277579Z"",""no_price_dollars"":""0.3600"",""taker_side"":""no"",""ticker"":""KXETH15M-26APR271645-45"",""trade_id"":""652f2d8a-2195-5104-6f1d-edddca2531ce"",""yes_price_dollars"":""0.6400""}"
KXETH15M-26APR271645-45,ffca7c77-d4f6-615b-ca5d-bf51c3d54090,1777321921,0.63,1.0,no,"{""count_fp"":""1.00"",""created_time"":""2026-04-27T20:32:01.638786Z"",""no_price_dollars"":""0.3700"",""taker_side"":""no"",""ticker"":""KXETH15M-26APR271645-45"",""trade_id"":""ffca7c77-d4f6-615b-ca5d-bf51c3d54090"",""yes_price_dollars"":""0.6300""}"
KXETH15M-26APR271645-45,45ec90c0-4b7b-6708-e536-bdaa6e5f65eb,1777321921,0.63,11.94,no,"{""count_fp"":""11.94"",""created_time"":""2026-04-27T20:32:01.638786Z"",""no_price_dollars"":""0.3700"",""taker_side"":""no"",""ticker"":""KXETH15M-26APR271645-45"",""trade_id"":""45ec90c0-4b7b-6708-e536-bdaa6e5f65eb"",""yes_price_dollars"":""0.6300""}"
KXETH15M-26APR271645-45,253f42e6-e361-6169-59ae-12f27842cb6e,1777321923,0.63,3.0,no,"{""count_fp"":""3.00"",""created_time"":""2026-04-27T20:32:03.250629Z"",""no_price_dollars"":""0.3700"",""taker_side"":""no"",""ticker"":""KXETH15M-26APR271645-45"",""trade_id"":""253f42e6-e361-6169-59ae-12f27842cb6e"",""yes_price_dollars"":""0.6300""}"
KXETH15M-26APR271645-45,07b0e06d-3a1a-6e2f-5d97-22f9eee01c4e,1777321923,0.63,1.0,no,"{""count_fp"":""1.00"",""created_time"":""2026-04-27T20:32:03.250629Z"",""no_price_dollars"":""0.3700"",""taker_side"":""no"",""ticker"":""KXETH15M-26APR271645-45"",""trade_id"":""07b0e06d-3a1a-6e2f-5d97-22f9eee01c4e"",""yes_price_dollars"":""0.6300""}"
KXETH15M-26APR271645-45,b3d52b50-b4b1-5ce1-db88-b4406ba56c3a,1777321924,0.63,17.05,no,"{""count_fp"":""17.05"",""created_time"":""2026-04-27T20:32:04.951784Z"",""no_price_dollars"":""0.3700"",""taker_side"":""no"",""ticker"":""KXETH15M-26APR271645-45"",""trade_id"":""b3d52b50-b4b1-5ce1-db88-b4406ba56c3a"",""yes_price_dollars"":""0.6300""}"
KXETH15M-26APR271645-45,ad4ef98a-f90d-6eae-548b-70ad639f5163,1777321925,0.6,0.25,no,"{""count_fp"":""0.25"",""created_time"":""2026-04-27T20:32:05.886265Z"",""no_price_dollars"":""0.4000"",""taker_side"":""no"",""ticker"":""KXETH15M-26APR271645-45"",""trade_id"":""ad4ef98a-f90d-6eae-548b-70ad639f5163"",""yes_price_dollars"":""0.6000""}"
KXETH15M-26APR271645-45,ecc8537f-943e-47ea-ee46-2d9473e05c6a,1777321931,0.56,1.0,no,"{""count_fp"":""1.00"",""created_time"":""2026-04-27T20:32:11.735104Z"",""no_price_dollars"":""0.4400"",""taker_side"":""no"",""ticker"":""KXETH15M-26APR271645-45"",""trade_id"":""ecc8537f-943e-47ea-ee46-2d9473e05c6a"",""yes_price_dollars"":""0.5600""}"
KXETH15M-26APR271645-45,5a32c3e7-ff31-4c49-d17d-fac45eb99ee6,1777321931,0.56,20.86,no,"{""count_fp"":""20.86"",""created_time"":""2026-04-27T20:32:11.735104Z"",""no_price_dollars"":""0.4400"",""taker_side"":""no"",""ticker"":""KXETH15M-26APR271645-45"",""trade_id"":""5a32c3e7-ff31-4c49-d17d-fac45eb99ee6"",""yes_price_dollars"":""0.5600""}"
KXETH15M-26APR271645-45,f5862e5e-0728-66ee-1491-2cba8e4b741a,1777321932,0.56,10.0,no,"{""count_fp"":""10.00"",""created_time"":""2026-04-27T20:32:12.590396Z"",""no_price_dollars"":""0.4400"",""taker_side"":""no"",""ticker"":""KXETH15M-26APR271645-45"",""trade_id"":""f5862e5e-0728-66ee-1491-2cba8e4b741a"",""yes_price_dollars"":""0.5600""}"
KXETH15M-26APR271645-45,9646c3d0-2774-6b70-23de-3532c4e6c6a8,1777321932,0.56,10.0,no,"{""count_fp"":""10.00"",""created_time"":""2026-04-27T20:32:12.590396Z"",""no_price_dollars"":""0.4400"",""taker_side"":""no"",""ticker"":""KXETH15M-26APR271645-45"",""trade_id"":""9646c3d0-2774-6b70-23de-3532c4e6c6a8"",""yes_price_dollars"":""0.5600""}"
KXETH15M-26APR271645-45,32b5a5d6-bd2c-61d9-197e-f4a0992e5175,1777321932,0.54,8.01,no,"{""count_fp"":""8.01"",""created_time"":""2026-04-27T20:32:12.590396Z"",""no_price_dollars"":""0.4600"",""taker_side"":""no"",""ticker"":""KXETH15M-26APR271645-45"",""trade_id"":""32b5a5d6-bd2c-61d9-197e-f4a0992e5175"",""yes_price_dollars"":""0.5400""}"
KXETH15M-26APR271645-45,067b63b7-8d65-6761-0619-b175f9ac4a06,1777321932,0.56,79.14,no,"{""count_fp"":""79.14"",""created_time"":""2026-04-27T20:32:12.590396Z"",""no_price_dollars"":""0.4400"",""taker_side"":""no"",""ticker"":""KXETH15M-26APR271645-45"",""trade_id"":""067b63b7-8d65-6761-0619-b175f9ac4a06"",""yes_price_dollars"":""0.5600""}"
KXETH15M-26APR271645-45,b374c580-bdf9-5ba0-4c4f-295e1a6e1bab,1777321935,0.54,1.0,no,"{""count_fp"":""1.00"",""created_time"":""2026-04-27T20:32:15.315128Z"",""no_price_dollars"":""0.4600"",""taker_side"":""no"",""ticker"":""KXETH15M-26APR271645-45"",""trade_id"":""b374c580-bdf9-5ba0-4c4f-295e1a6e1bab"",""yes_price_dollars"":""0.5400""}"
KXETH15M-26APR271645-45,22002ca2-cb75-56ca-7bb8-d863c012e88f,1777321935,0.54,9.47,no,"{""count_fp"":""9.47"",""created_time"":""2026-04-27T20:32:15.315128Z"",""no_price_dollars"":""0.4600"",""taker_side"":""no"",""ticker"":""KXETH15M-26APR271645-45"",""trade_id"":""22002ca2-cb75-56ca-7bb8-d863c012e88f"",""yes_price_dollars"":""0.5400""}"
KXETH15M-26APR271645-45,d7cecefb-c169-6130-56cd-3fe50e5a99de,1777321936,0.58,1.0,yes,"{""count_fp"":""1.00"",""created_time"":""2026-04-27T20:32:16.224934Z"",""no_price_dollars"":""0.4200"",""taker_side"":""yes"",""ticker"":""KXETH15M-26APR271645-45"",""trade_id"":""d7cecefb-c169-6130-56cd-3fe50e5a99de"",""yes_price_dollars"":""0.5800""}"
KXETH15M-26APR271645-45,1b97d167-240c-61c5-5bce-f5e1cb652f31,1777321936,0.59,7.24,yes,"{""count_fp"":""7.24"",""created_time"":""2026-04-27T20:32:16.224934Z"",""no_price_dollars"":""0.4100"",""taker_side"":""yes"",""ticker"":""KXETH15M-26APR271645-45"",""trade_id"":""1b97d167-240c-61c5-5bce-f5e1cb652f31"",""yes_price_dollars"":""0.5900""}"
KXETH15M-26APR271645-45,f497b9b6-e97a-6a7d-9e47-4ceca804af29,1777321941,0.59,1.0,yes,"{""count_fp"":""1.00"",""created_time"":""2026-04-27T20:32:21.767345Z"",""no_price_dollars"":""0.4100"",""taker_side"":""yes"",""ticker"":""KXETH15M-26APR271645-45"",""trade_id"":""f497b9b6-e97a-6a7d-9e47-4ceca804af29"",""yes_price_dollars"":""0.5900""}"
KXETH15M-26APR271645-45,df7ff333-4f3c-5170-08de-68decacdfc52,1777321944,0.59,100.0,no,"{""count_fp"":""100.00"",""created_time"":""2026-04-27T20:32:24.702934Z"",""no_price_dollars"":""0.4100"",""taker_side"":""no"",""ticker"":""KXETH15M-26APR271645-45"",""trade_id"":""df7ff333-4f3c-5170-08de-68decacdfc52"",""yes_price_dollars"":""0.5900""}"
KXETH15M-26APR271645-45,21e32d4b-ba9b-50b6-1291-ea8f3fe5b193,1777321944,0.59,7.0,no,"{""count_fp"":""7.00"",""created_time"":""2026-04-27T20:32:24.702934Z"",""no_price_dollars"":""0.4100"",""taker_side"":""no"",""ticker"":""KXETH15M-26APR271645-45"",""trade_id"":""21e32d4b-ba9b-50b6-1291-ea8f3fe5b193"",""yes_price_dollars"":""0.5900""}"
KXETH15M-26APR271645-45,08a8c6ce-ea63-68f6-347d-2ca25144b89b,1777321944,0.59,2.0,no,"{""count_fp"":""2.00"",""created_time"":""2026-04-27T20:32:24.342482Z"",""no_price_dollars"":""0.4100"",""taker_side"":""no"",""ticker"":""KXETH15M-26APR271645-45"",""trade_id"":""08a8c6ce-ea63-68f6-347d-2ca25144b89b"",""yes_price_dollars"":""0.5900""}"
KXETH15M-26APR271645-45,c969440b-4f04-5751-8f29-06d41e1c22c5,1777321949,0.61,7.0,yes,"{""count_fp"":""7.00"",""created_time"":""2026-04-27T20:32:29.692718Z"",""no_price_dollars"":""0.3900"",""taker_side"":""yes"",""ticker"":""KXETH15M-26APR271645-45"",""trade_id"":""c969440b-4f04-5751-8f29-06d41e1c22c5"",""yes_price_dollars"":""0.6100""}"
KXETH15M-26APR271645-45,50399b2c-93ae-5e02-9ea2-a19a73321629,1777321949,0.6,1.0,yes,"{""count_fp"":""1.00"",""created_time"":""2026-04-27T20:32:29.692718Z"",""no_price_dollars"":""0.4000"",""taker_side"":""yes"",""ticker"":""KXETH15M-26APR271645-45"",""trade_id"":""50399b2c-93ae-5e02-9ea2-a19a73321629"",""yes_price_dollars"":""0.6000""}"
KXETH15M-26APR271645-45,efad8bb6-2bbb-5892-f963-a018c4fe5c75,1777321950,0.57,1.0,yes,"{""count_fp"":""1.00"",""created_time"":""2026-04-27T20:32:30.811216Z"",""no_price_dollars"":""0.4300"",""taker_side"":""yes"",""ticker"":""KXETH15M-26APR271645-45"",""trade_id"":""efad8bb6-2bbb-5892-f963-a018c4fe5c75"",""yes_price_dollars"":""0.5700""}"
KXETH15M-26APR271645-45,d445c3c9-3c6a-60c2-05ca-95528adf72eb,1777321961,0.54,31.0,yes,"{""count_fp"":""31.00"",""created_time"":""2026-04-27T20:32:41.746797Z"",""no_price_dollars"":""0.4600"",""taker_side"":""yes"",""ticker"":""KXETH15M-26APR271645-45"",""trade_id"":""d445c3c9-3c6a-60c2-05ca-95528adf72eb"",""yes_price_dollars"":""0.5400""}"
KXETH15M-26APR271645-45,5557160f-9b1d-676b-058a-26d6cf1d608f,1777321961,0.53,1.0,yes,"{""count_fp"":""1.00"",""created_time"":""2026-04-27T20:32:41.746797Z"",""no_price_dollars"":""0.4700"",""taker_side"":""yes"",""ticker"":""KXETH15M-26APR271645-45"",""trade_id"":""5557160f-9b1d-676b-058a-26d6cf1d608f"",""yes_price_dollars"":""0.5300""}"
KXETH15M-26APR271645-45,11de5354-ca3b-6241-1933-628b67adf9d2,1777321961,0.53,10.0,yes,"{""count_fp"":""10.00"",""created_time"":""2026-04-27T20:32:41.746797Z"",""no_price_dollars"":""0.4700"",""taker_side"":""yes"",""ticker"":""KXETH15M-26APR271645-45"",""trade_id"":""11de5354-ca3b-6241-1933-628b67adf9d2"",""yes_price_dollars"":""0.5300""}"
KXETH15M-26APR271645-45,f60cad25-1307-5257-288b-0ca371928bf3,1777321961,0.52,5.0,no,"{""count_fp"":""5.00"",""created_time"":""2026-04-27T20:32:41.203694Z"",""no_price_dollars"":""0.4800"",""taker_side"":""no"",""ticker"":""KXETH15M-26APR271645-45"",""trade_id"":""f60cad25-1307-5257-288b-0ca371928bf3"",""yes_price_dollars"":""0.5200""}"
KXETH15M-26APR271645-45,ce7ecfd5-7a3a-7306-f6ba-7af849efe64f,1777321966,0.54,19.0,yes,"{""count_fp"":""19.00"",""created_time"":""2026-04-27T20:32:46.834049Z"",""no_price_dollars"":""0.4600"",""taker_side"":""yes"",""ticker"":""KXETH15M-26APR271645-45"",""trade_id"":""ce7ecfd5-7a3a-7306-f6ba-7af849efe64f"",""yes_price_dollars"":""0.5400""}"
KXETH15M-26APR271645-45,67b95ee1-3929-7b3b-f0a4-090d2de8b203,1777321966,0.53,1.0,yes,"{""count_fp"":""1.00"",""created_time"":""2026-04-27T20:32:46.834049Z"",""no_price_dollars"":""0.4700"",""taker_side"":""yes"",""ticker"":""KXETH15M-26APR271645-45"",""trade_id"":""67b95ee1-3929-7b3b-f0a4-090d2de8b203"",""yes_price_dollars"":""0.5300""}"
KXETH15M-26APR271645-45,564198dd-de60-7f81-d3ab-8da435873db8,1777321966,0.53,10.0,yes,"{""count_fp"":""10.00"",""created_time"":""2026-04-27T20:32:46.834049Z"",""no_price_dollars"":""0.4700"",""taker_side"":""yes"",""ticker"":""KXETH15M-26APR271645-45"",""trade_id"":""564198dd-de60-7f81-d3ab-8da435873db8"",""yes_price_dollars"":""0.5300""}"
KXETH15M-26APR271645-45,21d0dab2-8f35-77af-cd87-cbfe7e94b1a4,1777321966,0.53,10.0,yes,"{""count_fp"":""10.00"",""created_time"":""2026-04-27T20:32:46.834049Z"",""no_price_dollars"":""0.4700"",""taker_side"":""yes"",""ticker"":""KXETH15M-26APR271645-45"",""trade_id"":""21d0dab2-8f35-77af-cd87-cbfe7e94b1a4"",""yes_price_dollars"":""0.5300""}"
KXETH15M-26APR271645-45,124f89c1-0b27-4129-2e73-ed799de892a6,1777321966,0.53,1.0,yes,"{""count_fp"":""1.00"",""created_time"":""2026-04-27T20:32:46.371095Z"",""no_price_dollars"":""0.4700"",""taker_side"":""yes"",""ticker"":""KXETH15M-26APR271645-45"",""trade_id"":""124f89c1-0b27-4129-2e73-ed799de892a6"",""yes_price_dollars"":""0.5300""}"
KXETH15M-26APR271645-45,7b8cc75f-87f7-76bf-c0a8-a63541fa0c77,1777321966,0.52,4.0,no,"{""count_fp"":""4.00"",""created_time"":""2026-04-27T20:32:46.037223Z"",""no_price_dollars"":""0.4800"",""taker_side"":""no"",""ticker"":""KXETH15M-26APR271645-45"",""trade_id"":""7b8cc75f-87f7-76bf-c0a8-a63541fa0c77"",""yes_price_dollars"":""0.5200""}"
KXETH15M-26APR271645-45,6b01480b-4ebe-7361-2f22-5b7ddcda4119,1777321969,0.52,4.15,no,"{""count_fp"":""4.15"",""created_time"":""2026-04-27T20:32:49.746334Z"",""no_price_dollars"":""0.4800"",""taker_side"":""no"",""ticker"":""KXETH15M-26APR271645-45"",""trade_id"":""6b01480b-4ebe-7361-2f22-5b7ddcda4119"",""yes_price_dollars"":""0.5200""}"
KXETH15M-26APR271645-45,1f125db3-a943-749f-3104-1a34769a3e07,1777321969,0.52,26.0,no,"{""count_fp"":""26.00"",""created_time"":""2026-04-27T20:32:49.746334Z"",""no_price_dollars"":""0.4800"",""taker_side"":""no"",""ticker"":""KXETH15M-26APR271645-45"",""trade_id"":""1f125db3-a943-749f-3104-1a34769a3e07"",""yes_price_dollars"":""0.5200""}"
KXETH15M-26APR271645-45,8c3e2f15-8806-585f-9d22-33430f1e6f95,1777321971,0.52,10.05,no,"{""count_fp"":""10.05"",""created_time"":""2026-04-27T20:32:51.960372Z"",""no_price_dollars"":""0.4800"",""taker_side"":""no"",""ticker"":""KXETH15M-26APR271645-45"",""trade_id"":""8c3e2f15-8806-585f-9d22-33430f1e6f95"",""yes_price_dollars"":""0.5200""}"
KXETH15M-26APR271645-45,2fcbbafa-431f-734e-0510-cf00517f48d3,1777321972,0.53,89.4,no,"{""count_fp"":""89.40"",""created_time"":""2026-04-27T20:32:52.341803Z"",""no_price_dollars"":""0.4700"",""taker_side"":""no"",""ticker"":""KXETH15M-26APR271645-45"",""trade_id"":""2fcbbafa-431f-734e-0510-cf00517f48d3"",""yes_price_dollars"":""0.5300""}"
KXETH15M-26APR271645-45,0f5f5e59-46e2-7e11-108c-a5fd229697e5,1777321972,0.53,10.0,no,"{""count_fp"":""10.00"",""created_time"":""2026-04-27T20:32:52.341803Z"",""no_price_dollars"":""0.4700"",""taker_side"":""no"",""ticker"":""KXETH15M-26APR271645-45"",""trade_id"":""0f5f5e59-46e2-7e11-108c-a5fd229697e5"",""yes_price_dollars"":""0.5300""}"
KXETH15M-26APR271645-45,326a1e01-d102-6a8b-364d-1fa2200721e5,1777321973,0.52,15.0,no,"{""count_fp"":""15.00"",""created_time"":""2026-04-27T20:32:53.018124Z"",""no_price_dollars"":""0.4800"",""taker_side"":""no"",""ticker"":""KXETH15M-26APR271645-45"",""trade_id"":""326a1e01-d102-6a8b-364d-1fa2200721e5"",""yes_price_dollars"":""0.5200""}"
KXETH15M-26APR271645-45,b58618dc-791e-7c83-efb7-225e7a22a4f9,1777321984,0.52,3.0,no,"{""count_fp"":""3.00"",""created_time"":""2026-04-27T20:33:04.367516Z"",""no_price_dollars"":""0.4800"",""taker_side"":""no"",""ticker"":""KXETH15M-26APR271645-45"",""trade_id"":""b58618dc-791e-7c83-efb7-225e7a22a4f9"",""yes_price_dollars"":""0.5200""}"
KXETH15M-26APR271645-45,1e7ea6b3-197e-6f3b-5064-4da5346b8e75,1777321986,0.52,20.1,no,"{""count_fp"":""20.10"",""created_time"":""2026-04-27T20:33:06.645547Z"",""no_price_dollars"":""0.4800"",""taker_side"":""no"",""ticker"":""KXETH15M-26APR271645-45"",""trade_id"":""1e7ea6b3-197e-6f3b-5064-4da5346b8e75"",""yes_price_dollars"":""0.5200""}"
KXETH15M-26APR271645-45,dfc69f98-db72-4b12-ca79-b4d7bc5ed81b,1777321992,0.54,16.27,yes,"{""count_fp"":""16.27"",""created_time"":""2026-04-27T20:33:12.196237Z"",""no_price_dollars"":""0.4600"",""taker_side"":""yes"",""ticker"":""KXETH15M-26APR271645-45"",""trade_id"":""dfc69f98-db72-4b12-ca79-b4d7bc5ed81b"",""yes_price_dollars"":""0.5400""}"
KXETH15M-26APR271645-45,9a319a9d-8da8-4e97-e6aa-d1b64255478e,1777321992,0.51,1.0,yes,"{""count_fp"":""1.00"",""created_time"":""2026-04-27T20:33:12.196237Z"",""no_price_dollars"":""0.4900"",""taker_side"":""yes"",""ticker"":""KXETH15M-26APR271645-45"",""trade_id"":""9a319a9d-8da8-4e97-e6aa-d1b64255478e"",""yes_price_dollars"":""0.5100""}"
KXETH15M-26APR271645-45,30b1bbed-e946-40ad-ec88-9d356a89dcc2,1777321992,0.53,10.0,yes,"{""count_fp"":""10.00"",""created_time"":""2026-04-27T20:33:12.196237Z"",""no_price_dollars"":""0.4700"",""taker_side"":""yes"",""ticker"":""KXETH15M-26APR271645-45"",""trade_id"":""30b1bbed-e946-40ad-ec88-9d356a89dcc2"",""yes_price_dollars"":""0.5300""}"
KXETH15M-26APR271645-45,5c7ae820-0c3f-4728-c8e9-f98e658d87b2,1777321994,0.49,0.18,no,"{""count_fp"":""0.18"",""created_time"":""2026-04-27T20:33:14.842427Z"",""no_price_dollars"":""0.5100"",""taker_side"":""no"",""ticker"":""KXETH15M-26APR271645-45"",""trade_id"":""5c7ae820-0c3f-4728-c8e9-f98e658d87b2"",""yes_price_dollars"":""0.4900""}"
KXETH15M-26APR271645-45,9fda7d2d-c286-532a-2272-730330ab8203,1777321997,0.54,16.27,yes,"{""count_fp"":""16.27"",""created_time"":""2026-04-27T20:33:17.978152Z"",""no_price_dollars"":""0.4600"",""taker_side"":""yes"",""ticker"":""KXETH15M-26APR271645-45"",""trade_id"":""9fda7d2d-c286-532a-2272-730330ab8203"",""yes_price_dollars"":""0.5400""}"
KXETH15M-26APR271645-45,9b2b8901-4919-5d75-2624-6a5f1f8c35fa,1777321997,0.53,10.0,yes,"{""count_fp"":""10.00"",""created_time"":""2026-04-27T20:33:17.978152Z"",""no_price_dollars"":""0.4700"",""taker_side"":""yes"",""ticker"":""KXETH15M-26APR271645-45"",""trade_id"":""9b2b8901-4919-5d75-2624-6a5f1f8c35fa"",""yes_price_dollars"":""0.5300""}"
KXETH15M-26APR271645-45,349c3dce-81c2-56fe-2192-ae1fe09c55ac,1777321997,0.52,1.0,yes,"{""count_fp"":""1.00"",""created_time"":""2026-04-27T20:33:17.978152Z"",""no_price_dollars"":""0.4800"",""taker_side"":""yes"",""ticker"":""KXETH15M-26APR271645-45"",""trade_id"":""349c3dce-81c2-56fe-2192-ae1fe09c55ac"",""yes_price_dollars"":""0.5200""}"
KXETH15M-26APR271645-45,da568919-3576-5f6a-7cd6-c34d198ce602,1777322004,0.53,1.0,yes,"{""count_fp"":""1.00"",""created_time"":""2026-04-27T20:33:24.504809Z"",""no_price_dollars"":""0.4700"",""taker_side"":""yes"",""ticker"":""KXETH15M-26APR271645-45"",""trade_id"":""da568919-3576-5f6a-7cd6-c34d198ce602"",""yes_price_dollars"":""0.5300""}"
KXETH15M-26APR271645-45,b89f209f-86ea-5a28-696a-7b5420805dea,1777322004,0.53,10.0,yes,"{""count_fp"":""10.00"",""created_time"":""2026-04-27T20:33:24.504809Z"",""no_price_dollars"":""0.4700"",""taker_side"":""yes"",""ticker"":""KXETH15M-26APR271645-45"",""trade_id"":""b89f209f-86ea-5a28-696a-7b5420805dea"",""yes_price_dollars"":""0.5300""}"
KXETH15M-26APR271645-45,91ae4ac1-73ce-5e4e-79da-7f1919c6ba70,1777322004,0.53,10.0,yes,"{""count_fp"":""10.00"",""created_time"":""2026-04-27T20:33:24.504809Z"",""no_price_dollars"":""0.4700"",""taker_side"":""yes"",""ticker"":""KXETH15M-26APR271645-45"",""trade_id"":""91ae4ac1-73ce-5e4e-79da-7f1919c6ba70"",""yes_price_dollars"":""0.5300""}"
KXETH15M-26APR271645-45,26e44e91-5f12-5bea-573a-13bc11032817,1777322004,0.54,6.27,yes,"{""count_fp"":""6.27"",""created_time"":""2026-04-27T20:33:24.504809Z"",""no_price_dollars"":""0.4600"",""taker_side"":""yes"",""ticker"":""KXETH15M-26APR271645-45"",""trade_id"":""26e44e91-5f12-5bea-573a-13bc11032817"",""yes_price_dollars"":""0.5400""}"
KXETH15M-26APR271645-45,fe5ac18e-db69-7811-d661-ceebed101bb8,1777322008,0.53,1.0,yes,"{""count_fp"":""1.00"",""created_time"":""2026-04-27T20:33:28.663233Z"",""no_price_dollars"":""0.4700"",""taker_side"":""yes"",""ticker"":""KXETH15M-26APR271645-45"",""trade_id"":""fe5ac18e-db69-7811-d661-ceebed101bb8"",""yes_price_dollars"":""0.5300""}"
KXETH15M-26APR271645-45,e978c75a-4130-7438-cd69-8200e05d1685,1777322008,0.53,2.0,yes,"{""count_fp"":""2.00"",""created_time"":""2026-04-27T20:33:28.663233Z"",""no_price_dollars"":""0.4700"",""taker_side"":""yes"",""ticker"":""KXETH15M-26APR271645-45"",""trade_id"":""e978c75a-4130-7438-cd69-8200e05d1685"",""yes_price_dollars"":""0.5300""}"
KXETH15M-26APR271645-45,d095b93b-5555-5b8b-a0fd-4fa44e67164a,1777322009,0.5,10.0,no,"{""count_fp"":""10.00"",""created_time"":""2026-04-27T20:33:29.556439Z"",""no_price_dollars"":""0.5000"",""taker_side"":""no"",""ticker"":""KXETH15M-26APR271645-45"",""trade_id"":""d095b93b-5555-5b8b-a0fd-4fa44e67164a"",""yes_price_dollars"":""0.5000""}"
KXETH15M-26APR271645-45,beff1dc4-476f-5d82-aa78-f52c799f8be7,1777322009,0.5,9.32,no,"{""count_fp"":""9.32"",""created_time"":""2026-04-27T20:33:29.556439Z"",""no_price_dollars"":""0.5000"",""taker_side"":""no"",""ticker"":""KXETH15M-26APR271645-45"",""trade_id"":""beff1dc4-476f-5d82-aa78-f52c799f8be7"",""yes_price_dollars"":""0.5000""}"
KXETH15M-26APR271645-45,d0e1fc13-8be9-6e3e-e318-81794d411b70,1777322011,0.45,1.0,no,"{""count_fp"":""1.00"",""created_time"":""2026-04-27T20:33:31.109425Z"",""no_price_dollars"":""0.5500"",""taker_side"":""no"",""ticker"":""KXETH15M-26APR271645-45"",""trade_id"":""d0e1fc13-8be9-6e3e-e318-81794d411b70"",""yes_price_dollars"":""0.4500""}"
KXETH15M-26APR271645-45,a738aa5c-ad45-4906-4f63-32bbbc9d9914,1777322015,0.45,2.0,no,"{""count_fp"":""2.00"",""created_time"":""2026-04-27T20:33:35.996998Z"",""no_price_dollars"":""0.5500"",""taker_side"":""no"",""ticker"":""KXETH15M-26APR271645-45"",""trade_id"":""a738aa5c-ad45-4906-4f63-32bbbc9d9914"",""yes_price_dollars"":""0.4500""}"
KXETH15M-26APR271645-45,5b913cdd-fb47-6523-8749-db860d1899ca,1777322016,0.5,3.0,yes,"{""count_fp"":""3.00"",""created_time"":""2026-04-27T20:33:36.664478Z"",""no_price_dollars"":""0.5000"",""taker_side"":""yes"",""ticker"":""KXETH15M-26APR271645-45"",""trade_id"":""5b913cdd-fb47-6523-8749-db860d1899ca"",""yes_price_dollars"":""0.5000""}"
KXETH15M-26APR271645-45,1d4c62d8-a171-7f43-2748-e3559dbc5e1d,1777322017,0.46,1.62,no,"{""count_fp"":""1.62"",""created_time"":""2026-04-27T20:33:37.310493Z"",""no_price_dollars"":""0.5400"",""taker_side"":""no"",""ticker"":""KXETH15M-26APR271645-45"",""trade_id"":""1d4c62d8-a171-7f43-2748-e3559dbc5e1d"",""yes_price_dollars"":""0.4600""}"
KXETH15M-26APR271645-45,fddc3ac5-def5-7772-99a1-e29446f8b681,1777322018,0.47,10.0,no,"{""count_fp"":""10.00"",""created_time"":""2026-04-27T20:33:38.230597Z"",""no_price_dollars"":""0.5300"",""taker_side"":""no"",""ticker"":""KXETH15M-26APR271645-45"",""trade_id"":""fddc3ac5-def5-7772-99a1-e29446f8b681"",""yes_price_dollars"":""0.4700""}"
KXETH15M-26APR271645-45,a90e411f-845b-78f2-b6e4-59ae8e8056e9,1777322018,0.47,49.93,no,"{""count_fp"":""49.93"",""created_time"":""2026-04-27T20:33:38.230597Z"",""no_price_dollars"":""0.5300"",""taker_side"":""no"",""ticker"":""KXETH15M-26APR271645-45"",""trade_id"":""a90e411f-845b-78f2-b6e4-59ae8e8056e9"",""yes_price_dollars"":""0.4700""}"
KXETH15M-26APR271645-45,d94f4406-31cc-47f5-1ad4-9619701b964f,1777322024,0.5,1.0,yes,"{""count_fp"":""1.00"",""created_time"":""2026-04-27T20:33:44.714464Z"",""no_price_dollars"":""0.5000"",""taker_side"":""yes"",""ticker"":""KXETH15M-26APR271645-45"",""trade_id"":""d94f4406-31cc-47f5-1ad4-9619701b964f"",""yes_price_dollars"":""0.5000""}"
KXETH15M-26APR271645-45,75e3556a-082e-4157-0a7e-aa10075dfbf3,1777322024,0.49,1.62,yes,"{""count_fp"":""1.62"",""created_time"":""2026-04-27T20:33:44.714464Z"",""no_price_dollars"":""0.5100"",""taker_side"":""yes"",""ticker"":""KXETH15M-26APR271645-45"",""trade_id"":""75e3556a-082e-4157-0a7e-aa10075dfbf3"",""yes_price_dollars"":""0.4900""}"
KXETH15M-26APR271645-45,094dc7ab-bd76-4e70-32c7-8504e4bdf5ef,1777322024,0.5,7.38,yes,"{""count_fp"":""7.38"",""created_time"":""2026-04-27T20:33:44.714464Z"",""no_price_dollars"":""0.5000"",""taker_side"":""yes"",""ticker"":""KXETH15M-26APR271645-45"",""trade_id"":""094dc7ab-bd76-4e70-32c7-8504e4bdf5ef"",""yes_price_dollars"":""0.5000""}"
KXETH15M-26APR271645-45,6eabc49d-c203-4ef2-c0b7-66c5993136b9,1777322025,0.46,7.94,no,"{""count_fp"":""7.94"",""created_time"":""2026-04-27T20:33:45.576468Z"",""no_price_dollars"":""0.5400"",""taker_side"":""no"",""ticker"":""KXETH15M-26APR271645-45"",""trade_id"":""6eabc49d-c203-4ef2-c0b7-66c5993136b9"",""yes_price_dollars"":""0.4600""}"
KXETH15M-26APR271645-45,6910ec30-fc60-47fc-c9f4-6c3334d7c418,1777322025,0.46,10.0,no,"{""count_fp"":""10.00"",""created_time"":""2026-04-27T20:33:45.576468Z"",""no_price_dollars"":""0.5400"",""taker_side"":""no"",""ticker"":""KXETH15M-26APR271645-45"",""trade_id"":""6910ec30-fc60-47fc-c9f4-6c3334d7c418"",""yes_price_dollars"":""0.4600""}"
KXETH15M-26APR271645-45,1f99c126-5c46-79aa-3ac6-0f72c2ec7bd3,1777322027,0.51,1.0,yes,"{""count_fp"":""1.00"",""created_time"":""2026-04-27T20:33:47.752693Z"",""no_price_dollars"":""0.4900"",""taker_side"":""yes"",""ticker"":""KXETH15M-26APR271645-45"",""trade_id"":""1f99c126-5c46-79aa-3ac6-0f72c2ec7bd3"",""yes_price_dollars"":""0.5100""}"
KXETH15M-26APR271645-45,1c5568f4-7f31-55b6-36a5-ca6c42b61a98,1777322027,0.45,76.94,no,"{""count_fp"":""76.94"",""created_time"":""2026-04-27T20:33:47.320465Z"",""no_price_dollars"":""0.5500"",""taker_side"":""no"",""ticker"":""KXETH15M-26APR271645-45"",""trade_id"":""1c5568f4-7f31-55b6-36a5-ca6c42b61a98"",""yes_price_dollars"":""0.4500""}"
KXETH15M-26APR271645-45,8aaa6c87-f7a9-494a-6a65-b8b87662c034,1777322029,0.45,8.81,no,"{""count_fp"":""8.81"",""created_time"":""2026-04-27T20:33:49.389618Z"",""no_price_dollars"":""0.5500"",""taker_side"":""no"",""ticker"":""KXETH15M-26APR271645-45"",""trade_id"":""8aaa6c87-f7a9-494a-6a65-b8b87662c034"",""yes_price_dollars"":""0.4500""}"
KXETH15M-26APR271645-45,c47b9d37-0526-5a8e-8406-7da438ee3777,1777322033,0.51,1.89,yes,"{""count_fp"":""1.89"",""created_time"":""2026-04-27T20:33:53.666897Z"",""no_price_dollars"":""0.4900"",""taker_side"":""yes"",""ticker"":""KXETH15M-26APR271645-45"",""trade_id"":""c47b9d37-0526-5a8e-8406-7da438ee3777"",""yes_price_dollars"":""0.5100""}"
KXETH15M-26APR271645-45,84dbd600-292b-51e4-0bf7-017f444bfb27,1777322045,0.5,1.89,yes,"{""count_fp"":""1.89"",""created_time"":""2026-04-27T20:34:05.021428Z"",""no_price_dollars"":""0.5000"",""taker_side"":""yes"",""ticker"":""KXETH15M-26APR271645-45"",""trade_id"":""84dbd600-292b-51e4-0bf7-017f444bfb27"",""yes_price_dollars"":""0.5000""}"
KXETH15M-26APR271645-45,6062cacd-e7f9-498f-4645-54527a2dd372,1777322051,0.52,5.0,yes,"{""count_fp"":""5.00"",""created_time"":""2026-04-27T20:34:11.157348Z"",""no_price_dollars"":""0.4800"",""taker_side"":""yes"",""ticker"":""KXETH15M-26APR271645-45"",""trade_id"":""6062cacd-e7f9-498f-4645-54527a2dd372"",""yes_price_dollars"":""0.5200""}"
KXETH15M-26APR271645-45,dad44c1a-4d71-64c2-6f7f-3d6d568d7fa1,1777322051,0.51,10.0,yes,"{""count_fp"":""10.00"",""created_time"":""2026-04-27T20:34:11.137203Z"",""no_price_dollars"":""0.4900"",""taker_side"":""yes"",""ticker"":""KXETH15M-26APR271645-45"",""trade_id"":""dad44c1a-4d71-64c2-6f7f-3d6d568d7fa1"",""yes_price_dollars"":""0.5100""}"
KXETH15M-26APR271645-45,ba623491-b5f7-6bca-e1dc-34e4e27c210d,1777322060,0.54,1.0,yes,"{""count_fp"":""1.00"",""created_time"":""2026-04-27T20:34:20.799856Z"",""no_price_dollars"":""0.4600"",""taker_side"":""yes"",""ticker"":""KXETH15M-26APR271645-45"",""trade_id"":""ba623491-b5f7-6bca-e1dc-34e4e27c210d"",""yes_price_dollars"":""0.5400""}"
KXETH15M-26APR271645-45,9cf12865-aca1-6f9f-f78d-8c8da5d79f2e,1777322060,0.54,7.97,yes,"{""count_fp"":""7.97"",""created_time"":""2026-04-27T20:34:20.799856Z"",""no_price_dollars"":""0.4600"",""taker_side"":""yes"",""ticker"":""KXETH15M-26APR271645-45"",""trade_id"":""9cf12865-aca1-6f9f-f78d-8c8da5d79f2e"",""yes_price_dollars"":""0.5400""}"
KXETH15M-26APR271645-45,4c217cc3-6ff1-7ce4-88cf-69f0049992c4,1777322074,0.55,1.0,yes,"{""count_fp"":""1.00"",""created_time"":""2026-04-27T20:34:34.812604Z"",""no_price_dollars"":""0.4500"",""taker_side"":""yes"",""ticker"":""KXETH15M-26APR271645-45"",""trade_id"":""4c217cc3-6ff1-7ce4-88cf-69f0049992c4"",""yes_price_dollars"":""0.5500""}"
KXETH15M-26APR271645-45,d817fa3e-819f-5dae-f37a-d530beec3a41,1777322078,0.53,19.51,no,"{""count_fp"":""19.51"",""created_time"":""2026-04-27T20:34:38.906054Z"",""no_price_dollars"":""0.4700"",""taker_side"":""no"",""ticker"":""KXETH15M-26APR271645-45"",""trade_id"":""d817fa3e-819f-5dae-f37a-d530beec3a41"",""yes_price_dollars"":""0.5300""}"
KXETH15M-26APR271645-45,3a75264c-6407-59ef-fc0b-747a8b6cb839,1777322078,0.53,1.0,no,"{""count_fp"":""1.00"",""created_time"":""2026-04-27T20:34:38.906054Z"",""no_price_dollars"":""0.4700"",""taker_side"":""no"",""ticker"":""KXETH15M-26APR271645-45"",""trade_id"":""3a75264c-6407-59ef-fc0b-747a8b6cb839"",""yes_price_dollars"":""0.5300""}"
KXETH15M-26APR271645-45,cd25e6f8-f4fb-7e29-04f9-8f89836894b6,1777322082,0.54,1.0,yes,"{""count_fp"":""1.00"",""created_time"":""2026-04-27T20:34:42.920267Z"",""no_price_dollars"":""0.4600"",""taker_side"":""yes"",""ticker"":""KXETH15M-26APR271645-45"",""trade_id"":""cd25e6f8-f4fb-7e29-04f9-8f89836894b6"",""yes_price_dollars"":""0.5400""}"
KXETH15M-26APR271645-45,4263914b-eff9-7e07-3124-9923207aff32,1777322082,0.54,0.76,yes,"{""count_fp"":""0.76"",""created_time"":""2026-04-27T20:34:42.920267Z"",""no_price_dollars"":""0.4600"",""taker_side"":""yes"",""ticker"":""KXETH15M-26APR271645-45"",""trade_id"":""4263914b-eff9-7e07-3124-9923207aff32"",""yes_price_dollars"":""0.5400""}"
KXETH15M-26APR271645-45,5e69567c-4442-5a65-f3e0-4df5e41fd7d3,1777322087,0.52,6.89,no,"{""count_fp"":""6.89"",""created_time"":""2026-04-27T20:34:47.006383Z"",""no_price_dollars"":""0.4800"",""taker_side"":""no"",""ticker"":""KXETH15M-26APR271645-45"",""trade_id"":""5e69567c-4442-5a65-f3e0-4df5e41fd7d3"",""yes_price_dollars"":""0.5200""}"
KXETH15M-26APR271645-45,16ea9f99-ba6b-593e-d1a6-783bf05148d9,1777322087,0.52,97.11,no,"{""count_fp"":""97.11"",""created_time"":""2026-04-27T20:34:47.006383Z"",""no_price_dollars"":""0.4800"",""taker_side"":""no"",""ticker"":""KXETH15M-26APR271645-45"",""trade_id"":""16ea9f99-ba6b-593e-d1a6-783bf05148d9"",""yes_price_dollars"":""0.5200""}"
KXETH15M-26APR271645-45,49824469-83b1-6dae-3d93-bb2146fa167d,1777322090,0.54,5.0,yes,"{""count_fp"":""5.00"",""created_time"":""2026-04-27T20:34:50.041103Z"",""no_price_dollars"":""0.4600"",""taker_side"":""yes"",""ticker"":""KXETH15M-26APR271645-45"",""trade_id"":""49824469-83b1-6dae-3d93-bb2146fa167d"",""yes_price_dollars"":""0.5400""}"
KXETH15M-26APR271645-45,2647b3dc-d9e5-670f-2d7b-5e6b6a6f722e,1777322090,0.54,12.62,yes,"{""count_fp"":""12.62"",""created_time"":""2026-04-27T20:34:50.041103Z"",""no_price_dollars"":""0.4600"",""taker_side"":""yes"",""ticker"":""KXETH15M-26APR271645-45"",""trade_id"":""2647b3dc-d9e5-670f-2d7b-5e6b6a6f722e"",""yes_price_dollars"":""0.5400""}"
KXETH15M-26APR271645-45,f29f0289-5d7a-612b-9d6b-fe44b4f220f6,1777322093,0.54,5.0,no,"{""count_fp"":""5.00"",""created_time"":""2026-04-27T20:34:53.456136Z"",""no_price_dollars"":""0.4600"",""taker_side"":""no"",""ticker"":""KXETH15M-26APR271645-45"",""trade_id"":""f29f0289-5d7a-612b-9d6b-fe44b4f220f6"",""yes_price_dollars"":""0.5400""}"
KXETH15M-26APR271645-45,3d813b1c-0cdf-663c-91da-2e07aee3c3a0,1777322093,0.54,5.0,no,"{""count_fp"":""5.00"",""created_time"":""2026-04-27T20:34:53.456136Z"",""no_price_dollars"":""0.4600"",""taker_side"":""no"",""ticker"":""KXETH15M-26APR271645-45"",""trade_id"":""3d813b1c-0cdf-663c-91da-2e07aee3c3a0"",""yes_price_dollars"":""0.5400""}"
KXETH15M-26APR271645-45,6601900c-c32f-5702-daa6-9ceef6b4362c,1777322095,0.54,36.22,no,"{""count_fp"":""36.22"",""created_time"":""2026-04-27T20:34:55.191802Z"",""no_price_dollars"":""0.4600"",""taker_side"":""no"",""ticker"":""KXETH15M-26APR271645-45"",""trade_id"":""6601900c-c32f-5702-daa6-9ceef6b4362c"",""yes_price_dollars"":""0.5400""}"
KXETH15M-26APR271645-45,53d862a7-404f-5b90-f5ab-47cb858fa1ec,1777322095,0.54,95.0,no,"{""count_fp"":""95.00"",""created_time"":""2026-04-27T20:34:55.191802Z"",""no_price_dollars"":""0.4600"",""taker_side"":""no"",""ticker"":""KXETH15M-26APR271645-45"",""trade_id"":""53d862a7-404f-5b90-f5ab-47cb858fa1ec"",""yes_price_dollars"":""0.5400""}"
KXETH15M-26APR271645-45,29c92946-b984-5963-bfa3-2a0eb643356f,1777322096,0.58,0.21,yes,"{""count_fp"":""0.21"",""created_time"":""2026-04-27T20:34:56.695896Z"",""no_price_dollars"":""0.4200"",""taker_side"":""yes"",""ticker"":""KXETH15M-26APR271645-45"",""trade_id"":""29c92946-b984-5963-bfa3-2a0eb643356f"",""yes_price_dollars"":""0.5800""}"
KXETH15M-26APR271645-45,c28efd92-4d87-4283-8bd5-3b104bc23115,1777322098,0.59,3.27,yes,"{""count_fp"":""3.27"",""created_time"":""2026-04-27T20:34:58.890245Z"",""no_price_dollars"":""0.4100"",""taker_side"":""yes"",""ticker"":""KXETH15M-26APR271645-45"",""trade_id"":""c28efd92-4d87-4283-8bd5-3b104bc23115"",""yes_price_dollars"":""0.5900""}"
KXETH15M-26APR271645-45,9db0e9da-f9b7-4af2-9077-e620e50ccdb8,1777322100,0.54,6.28,no,"{""count_fp"":""6.28"",""created_time"":""2026-04-27T20:35:00.537809Z"",""no_price_dollars"":""0.4600"",""taker_side"":""no"",""ticker"":""KXETH15M-26APR271645-45"",""trade_id"":""9db0e9da-f9b7-4af2-9077-e620e50ccdb8"",""yes_price_dollars"":""0.5400""}"
KXETH15M-26APR271645-45,5eabe89b-ab4b-5439-f351-5b7081b03819,1777322104,0.58,1.0,yes,"{""count_fp"":""1.00"",""created_time"":""2026-04-27T20:35:04.611622Z"",""no_price_dollars"":""0.4200"",""taker_side"":""yes"",""ticker"":""KXETH15M-26APR271645-45"",""trade_id"":""5eabe89b-ab4b-5439-f351-5b7081b03819"",""yes_price_dollars"":""0.5800""}"
KXETH15M-26APR271645-45,541159b7-192b-5207-fabd-a72271e271b7,1777322104,0.58,5.0,yes,"{""count_fp"":""5.00"",""created_time"":""2026-04-27T20:35:04.611622Z"",""no_price_dollars"":""0.4200"",""taker_side"":""yes"",""ticker"":""KXETH15M-26APR271645-45"",""trade_id"":""541159b7-192b-5207-fabd-a72271e271b7"",""yes_price_dollars"":""0.5800""}"
KXETH15M-26APR271645-45,3f1360dd-5a56-5dbf-d8ce-8bdb96669720,1777322104,0.58,9.76,yes,"{""count_fp"":""9.76"",""created_time"":""2026-04-27T20:35:04.611622Z"",""no_price_dollars"":""0.4200"",""taker_side"":""yes"",""ticker"":""KXETH15M-26APR271645-45"",""trade_id"":""3f1360dd-5a56-5dbf-d8ce-8bdb96669720"",""yes_price_dollars"":""0.5800""}"
KXETH15M-26APR271645-45,1395ccb8-ae4f-581b-c9a3-7c934b856e29,1777322104,0.59,35.19,yes,"{""count_fp"":""35.19"",""created_time"":""2026-04-27T20:35:04.611622Z"",""no_price_dollars"":""0.4100"",""taker_side"":""yes"",""ticker"":""KXETH15M-26APR271645-45"",""trade_id"":""1395ccb8-ae4f-581b-c9a3-7c934b856e29"",""yes_price_dollars"":""0.5900""}"
KXETH15M-26APR271645-45,134634ef-d2e9-55bf-c513-cbce48d3437e,1777322104,0.58,8.98,yes,"{""count_fp"":""8.98"",""created_time"":""2026-04-27T20:35:04.611622Z"",""no_price_dollars"":""0.4200"",""taker_side"":""yes"",""ticker"":""KXETH15M-26APR271645-45"",""trade_id"":""134634ef-d2e9-55bf-c513-cbce48d3437e"",""yes_price_dollars"":""0.5800""}"
KXETH15M-26APR271645-45,6c9abb9f-19d2-6812-79a0-48b2fd212111,1777322104,0.58,6.71,yes,"{""count_fp"":""6.71"",""created_time"":""2026-04-27T20:35:04.245611Z"",""no_price_dollars"":""0.4200"",""taker_side"":""yes"",""ticker"":""KXETH15M-26APR271645-45"",""trade_id"":""6c9abb9f-19d2-6812-79a0-48b2fd212111"",""yes_price_dollars"":""0.5800""}"
KXETH15M-26APR271645-45,e250a907-1ea5-4ef7-0ce1-efff5e34c1e2,1777322104,0.57,3.0,yes,"{""count_fp"":""3.00"",""created_time"":""2026-04-27T20:35:04.011363Z"",""no_price_dollars"":""0.4300"",""taker_side"":""yes"",""ticker"":""KXETH15M-26APR271645-45"",""trade_id"":""e250a907-1ea5-4ef7-0ce1-efff5e34c1e2"",""yes_price_dollars"":""0.5700""}"
KXETH15M-26APR271645-45,09806089-143f-40f9-37a7-64a640a95674,1777322104,0.57,1.0,yes,"{""count_fp"":""1.00"",""created_time"":""2026-04-27T20:35:04.011363Z"",""no_price_dollars"":""0.4300"",""taker_side"":""yes"",""ticker"":""KXETH15M-26APR271645-45"",""trade_id"":""09806089-143f-40f9-37a7-64a640a95674"",""yes_price_dollars"":""0.5700""}"
KXETH15M-26APR271645-45,e5599b47-05a8-4489-8235-ad5f066adf0b,1777322110,0.57,1.0,no,"{""count_fp"":""1.00"",""created_time"":""2026-04-27T20:35:10.037186Z"",""no_price_dollars"":""0.4300"",""taker_side"":""no"",""ticker"":""KXETH15M-26APR271645-45"",""trade_id"":""e5599b47-05a8-4489-8235-ad5f066adf0b"",""yes_price_dollars"":""0.5700""}"
KXETH15M-26APR271645-45,45009a0d-5bdc-505a-3f9d-92e9d9f7ff5f,1777322116,0.56,12.77,no,"{""count_fp"":""12.77"",""created_time"":""2026-04-27T20:35:16.879534Z"",""no_price_dollars"":""0.4400"",""taker_side"":""no"",""ticker"":""KXETH15M-26APR271645-45"",""trade_id"":""45009a0d-5bdc-505a-3f9d-92e9d9f7ff5f"",""yes_price_dollars"":""0.5600""}"
KXETH15M-26APR271645-45,2b64dfdf-6eb0-5e5d-2b1b-45d8e3cfa227,1777322116,0.57,9.0,no,"{""count_fp"":""9.00"",""created_time"":""2026-04-27T20:35:16.879534Z"",""no_price_dollars"":""0.4300"",""taker_side"":""no"",""ticker"":""KXETH15M-26APR271645-45"",""trade_id"":""2b64dfdf-6eb0-5e5d-2b1b-45d8e3cfa227"",""yes_price_dollars"":""0.5700""}"
KXETH15M-26APR271645-45,ffe3c983-0dc5-4f59-257b-0ffbebdd2faf,1777322121,0.55,1.0,no,"{""count_fp"":""1.00"",""created_time"":""2026-04-27T20:35:21.208704Z"",""no_price_dollars"":""0.4500"",""taker_side"":""no"",""ticker"":""KXETH15M-26APR271645-45"",""trade_id"":""ffe3c983-0dc5-4f59-257b-0ffbebdd2faf"",""yes_price_dollars"":""0.5500""}"
KXETH15M-26APR271645-45,4436a9bf-beb0-4dda-1479-e904c22fce67,1777322121,0.55,0.89,no,"{""count_fp"":""0.89"",""created_time"":""2026-04-27T20:35:21.208704Z"",""no_price_dollars"":""0.4500"",""taker_side"":""no"",""ticker"":""KXETH15M-26APR271645-45"",""trade_id"":""4436a9bf-beb0-4dda-1479-e904c22fce67"",""yes_price_dollars"":""0.5500""}"
KXETH15M-26APR271645-45,a95b4e70-47fc-5787-52ea-ef3d240f143b,1777322132,0.57,4.0,yes,"{""count_fp"":""4.00"",""created_time"":""2026-04-27T20:35:32.449771Z"",""no_price_dollars"":""0.4300"",""taker_side"":""yes"",""ticker"":""KXETH15M-26APR271645-45"",""trade_id"":""a95b4e70-47fc-5787-52ea-ef3d240f143b"",""yes_price_dollars"":""0.5700""}"
KXETH15M-26APR271645-45,90c7399f-4d0c-7c6a-e60c-16e182051f4b,1777322135,0.57,10.0,yes,"{""count_fp"":""10.00"",""created_time"":""2026-04-27T20:35:35.818447Z"",""no_price_dollars"":""0.4300"",""taker_side"":""yes"",""ticker"":""KXETH15M-26APR271645-45"",""trade_id"":""90c7399f-4d0c-7c6a-e60c-16e182051f4b"",""yes_price_dollars"":""0.5700""}"
KXETH15M-26APR271645-45,7d94d5ec-aaef-7b64-da09-b279775b1925,1777322135,0.56,10.0,yes,"{""count_fp"":""10.00"",""created_time"":""2026-04-27T20:35:35.818447Z"",""no_price_dollars"":""0.4400"",""taker_side"":""yes"",""ticker"":""KXETH15M-26APR271645-45"",""trade_id"":""7d94d5ec-aaef-7b64-da09-b279775b1925"",""yes_price_dollars"":""0.5600""}"
KXETH15M-26APR271645-45,957cfbb6-3872-5c12-78ad-6011521d0f2b,1777322140,0.58,5.0,yes,"{""count_fp"":""5.00"",""created_time"":""2026-04-27T20:35:40.619746Z"",""no_price_dollars"":""0.4200"",""taker_side"":""yes"",""ticker"":""KXETH15M-26APR271645-45"",""trade_id"":""957cfbb6-3872-5c12-78ad-6011521d0f2b"",""yes_price_dollars"":""0.5800""}"
KXETH15M-26APR271645-45,805935dd-7e18-5676-99c0-81277a3fd5df,1777322147,0.58,50.0,yes,"{""count_fp"":""50.00"",""created_time"":""2026-04-27T20:35:47.068252Z"",""no_price_dollars"":""0.4200"",""taker_side"":""yes"",""ticker"":""KXETH15M-26APR271645-45"",""trade_id"":""805935dd-7e18-5676-99c0-81277a3fd5df"",""yes_price_dollars"":""0.5800""}"
KXETH15M-26APR271645-45,6bf2f614-f113-534b-b9b5-36f7ebf57e04,1777322147,0.58,10.0,yes,"{""count_fp"":""10.00"",""created_time"":""2026-04-27T20:35:47.068252Z"",""no_price_dollars"":""0.4200"",""taker_side"":""yes"",""ticker"":""KXETH15M-26APR271645-45"",""trade_id"":""6bf2f614-f113-534b-b9b5-36f7ebf57e04"",""yes_price_dollars"":""0.5800""}"
KXETH15M-26APR271645-45,50d55b9f-edc3-5f5b-9fda-16d34b675365,1777322147,0.59,11.54,yes,"{""count_fp"":""11.54"",""created_time"":""2026-04-27T20:35:47.068252Z"",""no_price_dollars"":""0.4100"",""taker_side"":""yes"",""ticker"":""KXETH15M-26APR271645-45"",""trade_id"":""50d55b9f-edc3-5f5b-9fda-16d34b675365"",""yes_price_dollars"":""0.5900""}"
KXETH15M-26APR271645-45,12618077-ae9e-5695-a5bd-f392fd2cdee0,1777322147,0.59,94.18,yes,"{""count_fp"":""94.18"",""created_time"":""2026-04-27T20:35:47.068252Z"",""no_price_dollars"":""0.4100"",""taker_side"":""yes"",""ticker"":""KXETH15M-26APR271645-45"",""trade_id"":""12618077-ae9e-5695-a5bd-f392fd2cdee0"",""yes_price_dollars"":""0.5900""}"
KXETH15M-26APR271645-45,216effd8-6dda-6a95-5b45-4cfb7d902604,1777322148,0.59,3.0,yes,"{""count_fp"":""3.00"",""created_time"":""2026-04-27T20:35:48.368448Z"",""no_price_dollars"":""0.4100"",""taker_side"":""yes"",""ticker"":""KXETH15M-26APR271645-45"",""trade_id"":""216effd8-6dda-6a95-5b45-4cfb7d902604"",""yes_price_dollars"":""0.5900""}"
KXETH15M-26APR271645-45,8ddf72de-b5f2-4ce5-e822-e8dd315b5127,1777322151,0.58,3.29,yes,"{""count_fp"":""3.29"",""created_time"":""2026-04-27T20:35:51.347638Z"",""no_price_dollars"":""0.4200"",""taker_side"":""yes"",""ticker"":""KXETH15M-26APR271645-45"",""trade_id"":""8ddf72de-b5f2-4ce5-e822-e8dd315b5127"",""yes_price_dollars"":""0.5800""}"
KXETH15M-26APR271645-45,0d20997f-0b34-445a-8310-7eafd546a177,1777322160,0.54,1.0,no,"{""count_fp"":""1.00"",""created_time"":""2026-04-27T20:36:00.938795Z"",""no_price_dollars"":""0.4600"",""taker_side"":""no"",""ticker"":""KXETH15M-26APR271645-45"",""trade_id"":""0d20997f-0b34-445a-8310-7eafd546a177"",""yes_price_dollars"":""0.5400""}"
KXETH15M-26APR271645-45,ab3bbec6-5aed-5af0-5414-b4bce6f2a043,1777322165,0.55,3.52,yes,"{""count_fp"":""3.52"",""created_time"":""2026-04-27T20:36:05.138379Z"",""no_price_dollars"":""0.4500"",""taker_side"":""yes"",""ticker"":""KXETH15M-26APR271645-45"",""trade_id"":""ab3bbec6-5aed-5af0-5414-b4bce6f2a043"",""yes_price_dollars"":""0.5500""}"
KXETH15M-26APR271645-45,aea865d3-bc91-4d1c-7c96-7fa38cc60493,1777322170,0.55,0.48,yes,"{""count_fp"":""0.48"",""created_time"":""2026-04-27T20:36:10.935689Z"",""no_price_dollars"":""0.4500"",""taker_side"":""yes"",""ticker"":""KXETH15M-26APR271645-45"",""trade_id"":""aea865d3-bc91-4d1c-7c96-7fa38cc60493"",""yes_price_dollars"":""0.5500""}"
KXETH15M-26APR271645-45,0a196bc0-4b43-4d2c-6ae4-093f51053d44,1777322170,0.58,2.88,yes,"{""count_fp"":""2.88"",""created_time"":""2026-04-27T20:36:10.935689Z"",""no_price_dollars"":""0.4200"",""taker_side"":""yes"",""ticker"":""KXETH15M-26APR271645-45"",""trade_id"":""0a196bc0-4b43-4d2c-6ae4-093f51053d44"",""yes_price_dollars"":""0.5800""}"
KXETH15M-26APR271645-45,15a80f5a-04a7-44da-72d2-333a79786158,1777322179,0.56,20.22,no,"{""count_fp"":""20.22"",""created_time"":""2026-04-27T20:36:19.239313Z"",""no_price_dollars"":""0.4400"",""taker_side"":""no"",""ticker"":""KXETH15M-26APR271645-45"",""trade_id"":""15a80f5a-04a7-44da-72d2-333a79786158"",""yes_price_dollars"":""0.5600""}"
KXETH15M-26APR271645-45,d7277a3a-1643-77f3-9867-35a8cf9fbece,1777322185,0.56,1.0,no,"{""count_fp"":""1.00"",""created_time"":""2026-04-27T20:36:25.453857Z"",""no_price_dollars"":""0.4400"",""taker_side"":""no"",""ticker"":""KXETH15M-26APR271645-45"",""trade_id"":""d7277a3a-1643-77f3-9867-35a8cf9fbece"",""yes_price_dollars"":""0.5600""}"
KXETH15M-26APR271645-45,96974f44-8674-5535-be18-3aed95542961,1777322187,0.59,10.0,yes,"{""count_fp"":""10.00"",""created_time"":""2026-04-27T20:36:27.347253Z"",""no_price_dollars"":""0.4100"",""taker_side"":""yes"",""ticker"":""KXETH15M-26APR271645-45"",""trade_id"":""96974f44-8674-5535-be18-3aed95542961"",""yes_price_dollars"":""0.5900""}"
KXETH15M-26APR271645-45,248f1cd3-2f4f-5168-b3cf-7267a9ff5d20,1777322187,0.59,49.88,yes,"{""count_fp"":""49.88"",""created_time"":""2026-04-27T20:36:27.347253Z"",""no_price_dollars"":""0.4100"",""taker_side"":""yes"",""ticker"":""KXETH15M-26APR271645-45"",""trade_id"":""248f1cd3-2f4f-5168-b3cf-7267a9ff5d20"",""yes_price_dollars"":""0.5900""}"
KXETH15M-26APR271645-45,1afc88bd-af10-5156-8669-576ed664f6e2,1777322187,0.6,5.0,yes,"{""count_fp"":""5.00"",""created_time"":""2026-04-27T20:36:27.347253Z"",""no_price_dollars"":""0.4000"",""taker_side"":""yes"",""ticker"":""KXETH15M-26APR271645-45"",""trade_id"":""1afc88bd-af10-5156-8669-576ed664f6e2"",""yes_price_dollars"":""0.6000""}"
KXETH15M-26APR271645-45,017676ea-da32-554d-9269-39ecd5209ae2,1777322187,0.61,4.51,yes,"{""count_fp"":""4.51"",""created_time"":""2026-04-27T20:36:27.347253Z"",""no_price_dollars"":""0.3900"",""taker_side"":""yes"",""ticker"":""KXETH15M-26APR271645-45"",""trade_id"":""017676ea-da32-554d-9269-39ecd5209ae2"",""yes_price_dollars"":""0.6100""}"
KXETH15M-26APR271645-45,7307b205-c49c-5796-386d-a8ee6a173e9b,1777322191,0.57,100.0,no,"{""count_fp"":""100.00"",""created_time"":""2026-04-27T20:36:31.620419Z"",""no_price_dollars"":""0.4300"",""taker_side"":""no"",""ticker"":""KXETH15M-26APR271645-45"",""trade_id"":""7307b205-c49c-5796-386d-a8ee6a173e9b"",""yes_price_dollars"":""0.5700""}"
KXETH15M-26APR271645-45,3d7993bb-5e1c-5e6c-3044-2dba263794bb,1777322191,0.57,10.0,no,"{""count_fp"":""10.00"",""created_time"":""2026-04-27T20:36:31.620419Z"",""no_price_dollars"":""0.4300"",""taker_side"":""no"",""ticker"":""KXETH15M-26APR271645-45"",""trade_id"":""3d7993bb-5e1c-5e6c-3044-2dba263794bb"",""yes_price_dollars"":""0.5700""}"
KXETH15M-26APR271645-45,b40cfa76-668e-57f9-2014-6bee06f08929,1777322207,0.55,1.0,no,"{""count_fp"":""1.00"",""created_time"":""2026-04-27T20:36:47.201951Z"",""no_price_dollars"":""0.4500"",""taker_side"":""no"",""ticker"":""KXETH15M-26APR271645-45"",""trade_id"":""b40cfa76-668e-57f9-2014-6bee06f08929"",""yes_price_dollars"":""0.5500""}"
KXETH15M-26APR271645-45,229a332f-5e0b-5e63-1a2b-f1f0c6c81e74,1777322207,0.55,0.06,no,"{""count_fp"":""0.06"",""created_time"":""2026-04-27T20:36:47.201951Z"",""no_price_dollars"":""0.4500"",""taker_side"":""no"",""ticker"":""KXETH15M-26APR271645-45"",""trade_id"":""229a332f-5e0b-5e63-1a2b-f1f0c6c81e74"",""yes_price_dollars"":""0.5500""}"
KXETH15M-26APR271645-45,927dce3e-3869-477b-cab6-fd21bf480598,1777322214,0.53,2.0,no,"{""count_fp"":""2.00"",""created_time"":""2026-04-27T20:36:54.087628Z"",""no_price_dollars"":""0.4700"",""taker_side"":""no"",""ticker"":""KXETH15M-26APR271645-45"",""trade_id"":""927dce3e-3869-477b-cab6-fd21bf480598"",""yes_price_dollars"":""0.5300""}"
KXETH15M-26APR271645-45,ff24c58b-437b-5e0b-7913-2772439c3a6f,1777322215,0.56,2.18,yes,"{""count_fp"":""2.18"",""created_time"":""2026-04-27T20:36:55.165642Z"",""no_price_dollars"":""0.4400"",""taker_side"":""yes"",""ticker"":""KXETH15M-26APR271645-45"",""trade_id"":""ff24c58b-437b-5e0b-7913-2772439c3a6f"",""yes_price_dollars"":""0.5600""}"
KXETH15M-26APR271645-45,bde05400-0c4f-6fb3-c5d5-0323988fc7e3,1777322219,0.57,6.74,yes,"{""count_fp"":""6.74"",""created_time"":""2026-04-27T20:36:59.171809Z"",""no_price_dollars"":""0.4300"",""taker_side"":""yes"",""ticker"":""KXETH15M-26APR271645-45"",""trade_id"":""bde05400-0c4f-6fb3-c5d5-0323988fc7e3"",""yes_price_dollars"":""0.5700""}"
KXETH15M-26APR271645-45,9e944787-653c-66b0-c840-65f4dee08eb2,1777322219,0.57,10.0,yes,"{""count_fp"":""10.00"",""created_time"":""2026-04-27T20:36:59.171809Z"",""no_price_dollars"":""0.4300"",""taker_side"":""yes"",""ticker"":""KXETH15M-26APR271645-45"",""trade_id"":""9e944787-653c-66b0-c840-65f4dee08eb2"",""yes_price_dollars"":""0.5700""}"
KXETH15M-26APR271645-45,387d24d8-edc1-41ff-f96d-2f77adc25158,1777322221,0.56,4.0,no,"{""count_fp"":""4.00"",""created_time"":""2026-04-27T20:37:01.753644Z"",""no_price_dollars"":""0.4400"",""taker_side"":""no"",""ticker"":""KXETH15M-26APR271645-45"",""trade_id"":""387d24d8-edc1-41ff-f96d-2f77adc25158"",""yes_price_dollars"":""0.5600""}"
KXETH15M-26APR271645-45,db47db8a-87c1-5683-f668-e5c0dce1ab90,1777322232,0.56,1.95,no,"{""count_fp"":""1.95"",""created_time"":""2026-04-27T20:37:12.242819Z"",""no_price_dollars"":""0.4400"",""taker_side"":""no"",""ticker"":""KXETH15M-26APR271645-45"",""trade_id"":""db47db8a-87c1-5683-f668-e5c0dce1ab90"",""yes_price_dollars"":""0.5600""}"
KXETH15M-26APR271645-45,9cda470d-840d-68b3-e784-697c82c8a008,1777322232,0.56,2.0,no,"{""count_fp"":""2.00"",""created_time"":""2026-04-27T20:37:12.187126Z"",""no_price_dollars"":""0.4400"",""taker_side"":""no"",""ticker"":""KXETH15M-26APR271645-45"",""trade_id"":""9cda470d-840d-68b3-e784-697c82c8a008"",""yes_price_dollars"":""0.5600""}"
KXETH15M-26APR271645-45,f85c8fc2-a3e2-4ca4-b6b1-a709cfd0e20c,1777322233,0.58,0.08,yes,"{""count_fp"":""0.08"",""created_time"":""2026-04-27T20:37:13.636722Z"",""no_price_dollars"":""0.4200"",""taker_side"":""yes"",""ticker"":""KXETH15M-26APR271645-45"",""trade_id"":""f85c8fc2-a3e2-4ca4-b6b1-a709cfd0e20c"",""yes_price_dollars"":""0.5800""}"
KXETH15M-26APR271645-45,7e495b80-3cbe-69ec-7e44-0716da6e4810,1777322233,0.58,149.92,yes,"{""count_fp"":""149.92"",""created_time"":""2026-04-27T20:37:13.632555Z"",""no_price_dollars"":""0.4200"",""taker_side"":""yes"",""ticker"":""KXETH15M-26APR271645-45"",""trade_id"":""7e495b80-3cbe-69ec-7e44-0716da6e4810"",""yes_price_dollars"":""0.5800""}"
KXETH15M-26APR271645-45,37c7db70-a724-6474-7edd-d29483373915,1777322233,0.58,10.0,yes,"{""count_fp"":""10.00"",""created_time"":""2026-04-27T20:37:13.632555Z"",""no_price_dollars"":""0.4200"",""taker_side"":""yes"",""ticker"":""KXETH15M-26APR271645-45"",""trade_id"":""37c7db70-a724-6474-7edd-d29483373915"",""yes_price_dollars"":""0.5800""}"
KXETH15M-26APR271645-45,376d3b84-bc0f-6c0b-7481-d3003e44b4c7,1777322233,0.58,51.08,yes,"{""count_fp"":""51.08"",""created_time"":""2026-04-27T20:37:13.632555Z"",""no_price_dollars"":""0.4200"",""taker_side"":""yes"",""ticker"":""KXETH15M-26APR271645-45"",""trade_id"":""376d3b84-bc0f-6c0b-7481-d3003e44b4c7"",""yes_price_dollars"":""0.5800""}"
KXETH15M-26APR271645-45,1fe11222-a81b-5bbe-c5a7-89ac18fde160,1777322235,0.67,2.0,no,"{""count_fp"":""2.00"",""created_time"":""2026-04-27T20:37:15.837645Z"",""no_price_dollars"":""0.3300"",""taker_side"":""no"",""ticker"":""KXETH15M-26APR271645-45"",""trade_id"":""1fe11222-a81b-5bbe-c5a7-89ac18fde160"",""yes_price_dollars"":""0.6700""}"
KXETH15M-26APR271645-45,02404311-a204-5cf2-c936-407a79b43445,1777322235,0.69,1.0,no,"{""count_fp"":""1.00"",""created_time"":""2026-04-27T20:37:15.837645Z"",""no_price_dollars"":""0.3100"",""taker_side"":""no"",""ticker"":""KXETH15M-26APR271645-45"",""trade_id"":""02404311-a204-5cf2-c936-407a79b43445"",""yes_price_dollars"":""0.6900""}"
KXETH15M-26APR271645-45,f72f069d-0036-5e0b-f7be-db344707a921,1777322235,0.64,3.0,yes,"{""count_fp"":""3.00"",""created_time"":""2026-04-27T20:37:15.523964Z"",""no_price_dollars"":""0.3600"",""taker_side"":""yes"",""ticker"":""KXETH15M-26APR271645-45"",""trade_id"":""f72f069d-0036-5e0b-f7be-db344707a921"",""yes_price_dollars"":""0.6400""}"
KXETH15M-26APR271645-45,9389c75d-0a3e-5f41-cf42-4b77a90f767b,1777322235,0.64,7.56,yes,"{""count_fp"":""7.56"",""created_time"":""2026-04-27T20:37:15.523964Z"",""no_price_dollars"":""0.3600"",""taker_side"":""yes"",""ticker"":""KXETH15M-26APR271645-45"",""trade_id"":""9389c75d-0a3e-5f41-cf42-4b77a90f767b"",""yes_price_dollars"":""0.6400""}"
KXETH15M-26APR271645-45,90082e4e-72f8-57af-df85-d15726384777,1777322235,0.64,367.0,yes,"{""count_fp"":""367.00"",""created_time"":""2026-04-27T20:37:15.523964Z"",""no_price_dollars"":""0.3600"",""taker_side"":""yes"",""ticker"":""KXETH15M-26APR271645-45"",""trade_id"":""90082e4e-72f8-57af-df85-d15726384777"",""yes_price_dollars"":""0.6400""}"
KXETH15M-26APR271645-45,553e0402-224d-5a09-c5ff-f44b53e9db40,1777322235,0.64,4.44,yes,"{""count_fp"":""4.44"",""created_time"":""2026-04-27T20:37:15.523964Z"",""no_price_dollars"":""0.3600"",""taker_side"":""yes"",""ticker"":""KXETH15M-26APR271645-45"",""trade_id"":""553e0402-224d-5a09-c5ff-f44b53e9db40"",""yes_price_dollars"":""0.6400""}"
KXETH15M-26APR271645-45,8c512b2d-d2ff-54fa-7400-72d77597dd68,1777322235,0.61,2.95,no,"{""count_fp"":""2.95"",""created_time"":""2026-04-27T20:37:15.305206Z"",""no_price_dollars"":""0.3900"",""taker_side"":""no"",""ticker"":""KXETH15M-26APR271645-45"",""trade_id"":""8c512b2d-d2ff-54fa-7400-72d77597dd68"",""yes_price_dollars"":""0.6100""}"
KXETH15M-26APR271645-45,fcdd0938-639b-5016-46d6-6df9da3f5c9c,1777322236,0.67,3.0,no,"{""count_fp"":""3.00"",""created_time"":""2026-04-27T20:37:16.402996Z"",""no_price_dollars"":""0.3300"",""taker_side"":""no"",""ticker"":""KXETH15M-26APR271645-45"",""trade_id"":""fcdd0938-639b-5016-46d6-6df9da3f5c9c"",""yes_price_dollars"":""0.6700""}"
KXETH15M-26APR271645-45,eab8b0fc-2a3a-5140-946a-b64ac0ba1531,1777322237,0.86,1.0,no,"{""count_fp"":""1.00"",""created_time"":""2026-04-27T20:37:17.872997Z"",""no_price_dollars"":""0.1400"",""taker_side"":""no"",""ticker"":""KXETH15M-26APR271645-45"",""trade_id"":""eab8b0fc-2a3a-5140-946a-b64ac0ba1531"",""yes_price_dollars"":""0.8600""}"
KXETH15M-26APR271645-45,8aeeb890-4b24-5f0e-8f20-62bd227eed1b,1777322237,0.76,2.0,no,"{""count_fp"":""2.00"",""created_time"":""2026-04-27T20:37:17.872997Z"",""no_price_dollars"":""0.2400"",""taker_side"":""no"",""ticker"":""KXETH15M-26APR271645-45"",""trade_id"":""8aeeb890-4b24-5f0e-8f20-62bd227eed1b"",""yes_price_dollars"":""0.7600""}"
KXETH15M-26APR271645-45,70605e41-adf6-574c-3e37-9a4ccf9c2576,1777322237,0.75,4.0,no,"{""count_fp"":""4.00"",""created_time"":""2026-04-27T20:37:17.745894Z"",""no_price_dollars"":""0.2500"",""taker_side"":""no"",""ticker"":""KXETH15M-26APR271645-45"",""trade_id"":""70605e41-adf6-574c-3e37-9a4ccf9c2576"",""yes_price_dollars"":""0.7500""}"
KXETH15M-26APR271645-45,6bed781b-09f4-5b93-2b48-52a20ff763d4,1777322237,0.86,1.0,no,"{""count_fp"":""1.00"",""created_time"":""2026-04-27T20:37:17.745894Z"",""no_price_dollars"":""0.1400"",""taker_side"":""no"",""ticker"":""KXETH15M-26APR271645-45"",""trade_id"":""6bed781b-09f4-5b93-2b48-52a20ff763d4"",""yes_price_dollars"":""0.8600""}"
KXETH15M-26APR271645-45,dbae8ed3-889e-75c1-ca61-d3d0e8b3a05f,1777322237,0.8,9.0,no,"{""count_fp"":""9.00"",""created_time"":""2026-04-27T20:37:17.578961Z"",""no_price_dollars"":""0.2000"",""taker_side"":""no"",""ticker"":""KXETH15M-26APR271645-45"",""trade_id"":""dbae8ed3-889e-75c1-ca61-d3d0e8b3a05f"",""yes_price_dollars"":""0.8000""}"
KXETH15M-26APR271645-45,06ef6850-f1b2-7204-c6f1-236100e32a2c,1777322237,0.86,1.0,no,"{""count_fp"":""1.00"",""created_time"":""2026-04-27T20:37:17.578961Z"",""no_price_dollars"":""0.1400"",""taker_side"":""no"",""ticker"":""KXETH15M-26APR271645-45"",""trade_id"":""06ef6850-f1b2-7204-c6f1-236100e32a2c"",""yes_price_dollars"":""0.8600""}"
KXETH15M-26APR271645-45,fec20e65-d9e1-7a5d-5297-dab0000baaff,1777322237,0.86,1.0,yes,"{""count_fp"":""1.00"",""created_time"":""2026-04-27T20:37:17.501319Z"",""no_price_dollars"":""0.1400"",""taker_side"":""yes"",""ticker"":""KXETH15M-26APR271645-45"",""trade_id"":""fec20e65-d9e1-7a5d-5297-dab0000baaff"",""yes_price_dollars"":""0.8600""}"
KXETH15M-26APR271645-45,4ad4ce8f-f7a0-7907-544c-1f8b0210dd13,1777322237,0.87,29.0,yes,"{""count_fp"":""29.00"",""created_time"":""2026-04-27T20:37:17.501319Z"",""no_price_dollars"":""0.1300"",""taker_side"":""yes"",""ticker"":""KXETH15M-26APR271645-45"",""trade_id"":""4ad4ce8f-f7a0-7907-544c-1f8b0210dd13"",""yes_price_dollars"":""0.8700""}"
KXETH15M-26APR271645-45,d6012a2d-0893-6ba6-a3c8-12adcc7114be,1777322237,0.83,100.0,yes,"{""count_fp"":""100.00"",""created_time"":""2026-04-27T20:37:17.399425Z"",""no_price_dollars"":""0.1700"",""taker_side"":""yes"",""ticker"":""KXETH15M-26APR271645-45"",""trade_id"":""d6012a2d-0893-6ba6-a3c8-12adcc7114be"",""yes_price_dollars"":""0.8300""}"
KXETH15M-26APR271645-45,271726d0-1471-6276-aa72-bfc0bf03d21c,1777322237,0.85,1.0,yes,"{""count_fp"":""1.00"",""created_time"":""2026-04-27T20:37:17.399425Z"",""no_price_dollars"":""0.1500"",""taker_side"":""yes"",""ticker"":""KXETH15M-26APR271645-45"",""trade_id"":""271726d0-1471-6276-aa72-bfc0bf03d21c"",""yes_price_dollars"":""0.8500""}"
KXETH15M-26APR271645-45,6f4c98c2-37f5-7980-0c99-5c457ce7e399,1777322237,0.8,55.5,no,"{""count_fp"":""55.50"",""created_time"":""2026-04-27T20:37:17.359318Z"",""no_price_dollars"":""0.2000"",""taker_side"":""no"",""ticker"":""KXETH15M-26APR271645-45"",""trade_id"":""6f4c98c2-37f5-7980-0c99-5c457ce7e399"",""yes_price_dollars"":""0.8000""}"
KXETH15M-26APR271645-45,e8d4fbb9-f575-4ea1-3ed4-d25d565fbe63,1777322237,0.77,24.0,yes,"{""count_fp"":""24.00"",""created_time"":""2026-04-27T20:37:17.347121Z"",""no_price_dollars"":""0.2300"",""taker_side"":""yes"",""ticker"":""KXETH15M-26APR271645-45"",""trade_id"":""e8d4fbb9-f575-4ea1-3ed4-d25d565fbe63"",""yes_price_dollars"":""0.7700""}"
KXETH15M-26APR271645-45,93553ff6-3a3e-46eb-19db-93ea612182ee,1777322237,0.84,1.0,yes,"{""count_fp"":""1.00"",""created_time"":""2026-04-27T20:37:17.347121Z"",""no_price_dollars"":""0.1600"",""taker_side"":""yes"",""ticker"":""KXETH15M-26APR271645-45"",""trade_id"":""93553ff6-3a3e-46eb-19db-93ea612182ee"",""yes_price_dollars"":""0.8400""}"
KXETH15M-26APR271645-45,92ad5aee-67da-4299-01b6-eb49d95a0a3f,1777322237,0.85,42.0,yes,"{""count_fp"":""42.00"",""created_time"":""2026-04-27T20:37:17.347121Z"",""no_price_dollars"":""0.1500"",""taker_side"":""yes"",""ticker"":""KXETH15M-26APR271645-45"",""trade_id"":""92ad5aee-67da-4299-01b6-eb49d95a0a3f"",""yes_price_dollars"":""0.8500""}"
KXETH15M-26APR271645-45,8c2612dc-d8d5-4eec-35d1-1ff42ccbfcf8,1777322237,0.85,11.0,yes,"{""count_fp"":""11.00"",""created_time"":""2026-04-27T20:37:17.347121Z"",""no_price_dollars"":""0.1500"",""taker_side"":""yes"",""ticker"":""KXETH15M-26APR271645-45"",""trade_id"":""8c2612dc-d8d5-4eec-35d1-1ff42ccbfcf8"",""yes_price_dollars"":""0.8500""}"
KXETH15M-26APR271645-45,5c3ca079-7dda-4338-3e93-97e85d2cff93,1777322237,0.85,40.0,yes,"{""count_fp"":""40.00"",""created_time"":""2026-04-27T20:37:17.347121Z"",""no_price_dollars"":""0.1500"",""taker_side"":""yes"",""ticker"":""KXETH15M-26APR271645-45"",""trade_id"":""5c3ca079-7dda-4338-3e93-97e85d2cff93"",""yes_price_dollars"":""0.8500""}"
KXETH15M-26APR271645-45,55571ee3-c48e-4c30-37ed-1f2e9234df95,1777322237,0.81,1383.0,yes,"{""count_fp"":""1383.00"",""created_time"":""2026-04-27T20:37:17.347121Z"",""no_price_dollars"":""0.1900"",""taker_side"":""yes"",""ticker"":""KXETH15M-26APR271645-45"",""trade_id"":""55571ee3-c48e-4c30-37ed-1f2e9234df95"",""yes_price_dollars"":""0.8100""}"
KXETH15M-26APR271645-45,e9d1598c-92d4-74aa-6b7c-9b8211f7b0fa,1777322237,0.7,5.71,no,"{""count_fp"":""5.71"",""created_time"":""2026-04-27T20:37:17.347085Z"",""no_price_dollars"":""0.3000"",""taker_side"":""no"",""ticker"":""KXETH15M-26APR271645-45"",""trade_id"":""e9d1598c-92d4-74aa-6b7c-9b8211f7b0fa"",""yes_price_dollars"":""0.7000""}"
KXETH15M-26APR271645-45,d0582dac-4bcd-726b-60dc-dd054d091c71,1777322237,0.72,1.0,no,"{""count_fp"":""1.00"",""created_time"":""2026-04-27T20:37:17.347085Z"",""no_price_dollars"":""0.2800"",""taker_side"":""no"",""ticker"":""KXETH15M-26APR271645-45"",""trade_id"":""d0582dac-4bcd-726b-60dc-dd054d091c71"",""yes_price_dollars"":""0.7200""}"
KXETH15M-26APR271645-45,a905aa83-bbb6-601c-6f7f-257d81902785,1777322237,0.81,13.0,yes,"{""count_fp"":""13.00"",""created_time"":""2026-04-27T20:37:17.328419Z"",""no_price_dollars"":""0.1900"",""taker_side"":""yes"",""ticker"":""KXETH15M-26APR271645-45"",""trade_id"":""a905aa83-bbb6-601c-6f7f-257d81902785"",""yes_price_dollars"":""0.8100""}"
KXETH15M-26APR271645-45,8ef5b7e5-7d77-612a-6ebc-c9965f3b41b4,1777322237,0.75,66.0,no,"{""count_fp"":""66.00"",""created_time"":""2026-04-27T20:37:17.323359Z"",""no_price_dollars"":""0.2500"",""taker_side"":""no"",""ticker"":""KXETH15M-26APR271645-45"",""trade_id"":""8ef5b7e5-7d77-612a-6ebc-c9965f3b41b4"",""yes_price_dollars"":""0.7500""}"
KXETH15M-26APR271645-45,e895f866-5342-53c8-6c09-a034cf1674a9,1777322237,0.81,33.0,yes,"{""count_fp"":""33.00"",""created_time"":""2026-04-27T20:37:17.318361Z"",""no_price_dollars"":""0.1900"",""taker_side"":""yes"",""ticker"":""KXETH15M-26APR271645-45"",""trade_id"":""e895f866-5342-53c8-6c09-a034cf1674a9"",""yes_price_dollars"":""0.8100""}"
KXETH15M-26APR271645-45,3a38108f-5ff0-5062-5d78-3381d42c84fc,1777322237,0.8,143.0,yes,"{""count_fp"":""143.00"",""created_time"":""2026-04-27T20:37:17.318361Z"",""no_price_dollars"":""0.2000"",""taker_side"":""yes"",""ticker"":""KXETH15M-26APR271645-45"",""trade_id"":""3a38108f-5ff0-5062-5d78-3381d42c84fc"",""yes_price_dollars"":""0.8000""}"
KXETH15M-26APR271645-45,fbe22a4b-a068-4a4a-fe3c-124a81714640,1777322237,0.8,107.0,yes,"{""count_fp"":""107.00"",""created_time"":""2026-04-27T20:37:17.309764Z"",""no_price_dollars"":""0.2000"",""taker_side"":""yes"",""ticker"":""KXETH15M-26APR271645-45"",""trade_id"":""fbe22a4b-a068-4a4a-fe3c-124a81714640"",""yes_price_dollars"":""0.8000""}"
KXETH15M-26APR271645-45,df9e132a-9a64-4951-e137-f1f3a69abf1e,1777322237,0.74,66.0,yes,"{""count_fp"":""66.00"",""created_time"":""2026-04-27T20:37:17.309764Z"",""no_price_dollars"":""0.2600"",""taker_side"":""yes"",""ticker"":""KXETH15M-26APR271645-45"",""trade_id"":""df9e132a-9a64-4951-e137-f1f3a69abf1e"",""yes_price_dollars"":""0.7400""}"
KXETH15M-26APR271645-45,5f75bbc8-42f1-4e70-cc30-2a4dd3ad7b29,1777322237,0.78,3.0,yes,"{""count_fp"":""3.00"",""created_time"":""2026-04-27T20:37:17.309764Z"",""no_price_dollars"":""0.2200"",""taker_side"":""yes"",""ticker"":""KXETH15M-26APR271645-45"",""trade_id"":""5f75bbc8-42f1-4e70-cc30-2a4dd3ad7b29"",""yes_price_dollars"":""0.7800""}"
KXETH15M-26APR271645-45,83f8a12f-ad7d-4a2c-4c9f-59d27e01874e,1777322237,0.76,10.0,yes,"{""count_fp"":""10.00"",""created_time"":""2026-04-27T20:37:17.298659Z"",""no_price_dollars"":""0.2400"",""taker_side"":""yes"",""ticker"":""KXETH15M-26APR271645-45"",""trade_id"":""83f8a12f-ad7d-4a2c-4c9f-59d27e01874e"",""yes_price_dollars"":""0.7600""}"
KXETH15M-26APR271645-45,6294a83a-b6cf-6256-60de-78969681d450,1777322237,0.69,5.0,no,"{""count_fp"":""5.00"",""created_time"":""2026-04-27T20:37:17.287001Z"",""no_price_dollars"":""0.3100"",""taker_side"":""no"",""ticker"":""KXETH15M-26APR271645-45"",""trade_id"":""6294a83a-b6cf-6256-60de-78969681d450"",""yes_price_dollars"":""0.6900""}"
KXETH15M-26APR271645-45,99e31fc0-4703-451f-7854-5032aedcac91,1777322237,0.7,10.33,yes,"{""count_fp"":""10.33"",""created_time"":""2026-04-27T20:37:17.274148Z"",""no_price_dollars"":""0.3000"",""taker_side"":""yes"",""ticker"":""KXETH15M-26APR271645-45"",""trade_id"":""99e31fc0-4703-451f-7854-5032aedcac91"",""yes_price_dollars"":""0.7000""}"
KXETH15M-26APR271645-45,306cc36f-b88a-4bf5-69b9-f24177a6c9a0,1777322237,0.7,550.82,yes,"{""count_fp"":""550.82"",""created_time"":""2026-04-27T20:37:17.274148Z"",""no_price_dollars"":""0.3000"",""taker_side"":""yes"",""ticker"":""KXETH15M-26APR271645-45"",""trade_id"":""306cc36f-b88a-4bf5-69b9-f24177a6c9a0"",""yes_price_dollars"":""0.7000""}"
KXETH15M-26APR271645-45,d0768d98-45a9-7986-a056-e9baace4ae11,1777322237,0.7,1.0,yes,"{""count_fp"":""1.00"",""created_time"":""2026-04-27T20:37:17.268508Z"",""no_price_dollars"":""0.3000"",""taker_side"":""yes"",""ticker"":""KXETH15M-26APR271645-45"",""trade_id"":""d0768d98-45a9-7986-a056-e9baace4ae11"",""yes_price_dollars"":""0.7000""}"
KXETH15M-26APR271645-45,b0feffe8-60b3-7c40-b6b3-e655ce319f99,1777322237,0.7,1.0,yes,"{""count_fp"":""1.00"",""created_time"":""2026-04-27T20:37:17.268508Z"",""no_price_dollars"":""0.3000"",""taker_side"":""yes"",""ticker"":""KXETH15M-26APR271645-45"",""trade_id"":""b0feffe8-60b3-7c40-b6b3-e655ce319f99"",""yes_price_dollars"":""0.7000""}"
KXETH15M-26APR271645-45,87665c4e-e972-75b9-bb7e-365e6e74e04c,1777322237,0.7,2.0,yes,"{""count_fp"":""2.00"",""created_time"":""2026-04-27T20:37:17.268508Z"",""no_price_dollars"":""0.3000"",""taker_side"":""yes"",""ticker"":""KXETH15M-26APR271645-45"",""trade_id"":""87665c4e-e972-75b9-bb7e-365e6e74e04c"",""yes_price_dollars"":""0.7000""}"
KXETH15M-26APR271645-45,8462ec2b-b5e1-780c-b3c5-c9474ac96038,1777322237,0.7,2.0,yes,"{""count_fp"":""2.00"",""created_time"":""2026-04-27T20:37:17.268508Z"",""no_price_dollars"":""0.3000"",""taker_side"":""yes"",""ticker"":""KXETH15M-26APR271645-45"",""trade_id"":""8462ec2b-b5e1-780c-b3c5-c9474ac96038"",""yes_price_dollars"":""0.7000""}"
KXETH15M-26APR271645-45,4a6db73d-4751-78a5-8abd-a4ee86648515,1777322237,0.7,1.0,yes,"{""count_fp"":""1.00"",""created_time"":""2026-04-27T20:37:17.268508Z"",""no_price_dollars"":""0.3000"",""taker_side"":""yes"",""ticker"":""KXETH15M-26APR271645-45"",""trade_id"":""4a6db73d-4751-78a5-8abd-a4ee86648515"",""yes_price_dollars"":""0.7000""}"
KXETH15M-26APR271645-45,294a551d-8322-7867-a1c6-f40b0abd15eb,1777322237,0.7,2.0,yes,"{""count_fp"":""2.00"",""created_time"":""2026-04-27T20:37:17.268508Z"",""no_price_dollars"":""0.3000"",""taker_side"":""yes"",""ticker"":""KXETH15M-26APR271645-45"",""trade_id"":""294a551d-8322-7867-a1c6-f40b0abd15eb"",""yes_price_dollars"":""0.7000""}"
KXETH15M-26APR271645-45,06aada75-7c6f-7540-9565-72de39dd8abf,1777322237,0.7,1.0,yes,"{""count_fp"":""1.00"",""created_time"":""2026-04-27T20:37:17.268508Z"",""no_price_dollars"":""0.3000"",""taker_side"":""yes"",""ticker"":""KXETH15M-26APR271645-45"",""trade_id"":""06aada75-7c6f-7540-9565-72de39dd8abf"",""yes_price_dollars"":""0.7000""}"
KXETH15M-26APR271645-45,052aa1ea-b2fb-759b-9933-6b9f9ab2a243,1777322237,0.7,2.0,yes,"{""count_fp"":""2.00"",""created_time"":""2026-04-27T20:37:17.268508Z"",""no_price_dollars"":""0.3000"",""taker_side"":""yes"",""ticker"":""KXETH15M-26APR271645-45"",""trade_id"":""052aa1ea-b2fb-759b-9933-6b9f9ab2a243"",""yes_price_dollars"":""0.7000""}"
KXETH15M-26APR271645-45,ca23ba49-8562-5f2f-1755-9eaab6796990,1777322237,0.63,1.0,yes,"{""count_fp"":""1.00"",""created_time"":""2026-04-27T20:37:17.237501Z"",""no_price_dollars"":""0.3700"",""taker_side"":""yes"",""ticker"":""KXETH15M-26APR271645-45"",""trade_id"":""ca23ba49-8562-5f2f-1755-9eaab6796990"",""yes_price_dollars"":""0.6300""}"
KXETH15M-26APR271645-45,a4dd432a-9a26-76bd-6bc7-4cb53315bb78,1777322237,0.67,1.0,yes,"{""count_fp"":""1.00"",""created_time"":""2026-04-27T20:37:17.152483Z"",""no_price_dollars"":""0.3300"",""taker_side"":""yes"",""ticker"":""KXETH15M-26APR271645-45"",""trade_id"":""a4dd432a-9a26-76bd-6bc7-4cb53315bb78"",""yes_price_dollars"":""0.6700""}"
KXETH15M-26APR271645-45,4401fd89-f9f9-4853-0157-724dd76f91d0,1777322237,0.68,100.0,no,"{""count_fp"":""100.00"",""created_time"":""2026-04-27T20:37:17.114585Z"",""no_price_dollars"":""0.3200"",""taker_side"":""no"",""ticker"":""KXETH15M-26APR271645-45"",""trade_id"":""4401fd89-f9f9-4853-0157-724dd76f91d0"",""yes_price_dollars"":""0.6800""}"
KXETH15M-26APR271645-45,c9120790-8c00-6c37-2fad-c266b3c9d0b3,1777322238,0.87,1.0,yes,"{""count_fp"":""1.00"",""created_time"":""2026-04-27T20:37:18.731961Z"",""no_price_dollars"":""0.1300"",""taker_side"":""yes"",""ticker"":""KXETH15M-26APR271645-45"",""trade_id"":""c9120790-8c00-6c37-2fad-c266b3c9d0b3"",""yes_price_dollars"":""0.8700""}"
KXETH15M-26APR271645-45,18a13cca-9a0c-6f07-60d9-862172bd04bb,1777322239,0.87,1.0,yes,"{""count_fp"":""1.00"",""created_time"":""2026-04-27T20:37:19.058182Z"",""no_price_dollars"":""0.1300"",""taker_side"":""yes"",""ticker"":""KXETH15M-26APR271645-45"",""trade_id"":""18a13cca-9a0c-6f07-60d9-862172bd04bb"",""yes_price_dollars"":""0.8700""}"
KXETH15M-26APR271645-45,fccb68a5-c36f-6d4e-3203-05fc5a999861,1777322241,0.86,1.0,yes,"{""count_fp"":""1.00"",""created_time"":""2026-04-27T20:37:21.321477Z"",""no_price_dollars"":""0.1400"",""taker_side"":""yes"",""ticker"":""KXETH15M-26APR271645-45"",""trade_id"":""fccb68a5-c36f-6d4e-3203-05fc5a999861"",""yes_price_dollars"":""0.8600""}"
KXETH15M-26APR271645-45,e81822fa-f2cb-6453-1471-7c4708c3c7f8,1777322241,0.86,10.0,yes,"{""count_fp"":""10.00"",""created_time"":""2026-04-27T20:37:21.321477Z"",""no_price_dollars"":""0.1400"",""taker_side"":""yes"",""ticker"":""KXETH15M-26APR271645-45"",""trade_id"":""e81822fa-f2cb-6453-1471-7c4708c3c7f8"",""yes_price_dollars"":""0.8600""}"
KXETH15M-26APR271645-45,2292d1fa-e652-6344-8847-467271f2e857,1777322241,0.83,1.0,no,"{""count_fp"":""1.00"",""created_time"":""2026-04-27T20:37:21.300077Z"",""no_price_dollars"":""0.1700"",""taker_side"":""no"",""ticker"":""KXETH15M-26APR271645-45"",""trade_id"":""2292d1fa-e652-6344-8847-467271f2e857"",""yes_price_dollars"":""0.8300""}"
KXETH15M-26APR271645-45,5f2cf7a9-1b3a-4759-4b45-31f643fb480b,1777322242,0.83,0.89,no,"{""count_fp"":""0.89"",""created_time"":""2026-04-27T20:37:22.343042Z"",""no_price_dollars"":""0.1700"",""taker_side"":""no"",""ticker"":""KXETH15M-26APR271645-45"",""trade_id"":""5f2cf7a9-1b3a-4759-4b45-31f643fb480b"",""yes_price_dollars"":""0.8300""}"
KXETH15M-26APR271645-45,272036b5-ae26-416c-4673-e85be9b2c964,1777322242,0.84,1.0,no,"{""count_fp"":""1.00"",""created_time"":""2026-04-27T20:37:22.343042Z"",""no_price_dollars"":""0.1600"",""taker_side"":""no"",""ticker"":""KXETH15M-26APR271645-45"",""trade_id"":""272036b5-ae26-416c-4673-e85be9b2c964"",""yes_price_dollars"":""0.8400""}"
KXETH15M-26APR271645-45,94e27c2f-c552-6185-cfff-2dc809699d93,1777322242,0.83,2.27,no,"{""count_fp"":""2.27"",""created_time"":""2026-04-27T20:37:22.028452Z"",""no_price_dollars"":""0.1700"",""taker_side"":""no"",""ticker"":""KXETH15M-26APR271645-45"",""trade_id"":""94e27c2f-c552-6185-cfff-2dc809699d93"",""yes_price_dollars"":""0.8300""}"
KXETH15M-26APR271645-45,900b499c-b416-65d0-d179-7295f0052306,1777322242,0.84,1.0,no,"{""count_fp"":""1.00"",""created_time"":""2026-04-27T20:37:22.028452Z"",""no_price_dollars"":""0.1600"",""taker_side"":""no"",""ticker"":""KXETH15M-26APR271645-45"",""trade_id"":""900b499c-b416-65d0-d179-7295f0052306"",""yes_price_dollars"":""0.8400""}"
KXETH15M-26APR271645-45,366473fc-0e5d-638f-d3ab-38f81393ce95,1777322244,0.86,1.0,no,"{""count_fp"":""1.00"",""created_time"":""2026-04-27T20:37:24.516006Z"",""no_price_dollars"":""0.1400"",""taker_side"":""no"",""ticker"":""KXETH15M-26APR271645-45"",""trade_id"":""366473fc-0e5d-638f-d3ab-38f81393ce95"",""yes_price_dollars"":""0.8600""}"
KXETH15M-26APR271645-45,0264d6fe-74aa-6081-c574-1791c84a865b,1777322244,0.83,9.0,no,"{""count_fp"":""9.00"",""created_time"":""2026-04-27T20:37:24.516006Z"",""no_price_dollars"":""0.1700"",""taker_side"":""no"",""ticker"":""KXETH15M-26APR271645-45"",""trade_id"":""0264d6fe-74aa-6081-c574-1791c84a865b"",""yes_price_dollars"":""0.8300""}"
KXETH15M-26APR271645-45,f316d66b-4b7c-4d7a-eea9-187dd874b5ad,1777322245,0.86,1.0,no,"{""count_fp"":""1.00"",""created_time"":""2026-04-27T20:37:25.229013Z"",""no_price_dollars"":""0.1400"",""taker_side"":""no"",""ticker"":""KXETH15M-26APR271645-45"",""trade_id"":""f316d66b-4b7c-4d7a-eea9-187dd874b5ad"",""yes_price_dollars"":""0.8600""}"
KXETH15M-26APR271645-45,813509bb-b1a2-45dd-fc09-64247f04350f,1777322245,0.84,42.11,no,"{""count_fp"":""42.11"",""created_time"":""2026-04-27T20:37:25.229013Z"",""no_price_dollars"":""0.1600"",""taker_side"":""no"",""ticker"":""KXETH15M-26APR271645-45"",""trade_id"":""813509bb-b1a2-45dd-fc09-64247f04350f"",""yes_price_dollars"":""0.8400""}"
KXETH15M-26APR271645-45,5bbe4569-5c17-611a-d220-e87b222e3ac0,1777322246,0.86,1.0,no,"{""count_fp"":""1.00"",""created_time"":""2026-04-27T20:37:26.197146Z"",""no_price_dollars"":""0.1400"",""taker_side"":""no"",""ticker"":""KXETH15M-26APR271645-45"",""trade_id"":""5bbe4569-5c17-611a-d220-e87b222e3ac0"",""yes_price_dollars"":""0.8600""}"
KXETH15M-26APR271645-45,384fe978-a695-642e-f662-0b98fe100655,1777322246,0.85,10.17,no,"{""count_fp"":""10.17"",""created_time"":""2026-04-27T20:37:26.197146Z"",""no_price_dollars"":""0.1500"",""taker_side"":""no"",""ticker"":""KXETH15M-26APR271645-45"",""trade_id"":""384fe978-a695-642e-f662-0b98fe100655"",""yes_price_dollars"":""0.8500""}"
KXETH15M-26APR271645-45,436e6118-eabc-5d3e-3e02-72e90541d56a,1777322247,0.87,1.0,no,"{""count_fp"":""1.00"",""created_time"":""2026-04-27T20:37:27.900593Z"",""no_price_dollars"":""0.1300"",""taker_side"":""no"",""ticker"":""KXETH15M-26APR271645-45"",""trade_id"":""436e6118-eabc-5d3e-3e02-72e90541d56a"",""yes_price_dollars"":""0.8700""}"
KXETH15M-26APR271645-45,304b693d-3682-5e64-2748-0fd606dca2ad,1777322247,0.87,10.17,no,"{""count_fp"":""10.17"",""created_time"":""2026-04-27T20:37:27.900593Z"",""no_price_dollars"":""0.1300"",""taker_side"":""no"",""ticker"":""KXETH15M-26APR271645-45"",""trade_id"":""304b693d-3682-5e64-2748-0fd606dca2ad"",""yes_price_dollars"":""0.8700""}"
KXETH15M-26APR271645-45,fa7f590c-0ce1-6d58-d1ed-4acb5647513c,1777322247,0.87,1.0,yes,"{""count_fp"":""1.00"",""created_time"":""2026-04-27T20:37:27.231257Z"",""no_price_dollars"":""0.1300"",""taker_side"":""yes"",""ticker"":""KXETH15M-26APR271645-45"",""trade_id"":""fa7f590c-0ce1-6d58-d1ed-4acb5647513c"",""yes_price_dollars"":""0.8700""}"
KXETH15M-26APR271645-45,79d8de44-c86a-7de8-cf93-915fce4057a3,1777322247,0.86,1.0,no,"{""count_fp"":""1.00"",""created_time"":""2026-04-27T20:37:27.018077Z"",""no_price_dollars"":""0.1400"",""taker_side"":""no"",""ticker"":""KXETH15M-26APR271645-45"",""trade_id"":""79d8de44-c86a-7de8-cf93-915fce4057a3"",""yes_price_dollars"":""0.8600""}"
KXETH15M-26APR271645-45,64370769-f71a-7938-c35f-be1bb75e0779,1777322247,0.86,16.62,no,"{""count_fp"":""16.62"",""created_time"":""2026-04-27T20:37:27.018077Z"",""no_price_dollars"":""0.1400"",""taker_side"":""no"",""ticker"":""KXETH15M-26APR271645-45"",""trade_id"":""64370769-f71a-7938-c35f-be1bb75e0779"",""yes_price_dollars"":""0.8600""}"
KXETH15M-26APR271645-45,ffe9b69c-9260-7b1e-2e59-f31be3dd18e1,1777322248,0.86,6.0,yes,"{""count_fp"":""6.00"",""created_time"":""2026-04-27T20:37:28.938659Z"",""no_price_dollars"":""0.1400"",""taker_side"":""yes"",""ticker"":""KXETH15M-26APR271645-45"",""trade_id"":""ffe9b69c-9260-7b1e-2e59-f31be3dd18e1"",""yes_price_dollars"":""0.8600""}"
KXETH15M-26APR271645-45,c75c1544-e6f6-5810-1e94-b3259cfaafc1,1777322248,0.87,100.0,no,"{""count_fp"":""100.00"",""created_time"":""2026-04-27T20:37:28.845713Z"",""no_price_dollars"":""0.1300"",""taker_side"":""no"",""ticker"":""KXETH15M-26APR271645-45"",""trade_id"":""c75c1544-e6f6-5810-1e94-b3259cfaafc1"",""yes_price_dollars"":""0.8700""}"
KXETH15M-26APR271645-45,69164440-1d24-5715-24be-37dd284daae2,1777322248,0.87,1.0,no,"{""count_fp"":""1.00"",""created_time"":""2026-04-27T20:37:28.845713Z"",""no_price_dollars"":""0.1300"",""taker_side"":""no"",""ticker"":""KXETH15M-26APR271645-45"",""trade_id"":""69164440-1d24-5715-24be-37dd284daae2"",""yes_price_dollars"":""0.8700""}"
KXETH15M-26APR271645-45,e437e9d6-a526-54dc-9f4b-14f36fb633dd,1777322248,0.87,1.0,no,"{""count_fp"":""1.00"",""created_time"":""2026-04-27T20:37:28.221341Z"",""no_price_dollars"":""0.1300"",""taker_side"":""no"",""ticker"":""KXETH15M-26APR271645-45"",""trade_id"":""e437e9d6-a526-54dc-9f4b-14f36fb633dd"",""yes_price_dollars"":""0.8700""}"
KXETH15M-26APR271645-45,1dd73647-145f-56d9-b1ea-975fdefb823a,1777322248,0.87,1.0,no,"{""count_fp"":""1.00"",""created_time"":""2026-04-27T20:37:28.221341Z"",""no_price_dollars"":""0.1300"",""taker_side"":""no"",""ticker"":""KXETH15M-26APR271645-45"",""trade_id"":""1dd73647-145f-56d9-b1ea-975fdefb823a"",""yes_price_dollars"":""0.8700""}"
KXETH15M-26APR271645-45,419a7c01-9a07-7a5e-2a3f-f1f4b8990ecc,1777322249,0.84,1.0,no,"{""count_fp"":""1.00"",""created_time"":""2026-04-27T20:37:29.902385Z"",""no_price_dollars"":""0.1600"",""taker_side"":""no"",""ticker"":""KXETH15M-26APR271645-45"",""trade_id"":""419a7c01-9a07-7a5e-2a3f-f1f4b8990ecc"",""yes_price_dollars"":""0.8400""}"
KXETH15M-26APR271645-45,065c2e92-e361-7109-30de-f8081cea4a12,1777322249,0.84,99.0,no,"{""count_fp"":""99.00"",""created_time"":""2026-04-27T20:37:29.902385Z"",""no_price_dollars"":""0.1600"",""taker_side"":""no"",""ticker"":""KXETH15M-26APR271645-45"",""trade_id"":""065c2e92-e361-7109-30de-f8081cea4a12"",""yes_price_dollars"":""0.8400""}"
KXETH15M-26APR271645-45,58e8344d-dbb8-4c12-c116-6e5f3a01e43d,1777322249,0.85,1.0,yes,"{""count_fp"":""1.00"",""created_time"":""2026-04-27T20:37:29.867486Z"",""no_price_dollars"":""0.1500"",""taker_side"":""yes"",""ticker"":""KXETH15M-26APR271645-45"",""trade_id"":""58e8344d-dbb8-4c12-c116-6e5f3a01e43d"",""yes_price_dollars"":""0.8500""}"
KXETH15M-26APR271645-45,d191ed05-2d9b-5696-aa01-0a6e6539e835,1777322249,0.84,99.0,no,"{""count_fp"":""99.00"",""created_time"":""2026-04-27T20:37:29.638777Z"",""no_price_dollars"":""0.1600"",""taker_side"":""no"",""ticker"":""KXETH15M-26APR271645-45"",""trade_id"":""d191ed05-2d9b-5696-aa01-0a6e6539e835"",""yes_price_dollars"":""0.8400""}"
KXETH15M-26APR271645-45,5785dc03-1aaa-5ede-81ed-26ab48dc794d,1777322249,0.84,10.0,no,"{""count_fp"":""10.00"",""created_time"":""2026-04-27T20:37:29.638777Z"",""no_price_dollars"":""0.1600"",""taker_side"":""no"",""ticker"":""KXETH15M-26APR271645-45"",""trade_id"":""5785dc03-1aaa-5ede-81ed-26ab48dc794d"",""yes_price_dollars"":""0.8400""}"
KXETH15M-26APR271645-45,acfc36d9-242f-49cc-2dfd-7bb8a4bf1260,1777322249,0.85,1.0,no,"{""count_fp"":""1.00"",""created_time"":""2026-04-27T20:37:29.535663Z"",""no_price_dollars"":""0.1500"",""taker_side"":""no"",""ticker"":""KXETH15M-26APR271645-45"",""trade_id"":""acfc36d9-242f-49cc-2dfd-7bb8a4bf1260"",""yes_price_dollars"":""0.8500""}"
KXETH15M-26APR271645-45,dedecd7e-e5dc-6cda-2e27-8d62b8e33a53,1777322249,0.85,100.0,no,"{""count_fp"":""100.00"",""created_time"":""2026-04-27T20:37:29.237339Z"",""no_price_dollars"":""0.1500"",""taker_side"":""no"",""ticker"":""KXETH15M-26APR271645-45"",""trade_id"":""dedecd7e-e5dc-6cda-2e27-8d62b8e33a53"",""yes_price_dollars"":""0.8500""}"
KXETH15M-26APR271645-45,d16afb50-e89a-68f9-0048-69861ef72e16,1777322249,0.85,1.0,no,"{""count_fp"":""1.00"",""created_time"":""2026-04-27T20:37:29.237339Z"",""no_price_dollars"":""0.1500"",""taker_side"":""no"",""ticker"":""KXETH15M-26APR271645-45"",""trade_id"":""d16afb50-e89a-68f9-0048-69861ef72e16"",""yes_price_dollars"":""0.8500""}"
KXETH15M-26APR271645-45,bad91cff-e90d-41c1-e7da-ecfcbac9c5d7,1777322250,0.84,100.0,no,"{""count_fp"":""100.00"",""created_time"":""2026-04-27T20:37:30.885412Z"",""no_price_dollars"":""0.1600"",""taker_side"":""no"",""ticker"":""KXETH15M-26APR271645-45"",""trade_id"":""bad91cff-e90d-41c1-e7da-ecfcbac9c5d7"",""yes_price_dollars"":""0.8400""}"
