ticker,trade_id,ts,yes_price,count,taker_side,raw_json
KXETH15M-26APR272300-00,a9a7afcd-804e-4638-25e3-a82d34b23a74,1777344301,0.5,1.0,yes,"{""count_fp"":""1.00"",""created_time"":""2026-04-28T02:45:01.370186Z"",""no_price_dollars"":""0.5000"",""taker_side"":""yes"",""ticker"":""KXETH15M-26APR272300-00"",""trade_id"":""a9a7afcd-804e-4638-25e3-a82d34b23a74"",""yes_price_dollars"":""0.5000""}"
KXETH15M-26APR272300-00,d67c1751-26e0-7c51-9118-c8a0642e9872,1777344306,0.47,5.0,yes,"{""count_fp"":""5.00"",""created_time"":""2026-04-28T02:45:06.131794Z"",""no_price_dollars"":""0.5300"",""taker_side"":""yes"",""ticker"":""KXETH15M-26APR272300-00"",""trade_id"":""d67c1751-26e0-7c51-9118-c8a0642e9872"",""yes_price_dollars"":""0.4700""}"
KXETH15M-26APR272300-00,be41788a-d820-4887-679a-b2854d59aeab,1777344306,0.5,11.0,no,"{""count_fp"":""11.00"",""created_time"":""2026-04-28T02:45:06.077779Z"",""no_price_dollars"":""0.5000"",""taker_side"":""no"",""ticker"":""KXETH15M-26APR272300-00"",""trade_id"":""be41788a-d820-4887-679a-b2854d59aeab"",""yes_price_dollars"":""0.5000""}"
KXETH15M-26APR272300-00,38d29bb8-5760-4de2-6a25-b1aa42ee62f9,1777344306,0.51,2.0,no,"{""count_fp"":""2.00"",""created_time"":""2026-04-28T02:45:06.077779Z"",""no_price_dollars"":""0.4900"",""taker_side"":""no"",""ticker"":""KXETH15M-26APR272300-00"",""trade_id"":""38d29bb8-5760-4de2-6a25-b1aa42ee62f9"",""yes_price_dollars"":""0.5100""}"
KXETH15M-26APR272300-00,8a421b4a-20d1-7aad-8db5-d0a7953a9f18,1777344309,0.25,85.0,yes,"{""count_fp"":""85.00"",""created_time"":""2026-04-28T02:45:09.844215Z"",""no_price_dollars"":""0.7500"",""taker_side"":""yes"",""ticker"":""KXETH15M-26APR272300-00"",""trade_id"":""8a421b4a-20d1-7aad-8db5-d0a7953a9f18"",""yes_price_dollars"":""0.2500""}"
KXETH15M-26APR272300-00,8966511b-1c6d-4879-47a1-bf0db5cc0e94,1777344309,0.25,50.0,yes,"{""count_fp"":""50.00"",""created_time"":""2026-04-28T02:45:09.842308Z"",""no_price_dollars"":""0.7500"",""taker_side"":""yes"",""ticker"":""KXETH15M-26APR272300-00"",""trade_id"":""8966511b-1c6d-4879-47a1-bf0db5cc0e94"",""yes_price_dollars"":""0.2500""}"
KXETH15M-26APR272300-00,d7483a55-4b02-7a3e-bf43-98eadfe3a111,1777344310,0.44,168.0,yes,"{""count_fp"":""168.00"",""created_time"":""2026-04-28T02:45:10.635674Z"",""no_price_dollars"":""0.5600"",""taker_side"":""yes"",""ticker"":""KXETH15M-26APR272300-00"",""trade_id"":""d7483a55-4b02-7a3e-bf43-98eadfe3a111"",""yes_price_dollars"":""0.4400""}"
KXETH15M-26APR272300-00,825f9c0d-5d6d-6c56-1667-33edc3e47f29,1777344314,0.51,1.84,yes,"{""count_fp"":""1.84"",""created_time"":""2026-04-28T02:45:14.324072Z"",""no_price_dollars"":""0.4900"",""taker_side"":""yes"",""ticker"":""KXETH15M-26APR272300-00"",""trade_id"":""825f9c0d-5d6d-6c56-1667-33edc3e47f29"",""yes_price_dollars"":""0.5100""}"
KXETH15M-26APR272300-00,3999b52a-5993-6ec9-174c-48291b41e339,1777344314,0.45,1.0,yes,"{""count_fp"":""1.00"",""created_time"":""2026-04-28T02:45:14.324072Z"",""no_price_dollars"":""0.5500"",""taker_side"":""yes"",""ticker"":""KXETH15M-26APR272300-00"",""trade_id"":""3999b52a-5993-6ec9-174c-48291b41e339"",""yes_price_dollars"":""0.4500""}"
KXETH15M-26APR272300-00,330d9368-95e7-6a3e-08cf-54da0d32c02d,1777344314,0.5,1.0,yes,"{""count_fp"":""1.00"",""created_time"":""2026-04-28T02:45:14.324072Z"",""no_price_dollars"":""0.5000"",""taker_side"":""yes"",""ticker"":""KXETH15M-26APR272300-00"",""trade_id"":""330d9368-95e7-6a3e-08cf-54da0d32c02d"",""yes_price_dollars"":""0.5000""}"
KXETH15M-26APR272300-00,eb876d3d-cb6b-4ce3-9aeb-fff096620852,1777344316,0.48,1.0,yes,"{""count_fp"":""1.00"",""created_time"":""2026-04-28T02:45:16.991621Z"",""no_price_dollars"":""0.5200"",""taker_side"":""yes"",""ticker"":""KXETH15M-26APR272300-00"",""trade_id"":""eb876d3d-cb6b-4ce3-9aeb-fff096620852"",""yes_price_dollars"":""0.4800""}"
KXETH15M-26APR272300-00,43cd17b8-f935-49d2-b560-2a7523fea00d,1777344316,0.5,10.0,yes,"{""count_fp"":""10.00"",""created_time"":""2026-04-28T02:45:16.991621Z"",""no_price_dollars"":""0.5000"",""taker_side"":""yes"",""ticker"":""KXETH15M-26APR272300-00"",""trade_id"":""43cd17b8-f935-49d2-b560-2a7523fea00d"",""yes_price_dollars"":""0.5000""}"
KXETH15M-26APR272300-00,95367567-ff6b-6733-520b-25b229ff19ed,1777344317,0.55,4.0,yes,"{""count_fp"":""4.00"",""created_time"":""2026-04-28T02:45:17.776909Z"",""no_price_dollars"":""0.4500"",""taker_side"":""yes"",""ticker"":""KXETH15M-26APR272300-00"",""trade_id"":""95367567-ff6b-6733-520b-25b229ff19ed"",""yes_price_dollars"":""0.5500""}"
KXETH15M-26APR272300-00,8abc5ba4-2639-7cd0-195d-cd711bc82cc3,1777344317,0.52,2.59,no,"{""count_fp"":""2.59"",""created_time"":""2026-04-28T02:45:17.582942Z"",""no_price_dollars"":""0.4800"",""taker_side"":""no"",""ticker"":""KXETH15M-26APR272300-00"",""trade_id"":""8abc5ba4-2639-7cd0-195d-cd711bc82cc3"",""yes_price_dollars"":""0.5200""}"
KXETH15M-26APR272300-00,b2f8c5b8-7780-6886-f101-42b95ca9e2c6,1777344317,0.52,1.0,yes,"{""count_fp"":""1.00"",""created_time"":""2026-04-28T02:45:17.393007Z"",""no_price_dollars"":""0.4800"",""taker_side"":""yes"",""ticker"":""KXETH15M-26APR272300-00"",""trade_id"":""b2f8c5b8-7780-6886-f101-42b95ca9e2c6"",""yes_price_dollars"":""0.5200""}"
KXETH15M-26APR272300-00,02a73c42-3f25-6057-dd98-e339810a54aa,1777344317,0.52,100.0,yes,"{""count_fp"":""100.00"",""created_time"":""2026-04-28T02:45:17.393007Z"",""no_price_dollars"":""0.4800"",""taker_side"":""yes"",""ticker"":""KXETH15M-26APR272300-00"",""trade_id"":""02a73c42-3f25-6057-dd98-e339810a54aa"",""yes_price_dollars"":""0.5200""}"
KXETH15M-26APR272300-00,3ae11149-ea5e-69fe-326f-3ca4bdcffbad,1777344317,0.51,1.0,no,"{""count_fp"":""1.00"",""created_time"":""2026-04-28T02:45:17.187447Z"",""no_price_dollars"":""0.4900"",""taker_side"":""no"",""ticker"":""KXETH15M-26APR272300-00"",""trade_id"":""3ae11149-ea5e-69fe-326f-3ca4bdcffbad"",""yes_price_dollars"":""0.5100""}"
KXETH15M-26APR272300-00,b72085e6-025d-4ae5-f8b0-bb55bd177810,1777344317,0.52,1.0,yes,"{""count_fp"":""1.00"",""created_time"":""2026-04-28T02:45:17.180815Z"",""no_price_dollars"":""0.4800"",""taker_side"":""yes"",""ticker"":""KXETH15M-26APR272300-00"",""trade_id"":""b72085e6-025d-4ae5-f8b0-bb55bd177810"",""yes_price_dollars"":""0.5200""}"
KXETH15M-26APR272300-00,9df9959f-083c-4080-c688-87a38a74ef61,1777344317,0.52,100.0,yes,"{""count_fp"":""100.00"",""created_time"":""2026-04-28T02:45:17.180815Z"",""no_price_dollars"":""0.4800"",""taker_side"":""yes"",""ticker"":""KXETH15M-26APR272300-00"",""trade_id"":""9df9959f-083c-4080-c688-87a38a74ef61"",""yes_price_dollars"":""0.5200""}"
KXETH15M-26APR272300-00,7d191614-42be-6e0b-f357-61dadd9bf5bd,1777344317,0.52,100.0,yes,"{""count_fp"":""100.00"",""created_time"":""2026-04-28T02:45:17.069068Z"",""no_price_dollars"":""0.4800"",""taker_side"":""yes"",""ticker"":""KXETH15M-26APR272300-00"",""trade_id"":""7d191614-42be-6e0b-f357-61dadd9bf5bd"",""yes_price_dollars"":""0.5200""}"
KXETH15M-26APR272300-00,7c9f3cac-9fe5-7224-f342-5223f163cb7f,1777344318,0.54,5.0,no,"{""count_fp"":""5.00"",""created_time"":""2026-04-28T02:45:18.597023Z"",""no_price_dollars"":""0.4600"",""taker_side"":""no"",""ticker"":""KXETH15M-26APR272300-00"",""trade_id"":""7c9f3cac-9fe5-7224-f342-5223f163cb7f"",""yes_price_dollars"":""0.5400""}"
KXETH15M-26APR272300-00,d55a504b-9f13-5fff-ab43-7c79ca31c5e1,1777344318,0.55,100.0,yes,"{""count_fp"":""100.00"",""created_time"":""2026-04-28T02:45:18.299908Z"",""no_price_dollars"":""0.4500"",""taker_side"":""yes"",""ticker"":""KXETH15M-26APR272300-00"",""trade_id"":""d55a504b-9f13-5fff-ab43-7c79ca31c5e1"",""yes_price_dollars"":""0.5500""}"
KXETH15M-26APR272300-00,77589610-200d-7310-c0a2-62ac1f5fde43,1777344320,0.54,20.94,no,"{""count_fp"":""20.94"",""created_time"":""2026-04-28T02:45:20.182406Z"",""no_price_dollars"":""0.4600"",""taker_side"":""no"",""ticker"":""KXETH15M-26APR272300-00"",""trade_id"":""77589610-200d-7310-c0a2-62ac1f5fde43"",""yes_price_dollars"":""0.5400""}"
KXETH15M-26APR272300-00,b5cf3427-c859-4608-a4fd-30d439ccf487,1777344321,0.54,4.18,no,"{""count_fp"":""4.18"",""created_time"":""2026-04-28T02:45:21.548689Z"",""no_price_dollars"":""0.4600"",""taker_side"":""no"",""ticker"":""KXETH15M-26APR272300-00"",""trade_id"":""b5cf3427-c859-4608-a4fd-30d439ccf487"",""yes_price_dollars"":""0.5400""}"
KXETH15M-26APR272300-00,ab989330-bb1d-6d70-690b-5dde57c60233,1777344325,0.54,4.18,no,"{""count_fp"":""4.18"",""created_time"":""2026-04-28T02:45:25.211932Z"",""no_price_dollars"":""0.4600"",""taker_side"":""no"",""ticker"":""KXETH15M-26APR272300-00"",""trade_id"":""ab989330-bb1d-6d70-690b-5dde57c60233"",""yes_price_dollars"":""0.5400""}"
KXETH15M-26APR272300-00,1f3f458c-7b0e-5dbd-adf9-ddd072df7cb6,1777344326,0.46,1.0,yes,"{""count_fp"":""1.00"",""created_time"":""2026-04-28T02:45:26.994421Z"",""no_price_dollars"":""0.5400"",""taker_side"":""yes"",""ticker"":""KXETH15M-26APR272300-00"",""trade_id"":""1f3f458c-7b0e-5dbd-adf9-ddd072df7cb6"",""yes_price_dollars"":""0.4600""}"
KXETH15M-26APR272300-00,1671dfdc-b430-5ead-8324-f3fe0b0c36a2,1777344326,0.46,34.25,yes,"{""count_fp"":""34.25"",""created_time"":""2026-04-28T02:45:26.994421Z"",""no_price_dollars"":""0.5400"",""taker_side"":""yes"",""ticker"":""KXETH15M-26APR272300-00"",""trade_id"":""1671dfdc-b430-5ead-8324-f3fe0b0c36a2"",""yes_price_dollars"":""0.4600""}"
KXETH15M-26APR272300-00,fd73cc87-c394-70a1-81bf-5ee3fa001909,1777344326,0.47,10.0,no,"{""count_fp"":""10.00"",""created_time"":""2026-04-28T02:45:26.504521Z"",""no_price_dollars"":""0.5300"",""taker_side"":""no"",""ticker"":""KXETH15M-26APR272300-00"",""trade_id"":""fd73cc87-c394-70a1-81bf-5ee3fa001909"",""yes_price_dollars"":""0.4700""}"
KXETH15M-26APR272300-00,e2200232-5c9e-7dd9-9fec-83cac211ec70,1777344326,0.47,4.0,no,"{""count_fp"":""4.00"",""created_time"":""2026-04-28T02:45:26.504521Z"",""no_price_dollars"":""0.5300"",""taker_side"":""no"",""ticker"":""KXETH15M-26APR272300-00"",""trade_id"":""e2200232-5c9e-7dd9-9fec-83cac211ec70"",""yes_price_dollars"":""0.4700""}"
KXETH15M-26APR272300-00,b77619e9-574d-76db-b4db-9e7a5af365d4,1777344326,0.47,60.0,no,"{""count_fp"":""60.00"",""created_time"":""2026-04-28T02:45:26.504521Z"",""no_price_dollars"":""0.5300"",""taker_side"":""no"",""ticker"":""KXETH15M-26APR272300-00"",""trade_id"":""b77619e9-574d-76db-b4db-9e7a5af365d4"",""yes_price_dollars"":""0.4700""}"
KXETH15M-26APR272300-00,0555c608-cbb7-7075-8c7f-1a62e419ea7d,1777344326,0.47,11.0,no,"{""count_fp"":""11.00"",""created_time"":""2026-04-28T02:45:26.504521Z"",""no_price_dollars"":""0.5300"",""taker_side"":""no"",""ticker"":""KXETH15M-26APR272300-00"",""trade_id"":""0555c608-cbb7-7075-8c7f-1a62e419ea7d"",""yes_price_dollars"":""0.4700""}"
KXETH15M-26APR272300-00,8265eadb-bce5-69a2-a3ba-190e6388cb0e,1777344326,0.5,8.0,no,"{""count_fp"":""8.00"",""created_time"":""2026-04-28T02:45:26.350971Z"",""no_price_dollars"":""0.5000"",""taker_side"":""no"",""ticker"":""KXETH15M-26APR272300-00"",""trade_id"":""8265eadb-bce5-69a2-a3ba-190e6388cb0e"",""yes_price_dollars"":""0.5000""}"
KXETH15M-26APR272300-00,27e6883b-1943-6a27-961c-0d8d14660589,1777344326,0.5,20.0,no,"{""count_fp"":""20.00"",""created_time"":""2026-04-28T02:45:26.350971Z"",""no_price_dollars"":""0.5000"",""taker_side"":""no"",""ticker"":""KXETH15M-26APR272300-00"",""trade_id"":""27e6883b-1943-6a27-961c-0d8d14660589"",""yes_price_dollars"":""0.5000""}"
KXETH15M-26APR272300-00,876c85fa-37cd-79b2-8625-824ec418bdb4,1777344327,0.46,1.0,yes,"{""count_fp"":""1.00"",""created_time"":""2026-04-28T02:45:27.224907Z"",""no_price_dollars"":""0.5400"",""taker_side"":""yes"",""ticker"":""KXETH15M-26APR272300-00"",""trade_id"":""876c85fa-37cd-79b2-8625-824ec418bdb4"",""yes_price_dollars"":""0.4600""}"
KXETH15M-26APR272300-00,82c2e9e9-10e4-7fc1-9a3c-d6496c579d0a,1777344327,0.46,25.43,yes,"{""count_fp"":""25.43"",""created_time"":""2026-04-28T02:45:27.224907Z"",""no_price_dollars"":""0.5400"",""taker_side"":""yes"",""ticker"":""KXETH15M-26APR272300-00"",""trade_id"":""82c2e9e9-10e4-7fc1-9a3c-d6496c579d0a"",""yes_price_dollars"":""0.4600""}"
KXETH15M-26APR272300-00,fb0e8e11-1dc4-4732-a9ea-83a8008c5831,1777344328,0.46,1.0,yes,"{""count_fp"":""1.00"",""created_time"":""2026-04-28T02:45:28.287495Z"",""no_price_dollars"":""0.5400"",""taker_side"":""yes"",""ticker"":""KXETH15M-26APR272300-00"",""trade_id"":""fb0e8e11-1dc4-4732-a9ea-83a8008c5831"",""yes_price_dollars"":""0.4600""}"
KXETH15M-26APR272300-00,e7b18090-88c6-7673-8e42-e85c4164f314,1777344330,0.46,1.0,yes,"{""count_fp"":""1.00"",""created_time"":""2026-04-28T02:45:30.558471Z"",""no_price_dollars"":""0.5400"",""taker_side"":""yes"",""ticker"":""KXETH15M-26APR272300-00"",""trade_id"":""e7b18090-88c6-7673-8e42-e85c4164f314"",""yes_price_dollars"":""0.4600""}"
KXETH15M-26APR272300-00,89a899a0-160e-796e-8f0f-fa859c83bf23,1777344330,0.47,4.0,yes,"{""count_fp"":""4.00"",""created_time"":""2026-04-28T02:45:30.558471Z"",""no_price_dollars"":""0.5300"",""taker_side"":""yes"",""ticker"":""KXETH15M-26APR272300-00"",""trade_id"":""89a899a0-160e-796e-8f0f-fa859c83bf23"",""yes_price_dollars"":""0.4700""}"
KXETH15M-26APR272300-00,1d807180-8b60-5b15-de28-75c2b459ad3e,1777344330,0.48,7.0,yes,"{""count_fp"":""7.00"",""created_time"":""2026-04-28T02:45:30.146107Z"",""no_price_dollars"":""0.5200"",""taker_side"":""yes"",""ticker"":""KXETH15M-26APR272300-00"",""trade_id"":""1d807180-8b60-5b15-de28-75c2b459ad3e"",""yes_price_dollars"":""0.4800""}"
KXETH15M-26APR272300-00,07d3da87-e419-5be5-de76-3049db6f0599,1777344330,0.46,1.0,yes,"{""count_fp"":""1.00"",""created_time"":""2026-04-28T02:45:30.146107Z"",""no_price_dollars"":""0.5400"",""taker_side"":""yes"",""ticker"":""KXETH15M-26APR272300-00"",""trade_id"":""07d3da87-e419-5be5-de76-3049db6f0599"",""yes_price_dollars"":""0.4600""}"
KXETH15M-26APR272300-00,ac99d5da-547a-5a4e-d94e-178fcbd3443b,1777344331,0.46,26.0,yes,"{""count_fp"":""26.00"",""created_time"":""2026-04-28T02:45:31.978821Z"",""no_price_dollars"":""0.5400"",""taker_side"":""yes"",""ticker"":""KXETH15M-26APR272300-00"",""trade_id"":""ac99d5da-547a-5a4e-d94e-178fcbd3443b"",""yes_price_dollars"":""0.4600""}"
KXETH15M-26APR272300-00,9ce48e36-6434-523f-d6b7-378d63ac2891,1777344331,0.46,1.0,yes,"{""count_fp"":""1.00"",""created_time"":""2026-04-28T02:45:31.978821Z"",""no_price_dollars"":""0.5400"",""taker_side"":""yes"",""ticker"":""KXETH15M-26APR272300-00"",""trade_id"":""9ce48e36-6434-523f-d6b7-378d63ac2891"",""yes_price_dollars"":""0.4600""}"
KXETH15M-26APR272300-00,f5ad7514-b38a-6f0e-9691-472ff19c6aa3,1777344332,0.46,74.0,yes,"{""count_fp"":""74.00"",""created_time"":""2026-04-28T02:45:32.239738Z"",""no_price_dollars"":""0.5400"",""taker_side"":""yes"",""ticker"":""KXETH15M-26APR272300-00"",""trade_id"":""f5ad7514-b38a-6f0e-9691-472ff19c6aa3"",""yes_price_dollars"":""0.4600""}"
KXETH15M-26APR272300-00,c0d7e7ec-778d-66e6-90cc-156e8044fd62,1777344332,0.48,40.0,yes,"{""count_fp"":""40.00"",""created_time"":""2026-04-28T02:45:32.239738Z"",""no_price_dollars"":""0.5200"",""taker_side"":""yes"",""ticker"":""KXETH15M-26APR272300-00"",""trade_id"":""c0d7e7ec-778d-66e6-90cc-156e8044fd62"",""yes_price_dollars"":""0.4800""}"
KXETH15M-26APR272300-00,6a7bb702-e5ad-6b80-805a-18c36ee154c3,1777344332,0.46,2.0,yes,"{""count_fp"":""2.00"",""created_time"":""2026-04-28T02:45:32.239738Z"",""no_price_dollars"":""0.5400"",""taker_side"":""yes"",""ticker"":""KXETH15M-26APR272300-00"",""trade_id"":""6a7bb702-e5ad-6b80-805a-18c36ee154c3"",""yes_price_dollars"":""0.4600""}"
KXETH15M-26APR272300-00,55b26cf3-921c-6035-912a-295b9017727a,1777344332,0.48,42.0,yes,"{""count_fp"":""42.00"",""created_time"":""2026-04-28T02:45:32.239738Z"",""no_price_dollars"":""0.5200"",""taker_side"":""yes"",""ticker"":""KXETH15M-26APR272300-00"",""trade_id"":""55b26cf3-921c-6035-912a-295b9017727a"",""yes_price_dollars"":""0.4800""}"
KXETH15M-26APR272300-00,13d238ec-b888-6750-8a08-e24e541a5fd7,1777344332,0.46,1.0,yes,"{""count_fp"":""1.00"",""created_time"":""2026-04-28T02:45:32.239738Z"",""no_price_dollars"":""0.5400"",""taker_side"":""yes"",""ticker"":""KXETH15M-26APR272300-00"",""trade_id"":""13d238ec-b888-6750-8a08-e24e541a5fd7"",""yes_price_dollars"":""0.4600""}"
KXETH15M-26APR272300-00,138288d6-1155-68ea-a6bf-2ada7dc24228,1777344332,0.5,9.4,yes,"{""count_fp"":""9.40"",""created_time"":""2026-04-28T02:45:32.239738Z"",""no_price_dollars"":""0.5000"",""taker_side"":""yes"",""ticker"":""KXETH15M-26APR272300-00"",""trade_id"":""138288d6-1155-68ea-a6bf-2ada7dc24228"",""yes_price_dollars"":""0.5000""}"
KXETH15M-26APR272300-00,025d1671-f277-6b46-ab26-2a2d92e4e89d,1777344332,0.51,213.13,yes,"{""count_fp"":""213.13"",""created_time"":""2026-04-28T02:45:32.239738Z"",""no_price_dollars"":""0.4900"",""taker_side"":""yes"",""ticker"":""KXETH15M-26APR272300-00"",""trade_id"":""025d1671-f277-6b46-ab26-2a2d92e4e89d"",""yes_price_dollars"":""0.5100""}"
KXETH15M-26APR272300-00,64c13073-32fc-7489-2d33-8747fe996e5e,1777344333,0.38,1.0,yes,"{""count_fp"":""1.00"",""created_time"":""2026-04-28T02:45:33.635544Z"",""no_price_dollars"":""0.6200"",""taker_side"":""yes"",""ticker"":""KXETH15M-26APR272300-00"",""trade_id"":""64c13073-32fc-7489-2d33-8747fe996e5e"",""yes_price_dollars"":""0.3800""}"
KXETH15M-26APR272300-00,3f800128-69b1-74c6-259f-2ffe942ae900,1777344333,0.4,4.0,yes,"{""count_fp"":""4.00"",""created_time"":""2026-04-28T02:45:33.635544Z"",""no_price_dollars"":""0.6000"",""taker_side"":""yes"",""ticker"":""KXETH15M-26APR272300-00"",""trade_id"":""3f800128-69b1-74c6-259f-2ffe942ae900"",""yes_price_dollars"":""0.4000""}"
KXETH15M-26APR272300-00,d83e81b4-527f-51c8-98dc-5fb53c844429,1777344333,0.42,1.0,no,"{""count_fp"":""1.00"",""created_time"":""2026-04-28T02:45:33.462512Z"",""no_price_dollars"":""0.5800"",""taker_side"":""no"",""ticker"":""KXETH15M-26APR272300-00"",""trade_id"":""d83e81b4-527f-51c8-98dc-5fb53c844429"",""yes_price_dollars"":""0.4200""}"
KXETH15M-26APR272300-00,5e587786-80c4-58f9-b4f6-4daa76053493,1777344333,0.41,1.0,no,"{""count_fp"":""1.00"",""created_time"":""2026-04-28T02:45:33.462512Z"",""no_price_dollars"":""0.5900"",""taker_side"":""no"",""ticker"":""KXETH15M-26APR272300-00"",""trade_id"":""5e587786-80c4-58f9-b4f6-4daa76053493"",""yes_price_dollars"":""0.4100""}"
KXETH15M-26APR272300-00,69fb0d88-4858-5ba3-2182-58e59c8560af,1777344333,0.43,1.0,no,"{""count_fp"":""1.00"",""created_time"":""2026-04-28T02:45:33.381962Z"",""no_price_dollars"":""0.5700"",""taker_side"":""no"",""ticker"":""KXETH15M-26APR272300-00"",""trade_id"":""69fb0d88-4858-5ba3-2182-58e59c8560af"",""yes_price_dollars"":""0.4300""}"
KXETH15M-26APR272300-00,34cb5de1-6238-5383-3f06-93ac9ce4ca2d,1777344333,0.44,10.45,no,"{""count_fp"":""10.45"",""created_time"":""2026-04-28T02:45:33.381962Z"",""no_price_dollars"":""0.5600"",""taker_side"":""no"",""ticker"":""KXETH15M-26APR272300-00"",""trade_id"":""34cb5de1-6238-5383-3f06-93ac9ce4ca2d"",""yes_price_dollars"":""0.4400""}"
KXETH15M-26APR272300-00,9d168366-c019-5853-83a7-e6835dc2860f,1777344333,0.44,1.0,no,"{""count_fp"":""1.00"",""created_time"":""2026-04-28T02:45:33.377673Z"",""no_price_dollars"":""0.5600"",""taker_side"":""no"",""ticker"":""KXETH15M-26APR272300-00"",""trade_id"":""9d168366-c019-5853-83a7-e6835dc2860f"",""yes_price_dollars"":""0.4400""}"
KXETH15M-26APR272300-00,5d66cb83-cd36-57a2-9070-ed780521b675,1777344333,0.45,10.0,no,"{""count_fp"":""10.00"",""created_time"":""2026-04-28T02:45:33.377673Z"",""no_price_dollars"":""0.5500"",""taker_side"":""no"",""ticker"":""KXETH15M-26APR272300-00"",""trade_id"":""5d66cb83-cd36-57a2-9070-ed780521b675"",""yes_price_dollars"":""0.4500""}"
KXETH15M-26APR272300-00,0766222b-7aea-5819-9b28-77bd675be1e8,1777344333,0.45,5.0,no,"{""count_fp"":""5.00"",""created_time"":""2026-04-28T02:45:33.377673Z"",""no_price_dollars"":""0.5500"",""taker_side"":""no"",""ticker"":""KXETH15M-26APR272300-00"",""trade_id"":""0766222b-7aea-5819-9b28-77bd675be1e8"",""yes_price_dollars"":""0.4500""}"
KXETH15M-26APR272300-00,40f12f3a-0ff2-5253-a6a9-853657542b1b,1777344334,0.47,10.0,yes,"{""count_fp"":""10.00"",""created_time"":""2026-04-28T02:45:34.587293Z"",""no_price_dollars"":""0.5300"",""taker_side"":""yes"",""ticker"":""KXETH15M-26APR272300-00"",""trade_id"":""40f12f3a-0ff2-5253-a6a9-853657542b1b"",""yes_price_dollars"":""0.4700""}"
KXETH15M-26APR272300-00,e47139a8-e5d4-44ae-739a-6d54ad604aad,1777344334,0.4,4.0,no,"{""count_fp"":""4.00"",""created_time"":""2026-04-28T02:45:34.065198Z"",""no_price_dollars"":""0.6000"",""taker_side"":""no"",""ticker"":""KXETH15M-26APR272300-00"",""trade_id"":""e47139a8-e5d4-44ae-739a-6d54ad604aad"",""yes_price_dollars"":""0.4000""}"
KXETH15M-26APR272300-00,48e3485f-92d5-6fb2-d5a9-65a56dad04c4,1777344334,0.44,100.0,yes,"{""count_fp"":""100.00"",""created_time"":""2026-04-28T02:45:34.013806Z"",""no_price_dollars"":""0.5600"",""taker_side"":""yes"",""ticker"":""KXETH15M-26APR272300-00"",""trade_id"":""48e3485f-92d5-6fb2-d5a9-65a56dad04c4"",""yes_price_dollars"":""0.4400""}"
KXETH15M-26APR272300-00,5ba48730-91eb-7ab8-7246-787ccabdca0d,1777344336,0.48,1.0,yes,"{""count_fp"":""1.00"",""created_time"":""2026-04-28T02:45:36.713731Z"",""no_price_dollars"":""0.5200"",""taker_side"":""yes"",""ticker"":""KXETH15M-26APR272300-00"",""trade_id"":""5ba48730-91eb-7ab8-7246-787ccabdca0d"",""yes_price_dollars"":""0.4800""}"
KXETH15M-26APR272300-00,5d2e6b53-a9e1-5b4b-a860-422b0e65b70e,1777344338,0.49,25.0,yes,"{""count_fp"":""25.00"",""created_time"":""2026-04-28T02:45:38.866427Z"",""no_price_dollars"":""0.5100"",""taker_side"":""yes"",""ticker"":""KXETH15M-26APR272300-00"",""trade_id"":""5d2e6b53-a9e1-5b4b-a860-422b0e65b70e"",""yes_price_dollars"":""0.4900""}"
KXETH15M-26APR272300-00,2051c675-3708-599c-9890-f89c6ccc8289,1777344338,0.49,1.0,yes,"{""count_fp"":""1.00"",""created_time"":""2026-04-28T02:45:38.866427Z"",""no_price_dollars"":""0.5100"",""taker_side"":""yes"",""ticker"":""KXETH15M-26APR272300-00"",""trade_id"":""2051c675-3708-599c-9890-f89c6ccc8289"",""yes_price_dollars"":""0.4900""}"
KXETH15M-26APR272300-00,ff3f421d-796a-5973-1db3-5caeba9b066a,1777344340,0.48,9.0,no,"{""count_fp"":""9.00"",""created_time"":""2026-04-28T02:45:40.350366Z"",""no_price_dollars"":""0.5200"",""taker_side"":""no"",""ticker"":""KXETH15M-26APR272300-00"",""trade_id"":""ff3f421d-796a-5973-1db3-5caeba9b066a"",""yes_price_dollars"":""0.4800""}"
KXETH15M-26APR272300-00,fea9714b-641b-559a-252a-9291a2e1330b,1777344340,0.47,105.0,no,"{""count_fp"":""105.00"",""created_time"":""2026-04-28T02:45:40.350366Z"",""no_price_dollars"":""0.5300"",""taker_side"":""no"",""ticker"":""KXETH15M-26APR272300-00"",""trade_id"":""fea9714b-641b-559a-252a-9291a2e1330b"",""yes_price_dollars"":""0.4700""}"
KXETH15M-26APR272300-00,6e01fdfe-9226-436d-ad47-2a7fc3dbcac5,1777344341,0.49,1.0,yes,"{""count_fp"":""1.00"",""created_time"":""2026-04-28T02:45:41.998232Z"",""no_price_dollars"":""0.5100"",""taker_side"":""yes"",""ticker"":""KXETH15M-26APR272300-00"",""trade_id"":""6e01fdfe-9226-436d-ad47-2a7fc3dbcac5"",""yes_price_dollars"":""0.4900""}"
KXETH15M-26APR272300-00,68d73996-e655-4527-8360-ca7cde676cda,1777344341,0.49,48.26,yes,"{""count_fp"":""48.26"",""created_time"":""2026-04-28T02:45:41.998232Z"",""no_price_dollars"":""0.5100"",""taker_side"":""yes"",""ticker"":""KXETH15M-26APR272300-00"",""trade_id"":""68d73996-e655-4527-8360-ca7cde676cda"",""yes_price_dollars"":""0.4900""}"
KXETH15M-26APR272300-00,b0c88ff7-fc5b-6d6e-a0e2-d1cbee756373,1777344343,0.46,1.0,no,"{""count_fp"":""1.00"",""created_time"":""2026-04-28T02:45:43.034727Z"",""no_price_dollars"":""0.5400"",""taker_side"":""no"",""ticker"":""KXETH15M-26APR272300-00"",""trade_id"":""b0c88ff7-fc5b-6d6e-a0e2-d1cbee756373"",""yes_price_dollars"":""0.4600""}"
KXETH15M-26APR272300-00,e70d73c0-ea65-6b62-d901-78005076ec4b,1777344344,0.49,1.0,yes,"{""count_fp"":""1.00"",""created_time"":""2026-04-28T02:45:44.055156Z"",""no_price_dollars"":""0.5100"",""taker_side"":""yes"",""ticker"":""KXETH15M-26APR272300-00"",""trade_id"":""e70d73c0-ea65-6b62-d901-78005076ec4b"",""yes_price_dollars"":""0.4900""}"
KXETH15M-26APR272300-00,1bbb598b-814c-6c0c-d168-4407a9897853,1777344344,0.49,100.0,yes,"{""count_fp"":""100.00"",""created_time"":""2026-04-28T02:45:44.055156Z"",""no_price_dollars"":""0.5100"",""taker_side"":""yes"",""ticker"":""KXETH15M-26APR272300-00"",""trade_id"":""1bbb598b-814c-6c0c-d168-4407a9897853"",""yes_price_dollars"":""0.4900""}"
KXETH15M-26APR272300-00,997c04c0-82db-6e16-a556-5505b4a8a307,1777344344,0.48,115.0,no,"{""count_fp"":""115.00"",""created_time"":""2026-04-28T02:45:44.010395Z"",""no_price_dollars"":""0.5200"",""taker_side"":""no"",""ticker"":""KXETH15M-26APR272300-00"",""trade_id"":""997c04c0-82db-6e16-a556-5505b4a8a307"",""yes_price_dollars"":""0.4800""}"
KXETH15M-26APR272300-00,d52d461b-9e85-7b1e-fa3c-9422fbf99a1e,1777344346,0.52,1.0,yes,"{""count_fp"":""1.00"",""created_time"":""2026-04-28T02:45:46.063028Z"",""no_price_dollars"":""0.4800"",""taker_side"":""yes"",""ticker"":""KXETH15M-26APR272300-00"",""trade_id"":""d52d461b-9e85-7b1e-fa3c-9422fbf99a1e"",""yes_price_dollars"":""0.5200""}"
KXETH15M-26APR272300-00,4f19ea23-e839-7d92-efab-472be6cd6124,1777344346,0.52,4.0,yes,"{""count_fp"":""4.00"",""created_time"":""2026-04-28T02:45:46.063028Z"",""no_price_dollars"":""0.4800"",""taker_side"":""yes"",""ticker"":""KXETH15M-26APR272300-00"",""trade_id"":""4f19ea23-e839-7d92-efab-472be6cd6124"",""yes_price_dollars"":""0.5200""}"
KXETH15M-26APR272300-00,e5f314f0-f726-50a9-d533-3774d5b92e48,1777344347,0.52,56.0,yes,"{""count_fp"":""56.00"",""created_time"":""2026-04-28T02:45:47.311287Z"",""no_price_dollars"":""0.4800"",""taker_side"":""yes"",""ticker"":""KXETH15M-26APR272300-00"",""trade_id"":""e5f314f0-f726-50a9-d533-3774d5b92e48"",""yes_price_dollars"":""0.5200""}"
KXETH15M-26APR272300-00,a6612553-d1b7-75a2-91e5-f0d9d1ae912b,1777344348,0.52,75.84,no,"{""count_fp"":""75.84"",""created_time"":""2026-04-28T02:45:48.836793Z"",""no_price_dollars"":""0.4800"",""taker_side"":""no"",""ticker"":""KXETH15M-26APR272300-00"",""trade_id"":""a6612553-d1b7-75a2-91e5-f0d9d1ae912b"",""yes_price_dollars"":""0.5200""}"
KXETH15M-26APR272300-00,a285188d-480e-7859-b3db-2d989cfdb7b0,1777344348,0.52,100.0,yes,"{""count_fp"":""100.00"",""created_time"":""2026-04-28T02:45:48.221368Z"",""no_price_dollars"":""0.4800"",""taker_side"":""yes"",""ticker"":""KXETH15M-26APR272300-00"",""trade_id"":""a285188d-480e-7859-b3db-2d989cfdb7b0"",""yes_price_dollars"":""0.5200""}"
KXETH15M-26APR272300-00,1313a725-7048-76cd-af1a-b080c7248ce7,1777344348,0.52,10.0,yes,"{""count_fp"":""10.00"",""created_time"":""2026-04-28T02:45:48.221368Z"",""no_price_dollars"":""0.4800"",""taker_side"":""yes"",""ticker"":""KXETH15M-26APR272300-00"",""trade_id"":""1313a725-7048-76cd-af1a-b080c7248ce7"",""yes_price_dollars"":""0.5200""}"
KXETH15M-26APR272300-00,58c6f7a0-bacb-4546-d726-1cfc6f2d457f,1777344349,0.52,28.67,no,"{""count_fp"":""28.67"",""created_time"":""2026-04-28T02:45:49.726031Z"",""no_price_dollars"":""0.4800"",""taker_side"":""no"",""ticker"":""KXETH15M-26APR272300-00"",""trade_id"":""58c6f7a0-bacb-4546-d726-1cfc6f2d457f"",""yes_price_dollars"":""0.5200""}"
KXETH15M-26APR272300-00,1c5b5b35-98ef-764a-cabb-c4428ac557eb,1777344349,0.52,1.0,no,"{""count_fp"":""1.00"",""created_time"":""2026-04-28T02:45:49.474135Z"",""no_price_dollars"":""0.4800"",""taker_side"":""no"",""ticker"":""KXETH15M-26APR272300-00"",""trade_id"":""1c5b5b35-98ef-764a-cabb-c4428ac557eb"",""yes_price_dollars"":""0.5200""}"
KXETH15M-26APR272300-00,1bbf9dde-838b-6486-d668-470f7e71239b,1777344353,0.52,100.5,no,"{""count_fp"":""100.50"",""created_time"":""2026-04-28T02:45:53.855922Z"",""no_price_dollars"":""0.4800"",""taker_side"":""no"",""ticker"":""KXETH15M-26APR272300-00"",""trade_id"":""1bbf9dde-838b-6486-d668-470f7e71239b"",""yes_price_dollars"":""0.5200""}"
KXETH15M-26APR272300-00,f3101768-58b7-7b8a-1297-3327414db927,1777344353,0.52,14.39,no,"{""count_fp"":""14.39"",""created_time"":""2026-04-28T02:45:53.030551Z"",""no_price_dollars"":""0.4800"",""taker_side"":""no"",""ticker"":""KXETH15M-26APR272300-00"",""trade_id"":""f3101768-58b7-7b8a-1297-3327414db927"",""yes_price_dollars"":""0.5200""}"
KXETH15M-26APR272300-00,7f917549-72c1-7090-30bc-56657e158812,1777344353,0.52,5.0,no,"{""count_fp"":""5.00"",""created_time"":""2026-04-28T02:45:53.030551Z"",""no_price_dollars"":""0.4800"",""taker_side"":""no"",""ticker"":""KXETH15M-26APR272300-00"",""trade_id"":""7f917549-72c1-7090-30bc-56657e158812"",""yes_price_dollars"":""0.5200""}"
KXETH15M-26APR272300-00,5538ca1a-9913-79bd-12f9-6380e0b62250,1777344353,0.52,10.76,no,"{""count_fp"":""10.76"",""created_time"":""2026-04-28T02:45:53.030551Z"",""no_price_dollars"":""0.4800"",""taker_side"":""no"",""ticker"":""KXETH15M-26APR272300-00"",""trade_id"":""5538ca1a-9913-79bd-12f9-6380e0b62250"",""yes_price_dollars"":""0.5200""}"
KXETH15M-26APR272300-00,67f2d771-e1a3-7f62-e984-441e056f370b,1777344358,0.52,2.0,no,"{""count_fp"":""2.00"",""created_time"":""2026-04-28T02:45:58.041146Z"",""no_price_dollars"":""0.4800"",""taker_side"":""no"",""ticker"":""KXETH15M-26APR272300-00"",""trade_id"":""67f2d771-e1a3-7f62-e984-441e056f370b"",""yes_price_dollars"":""0.5200""}"
KXETH15M-26APR272300-00,28b61d48-2fab-6d0a-03fd-cbe881abca07,1777344359,0.52,1.0,no,"{""count_fp"":""1.00"",""created_time"":""2026-04-28T02:45:59.500434Z"",""no_price_dollars"":""0.4800"",""taker_side"":""no"",""ticker"":""KXETH15M-26APR272300-00"",""trade_id"":""28b61d48-2fab-6d0a-03fd-cbe881abca07"",""yes_price_dollars"":""0.5200""}"
KXETH15M-26APR272300-00,3ff2b0e2-1404-4310-503f-11c83668a4e9,1777344362,0.52,93.01,yes,"{""count_fp"":""93.01"",""created_time"":""2026-04-28T02:46:02.777866Z"",""no_price_dollars"":""0.4800"",""taker_side"":""yes"",""ticker"":""KXETH15M-26APR272300-00"",""trade_id"":""3ff2b0e2-1404-4310-503f-11c83668a4e9"",""yes_price_dollars"":""0.5200""}"
KXETH15M-26APR272300-00,d8d1823a-81e6-512c-18f8-b875b65135b8,1777344362,0.49,1.0,no,"{""count_fp"":""1.00"",""created_time"":""2026-04-28T02:46:02.663186Z"",""no_price_dollars"":""0.5100"",""taker_side"":""no"",""ticker"":""KXETH15M-26APR272300-00"",""trade_id"":""d8d1823a-81e6-512c-18f8-b875b65135b8"",""yes_price_dollars"":""0.4900""}"
KXETH15M-26APR272300-00,d59f9600-e9f8-5e2e-0d1f-963999402892,1777344362,0.5,1.0,no,"{""count_fp"":""1.00"",""created_time"":""2026-04-28T02:46:02.663186Z"",""no_price_dollars"":""0.5000"",""taker_side"":""no"",""ticker"":""KXETH15M-26APR272300-00"",""trade_id"":""d59f9600-e9f8-5e2e-0d1f-963999402892"",""yes_price_dollars"":""0.5000""}"
KXETH15M-26APR272300-00,998a1773-ae70-54e4-0c2b-b8c0888eed88,1777344362,0.49,1.0,no,"{""count_fp"":""1.00"",""created_time"":""2026-04-28T02:46:02.663186Z"",""no_price_dollars"":""0.5100"",""taker_side"":""no"",""ticker"":""KXETH15M-26APR272300-00"",""trade_id"":""998a1773-ae70-54e4-0c2b-b8c0888eed88"",""yes_price_dollars"":""0.4900""}"
KXETH15M-26APR272300-00,2a44e2ce-ce1c-5332-367f-2f1811214262,1777344362,0.49,2.0,no,"{""count_fp"":""2.00"",""created_time"":""2026-04-28T02:46:02.663186Z"",""no_price_dollars"":""0.5100"",""taker_side"":""no"",""ticker"":""KXETH15M-26APR272300-00"",""trade_id"":""2a44e2ce-ce1c-5332-367f-2f1811214262"",""yes_price_dollars"":""0.4900""}"
KXETH15M-26APR272300-00,edf2da4f-f777-69cd-b87d-2bfdbd0a5915,1777344364,0.52,1.0,yes,"{""count_fp"":""1.00"",""created_time"":""2026-04-28T02:46:04.746391Z"",""no_price_dollars"":""0.4800"",""taker_side"":""yes"",""ticker"":""KXETH15M-26APR272300-00"",""trade_id"":""edf2da4f-f777-69cd-b87d-2bfdbd0a5915"",""yes_price_dollars"":""0.5200""}"
KXETH15M-26APR272300-00,86d88c58-f5e3-40aa-2785-f22f7d73fa23,1777344368,0.5,52.0,no,"{""count_fp"":""52.00"",""created_time"":""2026-04-28T02:46:08.360515Z"",""no_price_dollars"":""0.5000"",""taker_side"":""no"",""ticker"":""KXETH15M-26APR272300-00"",""trade_id"":""86d88c58-f5e3-40aa-2785-f22f7d73fa23"",""yes_price_dollars"":""0.5000""}"
KXETH15M-26APR272300-00,bae30640-b886-5f09-3f27-a1ef24c5db90,1777344370,0.54,3.5,yes,"{""count_fp"":""3.50"",""created_time"":""2026-04-28T02:46:10.548496Z"",""no_price_dollars"":""0.4600"",""taker_side"":""yes"",""ticker"":""KXETH15M-26APR272300-00"",""trade_id"":""bae30640-b886-5f09-3f27-a1ef24c5db90"",""yes_price_dollars"":""0.5400""}"
KXETH15M-26APR272300-00,a7f4b5ad-22e7-7ce6-b277-279b4ba861b7,1777344375,0.58,2.0,no,"{""count_fp"":""2.00"",""created_time"":""2026-04-28T02:46:15.435745Z"",""no_price_dollars"":""0.4200"",""taker_side"":""no"",""ticker"":""KXETH15M-26APR272300-00"",""trade_id"":""a7f4b5ad-22e7-7ce6-b277-279b4ba861b7"",""yes_price_dollars"":""0.5800""}"
KXETH15M-26APR272300-00,d8ee08ef-c27b-77a2-9bda-e6a0cb854b83,1777344377,0.58,4.57,no,"{""count_fp"":""4.57"",""created_time"":""2026-04-28T02:46:17.835633Z"",""no_price_dollars"":""0.4200"",""taker_side"":""no"",""ticker"":""KXETH15M-26APR272300-00"",""trade_id"":""d8ee08ef-c27b-77a2-9bda-e6a0cb854b83"",""yes_price_dollars"":""0.5800""}"
KXETH15M-26APR272300-00,cbf55d48-8382-4e9c-1266-51e5be8d7951,1777344378,0.61,2.23,yes,"{""count_fp"":""2.23"",""created_time"":""2026-04-28T02:46:18.640626Z"",""no_price_dollars"":""0.3900"",""taker_side"":""yes"",""ticker"":""KXETH15M-26APR272300-00"",""trade_id"":""cbf55d48-8382-4e9c-1266-51e5be8d7951"",""yes_price_dollars"":""0.6100""}"
KXETH15M-26APR272300-00,9fd94cd4-6a88-770a-2d76-eb74cb64d57a,1777344380,0.6,5.0,yes,"{""count_fp"":""5.00"",""created_time"":""2026-04-28T02:46:20.270495Z"",""no_price_dollars"":""0.4000"",""taker_side"":""yes"",""ticker"":""KXETH15M-26APR272300-00"",""trade_id"":""9fd94cd4-6a88-770a-2d76-eb74cb64d57a"",""yes_price_dollars"":""0.6000""}"
KXETH15M-26APR272300-00,b63f08cf-d433-7ec6-0e46-8ce0f306fc6f,1777344382,0.6,11.44,no,"{""count_fp"":""11.44"",""created_time"":""2026-04-28T02:46:22.090904Z"",""no_price_dollars"":""0.4000"",""taker_side"":""no"",""ticker"":""KXETH15M-26APR272300-00"",""trade_id"":""b63f08cf-d433-7ec6-0e46-8ce0f306fc6f"",""yes_price_dollars"":""0.6000""}"
KXETH15M-26APR272300-00,d849d8c8-2193-53c2-3b3a-2d119c23f614,1777344387,0.6,10.0,yes,"{""count_fp"":""10.00"",""created_time"":""2026-04-28T02:46:27.998183Z"",""no_price_dollars"":""0.4000"",""taker_side"":""yes"",""ticker"":""KXETH15M-26APR272300-00"",""trade_id"":""d849d8c8-2193-53c2-3b3a-2d119c23f614"",""yes_price_dollars"":""0.6000""}"
KXETH15M-26APR272300-00,cfc2ae9b-4db8-5258-0460-81dd263fedc1,1777344387,0.6,100.0,yes,"{""count_fp"":""100.00"",""created_time"":""2026-04-28T02:46:27.998183Z"",""no_price_dollars"":""0.4000"",""taker_side"":""yes"",""ticker"":""KXETH15M-26APR272300-00"",""trade_id"":""cfc2ae9b-4db8-5258-0460-81dd263fedc1"",""yes_price_dollars"":""0.6000""}"
KXETH15M-26APR272300-00,a8dc9983-7c49-5cb6-0062-f2d86d8b85a8,1777344387,0.62,39.26,yes,"{""count_fp"":""39.26"",""created_time"":""2026-04-28T02:46:27.998183Z"",""no_price_dollars"":""0.3800"",""taker_side"":""yes"",""ticker"":""KXETH15M-26APR272300-00"",""trade_id"":""a8dc9983-7c49-5cb6-0062-f2d86d8b85a8"",""yes_price_dollars"":""0.6200""}"
KXETH15M-26APR272300-00,1b82b530-5ed6-5900-3da9-0e2c24e25c69,1777344387,0.6,10.0,yes,"{""count_fp"":""10.00"",""created_time"":""2026-04-28T02:46:27.998183Z"",""no_price_dollars"":""0.4000"",""taker_side"":""yes"",""ticker"":""KXETH15M-26APR272300-00"",""trade_id"":""1b82b530-5ed6-5900-3da9-0e2c24e25c69"",""yes_price_dollars"":""0.6000""}"
KXETH15M-26APR272300-00,a8cf3d79-d5e7-4dbd-77d3-be92738b355a,1777344389,0.58,3.24,yes,"{""count_fp"":""3.24"",""created_time"":""2026-04-28T02:46:29.394607Z"",""no_price_dollars"":""0.4200"",""taker_side"":""yes"",""ticker"":""KXETH15M-26APR272300-00"",""trade_id"":""a8cf3d79-d5e7-4dbd-77d3-be92738b355a"",""yes_price_dollars"":""0.5800""}"
KXETH15M-26APR272300-00,6545de1e-402d-56fa-6df7-006f351357ce,1777344393,0.51,2.0,no,"{""count_fp"":""2.00"",""created_time"":""2026-04-28T02:46:33.911196Z"",""no_price_dollars"":""0.4900"",""taker_side"":""no"",""ticker"":""KXETH15M-26APR272300-00"",""trade_id"":""6545de1e-402d-56fa-6df7-006f351357ce"",""yes_price_dollars"":""0.5100""}"
KXETH15M-26APR272300-00,bcf13933-92db-5bed-4776-9e4223171c3a,1777344395,0.54,1.0,yes,"{""count_fp"":""1.00"",""created_time"":""2026-04-28T02:46:35.978832Z"",""no_price_dollars"":""0.4600"",""taker_side"":""yes"",""ticker"":""KXETH15M-26APR272300-00"",""trade_id"":""bcf13933-92db-5bed-4776-9e4223171c3a"",""yes_price_dollars"":""0.5400""}"
KXETH15M-26APR272300-00,3a25984a-4e9b-4bd6-1358-f0fd2a774be6,1777344395,0.53,5.0,yes,"{""count_fp"":""5.00"",""created_time"":""2026-04-28T02:46:35.271287Z"",""no_price_dollars"":""0.4700"",""taker_side"":""yes"",""ticker"":""KXETH15M-26APR272300-00"",""trade_id"":""3a25984a-4e9b-4bd6-1358-f0fd2a774be6"",""yes_price_dollars"":""0.5300""}"
KXETH15M-26APR272300-00,6db3d8ec-8541-5bc2-b780-90f0800d754a,1777344397,0.54,5.0,no,"{""count_fp"":""5.00"",""created_time"":""2026-04-28T02:46:37.096794Z"",""no_price_dollars"":""0.4600"",""taker_side"":""no"",""ticker"":""KXETH15M-26APR272300-00"",""trade_id"":""6db3d8ec-8541-5bc2-b780-90f0800d754a"",""yes_price_dollars"":""0.5400""}"
KXETH15M-26APR272300-00,a57f79c1-8414-6fbc-1381-98a87a78eaec,1777344401,0.55,1.0,yes,"{""count_fp"":""1.00"",""created_time"":""2026-04-28T02:46:41.179651Z"",""no_price_dollars"":""0.4500"",""taker_side"":""yes"",""ticker"":""KXETH15M-26APR272300-00"",""trade_id"":""a57f79c1-8414-6fbc-1381-98a87a78eaec"",""yes_price_dollars"":""0.5500""}"
KXETH15M-26APR272300-00,26abf11e-e72d-6b01-0dd5-a6069a09163c,1777344401,0.57,10.0,yes,"{""count_fp"":""10.00"",""created_time"":""2026-04-28T02:46:41.179651Z"",""no_price_dollars"":""0.4300"",""taker_side"":""yes"",""ticker"":""KXETH15M-26APR272300-00"",""trade_id"":""26abf11e-e72d-6b01-0dd5-a6069a09163c"",""yes_price_dollars"":""0.5700""}"
KXETH15M-26APR272300-00,0939133f-e7a7-73c2-b10c-ea110b7196b3,1777344405,0.61,1.0,no,"{""count_fp"":""1.00"",""created_time"":""2026-04-28T02:46:45.674366Z"",""no_price_dollars"":""0.3900"",""taker_side"":""no"",""ticker"":""KXETH15M-26APR272300-00"",""trade_id"":""0939133f-e7a7-73c2-b10c-ea110b7196b3"",""yes_price_dollars"":""0.6100""}"
KXETH15M-26APR272300-00,f99d0220-d972-5afb-fb62-7bc0c0fc7bde,1777344407,0.62,1.0,no,"{""count_fp"":""1.00"",""created_time"":""2026-04-28T02:46:47.101059Z"",""no_price_dollars"":""0.3800"",""taker_side"":""no"",""ticker"":""KXETH15M-26APR272300-00"",""trade_id"":""f99d0220-d972-5afb-fb62-7bc0c0fc7bde"",""yes_price_dollars"":""0.6200""}"
KXETH15M-26APR272300-00,ab6fea61-3e57-5d6e-f7ff-7a303947890f,1777344407,0.62,5.0,no,"{""count_fp"":""5.00"",""created_time"":""2026-04-28T02:46:47.101059Z"",""no_price_dollars"":""0.3800"",""taker_side"":""no"",""ticker"":""KXETH15M-26APR272300-00"",""trade_id"":""ab6fea61-3e57-5d6e-f7ff-7a303947890f"",""yes_price_dollars"":""0.6200""}"
KXETH15M-26APR272300-00,27d1f54e-255f-7836-ec3d-01e81e42333f,1777344408,0.62,1.17,no,"{""count_fp"":""1.17"",""created_time"":""2026-04-28T02:46:48.295461Z"",""no_price_dollars"":""0.3800"",""taker_side"":""no"",""ticker"":""KXETH15M-26APR272300-00"",""trade_id"":""27d1f54e-255f-7836-ec3d-01e81e42333f"",""yes_price_dollars"":""0.6200""}"
KXETH15M-26APR272300-00,07b31889-201b-4416-2264-e1ac23ec642b,1777344408,0.62,6.0,no,"{""count_fp"":""6.00"",""created_time"":""2026-04-28T02:46:48.124131Z"",""no_price_dollars"":""0.3800"",""taker_side"":""no"",""ticker"":""KXETH15M-26APR272300-00"",""trade_id"":""07b31889-201b-4416-2264-e1ac23ec642b"",""yes_price_dollars"":""0.6200""}"
KXETH15M-26APR272300-00,9bc1a525-3af3-4362-4435-111bacf9241b,1777344408,0.62,1.0,no,"{""count_fp"":""1.00"",""created_time"":""2026-04-28T02:46:48.071994Z"",""no_price_dollars"":""0.3800"",""taker_side"":""no"",""ticker"":""KXETH15M-26APR272300-00"",""trade_id"":""9bc1a525-3af3-4362-4435-111bacf9241b"",""yes_price_dollars"":""0.6200""}"
KXETH15M-26APR272300-00,29c26156-f1bf-448a-b50b-527ed3d4e6ff,1777344409,0.62,6.0,no,"{""count_fp"":""6.00"",""created_time"":""2026-04-28T02:46:49.103282Z"",""no_price_dollars"":""0.3800"",""taker_side"":""no"",""ticker"":""KXETH15M-26APR272300-00"",""trade_id"":""29c26156-f1bf-448a-b50b-527ed3d4e6ff"",""yes_price_dollars"":""0.6200""}"
KXETH15M-26APR272300-00,cf2ac3a8-46a4-7e30-e03a-cd2c177e3731,1777344410,0.63,1.54,yes,"{""count_fp"":""1.54"",""created_time"":""2026-04-28T02:46:50.002221Z"",""no_price_dollars"":""0.3700"",""taker_side"":""yes"",""ticker"":""KXETH15M-26APR272300-00"",""trade_id"":""cf2ac3a8-46a4-7e30-e03a-cd2c177e3731"",""yes_price_dollars"":""0.6300""}"
KXETH15M-26APR272300-00,4700deb6-f8cf-4f9d-e2aa-728cc0766d1e,1777344411,0.6,22.94,yes,"{""count_fp"":""22.94"",""created_time"":""2026-04-28T02:46:51.093121Z"",""no_price_dollars"":""0.4000"",""taker_side"":""yes"",""ticker"":""KXETH15M-26APR272300-00"",""trade_id"":""4700deb6-f8cf-4f9d-e2aa-728cc0766d1e"",""yes_price_dollars"":""0.6000""}"
KXETH15M-26APR272300-00,17fa4ccc-25a4-6b27-b7a9-adda777db814,1777344413,0.58,2.0,yes,"{""count_fp"":""2.00"",""created_time"":""2026-04-28T02:46:53.459332Z"",""no_price_dollars"":""0.4200"",""taker_side"":""yes"",""ticker"":""KXETH15M-26APR272300-00"",""trade_id"":""17fa4ccc-25a4-6b27-b7a9-adda777db814"",""yes_price_dollars"":""0.5800""}"
KXETH15M-26APR272300-00,6a88c6f5-6027-7cf9-6e8f-67cb3dcff53c,1777344419,0.58,2.0,yes,"{""count_fp"":""2.00"",""created_time"":""2026-04-28T02:46:59.109032Z"",""no_price_dollars"":""0.4200"",""taker_side"":""yes"",""ticker"":""KXETH15M-26APR272300-00"",""trade_id"":""6a88c6f5-6027-7cf9-6e8f-67cb3dcff53c"",""yes_price_dollars"":""0.5800""}"
KXETH15M-26APR272300-00,1fbd6f63-a0c0-6ecf-12e2-2ed8fbac8014,1777344420,0.57,111.81,no,"{""count_fp"":""111.81"",""created_time"":""2026-04-28T02:47:00.014188Z"",""no_price_dollars"":""0.4300"",""taker_side"":""no"",""ticker"":""KXETH15M-26APR272300-00"",""trade_id"":""1fbd6f63-a0c0-6ecf-12e2-2ed8fbac8014"",""yes_price_dollars"":""0.5700""}"
KXETH15M-26APR272300-00,927bccdc-f41b-6d25-ba6e-1d93cbf18bca,1777344430,0.59,1.64,yes,"{""count_fp"":""1.64"",""created_time"":""2026-04-28T02:47:10.186547Z"",""no_price_dollars"":""0.4100"",""taker_side"":""yes"",""ticker"":""KXETH15M-26APR272300-00"",""trade_id"":""927bccdc-f41b-6d25-ba6e-1d93cbf18bca"",""yes_price_dollars"":""0.5900""}"
KXETH15M-26APR272300-00,10488b31-e21e-6b2d-83a9-9354f95b9729,1777344448,0.58,2.28,no,"{""count_fp"":""2.28"",""created_time"":""2026-04-28T02:47:28.414779Z"",""no_price_dollars"":""0.4200"",""taker_side"":""no"",""ticker"":""KXETH15M-26APR272300-00"",""trade_id"":""10488b31-e21e-6b2d-83a9-9354f95b9729"",""yes_price_dollars"":""0.5800""}"
KXETH15M-26APR272300-00,e43ba7c2-f7d1-6f62-355f-8da0233b33e8,1777344451,0.58,1.0,no,"{""count_fp"":""1.00"",""created_time"":""2026-04-28T02:47:31.968258Z"",""no_price_dollars"":""0.4200"",""taker_side"":""no"",""ticker"":""KXETH15M-26APR272300-00"",""trade_id"":""e43ba7c2-f7d1-6f62-355f-8da0233b33e8"",""yes_price_dollars"":""0.5800""}"
KXETH15M-26APR272300-00,556651dc-4c27-440c-98a8-ebd115f614da,1777344455,0.63,1.51,yes,"{""count_fp"":""1.51"",""created_time"":""2026-04-28T02:47:35.698529Z"",""no_price_dollars"":""0.3700"",""taker_side"":""yes"",""ticker"":""KXETH15M-26APR272300-00"",""trade_id"":""556651dc-4c27-440c-98a8-ebd115f614da"",""yes_price_dollars"":""0.6300""}"
KXETH15M-26APR272300-00,bfa96d3a-d4d3-4220-1776-be87b1e67f69,1777344470,0.64,4.75,yes,"{""count_fp"":""4.75"",""created_time"":""2026-04-28T02:47:50.755917Z"",""no_price_dollars"":""0.3600"",""taker_side"":""yes"",""ticker"":""KXETH15M-26APR272300-00"",""trade_id"":""bfa96d3a-d4d3-4220-1776-be87b1e67f69"",""yes_price_dollars"":""0.6400""}"
KXETH15M-26APR272300-00,96999756-5173-448c-3238-99a27af4531a,1777344470,0.63,0.49,yes,"{""count_fp"":""0.49"",""created_time"":""2026-04-28T02:47:50.755917Z"",""no_price_dollars"":""0.3700"",""taker_side"":""yes"",""ticker"":""KXETH15M-26APR272300-00"",""trade_id"":""96999756-5173-448c-3238-99a27af4531a"",""yes_price_dollars"":""0.6300""}"
KXETH15M-26APR272300-00,741e40d3-3e47-4355-3a52-ba13d759a0fd,1777344470,0.63,10.0,yes,"{""count_fp"":""10.00"",""created_time"":""2026-04-28T02:47:50.755917Z"",""no_price_dollars"":""0.3700"",""taker_side"":""yes"",""ticker"":""KXETH15M-26APR272300-00"",""trade_id"":""741e40d3-3e47-4355-3a52-ba13d759a0fd"",""yes_price_dollars"":""0.6300""}"
KXETH15M-26APR272300-00,7c807f86-9667-7ad0-62a6-2aec09db31d2,1777344471,0.6,2.0,no,"{""count_fp"":""2.00"",""created_time"":""2026-04-28T02:47:51.880663Z"",""no_price_dollars"":""0.4000"",""taker_side"":""no"",""ticker"":""KXETH15M-26APR272300-00"",""trade_id"":""7c807f86-9667-7ad0-62a6-2aec09db31d2"",""yes_price_dollars"":""0.6000""}"
KXETH15M-26APR272300-00,5e309ae4-b7fc-79a5-6dfa-ab5db6b29176,1777344471,0.6,9.74,no,"{""count_fp"":""9.74"",""created_time"":""2026-04-28T02:47:51.880663Z"",""no_price_dollars"":""0.4000"",""taker_side"":""no"",""ticker"":""KXETH15M-26APR272300-00"",""trade_id"":""5e309ae4-b7fc-79a5-6dfa-ab5db6b29176"",""yes_price_dollars"":""0.6000""}"
KXETH15M-26APR272300-00,95b3a2db-d5b8-793a-e5d2-435382c8ea5d,1777344471,0.63,1.0,yes,"{""count_fp"":""1.00"",""created_time"":""2026-04-28T02:47:51.244253Z"",""no_price_dollars"":""0.3700"",""taker_side"":""yes"",""ticker"":""KXETH15M-26APR272300-00"",""trade_id"":""95b3a2db-d5b8-793a-e5d2-435382c8ea5d"",""yes_price_dollars"":""0.6300""}"
KXETH15M-26APR272300-00,c94203c6-978d-76cf-b4ce-2995a0960d25,1777344481,0.58,1.0,no,"{""count_fp"":""1.00"",""created_time"":""2026-04-28T02:48:01.969093Z"",""no_price_dollars"":""0.4200"",""taker_side"":""no"",""ticker"":""KXETH15M-26APR272300-00"",""trade_id"":""c94203c6-978d-76cf-b4ce-2995a0960d25"",""yes_price_dollars"":""0.5800""}"
KXETH15M-26APR272300-00,36ff765b-9594-4947-cec0-9f6309e05848,1777344486,0.57,2.0,no,"{""count_fp"":""2.00"",""created_time"":""2026-04-28T02:48:06.744132Z"",""no_price_dollars"":""0.4300"",""taker_side"":""no"",""ticker"":""KXETH15M-26APR272300-00"",""trade_id"":""36ff765b-9594-4947-cec0-9f6309e05848"",""yes_price_dollars"":""0.5700""}"
KXETH15M-26APR272300-00,5f77c7c7-f0ec-7bcf-c8e4-d22eb00c164c,1777344494,0.57,24.0,no,"{""count_fp"":""24.00"",""created_time"":""2026-04-28T02:48:14.122629Z"",""no_price_dollars"":""0.4300"",""taker_side"":""no"",""ticker"":""KXETH15M-26APR272300-00"",""trade_id"":""5f77c7c7-f0ec-7bcf-c8e4-d22eb00c164c"",""yes_price_dollars"":""0.5700""}"
KXETH15M-26APR272300-00,8b403ada-c118-61af-17b8-9147076d3ed8,1777344496,0.57,14.0,no,"{""count_fp"":""14.00"",""created_time"":""2026-04-28T02:48:16.520664Z"",""no_price_dollars"":""0.4300"",""taker_side"":""no"",""ticker"":""KXETH15M-26APR272300-00"",""trade_id"":""8b403ada-c118-61af-17b8-9147076d3ed8"",""yes_price_dollars"":""0.5700""}"
KXETH15M-26APR272300-00,e127e481-fbb7-5299-2931-b85dded71553,1777344499,0.5,76.3,no,"{""count_fp"":""76.30"",""created_time"":""2026-04-28T02:48:19.260317Z"",""no_price_dollars"":""0.5000"",""taker_side"":""no"",""ticker"":""KXETH15M-26APR272300-00"",""trade_id"":""e127e481-fbb7-5299-2931-b85dded71553"",""yes_price_dollars"":""0.5000""}"
KXETH15M-26APR272300-00,d71dad72-c35c-519d-1774-36652bb9be8a,1777344499,0.53,10.0,no,"{""count_fp"":""10.00"",""created_time"":""2026-04-28T02:48:19.260317Z"",""no_price_dollars"":""0.4700"",""taker_side"":""no"",""ticker"":""KXETH15M-26APR272300-00"",""trade_id"":""d71dad72-c35c-519d-1774-36652bb9be8a"",""yes_price_dollars"":""0.5300""}"
KXETH15M-26APR272300-00,4ff48af1-9019-5eef-1417-a19b39371a2b,1777344499,0.53,10.0,no,"{""count_fp"":""10.00"",""created_time"":""2026-04-28T02:48:19.260317Z"",""no_price_dollars"":""0.4700"",""taker_side"":""no"",""ticker"":""KXETH15M-26APR272300-00"",""trade_id"":""4ff48af1-9019-5eef-1417-a19b39371a2b"",""yes_price_dollars"":""0.5300""}"
KXETH15M-26APR272300-00,6a0ccf87-a53e-72a2-6b34-9955c6bc6a9c,1777344503,0.49,5.0,no,"{""count_fp"":""5.00"",""created_time"":""2026-04-28T02:48:23.966451Z"",""no_price_dollars"":""0.5100"",""taker_side"":""no"",""ticker"":""KXETH15M-26APR272300-00"",""trade_id"":""6a0ccf87-a53e-72a2-6b34-9955c6bc6a9c"",""yes_price_dollars"":""0.4900""}"
KXETH15M-26APR272300-00,87447139-0d8d-7408-6ebe-a272cfbe5bce,1777344507,0.49,6.6,no,"{""count_fp"":""6.60"",""created_time"":""2026-04-28T02:48:27.878652Z"",""no_price_dollars"":""0.5100"",""taker_side"":""no"",""ticker"":""KXETH15M-26APR272300-00"",""trade_id"":""87447139-0d8d-7408-6ebe-a272cfbe5bce"",""yes_price_dollars"":""0.4900""}"
KXETH15M-26APR272300-00,7d05d50a-9bfa-7ee4-7bd6-e3ddd7cdb83b,1777344507,0.49,18.0,no,"{""count_fp"":""18.00"",""created_time"":""2026-04-28T02:48:27.878652Z"",""no_price_dollars"":""0.5100"",""taker_side"":""no"",""ticker"":""KXETH15M-26APR272300-00"",""trade_id"":""7d05d50a-9bfa-7ee4-7bd6-e3ddd7cdb83b"",""yes_price_dollars"":""0.4900""}"
KXETH15M-26APR272300-00,3d49019c-bfde-7f42-4b5c-13c920c4e028,1777344507,0.49,19.0,no,"{""count_fp"":""19.00"",""created_time"":""2026-04-28T02:48:27.878652Z"",""no_price_dollars"":""0.5100"",""taker_side"":""no"",""ticker"":""KXETH15M-26APR272300-00"",""trade_id"":""3d49019c-bfde-7f42-4b5c-13c920c4e028"",""yes_price_dollars"":""0.4900""}"
KXETH15M-26APR272300-00,edc3eace-26a0-6472-d3ad-a807f9b7bc60,1777344511,0.47,10.0,no,"{""count_fp"":""10.00"",""created_time"":""2026-04-28T02:48:31.941452Z"",""no_price_dollars"":""0.5300"",""taker_side"":""no"",""ticker"":""KXETH15M-26APR272300-00"",""trade_id"":""edc3eace-26a0-6472-d3ad-a807f9b7bc60"",""yes_price_dollars"":""0.4700""}"
KXETH15M-26APR272300-00,aaddba8f-5dca-5b4c-09e2-f7457214cf5f,1777344515,0.44,1.54,no,"{""count_fp"":""1.54"",""created_time"":""2026-04-28T02:48:35.762697Z"",""no_price_dollars"":""0.5600"",""taker_side"":""no"",""ticker"":""KXETH15M-26APR272300-00"",""trade_id"":""aaddba8f-5dca-5b4c-09e2-f7457214cf5f"",""yes_price_dollars"":""0.4400""}"
KXETH15M-26APR272300-00,081d024d-6043-7f50-1019-5df083ce698c,1777344515,0.45,8.0,yes,"{""count_fp"":""8.00"",""created_time"":""2026-04-28T02:48:35.505618Z"",""no_price_dollars"":""0.5500"",""taker_side"":""yes"",""ticker"":""KXETH15M-26APR272300-00"",""trade_id"":""081d024d-6043-7f50-1019-5df083ce698c"",""yes_price_dollars"":""0.4500""}"
KXETH15M-26APR272300-00,0c53b4c0-93d6-6c7d-fc36-3b8207e1cf04,1777344515,0.44,1.0,no,"{""count_fp"":""1.00"",""created_time"":""2026-04-28T02:48:35.447022Z"",""no_price_dollars"":""0.5600"",""taker_side"":""no"",""ticker"":""KXETH15M-26APR272300-00"",""trade_id"":""0c53b4c0-93d6-6c7d-fc36-3b8207e1cf04"",""yes_price_dollars"":""0.4400""}"
KXETH15M-26APR272300-00,fe1c5a8f-1a7c-5ec0-4f48-3a87c78aed8f,1777344515,0.46,60.0,no,"{""count_fp"":""60.00"",""created_time"":""2026-04-28T02:48:35.174201Z"",""no_price_dollars"":""0.5400"",""taker_side"":""no"",""ticker"":""KXETH15M-26APR272300-00"",""trade_id"":""fe1c5a8f-1a7c-5ec0-4f48-3a87c78aed8f"",""yes_price_dollars"":""0.4600""}"
KXETH15M-26APR272300-00,7a66f49c-d88a-52cd-5df9-81066437f742,1777344515,0.46,10.0,no,"{""count_fp"":""10.00"",""created_time"":""2026-04-28T02:48:35.174201Z"",""no_price_dollars"":""0.5400"",""taker_side"":""no"",""ticker"":""KXETH15M-26APR272300-00"",""trade_id"":""7a66f49c-d88a-52cd-5df9-81066437f742"",""yes_price_dollars"":""0.4600""}"
KXETH15M-26APR272300-00,e4cbd8b2-fbcf-5340-056d-88c3e84b1430,1777344516,0.46,100.0,yes,"{""count_fp"":""100.00"",""created_time"":""2026-04-28T02:48:36.434159Z"",""no_price_dollars"":""0.5400"",""taker_side"":""yes"",""ticker"":""KXETH15M-26APR272300-00"",""trade_id"":""e4cbd8b2-fbcf-5340-056d-88c3e84b1430"",""yes_price_dollars"":""0.4600""}"
KXETH15M-26APR272300-00,51088819-5a93-7845-e79d-f521d670a748,1777344517,0.49,2.0,yes,"{""count_fp"":""2.00"",""created_time"":""2026-04-28T02:48:37.128045Z"",""no_price_dollars"":""0.5100"",""taker_side"":""yes"",""ticker"":""KXETH15M-26APR272300-00"",""trade_id"":""51088819-5a93-7845-e79d-f521d670a748"",""yes_price_dollars"":""0.4900""}"
KXETH15M-26APR272300-00,d5d6deba-8dc0-7b37-b0fe-947361b1961c,1777344518,0.53,0.18,no,"{""count_fp"":""0.18"",""created_time"":""2026-04-28T02:48:38.540993Z"",""no_price_dollars"":""0.4700"",""taker_side"":""no"",""ticker"":""KXETH15M-26APR272300-00"",""trade_id"":""d5d6deba-8dc0-7b37-b0fe-947361b1961c"",""yes_price_dollars"":""0.5300""}"
KXETH15M-26APR272300-00,4faaf4dc-9698-4943-0345-13ae8520c2f8,1777344518,0.53,179.83,no,"{""count_fp"":""179.83"",""created_time"":""2026-04-28T02:48:38.300406Z"",""no_price_dollars"":""0.4700"",""taker_side"":""no"",""ticker"":""KXETH15M-26APR272300-00"",""trade_id"":""4faaf4dc-9698-4943-0345-13ae8520c2f8"",""yes_price_dollars"":""0.5300""}"
KXETH15M-26APR272300-00,27fd76df-fa2d-534b-6b7c-07113e18e904,1777344520,0.58,2.0,yes,"{""count_fp"":""2.00"",""created_time"":""2026-04-28T02:48:40.584735Z"",""no_price_dollars"":""0.4200"",""taker_side"":""yes"",""ticker"":""KXETH15M-26APR272300-00"",""trade_id"":""27fd76df-fa2d-534b-6b7c-07113e18e904"",""yes_price_dollars"":""0.5800""}"
KXETH15M-26APR272300-00,6057b366-8117-4190-e4f1-96f9d34d36d0,1777344524,0.57,11.18,no,"{""count_fp"":""11.18"",""created_time"":""2026-04-28T02:48:44.255364Z"",""no_price_dollars"":""0.4300"",""taker_side"":""no"",""ticker"":""KXETH15M-26APR272300-00"",""trade_id"":""6057b366-8117-4190-e4f1-96f9d34d36d0"",""yes_price_dollars"":""0.5700""}"
KXETH15M-26APR272300-00,d6804be5-6ffe-725e-dd5b-52e7dea98351,1777344526,0.61,10.0,yes,"{""count_fp"":""10.00"",""created_time"":""2026-04-28T02:48:46.874567Z"",""no_price_dollars"":""0.3900"",""taker_side"":""yes"",""ticker"":""KXETH15M-26APR272300-00"",""trade_id"":""d6804be5-6ffe-725e-dd5b-52e7dea98351"",""yes_price_dollars"":""0.6100""}"
KXETH15M-26APR272300-00,d31e7576-9099-7026-f22d-2352510a41d0,1777344526,0.6,16.74,yes,"{""count_fp"":""16.74"",""created_time"":""2026-04-28T02:48:46.874567Z"",""no_price_dollars"":""0.4000"",""taker_side"":""yes"",""ticker"":""KXETH15M-26APR272300-00"",""trade_id"":""d31e7576-9099-7026-f22d-2352510a41d0"",""yes_price_dollars"":""0.6000""}"
KXETH15M-26APR272300-00,7cf9d368-a60c-78b8-cabc-912aae019cd6,1777344526,0.61,2.99,yes,"{""count_fp"":""2.99"",""created_time"":""2026-04-28T02:48:46.874567Z"",""no_price_dollars"":""0.3900"",""taker_side"":""yes"",""ticker"":""KXETH15M-26APR272300-00"",""trade_id"":""7cf9d368-a60c-78b8-cabc-912aae019cd6"",""yes_price_dollars"":""0.6100""}"
KXETH15M-26APR272300-00,42d8978a-a877-7ad4-eabf-207405fbfe21,1777344526,0.59,10.0,yes,"{""count_fp"":""10.00"",""created_time"":""2026-04-28T02:48:46.874567Z"",""no_price_dollars"":""0.4100"",""taker_side"":""yes"",""ticker"":""KXETH15M-26APR272300-00"",""trade_id"":""42d8978a-a877-7ad4-eabf-207405fbfe21"",""yes_price_dollars"":""0.5900""}"
KXETH15M-26APR272300-00,4c889451-1bbb-5edc-3d29-543bebaf0604,1777344528,0.57,0.82,no,"{""count_fp"":""0.82"",""created_time"":""2026-04-28T02:48:48.592306Z"",""no_price_dollars"":""0.4300"",""taker_side"":""no"",""ticker"":""KXETH15M-26APR272300-00"",""trade_id"":""4c889451-1bbb-5edc-3d29-543bebaf0604"",""yes_price_dollars"":""0.5700""}"
KXETH15M-26APR272300-00,81d55532-0b47-7578-3ac2-1d2f903f8500,1777344528,0.57,28.0,no,"{""count_fp"":""28.00"",""created_time"":""2026-04-28T02:48:48.585626Z"",""no_price_dollars"":""0.4300"",""taker_side"":""no"",""ticker"":""KXETH15M-26APR272300-00"",""trade_id"":""81d55532-0b47-7578-3ac2-1d2f903f8500"",""yes_price_dollars"":""0.5700""}"
KXETH15M-26APR272300-00,0d376a33-3288-5051-0f14-30846217fdf7,1777344529,0.52,3.56,yes,"{""count_fp"":""3.56"",""created_time"":""2026-04-28T02:48:49.715577Z"",""no_price_dollars"":""0.4800"",""taker_side"":""yes"",""ticker"":""KXETH15M-26APR272300-00"",""trade_id"":""0d376a33-3288-5051-0f14-30846217fdf7"",""yes_price_dollars"":""0.5200""}"
KXETH15M-26APR272300-00,068e8ee8-8799-714a-3584-1618c5daf91a,1777344533,0.52,4.01,no,"{""count_fp"":""4.01"",""created_time"":""2026-04-28T02:48:53.875185Z"",""no_price_dollars"":""0.4800"",""taker_side"":""no"",""ticker"":""KXETH15M-26APR272300-00"",""trade_id"":""068e8ee8-8799-714a-3584-1618c5daf91a"",""yes_price_dollars"":""0.5200""}"
KXETH15M-26APR272300-00,55229841-a3d4-4121-ef54-a18171fccabb,1777344541,0.51,1.86,yes,"{""count_fp"":""1.86"",""created_time"":""2026-04-28T02:49:01.510322Z"",""no_price_dollars"":""0.4900"",""taker_side"":""yes"",""ticker"":""KXETH15M-26APR272300-00"",""trade_id"":""55229841-a3d4-4121-ef54-a18171fccabb"",""yes_price_dollars"":""0.5100""}"
KXETH15M-26APR272300-00,b5b4b992-b9e4-58c0-4ef0-e931d91741fe,1777344542,0.51,71.22,yes,"{""count_fp"":""71.22"",""created_time"":""2026-04-28T02:49:02.364288Z"",""no_price_dollars"":""0.4900"",""taker_side"":""yes"",""ticker"":""KXETH15M-26APR272300-00"",""trade_id"":""b5b4b992-b9e4-58c0-4ef0-e931d91741fe"",""yes_price_dollars"":""0.5100""}"
KXETH15M-26APR272300-00,64e8b6dd-bbf0-5bdc-771d-74925e83fa36,1777344551,0.55,17.62,yes,"{""count_fp"":""17.62"",""created_time"":""2026-04-28T02:49:11.445825Z"",""no_price_dollars"":""0.4500"",""taker_side"":""yes"",""ticker"":""KXETH15M-26APR272300-00"",""trade_id"":""64e8b6dd-bbf0-5bdc-771d-74925e83fa36"",""yes_price_dollars"":""0.5500""}"
KXETH15M-26APR272300-00,0ba70533-d861-5256-5da2-162354a66c43,1777344555,0.51,3.94,no,"{""count_fp"":""3.94"",""created_time"":""2026-04-28T02:49:15.147385Z"",""no_price_dollars"":""0.4900"",""taker_side"":""no"",""ticker"":""KXETH15M-26APR272300-00"",""trade_id"":""0ba70533-d861-5256-5da2-162354a66c43"",""yes_price_dollars"":""0.5100""}"
KXETH15M-26APR272300-00,931a5ce5-c8e7-749e-8f60-64b20f28ba41,1777344556,0.5,3.86,no,"{""count_fp"":""3.86"",""created_time"":""2026-04-28T02:49:16.807333Z"",""no_price_dollars"":""0.5000"",""taker_side"":""no"",""ticker"":""KXETH15M-26APR272300-00"",""trade_id"":""931a5ce5-c8e7-749e-8f60-64b20f28ba41"",""yes_price_dollars"":""0.5000""}"
KXETH15M-26APR272300-00,c61fc13c-9673-60ed-4621-5e8515ad2850,1777344559,0.52,1.84,yes,"{""count_fp"":""1.84"",""created_time"":""2026-04-28T02:49:19.907518Z"",""no_price_dollars"":""0.4800"",""taker_side"":""yes"",""ticker"":""KXETH15M-26APR272300-00"",""trade_id"":""c61fc13c-9673-60ed-4621-5e8515ad2850"",""yes_price_dollars"":""0.5200""}"
KXETH15M-26APR272300-00,b4af9f80-1fc7-60cd-8eb7-5c9712f6e850,1777344563,0.52,1.84,yes,"{""count_fp"":""1.84"",""created_time"":""2026-04-28T02:49:23.817402Z"",""no_price_dollars"":""0.4800"",""taker_side"":""yes"",""ticker"":""KXETH15M-26APR272300-00"",""trade_id"":""b4af9f80-1fc7-60cd-8eb7-5c9712f6e850"",""yes_price_dollars"":""0.5200""}"
KXETH15M-26APR272300-00,db928650-dc1a-7489-94cc-689ee5740e4c,1777344566,0.49,10.0,no,"{""count_fp"":""10.00"",""created_time"":""2026-04-28T02:49:26.313662Z"",""no_price_dollars"":""0.5100"",""taker_side"":""no"",""ticker"":""KXETH15M-26APR272300-00"",""trade_id"":""db928650-dc1a-7489-94cc-689ee5740e4c"",""yes_price_dollars"":""0.4900""}"
KXETH15M-26APR272300-00,cee1829a-8ce9-72ad-9d5a-10c60fead74b,1777344566,0.48,19.0,no,"{""count_fp"":""19.00"",""created_time"":""2026-04-28T02:49:26.313662Z"",""no_price_dollars"":""0.5200"",""taker_side"":""no"",""ticker"":""KXETH15M-26APR272300-00"",""trade_id"":""cee1829a-8ce9-72ad-9d5a-10c60fead74b"",""yes_price_dollars"":""0.4800""}"
KXETH15M-26APR272300-00,98c81cbc-11c5-7348-b3b9-30a18ac28480,1777344566,0.49,10.0,no,"{""count_fp"":""10.00"",""created_time"":""2026-04-28T02:49:26.313662Z"",""no_price_dollars"":""0.5100"",""taker_side"":""no"",""ticker"":""KXETH15M-26APR272300-00"",""trade_id"":""98c81cbc-11c5-7348-b3b9-30a18ac28480"",""yes_price_dollars"":""0.4900""}"
KXETH15M-26APR272300-00,637723cc-60b8-73cc-b98c-e1c4eaf9e190,1777344566,0.48,2.3,no,"{""count_fp"":""2.30"",""created_time"":""2026-04-28T02:49:26.313662Z"",""no_price_dollars"":""0.5200"",""taker_side"":""no"",""ticker"":""KXETH15M-26APR272300-00"",""trade_id"":""637723cc-60b8-73cc-b98c-e1c4eaf9e190"",""yes_price_dollars"":""0.4800""}"
KXETH15M-26APR272300-00,361ba3ee-ff1f-6af0-9d97-a73e50de07db,1777344581,0.54,0.36,yes,"{""count_fp"":""0.36"",""created_time"":""2026-04-28T02:49:41.491789Z"",""no_price_dollars"":""0.4600"",""taker_side"":""yes"",""ticker"":""KXETH15M-26APR272300-00"",""trade_id"":""361ba3ee-ff1f-6af0-9d97-a73e50de07db"",""yes_price_dollars"":""0.5400""}"
KXETH15M-26APR272300-00,cf3596d5-0205-7e4a-0cb4-b90e65235d06,1777344583,0.5,10.0,no,"{""count_fp"":""10.00"",""created_time"":""2026-04-28T02:49:43.890018Z"",""no_price_dollars"":""0.5000"",""taker_side"":""no"",""ticker"":""KXETH15M-26APR272300-00"",""trade_id"":""cf3596d5-0205-7e4a-0cb4-b90e65235d06"",""yes_price_dollars"":""0.5000""}"
KXETH15M-26APR272300-00,6b27b9e3-9485-7f36-9355-76a1982fe269,1777344586,0.45,20.0,no,"{""count_fp"":""20.00"",""created_time"":""2026-04-28T02:49:46.230994Z"",""no_price_dollars"":""0.5500"",""taker_side"":""no"",""ticker"":""KXETH15M-26APR272300-00"",""trade_id"":""6b27b9e3-9485-7f36-9355-76a1982fe269"",""yes_price_dollars"":""0.4500""}"
KXETH15M-26APR272300-00,a0714369-c6dc-41d0-a420-f7d83f95fdd4,1777344586,0.48,0.7,no,"{""count_fp"":""0.70"",""created_time"":""2026-04-28T02:49:46.192907Z"",""no_price_dollars"":""0.5200"",""taker_side"":""no"",""ticker"":""KXETH15M-26APR272300-00"",""trade_id"":""a0714369-c6dc-41d0-a420-f7d83f95fdd4"",""yes_price_dollars"":""0.4800""}"
KXETH15M-26APR272300-00,8b11cb40-4d9b-4df2-976a-e26492f10ef2,1777344586,0.46,4.3,no,"{""count_fp"":""4.30"",""created_time"":""2026-04-28T02:49:46.192907Z"",""no_price_dollars"":""0.5400"",""taker_side"":""no"",""ticker"":""KXETH15M-26APR272300-00"",""trade_id"":""8b11cb40-4d9b-4df2-976a-e26492f10ef2"",""yes_price_dollars"":""0.4600""}"
KXETH15M-26APR272300-00,7d0fb66f-e8a5-46cc-b341-c691ed164d41,1777344586,0.46,10.0,no,"{""count_fp"":""10.00"",""created_time"":""2026-04-28T02:49:46.192907Z"",""no_price_dollars"":""0.5400"",""taker_side"":""no"",""ticker"":""KXETH15M-26APR272300-00"",""trade_id"":""7d0fb66f-e8a5-46cc-b341-c691ed164d41"",""yes_price_dollars"":""0.4600""}"
KXETH15M-26APR272300-00,f5ba9575-fe84-60f4-4ef6-8845b03eb40c,1777344586,0.48,16.0,no,"{""count_fp"":""16.00"",""created_time"":""2026-04-28T02:49:46.138743Z"",""no_price_dollars"":""0.5200"",""taker_side"":""no"",""ticker"":""KXETH15M-26APR272300-00"",""trade_id"":""f5ba9575-fe84-60f4-4ef6-8845b03eb40c"",""yes_price_dollars"":""0.4800""}"
KXETH15M-26APR272300-00,d8b2d5b8-a725-4c66-5500-cbf3bfc22593,1777344591,0.47,0.36,no,"{""count_fp"":""0.36"",""created_time"":""2026-04-28T02:49:51.952869Z"",""no_price_dollars"":""0.5300"",""taker_side"":""no"",""ticker"":""KXETH15M-26APR272300-00"",""trade_id"":""d8b2d5b8-a725-4c66-5500-cbf3bfc22593"",""yes_price_dollars"":""0.4700""}"
KXETH15M-26APR272300-00,e41216cb-ab0e-4994-1aa6-ca7b6183f3fb,1777344593,0.51,37.02,yes,"{""count_fp"":""37.02"",""created_time"":""2026-04-28T02:49:53.447853Z"",""no_price_dollars"":""0.4900"",""taker_side"":""yes"",""ticker"":""KXETH15M-26APR272300-00"",""trade_id"":""e41216cb-ab0e-4994-1aa6-ca7b6183f3fb"",""yes_price_dollars"":""0.5100""}"
KXETH15M-26APR272300-00,72964b83-1d8c-4b50-3d9b-307f09187125,1777344593,0.49,0.18,yes,"{""count_fp"":""0.18"",""created_time"":""2026-04-28T02:49:53.447853Z"",""no_price_dollars"":""0.5100"",""taker_side"":""yes"",""ticker"":""KXETH15M-26APR272300-00"",""trade_id"":""72964b83-1d8c-4b50-3d9b-307f09187125"",""yes_price_dollars"":""0.4900""}"
KXETH15M-26APR272300-00,5f2e5695-bb45-40d3-1778-b86134d8e776,1777344593,0.5,5.0,yes,"{""count_fp"":""5.00"",""created_time"":""2026-04-28T02:49:53.447853Z"",""no_price_dollars"":""0.5000"",""taker_side"":""yes"",""ticker"":""KXETH15M-26APR272300-00"",""trade_id"":""5f2e5695-bb45-40d3-1778-b86134d8e776"",""yes_price_dollars"":""0.5000""}"
KXETH15M-26APR272300-00,148df058-18ee-4704-2fe9-f1eb34ca314e,1777344593,0.5,10.0,yes,"{""count_fp"":""10.00"",""created_time"":""2026-04-28T02:49:53.447853Z"",""no_price_dollars"":""0.5000"",""taker_side"":""yes"",""ticker"":""KXETH15M-26APR272300-00"",""trade_id"":""148df058-18ee-4704-2fe9-f1eb34ca314e"",""yes_price_dollars"":""0.5000""}"
KXETH15M-26APR272300-00,ff91431f-62ec-730f-85f2-b7772dfc12e8,1777344600,0.48,9.3,no,"{""count_fp"":""9.30"",""created_time"":""2026-04-28T02:50:00.640708Z"",""no_price_dollars"":""0.5200"",""taker_side"":""no"",""ticker"":""KXETH15M-26APR272300-00"",""trade_id"":""ff91431f-62ec-730f-85f2-b7772dfc12e8"",""yes_price_dollars"":""0.4800""}"
KXETH15M-26APR272300-00,6c1edcfb-af81-7c6d-c291-872592f68c64,1777344603,0.51,2.0,yes,"{""count_fp"":""2.00"",""created_time"":""2026-04-28T02:50:03.564833Z"",""no_price_dollars"":""0.4900"",""taker_side"":""yes"",""ticker"":""KXETH15M-26APR272300-00"",""trade_id"":""6c1edcfb-af81-7c6d-c291-872592f68c64"",""yes_price_dollars"":""0.5100""}"
KXETH15M-26APR272300-00,62bf35d5-6335-4428-169c-455a957ff9fa,1777344604,0.53,1.0,yes,"{""count_fp"":""1.00"",""created_time"":""2026-04-28T02:50:04.473947Z"",""no_price_dollars"":""0.4700"",""taker_side"":""yes"",""ticker"":""KXETH15M-26APR272300-00"",""trade_id"":""62bf35d5-6335-4428-169c-455a957ff9fa"",""yes_price_dollars"":""0.5300""}"
KXETH15M-26APR272300-00,ed2a815a-181d-5906-76c7-a9443a5f8161,1777344605,0.52,5.0,no,"{""count_fp"":""5.00"",""created_time"":""2026-04-28T02:50:05.955114Z"",""no_price_dollars"":""0.4800"",""taker_side"":""no"",""ticker"":""KXETH15M-26APR272300-00"",""trade_id"":""ed2a815a-181d-5906-76c7-a9443a5f8161"",""yes_price_dollars"":""0.5200""}"
KXETH15M-26APR272300-00,bccb82c4-e2a8-5f2f-44a4-eff71fa79d48,1777344605,0.5,59.42,no,"{""count_fp"":""59.42"",""created_time"":""2026-04-28T02:50:05.955114Z"",""no_price_dollars"":""0.5000"",""taker_side"":""no"",""ticker"":""KXETH15M-26APR272300-00"",""trade_id"":""bccb82c4-e2a8-5f2f-44a4-eff71fa79d48"",""yes_price_dollars"":""0.5000""}"
KXETH15M-26APR272300-00,bb7cf5e2-a6c6-5a0e-7c24-5e59c3f01dd7,1777344605,0.51,10.0,no,"{""count_fp"":""10.00"",""created_time"":""2026-04-28T02:50:05.955114Z"",""no_price_dollars"":""0.4900"",""taker_side"":""no"",""ticker"":""KXETH15M-26APR272300-00"",""trade_id"":""bb7cf5e2-a6c6-5a0e-7c24-5e59c3f01dd7"",""yes_price_dollars"":""0.5100""}"
KXETH15M-26APR272300-00,ba8d76f3-baca-511f-62bd-c26935576c1d,1777344605,0.51,10.0,no,"{""count_fp"":""10.00"",""created_time"":""2026-04-28T02:50:05.955114Z"",""no_price_dollars"":""0.4900"",""taker_side"":""no"",""ticker"":""KXETH15M-26APR272300-00"",""trade_id"":""ba8d76f3-baca-511f-62bd-c26935576c1d"",""yes_price_dollars"":""0.5100""}"
KXETH15M-26APR272300-00,a7afc0a4-73bf-5097-7f14-24eef489ae6a,1777344605,0.53,2.0,no,"{""count_fp"":""2.00"",""created_time"":""2026-04-28T02:50:05.955114Z"",""no_price_dollars"":""0.4700"",""taker_side"":""no"",""ticker"":""KXETH15M-26APR272300-00"",""trade_id"":""a7afc0a4-73bf-5097-7f14-24eef489ae6a"",""yes_price_dollars"":""0.5300""}"
KXETH15M-26APR272300-00,7fbf19f3-b351-58a8-68a9-a097c008d6db,1777344605,0.51,100.0,no,"{""count_fp"":""100.00"",""created_time"":""2026-04-28T02:50:05.955114Z"",""no_price_dollars"":""0.4900"",""taker_side"":""no"",""ticker"":""KXETH15M-26APR272300-00"",""trade_id"":""7fbf19f3-b351-58a8-68a9-a097c008d6db"",""yes_price_dollars"":""0.5100""}"
KXETH15M-26APR272300-00,1b931277-0aa1-5d73-66d6-9977522aecd9,1777344607,0.53,9.66,no,"{""count_fp"":""9.66"",""created_time"":""2026-04-28T02:50:07.995895Z"",""no_price_dollars"":""0.4700"",""taker_side"":""no"",""ticker"":""KXETH15M-26APR272300-00"",""trade_id"":""1b931277-0aa1-5d73-66d6-9977522aecd9"",""yes_price_dollars"":""0.5300""}"
KXETH15M-26APR272300-00,4dadf76c-c1f1-5ad0-16a5-ccfe20986d6e,1777344607,0.54,10.0,yes,"{""count_fp"":""10.00"",""created_time"":""2026-04-28T02:50:07.545861Z"",""no_price_dollars"":""0.4600"",""taker_side"":""yes"",""ticker"":""KXETH15M-26APR272300-00"",""trade_id"":""4dadf76c-c1f1-5ad0-16a5-ccfe20986d6e"",""yes_price_dollars"":""0.5400""}"
KXETH15M-26APR272300-00,2b50189a-acba-5ad8-0aec-781e877253f6,1777344607,0.54,5.0,yes,"{""count_fp"":""5.00"",""created_time"":""2026-04-28T02:50:07.545861Z"",""no_price_dollars"":""0.4600"",""taker_side"":""yes"",""ticker"":""KXETH15M-26APR272300-00"",""trade_id"":""2b50189a-acba-5ad8-0aec-781e877253f6"",""yes_price_dollars"":""0.5400""}"
KXETH15M-26APR272300-00,ea2321ea-40ce-6176-141f-15894e582ee9,1777344608,0.58,50.0,no,"{""count_fp"":""50.00"",""created_time"":""2026-04-28T02:50:08.085324Z"",""no_price_dollars"":""0.4200"",""taker_side"":""no"",""ticker"":""KXETH15M-26APR272300-00"",""trade_id"":""ea2321ea-40ce-6176-141f-15894e582ee9"",""yes_price_dollars"":""0.5800""}"
KXETH15M-26APR272300-00,a038555f-2545-4b85-886c-f0d779d71619,1777344608,0.55,10.0,yes,"{""count_fp"":""10.00"",""created_time"":""2026-04-28T02:50:08.040465Z"",""no_price_dollars"":""0.4500"",""taker_side"":""yes"",""ticker"":""KXETH15M-26APR272300-00"",""trade_id"":""a038555f-2545-4b85-886c-f0d779d71619"",""yes_price_dollars"":""0.5500""}"
KXETH15M-26APR272300-00,8b80bb3e-8970-499f-b749-416a92db31dd,1777344608,0.57,10.0,yes,"{""count_fp"":""10.00"",""created_time"":""2026-04-28T02:50:08.040465Z"",""no_price_dollars"":""0.4300"",""taker_side"":""yes"",""ticker"":""KXETH15M-26APR272300-00"",""trade_id"":""8b80bb3e-8970-499f-b749-416a92db31dd"",""yes_price_dollars"":""0.5700""}"
KXETH15M-26APR272300-00,47c0dbef-996f-4500-9054-bf4160a11b67,1777344608,0.57,37.0,yes,"{""count_fp"":""37.00"",""created_time"":""2026-04-28T02:50:08.040465Z"",""no_price_dollars"":""0.4300"",""taker_side"":""yes"",""ticker"":""KXETH15M-26APR272300-00"",""trade_id"":""47c0dbef-996f-4500-9054-bf4160a11b67"",""yes_price_dollars"":""0.5700""}"
KXETH15M-26APR272300-00,b9c4089c-c032-7251-2c17-5b8413483e31,1777344609,0.62,10.0,yes,"{""count_fp"":""10.00"",""created_time"":""2026-04-28T02:50:09.003846Z"",""no_price_dollars"":""0.3800"",""taker_side"":""yes"",""ticker"":""KXETH15M-26APR272300-00"",""trade_id"":""b9c4089c-c032-7251-2c17-5b8413483e31"",""yes_price_dollars"":""0.6200""}"
KXETH15M-26APR272300-00,798e6b88-2053-75e8-074f-5e07cc5e9bd9,1777344609,0.64,0.25,yes,"{""count_fp"":""0.25"",""created_time"":""2026-04-28T02:50:09.003846Z"",""no_price_dollars"":""0.3600"",""taker_side"":""yes"",""ticker"":""KXETH15M-26APR272300-00"",""trade_id"":""798e6b88-2053-75e8-074f-5e07cc5e9bd9"",""yes_price_dollars"":""0.6400""}"
KXETH15M-26APR272300-00,482b33b5-a62c-76bd-1d93-17fb037b60df,1777344609,0.64,22.75,yes,"{""count_fp"":""22.75"",""created_time"":""2026-04-28T02:50:09.003846Z"",""no_price_dollars"":""0.3600"",""taker_side"":""yes"",""ticker"":""KXETH15M-26APR272300-00"",""trade_id"":""482b33b5-a62c-76bd-1d93-17fb037b60df"",""yes_price_dollars"":""0.6400""}"
KXETH15M-26APR272300-00,3b64ae0b-abb7-7cc7-194f-cf8eadb321a7,1777344609,0.63,60.0,yes,"{""count_fp"":""60.00"",""created_time"":""2026-04-28T02:50:09.003846Z"",""no_price_dollars"":""0.3700"",""taker_side"":""yes"",""ticker"":""KXETH15M-26APR272300-00"",""trade_id"":""3b64ae0b-abb7-7cc7-194f-cf8eadb321a7"",""yes_price_dollars"":""0.6300""}"
KXETH15M-26APR272300-00,cf326bca-9f40-4cbd-f00a-74149eb0a0e8,1777344615,0.62,1.0,yes,"{""count_fp"":""1.00"",""created_time"":""2026-04-28T02:50:15.153775Z"",""no_price_dollars"":""0.3800"",""taker_side"":""yes"",""ticker"":""KXETH15M-26APR272300-00"",""trade_id"":""cf326bca-9f40-4cbd-f00a-74149eb0a0e8"",""yes_price_dollars"":""0.6200""}"
KXETH15M-26APR272300-00,fa46b890-5642-5b5c-9e9a-fe30b23ac986,1777344618,0.7,1.0,yes,"{""count_fp"":""1.00"",""created_time"":""2026-04-28T02:50:18.309763Z"",""no_price_dollars"":""0.3000"",""taker_side"":""yes"",""ticker"":""KXETH15M-26APR272300-00"",""trade_id"":""fa46b890-5642-5b5c-9e9a-fe30b23ac986"",""yes_price_dollars"":""0.7000""}"
KXETH15M-26APR272300-00,f3109b09-0c22-5baa-ab5f-3170d58bff44,1777344618,0.67,10.0,yes,"{""count_fp"":""10.00"",""created_time"":""2026-04-28T02:50:18.309763Z"",""no_price_dollars"":""0.3300"",""taker_side"":""yes"",""ticker"":""KXETH15M-26APR272300-00"",""trade_id"":""f3109b09-0c22-5baa-ab5f-3170d58bff44"",""yes_price_dollars"":""0.6700""}"
KXETH15M-26APR272300-00,8d05aa7b-e159-52f6-abe4-bd8a85eb543d,1777344618,0.72,903.0,yes,"{""count_fp"":""903.00"",""created_time"":""2026-04-28T02:50:18.309763Z"",""no_price_dollars"":""0.2800"",""taker_side"":""yes"",""ticker"":""KXETH15M-26APR272300-00"",""trade_id"":""8d05aa7b-e159-52f6-abe4-bd8a85eb543d"",""yes_price_dollars"":""0.7200""}"
KXETH15M-26APR272300-00,59aa0754-9554-5479-9de1-250f9245002a,1777344618,0.7,4.0,yes,"{""count_fp"":""4.00"",""created_time"":""2026-04-28T02:50:18.309763Z"",""no_price_dollars"":""0.3000"",""taker_side"":""yes"",""ticker"":""KXETH15M-26APR272300-00"",""trade_id"":""59aa0754-9554-5479-9de1-250f9245002a"",""yes_price_dollars"":""0.7000""}"
KXETH15M-26APR272300-00,2e847b30-7c2d-54a9-8c77-a1309415be4b,1777344618,0.66,60.0,yes,"{""count_fp"":""60.00"",""created_time"":""2026-04-28T02:50:18.309763Z"",""no_price_dollars"":""0.3400"",""taker_side"":""yes"",""ticker"":""KXETH15M-26APR272300-00"",""trade_id"":""2e847b30-7c2d-54a9-8c77-a1309415be4b"",""yes_price_dollars"":""0.6600""}"
KXETH15M-26APR272300-00,06eaf445-01aa-562c-bb9a-17fca3540694,1777344618,0.71,10.0,yes,"{""count_fp"":""10.00"",""created_time"":""2026-04-28T02:50:18.309763Z"",""no_price_dollars"":""0.2900"",""taker_side"":""yes"",""ticker"":""KXETH15M-26APR272300-00"",""trade_id"":""06eaf445-01aa-562c-bb9a-17fca3540694"",""yes_price_dollars"":""0.7100""}"
KXETH15M-26APR272300-00,84e1a936-fbd8-735f-39b1-4fcf1eebb8e9,1777344618,0.63,10.0,yes,"{""count_fp"":""10.00"",""created_time"":""2026-04-28T02:50:18.299661Z"",""no_price_dollars"":""0.3700"",""taker_side"":""yes"",""ticker"":""KXETH15M-26APR272300-00"",""trade_id"":""84e1a936-fbd8-735f-39b1-4fcf1eebb8e9"",""yes_price_dollars"":""0.6300""}"
KXETH15M-26APR272300-00,2806360b-4487-7e47-2d4e-dc0d7926b922,1777344618,0.65,54.91,yes,"{""count_fp"":""54.91"",""created_time"":""2026-04-28T02:50:18.299661Z"",""no_price_dollars"":""0.3500"",""taker_side"":""yes"",""ticker"":""KXETH15M-26APR272300-00"",""trade_id"":""2806360b-4487-7e47-2d4e-dc0d7926b922"",""yes_price_dollars"":""0.6500""}"
KXETH15M-26APR272300-00,c4de54c6-a1ff-577f-66ec-176c869678ba,1777344620,0.73,66.35,yes,"{""count_fp"":""66.35"",""created_time"":""2026-04-28T02:50:20.563814Z"",""no_price_dollars"":""0.2700"",""taker_side"":""yes"",""ticker"":""KXETH15M-26APR272300-00"",""trade_id"":""c4de54c6-a1ff-577f-66ec-176c869678ba"",""yes_price_dollars"":""0.7300""}"
KXETH15M-26APR272300-00,9a8e67ba-a096-5ae6-25e6-c3f2119f8dab,1777344621,0.69,5.0,yes,"{""count_fp"":""5.00"",""created_time"":""2026-04-28T02:50:21.857861Z"",""no_price_dollars"":""0.3100"",""taker_side"":""yes"",""ticker"":""KXETH15M-26APR272300-00"",""trade_id"":""9a8e67ba-a096-5ae6-25e6-c3f2119f8dab"",""yes_price_dollars"":""0.6900""}"
KXETH15M-26APR272300-00,a93e1cb5-5366-5782-698c-97755ada085a,1777344621,0.67,10.0,no,"{""count_fp"":""10.00"",""created_time"":""2026-04-28T02:50:21.067582Z"",""no_price_dollars"":""0.3300"",""taker_side"":""no"",""ticker"":""KXETH15M-26APR272300-00"",""trade_id"":""a93e1cb5-5366-5782-698c-97755ada085a"",""yes_price_dollars"":""0.6700""}"
KXETH15M-26APR272300-00,a7e3b893-1820-59cf-5c34-6ace56843164,1777344621,0.67,4.47,no,"{""count_fp"":""4.47"",""created_time"":""2026-04-28T02:50:21.067582Z"",""no_price_dollars"":""0.3300"",""taker_side"":""no"",""ticker"":""KXETH15M-26APR272300-00"",""trade_id"":""a7e3b893-1820-59cf-5c34-6ace56843164"",""yes_price_dollars"":""0.6700""}"
KXETH15M-26APR272300-00,f58ef900-fa3c-4f7f-e05c-475e36c276c8,1777344624,0.73,5.0,no,"{""count_fp"":""5.00"",""created_time"":""2026-04-28T02:50:24.715485Z"",""no_price_dollars"":""0.2700"",""taker_side"":""no"",""ticker"":""KXETH15M-26APR272300-00"",""trade_id"":""f58ef900-fa3c-4f7f-e05c-475e36c276c8"",""yes_price_dollars"":""0.7300""}"
KXETH15M-26APR272300-00,bf28df1d-9cc7-64b6-f082-b57b19c182ad,1777344625,0.75,1.0,yes,"{""count_fp"":""1.00"",""created_time"":""2026-04-28T02:50:25.250323Z"",""no_price_dollars"":""0.2500"",""taker_side"":""yes"",""ticker"":""KXETH15M-26APR272300-00"",""trade_id"":""bf28df1d-9cc7-64b6-f082-b57b19c182ad"",""yes_price_dollars"":""0.7500""}"
KXETH15M-26APR272300-00,d89f84cf-f318-4b8f-8a47-2890ee4e3864,1777344625,0.73,5.0,no,"{""count_fp"":""5.00"",""created_time"":""2026-04-28T02:50:25.121546Z"",""no_price_dollars"":""0.2700"",""taker_side"":""no"",""ticker"":""KXETH15M-26APR272300-00"",""trade_id"":""d89f84cf-f318-4b8f-8a47-2890ee4e3864"",""yes_price_dollars"":""0.7300""}"
KXETH15M-26APR272300-00,221804d1-b619-5219-2253-68f543353b12,1777344626,0.81,1.0,yes,"{""count_fp"":""1.00"",""created_time"":""2026-04-28T02:50:26.871254Z"",""no_price_dollars"":""0.1900"",""taker_side"":""yes"",""ticker"":""KXETH15M-26APR272300-00"",""trade_id"":""221804d1-b619-5219-2253-68f543353b12"",""yes_price_dollars"":""0.8100""}"
KXETH15M-26APR272300-00,bfbffb29-48e1-7a2d-7180-73822631cdba,1777344626,0.81,0.66,yes,"{""count_fp"":""0.66"",""created_time"":""2026-04-28T02:50:26.695668Z"",""no_price_dollars"":""0.1900"",""taker_side"":""yes"",""ticker"":""KXETH15M-26APR272300-00"",""trade_id"":""bfbffb29-48e1-7a2d-7180-73822631cdba"",""yes_price_dollars"":""0.8100""}"
KXETH15M-26APR272300-00,b249caf2-8f87-743a-7f3e-7a1ff6aaca35,1777344626,0.8,9.0,yes,"{""count_fp"":""9.00"",""created_time"":""2026-04-28T02:50:26.695668Z"",""no_price_dollars"":""0.2000"",""taker_side"":""yes"",""ticker"":""KXETH15M-26APR272300-00"",""trade_id"":""b249caf2-8f87-743a-7f3e-7a1ff6aaca35"",""yes_price_dollars"":""0.8000""}"
KXETH15M-26APR272300-00,0a5cf5b1-94ab-583a-b907-3b324a3ae14d,1777344626,0.8,1.0,yes,"{""count_fp"":""1.00"",""created_time"":""2026-04-28T02:50:26.664183Z"",""no_price_dollars"":""0.2000"",""taker_side"":""yes"",""ticker"":""KXETH15M-26APR272300-00"",""trade_id"":""0a5cf5b1-94ab-583a-b907-3b324a3ae14d"",""yes_price_dollars"":""0.8000""}"
KXETH15M-26APR272300-00,f264d82e-6c6e-4e60-212b-3377fdb1e59d,1777344626,0.75,2.0,no,"{""count_fp"":""2.00"",""created_time"":""2026-04-28T02:50:26.008795Z"",""no_price_dollars"":""0.2500"",""taker_side"":""no"",""ticker"":""KXETH15M-26APR272300-00"",""trade_id"":""f264d82e-6c6e-4e60-212b-3377fdb1e59d"",""yes_price_dollars"":""0.7500""}"
KXETH15M-26APR272300-00,c153a5f6-f1aa-424e-261b-4128361f504c,1777344626,0.74,1.28,no,"{""count_fp"":""1.28"",""created_time"":""2026-04-28T02:50:26.008795Z"",""no_price_dollars"":""0.2600"",""taker_side"":""no"",""ticker"":""KXETH15M-26APR272300-00"",""trade_id"":""c153a5f6-f1aa-424e-261b-4128361f504c"",""yes_price_dollars"":""0.7400""}"
KXETH15M-26APR272300-00,0a980ccb-36ff-4118-f91b-2e46abe605f3,1777344628,0.82,1.0,yes,"{""count_fp"":""1.00"",""created_time"":""2026-04-28T02:50:28.276706Z"",""no_price_dollars"":""0.1800"",""taker_side"":""yes"",""ticker"":""KXETH15M-26APR272300-00"",""trade_id"":""0a980ccb-36ff-4118-f91b-2e46abe605f3"",""yes_price_dollars"":""0.8200""}"
KXETH15M-26APR272300-00,f9ed88e6-d97a-5045-b0cd-2272ef3e9a12,1777344629,0.83,2.75,yes,"{""count_fp"":""2.75"",""created_time"":""2026-04-28T02:50:29.815895Z"",""no_price_dollars"":""0.1700"",""taker_side"":""yes"",""ticker"":""KXETH15M-26APR272300-00"",""trade_id"":""f9ed88e6-d97a-5045-b0cd-2272ef3e9a12"",""yes_price_dollars"":""0.8300""}"
KXETH15M-26APR272300-00,89ae942f-bb01-5097-9b75-af0b29e31e1f,1777344629,0.83,5.0,yes,"{""count_fp"":""5.00"",""created_time"":""2026-04-28T02:50:29.815895Z"",""no_price_dollars"":""0.1700"",""taker_side"":""yes"",""ticker"":""KXETH15M-26APR272300-00"",""trade_id"":""89ae942f-bb01-5097-9b75-af0b29e31e1f"",""yes_price_dollars"":""0.8300""}"
KXETH15M-26APR272300-00,fbb1c47a-6758-62d3-5e66-73a5db82f2d8,1777344629,0.81,4.01,no,"{""count_fp"":""4.01"",""created_time"":""2026-04-28T02:50:29.109448Z"",""no_price_dollars"":""0.1900"",""taker_side"":""no"",""ticker"":""KXETH15M-26APR272300-00"",""trade_id"":""fbb1c47a-6758-62d3-5e66-73a5db82f2d8"",""yes_price_dollars"":""0.8100""}"
KXETH15M-26APR272300-00,dfd4e8b4-14c6-6066-4786-0db1155faf10,1777344629,0.81,100.0,no,"{""count_fp"":""100.00"",""created_time"":""2026-04-28T02:50:29.109448Z"",""no_price_dollars"":""0.1900"",""taker_side"":""no"",""ticker"":""KXETH15M-26APR272300-00"",""trade_id"":""dfd4e8b4-14c6-6066-4786-0db1155faf10"",""yes_price_dollars"":""0.8100""}"
KXETH15M-26APR272300-00,6469d382-1d3f-672d-74e8-56a1ff14bcd6,1777344629,0.81,10.0,no,"{""count_fp"":""10.00"",""created_time"":""2026-04-28T02:50:29.109448Z"",""no_price_dollars"":""0.1900"",""taker_side"":""no"",""ticker"":""KXETH15M-26APR272300-00"",""trade_id"":""6469d382-1d3f-672d-74e8-56a1ff14bcd6"",""yes_price_dollars"":""0.8100""}"
KXETH15M-26APR272300-00,bff2f11d-9ba2-600d-feea-5c7f6fd9151a,1777344630,0.83,5.0,yes,"{""count_fp"":""5.00"",""created_time"":""2026-04-28T02:50:30.499448Z"",""no_price_dollars"":""0.1700"",""taker_side"":""yes"",""ticker"":""KXETH15M-26APR272300-00"",""trade_id"":""bff2f11d-9ba2-600d-feea-5c7f6fd9151a"",""yes_price_dollars"":""0.8300""}"
KXETH15M-26APR272300-00,886f4513-3456-57a1-9d06-8e020bec9832,1777344631,0.83,10.0,yes,"{""count_fp"":""10.00"",""created_time"":""2026-04-28T02:50:31.534866Z"",""no_price_dollars"":""0.1700"",""taker_side"":""yes"",""ticker"":""KXETH15M-26APR272300-00"",""trade_id"":""886f4513-3456-57a1-9d06-8e020bec9832"",""yes_price_dollars"":""0.8300""}"
KXETH15M-26APR272300-00,6f97d244-df62-5185-3ac8-0819eac4e216,1777344632,0.83,2.37,yes,"{""count_fp"":""2.37"",""created_time"":""2026-04-28T02:50:32.473792Z"",""no_price_dollars"":""0.1700"",""taker_side"":""yes"",""ticker"":""KXETH15M-26APR272300-00"",""trade_id"":""6f97d244-df62-5185-3ac8-0819eac4e216"",""yes_price_dollars"":""0.8300""}"
KXETH15M-26APR272300-00,d1df7e7b-1e03-6698-7a3c-58e73caf950e,1777344633,0.83,9.86,yes,"{""count_fp"":""9.86"",""created_time"":""2026-04-28T02:50:33.401073Z"",""no_price_dollars"":""0.1700"",""taker_side"":""yes"",""ticker"":""KXETH15M-26APR272300-00"",""trade_id"":""d1df7e7b-1e03-6698-7a3c-58e73caf950e"",""yes_price_dollars"":""0.8300""}"
KXETH15M-26APR272300-00,9302b0f2-09c2-6041-6636-399478ed14b6,1777344633,0.83,139.14,yes,"{""count_fp"":""139.14"",""created_time"":""2026-04-28T02:50:33.401073Z"",""no_price_dollars"":""0.1700"",""taker_side"":""yes"",""ticker"":""KXETH15M-26APR272300-00"",""trade_id"":""9302b0f2-09c2-6041-6636-399478ed14b6"",""yes_price_dollars"":""0.8300""}"
KXETH15M-26APR272300-00,0249b481-e9b2-4fbc-0b19-d9315d91493d,1777344635,0.82,3.0,no,"{""count_fp"":""3.00"",""created_time"":""2026-04-28T02:50:35.550324Z"",""no_price_dollars"":""0.1800"",""taker_side"":""no"",""ticker"":""KXETH15M-26APR272300-00"",""trade_id"":""0249b481-e9b2-4fbc-0b19-d9315d91493d"",""yes_price_dollars"":""0.8200""}"
KXETH15M-26APR272300-00,3d6438f2-0bc6-6a14-68b0-e8a3a25c28bd,1777344635,0.82,5.0,no,"{""count_fp"":""5.00"",""created_time"":""2026-04-28T02:50:35.018895Z"",""no_price_dollars"":""0.1800"",""taker_side"":""no"",""ticker"":""KXETH15M-26APR272300-00"",""trade_id"":""3d6438f2-0bc6-6a14-68b0-e8a3a25c28bd"",""yes_price_dollars"":""0.8200""}"
KXETH15M-26APR272300-00,d4e70770-93d7-5d35-3355-e481d7a9e772,1777344637,0.84,0.17,yes,"{""count_fp"":""0.17"",""created_time"":""2026-04-28T02:50:37.418209Z"",""no_price_dollars"":""0.1600"",""taker_side"":""yes"",""ticker"":""KXETH15M-26APR272300-00"",""trade_id"":""d4e70770-93d7-5d35-3355-e481d7a9e772"",""yes_price_dollars"":""0.8400""}"
KXETH15M-26APR272300-00,6205770c-479d-59f6-2aae-dda7c2c504e7,1777344637,0.84,1.0,yes,"{""count_fp"":""1.00"",""created_time"":""2026-04-28T02:50:37.418209Z"",""no_price_dollars"":""0.1600"",""taker_side"":""yes"",""ticker"":""KXETH15M-26APR272300-00"",""trade_id"":""6205770c-479d-59f6-2aae-dda7c2c504e7"",""yes_price_dollars"":""0.8400""}"
KXETH15M-26APR272300-00,48c04364-223e-7584-ca8d-06642d8976ed,1777344638,0.84,3.0,no,"{""count_fp"":""3.00"",""created_time"":""2026-04-28T02:50:38.094782Z"",""no_price_dollars"":""0.1600"",""taker_side"":""no"",""ticker"":""KXETH15M-26APR272300-00"",""trade_id"":""48c04364-223e-7584-ca8d-06642d8976ed"",""yes_price_dollars"":""0.8400""}"
KXETH15M-26APR272300-00,29f42c29-ca1f-7ae9-dc95-c352bf012ddb,1777344638,0.85,54.0,no,"{""count_fp"":""54.00"",""created_time"":""2026-04-28T02:50:38.094782Z"",""no_price_dollars"":""0.1500"",""taker_side"":""no"",""ticker"":""KXETH15M-26APR272300-00"",""trade_id"":""29f42c29-ca1f-7ae9-dc95-c352bf012ddb"",""yes_price_dollars"":""0.8500""}"
KXETH15M-26APR272300-00,4216b353-7171-43f2-879f-b61bf35be66e,1777344641,0.88,1.0,yes,"{""count_fp"":""1.00"",""created_time"":""2026-04-28T02:50:41.943941Z"",""no_price_dollars"":""0.1200"",""taker_side"":""yes"",""ticker"":""KXETH15M-26APR272300-00"",""trade_id"":""4216b353-7171-43f2-879f-b61bf35be66e"",""yes_price_dollars"":""0.8800""}"
KXETH15M-26APR272300-00,07932c82-99cd-4d3b-a206-f6a535e2944b,1777344641,0.89,3.9,yes,"{""count_fp"":""3.90"",""created_time"":""2026-04-28T02:50:41.943941Z"",""no_price_dollars"":""0.1100"",""taker_side"":""yes"",""ticker"":""KXETH15M-26APR272300-00"",""trade_id"":""07932c82-99cd-4d3b-a206-f6a535e2944b"",""yes_price_dollars"":""0.8900""}"
KXETH15M-26APR272300-00,ebbbe9a5-e1bd-7d44-6170-5bfb7460a6f8,1777344642,0.88,2.0,no,"{""count_fp"":""2.00"",""created_time"":""2026-04-28T02:50:42.389488Z"",""no_price_dollars"":""0.1200"",""taker_side"":""no"",""ticker"":""KXETH15M-26APR272300-00"",""trade_id"":""ebbbe9a5-e1bd-7d44-6170-5bfb7460a6f8"",""yes_price_dollars"":""0.8800""}"
KXETH15M-26APR272300-00,28b0fb8b-b60f-6a01-969b-ee2decfd4147,1777344645,0.9,1.0,yes,"{""count_fp"":""1.00"",""created_time"":""2026-04-28T02:50:45.997963Z"",""no_price_dollars"":""0.1000"",""taker_side"":""yes"",""ticker"":""KXETH15M-26APR272300-00"",""trade_id"":""28b0fb8b-b60f-6a01-969b-ee2decfd4147"",""yes_price_dollars"":""0.9000""}"
KXETH15M-26APR272300-00,a9b29b8a-e27d-707a-310f-96e6af4f9ef4,1777344645,0.87,10.0,no,"{""count_fp"":""10.00"",""created_time"":""2026-04-28T02:50:45.243008Z"",""no_price_dollars"":""0.1300"",""taker_side"":""no"",""ticker"":""KXETH15M-26APR272300-00"",""trade_id"":""a9b29b8a-e27d-707a-310f-96e6af4f9ef4"",""yes_price_dollars"":""0.8700""}"
KXETH15M-26APR272300-00,41bce9aa-543a-7e60-2e8f-1b142305d5d5,1777344645,0.87,32.2,no,"{""count_fp"":""32.20"",""created_time"":""2026-04-28T02:50:45.243008Z"",""no_price_dollars"":""0.1300"",""taker_side"":""no"",""ticker"":""KXETH15M-26APR272300-00"",""trade_id"":""41bce9aa-543a-7e60-2e8f-1b142305d5d5"",""yes_price_dollars"":""0.8700""}"
KXETH15M-26APR272300-00,393c6a92-e9e9-783c-357e-ad35febce620,1777344645,0.87,10.0,no,"{""count_fp"":""10.00"",""created_time"":""2026-04-28T02:50:45.243008Z"",""no_price_dollars"":""0.1300"",""taker_side"":""no"",""ticker"":""KXETH15M-26APR272300-00"",""trade_id"":""393c6a92-e9e9-783c-357e-ad35febce620"",""yes_price_dollars"":""0.8700""}"
KXETH15M-26APR272300-00,83032814-a7f1-544f-d2b5-04d961655560,1777344646,0.9,1.0,yes,"{""count_fp"":""1.00"",""created_time"":""2026-04-28T02:50:46.301982Z"",""no_price_dollars"":""0.1000"",""taker_side"":""yes"",""ticker"":""KXETH15M-26APR272300-00"",""trade_id"":""83032814-a7f1-544f-d2b5-04d961655560"",""yes_price_dollars"":""0.9000""}"
KXETH15M-26APR272300-00,09a6a278-bbcb-7048-208f-cea5700542af,1777344647,0.85,1.0,no,"{""count_fp"":""1.00"",""created_time"":""2026-04-28T02:50:47.268236Z"",""no_price_dollars"":""0.1500"",""taker_side"":""no"",""ticker"":""KXETH15M-26APR272300-00"",""trade_id"":""09a6a278-bbcb-7048-208f-cea5700542af"",""yes_price_dollars"":""0.8500""}"
KXETH15M-26APR272300-00,fea63abf-de6c-6f58-e627-2ed1032b6da6,1777344648,0.91,1.0,yes,"{""count_fp"":""1.00"",""created_time"":""2026-04-28T02:50:48.986668Z"",""no_price_dollars"":""0.0900"",""taker_side"":""yes"",""ticker"":""KXETH15M-26APR272300-00"",""trade_id"":""fea63abf-de6c-6f58-e627-2ed1032b6da6"",""yes_price_dollars"":""0.9100""}"
KXETH15M-26APR272300-00,9ba27a91-d022-6616-f569-87c119ca0d29,1777344648,0.91,4.0,yes,"{""count_fp"":""4.00"",""created_time"":""2026-04-28T02:50:48.986668Z"",""no_price_dollars"":""0.0900"",""taker_side"":""yes"",""ticker"":""KXETH15M-26APR272300-00"",""trade_id"":""9ba27a91-d022-6616-f569-87c119ca0d29"",""yes_price_dollars"":""0.9100""}"
KXETH15M-26APR272300-00,7687d4e8-9391-6942-ebb2-d021f47a0ade,1777344648,0.91,3.0,yes,"{""count_fp"":""3.00"",""created_time"":""2026-04-28T02:50:48.986668Z"",""no_price_dollars"":""0.0900"",""taker_side"":""yes"",""ticker"":""KXETH15M-26APR272300-00"",""trade_id"":""7687d4e8-9391-6942-ebb2-d021f47a0ade"",""yes_price_dollars"":""0.9100""}"
KXETH15M-26APR272300-00,6710afba-b23b-6af2-dd73-ca819fe853e0,1777344648,0.909,200.0,yes,"{""count_fp"":""200.00"",""created_time"":""2026-04-28T02:50:48.986668Z"",""no_price_dollars"":""0.0910"",""taker_side"":""yes"",""ticker"":""KXETH15M-26APR272300-00"",""trade_id"":""6710afba-b23b-6af2-dd73-ca819fe853e0"",""yes_price_dollars"":""0.9090""}"
KXETH15M-26APR272300-00,8a272195-0921-4437-7c26-bffa19367c98,1777344648,0.9,2.0,yes,"{""count_fp"":""2.00"",""created_time"":""2026-04-28T02:50:48.960737Z"",""no_price_dollars"":""0.1000"",""taker_side"":""yes"",""ticker"":""KXETH15M-26APR272300-00"",""trade_id"":""8a272195-0921-4437-7c26-bffa19367c98"",""yes_price_dollars"":""0.9000""}"
KXETH15M-26APR272300-00,711cfa19-aaf0-49a7-4cb0-3423a439c8d1,1777344648,0.9,1.0,yes,"{""count_fp"":""1.00"",""created_time"":""2026-04-28T02:50:48.960737Z"",""no_price_dollars"":""0.1000"",""taker_side"":""yes"",""ticker"":""KXETH15M-26APR272300-00"",""trade_id"":""711cfa19-aaf0-49a7-4cb0-3423a439c8d1"",""yes_price_dollars"":""0.9000""}"
KXETH15M-26APR272300-00,606e030b-d13c-4566-6d54-24c0e26b9c9a,1777344648,0.9,2.0,yes,"{""count_fp"":""2.00"",""created_time"":""2026-04-28T02:50:48.960737Z"",""no_price_dollars"":""0.1000"",""taker_side"":""yes"",""ticker"":""KXETH15M-26APR272300-00"",""trade_id"":""606e030b-d13c-4566-6d54-24c0e26b9c9a"",""yes_price_dollars"":""0.9000""}"
KXETH15M-26APR272300-00,587898e3-38ed-431b-6b11-a61f027889ad,1777344648,0.9,4.0,yes,"{""count_fp"":""4.00"",""created_time"":""2026-04-28T02:50:48.960737Z"",""no_price_dollars"":""0.1000"",""taker_side"":""yes"",""ticker"":""KXETH15M-26APR272300-00"",""trade_id"":""587898e3-38ed-431b-6b11-a61f027889ad"",""yes_price_dollars"":""0.9000""}"
KXETH15M-26APR272300-00,8d623b2e-a0d6-4d33-2ed5-50aeae52c121,1777344649,0.92,1.0,yes,"{""count_fp"":""1.00"",""created_time"":""2026-04-28T02:50:49.932895Z"",""no_price_dollars"":""0.0800"",""taker_side"":""yes"",""ticker"":""KXETH15M-26APR272300-00"",""trade_id"":""8d623b2e-a0d6-4d33-2ed5-50aeae52c121"",""yes_price_dollars"":""0.9200""}"
KXETH15M-26APR272300-00,57a88dfb-0411-4016-0377-60c555356b2e,1777344649,0.92,3.0,yes,"{""count_fp"":""3.00"",""created_time"":""2026-04-28T02:50:49.932895Z"",""no_price_dollars"":""0.0800"",""taker_side"":""yes"",""ticker"":""KXETH15M-26APR272300-00"",""trade_id"":""57a88dfb-0411-4016-0377-60c555356b2e"",""yes_price_dollars"":""0.9200""}"
KXETH15M-26APR272300-00,126286ba-e098-40d8-34fe-2e1ccca0a3ff,1777344649,0.92,6.0,yes,"{""count_fp"":""6.00"",""created_time"":""2026-04-28T02:50:49.932895Z"",""no_price_dollars"":""0.0800"",""taker_side"":""yes"",""ticker"":""KXETH15M-26APR272300-00"",""trade_id"":""126286ba-e098-40d8-34fe-2e1ccca0a3ff"",""yes_price_dollars"":""0.9200""}"
KXETH15M-26APR272300-00,f11e8b58-53dc-4927-6d9f-c497a38b6720,1777344649,0.89,9.47,no,"{""count_fp"":""9.47"",""created_time"":""2026-04-28T02:50:49.834845Z"",""no_price_dollars"":""0.1100"",""taker_side"":""no"",""ticker"":""KXETH15M-26APR272300-00"",""trade_id"":""f11e8b58-53dc-4927-6d9f-c497a38b6720"",""yes_price_dollars"":""0.8900""}"
KXETH15M-26APR272300-00,4754c356-cc6b-7048-be42-7ac17cb60977,1777344649,0.903,10.0,no,"{""count_fp"":""10.00"",""created_time"":""2026-04-28T02:50:49.515063Z"",""no_price_dollars"":""0.0970"",""taker_side"":""no"",""ticker"":""KXETH15M-26APR272300-00"",""trade_id"":""4754c356-cc6b-7048-be42-7ac17cb60977"",""yes_price_dollars"":""0.9030""}"
KXETH15M-26APR272300-00,2fadbd3c-6242-71c0-9f0d-5610a45f2b0d,1777344649,0.902,7.11,no,"{""count_fp"":""7.11"",""created_time"":""2026-04-28T02:50:49.515063Z"",""no_price_dollars"":""0.0980"",""taker_side"":""no"",""ticker"":""KXETH15M-26APR272300-00"",""trade_id"":""2fadbd3c-6242-71c0-9f0d-5610a45f2b0d"",""yes_price_dollars"":""0.9020""}"
KXETH15M-26APR272300-00,19dcf31d-df0f-66b8-006e-1b2d32532bc7,1777344649,0.89,2.23,no,"{""count_fp"":""2.23"",""created_time"":""2026-04-28T02:50:49.241758Z"",""no_price_dollars"":""0.1100"",""taker_side"":""no"",""ticker"":""KXETH15M-26APR272300-00"",""trade_id"":""19dcf31d-df0f-66b8-006e-1b2d32532bc7"",""yes_price_dollars"":""0.8900""}"
KXETH15M-26APR272300-00,d6a4d6e0-d331-70e1-a506-124c086a8c0e,1777344650,0.927,10.0,yes,"{""count_fp"":""10.00"",""created_time"":""2026-04-28T02:50:50.556322Z"",""no_price_dollars"":""0.0730"",""taker_side"":""yes"",""ticker"":""KXETH15M-26APR272300-00"",""trade_id"":""d6a4d6e0-d331-70e1-a506-124c086a8c0e"",""yes_price_dollars"":""0.9270""}"
KXETH15M-26APR272300-00,cfa07b28-871a-4978-640d-d1f2932d8251,1777344650,0.902,49.37,no,"{""count_fp"":""49.37"",""created_time"":""2026-04-28T02:50:50.416332Z"",""no_price_dollars"":""0.0980"",""taker_side"":""no"",""ticker"":""KXETH15M-26APR272300-00"",""trade_id"":""cfa07b28-871a-4978-640d-d1f2932d8251"",""yes_price_dollars"":""0.9020""}"
KXETH15M-26APR272300-00,5c2d5be9-fcbd-42c4-4275-f83ecfce35aa,1777344651,0.93,1.0,yes,"{""count_fp"":""1.00"",""created_time"":""2026-04-28T02:50:51.199365Z"",""no_price_dollars"":""0.0700"",""taker_side"":""yes"",""ticker"":""KXETH15M-26APR272300-00"",""trade_id"":""5c2d5be9-fcbd-42c4-4275-f83ecfce35aa"",""yes_price_dollars"":""0.9300""}"
KXETH15M-26APR272300-00,359afa54-d1ab-4461-774d-4f679b59fe61,1777344651,0.93,8.0,yes,"{""count_fp"":""8.00"",""created_time"":""2026-04-28T02:50:51.199365Z"",""no_price_dollars"":""0.0700"",""taker_side"":""yes"",""ticker"":""KXETH15M-26APR272300-00"",""trade_id"":""359afa54-d1ab-4461-774d-4f679b59fe61"",""yes_price_dollars"":""0.9300""}"
KXETH15M-26APR272300-00,1a5c2e4b-d61d-4543-4e63-58e3a3687efc,1777344651,0.93,1.0,yes,"{""count_fp"":""1.00"",""created_time"":""2026-04-28T02:50:51.199365Z"",""no_price_dollars"":""0.0700"",""taker_side"":""yes"",""ticker"":""KXETH15M-26APR272300-00"",""trade_id"":""1a5c2e4b-d61d-4543-4e63-58e3a3687efc"",""yes_price_dollars"":""0.9300""}"
KXETH15M-26APR272300-00,c92fca39-d8bd-5ced-1fbd-e28ad60631a2,1777344652,0.903,1.17,no,"{""count_fp"":""1.17"",""created_time"":""2026-04-28T02:50:52.091168Z"",""no_price_dollars"":""0.0970"",""taker_side"":""no"",""ticker"":""KXETH15M-26APR272300-00"",""trade_id"":""c92fca39-d8bd-5ced-1fbd-e28ad60631a2"",""yes_price_dollars"":""0.9030""}"
KXETH15M-26APR272300-00,26576fb4-3616-6602-2c44-f2e16a666de6,1777344654,0.923,10.0,no,"{""count_fp"":""10.00"",""created_time"":""2026-04-28T02:50:54.555419Z"",""no_price_dollars"":""0.0770"",""taker_side"":""no"",""ticker"":""KXETH15M-26APR272300-00"",""trade_id"":""26576fb4-3616-6602-2c44-f2e16a666de6"",""yes_price_dollars"":""0.9230""}"
KXETH15M-26APR272300-00,213fdd66-7cf4-6830-3995-04aec0ed6d95,1777344654,0.922,9.19,no,"{""count_fp"":""9.19"",""created_time"":""2026-04-28T02:50:54.555419Z"",""no_price_dollars"":""0.0780"",""taker_side"":""no"",""ticker"":""KXETH15M-26APR272300-00"",""trade_id"":""213fdd66-7cf4-6830-3995-04aec0ed6d95"",""yes_price_dollars"":""0.9220""}"
KXETH15M-26APR272300-00,80665ca1-27b5-58d6-3110-4523f252e4c1,1777344654,0.91,35.7,no,"{""count_fp"":""35.70"",""created_time"":""2026-04-28T02:50:54.360714Z"",""no_price_dollars"":""0.0900"",""taker_side"":""no"",""ticker"":""KXETH15M-26APR272300-00"",""trade_id"":""80665ca1-27b5-58d6-3110-4523f252e4c1"",""yes_price_dollars"":""0.9100""}"
KXETH15M-26APR272300-00,522e38b1-2184-594d-3247-ab4534bc0f06,1777344654,0.89,93.92,no,"{""count_fp"":""93.92"",""created_time"":""2026-04-28T02:50:54.360714Z"",""no_price_dollars"":""0.1100"",""taker_side"":""no"",""ticker"":""KXETH15M-26APR272300-00"",""trade_id"":""522e38b1-2184-594d-3247-ab4534bc0f06"",""yes_price_dollars"":""0.8900""}"
KXETH15M-26APR272300-00,3fb31ae7-1e64-50d9-3c41-2cf804cf0d80,1777344654,0.92,5.0,no,"{""count_fp"":""5.00"",""created_time"":""2026-04-28T02:50:54.360714Z"",""no_price_dollars"":""0.0800"",""taker_side"":""no"",""ticker"":""KXETH15M-26APR272300-00"",""trade_id"":""3fb31ae7-1e64-50d9-3c41-2cf804cf0d80"",""yes_price_dollars"":""0.9200""}"
KXETH15M-26APR272300-00,3e8b94d3-aa2b-5305-1850-fdd47675dfc8,1777344654,0.9,10.0,no,"{""count_fp"":""10.00"",""created_time"":""2026-04-28T02:50:54.360714Z"",""no_price_dollars"":""0.1000"",""taker_side"":""no"",""ticker"":""KXETH15M-26APR272300-00"",""trade_id"":""3e8b94d3-aa2b-5305-1850-fdd47675dfc8"",""yes_price_dollars"":""0.9000""}"
KXETH15M-26APR272300-00,3178393b-70bf-59c1-2565-3b03373c496c,1777344654,0.92,1.0,no,"{""count_fp"":""1.00"",""created_time"":""2026-04-28T02:50:54.360714Z"",""no_price_dollars"":""0.0800"",""taker_side"":""no"",""ticker"":""KXETH15M-26APR272300-00"",""trade_id"":""3178393b-70bf-59c1-2565-3b03373c496c"",""yes_price_dollars"":""0.9200""}"
KXETH15M-26APR272300-00,15ab24a7-2d1a-52aa-22ac-ca1f696b370a,1777344654,0.922,100.0,no,"{""count_fp"":""100.00"",""created_time"":""2026-04-28T02:50:54.360714Z"",""no_price_dollars"":""0.0780"",""taker_side"":""no"",""ticker"":""KXETH15M-26APR272300-00"",""trade_id"":""15ab24a7-2d1a-52aa-22ac-ca1f696b370a"",""yes_price_dollars"":""0.9220""}"
KXETH15M-26APR272300-00,bb6645c1-3e0b-45a9-3c8e-9da1b90f51b1,1777344654,0.93,2.13,yes,"{""count_fp"":""2.13"",""created_time"":""2026-04-28T02:50:54.085598Z"",""no_price_dollars"":""0.0700"",""taker_side"":""yes"",""ticker"":""KXETH15M-26APR272300-00"",""trade_id"":""bb6645c1-3e0b-45a9-3c8e-9da1b90f51b1"",""yes_price_dollars"":""0.9300""}"
KXETH15M-26APR272300-00,c59bd170-0d80-4bac-ec1d-dc0854488951,1777344656,0.912,16.5,no,"{""count_fp"":""16.50"",""created_time"":""2026-04-28T02:50:56.001049Z"",""no_price_dollars"":""0.0880"",""taker_side"":""no"",""ticker"":""KXETH15M-26APR272300-00"",""trade_id"":""c59bd170-0d80-4bac-ec1d-dc0854488951"",""yes_price_dollars"":""0.9120""}"
KXETH15M-26APR272300-00,f593ef93-4316-672b-07d6-3f8ebdfe596a,1777344658,0.89,118.35,no,"{""count_fp"":""118.35"",""created_time"":""2026-04-28T02:50:58.053981Z"",""no_price_dollars"":""0.1100"",""taker_side"":""no"",""ticker"":""KXETH15M-26APR272300-00"",""trade_id"":""f593ef93-4316-672b-07d6-3f8ebdfe596a"",""yes_price_dollars"":""0.8900""}"
KXETH15M-26APR272300-00,d0bf9f7f-acdc-6b26-23d5-577fbf3ea055,1777344658,0.91,60.0,no,"{""count_fp"":""60.00"",""created_time"":""2026-04-28T02:50:58.053981Z"",""no_price_dollars"":""0.0900"",""taker_side"":""no"",""ticker"":""KXETH15M-26APR272300-00"",""trade_id"":""d0bf9f7f-acdc-6b26-23d5-577fbf3ea055"",""yes_price_dollars"":""0.9100""}"
KXETH15M-26APR272300-00,6c710708-195c-6140-31bc-1fa0f351cf19,1777344658,0.912,100.0,no,"{""count_fp"":""100.00"",""created_time"":""2026-04-28T02:50:58.053981Z"",""no_price_dollars"":""0.0880"",""taker_side"":""no"",""ticker"":""KXETH15M-26APR272300-00"",""trade_id"":""6c710708-195c-6140-31bc-1fa0f351cf19"",""yes_price_dollars"":""0.9120""}"
KXETH15M-26APR272300-00,324872b6-39ed-6aec-4acf-fe1354aef658,1777344659,0.92,1.0,no,"{""count_fp"":""1.00"",""created_time"":""2026-04-28T02:50:59.985808Z"",""no_price_dollars"":""0.0800"",""taker_side"":""no"",""ticker"":""KXETH15M-26APR272300-00"",""trade_id"":""324872b6-39ed-6aec-4acf-fe1354aef658"",""yes_price_dollars"":""0.9200""}"
KXETH15M-26APR272300-00,fa1d413d-0b46-48a1-b533-92f6565d1a29,1777344661,0.918,1.07,yes,"{""count_fp"":""1.07"",""created_time"":""2026-04-28T02:51:01.336725Z"",""no_price_dollars"":""0.0820"",""taker_side"":""yes"",""ticker"":""KXETH15M-26APR272300-00"",""trade_id"":""fa1d413d-0b46-48a1-b533-92f6565d1a29"",""yes_price_dollars"":""0.9180""}"
KXETH15M-26APR272300-00,af1396d2-0e4a-7fa4-53e8-4beb3e0e05bb,1777344662,0.89,100.0,no,"{""count_fp"":""100.00"",""created_time"":""2026-04-28T02:51:02.405864Z"",""no_price_dollars"":""0.1100"",""taker_side"":""no"",""ticker"":""KXETH15M-26APR272300-00"",""trade_id"":""af1396d2-0e4a-7fa4-53e8-4beb3e0e05bb"",""yes_price_dollars"":""0.8900""}"
KXETH15M-26APR272300-00,69bb36fd-ac23-7cef-7d8a-27d5d646430f,1777344662,0.9,9.0,no,"{""count_fp"":""9.00"",""created_time"":""2026-04-28T02:51:02.405864Z"",""no_price_dollars"":""0.1000"",""taker_side"":""no"",""ticker"":""KXETH15M-26APR272300-00"",""trade_id"":""69bb36fd-ac23-7cef-7d8a-27d5d646430f"",""yes_price_dollars"":""0.9000""}"
