ticker,trade_id,ts,yes_price,count,taker_side,raw_json
KXETH15M-26APR281500-00,86d41565-c6fd-4c2c-9fe8-991fc8b7ddf9,1777401910,0.49,1.0,yes,"{""count_fp"":""1.00"",""created_time"":""2026-04-28T18:45:10.730961Z"",""no_price_dollars"":""0.5100"",""taker_side"":""yes"",""ticker"":""KXETH15M-26APR281500-00"",""trade_id"":""86d41565-c6fd-4c2c-9fe8-991fc8b7ddf9"",""yes_price_dollars"":""0.4900""}"
KXETH15M-26APR281500-00,393a2645-e556-4a93-63ee-dfaecc296153,1777401914,0.36,5.0,no,"{""count_fp"":""5.00"",""created_time"":""2026-04-28T18:45:14.809449Z"",""no_price_dollars"":""0.6400"",""taker_side"":""no"",""ticker"":""KXETH15M-26APR281500-00"",""trade_id"":""393a2645-e556-4a93-63ee-dfaecc296153"",""yes_price_dollars"":""0.3600""}"
KXETH15M-26APR281500-00,af3bb08b-2c1d-6ad6-b006-49b0c9fca12b,1777401917,0.4,1.97,yes,"{""count_fp"":""1.97"",""created_time"":""2026-04-28T18:45:17.097924Z"",""no_price_dollars"":""0.6000"",""taker_side"":""yes"",""ticker"":""KXETH15M-26APR281500-00"",""trade_id"":""af3bb08b-2c1d-6ad6-b006-49b0c9fca12b"",""yes_price_dollars"":""0.4000""}"
KXETH15M-26APR281500-00,2710122b-7a6d-78ff-350f-542b735c9347,1777401919,0.37,100.0,yes,"{""count_fp"":""100.00"",""created_time"":""2026-04-28T18:45:19.656005Z"",""no_price_dollars"":""0.6300"",""taker_side"":""yes"",""ticker"":""KXETH15M-26APR281500-00"",""trade_id"":""2710122b-7a6d-78ff-350f-542b735c9347"",""yes_price_dollars"":""0.3700""}"
KXETH15M-26APR281500-00,dbf1b325-4be0-6fd4-ec4d-ad57b7851459,1777401922,0.39,14.39,yes,"{""count_fp"":""14.39"",""created_time"":""2026-04-28T18:45:22.321696Z"",""no_price_dollars"":""0.6100"",""taker_side"":""yes"",""ticker"":""KXETH15M-26APR281500-00"",""trade_id"":""dbf1b325-4be0-6fd4-ec4d-ad57b7851459"",""yes_price_dollars"":""0.3900""}"
KXETH15M-26APR281500-00,6c4a7e00-cbf5-5a79-b355-bb8f78290a73,1777401932,0.32,5.0,yes,"{""count_fp"":""5.00"",""created_time"":""2026-04-28T18:45:32.957105Z"",""no_price_dollars"":""0.6800"",""taker_side"":""yes"",""ticker"":""KXETH15M-26APR281500-00"",""trade_id"":""6c4a7e00-cbf5-5a79-b355-bb8f78290a73"",""yes_price_dollars"":""0.3200""}"
KXETH15M-26APR281500-00,6f9b27eb-1634-7f2c-5f99-25ca1d75f825,1777401942,0.35,19.51,yes,"{""count_fp"":""19.51"",""created_time"":""2026-04-28T18:45:42.220205Z"",""no_price_dollars"":""0.6500"",""taker_side"":""yes"",""ticker"":""KXETH15M-26APR281500-00"",""trade_id"":""6f9b27eb-1634-7f2c-5f99-25ca1d75f825"",""yes_price_dollars"":""0.3500""}"
KXETH15M-26APR281500-00,16ed88a5-66f1-7a32-5271-4d2377c753c4,1777401942,0.35,57.0,yes,"{""count_fp"":""57.00"",""created_time"":""2026-04-28T18:45:42.220205Z"",""no_price_dollars"":""0.6500"",""taker_side"":""yes"",""ticker"":""KXETH15M-26APR281500-00"",""trade_id"":""16ed88a5-66f1-7a32-5271-4d2377c753c4"",""yes_price_dollars"":""0.3500""}"
KXETH15M-26APR281500-00,63f9341d-154c-6d6e-dc15-9845e5538f38,1777401948,0.35,1.0,yes,"{""count_fp"":""1.00"",""created_time"":""2026-04-28T18:45:48.820336Z"",""no_price_dollars"":""0.6500"",""taker_side"":""yes"",""ticker"":""KXETH15M-26APR281500-00"",""trade_id"":""63f9341d-154c-6d6e-dc15-9845e5538f38"",""yes_price_dollars"":""0.3500""}"
KXETH15M-26APR281500-00,4689c25b-a98e-6bd4-f7ad-41edea3ff45b,1777401948,0.35,1.73,yes,"{""count_fp"":""1.73"",""created_time"":""2026-04-28T18:45:48.820336Z"",""no_price_dollars"":""0.6500"",""taker_side"":""yes"",""ticker"":""KXETH15M-26APR281500-00"",""trade_id"":""4689c25b-a98e-6bd4-f7ad-41edea3ff45b"",""yes_price_dollars"":""0.3500""}"
KXETH15M-26APR281500-00,c167affe-9030-68f1-b8ae-b1e803357bd2,1777401948,0.32,2.0,no,"{""count_fp"":""2.00"",""created_time"":""2026-04-28T18:45:48.079036Z"",""no_price_dollars"":""0.6800"",""taker_side"":""no"",""ticker"":""KXETH15M-26APR281500-00"",""trade_id"":""c167affe-9030-68f1-b8ae-b1e803357bd2"",""yes_price_dollars"":""0.3200""}"
KXETH15M-26APR281500-00,b8bc231d-b84c-6a8b-b309-eb9c7344663f,1777401948,0.33,1.0,no,"{""count_fp"":""1.00"",""created_time"":""2026-04-28T18:45:48.079036Z"",""no_price_dollars"":""0.6700"",""taker_side"":""no"",""ticker"":""KXETH15M-26APR281500-00"",""trade_id"":""b8bc231d-b84c-6a8b-b309-eb9c7344663f"",""yes_price_dollars"":""0.3300""}"
KXETH15M-26APR281500-00,3ad922a1-8584-653a-8bca-e6f3566eda76,1777401948,0.31,1.29,no,"{""count_fp"":""1.29"",""created_time"":""2026-04-28T18:45:48.079036Z"",""no_price_dollars"":""0.6900"",""taker_side"":""no"",""ticker"":""KXETH15M-26APR281500-00"",""trade_id"":""3ad922a1-8584-653a-8bca-e6f3566eda76"",""yes_price_dollars"":""0.3100""}"
KXETH15M-26APR281500-00,eb6067c7-203a-6275-b6be-7a91c26cae83,1777401954,0.34,2.83,no,"{""count_fp"":""2.83"",""created_time"":""2026-04-28T18:45:54.239934Z"",""no_price_dollars"":""0.6600"",""taker_side"":""no"",""ticker"":""KXETH15M-26APR281500-00"",""trade_id"":""eb6067c7-203a-6275-b6be-7a91c26cae83"",""yes_price_dollars"":""0.3400""}"
KXETH15M-26APR281500-00,4702fc25-56b2-5a59-4bc9-a96ed8f3ec7a,1777401956,0.35,0.27,yes,"{""count_fp"":""0.27"",""created_time"":""2026-04-28T18:45:56.368392Z"",""no_price_dollars"":""0.6500"",""taker_side"":""yes"",""ticker"":""KXETH15M-26APR281500-00"",""trade_id"":""4702fc25-56b2-5a59-4bc9-a96ed8f3ec7a"",""yes_price_dollars"":""0.3500""}"
KXETH15M-26APR281500-00,8ba95261-cf8a-4529-dcf2-ba418cc9617b,1777401958,0.37,5.17,yes,"{""count_fp"":""5.17"",""created_time"":""2026-04-28T18:45:58.301741Z"",""no_price_dollars"":""0.6300"",""taker_side"":""yes"",""ticker"":""KXETH15M-26APR281500-00"",""trade_id"":""8ba95261-cf8a-4529-dcf2-ba418cc9617b"",""yes_price_dollars"":""0.3700""}"
KXETH15M-26APR281500-00,64cafed2-9f2e-4a4d-5a83-9675972667df,1777401959,0.37,10.15,yes,"{""count_fp"":""10.15"",""created_time"":""2026-04-28T18:45:59.050853Z"",""no_price_dollars"":""0.6300"",""taker_side"":""yes"",""ticker"":""KXETH15M-26APR281500-00"",""trade_id"":""64cafed2-9f2e-4a4d-5a83-9675972667df"",""yes_price_dollars"":""0.3700""}"
KXETH15M-26APR281500-00,d834b4f0-2f74-5a98-9061-beb52db0dcec,1777401960,0.38,1.0,no,"{""count_fp"":""1.00"",""created_time"":""2026-04-28T18:46:00.500112Z"",""no_price_dollars"":""0.6200"",""taker_side"":""no"",""ticker"":""KXETH15M-26APR281500-00"",""trade_id"":""d834b4f0-2f74-5a98-9061-beb52db0dcec"",""yes_price_dollars"":""0.3800""}"
KXETH15M-26APR281500-00,ef82ff85-c1fc-6640-7399-17768d04bd59,1777401960,0.37,99.0,yes,"{""count_fp"":""99.00"",""created_time"":""2026-04-28T18:46:00.235661Z"",""no_price_dollars"":""0.6300"",""taker_side"":""yes"",""ticker"":""KXETH15M-26APR281500-00"",""trade_id"":""ef82ff85-c1fc-6640-7399-17768d04bd59"",""yes_price_dollars"":""0.3700""}"
KXETH15M-26APR281500-00,c8f6904e-9bd9-6e50-6f0d-0882f5d0c459,1777401960,0.37,10.0,yes,"{""count_fp"":""10.00"",""created_time"":""2026-04-28T18:46:00.235661Z"",""no_price_dollars"":""0.6300"",""taker_side"":""yes"",""ticker"":""KXETH15M-26APR281500-00"",""trade_id"":""c8f6904e-9bd9-6e50-6f0d-0882f5d0c459"",""yes_price_dollars"":""0.3700""}"
KXETH15M-26APR281500-00,913be9fd-185f-63b2-6196-784aea3129a5,1777401960,0.36,2.0,yes,"{""count_fp"":""2.00"",""created_time"":""2026-04-28T18:46:00.235661Z"",""no_price_dollars"":""0.6400"",""taker_side"":""yes"",""ticker"":""KXETH15M-26APR281500-00"",""trade_id"":""913be9fd-185f-63b2-6196-784aea3129a5"",""yes_price_dollars"":""0.3600""}"
KXETH15M-26APR281500-00,caaf390a-cd15-53da-05c8-58be8a8a405d,1777401961,0.45,10.0,yes,"{""count_fp"":""10.00"",""created_time"":""2026-04-28T18:46:01.239644Z"",""no_price_dollars"":""0.5500"",""taker_side"":""yes"",""ticker"":""KXETH15M-26APR281500-00"",""trade_id"":""caaf390a-cd15-53da-05c8-58be8a8a405d"",""yes_price_dollars"":""0.4500""}"
KXETH15M-26APR281500-00,3da4f084-cc8c-7842-ede2-8648c82e1db6,1777401962,0.39,10.0,no,"{""count_fp"":""10.00"",""created_time"":""2026-04-28T18:46:02.001491Z"",""no_price_dollars"":""0.6100"",""taker_side"":""no"",""ticker"":""KXETH15M-26APR281500-00"",""trade_id"":""3da4f084-cc8c-7842-ede2-8648c82e1db6"",""yes_price_dollars"":""0.3900""}"
KXETH15M-26APR281500-00,37525539-ad9b-7f11-ecab-dc207d146173,1777401962,0.39,4.0,no,"{""count_fp"":""4.00"",""created_time"":""2026-04-28T18:46:02.001491Z"",""no_price_dollars"":""0.6100"",""taker_side"":""no"",""ticker"":""KXETH15M-26APR281500-00"",""trade_id"":""37525539-ad9b-7f11-ecab-dc207d146173"",""yes_price_dollars"":""0.3900""}"
KXETH15M-26APR281500-00,3168c82d-cdfd-76d9-3c11-dc6c336764e4,1777401965,0.39,1.0,no,"{""count_fp"":""1.00"",""created_time"":""2026-04-28T18:46:05.531476Z"",""no_price_dollars"":""0.6100"",""taker_side"":""no"",""ticker"":""KXETH15M-26APR281500-00"",""trade_id"":""3168c82d-cdfd-76d9-3c11-dc6c336764e4"",""yes_price_dollars"":""0.3900""}"
KXETH15M-26APR281500-00,b68ad092-2fab-73c6-110e-a1cab6116f4e,1777401968,0.4,1.0,no,"{""count_fp"":""1.00"",""created_time"":""2026-04-28T18:46:08.030546Z"",""no_price_dollars"":""0.6000"",""taker_side"":""no"",""ticker"":""KXETH15M-26APR281500-00"",""trade_id"":""b68ad092-2fab-73c6-110e-a1cab6116f4e"",""yes_price_dollars"":""0.4000""}"
KXETH15M-26APR281500-00,103caadb-ff31-7ff1-0a25-01173594eb50,1777401968,0.39,0.59,no,"{""count_fp"":""0.59"",""created_time"":""2026-04-28T18:46:08.030546Z"",""no_price_dollars"":""0.6100"",""taker_side"":""no"",""ticker"":""KXETH15M-26APR281500-00"",""trade_id"":""103caadb-ff31-7ff1-0a25-01173594eb50"",""yes_price_dollars"":""0.3900""}"
KXETH15M-26APR281500-00,fa89facb-1569-6495-518a-a3dd375a1398,1777401969,0.39,0.41,no,"{""count_fp"":""0.41"",""created_time"":""2026-04-28T18:46:09.629315Z"",""no_price_dollars"":""0.6100"",""taker_side"":""no"",""ticker"":""KXETH15M-26APR281500-00"",""trade_id"":""fa89facb-1569-6495-518a-a3dd375a1398"",""yes_price_dollars"":""0.3900""}"
KXETH15M-26APR281500-00,127ea850-4957-64ff-4988-4ef60f770361,1777401969,0.39,0.59,no,"{""count_fp"":""0.59"",""created_time"":""2026-04-28T18:46:09.629315Z"",""no_price_dollars"":""0.6100"",""taker_side"":""no"",""ticker"":""KXETH15M-26APR281500-00"",""trade_id"":""127ea850-4957-64ff-4988-4ef60f770361"",""yes_price_dollars"":""0.3900""}"
KXETH15M-26APR281500-00,e53d1eb5-cc68-48fa-62f5-6cdb2ba8d9a2,1777401969,0.42,10.34,yes,"{""count_fp"":""10.34"",""created_time"":""2026-04-28T18:46:09.092073Z"",""no_price_dollars"":""0.5800"",""taker_side"":""yes"",""ticker"":""KXETH15M-26APR281500-00"",""trade_id"":""e53d1eb5-cc68-48fa-62f5-6cdb2ba8d9a2"",""yes_price_dollars"":""0.4200""}"
KXETH15M-26APR281500-00,cc4af948-9494-479f-4d1b-be63d3dd0665,1777401969,0.47,70.0,yes,"{""count_fp"":""70.00"",""created_time"":""2026-04-28T18:46:09.092073Z"",""no_price_dollars"":""0.5300"",""taker_side"":""yes"",""ticker"":""KXETH15M-26APR281500-00"",""trade_id"":""cc4af948-9494-479f-4d1b-be63d3dd0665"",""yes_price_dollars"":""0.4700""}"
KXETH15M-26APR281500-00,c3a23682-54e4-40e4-504a-16523a831319,1777401969,0.43,66.0,yes,"{""count_fp"":""66.00"",""created_time"":""2026-04-28T18:46:09.092073Z"",""no_price_dollars"":""0.5700"",""taker_side"":""yes"",""ticker"":""KXETH15M-26APR281500-00"",""trade_id"":""c3a23682-54e4-40e4-504a-16523a831319"",""yes_price_dollars"":""0.4300""}"
KXETH15M-26APR281500-00,be5462d2-7dc9-4cd6-754b-0258db3aa397,1777401969,0.43,10.0,yes,"{""count_fp"":""10.00"",""created_time"":""2026-04-28T18:46:09.092073Z"",""no_price_dollars"":""0.5700"",""taker_side"":""yes"",""ticker"":""KXETH15M-26APR281500-00"",""trade_id"":""be5462d2-7dc9-4cd6-754b-0258db3aa397"",""yes_price_dollars"":""0.4300""}"
KXETH15M-26APR281500-00,bd0ad5d0-1c90-4ed3-757a-db7722e492ea,1777401969,0.42,2.0,yes,"{""count_fp"":""2.00"",""created_time"":""2026-04-28T18:46:09.092073Z"",""no_price_dollars"":""0.5800"",""taker_side"":""yes"",""ticker"":""KXETH15M-26APR281500-00"",""trade_id"":""bd0ad5d0-1c90-4ed3-757a-db7722e492ea"",""yes_price_dollars"":""0.4200""}"
KXETH15M-26APR281500-00,b4a28b5f-c789-41d9-66cd-7c1e2add5b1f,1777401969,0.43,10.0,yes,"{""count_fp"":""10.00"",""created_time"":""2026-04-28T18:46:09.092073Z"",""no_price_dollars"":""0.5700"",""taker_side"":""yes"",""ticker"":""KXETH15M-26APR281500-00"",""trade_id"":""b4a28b5f-c789-41d9-66cd-7c1e2add5b1f"",""yes_price_dollars"":""0.4300""}"
KXETH15M-26APR281500-00,9d391e4f-67e6-455f-48d3-e5c23dea89f3,1777401969,0.43,550.0,yes,"{""count_fp"":""550.00"",""created_time"":""2026-04-28T18:46:09.092073Z"",""no_price_dollars"":""0.5700"",""taker_side"":""yes"",""ticker"":""KXETH15M-26APR281500-00"",""trade_id"":""9d391e4f-67e6-455f-48d3-e5c23dea89f3"",""yes_price_dollars"":""0.4300""}"
KXETH15M-26APR281500-00,40faef58-76a0-4186-57e4-ccd26f9ebba3,1777401969,0.41,1.0,yes,"{""count_fp"":""1.00"",""created_time"":""2026-04-28T18:46:09.092073Z"",""no_price_dollars"":""0.5900"",""taker_side"":""yes"",""ticker"":""KXETH15M-26APR281500-00"",""trade_id"":""40faef58-76a0-4186-57e4-ccd26f9ebba3"",""yes_price_dollars"":""0.4100""}"
KXETH15M-26APR281500-00,c81ddf02-d9a0-46c0-c8b0-e4938833ca04,1777401970,0.39,1.0,no,"{""count_fp"":""1.00"",""created_time"":""2026-04-28T18:46:10.564666Z"",""no_price_dollars"":""0.6100"",""taker_side"":""no"",""ticker"":""KXETH15M-26APR281500-00"",""trade_id"":""c81ddf02-d9a0-46c0-c8b0-e4938833ca04"",""yes_price_dollars"":""0.3900""}"
KXETH15M-26APR281500-00,c5e40bf2-e87a-4fd9-f79c-45ec089fab1f,1777401974,0.43,2.0,yes,"{""count_fp"":""2.00"",""created_time"":""2026-04-28T18:46:14.829181Z"",""no_price_dollars"":""0.5700"",""taker_side"":""yes"",""ticker"":""KXETH15M-26APR281500-00"",""trade_id"":""c5e40bf2-e87a-4fd9-f79c-45ec089fab1f"",""yes_price_dollars"":""0.4300""}"
KXETH15M-26APR281500-00,3ab3915d-a329-4f24-bb12-abf6d8f33ee8,1777401975,0.47,1.0,no,"{""count_fp"":""1.00"",""created_time"":""2026-04-28T18:46:15.957383Z"",""no_price_dollars"":""0.5300"",""taker_side"":""no"",""ticker"":""KXETH15M-26APR281500-00"",""trade_id"":""3ab3915d-a329-4f24-bb12-abf6d8f33ee8"",""yes_price_dollars"":""0.4700""}"
KXETH15M-26APR281500-00,49c7d631-ab50-6ee0-c2ce-a476148d0930,1777401976,0.46,1.0,no,"{""count_fp"":""1.00"",""created_time"":""2026-04-28T18:46:16.656907Z"",""no_price_dollars"":""0.5400"",""taker_side"":""no"",""ticker"":""KXETH15M-26APR281500-00"",""trade_id"":""49c7d631-ab50-6ee0-c2ce-a476148d0930"",""yes_price_dollars"":""0.4600""}"
KXETH15M-26APR281500-00,eca0b65c-2e60-6cc4-8f5f-959b9daf0bbc,1777401977,0.46,5.0,no,"{""count_fp"":""5.00"",""created_time"":""2026-04-28T18:46:17.183705Z"",""no_price_dollars"":""0.5400"",""taker_side"":""no"",""ticker"":""KXETH15M-26APR281500-00"",""trade_id"":""eca0b65c-2e60-6cc4-8f5f-959b9daf0bbc"",""yes_price_dollars"":""0.4600""}"
KXETH15M-26APR281500-00,5ae6053c-8448-7880-8d1b-e1a151974bbc,1777401982,0.48,0.2,yes,"{""count_fp"":""0.20"",""created_time"":""2026-04-28T18:46:22.086434Z"",""no_price_dollars"":""0.5200"",""taker_side"":""yes"",""ticker"":""KXETH15M-26APR281500-00"",""trade_id"":""5ae6053c-8448-7880-8d1b-e1a151974bbc"",""yes_price_dollars"":""0.4800""}"
KXETH15M-26APR281500-00,79115988-8148-7444-0d71-0d0e03bbffe4,1777401984,0.46,544.0,no,"{""count_fp"":""544.00"",""created_time"":""2026-04-28T18:46:24.977692Z"",""no_price_dollars"":""0.5400"",""taker_side"":""no"",""ticker"":""KXETH15M-26APR281500-00"",""trade_id"":""79115988-8148-7444-0d71-0d0e03bbffe4"",""yes_price_dollars"":""0.4600""}"
KXETH15M-26APR281500-00,3abcfed3-a570-7cc8-f5d2-78bb4c5ff34b,1777401985,0.46,3.94,yes,"{""count_fp"":""3.94"",""created_time"":""2026-04-28T18:46:25.055653Z"",""no_price_dollars"":""0.5400"",""taker_side"":""yes"",""ticker"":""KXETH15M-26APR281500-00"",""trade_id"":""3abcfed3-a570-7cc8-f5d2-78bb4c5ff34b"",""yes_price_dollars"":""0.4600""}"
KXETH15M-26APR281500-00,319241e0-8f47-7f6d-f463-db59cdc5f8b3,1777401986,0.43,65.64,yes,"{""count_fp"":""65.64"",""created_time"":""2026-04-28T18:46:26.072621Z"",""no_price_dollars"":""0.5700"",""taker_side"":""yes"",""ticker"":""KXETH15M-26APR281500-00"",""trade_id"":""319241e0-8f47-7f6d-f463-db59cdc5f8b3"",""yes_price_dollars"":""0.4300""}"
KXETH15M-26APR281500-00,70c3f682-4fb3-79d1-1226-3678bf6ad31f,1777401988,0.43,44.72,yes,"{""count_fp"":""44.72"",""created_time"":""2026-04-28T18:46:28.627726Z"",""no_price_dollars"":""0.5700"",""taker_side"":""yes"",""ticker"":""KXETH15M-26APR281500-00"",""trade_id"":""70c3f682-4fb3-79d1-1226-3678bf6ad31f"",""yes_price_dollars"":""0.4300""}"
KXETH15M-26APR281500-00,78ece7ba-eccf-6ef5-6ea5-8a3861872f0b,1777401990,0.43,22.36,yes,"{""count_fp"":""22.36"",""created_time"":""2026-04-28T18:46:30.057315Z"",""no_price_dollars"":""0.5700"",""taker_side"":""yes"",""ticker"":""KXETH15M-26APR281500-00"",""trade_id"":""78ece7ba-eccf-6ef5-6ea5-8a3861872f0b"",""yes_price_dollars"":""0.4300""}"
KXETH15M-26APR281500-00,c3ceacfc-89c2-777f-b198-9ccb7562e102,1777401993,0.42,2.0,no,"{""count_fp"":""2.00"",""created_time"":""2026-04-28T18:46:33.547259Z"",""no_price_dollars"":""0.5800"",""taker_side"":""no"",""ticker"":""KXETH15M-26APR281500-00"",""trade_id"":""c3ceacfc-89c2-777f-b198-9ccb7562e102"",""yes_price_dollars"":""0.4200""}"
KXETH15M-26APR281500-00,2cfcc9aa-102b-5f47-ddc7-19b6962e2225,1777401994,0.36,1.0,no,"{""count_fp"":""1.00"",""created_time"":""2026-04-28T18:46:34.166709Z"",""no_price_dollars"":""0.6400"",""taker_side"":""no"",""ticker"":""KXETH15M-26APR281500-00"",""trade_id"":""2cfcc9aa-102b-5f47-ddc7-19b6962e2225"",""yes_price_dollars"":""0.3600""}"
KXETH15M-26APR281500-00,a82f42c8-71a7-4f91-2baf-679e6b5a40ab,1777401995,0.4,11.99,yes,"{""count_fp"":""11.99"",""created_time"":""2026-04-28T18:46:35.744792Z"",""no_price_dollars"":""0.6000"",""taker_side"":""yes"",""ticker"":""KXETH15M-26APR281500-00"",""trade_id"":""a82f42c8-71a7-4f91-2baf-679e6b5a40ab"",""yes_price_dollars"":""0.4000""}"
KXETH15M-26APR281500-00,f07cf974-b02f-6c6c-87dc-077c3f7409b0,1777401996,0.39,31.54,yes,"{""count_fp"":""31.54"",""created_time"":""2026-04-28T18:46:36.910902Z"",""no_price_dollars"":""0.6100"",""taker_side"":""yes"",""ticker"":""KXETH15M-26APR281500-00"",""trade_id"":""f07cf974-b02f-6c6c-87dc-077c3f7409b0"",""yes_price_dollars"":""0.3900""}"
KXETH15M-26APR281500-00,76ff41f2-4869-667f-835d-603ffa41c335,1777401996,0.39,2.0,yes,"{""count_fp"":""2.00"",""created_time"":""2026-04-28T18:46:36.910902Z"",""no_price_dollars"":""0.6100"",""taker_side"":""yes"",""ticker"":""KXETH15M-26APR281500-00"",""trade_id"":""76ff41f2-4869-667f-835d-603ffa41c335"",""yes_price_dollars"":""0.3900""}"
KXETH15M-26APR281500-00,e0c16e03-6c1b-5174-fa03-0ddaad371860,1777401997,0.39,10.0,yes,"{""count_fp"":""10.00"",""created_time"":""2026-04-28T18:46:37.986223Z"",""no_price_dollars"":""0.6100"",""taker_side"":""yes"",""ticker"":""KXETH15M-26APR281500-00"",""trade_id"":""e0c16e03-6c1b-5174-fa03-0ddaad371860"",""yes_price_dollars"":""0.3900""}"
KXETH15M-26APR281500-00,ce210fcd-3023-451f-3242-679204a5e439,1777401997,0.36,1.04,no,"{""count_fp"":""1.04"",""created_time"":""2026-04-28T18:46:37.779891Z"",""no_price_dollars"":""0.6400"",""taker_side"":""no"",""ticker"":""KXETH15M-26APR281500-00"",""trade_id"":""ce210fcd-3023-451f-3242-679204a5e439"",""yes_price_dollars"":""0.3600""}"
KXETH15M-26APR281500-00,c58ff077-2b17-4b56-244d-c8fd34e209d7,1777401997,0.37,2.0,no,"{""count_fp"":""2.00"",""created_time"":""2026-04-28T18:46:37.779891Z"",""no_price_dollars"":""0.6300"",""taker_side"":""no"",""ticker"":""KXETH15M-26APR281500-00"",""trade_id"":""c58ff077-2b17-4b56-244d-c8fd34e209d7"",""yes_price_dollars"":""0.3700""}"
KXETH15M-26APR281500-00,c7ae2254-7b57-7f50-bb09-f5434e4b8f40,1777401997,0.39,12.29,yes,"{""count_fp"":""12.29"",""created_time"":""2026-04-28T18:46:37.152154Z"",""no_price_dollars"":""0.6100"",""taker_side"":""yes"",""ticker"":""KXETH15M-26APR281500-00"",""trade_id"":""c7ae2254-7b57-7f50-bb09-f5434e4b8f40"",""yes_price_dollars"":""0.3900""}"
KXETH15M-26APR281500-00,0aaa7b7b-b593-5b00-16ab-18fefb7420a4,1777402006,0.38,2.0,yes,"{""count_fp"":""2.00"",""created_time"":""2026-04-28T18:46:46.669284Z"",""no_price_dollars"":""0.6200"",""taker_side"":""yes"",""ticker"":""KXETH15M-26APR281500-00"",""trade_id"":""0aaa7b7b-b593-5b00-16ab-18fefb7420a4"",""yes_price_dollars"":""0.3800""}"
KXETH15M-26APR281500-00,dd826b07-0324-622a-e1d9-e4b21a6595aa,1777402007,0.35,3.19,no,"{""count_fp"":""3.19"",""created_time"":""2026-04-28T18:46:47.405846Z"",""no_price_dollars"":""0.6500"",""taker_side"":""no"",""ticker"":""KXETH15M-26APR281500-00"",""trade_id"":""dd826b07-0324-622a-e1d9-e4b21a6595aa"",""yes_price_dollars"":""0.3500""}"
KXETH15M-26APR281500-00,8716e700-868c-64b9-e7c4-c7a510c13a8c,1777402007,0.37,2.0,no,"{""count_fp"":""2.00"",""created_time"":""2026-04-28T18:46:47.405846Z"",""no_price_dollars"":""0.6300"",""taker_side"":""no"",""ticker"":""KXETH15M-26APR281500-00"",""trade_id"":""8716e700-868c-64b9-e7c4-c7a510c13a8c"",""yes_price_dollars"":""0.3700""}"
KXETH15M-26APR281500-00,52cef911-bbcf-63b3-f7e7-ae4a62b125c9,1777402007,0.36,10.0,no,"{""count_fp"":""10.00"",""created_time"":""2026-04-28T18:46:47.405846Z"",""no_price_dollars"":""0.6400"",""taker_side"":""no"",""ticker"":""KXETH15M-26APR281500-00"",""trade_id"":""52cef911-bbcf-63b3-f7e7-ae4a62b125c9"",""yes_price_dollars"":""0.3600""}"
KXETH15M-26APR281500-00,eb879183-0a3b-42f4-3ea4-019f9b982a68,1777402008,0.38,40.0,yes,"{""count_fp"":""40.00"",""created_time"":""2026-04-28T18:46:48.143034Z"",""no_price_dollars"":""0.6200"",""taker_side"":""yes"",""ticker"":""KXETH15M-26APR281500-00"",""trade_id"":""eb879183-0a3b-42f4-3ea4-019f9b982a68"",""yes_price_dollars"":""0.3800""}"
KXETH15M-26APR281500-00,98e235ca-04c7-7c00-e111-453764b3a2c5,1777402013,0.38,2.0,yes,"{""count_fp"":""2.00"",""created_time"":""2026-04-28T18:46:53.228849Z"",""no_price_dollars"":""0.6200"",""taker_side"":""yes"",""ticker"":""KXETH15M-26APR281500-00"",""trade_id"":""98e235ca-04c7-7c00-e111-453764b3a2c5"",""yes_price_dollars"":""0.3800""}"
KXETH15M-26APR281500-00,5b562420-86d2-7069-f47e-3a23976498cd,1777402013,0.38,9.67,yes,"{""count_fp"":""9.67"",""created_time"":""2026-04-28T18:46:53.228849Z"",""no_price_dollars"":""0.6200"",""taker_side"":""yes"",""ticker"":""KXETH15M-26APR281500-00"",""trade_id"":""5b562420-86d2-7069-f47e-3a23976498cd"",""yes_price_dollars"":""0.3800""}"
KXETH15M-26APR281500-00,fb421ab7-02e4-6e5c-6e23-2ad96b0215ca,1777402018,0.41,2.0,no,"{""count_fp"":""2.00"",""created_time"":""2026-04-28T18:46:58.474404Z"",""no_price_dollars"":""0.5900"",""taker_side"":""no"",""ticker"":""KXETH15M-26APR281500-00"",""trade_id"":""fb421ab7-02e4-6e5c-6e23-2ad96b0215ca"",""yes_price_dollars"":""0.4100""}"
KXETH15M-26APR281500-00,3db01165-1610-6f82-5c9a-473c750f7262,1777402018,0.41,9.0,no,"{""count_fp"":""9.00"",""created_time"":""2026-04-28T18:46:58.474404Z"",""no_price_dollars"":""0.5900"",""taker_side"":""no"",""ticker"":""KXETH15M-26APR281500-00"",""trade_id"":""3db01165-1610-6f82-5c9a-473c750f7262"",""yes_price_dollars"":""0.4100""}"
KXETH15M-26APR281500-00,0cf66e38-e517-4328-8e53-510cffd9bcf0,1777402019,0.41,7.02,yes,"{""count_fp"":""7.02"",""created_time"":""2026-04-28T18:46:59.798894Z"",""no_price_dollars"":""0.5900"",""taker_side"":""yes"",""ticker"":""KXETH15M-26APR281500-00"",""trade_id"":""0cf66e38-e517-4328-8e53-510cffd9bcf0"",""yes_price_dollars"":""0.4100""}"
KXETH15M-26APR281500-00,c02d1aed-c5fd-62a4-05a1-6c66cf50789c,1777402020,0.36,20.0,no,"{""count_fp"":""20.00"",""created_time"":""2026-04-28T18:47:00.751391Z"",""no_price_dollars"":""0.6400"",""taker_side"":""no"",""ticker"":""KXETH15M-26APR281500-00"",""trade_id"":""c02d1aed-c5fd-62a4-05a1-6c66cf50789c"",""yes_price_dollars"":""0.3600""}"
KXETH15M-26APR281500-00,7e9e503f-1af9-5e18-6f4c-e0eb6ec97ec8,1777402021,0.36,3.04,no,"{""count_fp"":""3.04"",""created_time"":""2026-04-28T18:47:01.124267Z"",""no_price_dollars"":""0.6400"",""taker_side"":""no"",""ticker"":""KXETH15M-26APR281500-00"",""trade_id"":""7e9e503f-1af9-5e18-6f4c-e0eb6ec97ec8"",""yes_price_dollars"":""0.3600""}"
KXETH15M-26APR281500-00,47b44071-ca31-7736-6e11-7585ae37fe0c,1777402025,0.38,12.61,yes,"{""count_fp"":""12.61"",""created_time"":""2026-04-28T18:47:05.797234Z"",""no_price_dollars"":""0.6200"",""taker_side"":""yes"",""ticker"":""KXETH15M-26APR281500-00"",""trade_id"":""47b44071-ca31-7736-6e11-7585ae37fe0c"",""yes_price_dollars"":""0.3800""}"
KXETH15M-26APR281500-00,5e7b5021-e58d-40de-7551-9d76006ee2c0,1777402025,0.39,11.71,yes,"{""count_fp"":""11.71"",""created_time"":""2026-04-28T18:47:05.054859Z"",""no_price_dollars"":""0.6100"",""taker_side"":""yes"",""ticker"":""KXETH15M-26APR281500-00"",""trade_id"":""5e7b5021-e58d-40de-7551-9d76006ee2c0"",""yes_price_dollars"":""0.3900""}"
KXETH15M-26APR281500-00,3bbdb098-2405-58ae-4eb7-2a290010e6f0,1777402035,0.35,10.35,yes,"{""count_fp"":""10.35"",""created_time"":""2026-04-28T18:47:15.547043Z"",""no_price_dollars"":""0.6500"",""taker_side"":""yes"",""ticker"":""KXETH15M-26APR281500-00"",""trade_id"":""3bbdb098-2405-58ae-4eb7-2a290010e6f0"",""yes_price_dollars"":""0.3500""}"
KXETH15M-26APR281500-00,a8dd5319-5141-7180-fbd0-91a8914a4086,1777402035,0.36,1.0,no,"{""count_fp"":""1.00"",""created_time"":""2026-04-28T18:47:15.108707Z"",""no_price_dollars"":""0.6400"",""taker_side"":""no"",""ticker"":""KXETH15M-26APR281500-00"",""trade_id"":""a8dd5319-5141-7180-fbd0-91a8914a4086"",""yes_price_dollars"":""0.3600""}"
KXETH15M-26APR281500-00,9dc97153-8b40-7706-ecd2-2f2db7e9374a,1777402035,0.35,3.54,no,"{""count_fp"":""3.54"",""created_time"":""2026-04-28T18:47:15.108707Z"",""no_price_dollars"":""0.6500"",""taker_side"":""no"",""ticker"":""KXETH15M-26APR281500-00"",""trade_id"":""9dc97153-8b40-7706-ecd2-2f2db7e9374a"",""yes_price_dollars"":""0.3500""}"
KXETH15M-26APR281500-00,8147fc68-9a40-7ebb-e6c9-d64e044743a8,1777402035,0.33,7.45,no,"{""count_fp"":""7.45"",""created_time"":""2026-04-28T18:47:15.108707Z"",""no_price_dollars"":""0.6700"",""taker_side"":""no"",""ticker"":""KXETH15M-26APR281500-00"",""trade_id"":""8147fc68-9a40-7ebb-e6c9-d64e044743a8"",""yes_price_dollars"":""0.3300""}"
KXETH15M-26APR281500-00,2700cfca-b4a0-6f9f-59fb-048b385527ec,1777402043,0.33,42.0,no,"{""count_fp"":""42.00"",""created_time"":""2026-04-28T18:47:23.287604Z"",""no_price_dollars"":""0.6700"",""taker_side"":""no"",""ticker"":""KXETH15M-26APR281500-00"",""trade_id"":""2700cfca-b4a0-6f9f-59fb-048b385527ec"",""yes_price_dollars"":""0.3300""}"
KXETH15M-26APR281500-00,a94c4cdf-6bb4-44df-44a3-a0b9aff3fe8c,1777402045,0.33,0.55,no,"{""count_fp"":""0.55"",""created_time"":""2026-04-28T18:47:25.652519Z"",""no_price_dollars"":""0.6700"",""taker_side"":""no"",""ticker"":""KXETH15M-26APR281500-00"",""trade_id"":""a94c4cdf-6bb4-44df-44a3-a0b9aff3fe8c"",""yes_price_dollars"":""0.3300""}"
KXETH15M-26APR281500-00,b9cb4714-fc49-6776-dc56-67108e910129,1777402047,0.32,5.0,no,"{""count_fp"":""5.00"",""created_time"":""2026-04-28T18:47:27.590409Z"",""no_price_dollars"":""0.6800"",""taker_side"":""no"",""ticker"":""KXETH15M-26APR281500-00"",""trade_id"":""b9cb4714-fc49-6776-dc56-67108e910129"",""yes_price_dollars"":""0.3200""}"
KXETH15M-26APR281500-00,890977b0-1c45-6b22-c960-c80cac954702,1777402047,0.31,31.94,no,"{""count_fp"":""31.94"",""created_time"":""2026-04-28T18:47:27.590409Z"",""no_price_dollars"":""0.6900"",""taker_side"":""no"",""ticker"":""KXETH15M-26APR281500-00"",""trade_id"":""890977b0-1c45-6b22-c960-c80cac954702"",""yes_price_dollars"":""0.3100""}"
KXETH15M-26APR281500-00,c59dfe6d-8d85-77ab-41e9-baec635a322a,1777402051,0.34,10.0,yes,"{""count_fp"":""10.00"",""created_time"":""2026-04-28T18:47:31.782287Z"",""no_price_dollars"":""0.6600"",""taker_side"":""yes"",""ticker"":""KXETH15M-26APR281500-00"",""trade_id"":""c59dfe6d-8d85-77ab-41e9-baec635a322a"",""yes_price_dollars"":""0.3400""}"
KXETH15M-26APR281500-00,2e44dff5-d861-726a-6a43-629416509c64,1777402051,0.34,100.0,yes,"{""count_fp"":""100.00"",""created_time"":""2026-04-28T18:47:31.782287Z"",""no_price_dollars"":""0.6600"",""taker_side"":""yes"",""ticker"":""KXETH15M-26APR281500-00"",""trade_id"":""2e44dff5-d861-726a-6a43-629416509c64"",""yes_price_dollars"":""0.3400""}"
KXETH15M-26APR281500-00,cc2fc5bf-240e-68d1-da19-1de6c6795cd8,1777402058,0.34,4.31,yes,"{""count_fp"":""4.31"",""created_time"":""2026-04-28T18:47:38.574177Z"",""no_price_dollars"":""0.6600"",""taker_side"":""yes"",""ticker"":""KXETH15M-26APR281500-00"",""trade_id"":""cc2fc5bf-240e-68d1-da19-1de6c6795cd8"",""yes_price_dollars"":""0.3400""}"
KXETH15M-26APR281500-00,22df878f-7aa3-65e6-c901-c29ad3267a19,1777402058,0.34,1.0,yes,"{""count_fp"":""1.00"",""created_time"":""2026-04-28T18:47:38.574177Z"",""no_price_dollars"":""0.6600"",""taker_side"":""yes"",""ticker"":""KXETH15M-26APR281500-00"",""trade_id"":""22df878f-7aa3-65e6-c901-c29ad3267a19"",""yes_price_dollars"":""0.3400""}"
KXETH15M-26APR281500-00,dff1a936-caca-6dd9-ee7a-a8c498c6c2fc,1777402058,0.35,40.0,yes,"{""count_fp"":""40.00"",""created_time"":""2026-04-28T18:47:38.279791Z"",""no_price_dollars"":""0.6500"",""taker_side"":""yes"",""ticker"":""KXETH15M-26APR281500-00"",""trade_id"":""dff1a936-caca-6dd9-ee7a-a8c498c6c2fc"",""yes_price_dollars"":""0.3500""}"
KXETH15M-26APR281500-00,e0588003-b044-68dc-cdac-cf03db4d141a,1777402059,0.3,10.0,no,"{""count_fp"":""10.00"",""created_time"":""2026-04-28T18:47:39.993303Z"",""no_price_dollars"":""0.7000"",""taker_side"":""no"",""ticker"":""KXETH15M-26APR281500-00"",""trade_id"":""e0588003-b044-68dc-cdac-cf03db4d141a"",""yes_price_dollars"":""0.3000""}"
KXETH15M-26APR281500-00,972d31e4-85c7-6a82-e98b-0d2f605a8abd,1777402059,0.3,15.0,no,"{""count_fp"":""15.00"",""created_time"":""2026-04-28T18:47:39.993303Z"",""no_price_dollars"":""0.7000"",""taker_side"":""no"",""ticker"":""KXETH15M-26APR281500-00"",""trade_id"":""972d31e4-85c7-6a82-e98b-0d2f605a8abd"",""yes_price_dollars"":""0.3000""}"
KXETH15M-26APR281500-00,57085780-c409-6064-eef8-f761aed80275,1777402059,0.3,1.0,no,"{""count_fp"":""1.00"",""created_time"":""2026-04-28T18:47:39.993303Z"",""no_price_dollars"":""0.7000"",""taker_side"":""no"",""ticker"":""KXETH15M-26APR281500-00"",""trade_id"":""57085780-c409-6064-eef8-f761aed80275"",""yes_price_dollars"":""0.3000""}"
KXETH15M-26APR281500-00,0ca1e23d-91a9-6763-c38a-99e17bbdc3f2,1777402059,0.3,1.0,no,"{""count_fp"":""1.00"",""created_time"":""2026-04-28T18:47:39.993303Z"",""no_price_dollars"":""0.7000"",""taker_side"":""no"",""ticker"":""KXETH15M-26APR281500-00"",""trade_id"":""0ca1e23d-91a9-6763-c38a-99e17bbdc3f2"",""yes_price_dollars"":""0.3000""}"
KXETH15M-26APR281500-00,4c2dc943-8c15-4f45-c625-f4a118ac475d,1777402059,0.31,216.0,no,"{""count_fp"":""216.00"",""created_time"":""2026-04-28T18:47:39.978981Z"",""no_price_dollars"":""0.6900"",""taker_side"":""no"",""ticker"":""KXETH15M-26APR281500-00"",""trade_id"":""4c2dc943-8c15-4f45-c625-f4a118ac475d"",""yes_price_dollars"":""0.3100""}"
KXETH15M-26APR281500-00,200840e9-e7ba-471a-f3c6-6bb63bff5651,1777402059,0.33,1.0,no,"{""count_fp"":""1.00"",""created_time"":""2026-04-28T18:47:39.978981Z"",""no_price_dollars"":""0.6700"",""taker_side"":""no"",""ticker"":""KXETH15M-26APR281500-00"",""trade_id"":""200840e9-e7ba-471a-f3c6-6bb63bff5651"",""yes_price_dollars"":""0.3300""}"
KXETH15M-26APR281500-00,b53d63a3-8d81-4a4e-6bd8-cb7db6d078b6,1777402060,0.28,5.0,no,"{""count_fp"":""5.00"",""created_time"":""2026-04-28T18:47:40.828432Z"",""no_price_dollars"":""0.7200"",""taker_side"":""no"",""ticker"":""KXETH15M-26APR281500-00"",""trade_id"":""b53d63a3-8d81-4a4e-6bd8-cb7db6d078b6"",""yes_price_dollars"":""0.2800""}"
KXETH15M-26APR281500-00,f9b0b44a-0ec7-5668-c1e3-39c741826050,1777402060,0.29,10.33,no,"{""count_fp"":""10.33"",""created_time"":""2026-04-28T18:47:40.261817Z"",""no_price_dollars"":""0.7100"",""taker_side"":""no"",""ticker"":""KXETH15M-26APR281500-00"",""trade_id"":""f9b0b44a-0ec7-5668-c1e3-39c741826050"",""yes_price_dollars"":""0.2900""}"
KXETH15M-26APR281500-00,db8d386d-d316-5d18-facc-83087e459944,1777402060,0.29,5.0,no,"{""count_fp"":""5.00"",""created_time"":""2026-04-28T18:47:40.261817Z"",""no_price_dollars"":""0.7100"",""taker_side"":""no"",""ticker"":""KXETH15M-26APR281500-00"",""trade_id"":""db8d386d-d316-5d18-facc-83087e459944"",""yes_price_dollars"":""0.2900""}"
KXETH15M-26APR281500-00,74612767-64eb-416c-2bdb-e5d7dfa832b0,1777402060,0.29,189.67,no,"{""count_fp"":""189.67"",""created_time"":""2026-04-28T18:47:40.251106Z"",""no_price_dollars"":""0.7100"",""taker_side"":""no"",""ticker"":""KXETH15M-26APR281500-00"",""trade_id"":""74612767-64eb-416c-2bdb-e5d7dfa832b0"",""yes_price_dollars"":""0.2900""}"
KXETH15M-26APR281500-00,90275196-71ef-6b99-f2fa-e44dd319588b,1777402061,0.27,5.0,no,"{""count_fp"":""5.00"",""created_time"":""2026-04-28T18:47:41.424271Z"",""no_price_dollars"":""0.7300"",""taker_side"":""no"",""ticker"":""KXETH15M-26APR281500-00"",""trade_id"":""90275196-71ef-6b99-f2fa-e44dd319588b"",""yes_price_dollars"":""0.2700""}"
KXETH15M-26APR281500-00,47348a7d-3a0e-5bf9-4661-04780ecf35d8,1777402061,0.29,10.0,yes,"{""count_fp"":""10.00"",""created_time"":""2026-04-28T18:47:41.043906Z"",""no_price_dollars"":""0.7100"",""taker_side"":""yes"",""ticker"":""KXETH15M-26APR281500-00"",""trade_id"":""47348a7d-3a0e-5bf9-4661-04780ecf35d8"",""yes_price_dollars"":""0.2900""}"
KXETH15M-26APR281500-00,e3e7abd0-10ee-4a92-7387-8ca0ab9fd9f3,1777402062,0.25,1.0,no,"{""count_fp"":""1.00"",""created_time"":""2026-04-28T18:47:42.072031Z"",""no_price_dollars"":""0.7500"",""taker_side"":""no"",""ticker"":""KXETH15M-26APR281500-00"",""trade_id"":""e3e7abd0-10ee-4a92-7387-8ca0ab9fd9f3"",""yes_price_dollars"":""0.2500""}"
KXETH15M-26APR281500-00,2cb86589-b396-4c76-69e8-1b94a9502a05,1777402062,0.25,10.0,no,"{""count_fp"":""10.00"",""created_time"":""2026-04-28T18:47:42.072031Z"",""no_price_dollars"":""0.7500"",""taker_side"":""no"",""ticker"":""KXETH15M-26APR281500-00"",""trade_id"":""2cb86589-b396-4c76-69e8-1b94a9502a05"",""yes_price_dollars"":""0.2500""}"
KXETH15M-26APR281500-00,fefa2fee-20a4-5833-55a4-c950ea9b18dc,1777402063,0.25,10.0,yes,"{""count_fp"":""10.00"",""created_time"":""2026-04-28T18:47:43.796895Z"",""no_price_dollars"":""0.7500"",""taker_side"":""yes"",""ticker"":""KXETH15M-26APR281500-00"",""trade_id"":""fefa2fee-20a4-5833-55a4-c950ea9b18dc"",""yes_price_dollars"":""0.2500""}"
KXETH15M-26APR281500-00,a0297407-cbfe-5a36-6f83-f2398cf950d0,1777402063,0.25,10.0,yes,"{""count_fp"":""10.00"",""created_time"":""2026-04-28T18:47:43.796895Z"",""no_price_dollars"":""0.7500"",""taker_side"":""yes"",""ticker"":""KXETH15M-26APR281500-00"",""trade_id"":""a0297407-cbfe-5a36-6f83-f2398cf950d0"",""yes_price_dollars"":""0.2500""}"
KXETH15M-26APR281500-00,7039dfed-db86-538d-7758-5d7be6679acc,1777402063,0.25,98.0,yes,"{""count_fp"":""98.00"",""created_time"":""2026-04-28T18:47:43.796895Z"",""no_price_dollars"":""0.7500"",""taker_side"":""yes"",""ticker"":""KXETH15M-26APR281500-00"",""trade_id"":""7039dfed-db86-538d-7758-5d7be6679acc"",""yes_price_dollars"":""0.2500""}"
KXETH15M-26APR281500-00,3fbf6ce9-ef5b-666a-1188-7fe8cf5d0e59,1777402064,0.28,1.0,yes,"{""count_fp"":""1.00"",""created_time"":""2026-04-28T18:47:44.253895Z"",""no_price_dollars"":""0.7200"",""taker_side"":""yes"",""ticker"":""KXETH15M-26APR281500-00"",""trade_id"":""3fbf6ce9-ef5b-666a-1188-7fe8cf5d0e59"",""yes_price_dollars"":""0.2800""}"
KXETH15M-26APR281500-00,81c4ae28-f2d2-7d74-f059-3e07b2955069,1777402067,0.23,1.0,no,"{""count_fp"":""1.00"",""created_time"":""2026-04-28T18:47:47.811099Z"",""no_price_dollars"":""0.7700"",""taker_side"":""no"",""ticker"":""KXETH15M-26APR281500-00"",""trade_id"":""81c4ae28-f2d2-7d74-f059-3e07b2955069"",""yes_price_dollars"":""0.2300""}"
KXETH15M-26APR281500-00,3c13b962-14b0-68a6-cda9-2e52fae4925c,1777402067,0.24,1.0,no,"{""count_fp"":""1.00"",""created_time"":""2026-04-28T18:47:47.627707Z"",""no_price_dollars"":""0.7600"",""taker_side"":""no"",""ticker"":""KXETH15M-26APR281500-00"",""trade_id"":""3c13b962-14b0-68a6-cda9-2e52fae4925c"",""yes_price_dollars"":""0.2400""}"
KXETH15M-26APR281500-00,cdb0c19b-5263-49d8-1fa5-4fcaad0d1dc5,1777402069,0.22,1.0,no,"{""count_fp"":""1.00"",""created_time"":""2026-04-28T18:47:49.563046Z"",""no_price_dollars"":""0.7800"",""taker_side"":""no"",""ticker"":""KXETH15M-26APR281500-00"",""trade_id"":""cdb0c19b-5263-49d8-1fa5-4fcaad0d1dc5"",""yes_price_dollars"":""0.2200""}"
KXETH15M-26APR281500-00,dbd6e3da-f0f3-6a55-b843-05b055d5d135,1777402074,0.21,5.0,no,"{""count_fp"":""5.00"",""created_time"":""2026-04-28T18:47:54.639433Z"",""no_price_dollars"":""0.7900"",""taker_side"":""no"",""ticker"":""KXETH15M-26APR281500-00"",""trade_id"":""dbd6e3da-f0f3-6a55-b843-05b055d5d135"",""yes_price_dollars"":""0.2100""}"
KXETH15M-26APR281500-00,bff74f03-35bd-6a50-bb3a-e0bd98626fb9,1777402074,0.21,6.99,no,"{""count_fp"":""6.99"",""created_time"":""2026-04-28T18:47:54.639433Z"",""no_price_dollars"":""0.7900"",""taker_side"":""no"",""ticker"":""KXETH15M-26APR281500-00"",""trade_id"":""bff74f03-35bd-6a50-bb3a-e0bd98626fb9"",""yes_price_dollars"":""0.2100""}"
KXETH15M-26APR281500-00,bf743a83-a098-6260-a3f3-1796a8ac3a0d,1777402074,0.2,1.0,no,"{""count_fp"":""1.00"",""created_time"":""2026-04-28T18:47:54.639433Z"",""no_price_dollars"":""0.8000"",""taker_side"":""no"",""ticker"":""KXETH15M-26APR281500-00"",""trade_id"":""bf743a83-a098-6260-a3f3-1796a8ac3a0d"",""yes_price_dollars"":""0.2000""}"
KXETH15M-26APR281500-00,a3241cde-bb06-600d-b1dc-cca8af465fd7,1777402074,0.2,1.0,no,"{""count_fp"":""1.00"",""created_time"":""2026-04-28T18:47:54.639433Z"",""no_price_dollars"":""0.8000"",""taker_side"":""no"",""ticker"":""KXETH15M-26APR281500-00"",""trade_id"":""a3241cde-bb06-600d-b1dc-cca8af465fd7"",""yes_price_dollars"":""0.2000""}"
KXETH15M-26APR281500-00,278adf6b-63d8-6e1e-aa91-05e8aea7cde0,1777402074,0.2,3.57,no,"{""count_fp"":""3.57"",""created_time"":""2026-04-28T18:47:54.639433Z"",""no_price_dollars"":""0.8000"",""taker_side"":""no"",""ticker"":""KXETH15M-26APR281500-00"",""trade_id"":""278adf6b-63d8-6e1e-aa91-05e8aea7cde0"",""yes_price_dollars"":""0.2000""}"
KXETH15M-26APR281500-00,22fad0a7-751b-689a-a64e-bddb0cd56b65,1777402074,0.21,1.0,no,"{""count_fp"":""1.00"",""created_time"":""2026-04-28T18:47:54.639433Z"",""no_price_dollars"":""0.7900"",""taker_side"":""no"",""ticker"":""KXETH15M-26APR281500-00"",""trade_id"":""22fad0a7-751b-689a-a64e-bddb0cd56b65"",""yes_price_dollars"":""0.2100""}"
KXETH15M-26APR281500-00,0767d297-9cdd-5b64-ab42-395219f8b9a0,1777402084,0.22,31.56,no,"{""count_fp"":""31.56"",""created_time"":""2026-04-28T18:48:04.837667Z"",""no_price_dollars"":""0.7800"",""taker_side"":""no"",""ticker"":""KXETH15M-26APR281500-00"",""trade_id"":""0767d297-9cdd-5b64-ab42-395219f8b9a0"",""yes_price_dollars"":""0.2200""}"
KXETH15M-26APR281500-00,44028ac8-7511-77a8-aae7-c19505a9f9bc,1777402084,0.22,1.0,no,"{""count_fp"":""1.00"",""created_time"":""2026-04-28T18:48:04.425283Z"",""no_price_dollars"":""0.7800"",""taker_side"":""no"",""ticker"":""KXETH15M-26APR281500-00"",""trade_id"":""44028ac8-7511-77a8-aae7-c19505a9f9bc"",""yes_price_dollars"":""0.2200""}"
KXETH15M-26APR281500-00,ae8695f8-1789-5aa4-2c15-cc68516c4e60,1777402086,0.22,5.0,no,"{""count_fp"":""5.00"",""created_time"":""2026-04-28T18:48:06.229423Z"",""no_price_dollars"":""0.7800"",""taker_side"":""no"",""ticker"":""KXETH15M-26APR281500-00"",""trade_id"":""ae8695f8-1789-5aa4-2c15-cc68516c4e60"",""yes_price_dollars"":""0.2200""}"
KXETH15M-26APR281500-00,3e4ccc19-d52d-4af0-fe90-2c7fa4660a4c,1777402092,0.22,83.0,no,"{""count_fp"":""83.00"",""created_time"":""2026-04-28T18:48:12.446911Z"",""no_price_dollars"":""0.7800"",""taker_side"":""no"",""ticker"":""KXETH15M-26APR281500-00"",""trade_id"":""3e4ccc19-d52d-4af0-fe90-2c7fa4660a4c"",""yes_price_dollars"":""0.2200""}"
KXETH15M-26APR281500-00,f4e8cb9d-8992-6c23-7923-58b22befb44d,1777402092,0.25,6.0,yes,"{""count_fp"":""6.00"",""created_time"":""2026-04-28T18:48:12.407612Z"",""no_price_dollars"":""0.7500"",""taker_side"":""yes"",""ticker"":""KXETH15M-26APR281500-00"",""trade_id"":""f4e8cb9d-8992-6c23-7923-58b22befb44d"",""yes_price_dollars"":""0.2500""}"
KXETH15M-26APR281500-00,82e04f23-d3f6-6ef3-6a72-98ad34178a46,1777402092,0.23,5.0,yes,"{""count_fp"":""5.00"",""created_time"":""2026-04-28T18:48:12.407612Z"",""no_price_dollars"":""0.7700"",""taker_side"":""yes"",""ticker"":""KXETH15M-26APR281500-00"",""trade_id"":""82e04f23-d3f6-6ef3-6a72-98ad34178a46"",""yes_price_dollars"":""0.2300""}"
KXETH15M-26APR281500-00,90e88034-3892-598b-d0ad-75e8c03c5ecd,1777402102,0.25,4.0,yes,"{""count_fp"":""4.00"",""created_time"":""2026-04-28T18:48:22.994649Z"",""no_price_dollars"":""0.7500"",""taker_side"":""yes"",""ticker"":""KXETH15M-26APR281500-00"",""trade_id"":""90e88034-3892-598b-d0ad-75e8c03c5ecd"",""yes_price_dollars"":""0.2500""}"
KXETH15M-26APR281500-00,9174e68a-1db5-65b8-a540-3e160bff8bf4,1777402109,0.25,128.0,no,"{""count_fp"":""128.00"",""created_time"":""2026-04-28T18:48:29.400153Z"",""no_price_dollars"":""0.7500"",""taker_side"":""no"",""ticker"":""KXETH15M-26APR281500-00"",""trade_id"":""9174e68a-1db5-65b8-a540-3e160bff8bf4"",""yes_price_dollars"":""0.2500""}"
KXETH15M-26APR281500-00,17b40b61-2746-4bff-f721-9a87fdbb4535,1777402109,0.25,107.0,yes,"{""count_fp"":""107.00"",""created_time"":""2026-04-28T18:48:29.294747Z"",""no_price_dollars"":""0.7500"",""taker_side"":""yes"",""ticker"":""KXETH15M-26APR281500-00"",""trade_id"":""17b40b61-2746-4bff-f721-9a87fdbb4535"",""yes_price_dollars"":""0.2500""}"
KXETH15M-26APR281500-00,a3058e01-9b31-6500-0539-84c900467fcc,1777402110,0.25,24.74,no,"{""count_fp"":""24.74"",""created_time"":""2026-04-28T18:48:30.405215Z"",""no_price_dollars"":""0.7500"",""taker_side"":""no"",""ticker"":""KXETH15M-26APR281500-00"",""trade_id"":""a3058e01-9b31-6500-0539-84c900467fcc"",""yes_price_dollars"":""0.2500""}"
KXETH15M-26APR281500-00,bea39ce3-fd61-7b0c-6315-8c6240640636,1777402124,0.24,3.95,yes,"{""count_fp"":""3.95"",""created_time"":""2026-04-28T18:48:44.868572Z"",""no_price_dollars"":""0.7600"",""taker_side"":""yes"",""ticker"":""KXETH15M-26APR281500-00"",""trade_id"":""bea39ce3-fd61-7b0c-6315-8c6240640636"",""yes_price_dollars"":""0.2400""}"
KXETH15M-26APR281500-00,d3ace6e8-ef29-4b8c-8528-8413f09ae2f0,1777402127,0.21,29.71,no,"{""count_fp"":""29.71"",""created_time"":""2026-04-28T18:48:47.896845Z"",""no_price_dollars"":""0.7900"",""taker_side"":""no"",""ticker"":""KXETH15M-26APR281500-00"",""trade_id"":""d3ace6e8-ef29-4b8c-8528-8413f09ae2f0"",""yes_price_dollars"":""0.2100""}"
KXETH15M-26APR281500-00,5813eed0-a70c-4f81-b4fe-e700fb8d544a,1777402127,0.21,1.0,no,"{""count_fp"":""1.00"",""created_time"":""2026-04-28T18:48:47.896845Z"",""no_price_dollars"":""0.7900"",""taker_side"":""no"",""ticker"":""KXETH15M-26APR281500-00"",""trade_id"":""5813eed0-a70c-4f81-b4fe-e700fb8d544a"",""yes_price_dollars"":""0.2100""}"
KXETH15M-26APR281500-00,d835b7e1-6998-5611-fd59-7eeefbcc3b26,1777402136,0.25,20.0,yes,"{""count_fp"":""20.00"",""created_time"":""2026-04-28T18:48:56.902905Z"",""no_price_dollars"":""0.7500"",""taker_side"":""yes"",""ticker"":""KXETH15M-26APR281500-00"",""trade_id"":""d835b7e1-6998-5611-fd59-7eeefbcc3b26"",""yes_price_dollars"":""0.2500""}"
KXETH15M-26APR281500-00,d096a06a-30a3-54de-c9bd-e635cc536e95,1777402136,0.25,25.0,yes,"{""count_fp"":""25.00"",""created_time"":""2026-04-28T18:48:56.902905Z"",""no_price_dollars"":""0.7500"",""taker_side"":""yes"",""ticker"":""KXETH15M-26APR281500-00"",""trade_id"":""d096a06a-30a3-54de-c9bd-e635cc536e95"",""yes_price_dollars"":""0.2500""}"
KXETH15M-26APR281500-00,5a25e783-6857-5dae-ec1f-59bc7fb857d1,1777402136,0.25,10.0,yes,"{""count_fp"":""10.00"",""created_time"":""2026-04-28T18:48:56.902905Z"",""no_price_dollars"":""0.7500"",""taker_side"":""yes"",""ticker"":""KXETH15M-26APR281500-00"",""trade_id"":""5a25e783-6857-5dae-ec1f-59bc7fb857d1"",""yes_price_dollars"":""0.2500""}"
KXETH15M-26APR281500-00,31a645c8-1643-660a-ea6f-4a1e071fa8a1,1777402138,0.24,2.0,yes,"{""count_fp"":""2.00"",""created_time"":""2026-04-28T18:48:58.965308Z"",""no_price_dollars"":""0.7600"",""taker_side"":""yes"",""ticker"":""KXETH15M-26APR281500-00"",""trade_id"":""31a645c8-1643-660a-ea6f-4a1e071fa8a1"",""yes_price_dollars"":""0.2400""}"
KXETH15M-26APR281500-00,09a6e489-0661-5fc4-56b3-1773ebb69700,1777402140,0.21,56.0,no,"{""count_fp"":""56.00"",""created_time"":""2026-04-28T18:49:00.958633Z"",""no_price_dollars"":""0.7900"",""taker_side"":""no"",""ticker"":""KXETH15M-26APR281500-00"",""trade_id"":""09a6e489-0661-5fc4-56b3-1773ebb69700"",""yes_price_dollars"":""0.2100""}"
KXETH15M-26APR281500-00,b351c240-c8ff-5b86-8a0a-7a3633f453e9,1777402144,0.25,3.0,yes,"{""count_fp"":""3.00"",""created_time"":""2026-04-28T18:49:04.288136Z"",""no_price_dollars"":""0.7500"",""taker_side"":""yes"",""ticker"":""KXETH15M-26APR281500-00"",""trade_id"":""b351c240-c8ff-5b86-8a0a-7a3633f453e9"",""yes_price_dollars"":""0.2500""}"
KXETH15M-26APR281500-00,bf0d14a9-54c9-7d50-7f5a-2049bce3ba6c,1777402151,0.23,19.17,no,"{""count_fp"":""19.17"",""created_time"":""2026-04-28T18:49:11.047282Z"",""no_price_dollars"":""0.7700"",""taker_side"":""no"",""ticker"":""KXETH15M-26APR281500-00"",""trade_id"":""bf0d14a9-54c9-7d50-7f5a-2049bce3ba6c"",""yes_price_dollars"":""0.2300""}"
KXETH15M-26APR281500-00,aca317c8-a90e-4b44-e195-bcd6223755eb,1777402156,0.26,2.0,yes,"{""count_fp"":""2.00"",""created_time"":""2026-04-28T18:49:16.748103Z"",""no_price_dollars"":""0.7400"",""taker_side"":""yes"",""ticker"":""KXETH15M-26APR281500-00"",""trade_id"":""aca317c8-a90e-4b44-e195-bcd6223755eb"",""yes_price_dollars"":""0.2600""}"
KXETH15M-26APR281500-00,3fd0f1c5-0247-4122-e3f1-630a612fc6ad,1777402156,0.26,52.85,yes,"{""count_fp"":""52.85"",""created_time"":""2026-04-28T18:49:16.748103Z"",""no_price_dollars"":""0.7400"",""taker_side"":""yes"",""ticker"":""KXETH15M-26APR281500-00"",""trade_id"":""3fd0f1c5-0247-4122-e3f1-630a612fc6ad"",""yes_price_dollars"":""0.2600""}"
KXETH15M-26APR281500-00,f1f0fc47-3177-7c16-7eb0-32d0751163b9,1777402167,0.25,1.0,yes,"{""count_fp"":""1.00"",""created_time"":""2026-04-28T18:49:27.571995Z"",""no_price_dollars"":""0.7500"",""taker_side"":""yes"",""ticker"":""KXETH15M-26APR281500-00"",""trade_id"":""f1f0fc47-3177-7c16-7eb0-32d0751163b9"",""yes_price_dollars"":""0.2500""}"
KXETH15M-26APR281500-00,34794fef-482f-7186-bdb6-38c4c6cddea9,1777402168,0.25,18.28,yes,"{""count_fp"":""18.28"",""created_time"":""2026-04-28T18:49:28.037481Z"",""no_price_dollars"":""0.7500"",""taker_side"":""yes"",""ticker"":""KXETH15M-26APR281500-00"",""trade_id"":""34794fef-482f-7186-bdb6-38c4c6cddea9"",""yes_price_dollars"":""0.2500""}"
KXETH15M-26APR281500-00,bf48d072-bee0-527a-f4cf-f00159db0d97,1777402177,0.24,28.0,yes,"{""count_fp"":""28.00"",""created_time"":""2026-04-28T18:49:37.972525Z"",""no_price_dollars"":""0.7600"",""taker_side"":""yes"",""ticker"":""KXETH15M-26APR281500-00"",""trade_id"":""bf48d072-bee0-527a-f4cf-f00159db0d97"",""yes_price_dollars"":""0.2400""}"
KXETH15M-26APR281500-00,50ce5d12-e875-5aab-efc0-d05c9a8630ba,1777402177,0.24,20.0,yes,"{""count_fp"":""20.00"",""created_time"":""2026-04-28T18:49:37.972525Z"",""no_price_dollars"":""0.7600"",""taker_side"":""yes"",""ticker"":""KXETH15M-26APR281500-00"",""trade_id"":""50ce5d12-e875-5aab-efc0-d05c9a8630ba"",""yes_price_dollars"":""0.2400""}"
KXETH15M-26APR281500-00,5701eb8d-5a9e-4b8b-2370-fd11a2bae9cf,1777402179,0.22,2.52,no,"{""count_fp"":""2.52"",""created_time"":""2026-04-28T18:49:39.241223Z"",""no_price_dollars"":""0.7800"",""taker_side"":""no"",""ticker"":""KXETH15M-26APR281500-00"",""trade_id"":""5701eb8d-5a9e-4b8b-2370-fd11a2bae9cf"",""yes_price_dollars"":""0.2200""}"
KXETH15M-26APR281500-00,d7f347b7-7dc3-7601-143a-77a87f2b20b5,1777402184,0.22,1.0,yes,"{""count_fp"":""1.00"",""created_time"":""2026-04-28T18:49:44.598195Z"",""no_price_dollars"":""0.7800"",""taker_side"":""yes"",""ticker"":""KXETH15M-26APR281500-00"",""trade_id"":""d7f347b7-7dc3-7601-143a-77a87f2b20b5"",""yes_price_dollars"":""0.2200""}"
KXETH15M-26APR281500-00,5a0710c6-e65c-72ee-27c2-7ebb15028e4b,1777402184,0.22,10.4,yes,"{""count_fp"":""10.40"",""created_time"":""2026-04-28T18:49:44.598195Z"",""no_price_dollars"":""0.7800"",""taker_side"":""yes"",""ticker"":""KXETH15M-26APR281500-00"",""trade_id"":""5a0710c6-e65c-72ee-27c2-7ebb15028e4b"",""yes_price_dollars"":""0.2200""}"
KXETH15M-26APR281500-00,8b16e3fe-3948-5b36-9f0f-5f10d7f47883,1777402185,0.24,10.64,yes,"{""count_fp"":""10.64"",""created_time"":""2026-04-28T18:49:45.748902Z"",""no_price_dollars"":""0.7600"",""taker_side"":""yes"",""ticker"":""KXETH15M-26APR281500-00"",""trade_id"":""8b16e3fe-3948-5b36-9f0f-5f10d7f47883"",""yes_price_dollars"":""0.2400""}"
KXETH15M-26APR281500-00,8ab22847-9528-5a02-9f4e-8b4432e1316e,1777402189,0.19,1.0,no,"{""count_fp"":""1.00"",""created_time"":""2026-04-28T18:49:49.230828Z"",""no_price_dollars"":""0.8100"",""taker_side"":""no"",""ticker"":""KXETH15M-26APR281500-00"",""trade_id"":""8ab22847-9528-5a02-9f4e-8b4432e1316e"",""yes_price_dollars"":""0.1900""}"
KXETH15M-26APR281500-00,3c700133-b521-5e7a-a6ab-f800a33a942d,1777402189,0.19,2.66,no,"{""count_fp"":""2.66"",""created_time"":""2026-04-28T18:49:49.230828Z"",""no_price_dollars"":""0.8100"",""taker_side"":""no"",""ticker"":""KXETH15M-26APR281500-00"",""trade_id"":""3c700133-b521-5e7a-a6ab-f800a33a942d"",""yes_price_dollars"":""0.1900""}"
KXETH15M-26APR281500-00,50658d17-db05-62aa-e9b8-038316896bf9,1777402197,0.19,2.47,no,"{""count_fp"":""2.47"",""created_time"":""2026-04-28T18:49:57.073442Z"",""no_price_dollars"":""0.8100"",""taker_side"":""no"",""ticker"":""KXETH15M-26APR281500-00"",""trade_id"":""50658d17-db05-62aa-e9b8-038316896bf9"",""yes_price_dollars"":""0.1900""}"
KXETH15M-26APR281500-00,eae56043-6eb5-6d5a-8ccf-249659c78ab1,1777402198,0.19,3.0,no,"{""count_fp"":""3.00"",""created_time"":""2026-04-28T18:49:58.487042Z"",""no_price_dollars"":""0.8100"",""taker_side"":""no"",""ticker"":""KXETH15M-26APR281500-00"",""trade_id"":""eae56043-6eb5-6d5a-8ccf-249659c78ab1"",""yes_price_dollars"":""0.1900""}"
KXETH15M-26APR281500-00,e0137150-926c-5562-feb2-6991abca955f,1777402199,0.22,8.0,yes,"{""count_fp"":""8.00"",""created_time"":""2026-04-28T18:49:59.138316Z"",""no_price_dollars"":""0.7800"",""taker_side"":""yes"",""ticker"":""KXETH15M-26APR281500-00"",""trade_id"":""e0137150-926c-5562-feb2-6991abca955f"",""yes_price_dollars"":""0.2200""}"
KXETH15M-26APR281500-00,b7745d54-ebd8-5752-3b59-d30de9df7bbb,1777402200,0.21,21.0,yes,"{""count_fp"":""21.00"",""created_time"":""2026-04-28T18:50:00.600047Z"",""no_price_dollars"":""0.7900"",""taker_side"":""yes"",""ticker"":""KXETH15M-26APR281500-00"",""trade_id"":""b7745d54-ebd8-5752-3b59-d30de9df7bbb"",""yes_price_dollars"":""0.2100""}"
KXETH15M-26APR281500-00,8aab7258-2c56-5f73-8518-4e07ce0e2f7b,1777402202,0.22,20.0,yes,"{""count_fp"":""20.00"",""created_time"":""2026-04-28T18:50:02.238295Z"",""no_price_dollars"":""0.7800"",""taker_side"":""yes"",""ticker"":""KXETH15M-26APR281500-00"",""trade_id"":""8aab7258-2c56-5f73-8518-4e07ce0e2f7b"",""yes_price_dollars"":""0.2200""}"
KXETH15M-26APR281500-00,9968c3c1-b840-564e-9b60-1b73af3f4f53,1777402202,0.21,79.0,yes,"{""count_fp"":""79.00"",""created_time"":""2026-04-28T18:50:02.130718Z"",""no_price_dollars"":""0.7900"",""taker_side"":""yes"",""ticker"":""KXETH15M-26APR281500-00"",""trade_id"":""9968c3c1-b840-564e-9b60-1b73af3f4f53"",""yes_price_dollars"":""0.2100""}"
KXETH15M-26APR281500-00,b4c1a135-6b38-5c5c-5747-5a24160442f1,1777402203,0.21,1.0,no,"{""count_fp"":""1.00"",""created_time"":""2026-04-28T18:50:03.731797Z"",""no_price_dollars"":""0.7900"",""taker_side"":""no"",""ticker"":""KXETH15M-26APR281500-00"",""trade_id"":""b4c1a135-6b38-5c5c-5747-5a24160442f1"",""yes_price_dollars"":""0.2100""}"
KXETH15M-26APR281500-00,972d4d5b-64e8-7842-8ae5-a2c4889500ea,1777402204,0.23,3.0,yes,"{""count_fp"":""3.00"",""created_time"":""2026-04-28T18:50:04.190381Z"",""no_price_dollars"":""0.7700"",""taker_side"":""yes"",""ticker"":""KXETH15M-26APR281500-00"",""trade_id"":""972d4d5b-64e8-7842-8ae5-a2c4889500ea"",""yes_price_dollars"":""0.2300""}"
KXETH15M-26APR281500-00,11a10c87-c7e1-5b9e-d8b0-c96049977099,1777402220,0.19,10.96,no,"{""count_fp"":""10.96"",""created_time"":""2026-04-28T18:50:20.201508Z"",""no_price_dollars"":""0.8100"",""taker_side"":""no"",""ticker"":""KXETH15M-26APR281500-00"",""trade_id"":""11a10c87-c7e1-5b9e-d8b0-c96049977099"",""yes_price_dollars"":""0.1900""}"
KXETH15M-26APR281500-00,17e2b832-3ed8-6722-af95-1721d3fd52de,1777402227,0.2,49.63,yes,"{""count_fp"":""49.63"",""created_time"":""2026-04-28T18:50:27.231914Z"",""no_price_dollars"":""0.8000"",""taker_side"":""yes"",""ticker"":""KXETH15M-26APR281500-00"",""trade_id"":""17e2b832-3ed8-6722-af95-1721d3fd52de"",""yes_price_dollars"":""0.2000""}"
KXETH15M-26APR281500-00,0552d3ec-f7ad-4c8a-d1bf-4f04d5e85255,1777402231,0.19,2.0,no,"{""count_fp"":""2.00"",""created_time"":""2026-04-28T18:50:31.900133Z"",""no_price_dollars"":""0.8100"",""taker_side"":""no"",""ticker"":""KXETH15M-26APR281500-00"",""trade_id"":""0552d3ec-f7ad-4c8a-d1bf-4f04d5e85255"",""yes_price_dollars"":""0.1900""}"
KXETH15M-26APR281500-00,8b53ddd9-63fc-6456-2aec-056b8e34207e,1777402233,0.2,50.37,yes,"{""count_fp"":""50.37"",""created_time"":""2026-04-28T18:50:33.505346Z"",""no_price_dollars"":""0.8000"",""taker_side"":""yes"",""ticker"":""KXETH15M-26APR281500-00"",""trade_id"":""8b53ddd9-63fc-6456-2aec-056b8e34207e"",""yes_price_dollars"":""0.2000""}"
KXETH15M-26APR281500-00,0b492cd8-e626-682b-1eb9-d8b6790e67a6,1777402233,0.2,19.63,yes,"{""count_fp"":""19.63"",""created_time"":""2026-04-28T18:50:33.505346Z"",""no_price_dollars"":""0.8000"",""taker_side"":""yes"",""ticker"":""KXETH15M-26APR281500-00"",""trade_id"":""0b492cd8-e626-682b-1eb9-d8b6790e67a6"",""yes_price_dollars"":""0.2000""}"
KXETH15M-26APR281500-00,80688f2f-f092-50c7-25af-c66b30e5dce6,1777402234,0.2,0.37,yes,"{""count_fp"":""0.37"",""created_time"":""2026-04-28T18:50:34.416752Z"",""no_price_dollars"":""0.8000"",""taker_side"":""yes"",""ticker"":""KXETH15M-26APR281500-00"",""trade_id"":""80688f2f-f092-50c7-25af-c66b30e5dce6"",""yes_price_dollars"":""0.2000""}"
KXETH15M-26APR281500-00,d49fae7b-1f04-4c22-705c-88f8b03ba127,1777402235,0.26,5.0,yes,"{""count_fp"":""5.00"",""created_time"":""2026-04-28T18:50:35.231064Z"",""no_price_dollars"":""0.7400"",""taker_side"":""yes"",""ticker"":""KXETH15M-26APR281500-00"",""trade_id"":""d49fae7b-1f04-4c22-705c-88f8b03ba127"",""yes_price_dollars"":""0.2600""}"
KXETH15M-26APR281500-00,f294e933-a928-62e0-cb56-95fbdf97f470,1777402235,0.25,20.0,yes,"{""count_fp"":""20.00"",""created_time"":""2026-04-28T18:50:35.208219Z"",""no_price_dollars"":""0.7500"",""taker_side"":""yes"",""ticker"":""KXETH15M-26APR281500-00"",""trade_id"":""f294e933-a928-62e0-cb56-95fbdf97f470"",""yes_price_dollars"":""0.2500""}"
KXETH15M-26APR281500-00,c162c7fd-71fd-6ef6-e638-7b0678319e25,1777402235,0.25,10.0,yes,"{""count_fp"":""10.00"",""created_time"":""2026-04-28T18:50:35.208219Z"",""no_price_dollars"":""0.7500"",""taker_side"":""yes"",""ticker"":""KXETH15M-26APR281500-00"",""trade_id"":""c162c7fd-71fd-6ef6-e638-7b0678319e25"",""yes_price_dollars"":""0.2500""}"
KXETH15M-26APR281500-00,393ac1b7-eea7-6804-f66d-fd9fa958396e,1777402235,0.25,1.0,yes,"{""count_fp"":""1.00"",""created_time"":""2026-04-28T18:50:35.208219Z"",""no_price_dollars"":""0.7500"",""taker_side"":""yes"",""ticker"":""KXETH15M-26APR281500-00"",""trade_id"":""393ac1b7-eea7-6804-f66d-fd9fa958396e"",""yes_price_dollars"":""0.2500""}"
KXETH15M-26APR281500-00,02285c9b-6078-6e5c-42f2-93800456df31,1777402238,0.25,1.0,no,"{""count_fp"":""1.00"",""created_time"":""2026-04-28T18:50:38.066858Z"",""no_price_dollars"":""0.7500"",""taker_side"":""no"",""ticker"":""KXETH15M-26APR281500-00"",""trade_id"":""02285c9b-6078-6e5c-42f2-93800456df31"",""yes_price_dollars"":""0.2500""}"
KXETH15M-26APR281500-00,7c93f3f3-9666-6157-6b8d-96952e088b67,1777402239,0.27,14.39,no,"{""count_fp"":""14.39"",""created_time"":""2026-04-28T18:50:39.630885Z"",""no_price_dollars"":""0.7300"",""taker_side"":""no"",""ticker"":""KXETH15M-26APR281500-00"",""trade_id"":""7c93f3f3-9666-6157-6b8d-96952e088b67"",""yes_price_dollars"":""0.2700""}"
KXETH15M-26APR281500-00,f66f142d-8fbe-4bf7-7430-bdad85d89798,1777402242,0.32,1.0,yes,"{""count_fp"":""1.00"",""created_time"":""2026-04-28T18:50:42.570454Z"",""no_price_dollars"":""0.6800"",""taker_side"":""yes"",""ticker"":""KXETH15M-26APR281500-00"",""trade_id"":""f66f142d-8fbe-4bf7-7430-bdad85d89798"",""yes_price_dollars"":""0.3200""}"
KXETH15M-26APR281500-00,173aa2e1-6ef1-4891-5bec-195a2ed24516,1777402242,0.31,1.0,yes,"{""count_fp"":""1.00"",""created_time"":""2026-04-28T18:50:42.570454Z"",""no_price_dollars"":""0.6900"",""taker_side"":""yes"",""ticker"":""KXETH15M-26APR281500-00"",""trade_id"":""173aa2e1-6ef1-4891-5bec-195a2ed24516"",""yes_price_dollars"":""0.3100""}"
KXETH15M-26APR281500-00,ddee7d72-4a02-693f-6cf0-03741a39af53,1777402244,0.28,13.62,no,"{""count_fp"":""13.62"",""created_time"":""2026-04-28T18:50:44.407695Z"",""no_price_dollars"":""0.7200"",""taker_side"":""no"",""ticker"":""KXETH15M-26APR281500-00"",""trade_id"":""ddee7d72-4a02-693f-6cf0-03741a39af53"",""yes_price_dollars"":""0.2800""}"
KXETH15M-26APR281500-00,66e92369-af8e-5fef-deb1-39fbf881787c,1777402250,0.31,51.56,yes,"{""count_fp"":""51.56"",""created_time"":""2026-04-28T18:50:50.910175Z"",""no_price_dollars"":""0.6900"",""taker_side"":""yes"",""ticker"":""KXETH15M-26APR281500-00"",""trade_id"":""66e92369-af8e-5fef-deb1-39fbf881787c"",""yes_price_dollars"":""0.3100""}"
KXETH15M-26APR281500-00,210595a4-d7e6-790b-2417-ea872db4db20,1777402250,0.31,32.0,yes,"{""count_fp"":""32.00"",""created_time"":""2026-04-28T18:50:50.043117Z"",""no_price_dollars"":""0.6900"",""taker_side"":""yes"",""ticker"":""KXETH15M-26APR281500-00"",""trade_id"":""210595a4-d7e6-790b-2417-ea872db4db20"",""yes_price_dollars"":""0.3100""}"
KXETH15M-26APR281500-00,4c1d7463-d94a-4183-4518-80fee123c07c,1777402251,0.31,1.0,yes,"{""count_fp"":""1.00"",""created_time"":""2026-04-28T18:50:51.035986Z"",""no_price_dollars"":""0.6900"",""taker_side"":""yes"",""ticker"":""KXETH15M-26APR281500-00"",""trade_id"":""4c1d7463-d94a-4183-4518-80fee123c07c"",""yes_price_dollars"":""0.3100""}"
KXETH15M-26APR281500-00,e6b817c7-75d9-4855-b1ad-68efbb95c393,1777402252,0.29,1.0,no,"{""count_fp"":""1.00"",""created_time"":""2026-04-28T18:50:52.297238Z"",""no_price_dollars"":""0.7100"",""taker_side"":""no"",""ticker"":""KXETH15M-26APR281500-00"",""trade_id"":""e6b817c7-75d9-4855-b1ad-68efbb95c393"",""yes_price_dollars"":""0.2900""}"
KXETH15M-26APR281500-00,6c0077ac-18c1-6be8-a18a-2b0b2d8bbcd6,1777402252,0.3,3.0,yes,"{""count_fp"":""3.00"",""created_time"":""2026-04-28T18:50:52.167766Z"",""no_price_dollars"":""0.7000"",""taker_side"":""yes"",""ticker"":""KXETH15M-26APR281500-00"",""trade_id"":""6c0077ac-18c1-6be8-a18a-2b0b2d8bbcd6"",""yes_price_dollars"":""0.3000""}"
KXETH15M-26APR281500-00,5f995724-60cd-60a0-6d70-37c6b09afa56,1777402255,0.3,6.15,yes,"{""count_fp"":""6.15"",""created_time"":""2026-04-28T18:50:55.173859Z"",""no_price_dollars"":""0.7000"",""taker_side"":""yes"",""ticker"":""KXETH15M-26APR281500-00"",""trade_id"":""5f995724-60cd-60a0-6d70-37c6b09afa56"",""yes_price_dollars"":""0.3000""}"
KXETH15M-26APR281500-00,081e9f69-3e56-4215-052f-17142d0810ce,1777402265,0.22,12.0,no,"{""count_fp"":""12.00"",""created_time"":""2026-04-28T18:51:05.794265Z"",""no_price_dollars"":""0.7800"",""taker_side"":""no"",""ticker"":""KXETH15M-26APR281500-00"",""trade_id"":""081e9f69-3e56-4215-052f-17142d0810ce"",""yes_price_dollars"":""0.2200""}"
KXETH15M-26APR281500-00,5797c4ed-8042-4b7b-77db-b713558bf8c3,1777402265,0.24,0.8,no,"{""count_fp"":""0.80"",""created_time"":""2026-04-28T18:51:05.159085Z"",""no_price_dollars"":""0.7600"",""taker_side"":""no"",""ticker"":""KXETH15M-26APR281500-00"",""trade_id"":""5797c4ed-8042-4b7b-77db-b713558bf8c3"",""yes_price_dollars"":""0.2400""}"
KXETH15M-26APR281500-00,fce82420-91be-5bdb-11e0-5f28b84ff307,1777402265,0.24,34.47,no,"{""count_fp"":""34.47"",""created_time"":""2026-04-28T18:51:05.141186Z"",""no_price_dollars"":""0.7600"",""taker_side"":""no"",""ticker"":""KXETH15M-26APR281500-00"",""trade_id"":""fce82420-91be-5bdb-11e0-5f28b84ff307"",""yes_price_dollars"":""0.2400""}"
KXETH15M-26APR281500-00,9be0cc8e-3a6c-5181-3c4e-8c2d397e880a,1777402265,0.27,4.33,no,"{""count_fp"":""4.33"",""created_time"":""2026-04-28T18:51:05.141186Z"",""no_price_dollars"":""0.7300"",""taker_side"":""no"",""ticker"":""KXETH15M-26APR281500-00"",""trade_id"":""9be0cc8e-3a6c-5181-3c4e-8c2d397e880a"",""yes_price_dollars"":""0.2700""}"
KXETH15M-26APR281500-00,759d9858-d0fa-5ef3-1d84-18b50cda2447,1777402265,0.24,4.2,no,"{""count_fp"":""4.20"",""created_time"":""2026-04-28T18:51:05.141186Z"",""no_price_dollars"":""0.7600"",""taker_side"":""no"",""ticker"":""KXETH15M-26APR281500-00"",""trade_id"":""759d9858-d0fa-5ef3-1d84-18b50cda2447"",""yes_price_dollars"":""0.2400""}"
KXETH15M-26APR281500-00,27c13910-d934-4263-0575-d8bdf48233df,1777402269,0.22,2.0,yes,"{""count_fp"":""2.00"",""created_time"":""2026-04-28T18:51:09.025686Z"",""no_price_dollars"":""0.7800"",""taker_side"":""yes"",""ticker"":""KXETH15M-26APR281500-00"",""trade_id"":""27c13910-d934-4263-0575-d8bdf48233df"",""yes_price_dollars"":""0.2200""}"
KXETH15M-26APR281500-00,225d7a0d-2a89-7ff2-e632-4b1b064f3ec6,1777402270,0.19,9.12,no,"{""count_fp"":""9.12"",""created_time"":""2026-04-28T18:51:10.637989Z"",""no_price_dollars"":""0.8100"",""taker_side"":""no"",""ticker"":""KXETH15M-26APR281500-00"",""trade_id"":""225d7a0d-2a89-7ff2-e632-4b1b064f3ec6"",""yes_price_dollars"":""0.1900""}"
KXETH15M-26APR281500-00,04eb9e93-c169-7a56-f751-722e7704d0a5,1777402270,0.19,351.88,no,"{""count_fp"":""351.88"",""created_time"":""2026-04-28T18:51:10.637989Z"",""no_price_dollars"":""0.8100"",""taker_side"":""no"",""ticker"":""KXETH15M-26APR281500-00"",""trade_id"":""04eb9e93-c169-7a56-f751-722e7704d0a5"",""yes_price_dollars"":""0.1900""}"
KXETH15M-26APR281500-00,8bf3c6ff-bf41-7d2e-cf8d-d8d91c6c9381,1777402270,0.19,15.0,no,"{""count_fp"":""15.00"",""created_time"":""2026-04-28T18:51:10.338604Z"",""no_price_dollars"":""0.8100"",""taker_side"":""no"",""ticker"":""KXETH15M-26APR281500-00"",""trade_id"":""8bf3c6ff-bf41-7d2e-cf8d-d8d91c6c9381"",""yes_price_dollars"":""0.1900""}"
KXETH15M-26APR281500-00,80c52e0e-847b-6e7a-5d29-9bf16c7ddf3a,1777402271,0.19,9.12,yes,"{""count_fp"":""9.12"",""created_time"":""2026-04-28T18:51:11.620904Z"",""no_price_dollars"":""0.8100"",""taker_side"":""yes"",""ticker"":""KXETH15M-26APR281500-00"",""trade_id"":""80c52e0e-847b-6e7a-5d29-9bf16c7ddf3a"",""yes_price_dollars"":""0.1900""}"
KXETH15M-26APR281500-00,801391da-46ae-6991-7df5-d9191d0b2413,1777402271,0.19,10.0,yes,"{""count_fp"":""10.00"",""created_time"":""2026-04-28T18:51:11.620904Z"",""no_price_dollars"":""0.8100"",""taker_side"":""yes"",""ticker"":""KXETH15M-26APR281500-00"",""trade_id"":""801391da-46ae-6991-7df5-d9191d0b2413"",""yes_price_dollars"":""0.1900""}"
KXETH15M-26APR281500-00,76d2f34b-db58-6e9b-5e81-a94150da2237,1777402271,0.19,4.64,yes,"{""count_fp"":""4.64"",""created_time"":""2026-04-28T18:51:11.620904Z"",""no_price_dollars"":""0.8100"",""taker_side"":""yes"",""ticker"":""KXETH15M-26APR281500-00"",""trade_id"":""76d2f34b-db58-6e9b-5e81-a94150da2237"",""yes_price_dollars"":""0.1900""}"
KXETH15M-26APR281500-00,d58f86ed-ea7d-43b2-8cf3-ca9e142f3756,1777402271,0.19,0.88,no,"{""count_fp"":""0.88"",""created_time"":""2026-04-28T18:51:11.125341Z"",""no_price_dollars"":""0.8100"",""taker_side"":""no"",""ticker"":""KXETH15M-26APR281500-00"",""trade_id"":""d58f86ed-ea7d-43b2-8cf3-ca9e142f3756"",""yes_price_dollars"":""0.1900""}"
KXETH15M-26APR281500-00,d351c992-8e67-56de-cf9b-f883bd7144f5,1777402272,0.18,1.0,no,"{""count_fp"":""1.00"",""created_time"":""2026-04-28T18:51:12.124549Z"",""no_price_dollars"":""0.8200"",""taker_side"":""no"",""ticker"":""KXETH15M-26APR281500-00"",""trade_id"":""d351c992-8e67-56de-cf9b-f883bd7144f5"",""yes_price_dollars"":""0.1800""}"
KXETH15M-26APR281500-00,ca328df9-015b-527a-e575-1743d4d382da,1777402272,0.18,5.0,no,"{""count_fp"":""5.00"",""created_time"":""2026-04-28T18:51:12.124549Z"",""no_price_dollars"":""0.8200"",""taker_side"":""no"",""ticker"":""KXETH15M-26APR281500-00"",""trade_id"":""ca328df9-015b-527a-e575-1743d4d382da"",""yes_price_dollars"":""0.1800""}"
KXETH15M-26APR281500-00,d919889d-9393-7905-d4f6-0d4143663754,1777402273,0.19,10.0,yes,"{""count_fp"":""10.00"",""created_time"":""2026-04-28T18:51:13.598955Z"",""no_price_dollars"":""0.8100"",""taker_side"":""yes"",""ticker"":""KXETH15M-26APR281500-00"",""trade_id"":""d919889d-9393-7905-d4f6-0d4143663754"",""yes_price_dollars"":""0.1900""}"
KXETH15M-26APR281500-00,4c55dda2-3e2b-7d37-ec13-d6ea1e3e7da9,1777402273,0.19,8.0,yes,"{""count_fp"":""8.00"",""created_time"":""2026-04-28T18:51:13.598955Z"",""no_price_dollars"":""0.8100"",""taker_side"":""yes"",""ticker"":""KXETH15M-26APR281500-00"",""trade_id"":""4c55dda2-3e2b-7d37-ec13-d6ea1e3e7da9"",""yes_price_dollars"":""0.1900""}"
KXETH15M-26APR281500-00,6d6168ca-bb40-7a1b-fe50-97608dbf2b5b,1777402275,0.18,100.0,yes,"{""count_fp"":""100.00"",""created_time"":""2026-04-28T18:51:15.270161Z"",""no_price_dollars"":""0.8200"",""taker_side"":""yes"",""ticker"":""KXETH15M-26APR281500-00"",""trade_id"":""6d6168ca-bb40-7a1b-fe50-97608dbf2b5b"",""yes_price_dollars"":""0.1800""}"
KXETH15M-26APR281500-00,291b4545-e50d-7b0a-ff8c-3445834efba1,1777402275,0.18,10.0,yes,"{""count_fp"":""10.00"",""created_time"":""2026-04-28T18:51:15.270161Z"",""no_price_dollars"":""0.8200"",""taker_side"":""yes"",""ticker"":""KXETH15M-26APR281500-00"",""trade_id"":""291b4545-e50d-7b0a-ff8c-3445834efba1"",""yes_price_dollars"":""0.1800""}"
KXETH15M-26APR281500-00,9df344ea-83ee-5b6a-5137-36aaf695cc97,1777402286,0.22,100.0,yes,"{""count_fp"":""100.00"",""created_time"":""2026-04-28T18:51:26.150113Z"",""no_price_dollars"":""0.7800"",""taker_side"":""yes"",""ticker"":""KXETH15M-26APR281500-00"",""trade_id"":""9df344ea-83ee-5b6a-5137-36aaf695cc97"",""yes_price_dollars"":""0.2200""}"
KXETH15M-26APR281500-00,7f029536-9747-6e58-bae7-4f82b959fbd1,1777402296,0.24,100.0,yes,"{""count_fp"":""100.00"",""created_time"":""2026-04-28T18:51:36.946177Z"",""no_price_dollars"":""0.7600"",""taker_side"":""yes"",""ticker"":""KXETH15M-26APR281500-00"",""trade_id"":""7f029536-9747-6e58-bae7-4f82b959fbd1"",""yes_price_dollars"":""0.2400""}"
KXETH15M-26APR281500-00,01c122dd-0461-6909-a04e-398e686bc0e9,1777402296,0.24,10.0,yes,"{""count_fp"":""10.00"",""created_time"":""2026-04-28T18:51:36.946177Z"",""no_price_dollars"":""0.7600"",""taker_side"":""yes"",""ticker"":""KXETH15M-26APR281500-00"",""trade_id"":""01c122dd-0461-6909-a04e-398e686bc0e9"",""yes_price_dollars"":""0.2400""}"
KXETH15M-26APR281500-00,af470f08-52cb-7b81-ff43-e7e883fc5ae3,1777402301,0.21,24.9,no,"{""count_fp"":""24.90"",""created_time"":""2026-04-28T18:51:41.872212Z"",""no_price_dollars"":""0.7900"",""taker_side"":""no"",""ticker"":""KXETH15M-26APR281500-00"",""trade_id"":""af470f08-52cb-7b81-ff43-e7e883fc5ae3"",""yes_price_dollars"":""0.2100""}"
KXETH15M-26APR281500-00,8a915a9b-6c8b-62c4-58a0-98881b46ebf9,1777402301,0.25,3.66,yes,"{""count_fp"":""3.66"",""created_time"":""2026-04-28T18:51:41.765714Z"",""no_price_dollars"":""0.7500"",""taker_side"":""yes"",""ticker"":""KXETH15M-26APR281500-00"",""trade_id"":""8a915a9b-6c8b-62c4-58a0-98881b46ebf9"",""yes_price_dollars"":""0.2500""}"
KXETH15M-26APR281500-00,ec1f6a8e-1f77-4890-6f1a-ca9ff51dfb41,1777402302,0.25,96.0,yes,"{""count_fp"":""96.00"",""created_time"":""2026-04-28T18:51:42.132878Z"",""no_price_dollars"":""0.7500"",""taker_side"":""yes"",""ticker"":""KXETH15M-26APR281500-00"",""trade_id"":""ec1f6a8e-1f77-4890-6f1a-ca9ff51dfb41"",""yes_price_dollars"":""0.2500""}"
KXETH15M-26APR281500-00,c57e67e2-66e7-4191-3c02-cf199e383e6f,1777402307,0.27,66.65,no,"{""count_fp"":""66.65"",""created_time"":""2026-04-28T18:51:47.562967Z"",""no_price_dollars"":""0.7300"",""taker_side"":""no"",""ticker"":""KXETH15M-26APR281500-00"",""trade_id"":""c57e67e2-66e7-4191-3c02-cf199e383e6f"",""yes_price_dollars"":""0.2700""}"
KXETH15M-26APR281500-00,cbb3a427-aa27-4995-8c66-ac9a4c7cad3f,1777402307,0.27,12.46,no,"{""count_fp"":""12.46"",""created_time"":""2026-04-28T18:51:47.224272Z"",""no_price_dollars"":""0.7300"",""taker_side"":""no"",""ticker"":""KXETH15M-26APR281500-00"",""trade_id"":""cbb3a427-aa27-4995-8c66-ac9a4c7cad3f"",""yes_price_dollars"":""0.2700""}"
KXETH15M-26APR281500-00,75eb1fe6-f13a-62b5-f78a-e954863bd2c3,1777402314,0.31,12.3,yes,"{""count_fp"":""12.30"",""created_time"":""2026-04-28T18:51:54.841424Z"",""no_price_dollars"":""0.6900"",""taker_side"":""yes"",""ticker"":""KXETH15M-26APR281500-00"",""trade_id"":""75eb1fe6-f13a-62b5-f78a-e954863bd2c3"",""yes_price_dollars"":""0.3100""}"
KXETH15M-26APR281500-00,d809ecf9-16ea-6b61-08c6-46e92bc71e63,1777402320,0.31,3.07,yes,"{""count_fp"":""3.07"",""created_time"":""2026-04-28T18:52:00.185172Z"",""no_price_dollars"":""0.6900"",""taker_side"":""yes"",""ticker"":""KXETH15M-26APR281500-00"",""trade_id"":""d809ecf9-16ea-6b61-08c6-46e92bc71e63"",""yes_price_dollars"":""0.3100""}"
KXETH15M-26APR281500-00,5e59b0cf-2a41-4708-03a1-30316e5cb47b,1777402321,0.28,2.0,no,"{""count_fp"":""2.00"",""created_time"":""2026-04-28T18:52:01.697295Z"",""no_price_dollars"":""0.7200"",""taker_side"":""no"",""ticker"":""KXETH15M-26APR281500-00"",""trade_id"":""5e59b0cf-2a41-4708-03a1-30316e5cb47b"",""yes_price_dollars"":""0.2800""}"
KXETH15M-26APR281500-00,3c45c52e-deaf-4e81-1eea-1a034678d753,1777402321,0.3,1.0,no,"{""count_fp"":""1.00"",""created_time"":""2026-04-28T18:52:01.697295Z"",""no_price_dollars"":""0.7000"",""taker_side"":""no"",""ticker"":""KXETH15M-26APR281500-00"",""trade_id"":""3c45c52e-deaf-4e81-1eea-1a034678d753"",""yes_price_dollars"":""0.3000""}"
KXETH15M-26APR281500-00,96fb9b8b-2be0-40ca-35ec-70fc5e8f533e,1777402322,0.28,1.0,no,"{""count_fp"":""1.00"",""created_time"":""2026-04-28T18:52:02.888059Z"",""no_price_dollars"":""0.7200"",""taker_side"":""no"",""ticker"":""KXETH15M-26APR281500-00"",""trade_id"":""96fb9b8b-2be0-40ca-35ec-70fc5e8f533e"",""yes_price_dollars"":""0.2800""}"
KXETH15M-26APR281500-00,174f5045-f5bd-70b4-e6d8-3ca90a43376f,1777402322,0.28,3.0,no,"{""count_fp"":""3.00"",""created_time"":""2026-04-28T18:52:02.140619Z"",""no_price_dollars"":""0.7200"",""taker_side"":""no"",""ticker"":""KXETH15M-26APR281500-00"",""trade_id"":""174f5045-f5bd-70b4-e6d8-3ca90a43376f"",""yes_price_dollars"":""0.2800""}"
KXETH15M-26APR281500-00,7f19d32a-f8a1-6f08-807c-d860ca167210,1777402329,0.32,1.0,no,"{""count_fp"":""1.00"",""created_time"":""2026-04-28T18:52:09.977118Z"",""no_price_dollars"":""0.6800"",""taker_side"":""no"",""ticker"":""KXETH15M-26APR281500-00"",""trade_id"":""7f19d32a-f8a1-6f08-807c-d860ca167210"",""yes_price_dollars"":""0.3200""}"
KXETH15M-26APR281500-00,5579e2a0-7274-7a9e-7c85-c554b72c3825,1777402331,0.31,1.0,no,"{""count_fp"":""1.00"",""created_time"":""2026-04-28T18:52:11.364391Z"",""no_price_dollars"":""0.6900"",""taker_side"":""no"",""ticker"":""KXETH15M-26APR281500-00"",""trade_id"":""5579e2a0-7274-7a9e-7c85-c554b72c3825"",""yes_price_dollars"":""0.3100""}"
KXETH15M-26APR281500-00,d8db4d2d-3c17-77c5-884d-85123473836b,1777402332,0.29,57.23,no,"{""count_fp"":""57.23"",""created_time"":""2026-04-28T18:52:12.662306Z"",""no_price_dollars"":""0.7100"",""taker_side"":""no"",""ticker"":""KXETH15M-26APR281500-00"",""trade_id"":""d8db4d2d-3c17-77c5-884d-85123473836b"",""yes_price_dollars"":""0.2900""}"
KXETH15M-26APR281500-00,991a15d5-5b5c-71be-bace-f57af7b08119,1777402332,0.3,69.0,no,"{""count_fp"":""69.00"",""created_time"":""2026-04-28T18:52:12.662306Z"",""no_price_dollars"":""0.7000"",""taker_side"":""no"",""ticker"":""KXETH15M-26APR281500-00"",""trade_id"":""991a15d5-5b5c-71be-bace-f57af7b08119"",""yes_price_dollars"":""0.3000""}"
KXETH15M-26APR281500-00,22fcd8e1-5d35-7300-9193-c80b56290bfc,1777402332,0.3,10.0,no,"{""count_fp"":""10.00"",""created_time"":""2026-04-28T18:52:12.662306Z"",""no_price_dollars"":""0.7000"",""taker_side"":""no"",""ticker"":""KXETH15M-26APR281500-00"",""trade_id"":""22fcd8e1-5d35-7300-9193-c80b56290bfc"",""yes_price_dollars"":""0.3000""}"
KXETH15M-26APR281500-00,6a8ead9a-4d0a-5e45-bcaa-e76749828c5b,1777402338,0.29,10.0,yes,"{""count_fp"":""10.00"",""created_time"":""2026-04-28T18:52:18.855781Z"",""no_price_dollars"":""0.7100"",""taker_side"":""yes"",""ticker"":""KXETH15M-26APR281500-00"",""trade_id"":""6a8ead9a-4d0a-5e45-bcaa-e76749828c5b"",""yes_price_dollars"":""0.2900""}"
KXETH15M-26APR281500-00,0484698c-baf1-747b-9593-41dae89c67cf,1777402338,0.29,70.0,no,"{""count_fp"":""70.00"",""created_time"":""2026-04-28T18:52:18.196117Z"",""no_price_dollars"":""0.7100"",""taker_side"":""no"",""ticker"":""KXETH15M-26APR281500-00"",""trade_id"":""0484698c-baf1-747b-9593-41dae89c67cf"",""yes_price_dollars"":""0.2900""}"
KXETH15M-26APR281500-00,03abdc5c-e54d-7e4a-9b23-c94a859f342c,1777402338,0.29,5.0,no,"{""count_fp"":""5.00"",""created_time"":""2026-04-28T18:52:18.196117Z"",""no_price_dollars"":""0.7100"",""taker_side"":""no"",""ticker"":""KXETH15M-26APR281500-00"",""trade_id"":""03abdc5c-e54d-7e4a-9b23-c94a859f342c"",""yes_price_dollars"":""0.2900""}"
KXETH15M-26APR281500-00,7deb10fc-0f18-512d-6f28-91569f1f1efe,1777402341,0.28,8.41,no,"{""count_fp"":""8.41"",""created_time"":""2026-04-28T18:52:21.951902Z"",""no_price_dollars"":""0.7200"",""taker_side"":""no"",""ticker"":""KXETH15M-26APR281500-00"",""trade_id"":""7deb10fc-0f18-512d-6f28-91569f1f1efe"",""yes_price_dollars"":""0.2800""}"
KXETH15M-26APR281500-00,3579928b-5f00-5734-7149-8eb64230a18a,1777402341,0.29,5.0,no,"{""count_fp"":""5.00"",""created_time"":""2026-04-28T18:52:21.951902Z"",""no_price_dollars"":""0.7100"",""taker_side"":""no"",""ticker"":""KXETH15M-26APR281500-00"",""trade_id"":""3579928b-5f00-5734-7149-8eb64230a18a"",""yes_price_dollars"":""0.2900""}"
KXETH15M-26APR281500-00,b4fe1d95-c878-46b4-c619-9e1b5fb4903f,1777402343,0.29,5.0,no,"{""count_fp"":""5.00"",""created_time"":""2026-04-28T18:52:23.221255Z"",""no_price_dollars"":""0.7100"",""taker_side"":""no"",""ticker"":""KXETH15M-26APR281500-00"",""trade_id"":""b4fe1d95-c878-46b4-c619-9e1b5fb4903f"",""yes_price_dollars"":""0.2900""}"
KXETH15M-26APR281500-00,2e79aad1-6adb-79e7-d181-af9f197b862e,1777402345,0.29,0.68,no,"{""count_fp"":""0.68"",""created_time"":""2026-04-28T18:52:25.809196Z"",""no_price_dollars"":""0.7100"",""taker_side"":""no"",""ticker"":""KXETH15M-26APR281500-00"",""trade_id"":""2e79aad1-6adb-79e7-d181-af9f197b862e"",""yes_price_dollars"":""0.2900""}"
KXETH15M-26APR281500-00,ca820aa9-305e-6af9-b610-147c276a983b,1777402347,0.31,4.47,yes,"{""count_fp"":""4.47"",""created_time"":""2026-04-28T18:52:27.941728Z"",""no_price_dollars"":""0.6900"",""taker_side"":""yes"",""ticker"":""KXETH15M-26APR281500-00"",""trade_id"":""ca820aa9-305e-6af9-b610-147c276a983b"",""yes_price_dollars"":""0.3100""}"
KXETH15M-26APR281500-00,7b06a81c-1306-6a2b-a093-1467afa6652a,1777402347,0.31,5.53,yes,"{""count_fp"":""5.53"",""created_time"":""2026-04-28T18:52:27.941728Z"",""no_price_dollars"":""0.6900"",""taker_side"":""yes"",""ticker"":""KXETH15M-26APR281500-00"",""trade_id"":""7b06a81c-1306-6a2b-a093-1467afa6652a"",""yes_price_dollars"":""0.3100""}"
KXETH15M-26APR281500-00,4f94c4df-2f82-54ef-040e-f4e2e5fe5ece,1777402347,0.31,4.47,yes,"{""count_fp"":""4.47"",""created_time"":""2026-04-28T18:52:27.859034Z"",""no_price_dollars"":""0.6900"",""taker_side"":""yes"",""ticker"":""KXETH15M-26APR281500-00"",""trade_id"":""4f94c4df-2f82-54ef-040e-f4e2e5fe5ece"",""yes_price_dollars"":""0.3100""}"
KXETH15M-26APR281500-00,f994c80a-9392-417f-a217-c78deeade673,1777402348,0.27,3.0,no,"{""count_fp"":""3.00"",""created_time"":""2026-04-28T18:52:28.382304Z"",""no_price_dollars"":""0.7300"",""taker_side"":""no"",""ticker"":""KXETH15M-26APR281500-00"",""trade_id"":""f994c80a-9392-417f-a217-c78deeade673"",""yes_price_dollars"":""0.2700""}"
KXETH15M-26APR281500-00,a6f3caa5-01a9-49d4-aa36-7ef951c2179d,1777402348,0.27,9.68,no,"{""count_fp"":""9.68"",""created_time"":""2026-04-28T18:52:28.382304Z"",""no_price_dollars"":""0.7300"",""taker_side"":""no"",""ticker"":""KXETH15M-26APR281500-00"",""trade_id"":""a6f3caa5-01a9-49d4-aa36-7ef951c2179d"",""yes_price_dollars"":""0.2700""}"
KXETH15M-26APR281500-00,4befcf2e-e2f3-40af-98ef-d5c9680a792e,1777402348,0.29,4.32,no,"{""count_fp"":""4.32"",""created_time"":""2026-04-28T18:52:28.382304Z"",""no_price_dollars"":""0.7100"",""taker_side"":""no"",""ticker"":""KXETH15M-26APR281500-00"",""trade_id"":""4befcf2e-e2f3-40af-98ef-d5c9680a792e"",""yes_price_dollars"":""0.2900""}"
KXETH15M-26APR281500-00,6cbf07cb-263f-7567-6e33-bd7d632e402d,1777402356,0.22,4.12,yes,"{""count_fp"":""4.12"",""created_time"":""2026-04-28T18:52:36.716169Z"",""no_price_dollars"":""0.7800"",""taker_side"":""yes"",""ticker"":""KXETH15M-26APR281500-00"",""trade_id"":""6cbf07cb-263f-7567-6e33-bd7d632e402d"",""yes_price_dollars"":""0.2200""}"
KXETH15M-26APR281500-00,e7b76495-259f-4ecb-77e2-e73c18459e89,1777402365,0.22,0.88,yes,"{""count_fp"":""0.88"",""created_time"":""2026-04-28T18:52:45.117957Z"",""no_price_dollars"":""0.7800"",""taker_side"":""yes"",""ticker"":""KXETH15M-26APR281500-00"",""trade_id"":""e7b76495-259f-4ecb-77e2-e73c18459e89"",""yes_price_dollars"":""0.2200""}"
KXETH15M-26APR281500-00,b5065210-c3aa-4ffd-497f-ac382a144fd2,1777402365,0.22,10.27,yes,"{""count_fp"":""10.27"",""created_time"":""2026-04-28T18:52:45.117957Z"",""no_price_dollars"":""0.7800"",""taker_side"":""yes"",""ticker"":""KXETH15M-26APR281500-00"",""trade_id"":""b5065210-c3aa-4ffd-497f-ac382a144fd2"",""yes_price_dollars"":""0.2200""}"
KXETH15M-26APR281500-00,099356f3-d902-4539-5706-b6182c1448f7,1777402365,0.22,27.64,yes,"{""count_fp"":""27.64"",""created_time"":""2026-04-28T18:52:45.117957Z"",""no_price_dollars"":""0.7800"",""taker_side"":""yes"",""ticker"":""KXETH15M-26APR281500-00"",""trade_id"":""099356f3-d902-4539-5706-b6182c1448f7"",""yes_price_dollars"":""0.2200""}"
KXETH15M-26APR281500-00,591b6591-5b1b-6413-1f12-ede4b3cc0b21,1777402369,0.21,41.25,yes,"{""count_fp"":""41.25"",""created_time"":""2026-04-28T18:52:49.763984Z"",""no_price_dollars"":""0.7900"",""taker_side"":""yes"",""ticker"":""KXETH15M-26APR281500-00"",""trade_id"":""591b6591-5b1b-6413-1f12-ede4b3cc0b21"",""yes_price_dollars"":""0.2100""}"
KXETH15M-26APR281500-00,8893e761-fdcd-46af-d819-691dce49dd7d,1777402369,0.19,5.0,no,"{""count_fp"":""5.00"",""created_time"":""2026-04-28T18:52:49.298596Z"",""no_price_dollars"":""0.8100"",""taker_side"":""no"",""ticker"":""KXETH15M-26APR281500-00"",""trade_id"":""8893e761-fdcd-46af-d819-691dce49dd7d"",""yes_price_dollars"":""0.1900""}"
KXETH15M-26APR281500-00,115c3035-41f9-4c80-ee40-94de92720ae1,1777402369,0.19,10.0,no,"{""count_fp"":""10.00"",""created_time"":""2026-04-28T18:52:49.298596Z"",""no_price_dollars"":""0.8100"",""taker_side"":""no"",""ticker"":""KXETH15M-26APR281500-00"",""trade_id"":""115c3035-41f9-4c80-ee40-94de92720ae1"",""yes_price_dollars"":""0.1900""}"
KXETH15M-26APR281500-00,68a37945-5caa-450d-b320-4cc4a0f6bc47,1777402376,0.19,4.71,yes,"{""count_fp"":""4.71"",""created_time"":""2026-04-28T18:52:56.783976Z"",""no_price_dollars"":""0.8100"",""taker_side"":""yes"",""ticker"":""KXETH15M-26APR281500-00"",""trade_id"":""68a37945-5caa-450d-b320-4cc4a0f6bc47"",""yes_price_dollars"":""0.1900""}"
KXETH15M-26APR281500-00,79c10a92-cf2a-7d69-9cfd-65f38688118f,1777402377,0.19,13.41,yes,"{""count_fp"":""13.41"",""created_time"":""2026-04-28T18:52:57.901226Z"",""no_price_dollars"":""0.8100"",""taker_side"":""yes"",""ticker"":""KXETH15M-26APR281500-00"",""trade_id"":""79c10a92-cf2a-7d69-9cfd-65f38688118f"",""yes_price_dollars"":""0.1900""}"
KXETH15M-26APR281500-00,fb7d60fc-f794-5573-438e-b748a6ee1267,1777402380,0.16,1.0,no,"{""count_fp"":""1.00"",""created_time"":""2026-04-28T18:53:00.563346Z"",""no_price_dollars"":""0.8400"",""taker_side"":""no"",""ticker"":""KXETH15M-26APR281500-00"",""trade_id"":""fb7d60fc-f794-5573-438e-b748a6ee1267"",""yes_price_dollars"":""0.1600""}"
KXETH15M-26APR281500-00,debcb282-be78-5a58-6ad3-dc70dce07827,1777402380,0.16,1.0,no,"{""count_fp"":""1.00"",""created_time"":""2026-04-28T18:53:00.563346Z"",""no_price_dollars"":""0.8400"",""taker_side"":""no"",""ticker"":""KXETH15M-26APR281500-00"",""trade_id"":""debcb282-be78-5a58-6ad3-dc70dce07827"",""yes_price_dollars"":""0.1600""}"
KXETH15M-26APR281500-00,85c0f1ea-1b4f-5fa2-698d-556cd2b26620,1777402380,0.15,1.0,no,"{""count_fp"":""1.00"",""created_time"":""2026-04-28T18:53:00.563346Z"",""no_price_dollars"":""0.8500"",""taker_side"":""no"",""ticker"":""KXETH15M-26APR281500-00"",""trade_id"":""85c0f1ea-1b4f-5fa2-698d-556cd2b26620"",""yes_price_dollars"":""0.1500""}"
KXETH15M-26APR281500-00,481da30b-7fd5-5b21-456f-b30819823637,1777402380,0.16,1.0,no,"{""count_fp"":""1.00"",""created_time"":""2026-04-28T18:53:00.563346Z"",""no_price_dollars"":""0.8400"",""taker_side"":""no"",""ticker"":""KXETH15M-26APR281500-00"",""trade_id"":""481da30b-7fd5-5b21-456f-b30819823637"",""yes_price_dollars"":""0.1600""}"
KXETH15M-26APR281500-00,6050f8e9-1e9a-4607-ca42-86c8289e5d21,1777402382,0.16,5.0,no,"{""count_fp"":""5.00"",""created_time"":""2026-04-28T18:53:02.590092Z"",""no_price_dollars"":""0.8400"",""taker_side"":""no"",""ticker"":""KXETH15M-26APR281500-00"",""trade_id"":""6050f8e9-1e9a-4607-ca42-86c8289e5d21"",""yes_price_dollars"":""0.1600""}"
KXETH15M-26APR281500-00,4b4d0d4b-4f39-45ea-ffcb-c43818e4e553,1777402382,0.14,1.0,no,"{""count_fp"":""1.00"",""created_time"":""2026-04-28T18:53:02.590092Z"",""no_price_dollars"":""0.8600"",""taker_side"":""no"",""ticker"":""KXETH15M-26APR281500-00"",""trade_id"":""4b4d0d4b-4f39-45ea-ffcb-c43818e4e553"",""yes_price_dollars"":""0.1400""}"
KXETH15M-26APR281500-00,3ec6dc5f-62bc-4703-d968-715e1d779faf,1777402382,0.14,1.0,no,"{""count_fp"":""1.00"",""created_time"":""2026-04-28T18:53:02.590092Z"",""no_price_dollars"":""0.8600"",""taker_side"":""no"",""ticker"":""KXETH15M-26APR281500-00"",""trade_id"":""3ec6dc5f-62bc-4703-d968-715e1d779faf"",""yes_price_dollars"":""0.1400""}"
KXETH15M-26APR281500-00,8d7d817e-4fa4-5366-d82a-ace8037ad6e0,1777402384,0.17,3.0,no,"{""count_fp"":""3.00"",""created_time"":""2026-04-28T18:53:04.821496Z"",""no_price_dollars"":""0.8300"",""taker_side"":""no"",""ticker"":""KXETH15M-26APR281500-00"",""trade_id"":""8d7d817e-4fa4-5366-d82a-ace8037ad6e0"",""yes_price_dollars"":""0.1700""}"
KXETH15M-26APR281500-00,41b6896b-b463-6055-97fb-1f7aec054057,1777402385,0.14,7.0,no,"{""count_fp"":""7.00"",""created_time"":""2026-04-28T18:53:05.521598Z"",""no_price_dollars"":""0.8600"",""taker_side"":""no"",""ticker"":""KXETH15M-26APR281500-00"",""trade_id"":""41b6896b-b463-6055-97fb-1f7aec054057"",""yes_price_dollars"":""0.1400""}"
KXETH15M-26APR281500-00,f379005f-5cc3-7579-b6d1-34c6e017b767,1777402401,0.14,87.87,no,"{""count_fp"":""87.87"",""created_time"":""2026-04-28T18:53:21.496493Z"",""no_price_dollars"":""0.8600"",""taker_side"":""no"",""ticker"":""KXETH15M-26APR281500-00"",""trade_id"":""f379005f-5cc3-7579-b6d1-34c6e017b767"",""yes_price_dollars"":""0.1400""}"
KXETH15M-26APR281500-00,d18ca7e3-a794-7e8c-9f6e-54de09c28136,1777402401,0.15,200.0,no,"{""count_fp"":""200.00"",""created_time"":""2026-04-28T18:53:21.496493Z"",""no_price_dollars"":""0.8500"",""taker_side"":""no"",""ticker"":""KXETH15M-26APR281500-00"",""trade_id"":""d18ca7e3-a794-7e8c-9f6e-54de09c28136"",""yes_price_dollars"":""0.1500""}"
KXETH15M-26APR281500-00,593289c2-6d22-5399-d37b-c8a46c8e5fdf,1777402402,0.2,12.46,yes,"{""count_fp"":""12.46"",""created_time"":""2026-04-28T18:53:22.976265Z"",""no_price_dollars"":""0.8000"",""taker_side"":""yes"",""ticker"":""KXETH15M-26APR281500-00"",""trade_id"":""593289c2-6d22-5399-d37b-c8a46c8e5fdf"",""yes_price_dollars"":""0.2000""}"
KXETH15M-26APR281500-00,1147751e-52cc-6a18-c385-0d4be8fcfed7,1777402403,0.15,1.0,no,"{""count_fp"":""1.00"",""created_time"":""2026-04-28T18:53:23.266292Z"",""no_price_dollars"":""0.8500"",""taker_side"":""no"",""ticker"":""KXETH15M-26APR281500-00"",""trade_id"":""1147751e-52cc-6a18-c385-0d4be8fcfed7"",""yes_price_dollars"":""0.1500""}"
KXETH15M-26APR281500-00,061525ca-2963-6cf1-e2cf-0837b4b35936,1777402403,0.15,7.0,no,"{""count_fp"":""7.00"",""created_time"":""2026-04-28T18:53:23.266292Z"",""no_price_dollars"":""0.8500"",""taker_side"":""no"",""ticker"":""KXETH15M-26APR281500-00"",""trade_id"":""061525ca-2963-6cf1-e2cf-0837b4b35936"",""yes_price_dollars"":""0.1500""}"
KXETH15M-26APR281500-00,a65c200e-5e2e-459d-6455-7e9017f5eb37,1777402403,0.2,8.0,yes,"{""count_fp"":""8.00"",""created_time"":""2026-04-28T18:53:23.141084Z"",""no_price_dollars"":""0.8000"",""taker_side"":""yes"",""ticker"":""KXETH15M-26APR281500-00"",""trade_id"":""a65c200e-5e2e-459d-6455-7e9017f5eb37"",""yes_price_dollars"":""0.2000""}"
KXETH15M-26APR281500-00,314e1d3c-d33f-66b5-2b05-dd525ba19047,1777402407,0.14,3.45,no,"{""count_fp"":""3.45"",""created_time"":""2026-04-28T18:53:27.763648Z"",""no_price_dollars"":""0.8600"",""taker_side"":""no"",""ticker"":""KXETH15M-26APR281500-00"",""trade_id"":""314e1d3c-d33f-66b5-2b05-dd525ba19047"",""yes_price_dollars"":""0.1400""}"
KXETH15M-26APR281500-00,47a5b6ef-6be1-706f-e27d-22fcaeda235f,1777402409,0.15,9.33,no,"{""count_fp"":""9.33"",""created_time"":""2026-04-28T18:53:29.582957Z"",""no_price_dollars"":""0.8500"",""taker_side"":""no"",""ticker"":""KXETH15M-26APR281500-00"",""trade_id"":""47a5b6ef-6be1-706f-e27d-22fcaeda235f"",""yes_price_dollars"":""0.1500""}"
KXETH15M-26APR281500-00,3920dbaf-dfcc-40bb-9fa6-1b2c3c6b2e96,1777402410,0.15,7.0,no,"{""count_fp"":""7.00"",""created_time"":""2026-04-28T18:53:30.722284Z"",""no_price_dollars"":""0.8500"",""taker_side"":""no"",""ticker"":""KXETH15M-26APR281500-00"",""trade_id"":""3920dbaf-dfcc-40bb-9fa6-1b2c3c6b2e96"",""yes_price_dollars"":""0.1500""}"
KXETH15M-26APR281500-00,d46103df-3c5e-7dce-fdb8-c5c418e19812,1777402418,0.16,1.0,yes,"{""count_fp"":""1.00"",""created_time"":""2026-04-28T18:53:38.255341Z"",""no_price_dollars"":""0.8400"",""taker_side"":""yes"",""ticker"":""KXETH15M-26APR281500-00"",""trade_id"":""d46103df-3c5e-7dce-fdb8-c5c418e19812"",""yes_price_dollars"":""0.1600""}"
KXETH15M-26APR281500-00,8b7200ba-f710-74eb-cb4c-08f1f6a6eca7,1777402418,0.16,3.0,yes,"{""count_fp"":""3.00"",""created_time"":""2026-04-28T18:53:38.255341Z"",""no_price_dollars"":""0.8400"",""taker_side"":""yes"",""ticker"":""KXETH15M-26APR281500-00"",""trade_id"":""8b7200ba-f710-74eb-cb4c-08f1f6a6eca7"",""yes_price_dollars"":""0.1600""}"
KXETH15M-26APR281500-00,669a4165-6799-74fe-d67b-00e852755149,1777402418,0.17,10.0,yes,"{""count_fp"":""10.00"",""created_time"":""2026-04-28T18:53:38.255341Z"",""no_price_dollars"":""0.8300"",""taker_side"":""yes"",""ticker"":""KXETH15M-26APR281500-00"",""trade_id"":""669a4165-6799-74fe-d67b-00e852755149"",""yes_price_dollars"":""0.1700""}"
KXETH15M-26APR281500-00,198804c9-231d-6d01-8b1f-5cb71f55cf45,1777402421,0.18,1.0,yes,"{""count_fp"":""1.00"",""created_time"":""2026-04-28T18:53:41.998904Z"",""no_price_dollars"":""0.8200"",""taker_side"":""yes"",""ticker"":""KXETH15M-26APR281500-00"",""trade_id"":""198804c9-231d-6d01-8b1f-5cb71f55cf45"",""yes_price_dollars"":""0.1800""}"
KXETH15M-26APR281500-00,d8534d9b-5771-4663-8b1f-045e83a833f0,1777402428,0.2,7.0,no,"{""count_fp"":""7.00"",""created_time"":""2026-04-28T18:53:48.796842Z"",""no_price_dollars"":""0.8000"",""taker_side"":""no"",""ticker"":""KXETH15M-26APR281500-00"",""trade_id"":""d8534d9b-5771-4663-8b1f-045e83a833f0"",""yes_price_dollars"":""0.2000""}"
KXETH15M-26APR281500-00,e02957bf-6e2c-6c43-5926-2664f153360d,1777402434,0.21,27.51,yes,"{""count_fp"":""27.51"",""created_time"":""2026-04-28T18:53:54.980538Z"",""no_price_dollars"":""0.7900"",""taker_side"":""yes"",""ticker"":""KXETH15M-26APR281500-00"",""trade_id"":""e02957bf-6e2c-6c43-5926-2664f153360d"",""yes_price_dollars"":""0.2100""}"
KXETH15M-26APR281500-00,5c9e32f8-dcec-6924-444b-00c2fc901321,1777402434,0.21,1.0,yes,"{""count_fp"":""1.00"",""created_time"":""2026-04-28T18:53:54.980538Z"",""no_price_dollars"":""0.7900"",""taker_side"":""yes"",""ticker"":""KXETH15M-26APR281500-00"",""trade_id"":""5c9e32f8-dcec-6924-444b-00c2fc901321"",""yes_price_dollars"":""0.2100""}"
KXETH15M-26APR281500-00,1a1750f4-80df-689d-5623-59fd08dd1163,1777402434,0.21,10.0,yes,"{""count_fp"":""10.00"",""created_time"":""2026-04-28T18:53:54.980538Z"",""no_price_dollars"":""0.7900"",""taker_side"":""yes"",""ticker"":""KXETH15M-26APR281500-00"",""trade_id"":""1a1750f4-80df-689d-5623-59fd08dd1163"",""yes_price_dollars"":""0.2100""}"
KXETH15M-26APR281500-00,e23c04b8-ced8-4b29-cb43-250f51b5e86e,1777402434,0.2,100.0,no,"{""count_fp"":""100.00"",""created_time"":""2026-04-28T18:53:54.059368Z"",""no_price_dollars"":""0.8000"",""taker_side"":""no"",""ticker"":""KXETH15M-26APR281500-00"",""trade_id"":""e23c04b8-ced8-4b29-cb43-250f51b5e86e"",""yes_price_dollars"":""0.2000""}"
KXETH15M-26APR281500-00,c6b52ccd-070d-47d7-d229-6497d4b07aec,1777402434,0.2,0.34,no,"{""count_fp"":""0.34"",""created_time"":""2026-04-28T18:53:54.059368Z"",""no_price_dollars"":""0.8000"",""taker_side"":""no"",""ticker"":""KXETH15M-26APR281500-00"",""trade_id"":""c6b52ccd-070d-47d7-d229-6497d4b07aec"",""yes_price_dollars"":""0.2000""}"
KXETH15M-26APR281500-00,208740d0-d201-5128-521f-5697f05ef606,1777402435,0.2,1.0,yes,"{""count_fp"":""1.00"",""created_time"":""2026-04-28T18:53:55.275736Z"",""no_price_dollars"":""0.8000"",""taker_side"":""yes"",""ticker"":""KXETH15M-26APR281500-00"",""trade_id"":""208740d0-d201-5128-521f-5697f05ef606"",""yes_price_dollars"":""0.2000""}"
KXETH15M-26APR281500-00,cadfce59-4510-6bc7-124f-2828041bb8a9,1777402437,0.21,3.88,yes,"{""count_fp"":""3.88"",""created_time"":""2026-04-28T18:53:57.807525Z"",""no_price_dollars"":""0.7900"",""taker_side"":""yes"",""ticker"":""KXETH15M-26APR281500-00"",""trade_id"":""cadfce59-4510-6bc7-124f-2828041bb8a9"",""yes_price_dollars"":""0.2100""}"
KXETH15M-26APR281500-00,72701ee3-e75d-5100-93b0-7a9a2d8852ef,1777402442,0.21,1.0,no,"{""count_fp"":""1.00"",""created_time"":""2026-04-28T18:54:02.852197Z"",""no_price_dollars"":""0.7900"",""taker_side"":""no"",""ticker"":""KXETH15M-26APR281500-00"",""trade_id"":""72701ee3-e75d-5100-93b0-7a9a2d8852ef"",""yes_price_dollars"":""0.2100""}"
KXETH15M-26APR281500-00,4c990845-72a1-66cf-6c07-c2e7df2af652,1777402442,0.23,70.0,yes,"{""count_fp"":""70.00"",""created_time"":""2026-04-28T18:54:02.406312Z"",""no_price_dollars"":""0.7700"",""taker_side"":""yes"",""ticker"":""KXETH15M-26APR281500-00"",""trade_id"":""4c990845-72a1-66cf-6c07-c2e7df2af652"",""yes_price_dollars"":""0.2300""}"
KXETH15M-26APR281500-00,de07a4de-1849-7f7c-f471-738e8aba4f82,1777402442,0.21,10.0,yes,"{""count_fp"":""10.00"",""created_time"":""2026-04-28T18:54:02.198461Z"",""no_price_dollars"":""0.7900"",""taker_side"":""yes"",""ticker"":""KXETH15M-26APR281500-00"",""trade_id"":""de07a4de-1849-7f7c-f471-738e8aba4f82"",""yes_price_dollars"":""0.2100""}"
KXETH15M-26APR281500-00,50c35b8b-76c4-70cf-e09f-843b7cd3f44d,1777402442,0.22,11.65,yes,"{""count_fp"":""11.65"",""created_time"":""2026-04-28T18:54:02.198461Z"",""no_price_dollars"":""0.7800"",""taker_side"":""yes"",""ticker"":""KXETH15M-26APR281500-00"",""trade_id"":""50c35b8b-76c4-70cf-e09f-843b7cd3f44d"",""yes_price_dollars"":""0.2200""}"
KXETH15M-26APR281500-00,0abc3c6a-c477-6d97-21ed-f0e3a341e642,1777402452,0.25,2.0,yes,"{""count_fp"":""2.00"",""created_time"":""2026-04-28T18:54:12.331623Z"",""no_price_dollars"":""0.7500"",""taker_side"":""yes"",""ticker"":""KXETH15M-26APR281500-00"",""trade_id"":""0abc3c6a-c477-6d97-21ed-f0e3a341e642"",""yes_price_dollars"":""0.2500""}"
KXETH15M-26APR281500-00,ace029a0-7d2d-6a29-563a-4a1820e741fc,1777402453,0.27,4.0,no,"{""count_fp"":""4.00"",""created_time"":""2026-04-28T18:54:13.475296Z"",""no_price_dollars"":""0.7300"",""taker_side"":""no"",""ticker"":""KXETH15M-26APR281500-00"",""trade_id"":""ace029a0-7d2d-6a29-563a-4a1820e741fc"",""yes_price_dollars"":""0.2700""}"
KXETH15M-26APR281500-00,4b7e003c-49b2-5302-c0a9-ae237fb499e2,1777402454,0.27,2.0,no,"{""count_fp"":""2.00"",""created_time"":""2026-04-28T18:54:14.035918Z"",""no_price_dollars"":""0.7300"",""taker_side"":""no"",""ticker"":""KXETH15M-26APR281500-00"",""trade_id"":""4b7e003c-49b2-5302-c0a9-ae237fb499e2"",""yes_price_dollars"":""0.2700""}"
KXETH15M-26APR281500-00,db6af7d6-584f-42b0-8dbe-c0361ecd2cfe,1777402456,0.26,63.51,no,"{""count_fp"":""63.51"",""created_time"":""2026-04-28T18:54:16.528255Z"",""no_price_dollars"":""0.7400"",""taker_side"":""no"",""ticker"":""KXETH15M-26APR281500-00"",""trade_id"":""db6af7d6-584f-42b0-8dbe-c0361ecd2cfe"",""yes_price_dollars"":""0.2600""}"
KXETH15M-26APR281500-00,d9f94ad8-d6a8-4120-a4fd-237600a2c7c7,1777402456,0.26,8.0,no,"{""count_fp"":""8.00"",""created_time"":""2026-04-28T18:54:16.528255Z"",""no_price_dollars"":""0.7400"",""taker_side"":""no"",""ticker"":""KXETH15M-26APR281500-00"",""trade_id"":""d9f94ad8-d6a8-4120-a4fd-237600a2c7c7"",""yes_price_dollars"":""0.2600""}"
KXETH15M-26APR281500-00,b3db04bf-c739-4e35-b17f-99795a760255,1777402456,0.28,5.0,no,"{""count_fp"":""5.00"",""created_time"":""2026-04-28T18:54:16.528255Z"",""no_price_dollars"":""0.7200"",""taker_side"":""no"",""ticker"":""KXETH15M-26APR281500-00"",""trade_id"":""b3db04bf-c739-4e35-b17f-99795a760255"",""yes_price_dollars"":""0.2800""}"
KXETH15M-26APR281500-00,7809ec15-fcaa-45ec-2b1f-9658fd0e075d,1777402459,0.29,1.0,no,"{""count_fp"":""1.00"",""created_time"":""2026-04-28T18:54:19.644714Z"",""no_price_dollars"":""0.7100"",""taker_side"":""no"",""ticker"":""KXETH15M-26APR281500-00"",""trade_id"":""7809ec15-fcaa-45ec-2b1f-9658fd0e075d"",""yes_price_dollars"":""0.2900""}"
KXETH15M-26APR281500-00,d988b568-bfc5-4dd7-e45d-0b1efefb2697,1777402459,0.28,2.0,no,"{""count_fp"":""2.00"",""created_time"":""2026-04-28T18:54:19.315824Z"",""no_price_dollars"":""0.7200"",""taker_side"":""no"",""ticker"":""KXETH15M-26APR281500-00"",""trade_id"":""d988b568-bfc5-4dd7-e45d-0b1efefb2697"",""yes_price_dollars"":""0.2800""}"
KXETH15M-26APR281500-00,79ae53dc-eb4d-438f-eef1-70493ad5ef33,1777402463,0.28,3.0,no,"{""count_fp"":""3.00"",""created_time"":""2026-04-28T18:54:23.946981Z"",""no_price_dollars"":""0.7200"",""taker_side"":""no"",""ticker"":""KXETH15M-26APR281500-00"",""trade_id"":""79ae53dc-eb4d-438f-eef1-70493ad5ef33"",""yes_price_dollars"":""0.2800""}"
KXETH15M-26APR281500-00,cc6b5e6a-d7d5-63bc-853a-328ead17198b,1777402465,0.27,7.0,yes,"{""count_fp"":""7.00"",""created_time"":""2026-04-28T18:54:25.196209Z"",""no_price_dollars"":""0.7300"",""taker_side"":""yes"",""ticker"":""KXETH15M-26APR281500-00"",""trade_id"":""cc6b5e6a-d7d5-63bc-853a-328ead17198b"",""yes_price_dollars"":""0.2700""}"
KXETH15M-26APR281500-00,8709bcb8-48d9-622a-b9cd-adfdbb6cae26,1777402465,0.28,9.42,yes,"{""count_fp"":""9.42"",""created_time"":""2026-04-28T18:54:25.196209Z"",""no_price_dollars"":""0.7200"",""taker_side"":""yes"",""ticker"":""KXETH15M-26APR281500-00"",""trade_id"":""8709bcb8-48d9-622a-b9cd-adfdbb6cae26"",""yes_price_dollars"":""0.2800""}"
KXETH15M-26APR281500-00,d42bf111-16d9-4d48-3a8a-1fe7f72b4377,1777402468,0.25,79.76,no,"{""count_fp"":""79.76"",""created_time"":""2026-04-28T18:54:28.735991Z"",""no_price_dollars"":""0.7500"",""taker_side"":""no"",""ticker"":""KXETH15M-26APR281500-00"",""trade_id"":""d42bf111-16d9-4d48-3a8a-1fe7f72b4377"",""yes_price_dollars"":""0.2500""}"
KXETH15M-26APR281500-00,e9195ee5-845b-78ec-6a29-0ca1c1f7fe56,1777402470,0.23,1.0,no,"{""count_fp"":""1.00"",""created_time"":""2026-04-28T18:54:30.144116Z"",""no_price_dollars"":""0.7700"",""taker_side"":""no"",""ticker"":""KXETH15M-26APR281500-00"",""trade_id"":""e9195ee5-845b-78ec-6a29-0ca1c1f7fe56"",""yes_price_dollars"":""0.2300""}"
KXETH15M-26APR281500-00,0025e12b-4630-7b9d-728f-d4590cb4917a,1777402472,0.7,1.0,no,"{""count_fp"":""1.00"",""created_time"":""2026-04-28T18:54:32.971257Z"",""no_price_dollars"":""0.3000"",""taker_side"":""no"",""ticker"":""KXETH15M-26APR281500-00"",""trade_id"":""0025e12b-4630-7b9d-728f-d4590cb4917a"",""yes_price_dollars"":""0.7000""}"
KXETH15M-26APR281500-00,6d779bd8-e475-4602-b3e9-0bfcac9f1b49,1777402472,0.7,1.0,yes,"{""count_fp"":""1.00"",""created_time"":""2026-04-28T18:54:32.936226Z"",""no_price_dollars"":""0.3000"",""taker_side"":""yes"",""ticker"":""KXETH15M-26APR281500-00"",""trade_id"":""6d779bd8-e475-4602-b3e9-0bfcac9f1b49"",""yes_price_dollars"":""0.7000""}"
KXETH15M-26APR281500-00,f5cd56e9-8e22-7127-3d9d-4671c0a6a36a,1777402472,0.71,1.0,no,"{""count_fp"":""1.00"",""created_time"":""2026-04-28T18:54:32.831114Z"",""no_price_dollars"":""0.2900"",""taker_side"":""no"",""ticker"":""KXETH15M-26APR281500-00"",""trade_id"":""f5cd56e9-8e22-7127-3d9d-4671c0a6a36a"",""yes_price_dollars"":""0.7100""}"
KXETH15M-26APR281500-00,6431b9a3-a209-7a3a-0ab8-97c1784613ca,1777402472,0.69,79.0,no,"{""count_fp"":""79.00"",""created_time"":""2026-04-28T18:54:32.831114Z"",""no_price_dollars"":""0.3100"",""taker_side"":""no"",""ticker"":""KXETH15M-26APR281500-00"",""trade_id"":""6431b9a3-a209-7a3a-0ab8-97c1784613ca"",""yes_price_dollars"":""0.6900""}"
KXETH15M-26APR281500-00,a336fa88-c2ef-77e4-f54d-168b6b5138f8,1777402472,0.7,1.0,yes,"{""count_fp"":""1.00"",""created_time"":""2026-04-28T18:54:32.805991Z"",""no_price_dollars"":""0.3000"",""taker_side"":""yes"",""ticker"":""KXETH15M-26APR281500-00"",""trade_id"":""a336fa88-c2ef-77e4-f54d-168b6b5138f8"",""yes_price_dollars"":""0.7000""}"
KXETH15M-26APR281500-00,9b785087-3f50-76eb-ce5b-feb659518e2a,1777402472,0.65,80.0,yes,"{""count_fp"":""80.00"",""created_time"":""2026-04-28T18:54:32.805991Z"",""no_price_dollars"":""0.3500"",""taker_side"":""yes"",""ticker"":""KXETH15M-26APR281500-00"",""trade_id"":""9b785087-3f50-76eb-ce5b-feb659518e2a"",""yes_price_dollars"":""0.6500""}"
KXETH15M-26APR281500-00,81c3cdfb-cade-791b-e612-f90d6f5f3caa,1777402472,0.7,1.0,yes,"{""count_fp"":""1.00"",""created_time"":""2026-04-28T18:54:32.805991Z"",""no_price_dollars"":""0.3000"",""taker_side"":""yes"",""ticker"":""KXETH15M-26APR281500-00"",""trade_id"":""81c3cdfb-cade-791b-e612-f90d6f5f3caa"",""yes_price_dollars"":""0.7000""}"
KXETH15M-26APR281500-00,dd593a93-7922-43e3-a32c-6227868eac09,1777402472,0.41,69.0,yes,"{""count_fp"":""69.00"",""created_time"":""2026-04-28T18:54:32.801489Z"",""no_price_dollars"":""0.5900"",""taker_side"":""yes"",""ticker"":""KXETH15M-26APR281500-00"",""trade_id"":""dd593a93-7922-43e3-a32c-6227868eac09"",""yes_price_dollars"":""0.4100""}"
KXETH15M-26APR281500-00,e1dc7866-1f42-71cb-4159-3d5a7c1aa4e5,1777402472,0.41,426.0,yes,"{""count_fp"":""426.00"",""created_time"":""2026-04-28T18:54:32.779418Z"",""no_price_dollars"":""0.5900"",""taker_side"":""yes"",""ticker"":""KXETH15M-26APR281500-00"",""trade_id"":""e1dc7866-1f42-71cb-4159-3d5a7c1aa4e5"",""yes_price_dollars"":""0.4100""}"
KXETH15M-26APR281500-00,62503e9c-1c31-50de-5959-ae91892ce49c,1777402472,0.45,740.0,yes,"{""count_fp"":""740.00"",""created_time"":""2026-04-28T18:54:32.771593Z"",""no_price_dollars"":""0.5500"",""taker_side"":""yes"",""ticker"":""KXETH15M-26APR281500-00"",""trade_id"":""62503e9c-1c31-50de-5959-ae91892ce49c"",""yes_price_dollars"":""0.4500""}"
KXETH15M-26APR281500-00,fcb94471-4bb7-6b8f-ae48-45d65ff783e6,1777402472,0.3,70.0,yes,"{""count_fp"":""70.00"",""created_time"":""2026-04-28T18:54:32.746297Z"",""no_price_dollars"":""0.7000"",""taker_side"":""yes"",""ticker"":""KXETH15M-26APR281500-00"",""trade_id"":""fcb94471-4bb7-6b8f-ae48-45d65ff783e6"",""yes_price_dollars"":""0.3000""}"
KXETH15M-26APR281500-00,d7d7b1a7-8b0d-6769-88cd-480aa5b4504b,1777402472,0.35,10.0,yes,"{""count_fp"":""10.00"",""created_time"":""2026-04-28T18:54:32.746297Z"",""no_price_dollars"":""0.6500"",""taker_side"":""yes"",""ticker"":""KXETH15M-26APR281500-00"",""trade_id"":""d7d7b1a7-8b0d-6769-88cd-480aa5b4504b"",""yes_price_dollars"":""0.3500""}"
KXETH15M-26APR281500-00,b086a2a5-4bca-63d5-abf2-6ce3a3928b66,1777402472,0.36,10.0,yes,"{""count_fp"":""10.00"",""created_time"":""2026-04-28T18:54:32.746297Z"",""no_price_dollars"":""0.6400"",""taker_side"":""yes"",""ticker"":""KXETH15M-26APR281500-00"",""trade_id"":""b086a2a5-4bca-63d5-abf2-6ce3a3928b66"",""yes_price_dollars"":""0.3600""}"
