ticker,trade_id,ts,yes_price,count,taker_side,raw_json
KXETH15M-26APR281200-00,e82cbcf6-2326-6829-2f33-31ccce128473,1777391113,0.45,2.0,no,"{""count_fp"":""2.00"",""created_time"":""2026-04-28T15:45:13.497166Z"",""no_price_dollars"":""0.5500"",""taker_side"":""no"",""ticker"":""KXETH15M-26APR281200-00"",""trade_id"":""e82cbcf6-2326-6829-2f33-31ccce128473"",""yes_price_dollars"":""0.4500""}"
KXETH15M-26APR281200-00,150c056e-d4f6-4adb-166a-66b6a0a09010,1777391115,0.49,85.32,yes,"{""count_fp"":""85.32"",""created_time"":""2026-04-28T15:45:15.951362Z"",""no_price_dollars"":""0.5100"",""taker_side"":""yes"",""ticker"":""KXETH15M-26APR281200-00"",""trade_id"":""150c056e-d4f6-4adb-166a-66b6a0a09010"",""yes_price_dollars"":""0.4900""}"
KXETH15M-26APR281200-00,57454e34-30fe-76e1-b81c-2f04d12abf77,1777391116,0.45,1.76,no,"{""count_fp"":""1.76"",""created_time"":""2026-04-28T15:45:16.901007Z"",""no_price_dollars"":""0.5500"",""taker_side"":""no"",""ticker"":""KXETH15M-26APR281200-00"",""trade_id"":""57454e34-30fe-76e1-b81c-2f04d12abf77"",""yes_price_dollars"":""0.4500""}"
KXETH15M-26APR281200-00,f596f07c-dee2-5099-a642-964805b91e7b,1777391117,0.45,0.24,no,"{""count_fp"":""0.24"",""created_time"":""2026-04-28T15:45:17.262089Z"",""no_price_dollars"":""0.5500"",""taker_side"":""no"",""ticker"":""KXETH15M-26APR281200-00"",""trade_id"":""f596f07c-dee2-5099-a642-964805b91e7b"",""yes_price_dollars"":""0.4500""}"
KXETH15M-26APR281200-00,5a876068-0753-4c51-8a03-6767905137fb,1777391124,0.55,70.0,no,"{""count_fp"":""70.00"",""created_time"":""2026-04-28T15:45:24.530163Z"",""no_price_dollars"":""0.4500"",""taker_side"":""no"",""ticker"":""KXETH15M-26APR281200-00"",""trade_id"":""5a876068-0753-4c51-8a03-6767905137fb"",""yes_price_dollars"":""0.5500""}"
KXETH15M-26APR281200-00,ea2e39b3-f1ec-7158-4d9c-6d225dc6498f,1777391124,0.56,51.0,yes,"{""count_fp"":""51.00"",""created_time"":""2026-04-28T15:45:24.471584Z"",""no_price_dollars"":""0.4400"",""taker_side"":""yes"",""ticker"":""KXETH15M-26APR281200-00"",""trade_id"":""ea2e39b3-f1ec-7158-4d9c-6d225dc6498f"",""yes_price_dollars"":""0.5600""}"
KXETH15M-26APR281200-00,b7e59a6f-7ff2-4c95-87bb-d6dee710ed7e,1777391124,0.51,11.0,yes,"{""count_fp"":""11.00"",""created_time"":""2026-04-28T15:45:24.397518Z"",""no_price_dollars"":""0.4900"",""taker_side"":""yes"",""ticker"":""KXETH15M-26APR281200-00"",""trade_id"":""b7e59a6f-7ff2-4c95-87bb-d6dee710ed7e"",""yes_price_dollars"":""0.5100""}"
KXETH15M-26APR281200-00,e3604a45-c381-5123-6f89-eaa3ffe77c1e,1777391124,0.5,1.0,yes,"{""count_fp"":""1.00"",""created_time"":""2026-04-28T15:45:24.394229Z"",""no_price_dollars"":""0.5000"",""taker_side"":""yes"",""ticker"":""KXETH15M-26APR281200-00"",""trade_id"":""e3604a45-c381-5123-6f89-eaa3ffe77c1e"",""yes_price_dollars"":""0.5000""}"
KXETH15M-26APR281200-00,132d82b4-079a-51bd-4446-924e4ea78a4e,1777391124,0.51,10.0,yes,"{""count_fp"":""10.00"",""created_time"":""2026-04-28T15:45:24.394229Z"",""no_price_dollars"":""0.4900"",""taker_side"":""yes"",""ticker"":""KXETH15M-26APR281200-00"",""trade_id"":""132d82b4-079a-51bd-4446-924e4ea78a4e"",""yes_price_dollars"":""0.5100""}"
KXETH15M-26APR281200-00,fc6bccfc-37a4-73e9-4367-1f8c5cb03dcd,1777391124,0.44,550.0,no,"{""count_fp"":""550.00"",""created_time"":""2026-04-28T15:45:24.291078Z"",""no_price_dollars"":""0.5600"",""taker_side"":""no"",""ticker"":""KXETH15M-26APR281200-00"",""trade_id"":""fc6bccfc-37a4-73e9-4367-1f8c5cb03dcd"",""yes_price_dollars"":""0.4400""}"
KXETH15M-26APR281200-00,d7ff469e-19bd-7f30-417a-40443feda3e5,1777391124,0.44,10.0,no,"{""count_fp"":""10.00"",""created_time"":""2026-04-28T15:45:24.291078Z"",""no_price_dollars"":""0.5600"",""taker_side"":""no"",""ticker"":""KXETH15M-26APR281200-00"",""trade_id"":""d7ff469e-19bd-7f30-417a-40443feda3e5"",""yes_price_dollars"":""0.4400""}"
KXETH15M-26APR281200-00,42be5c92-4544-71eb-72c0-7852e82fb5c8,1777391124,0.44,36.41,no,"{""count_fp"":""36.41"",""created_time"":""2026-04-28T15:45:24.291078Z"",""no_price_dollars"":""0.5600"",""taker_side"":""no"",""ticker"":""KXETH15M-26APR281200-00"",""trade_id"":""42be5c92-4544-71eb-72c0-7852e82fb5c8"",""yes_price_dollars"":""0.4400""}"
KXETH15M-26APR281200-00,522c1c64-2618-5b29-2953-c97d4cf8d2fe,1777391126,0.61,1.0,yes,"{""count_fp"":""1.00"",""created_time"":""2026-04-28T15:45:26.696412Z"",""no_price_dollars"":""0.3900"",""taker_side"":""yes"",""ticker"":""KXETH15M-26APR281200-00"",""trade_id"":""522c1c64-2618-5b29-2953-c97d4cf8d2fe"",""yes_price_dollars"":""0.6100""}"
KXETH15M-26APR281200-00,91e58589-8e83-6f7e-c1aa-1385e41dbe66,1777391128,0.54,2.56,no,"{""count_fp"":""2.56"",""created_time"":""2026-04-28T15:45:28.951642Z"",""no_price_dollars"":""0.4600"",""taker_side"":""no"",""ticker"":""KXETH15M-26APR281200-00"",""trade_id"":""91e58589-8e83-6f7e-c1aa-1385e41dbe66"",""yes_price_dollars"":""0.5400""}"
KXETH15M-26APR281200-00,5d6a1b1a-cbfc-64bb-d183-efb1771ab442,1777391128,0.54,4.44,no,"{""count_fp"":""4.44"",""created_time"":""2026-04-28T15:45:28.951642Z"",""no_price_dollars"":""0.4600"",""taker_side"":""no"",""ticker"":""KXETH15M-26APR281200-00"",""trade_id"":""5d6a1b1a-cbfc-64bb-d183-efb1771ab442"",""yes_price_dollars"":""0.5400""}"
KXETH15M-26APR281200-00,8446f3ef-457c-57e3-b245-2d78681b0c42,1777391128,0.54,5.0,no,"{""count_fp"":""5.00"",""created_time"":""2026-04-28T15:45:28.125095Z"",""no_price_dollars"":""0.4600"",""taker_side"":""no"",""ticker"":""KXETH15M-26APR281200-00"",""trade_id"":""8446f3ef-457c-57e3-b245-2d78681b0c42"",""yes_price_dollars"":""0.5400""}"
KXETH15M-26APR281200-00,d37d26bd-1c45-7fff-02d4-a61a8943374f,1777391131,0.53,10.0,no,"{""count_fp"":""10.00"",""created_time"":""2026-04-28T15:45:31.651645Z"",""no_price_dollars"":""0.4700"",""taker_side"":""no"",""ticker"":""KXETH15M-26APR281200-00"",""trade_id"":""d37d26bd-1c45-7fff-02d4-a61a8943374f"",""yes_price_dollars"":""0.5300""}"
KXETH15M-26APR281200-00,e597994e-0e30-7bbf-5a79-830a22e38b8c,1777391132,0.61,13.93,yes,"{""count_fp"":""13.93"",""created_time"":""2026-04-28T15:45:32.747255Z"",""no_price_dollars"":""0.3900"",""taker_side"":""yes"",""ticker"":""KXETH15M-26APR281200-00"",""trade_id"":""e597994e-0e30-7bbf-5a79-830a22e38b8c"",""yes_price_dollars"":""0.6100""}"
KXETH15M-26APR281200-00,85278c2c-9416-75f2-7019-5572cb4e34c0,1777391132,0.61,10.0,yes,"{""count_fp"":""10.00"",""created_time"":""2026-04-28T15:45:32.747255Z"",""no_price_dollars"":""0.3900"",""taker_side"":""yes"",""ticker"":""KXETH15M-26APR281200-00"",""trade_id"":""85278c2c-9416-75f2-7019-5572cb4e34c0"",""yes_price_dollars"":""0.6100""}"
KXETH15M-26APR281200-00,d91d71af-3dc7-77f0-dcbb-3483a8b45b03,1777391133,0.54,10.0,no,"{""count_fp"":""10.00"",""created_time"":""2026-04-28T15:45:33.395644Z"",""no_price_dollars"":""0.4600"",""taker_side"":""no"",""ticker"":""KXETH15M-26APR281200-00"",""trade_id"":""d91d71af-3dc7-77f0-dcbb-3483a8b45b03"",""yes_price_dollars"":""0.5400""}"
KXETH15M-26APR281200-00,17023bb0-d42c-41a2-1300-6553fc1c7fe5,1777391134,0.59,1.0,yes,"{""count_fp"":""1.00"",""created_time"":""2026-04-28T15:45:34.422261Z"",""no_price_dollars"":""0.4100"",""taker_side"":""yes"",""ticker"":""KXETH15M-26APR281200-00"",""trade_id"":""17023bb0-d42c-41a2-1300-6553fc1c7fe5"",""yes_price_dollars"":""0.5900""}"
KXETH15M-26APR281200-00,ba6d06f1-6dcb-4446-d277-825b96243b66,1777391134,0.54,100.0,no,"{""count_fp"":""100.00"",""created_time"":""2026-04-28T15:45:34.216476Z"",""no_price_dollars"":""0.4600"",""taker_side"":""no"",""ticker"":""KXETH15M-26APR281200-00"",""trade_id"":""ba6d06f1-6dcb-4446-d277-825b96243b66"",""yes_price_dollars"":""0.5400""}"
KXETH15M-26APR281200-00,7aaae4cf-e728-490e-c837-1cbebd959fcb,1777391134,0.55,2.0,no,"{""count_fp"":""2.00"",""created_time"":""2026-04-28T15:45:34.216476Z"",""no_price_dollars"":""0.4500"",""taker_side"":""no"",""ticker"":""KXETH15M-26APR281200-00"",""trade_id"":""7aaae4cf-e728-490e-c837-1cbebd959fcb"",""yes_price_dollars"":""0.5500""}"
KXETH15M-26APR281200-00,0373a0c4-e20b-4971-ecfd-9d854031287c,1777391134,0.54,0.57,no,"{""count_fp"":""0.57"",""created_time"":""2026-04-28T15:45:34.216476Z"",""no_price_dollars"":""0.4600"",""taker_side"":""no"",""ticker"":""KXETH15M-26APR281200-00"",""trade_id"":""0373a0c4-e20b-4971-ecfd-9d854031287c"",""yes_price_dollars"":""0.5400""}"
KXETH15M-26APR281200-00,983b85ba-c10c-7645-a0ac-78abed18c3cd,1777391142,0.56,1.0,yes,"{""count_fp"":""1.00"",""created_time"":""2026-04-28T15:45:42.812709Z"",""no_price_dollars"":""0.4400"",""taker_side"":""yes"",""ticker"":""KXETH15M-26APR281200-00"",""trade_id"":""983b85ba-c10c-7645-a0ac-78abed18c3cd"",""yes_price_dollars"":""0.5600""}"
KXETH15M-26APR281200-00,cf21716b-e534-641c-f2c7-4e819cbfde1c,1777391143,0.64,0.16,yes,"{""count_fp"":""0.16"",""created_time"":""2026-04-28T15:45:43.270673Z"",""no_price_dollars"":""0.3600"",""taker_side"":""yes"",""ticker"":""KXETH15M-26APR281200-00"",""trade_id"":""cf21716b-e534-641c-f2c7-4e819cbfde1c"",""yes_price_dollars"":""0.6400""}"
KXETH15M-26APR281200-00,e5434f81-5b5d-4e30-e144-913bae051e18,1777391143,0.64,9.16,yes,"{""count_fp"":""9.16"",""created_time"":""2026-04-28T15:45:43.266386Z"",""no_price_dollars"":""0.3600"",""taker_side"":""yes"",""ticker"":""KXETH15M-26APR281200-00"",""trade_id"":""e5434f81-5b5d-4e30-e144-913bae051e18"",""yes_price_dollars"":""0.6400""}"
KXETH15M-26APR281200-00,d07a335a-363c-4e94-f452-ee94d076dc54,1777391143,0.64,9.84,yes,"{""count_fp"":""9.84"",""created_time"":""2026-04-28T15:45:43.266386Z"",""no_price_dollars"":""0.3600"",""taker_side"":""yes"",""ticker"":""KXETH15M-26APR281200-00"",""trade_id"":""d07a335a-363c-4e94-f452-ee94d076dc54"",""yes_price_dollars"":""0.6400""}"
KXETH15M-26APR281200-00,8da1f77b-f560-718e-55de-95587c5749d0,1777391145,0.62,1.0,no,"{""count_fp"":""1.00"",""created_time"":""2026-04-28T15:45:45.522554Z"",""no_price_dollars"":""0.3800"",""taker_side"":""no"",""ticker"":""KXETH15M-26APR281200-00"",""trade_id"":""8da1f77b-f560-718e-55de-95587c5749d0"",""yes_price_dollars"":""0.6200""}"
KXETH15M-26APR281200-00,f1677143-794d-4944-ad86-5659df13cea6,1777391147,0.62,3.0,yes,"{""count_fp"":""3.00"",""created_time"":""2026-04-28T15:45:47.956879Z"",""no_price_dollars"":""0.3800"",""taker_side"":""yes"",""ticker"":""KXETH15M-26APR281200-00"",""trade_id"":""f1677143-794d-4944-ad86-5659df13cea6"",""yes_price_dollars"":""0.6200""}"
KXETH15M-26APR281200-00,76014997-f3f8-6ba5-b5b8-bbecc0b4ec6e,1777391148,0.64,2.02,yes,"{""count_fp"":""2.02"",""created_time"":""2026-04-28T15:45:48.857078Z"",""no_price_dollars"":""0.3600"",""taker_side"":""yes"",""ticker"":""KXETH15M-26APR281200-00"",""trade_id"":""76014997-f3f8-6ba5-b5b8-bbecc0b4ec6e"",""yes_price_dollars"":""0.6400""}"
KXETH15M-26APR281200-00,6eac54b5-db99-6c00-9ba1-51f0c7287fd2,1777391148,0.64,10.0,yes,"{""count_fp"":""10.00"",""created_time"":""2026-04-28T15:45:48.857078Z"",""no_price_dollars"":""0.3600"",""taker_side"":""yes"",""ticker"":""KXETH15M-26APR281200-00"",""trade_id"":""6eac54b5-db99-6c00-9ba1-51f0c7287fd2"",""yes_price_dollars"":""0.6400""}"
KXETH15M-26APR281200-00,2d8c0f4a-7d92-658c-bc98-71e3f8519e3f,1777391148,0.64,10.0,yes,"{""count_fp"":""10.00"",""created_time"":""2026-04-28T15:45:48.857078Z"",""no_price_dollars"":""0.3600"",""taker_side"":""yes"",""ticker"":""KXETH15M-26APR281200-00"",""trade_id"":""2d8c0f4a-7d92-658c-bc98-71e3f8519e3f"",""yes_price_dollars"":""0.6400""}"
KXETH15M-26APR281200-00,fcf93f20-c414-5bba-accd-32f9df7156d0,1777391152,0.58,23.33,no,"{""count_fp"":""23.33"",""created_time"":""2026-04-28T15:45:52.090688Z"",""no_price_dollars"":""0.4200"",""taker_side"":""no"",""ticker"":""KXETH15M-26APR281200-00"",""trade_id"":""fcf93f20-c414-5bba-accd-32f9df7156d0"",""yes_price_dollars"":""0.5800""}"
KXETH15M-26APR281200-00,fb045f7b-f6f1-5aa4-bab4-e9dc987b4a4b,1777391152,0.6,10.0,no,"{""count_fp"":""10.00"",""created_time"":""2026-04-28T15:45:52.090688Z"",""no_price_dollars"":""0.4000"",""taker_side"":""no"",""ticker"":""KXETH15M-26APR281200-00"",""trade_id"":""fb045f7b-f6f1-5aa4-bab4-e9dc987b4a4b"",""yes_price_dollars"":""0.6000""}"
KXETH15M-26APR281200-00,c6f6166a-afc3-58ae-8b07-d2dc82c4f050,1777391152,0.62,2.0,no,"{""count_fp"":""2.00"",""created_time"":""2026-04-28T15:45:52.090688Z"",""no_price_dollars"":""0.3800"",""taker_side"":""no"",""ticker"":""KXETH15M-26APR281200-00"",""trade_id"":""c6f6166a-afc3-58ae-8b07-d2dc82c4f050"",""yes_price_dollars"":""0.6200""}"
KXETH15M-26APR281200-00,8a655a91-93b4-5cab-b3ff-a313acc9aca8,1777391152,0.59,100.0,no,"{""count_fp"":""100.00"",""created_time"":""2026-04-28T15:45:52.090688Z"",""no_price_dollars"":""0.4100"",""taker_side"":""no"",""ticker"":""KXETH15M-26APR281200-00"",""trade_id"":""8a655a91-93b4-5cab-b3ff-a313acc9aca8"",""yes_price_dollars"":""0.5900""}"
KXETH15M-26APR281200-00,7828753c-bbdf-53c7-a625-cd1eb43a7671,1777391152,0.6,79.59,no,"{""count_fp"":""79.59"",""created_time"":""2026-04-28T15:45:52.090688Z"",""no_price_dollars"":""0.4000"",""taker_side"":""no"",""ticker"":""KXETH15M-26APR281200-00"",""trade_id"":""7828753c-bbdf-53c7-a625-cd1eb43a7671"",""yes_price_dollars"":""0.6000""}"
KXETH15M-26APR281200-00,43ee0224-1120-5cdd-b6e0-88e16e52a24a,1777391152,0.61,10.0,no,"{""count_fp"":""10.00"",""created_time"":""2026-04-28T15:45:52.090688Z"",""no_price_dollars"":""0.3900"",""taker_side"":""no"",""ticker"":""KXETH15M-26APR281200-00"",""trade_id"":""43ee0224-1120-5cdd-b6e0-88e16e52a24a"",""yes_price_dollars"":""0.6100""}"
KXETH15M-26APR281200-00,e549056c-3088-7996-917d-198941783e34,1777391160,0.62,5.39,no,"{""count_fp"":""5.39"",""created_time"":""2026-04-28T15:46:00.898402Z"",""no_price_dollars"":""0.3800"",""taker_side"":""no"",""ticker"":""KXETH15M-26APR281200-00"",""trade_id"":""e549056c-3088-7996-917d-198941783e34"",""yes_price_dollars"":""0.6200""}"
KXETH15M-26APR281200-00,7d82a511-b064-774e-be87-30eb64facf37,1777391160,0.62,10.0,no,"{""count_fp"":""10.00"",""created_time"":""2026-04-28T15:46:00.898402Z"",""no_price_dollars"":""0.3800"",""taker_side"":""no"",""ticker"":""KXETH15M-26APR281200-00"",""trade_id"":""7d82a511-b064-774e-be87-30eb64facf37"",""yes_price_dollars"":""0.6200""}"
KXETH15M-26APR281200-00,164468a9-255b-7fa1-8ba1-a180cc02db87,1777391160,0.62,9.83,no,"{""count_fp"":""9.83"",""created_time"":""2026-04-28T15:46:00.898402Z"",""no_price_dollars"":""0.3800"",""taker_side"":""no"",""ticker"":""KXETH15M-26APR281200-00"",""trade_id"":""164468a9-255b-7fa1-8ba1-a180cc02db87"",""yes_price_dollars"":""0.6200""}"
KXETH15M-26APR281200-00,65e2c66d-f990-66b4-7daa-699545bb9052,1777391161,0.65,21.0,no,"{""count_fp"":""21.00"",""created_time"":""2026-04-28T15:46:01.703238Z"",""no_price_dollars"":""0.3500"",""taker_side"":""no"",""ticker"":""KXETH15M-26APR281200-00"",""trade_id"":""65e2c66d-f990-66b4-7daa-699545bb9052"",""yes_price_dollars"":""0.6500""}"
KXETH15M-26APR281200-00,4e0f0f33-36de-6e1b-c6ca-57a6cc79b528,1777391161,0.63,2.0,yes,"{""count_fp"":""2.00"",""created_time"":""2026-04-28T15:46:01.357792Z"",""no_price_dollars"":""0.3700"",""taker_side"":""yes"",""ticker"":""KXETH15M-26APR281200-00"",""trade_id"":""4e0f0f33-36de-6e1b-c6ca-57a6cc79b528"",""yes_price_dollars"":""0.6300""}"
KXETH15M-26APR281200-00,cfa22206-25f0-7590-5c63-2e7eef7e452e,1777391167,0.64,2.0,no,"{""count_fp"":""2.00"",""created_time"":""2026-04-28T15:46:07.602664Z"",""no_price_dollars"":""0.3600"",""taker_side"":""no"",""ticker"":""KXETH15M-26APR281200-00"",""trade_id"":""cfa22206-25f0-7590-5c63-2e7eef7e452e"",""yes_price_dollars"":""0.6400""}"
KXETH15M-26APR281200-00,98a5e823-3ca4-7cec-7e76-6d5026c59a6e,1777391167,0.63,8.0,no,"{""count_fp"":""8.00"",""created_time"":""2026-04-28T15:46:07.602664Z"",""no_price_dollars"":""0.3700"",""taker_side"":""no"",""ticker"":""KXETH15M-26APR281200-00"",""trade_id"":""98a5e823-3ca4-7cec-7e76-6d5026c59a6e"",""yes_price_dollars"":""0.6300""}"
KXETH15M-26APR281200-00,1fdc08e1-76db-53ad-4cf7-6524acd63384,1777391168,0.64,1.5,yes,"{""count_fp"":""1.50"",""created_time"":""2026-04-28T15:46:08.512235Z"",""no_price_dollars"":""0.3600"",""taker_side"":""yes"",""ticker"":""KXETH15M-26APR281200-00"",""trade_id"":""1fdc08e1-76db-53ad-4cf7-6524acd63384"",""yes_price_dollars"":""0.6400""}"
KXETH15M-26APR281200-00,fc46008d-c6d8-7b3c-fc82-4a8357ec0a8e,1777391169,0.63,3.0,no,"{""count_fp"":""3.00"",""created_time"":""2026-04-28T15:46:09.558634Z"",""no_price_dollars"":""0.3700"",""taker_side"":""no"",""ticker"":""KXETH15M-26APR281200-00"",""trade_id"":""fc46008d-c6d8-7b3c-fc82-4a8357ec0a8e"",""yes_price_dollars"":""0.6300""}"
KXETH15M-26APR281200-00,c1cccdc8-9b43-4407-49a9-79bcdfcc6bbc,1777391172,0.6,1.0,yes,"{""count_fp"":""1.00"",""created_time"":""2026-04-28T15:46:12.802506Z"",""no_price_dollars"":""0.4000"",""taker_side"":""yes"",""ticker"":""KXETH15M-26APR281200-00"",""trade_id"":""c1cccdc8-9b43-4407-49a9-79bcdfcc6bbc"",""yes_price_dollars"":""0.6000""}"
KXETH15M-26APR281200-00,ba9614ec-3107-49cb-633d-108fbf82ab48,1777391172,0.6,43.42,yes,"{""count_fp"":""43.42"",""created_time"":""2026-04-28T15:46:12.224573Z"",""no_price_dollars"":""0.4000"",""taker_side"":""yes"",""ticker"":""KXETH15M-26APR281200-00"",""trade_id"":""ba9614ec-3107-49cb-633d-108fbf82ab48"",""yes_price_dollars"":""0.6000""}"
KXETH15M-26APR281200-00,f53340c7-5c3e-7dc8-9415-882acf5d576c,1777391175,0.61,1.58,yes,"{""count_fp"":""1.58"",""created_time"":""2026-04-28T15:46:15.124993Z"",""no_price_dollars"":""0.3900"",""taker_side"":""yes"",""ticker"":""KXETH15M-26APR281200-00"",""trade_id"":""f53340c7-5c3e-7dc8-9415-882acf5d576c"",""yes_price_dollars"":""0.6100""}"
KXETH15M-26APR281200-00,add6f8f0-6dc7-47bd-f295-3be64d558209,1777391186,0.65,8.0,yes,"{""count_fp"":""8.00"",""created_time"":""2026-04-28T15:46:26.078917Z"",""no_price_dollars"":""0.3500"",""taker_side"":""yes"",""ticker"":""KXETH15M-26APR281200-00"",""trade_id"":""add6f8f0-6dc7-47bd-f295-3be64d558209"",""yes_price_dollars"":""0.6500""}"
KXETH15M-26APR281200-00,62d48d91-f9d4-44d7-d560-3d1e4f1e9e7c,1777391186,0.65,2.0,yes,"{""count_fp"":""2.00"",""created_time"":""2026-04-28T15:46:26.078917Z"",""no_price_dollars"":""0.3500"",""taker_side"":""yes"",""ticker"":""KXETH15M-26APR281200-00"",""trade_id"":""62d48d91-f9d4-44d7-d560-3d1e4f1e9e7c"",""yes_price_dollars"":""0.6500""}"
KXETH15M-26APR281200-00,5e9dadd0-8354-6c49-e13b-3803757d9f5f,1777391190,0.64,5.17,no,"{""count_fp"":""5.17"",""created_time"":""2026-04-28T15:46:30.019954Z"",""no_price_dollars"":""0.3600"",""taker_side"":""no"",""ticker"":""KXETH15M-26APR281200-00"",""trade_id"":""5e9dadd0-8354-6c49-e13b-3803757d9f5f"",""yes_price_dollars"":""0.6400""}"
KXETH15M-26APR281200-00,f9ee92e0-489b-6a05-b439-794318a0333f,1777391191,0.67,3.0,yes,"{""count_fp"":""3.00"",""created_time"":""2026-04-28T15:46:31.605299Z"",""no_price_dollars"":""0.3300"",""taker_side"":""yes"",""ticker"":""KXETH15M-26APR281200-00"",""trade_id"":""f9ee92e0-489b-6a05-b439-794318a0333f"",""yes_price_dollars"":""0.6700""}"
KXETH15M-26APR281200-00,36a3ecfd-db79-6bc9-97eb-4a4d5bc47d29,1777391191,0.66,2.0,yes,"{""count_fp"":""2.00"",""created_time"":""2026-04-28T15:46:31.605299Z"",""no_price_dollars"":""0.3400"",""taker_side"":""yes"",""ticker"":""KXETH15M-26APR281200-00"",""trade_id"":""36a3ecfd-db79-6bc9-97eb-4a4d5bc47d29"",""yes_price_dollars"":""0.6600""}"
KXETH15M-26APR281200-00,503b16fa-a50f-6c35-5318-90aa03775f87,1777391192,0.67,3.0,yes,"{""count_fp"":""3.00"",""created_time"":""2026-04-28T15:46:32.123653Z"",""no_price_dollars"":""0.3300"",""taker_side"":""yes"",""ticker"":""KXETH15M-26APR281200-00"",""trade_id"":""503b16fa-a50f-6c35-5318-90aa03775f87"",""yes_price_dollars"":""0.6700""}"
KXETH15M-26APR281200-00,edc09b54-ff2b-5031-5c7e-a984fe7daaff,1777391194,0.67,34.0,yes,"{""count_fp"":""34.00"",""created_time"":""2026-04-28T15:46:34.557216Z"",""no_price_dollars"":""0.3300"",""taker_side"":""yes"",""ticker"":""KXETH15M-26APR281200-00"",""trade_id"":""edc09b54-ff2b-5031-5c7e-a984fe7daaff"",""yes_price_dollars"":""0.6700""}"
KXETH15M-26APR281200-00,3a35750f-cbb4-678c-bf8f-b0fb9aa78306,1777391200,0.69,0.71,no,"{""count_fp"":""0.71"",""created_time"":""2026-04-28T15:46:40.492745Z"",""no_price_dollars"":""0.3100"",""taker_side"":""no"",""ticker"":""KXETH15M-26APR281200-00"",""trade_id"":""3a35750f-cbb4-678c-bf8f-b0fb9aa78306"",""yes_price_dollars"":""0.6900""}"
KXETH15M-26APR281200-00,f8f52b96-07b8-656b-22ca-f8567bceecab,1777391203,0.64,85.81,no,"{""count_fp"":""85.81"",""created_time"":""2026-04-28T15:46:43.683559Z"",""no_price_dollars"":""0.3600"",""taker_side"":""no"",""ticker"":""KXETH15M-26APR281200-00"",""trade_id"":""f8f52b96-07b8-656b-22ca-f8567bceecab"",""yes_price_dollars"":""0.6400""}"
KXETH15M-26APR281200-00,d35bc06d-8da8-6d71-32c1-f30a448c4d04,1777391203,0.65,2.0,no,"{""count_fp"":""2.00"",""created_time"":""2026-04-28T15:46:43.683559Z"",""no_price_dollars"":""0.3500"",""taker_side"":""no"",""ticker"":""KXETH15M-26APR281200-00"",""trade_id"":""d35bc06d-8da8-6d71-32c1-f30a448c4d04"",""yes_price_dollars"":""0.6500""}"
KXETH15M-26APR281200-00,304a568f-8e15-73df-803e-0d6fc8c05aed,1777391205,0.68,2.83,yes,"{""count_fp"":""2.83"",""created_time"":""2026-04-28T15:46:45.852749Z"",""no_price_dollars"":""0.3200"",""taker_side"":""yes"",""ticker"":""KXETH15M-26APR281200-00"",""trade_id"":""304a568f-8e15-73df-803e-0d6fc8c05aed"",""yes_price_dollars"":""0.6800""}"
KXETH15M-26APR281200-00,ab0fae06-34ba-6e6a-1d8e-babb750b434d,1777391207,0.64,10.0,no,"{""count_fp"":""10.00"",""created_time"":""2026-04-28T15:46:47.354023Z"",""no_price_dollars"":""0.3600"",""taker_side"":""no"",""ticker"":""KXETH15M-26APR281200-00"",""trade_id"":""ab0fae06-34ba-6e6a-1d8e-babb750b434d"",""yes_price_dollars"":""0.6400""}"
KXETH15M-26APR281200-00,a9fe4113-9b97-6bdd-317e-226d8072ea2e,1777391207,0.64,2.0,no,"{""count_fp"":""2.00"",""created_time"":""2026-04-28T15:46:47.354023Z"",""no_price_dollars"":""0.3600"",""taker_side"":""no"",""ticker"":""KXETH15M-26APR281200-00"",""trade_id"":""a9fe4113-9b97-6bdd-317e-226d8072ea2e"",""yes_price_dollars"":""0.6400""}"
KXETH15M-26APR281200-00,1caf7cae-20c4-6007-23b3-92a1cd95c073,1777391207,0.63,19.05,no,"{""count_fp"":""19.05"",""created_time"":""2026-04-28T15:46:47.354023Z"",""no_price_dollars"":""0.3700"",""taker_side"":""no"",""ticker"":""KXETH15M-26APR281200-00"",""trade_id"":""1caf7cae-20c4-6007-23b3-92a1cd95c073"",""yes_price_dollars"":""0.6300""}"
KXETH15M-26APR281200-00,a548b2f0-0161-458b-78a0-ff09ce74f7dd,1777391214,0.66,7.0,yes,"{""count_fp"":""7.00"",""created_time"":""2026-04-28T15:46:54.778485Z"",""no_price_dollars"":""0.3400"",""taker_side"":""yes"",""ticker"":""KXETH15M-26APR281200-00"",""trade_id"":""a548b2f0-0161-458b-78a0-ff09ce74f7dd"",""yes_price_dollars"":""0.6600""}"
KXETH15M-26APR281200-00,a5d65e3b-b5a4-6c24-7d7d-8848d719eab3,1777391217,0.63,2.94,no,"{""count_fp"":""2.94"",""created_time"":""2026-04-28T15:46:57.535249Z"",""no_price_dollars"":""0.3700"",""taker_side"":""no"",""ticker"":""KXETH15M-26APR281200-00"",""trade_id"":""a5d65e3b-b5a4-6c24-7d7d-8848d719eab3"",""yes_price_dollars"":""0.6300""}"
KXETH15M-26APR281200-00,99c9becb-c9f5-6e4d-62d0-85473d77687c,1777391217,0.63,10.0,no,"{""count_fp"":""10.00"",""created_time"":""2026-04-28T15:46:57.535249Z"",""no_price_dollars"":""0.3700"",""taker_side"":""no"",""ticker"":""KXETH15M-26APR281200-00"",""trade_id"":""99c9becb-c9f5-6e4d-62d0-85473d77687c"",""yes_price_dollars"":""0.6300""}"
KXETH15M-26APR281200-00,a0e663c1-f1b8-6530-38bc-3db1111f2827,1777391218,0.63,3.0,no,"{""count_fp"":""3.00"",""created_time"":""2026-04-28T15:46:58.721362Z"",""no_price_dollars"":""0.3700"",""taker_side"":""no"",""ticker"":""KXETH15M-26APR281200-00"",""trade_id"":""a0e663c1-f1b8-6530-38bc-3db1111f2827"",""yes_price_dollars"":""0.6300""}"
KXETH15M-26APR281200-00,5a7a6658-63b4-6f03-286c-e400d50c4e3a,1777391221,0.67,1.0,yes,"{""count_fp"":""1.00"",""created_time"":""2026-04-28T15:47:01.547219Z"",""no_price_dollars"":""0.3300"",""taker_side"":""yes"",""ticker"":""KXETH15M-26APR281200-00"",""trade_id"":""5a7a6658-63b4-6f03-286c-e400d50c4e3a"",""yes_price_dollars"":""0.6700""}"
KXETH15M-26APR281200-00,df233461-aa9c-730e-1849-75ebe394db0e,1777391235,0.63,7.73,yes,"{""count_fp"":""7.73"",""created_time"":""2026-04-28T15:47:15.684634Z"",""no_price_dollars"":""0.3700"",""taker_side"":""yes"",""ticker"":""KXETH15M-26APR281200-00"",""trade_id"":""df233461-aa9c-730e-1849-75ebe394db0e"",""yes_price_dollars"":""0.6300""}"
KXETH15M-26APR281200-00,496cac70-2664-6754-b2ed-8fecb5b7324b,1777391237,0.62,3.04,no,"{""count_fp"":""3.04"",""created_time"":""2026-04-28T15:47:17.924976Z"",""no_price_dollars"":""0.3800"",""taker_side"":""no"",""ticker"":""KXETH15M-26APR281200-00"",""trade_id"":""496cac70-2664-6754-b2ed-8fecb5b7324b"",""yes_price_dollars"":""0.6200""}"
KXETH15M-26APR281200-00,3752fe92-91e8-6273-88c5-17cc74ec7746,1777391237,0.62,2.0,no,"{""count_fp"":""2.00"",""created_time"":""2026-04-28T15:47:17.924976Z"",""no_price_dollars"":""0.3800"",""taker_side"":""no"",""ticker"":""KXETH15M-26APR281200-00"",""trade_id"":""3752fe92-91e8-6273-88c5-17cc74ec7746"",""yes_price_dollars"":""0.6200""}"
KXETH15M-26APR281200-00,5ecbd7d5-301f-6f4a-e10d-66ab808d101e,1777391238,0.65,1.0,yes,"{""count_fp"":""1.00"",""created_time"":""2026-04-28T15:47:18.495932Z"",""no_price_dollars"":""0.3500"",""taker_side"":""yes"",""ticker"":""KXETH15M-26APR281200-00"",""trade_id"":""5ecbd7d5-301f-6f4a-e10d-66ab808d101e"",""yes_price_dollars"":""0.6500""}"
KXETH15M-26APR281200-00,f9287324-9c20-574e-79f8-96746325b203,1777391249,0.66,9.05,no,"{""count_fp"":""9.05"",""created_time"":""2026-04-28T15:47:29.292429Z"",""no_price_dollars"":""0.3400"",""taker_side"":""no"",""ticker"":""KXETH15M-26APR281200-00"",""trade_id"":""f9287324-9c20-574e-79f8-96746325b203"",""yes_price_dollars"":""0.6600""}"
KXETH15M-26APR281200-00,1f9ef149-552a-5bc6-4b52-5a4c876dad7c,1777391249,0.66,4.33,no,"{""count_fp"":""4.33"",""created_time"":""2026-04-28T15:47:29.292429Z"",""no_price_dollars"":""0.3400"",""taker_side"":""no"",""ticker"":""KXETH15M-26APR281200-00"",""trade_id"":""1f9ef149-552a-5bc6-4b52-5a4c876dad7c"",""yes_price_dollars"":""0.6600""}"
KXETH15M-26APR281200-00,9e8e0565-bb6c-4e9a-00a0-7bfb46e651b3,1777391249,0.66,0.95,no,"{""count_fp"":""0.95"",""created_time"":""2026-04-28T15:47:29.280987Z"",""no_price_dollars"":""0.3400"",""taker_side"":""no"",""ticker"":""KXETH15M-26APR281200-00"",""trade_id"":""9e8e0565-bb6c-4e9a-00a0-7bfb46e651b3"",""yes_price_dollars"":""0.6600""}"
KXETH15M-26APR281200-00,911f4330-1cfb-4f91-235f-2433bdd81469,1777391256,0.68,1.0,yes,"{""count_fp"":""1.00"",""created_time"":""2026-04-28T15:47:36.858735Z"",""no_price_dollars"":""0.3200"",""taker_side"":""yes"",""ticker"":""KXETH15M-26APR281200-00"",""trade_id"":""911f4330-1cfb-4f91-235f-2433bdd81469"",""yes_price_dollars"":""0.6800""}"
KXETH15M-26APR281200-00,c09836b8-757f-6831-0ce1-459e71dd3809,1777391257,0.68,1.0,yes,"{""count_fp"":""1.00"",""created_time"":""2026-04-28T15:47:37.952542Z"",""no_price_dollars"":""0.3200"",""taker_side"":""yes"",""ticker"":""KXETH15M-26APR281200-00"",""trade_id"":""c09836b8-757f-6831-0ce1-459e71dd3809"",""yes_price_dollars"":""0.6800""}"
KXETH15M-26APR281200-00,36a66b9c-33b9-6c60-04e1-5e67717f1321,1777391257,0.7,1.0,yes,"{""count_fp"":""1.00"",""created_time"":""2026-04-28T15:47:37.952542Z"",""no_price_dollars"":""0.3000"",""taker_side"":""yes"",""ticker"":""KXETH15M-26APR281200-00"",""trade_id"":""36a66b9c-33b9-6c60-04e1-5e67717f1321"",""yes_price_dollars"":""0.7000""}"
KXETH15M-26APR281200-00,115cc0ff-07c0-6a20-1b06-f645095efdaf,1777391257,0.7,1.0,yes,"{""count_fp"":""1.00"",""created_time"":""2026-04-28T15:47:37.952542Z"",""no_price_dollars"":""0.3000"",""taker_side"":""yes"",""ticker"":""KXETH15M-26APR281200-00"",""trade_id"":""115cc0ff-07c0-6a20-1b06-f645095efdaf"",""yes_price_dollars"":""0.7000""}"
KXETH15M-26APR281200-00,04963de5-6407-6c89-1d43-adffb66f2e4b,1777391257,0.7,27.0,yes,"{""count_fp"":""27.00"",""created_time"":""2026-04-28T15:47:37.952542Z"",""no_price_dollars"":""0.3000"",""taker_side"":""yes"",""ticker"":""KXETH15M-26APR281200-00"",""trade_id"":""04963de5-6407-6c89-1d43-adffb66f2e4b"",""yes_price_dollars"":""0.7000""}"
KXETH15M-26APR281200-00,7d48ed8b-2543-45d9-83ba-8e168d758b9b,1777391261,0.7,13.0,yes,"{""count_fp"":""13.00"",""created_time"":""2026-04-28T15:47:41.279679Z"",""no_price_dollars"":""0.3000"",""taker_side"":""yes"",""ticker"":""KXETH15M-26APR281200-00"",""trade_id"":""7d48ed8b-2543-45d9-83ba-8e168d758b9b"",""yes_price_dollars"":""0.7000""}"
KXETH15M-26APR281200-00,e685433e-ad1c-4271-f7e2-70d3de17e5f3,1777391261,0.67,1.5,no,"{""count_fp"":""1.50"",""created_time"":""2026-04-28T15:47:41.199541Z"",""no_price_dollars"":""0.3300"",""taker_side"":""no"",""ticker"":""KXETH15M-26APR281200-00"",""trade_id"":""e685433e-ad1c-4271-f7e2-70d3de17e5f3"",""yes_price_dollars"":""0.6700""}"
KXETH15M-26APR281200-00,c9310244-b195-6765-42de-8dc5b59f934b,1777391265,0.79,1.0,yes,"{""count_fp"":""1.00"",""created_time"":""2026-04-28T15:47:45.652762Z"",""no_price_dollars"":""0.2100"",""taker_side"":""yes"",""ticker"":""KXETH15M-26APR281200-00"",""trade_id"":""c9310244-b195-6765-42de-8dc5b59f934b"",""yes_price_dollars"":""0.7900""}"
KXETH15M-26APR281200-00,44a14c20-032e-642b-2a0a-bd111019de7c,1777391265,0.74,1.0,no,"{""count_fp"":""1.00"",""created_time"":""2026-04-28T15:47:45.076057Z"",""no_price_dollars"":""0.2600"",""taker_side"":""no"",""ticker"":""KXETH15M-26APR281200-00"",""trade_id"":""44a14c20-032e-642b-2a0a-bd111019de7c"",""yes_price_dollars"":""0.7400""}"
KXETH15M-26APR281200-00,b5aebb84-bd90-7c32-100f-e435a9ebf8c8,1777391266,0.73,30.0,no,"{""count_fp"":""30.00"",""created_time"":""2026-04-28T15:47:46.571855Z"",""no_price_dollars"":""0.2700"",""taker_side"":""no"",""ticker"":""KXETH15M-26APR281200-00"",""trade_id"":""b5aebb84-bd90-7c32-100f-e435a9ebf8c8"",""yes_price_dollars"":""0.7300""}"
KXETH15M-26APR281200-00,349a9a4e-b860-72b8-34d6-8e761054f3b3,1777391266,0.73,10.0,no,"{""count_fp"":""10.00"",""created_time"":""2026-04-28T15:47:46.571855Z"",""no_price_dollars"":""0.2700"",""taker_side"":""no"",""ticker"":""KXETH15M-26APR281200-00"",""trade_id"":""349a9a4e-b860-72b8-34d6-8e761054f3b3"",""yes_price_dollars"":""0.7300""}"
KXETH15M-26APR281200-00,f1e474ae-64aa-4e76-dd80-6210f4309334,1777391267,0.74,100.0,no,"{""count_fp"":""100.00"",""created_time"":""2026-04-28T15:47:47.345377Z"",""no_price_dollars"":""0.2600"",""taker_side"":""no"",""ticker"":""KXETH15M-26APR281200-00"",""trade_id"":""f1e474ae-64aa-4e76-dd80-6210f4309334"",""yes_price_dollars"":""0.7400""}"
KXETH15M-26APR281200-00,af5d9af6-6abc-408a-cb4f-dee8ec3c7f60,1777391267,0.73,154.25,no,"{""count_fp"":""154.25"",""created_time"":""2026-04-28T15:47:47.345377Z"",""no_price_dollars"":""0.2700"",""taker_side"":""no"",""ticker"":""KXETH15M-26APR281200-00"",""trade_id"":""af5d9af6-6abc-408a-cb4f-dee8ec3c7f60"",""yes_price_dollars"":""0.7300""}"
KXETH15M-26APR281200-00,5e77196c-5e61-43ed-ed5a-5476e13a1faa,1777391267,0.74,10.0,no,"{""count_fp"":""10.00"",""created_time"":""2026-04-28T15:47:47.345377Z"",""no_price_dollars"":""0.2600"",""taker_side"":""no"",""ticker"":""KXETH15M-26APR281200-00"",""trade_id"":""5e77196c-5e61-43ed-ed5a-5476e13a1faa"",""yes_price_dollars"":""0.7400""}"
KXETH15M-26APR281200-00,9b1b9b65-b089-6b09-fcbc-95b4f59eb5a3,1777391271,0.77,0.63,yes,"{""count_fp"":""0.63"",""created_time"":""2026-04-28T15:47:51.515033Z"",""no_price_dollars"":""0.2300"",""taker_side"":""yes"",""ticker"":""KXETH15M-26APR281200-00"",""trade_id"":""9b1b9b65-b089-6b09-fcbc-95b4f59eb5a3"",""yes_price_dollars"":""0.7700""}"
KXETH15M-26APR281200-00,e5640edd-b366-7c45-6784-96f8b5be0d75,1777391272,0.77,5.1,yes,"{""count_fp"":""5.10"",""created_time"":""2026-04-28T15:47:52.836463Z"",""no_price_dollars"":""0.2300"",""taker_side"":""yes"",""ticker"":""KXETH15M-26APR281200-00"",""trade_id"":""e5640edd-b366-7c45-6784-96f8b5be0d75"",""yes_price_dollars"":""0.7700""}"
KXETH15M-26APR281200-00,aaada185-f2ee-5a91-0019-10d104c160db,1777391273,0.7,11.86,no,"{""count_fp"":""11.86"",""created_time"":""2026-04-28T15:47:53.853741Z"",""no_price_dollars"":""0.3000"",""taker_side"":""no"",""ticker"":""KXETH15M-26APR281200-00"",""trade_id"":""aaada185-f2ee-5a91-0019-10d104c160db"",""yes_price_dollars"":""0.7000""}"
KXETH15M-26APR281200-00,2c55fc35-f337-58f0-2a1b-9f755923dad6,1777391273,0.72,10.0,no,"{""count_fp"":""10.00"",""created_time"":""2026-04-28T15:47:53.853741Z"",""no_price_dollars"":""0.2800"",""taker_side"":""no"",""ticker"":""KXETH15M-26APR281200-00"",""trade_id"":""2c55fc35-f337-58f0-2a1b-9f755923dad6"",""yes_price_dollars"":""0.7200""}"
KXETH15M-26APR281200-00,f93570c9-2cc7-4cf8-1a4c-7a9fdd8ffb58,1777391276,0.74,10.0,yes,"{""count_fp"":""10.00"",""created_time"":""2026-04-28T15:47:56.100235Z"",""no_price_dollars"":""0.2600"",""taker_side"":""yes"",""ticker"":""KXETH15M-26APR281200-00"",""trade_id"":""f93570c9-2cc7-4cf8-1a4c-7a9fdd8ffb58"",""yes_price_dollars"":""0.7400""}"
KXETH15M-26APR281200-00,3489fb7b-732d-46f9-3e75-14a87646863b,1777391276,0.74,6.0,yes,"{""count_fp"":""6.00"",""created_time"":""2026-04-28T15:47:56.100235Z"",""no_price_dollars"":""0.2600"",""taker_side"":""yes"",""ticker"":""KXETH15M-26APR281200-00"",""trade_id"":""3489fb7b-732d-46f9-3e75-14a87646863b"",""yes_price_dollars"":""0.7400""}"
KXETH15M-26APR281200-00,7e08d55d-a3f0-52da-83a0-ce27a5142510,1777391276,0.69,23.93,no,"{""count_fp"":""23.93"",""created_time"":""2026-04-28T15:47:56.006889Z"",""no_price_dollars"":""0.3100"",""taker_side"":""no"",""ticker"":""KXETH15M-26APR281200-00"",""trade_id"":""7e08d55d-a3f0-52da-83a0-ce27a5142510"",""yes_price_dollars"":""0.6900""}"
KXETH15M-26APR281200-00,275b953b-bf0c-7151-2388-2e6fb6c830e3,1777391280,0.69,2.0,yes,"{""count_fp"":""2.00"",""created_time"":""2026-04-28T15:48:00.346796Z"",""no_price_dollars"":""0.3100"",""taker_side"":""yes"",""ticker"":""KXETH15M-26APR281200-00"",""trade_id"":""275b953b-bf0c-7151-2388-2e6fb6c830e3"",""yes_price_dollars"":""0.6900""}"
KXETH15M-26APR281200-00,45d77fb6-7b1a-6787-353b-e5a088894e42,1777391282,0.67,2.0,no,"{""count_fp"":""2.00"",""created_time"":""2026-04-28T15:48:02.806887Z"",""no_price_dollars"":""0.3300"",""taker_side"":""no"",""ticker"":""KXETH15M-26APR281200-00"",""trade_id"":""45d77fb6-7b1a-6787-353b-e5a088894e42"",""yes_price_dollars"":""0.6700""}"
KXETH15M-26APR281200-00,3eb90255-49c4-6e6d-2023-ef8da878a025,1777391282,0.67,2.0,no,"{""count_fp"":""2.00"",""created_time"":""2026-04-28T15:48:02.806887Z"",""no_price_dollars"":""0.3300"",""taker_side"":""no"",""ticker"":""KXETH15M-26APR281200-00"",""trade_id"":""3eb90255-49c4-6e6d-2023-ef8da878a025"",""yes_price_dollars"":""0.6700""}"
KXETH15M-26APR281200-00,0811c937-455b-70bf-ae68-5aafdc38be30,1777391282,0.7,1.0,yes,"{""count_fp"":""1.00"",""created_time"":""2026-04-28T15:48:02.062355Z"",""no_price_dollars"":""0.3000"",""taker_side"":""yes"",""ticker"":""KXETH15M-26APR281200-00"",""trade_id"":""0811c937-455b-70bf-ae68-5aafdc38be30"",""yes_price_dollars"":""0.7000""}"
KXETH15M-26APR281200-00,42d5de0a-a292-7818-ff2f-9e906cdeb4b1,1777391283,0.67,1.0,yes,"{""count_fp"":""1.00"",""created_time"":""2026-04-28T15:48:03.965589Z"",""no_price_dollars"":""0.3300"",""taker_side"":""yes"",""ticker"":""KXETH15M-26APR281200-00"",""trade_id"":""42d5de0a-a292-7818-ff2f-9e906cdeb4b1"",""yes_price_dollars"":""0.6700""}"
KXETH15M-26APR281200-00,58083d5c-6926-6ad8-8d84-aa8732e59cb1,1777391299,0.68,2.0,no,"{""count_fp"":""2.00"",""created_time"":""2026-04-28T15:48:19.832081Z"",""no_price_dollars"":""0.3200"",""taker_side"":""no"",""ticker"":""KXETH15M-26APR281200-00"",""trade_id"":""58083d5c-6926-6ad8-8d84-aa8732e59cb1"",""yes_price_dollars"":""0.6800""}"
KXETH15M-26APR281200-00,4fdb5766-975d-60a2-a1bb-f1f45e3707c6,1777391299,0.69,1.0,no,"{""count_fp"":""1.00"",""created_time"":""2026-04-28T15:48:19.832081Z"",""no_price_dollars"":""0.3100"",""taker_side"":""no"",""ticker"":""KXETH15M-26APR281200-00"",""trade_id"":""4fdb5766-975d-60a2-a1bb-f1f45e3707c6"",""yes_price_dollars"":""0.6900""}"
KXETH15M-26APR281200-00,bb130b23-4a0e-7ab5-ef70-9e9b954b8f90,1777391304,0.66,10.0,no,"{""count_fp"":""10.00"",""created_time"":""2026-04-28T15:48:24.028134Z"",""no_price_dollars"":""0.3400"",""taker_side"":""no"",""ticker"":""KXETH15M-26APR281200-00"",""trade_id"":""bb130b23-4a0e-7ab5-ef70-9e9b954b8f90"",""yes_price_dollars"":""0.6600""}"
KXETH15M-26APR281200-00,6695f5e7-f00b-7c16-d75e-af85c8b35c8a,1777391304,0.66,10.0,no,"{""count_fp"":""10.00"",""created_time"":""2026-04-28T15:48:24.028134Z"",""no_price_dollars"":""0.3400"",""taker_side"":""no"",""ticker"":""KXETH15M-26APR281200-00"",""trade_id"":""6695f5e7-f00b-7c16-d75e-af85c8b35c8a"",""yes_price_dollars"":""0.6600""}"
KXETH15M-26APR281200-00,4bb5a192-5017-60a3-870c-d3140ebe2fe9,1777391310,0.66,70.68,yes,"{""count_fp"":""70.68"",""created_time"":""2026-04-28T15:48:30.808293Z"",""no_price_dollars"":""0.3400"",""taker_side"":""yes"",""ticker"":""KXETH15M-26APR281200-00"",""trade_id"":""4bb5a192-5017-60a3-870c-d3140ebe2fe9"",""yes_price_dollars"":""0.6600""}"
KXETH15M-26APR281200-00,2990d659-c794-442e-3dae-e2eb9c2a67b0,1777391312,0.66,5.83,yes,"{""count_fp"":""5.83"",""created_time"":""2026-04-28T15:48:32.567578Z"",""no_price_dollars"":""0.3400"",""taker_side"":""yes"",""ticker"":""KXETH15M-26APR281200-00"",""trade_id"":""2990d659-c794-442e-3dae-e2eb9c2a67b0"",""yes_price_dollars"":""0.6600""}"
KXETH15M-26APR281200-00,ac3c0c78-cd59-6206-63aa-2fdf2102a07c,1777391313,0.64,156.0,no,"{""count_fp"":""156.00"",""created_time"":""2026-04-28T15:48:33.740476Z"",""no_price_dollars"":""0.3600"",""taker_side"":""no"",""ticker"":""KXETH15M-26APR281200-00"",""trade_id"":""ac3c0c78-cd59-6206-63aa-2fdf2102a07c"",""yes_price_dollars"":""0.6400""}"
KXETH15M-26APR281200-00,337eff24-b3a3-639d-428e-2c042dec98e1,1777391313,0.65,4.0,no,"{""count_fp"":""4.00"",""created_time"":""2026-04-28T15:48:33.740476Z"",""no_price_dollars"":""0.3500"",""taker_side"":""no"",""ticker"":""KXETH15M-26APR281200-00"",""trade_id"":""337eff24-b3a3-639d-428e-2c042dec98e1"",""yes_price_dollars"":""0.6500""}"
KXETH15M-26APR281200-00,b4882cec-f4ac-62e8-7612-58e65ca88573,1777391322,0.65,1.0,yes,"{""count_fp"":""1.00"",""created_time"":""2026-04-28T15:48:42.767926Z"",""no_price_dollars"":""0.3500"",""taker_side"":""yes"",""ticker"":""KXETH15M-26APR281200-00"",""trade_id"":""b4882cec-f4ac-62e8-7612-58e65ca88573"",""yes_price_dollars"":""0.6500""}"
KXETH15M-26APR281200-00,32a3a5e8-8eb0-6a26-8594-5346c383d90f,1777391326,0.64,10.0,yes,"{""count_fp"":""10.00"",""created_time"":""2026-04-28T15:48:46.727983Z"",""no_price_dollars"":""0.3600"",""taker_side"":""yes"",""ticker"":""KXETH15M-26APR281200-00"",""trade_id"":""32a3a5e8-8eb0-6a26-8594-5346c383d90f"",""yes_price_dollars"":""0.6400""}"
KXETH15M-26APR281200-00,66b774f7-e8df-5993-0648-7826a649222b,1777391327,0.63,0.55,no,"{""count_fp"":""0.55"",""created_time"":""2026-04-28T15:48:47.926334Z"",""no_price_dollars"":""0.3700"",""taker_side"":""no"",""ticker"":""KXETH15M-26APR281200-00"",""trade_id"":""66b774f7-e8df-5993-0648-7826a649222b"",""yes_price_dollars"":""0.6300""}"
KXETH15M-26APR281200-00,47ba8f3d-1ca0-54ac-1e28-57c8ba665eca,1777391327,0.63,2.0,no,"{""count_fp"":""2.00"",""created_time"":""2026-04-28T15:48:47.926334Z"",""no_price_dollars"":""0.3700"",""taker_side"":""no"",""ticker"":""KXETH15M-26APR281200-00"",""trade_id"":""47ba8f3d-1ca0-54ac-1e28-57c8ba665eca"",""yes_price_dollars"":""0.6300""}"
KXETH15M-26APR281200-00,8653e9d9-f171-5f63-8bd6-4518bc514600,1777391329,0.64,3.88,no,"{""count_fp"":""3.88"",""created_time"":""2026-04-28T15:48:49.474067Z"",""no_price_dollars"":""0.3600"",""taker_side"":""no"",""ticker"":""KXETH15M-26APR281200-00"",""trade_id"":""8653e9d9-f171-5f63-8bd6-4518bc514600"",""yes_price_dollars"":""0.6400""}"
KXETH15M-26APR281200-00,67559b41-86d6-68ed-2f2e-70be979efca7,1777391329,0.64,68.32,no,"{""count_fp"":""68.32"",""created_time"":""2026-04-28T15:48:49.104051Z"",""no_price_dollars"":""0.3600"",""taker_side"":""no"",""ticker"":""KXETH15M-26APR281200-00"",""trade_id"":""67559b41-86d6-68ed-2f2e-70be979efca7"",""yes_price_dollars"":""0.6400""}"
KXETH15M-26APR281200-00,636ff897-79e6-6181-0314-fcb55c2868ac,1777391329,0.64,10.46,no,"{""count_fp"":""10.46"",""created_time"":""2026-04-28T15:48:49.104051Z"",""no_price_dollars"":""0.3600"",""taker_side"":""no"",""ticker"":""KXETH15M-26APR281200-00"",""trade_id"":""636ff897-79e6-6181-0314-fcb55c2868ac"",""yes_price_dollars"":""0.6400""}"
KXETH15M-26APR281200-00,b7b6e876-b5c6-4689-93c6-4120ffe38c0b,1777391330,0.64,6.42,no,"{""count_fp"":""6.42"",""created_time"":""2026-04-28T15:48:50.533731Z"",""no_price_dollars"":""0.3600"",""taker_side"":""no"",""ticker"":""KXETH15M-26APR281200-00"",""trade_id"":""b7b6e876-b5c6-4689-93c6-4120ffe38c0b"",""yes_price_dollars"":""0.6400""}"
KXETH15M-26APR281200-00,874d278d-51a1-4513-a89a-f2d7953dffdc,1777391330,0.64,6.58,no,"{""count_fp"":""6.58"",""created_time"":""2026-04-28T15:48:50.533731Z"",""no_price_dollars"":""0.3600"",""taker_side"":""no"",""ticker"":""KXETH15M-26APR281200-00"",""trade_id"":""874d278d-51a1-4513-a89a-f2d7953dffdc"",""yes_price_dollars"":""0.6400""}"
KXETH15M-26APR281200-00,42045201-9377-6a3b-3750-62b243900432,1777391333,0.65,1.0,yes,"{""count_fp"":""1.00"",""created_time"":""2026-04-28T15:48:53.627536Z"",""no_price_dollars"":""0.3500"",""taker_side"":""yes"",""ticker"":""KXETH15M-26APR281200-00"",""trade_id"":""42045201-9377-6a3b-3750-62b243900432"",""yes_price_dollars"":""0.6500""}"
KXETH15M-26APR281200-00,166e22fb-f370-615a-3607-9c7224954236,1777391333,0.68,7.0,yes,"{""count_fp"":""7.00"",""created_time"":""2026-04-28T15:48:53.627536Z"",""no_price_dollars"":""0.3200"",""taker_side"":""yes"",""ticker"":""KXETH15M-26APR281200-00"",""trade_id"":""166e22fb-f370-615a-3607-9c7224954236"",""yes_price_dollars"":""0.6800""}"
KXETH15M-26APR281200-00,e08ac51a-8c6a-59fa-1e21-8f21735548e6,1777391340,0.66,10.0,no,"{""count_fp"":""10.00"",""created_time"":""2026-04-28T15:49:00.724886Z"",""no_price_dollars"":""0.3400"",""taker_side"":""no"",""ticker"":""KXETH15M-26APR281200-00"",""trade_id"":""e08ac51a-8c6a-59fa-1e21-8f21735548e6"",""yes_price_dollars"":""0.6600""}"
KXETH15M-26APR281200-00,8cce7f82-6f65-540d-1dcc-38c29ddcc567,1777391341,0.68,3.0,yes,"{""count_fp"":""3.00"",""created_time"":""2026-04-28T15:49:01.021814Z"",""no_price_dollars"":""0.3200"",""taker_side"":""yes"",""ticker"":""KXETH15M-26APR281200-00"",""trade_id"":""8cce7f82-6f65-540d-1dcc-38c29ddcc567"",""yes_price_dollars"":""0.6800""}"
KXETH15M-26APR281200-00,46933aa5-09ec-40fe-327d-0e906007a616,1777391345,0.68,1.0,yes,"{""count_fp"":""1.00"",""created_time"":""2026-04-28T15:49:05.818256Z"",""no_price_dollars"":""0.3200"",""taker_side"":""yes"",""ticker"":""KXETH15M-26APR281200-00"",""trade_id"":""46933aa5-09ec-40fe-327d-0e906007a616"",""yes_price_dollars"":""0.6800""}"
KXETH15M-26APR281200-00,38099b8d-af48-6f8e-a8e6-a5be3af6f2da,1777391346,0.68,1.0,yes,"{""count_fp"":""1.00"",""created_time"":""2026-04-28T15:49:06.828006Z"",""no_price_dollars"":""0.3200"",""taker_side"":""yes"",""ticker"":""KXETH15M-26APR281200-00"",""trade_id"":""38099b8d-af48-6f8e-a8e6-a5be3af6f2da"",""yes_price_dollars"":""0.6800""}"
KXETH15M-26APR281200-00,ffa162c2-935b-7ba7-d27b-5ca715838e85,1777391347,0.68,10.0,yes,"{""count_fp"":""10.00"",""created_time"":""2026-04-28T15:49:07.168158Z"",""no_price_dollars"":""0.3200"",""taker_side"":""yes"",""ticker"":""KXETH15M-26APR281200-00"",""trade_id"":""ffa162c2-935b-7ba7-d27b-5ca715838e85"",""yes_price_dollars"":""0.6800""}"
KXETH15M-26APR281200-00,9fc4aac7-ed45-7fbd-c0ed-cbf41d88cbcb,1777391347,0.68,10.0,yes,"{""count_fp"":""10.00"",""created_time"":""2026-04-28T15:49:07.168158Z"",""no_price_dollars"":""0.3200"",""taker_side"":""yes"",""ticker"":""KXETH15M-26APR281200-00"",""trade_id"":""9fc4aac7-ed45-7fbd-c0ed-cbf41d88cbcb"",""yes_price_dollars"":""0.6800""}"
KXETH15M-26APR281200-00,a1236ea6-fa12-71d1-8ce8-72c17dd4ea69,1777391349,0.65,2.0,no,"{""count_fp"":""2.00"",""created_time"":""2026-04-28T15:49:09.500578Z"",""no_price_dollars"":""0.3500"",""taker_side"":""no"",""ticker"":""KXETH15M-26APR281200-00"",""trade_id"":""a1236ea6-fa12-71d1-8ce8-72c17dd4ea69"",""yes_price_dollars"":""0.6500""}"
KXETH15M-26APR281200-00,62e90f3a-b2e3-757a-b9c0-5df6262f38ae,1777391349,0.65,10.0,no,"{""count_fp"":""10.00"",""created_time"":""2026-04-28T15:49:09.500578Z"",""no_price_dollars"":""0.3500"",""taker_side"":""no"",""ticker"":""KXETH15M-26APR281200-00"",""trade_id"":""62e90f3a-b2e3-757a-b9c0-5df6262f38ae"",""yes_price_dollars"":""0.6500""}"
KXETH15M-26APR281200-00,1cabd8b5-8845-7ee7-98eb-903899d7bdd3,1777391349,0.64,9.61,no,"{""count_fp"":""9.61"",""created_time"":""2026-04-28T15:49:09.500578Z"",""no_price_dollars"":""0.3600"",""taker_side"":""no"",""ticker"":""KXETH15M-26APR281200-00"",""trade_id"":""1cabd8b5-8845-7ee7-98eb-903899d7bdd3"",""yes_price_dollars"":""0.6400""}"
KXETH15M-26APR281200-00,173b598f-f1f7-774a-abed-1aa6593fecad,1777391349,0.64,5.0,no,"{""count_fp"":""5.00"",""created_time"":""2026-04-28T15:49:09.500578Z"",""no_price_dollars"":""0.3600"",""taker_side"":""no"",""ticker"":""KXETH15M-26APR281200-00"",""trade_id"":""173b598f-f1f7-774a-abed-1aa6593fecad"",""yes_price_dollars"":""0.6400""}"
KXETH15M-26APR281200-00,be60f957-fd7e-4ad3-ba86-b74fd670626c,1777391352,0.65,2.0,no,"{""count_fp"":""2.00"",""created_time"":""2026-04-28T15:49:12.528592Z"",""no_price_dollars"":""0.3500"",""taker_side"":""no"",""ticker"":""KXETH15M-26APR281200-00"",""trade_id"":""be60f957-fd7e-4ad3-ba86-b74fd670626c"",""yes_price_dollars"":""0.6500""}"
KXETH15M-26APR281200-00,6899b8f6-148a-495d-b7c0-aceb13fa4023,1777391352,0.63,39.18,no,"{""count_fp"":""39.18"",""created_time"":""2026-04-28T15:49:12.528592Z"",""no_price_dollars"":""0.3700"",""taker_side"":""no"",""ticker"":""KXETH15M-26APR281200-00"",""trade_id"":""6899b8f6-148a-495d-b7c0-aceb13fa4023"",""yes_price_dollars"":""0.6300""}"
KXETH15M-26APR281200-00,02a89c26-b9c6-4426-88f8-6c4f41184ebe,1777391352,0.64,10.0,no,"{""count_fp"":""10.00"",""created_time"":""2026-04-28T15:49:12.528592Z"",""no_price_dollars"":""0.3600"",""taker_side"":""no"",""ticker"":""KXETH15M-26APR281200-00"",""trade_id"":""02a89c26-b9c6-4426-88f8-6c4f41184ebe"",""yes_price_dollars"":""0.6400""}"
KXETH15M-26APR281200-00,b647f556-8b0e-7be3-9a56-1d49db6951fc,1777391366,0.68,2.0,yes,"{""count_fp"":""2.00"",""created_time"":""2026-04-28T15:49:26.104617Z"",""no_price_dollars"":""0.3200"",""taker_side"":""yes"",""ticker"":""KXETH15M-26APR281200-00"",""trade_id"":""b647f556-8b0e-7be3-9a56-1d49db6951fc"",""yes_price_dollars"":""0.6800""}"
KXETH15M-26APR281200-00,891374e8-d2c7-70b4-b7de-5e2f0e065a39,1777391366,0.74,10.0,yes,"{""count_fp"":""10.00"",""created_time"":""2026-04-28T15:49:26.104617Z"",""no_price_dollars"":""0.2600"",""taker_side"":""yes"",""ticker"":""KXETH15M-26APR281200-00"",""trade_id"":""891374e8-d2c7-70b4-b7de-5e2f0e065a39"",""yes_price_dollars"":""0.7400""}"
KXETH15M-26APR281200-00,3314cde7-d4eb-7273-a7fd-a6e6d9b14fa7,1777391366,0.74,10.0,yes,"{""count_fp"":""10.00"",""created_time"":""2026-04-28T15:49:26.104617Z"",""no_price_dollars"":""0.2600"",""taker_side"":""yes"",""ticker"":""KXETH15M-26APR281200-00"",""trade_id"":""3314cde7-d4eb-7273-a7fd-a6e6d9b14fa7"",""yes_price_dollars"":""0.7400""}"
KXETH15M-26APR281200-00,1feb3809-3f07-428f-7132-a57b4849495f,1777391370,0.69,10.0,no,"{""count_fp"":""10.00"",""created_time"":""2026-04-28T15:49:30.314888Z"",""no_price_dollars"":""0.3100"",""taker_side"":""no"",""ticker"":""KXETH15M-26APR281200-00"",""trade_id"":""1feb3809-3f07-428f-7132-a57b4849495f"",""yes_price_dollars"":""0.6900""}"
KXETH15M-26APR281200-00,ea123da6-68be-7de8-bc1a-438f9d251161,1777391374,0.69,10.0,yes,"{""count_fp"":""10.00"",""created_time"":""2026-04-28T15:49:34.538003Z"",""no_price_dollars"":""0.3100"",""taker_side"":""yes"",""ticker"":""KXETH15M-26APR281200-00"",""trade_id"":""ea123da6-68be-7de8-bc1a-438f9d251161"",""yes_price_dollars"":""0.6900""}"
KXETH15M-26APR281200-00,d1f6ab8b-daf2-7f5a-ab54-a762974d10c8,1777391374,0.68,2.0,yes,"{""count_fp"":""2.00"",""created_time"":""2026-04-28T15:49:34.538003Z"",""no_price_dollars"":""0.3200"",""taker_side"":""yes"",""ticker"":""KXETH15M-26APR281200-00"",""trade_id"":""d1f6ab8b-daf2-7f5a-ab54-a762974d10c8"",""yes_price_dollars"":""0.6800""}"
KXETH15M-26APR281200-00,38401140-0f2f-75cf-8d84-34f7ccd9f140,1777391374,0.7,2.06,yes,"{""count_fp"":""2.06"",""created_time"":""2026-04-28T15:49:34.538003Z"",""no_price_dollars"":""0.3000"",""taker_side"":""yes"",""ticker"":""KXETH15M-26APR281200-00"",""trade_id"":""38401140-0f2f-75cf-8d84-34f7ccd9f140"",""yes_price_dollars"":""0.7000""}"
KXETH15M-26APR281200-00,011bf3c6-98ec-750b-3a90-d281e5221ea7,1777391379,0.72,1.76,yes,"{""count_fp"":""1.76"",""created_time"":""2026-04-28T15:49:39.488418Z"",""no_price_dollars"":""0.2800"",""taker_side"":""yes"",""ticker"":""KXETH15M-26APR281200-00"",""trade_id"":""011bf3c6-98ec-750b-3a90-d281e5221ea7"",""yes_price_dollars"":""0.7200""}"
KXETH15M-26APR281200-00,5c9b1140-1eab-7901-9761-98c65fc89e1d,1777391391,0.7,8.64,no,"{""count_fp"":""8.64"",""created_time"":""2026-04-28T15:49:51.043713Z"",""no_price_dollars"":""0.3000"",""taker_side"":""no"",""ticker"":""KXETH15M-26APR281200-00"",""trade_id"":""5c9b1140-1eab-7901-9761-98c65fc89e1d"",""yes_price_dollars"":""0.7000""}"
KXETH15M-26APR281200-00,a0ad58cf-da1c-5837-2f8e-b47d228822a7,1777391394,0.76,10.0,yes,"{""count_fp"":""10.00"",""created_time"":""2026-04-28T15:49:54.065277Z"",""no_price_dollars"":""0.2400"",""taker_side"":""yes"",""ticker"":""KXETH15M-26APR281200-00"",""trade_id"":""a0ad58cf-da1c-5837-2f8e-b47d228822a7"",""yes_price_dollars"":""0.7600""}"
KXETH15M-26APR281200-00,4221a626-3be2-57a3-3920-b7362f1dddde,1777391394,0.76,10.0,yes,"{""count_fp"":""10.00"",""created_time"":""2026-04-28T15:49:54.065277Z"",""no_price_dollars"":""0.2400"",""taker_side"":""yes"",""ticker"":""KXETH15M-26APR281200-00"",""trade_id"":""4221a626-3be2-57a3-3920-b7362f1dddde"",""yes_price_dollars"":""0.7600""}"
KXETH15M-26APR281200-00,ef6aa081-f3cb-7e1e-e827-0719a65bc6be,1777391399,0.73,0.59,no,"{""count_fp"":""0.59"",""created_time"":""2026-04-28T15:49:59.254718Z"",""no_price_dollars"":""0.2700"",""taker_side"":""no"",""ticker"":""KXETH15M-26APR281200-00"",""trade_id"":""ef6aa081-f3cb-7e1e-e827-0719a65bc6be"",""yes_price_dollars"":""0.7300""}"
KXETH15M-26APR281200-00,64e63345-951f-7156-c0b2-e922327652b6,1777391399,0.75,6.0,no,"{""count_fp"":""6.00"",""created_time"":""2026-04-28T15:49:59.254718Z"",""no_price_dollars"":""0.2500"",""taker_side"":""no"",""ticker"":""KXETH15M-26APR281200-00"",""trade_id"":""64e63345-951f-7156-c0b2-e922327652b6"",""yes_price_dollars"":""0.7500""}"
KXETH15M-26APR281200-00,2ae9bf09-737c-756f-eb36-aaa17e7c6049,1777391399,0.76,1.0,no,"{""count_fp"":""1.00"",""created_time"":""2026-04-28T15:49:59.254718Z"",""no_price_dollars"":""0.2400"",""taker_side"":""no"",""ticker"":""KXETH15M-26APR281200-00"",""trade_id"":""2ae9bf09-737c-756f-eb36-aaa17e7c6049"",""yes_price_dollars"":""0.7600""}"
KXETH15M-26APR281200-00,259d5de9-56e3-660f-167a-5f68ebe42b60,1777391400,0.77,1.0,yes,"{""count_fp"":""1.00"",""created_time"":""2026-04-28T15:50:00.075612Z"",""no_price_dollars"":""0.2300"",""taker_side"":""yes"",""ticker"":""KXETH15M-26APR281200-00"",""trade_id"":""259d5de9-56e3-660f-167a-5f68ebe42b60"",""yes_price_dollars"":""0.7700""}"
KXETH15M-26APR281200-00,d263439f-944a-6b77-59d5-5915a51d2599,1777391403,0.74,10.0,no,"{""count_fp"":""10.00"",""created_time"":""2026-04-28T15:50:03.131785Z"",""no_price_dollars"":""0.2600"",""taker_side"":""no"",""ticker"":""KXETH15M-26APR281200-00"",""trade_id"":""d263439f-944a-6b77-59d5-5915a51d2599"",""yes_price_dollars"":""0.7400""}"
KXETH15M-26APR281200-00,90b64cd9-74a7-6be1-5727-8f43da7054d6,1777391403,0.75,10.0,no,"{""count_fp"":""10.00"",""created_time"":""2026-04-28T15:50:03.131785Z"",""no_price_dollars"":""0.2500"",""taker_side"":""no"",""ticker"":""KXETH15M-26APR281200-00"",""trade_id"":""90b64cd9-74a7-6be1-5727-8f43da7054d6"",""yes_price_dollars"":""0.7500""}"
KXETH15M-26APR281200-00,2893456f-0f2e-6485-7a34-cbebe1aa5b2d,1777391403,0.73,156.14,no,"{""count_fp"":""156.14"",""created_time"":""2026-04-28T15:50:03.131785Z"",""no_price_dollars"":""0.2700"",""taker_side"":""no"",""ticker"":""KXETH15M-26APR281200-00"",""trade_id"":""2893456f-0f2e-6485-7a34-cbebe1aa5b2d"",""yes_price_dollars"":""0.7300""}"
KXETH15M-26APR281200-00,3e7e6eaa-c631-6c4e-1cf8-d65fe6d8d3c6,1777391403,0.79,6.0,yes,"{""count_fp"":""6.00"",""created_time"":""2026-04-28T15:50:03.079504Z"",""no_price_dollars"":""0.2100"",""taker_side"":""yes"",""ticker"":""KXETH15M-26APR281200-00"",""trade_id"":""3e7e6eaa-c631-6c4e-1cf8-d65fe6d8d3c6"",""yes_price_dollars"":""0.7900""}"
KXETH15M-26APR281200-00,dddbc739-9c68-7052-de4c-b141d9b1dd3f,1777391406,0.8,1.0,yes,"{""count_fp"":""1.00"",""created_time"":""2026-04-28T15:50:06.609858Z"",""no_price_dollars"":""0.2000"",""taker_side"":""yes"",""ticker"":""KXETH15M-26APR281200-00"",""trade_id"":""dddbc739-9c68-7052-de4c-b141d9b1dd3f"",""yes_price_dollars"":""0.8000""}"
KXETH15M-26APR281200-00,f2f51708-0ec9-788a-3ba3-700924373950,1777391407,0.83,3.0,yes,"{""count_fp"":""3.00"",""created_time"":""2026-04-28T15:50:07.943274Z"",""no_price_dollars"":""0.1700"",""taker_side"":""yes"",""ticker"":""KXETH15M-26APR281200-00"",""trade_id"":""f2f51708-0ec9-788a-3ba3-700924373950"",""yes_price_dollars"":""0.8300""}"
KXETH15M-26APR281200-00,e9d49098-73eb-79c4-215c-19fa3587fdcb,1777391407,0.83,7.0,yes,"{""count_fp"":""7.00"",""created_time"":""2026-04-28T15:50:07.943274Z"",""no_price_dollars"":""0.1700"",""taker_side"":""yes"",""ticker"":""KXETH15M-26APR281200-00"",""trade_id"":""e9d49098-73eb-79c4-215c-19fa3587fdcb"",""yes_price_dollars"":""0.8300""}"
KXETH15M-26APR281200-00,4396dba7-7951-718a-5638-38e3b2b11e8e,1777391415,0.81,1.0,yes,"{""count_fp"":""1.00"",""created_time"":""2026-04-28T15:50:15.913718Z"",""no_price_dollars"":""0.1900"",""taker_side"":""yes"",""ticker"":""KXETH15M-26APR281200-00"",""trade_id"":""4396dba7-7951-718a-5638-38e3b2b11e8e"",""yes_price_dollars"":""0.8100""}"
KXETH15M-26APR281200-00,feeab07c-aa2e-7fb3-b4f1-4cb10f213114,1777391418,0.83,5.0,yes,"{""count_fp"":""5.00"",""created_time"":""2026-04-28T15:50:18.326233Z"",""no_price_dollars"":""0.1700"",""taker_side"":""yes"",""ticker"":""KXETH15M-26APR281200-00"",""trade_id"":""feeab07c-aa2e-7fb3-b4f1-4cb10f213114"",""yes_price_dollars"":""0.8300""}"
KXETH15M-26APR281200-00,cb77ae0b-960f-5287-dbf9-81419c79b619,1777391424,0.8,6.09,yes,"{""count_fp"":""6.09"",""created_time"":""2026-04-28T15:50:24.117964Z"",""no_price_dollars"":""0.2000"",""taker_side"":""yes"",""ticker"":""KXETH15M-26APR281200-00"",""trade_id"":""cb77ae0b-960f-5287-dbf9-81419c79b619"",""yes_price_dollars"":""0.8000""}"
KXETH15M-26APR281200-00,cf2cb65b-aa7d-4852-d499-bb8f4eafa0dd,1777391426,0.8,18.76,yes,"{""count_fp"":""18.76"",""created_time"":""2026-04-28T15:50:26.656597Z"",""no_price_dollars"":""0.2000"",""taker_side"":""yes"",""ticker"":""KXETH15M-26APR281200-00"",""trade_id"":""cf2cb65b-aa7d-4852-d499-bb8f4eafa0dd"",""yes_price_dollars"":""0.8000""}"
KXETH15M-26APR281200-00,ce601eaa-e06f-7cab-cb0f-33badd20e07d,1777391430,0.75,85.0,yes,"{""count_fp"":""85.00"",""created_time"":""2026-04-28T15:50:30.348639Z"",""no_price_dollars"":""0.2500"",""taker_side"":""yes"",""ticker"":""KXETH15M-26APR281200-00"",""trade_id"":""ce601eaa-e06f-7cab-cb0f-33badd20e07d"",""yes_price_dollars"":""0.7500""}"
KXETH15M-26APR281200-00,b9dbfc55-8336-724b-44f4-4fffad93ce78,1777391439,0.79,65.0,yes,"{""count_fp"":""65.00"",""created_time"":""2026-04-28T15:50:39.791715Z"",""no_price_dollars"":""0.2100"",""taker_side"":""yes"",""ticker"":""KXETH15M-26APR281200-00"",""trade_id"":""b9dbfc55-8336-724b-44f4-4fffad93ce78"",""yes_price_dollars"":""0.7900""}"
KXETH15M-26APR281200-00,83f98f23-1bf6-7c4b-63ef-7f41238b3fca,1777391443,0.84,0.34,yes,"{""count_fp"":""0.34"",""created_time"":""2026-04-28T15:50:43.059918Z"",""no_price_dollars"":""0.1600"",""taker_side"":""yes"",""ticker"":""KXETH15M-26APR281200-00"",""trade_id"":""83f98f23-1bf6-7c4b-63ef-7f41238b3fca"",""yes_price_dollars"":""0.8400""}"
KXETH15M-26APR281200-00,eced9bc3-dbba-6f6f-1282-e4ac1cb8531a,1777391444,0.84,0.66,yes,"{""count_fp"":""0.66"",""created_time"":""2026-04-28T15:50:44.219182Z"",""no_price_dollars"":""0.1600"",""taker_side"":""yes"",""ticker"":""KXETH15M-26APR281200-00"",""trade_id"":""eced9bc3-dbba-6f6f-1282-e4ac1cb8531a"",""yes_price_dollars"":""0.8400""}"
KXETH15M-26APR281200-00,3a4e710d-3c2e-6339-0c3b-a2c5318e043b,1777391444,0.85,3.34,yes,"{""count_fp"":""3.34"",""created_time"":""2026-04-28T15:50:44.219182Z"",""no_price_dollars"":""0.1500"",""taker_side"":""yes"",""ticker"":""KXETH15M-26APR281200-00"",""trade_id"":""3a4e710d-3c2e-6339-0c3b-a2c5318e043b"",""yes_price_dollars"":""0.8500""}"
KXETH15M-26APR281200-00,8617d094-ec15-5606-2f6d-f7dc66a16eca,1777391445,0.85,8.0,yes,"{""count_fp"":""8.00"",""created_time"":""2026-04-28T15:50:45.659741Z"",""no_price_dollars"":""0.1500"",""taker_side"":""yes"",""ticker"":""KXETH15M-26APR281200-00"",""trade_id"":""8617d094-ec15-5606-2f6d-f7dc66a16eca"",""yes_price_dollars"":""0.8500""}"
KXETH15M-26APR281200-00,6f20eabd-63df-49a6-af8c-0d56e99b0c71,1777391445,0.84,45.0,no,"{""count_fp"":""45.00"",""created_time"":""2026-04-28T15:50:45.248326Z"",""no_price_dollars"":""0.1600"",""taker_side"":""no"",""ticker"":""KXETH15M-26APR281200-00"",""trade_id"":""6f20eabd-63df-49a6-af8c-0d56e99b0c71"",""yes_price_dollars"":""0.8400""}"
KXETH15M-26APR281200-00,8cd776ca-87ef-657d-b549-886b0e57af52,1777391448,0.87,3.88,yes,"{""count_fp"":""3.88"",""created_time"":""2026-04-28T15:50:48.939307Z"",""no_price_dollars"":""0.1300"",""taker_side"":""yes"",""ticker"":""KXETH15M-26APR281200-00"",""trade_id"":""8cd776ca-87ef-657d-b549-886b0e57af52"",""yes_price_dollars"":""0.8700""}"
KXETH15M-26APR281200-00,ef67bf64-a5cb-486f-d772-98f6d557cb63,1777391449,0.86,7.0,no,"{""count_fp"":""7.00"",""created_time"":""2026-04-28T15:50:49.612355Z"",""no_price_dollars"":""0.1400"",""taker_side"":""no"",""ticker"":""KXETH15M-26APR281200-00"",""trade_id"":""ef67bf64-a5cb-486f-d772-98f6d557cb63"",""yes_price_dollars"":""0.8600""}"
KXETH15M-26APR281200-00,eb610d22-74dd-56cd-3bb8-e6271cf2366d,1777391456,0.86,10.0,no,"{""count_fp"":""10.00"",""created_time"":""2026-04-28T15:50:56.081377Z"",""no_price_dollars"":""0.1400"",""taker_side"":""no"",""ticker"":""KXETH15M-26APR281200-00"",""trade_id"":""eb610d22-74dd-56cd-3bb8-e6271cf2366d"",""yes_price_dollars"":""0.8600""}"
KXETH15M-26APR281200-00,60eb5777-55d6-588d-0da0-288c0d45cb79,1777391456,0.85,46.0,no,"{""count_fp"":""46.00"",""created_time"":""2026-04-28T15:50:56.081377Z"",""no_price_dollars"":""0.1500"",""taker_side"":""no"",""ticker"":""KXETH15M-26APR281200-00"",""trade_id"":""60eb5777-55d6-588d-0da0-288c0d45cb79"",""yes_price_dollars"":""0.8500""}"
KXETH15M-26APR281200-00,1019117b-884a-5099-0dc0-b645e8e8ce57,1777391456,0.85,100.0,no,"{""count_fp"":""100.00"",""created_time"":""2026-04-28T15:50:56.081377Z"",""no_price_dollars"":""0.1500"",""taker_side"":""no"",""ticker"":""KXETH15M-26APR281200-00"",""trade_id"":""1019117b-884a-5099-0dc0-b645e8e8ce57"",""yes_price_dollars"":""0.8500""}"
KXETH15M-26APR281200-00,f9cdea6e-9441-4001-e6bb-c5a636612446,1777391458,0.87,4.0,yes,"{""count_fp"":""4.00"",""created_time"":""2026-04-28T15:50:58.339936Z"",""no_price_dollars"":""0.1300"",""taker_side"":""yes"",""ticker"":""KXETH15M-26APR281200-00"",""trade_id"":""f9cdea6e-9441-4001-e6bb-c5a636612446"",""yes_price_dollars"":""0.8700""}"
KXETH15M-26APR281200-00,c61ab837-6356-417a-cdad-06c318fa1462,1777391458,0.89,5.0,yes,"{""count_fp"":""5.00"",""created_time"":""2026-04-28T15:50:58.339936Z"",""no_price_dollars"":""0.1100"",""taker_side"":""yes"",""ticker"":""KXETH15M-26APR281200-00"",""trade_id"":""c61ab837-6356-417a-cdad-06c318fa1462"",""yes_price_dollars"":""0.8900""}"
KXETH15M-26APR281200-00,33af45dc-e860-4603-e97d-1175c1e4ebc2,1777391458,0.87,1.0,yes,"{""count_fp"":""1.00"",""created_time"":""2026-04-28T15:50:58.339936Z"",""no_price_dollars"":""0.1300"",""taker_side"":""yes"",""ticker"":""KXETH15M-26APR281200-00"",""trade_id"":""33af45dc-e860-4603-e97d-1175c1e4ebc2"",""yes_price_dollars"":""0.8700""}"
KXETH15M-26APR281200-00,898a075f-7f19-5126-945f-3642197c31fe,1777391459,0.89,10.0,yes,"{""count_fp"":""10.00"",""created_time"":""2026-04-28T15:50:59.398615Z"",""no_price_dollars"":""0.1100"",""taker_side"":""yes"",""ticker"":""KXETH15M-26APR281200-00"",""trade_id"":""898a075f-7f19-5126-945f-3642197c31fe"",""yes_price_dollars"":""0.8900""}"
KXETH15M-26APR281200-00,88805345-46ea-5901-b71e-b45b21fc562f,1777391459,0.89,11.0,yes,"{""count_fp"":""11.00"",""created_time"":""2026-04-28T15:50:59.398615Z"",""no_price_dollars"":""0.1100"",""taker_side"":""yes"",""ticker"":""KXETH15M-26APR281200-00"",""trade_id"":""88805345-46ea-5901-b71e-b45b21fc562f"",""yes_price_dollars"":""0.8900""}"
KXETH15M-26APR281200-00,5847f1d3-dfbd-5f84-b320-4b6b38c10d63,1777391459,0.9,1.0,yes,"{""count_fp"":""1.00"",""created_time"":""2026-04-28T15:50:59.398615Z"",""no_price_dollars"":""0.1000"",""taker_side"":""yes"",""ticker"":""KXETH15M-26APR281200-00"",""trade_id"":""5847f1d3-dfbd-5f84-b320-4b6b38c10d63"",""yes_price_dollars"":""0.9000""}"
KXETH15M-26APR281200-00,54c74fd6-3443-54b7-b3e9-ac93da78a171,1777391459,0.9,29.18,yes,"{""count_fp"":""29.18"",""created_time"":""2026-04-28T15:50:59.398615Z"",""no_price_dollars"":""0.1000"",""taker_side"":""yes"",""ticker"":""KXETH15M-26APR281200-00"",""trade_id"":""54c74fd6-3443-54b7-b3e9-ac93da78a171"",""yes_price_dollars"":""0.9000""}"
KXETH15M-26APR281200-00,ed6fc183-6613-5613-aec2-a4e56d4ad73f,1777391460,0.86,3.42,no,"{""count_fp"":""3.42"",""created_time"":""2026-04-28T15:51:00.757276Z"",""no_price_dollars"":""0.1400"",""taker_side"":""no"",""ticker"":""KXETH15M-26APR281200-00"",""trade_id"":""ed6fc183-6613-5613-aec2-a4e56d4ad73f"",""yes_price_dollars"":""0.8600""}"
KXETH15M-26APR281200-00,9c969941-7230-536d-a7f9-8d510f205df7,1777391460,0.86,10.0,no,"{""count_fp"":""10.00"",""created_time"":""2026-04-28T15:51:00.757276Z"",""no_price_dollars"":""0.1400"",""taker_side"":""no"",""ticker"":""KXETH15M-26APR281200-00"",""trade_id"":""9c969941-7230-536d-a7f9-8d510f205df7"",""yes_price_dollars"":""0.8600""}"
KXETH15M-26APR281200-00,b2e9b3bb-9de1-6a84-adba-5fb0d3650683,1777391470,0.9,1.0,yes,"{""count_fp"":""1.00"",""created_time"":""2026-04-28T15:51:10.639146Z"",""no_price_dollars"":""0.1000"",""taker_side"":""yes"",""ticker"":""KXETH15M-26APR281200-00"",""trade_id"":""b2e9b3bb-9de1-6a84-adba-5fb0d3650683"",""yes_price_dollars"":""0.9000""}"
KXETH15M-26APR281200-00,91f19dc7-c491-760a-d5a3-8d205d4eb3a9,1777391473,0.9,1.0,yes,"{""count_fp"":""1.00"",""created_time"":""2026-04-28T15:51:13.609482Z"",""no_price_dollars"":""0.1000"",""taker_side"":""yes"",""ticker"":""KXETH15M-26APR281200-00"",""trade_id"":""91f19dc7-c491-760a-d5a3-8d205d4eb3a9"",""yes_price_dollars"":""0.9000""}"
KXETH15M-26APR281200-00,9d147d18-8b8f-6c1e-a137-1109d280c8fd,1777391475,0.91,3.0,yes,"{""count_fp"":""3.00"",""created_time"":""2026-04-28T15:51:15.241944Z"",""no_price_dollars"":""0.0900"",""taker_side"":""yes"",""ticker"":""KXETH15M-26APR281200-00"",""trade_id"":""9d147d18-8b8f-6c1e-a137-1109d280c8fd"",""yes_price_dollars"":""0.9100""}"
KXETH15M-26APR281200-00,8a488328-95c2-6301-8a3f-72e56250d83d,1777391475,0.9,3.0,yes,"{""count_fp"":""3.00"",""created_time"":""2026-04-28T15:51:15.241944Z"",""no_price_dollars"":""0.1000"",""taker_side"":""yes"",""ticker"":""KXETH15M-26APR281200-00"",""trade_id"":""8a488328-95c2-6301-8a3f-72e56250d83d"",""yes_price_dollars"":""0.9000""}"
KXETH15M-26APR281200-00,88ce9445-bba1-6ce6-9f36-d3a957219b1d,1777391475,0.9,2.0,yes,"{""count_fp"":""2.00"",""created_time"":""2026-04-28T15:51:15.241944Z"",""no_price_dollars"":""0.1000"",""taker_side"":""yes"",""ticker"":""KXETH15M-26APR281200-00"",""trade_id"":""88ce9445-bba1-6ce6-9f36-d3a957219b1d"",""yes_price_dollars"":""0.9000""}"
KXETH15M-26APR281200-00,69c83489-9595-6ee4-8e7f-8d522e562201,1777391475,0.91,1.0,yes,"{""count_fp"":""1.00"",""created_time"":""2026-04-28T15:51:15.241944Z"",""no_price_dollars"":""0.0900"",""taker_side"":""yes"",""ticker"":""KXETH15M-26APR281200-00"",""trade_id"":""69c83489-9595-6ee4-8e7f-8d522e562201"",""yes_price_dollars"":""0.9100""}"
KXETH15M-26APR281200-00,695ce7fb-a13a-6f35-a0da-24fa13c9514e,1777391475,0.9,1.0,yes,"{""count_fp"":""1.00"",""created_time"":""2026-04-28T15:51:15.241944Z"",""no_price_dollars"":""0.1000"",""taker_side"":""yes"",""ticker"":""KXETH15M-26APR281200-00"",""trade_id"":""695ce7fb-a13a-6f35-a0da-24fa13c9514e"",""yes_price_dollars"":""0.9000""}"
KXETH15M-26APR281200-00,63f8e408-3feb-691a-908c-3f4609a8c094,1777391475,0.91,4.0,yes,"{""count_fp"":""4.00"",""created_time"":""2026-04-28T15:51:15.241944Z"",""no_price_dollars"":""0.0900"",""taker_side"":""yes"",""ticker"":""KXETH15M-26APR281200-00"",""trade_id"":""63f8e408-3feb-691a-908c-3f4609a8c094"",""yes_price_dollars"":""0.9100""}"
KXETH15M-26APR281200-00,0503858d-c216-6f90-ac90-3ea8ef475ddb,1777391475,0.9,1.0,yes,"{""count_fp"":""1.00"",""created_time"":""2026-04-28T15:51:15.241944Z"",""no_price_dollars"":""0.1000"",""taker_side"":""yes"",""ticker"":""KXETH15M-26APR281200-00"",""trade_id"":""0503858d-c216-6f90-ac90-3ea8ef475ddb"",""yes_price_dollars"":""0.9000""}"
KXETH15M-26APR281200-00,4da6645d-1501-62aa-eef9-7058b08b8f45,1777391475,0.9,1.0,yes,"{""count_fp"":""1.00"",""created_time"":""2026-04-28T15:51:15.092301Z"",""no_price_dollars"":""0.1000"",""taker_side"":""yes"",""ticker"":""KXETH15M-26APR281200-00"",""trade_id"":""4da6645d-1501-62aa-eef9-7058b08b8f45"",""yes_price_dollars"":""0.9000""}"
KXETH15M-26APR281200-00,f257e5e1-4d52-6da1-f0ea-532854747f4f,1777391479,0.93,1.0,yes,"{""count_fp"":""1.00"",""created_time"":""2026-04-28T15:51:19.196627Z"",""no_price_dollars"":""0.0700"",""taker_side"":""yes"",""ticker"":""KXETH15M-26APR281200-00"",""trade_id"":""f257e5e1-4d52-6da1-f0ea-532854747f4f"",""yes_price_dollars"":""0.9300""}"
KXETH15M-26APR281200-00,ce5d9426-01b1-6591-fe3a-f0b09d33955a,1777391479,0.92,3.0,yes,"{""count_fp"":""3.00"",""created_time"":""2026-04-28T15:51:19.196627Z"",""no_price_dollars"":""0.0800"",""taker_side"":""yes"",""ticker"":""KXETH15M-26APR281200-00"",""trade_id"":""ce5d9426-01b1-6591-fe3a-f0b09d33955a"",""yes_price_dollars"":""0.9200""}"
KXETH15M-26APR281200-00,a67a30c5-550d-62f9-f54f-d51e592ec360,1777391479,0.93,12.0,yes,"{""count_fp"":""12.00"",""created_time"":""2026-04-28T15:51:19.196627Z"",""no_price_dollars"":""0.0700"",""taker_side"":""yes"",""ticker"":""KXETH15M-26APR281200-00"",""trade_id"":""a67a30c5-550d-62f9-f54f-d51e592ec360"",""yes_price_dollars"":""0.9300""}"
KXETH15M-26APR281200-00,89f09395-8ddf-6e83-cfe1-9f54c1df2fcc,1777391479,0.93,1.0,yes,"{""count_fp"":""1.00"",""created_time"":""2026-04-28T15:51:19.196627Z"",""no_price_dollars"":""0.0700"",""taker_side"":""yes"",""ticker"":""KXETH15M-26APR281200-00"",""trade_id"":""89f09395-8ddf-6e83-cfe1-9f54c1df2fcc"",""yes_price_dollars"":""0.9300""}"
KXETH15M-26APR281200-00,81bd7bdb-8420-6cb8-c3ed-2e7bad0475b5,1777391479,0.93,3.0,yes,"{""count_fp"":""3.00"",""created_time"":""2026-04-28T15:51:19.196627Z"",""no_price_dollars"":""0.0700"",""taker_side"":""yes"",""ticker"":""KXETH15M-26APR281200-00"",""trade_id"":""81bd7bdb-8420-6cb8-c3ed-2e7bad0475b5"",""yes_price_dollars"":""0.9300""}"
KXETH15M-26APR281200-00,7de23f6a-d0e7-6859-e8a3-48dcb44031a6,1777391479,0.92,6.0,yes,"{""count_fp"":""6.00"",""created_time"":""2026-04-28T15:51:19.196627Z"",""no_price_dollars"":""0.0800"",""taker_side"":""yes"",""ticker"":""KXETH15M-26APR281200-00"",""trade_id"":""7de23f6a-d0e7-6859-e8a3-48dcb44031a6"",""yes_price_dollars"":""0.9200""}"
KXETH15M-26APR281200-00,4547c990-2a17-67e8-dac5-7dfd92a6d45d,1777391479,0.94,5.74,yes,"{""count_fp"":""5.74"",""created_time"":""2026-04-28T15:51:19.196627Z"",""no_price_dollars"":""0.0600"",""taker_side"":""yes"",""ticker"":""KXETH15M-26APR281200-00"",""trade_id"":""4547c990-2a17-67e8-dac5-7dfd92a6d45d"",""yes_price_dollars"":""0.9400""}"
KXETH15M-26APR281200-00,2de49739-a7ec-67e9-e99c-caa7c0ca4d2c,1777391479,0.93,8.0,yes,"{""count_fp"":""8.00"",""created_time"":""2026-04-28T15:51:19.196627Z"",""no_price_dollars"":""0.0700"",""taker_side"":""yes"",""ticker"":""KXETH15M-26APR281200-00"",""trade_id"":""2de49739-a7ec-67e9-e99c-caa7c0ca4d2c"",""yes_price_dollars"":""0.9300""}"
KXETH15M-26APR281200-00,2a2a8449-2be9-6446-c42a-17a803fd9167,1777391479,0.92,1.0,yes,"{""count_fp"":""1.00"",""created_time"":""2026-04-28T15:51:19.196627Z"",""no_price_dollars"":""0.0800"",""taker_side"":""yes"",""ticker"":""KXETH15M-26APR281200-00"",""trade_id"":""2a2a8449-2be9-6446-c42a-17a803fd9167"",""yes_price_dollars"":""0.9200""}"
KXETH15M-26APR281200-00,13849eac-414a-6140-d6f7-83f5176317dd,1777391479,0.94,1.0,yes,"{""count_fp"":""1.00"",""created_time"":""2026-04-28T15:51:19.196627Z"",""no_price_dollars"":""0.0600"",""taker_side"":""yes"",""ticker"":""KXETH15M-26APR281200-00"",""trade_id"":""13849eac-414a-6140-d6f7-83f5176317dd"",""yes_price_dollars"":""0.9400""}"
KXETH15M-26APR281200-00,db35579b-ea13-5db7-6978-a5f214fc530f,1777391480,0.913,3.07,no,"{""count_fp"":""3.07"",""created_time"":""2026-04-28T15:51:20.750208Z"",""no_price_dollars"":""0.0870"",""taker_side"":""no"",""ticker"":""KXETH15M-26APR281200-00"",""trade_id"":""db35579b-ea13-5db7-6978-a5f214fc530f"",""yes_price_dollars"":""0.9130""}"
KXETH15M-26APR281200-00,3fdcc848-5e63-7c1c-0b20-d28e6820b911,1777391486,0.94,2.0,yes,"{""count_fp"":""2.00"",""created_time"":""2026-04-28T15:51:26.464705Z"",""no_price_dollars"":""0.0600"",""taker_side"":""yes"",""ticker"":""KXETH15M-26APR281200-00"",""trade_id"":""3fdcc848-5e63-7c1c-0b20-d28e6820b911"",""yes_price_dollars"":""0.9400""}"
KXETH15M-26APR281200-00,1084e470-d309-60d4-f9a3-237fa5dcfecc,1777391492,0.928,7.59,yes,"{""count_fp"":""7.59"",""created_time"":""2026-04-28T15:51:32.620935Z"",""no_price_dollars"":""0.0720"",""taker_side"":""yes"",""ticker"":""KXETH15M-26APR281200-00"",""trade_id"":""1084e470-d309-60d4-f9a3-237fa5dcfecc"",""yes_price_dollars"":""0.9280""}"
KXETH15M-26APR281200-00,24f6aec3-357b-4cf7-cee7-d3a25d9e13ff,1777391494,0.89,8.55,no,"{""count_fp"":""8.55"",""created_time"":""2026-04-28T15:51:34.401705Z"",""no_price_dollars"":""0.1100"",""taker_side"":""no"",""ticker"":""KXETH15M-26APR281200-00"",""trade_id"":""24f6aec3-357b-4cf7-cee7-d3a25d9e13ff"",""yes_price_dollars"":""0.8900""}"
KXETH15M-26APR281200-00,af48c510-6629-6cc8-038e-a525fe96aaac,1777391496,0.908,10.85,yes,"{""count_fp"":""10.85"",""created_time"":""2026-04-28T15:51:36.919249Z"",""no_price_dollars"":""0.0920"",""taker_side"":""yes"",""ticker"":""KXETH15M-26APR281200-00"",""trade_id"":""af48c510-6629-6cc8-038e-a525fe96aaac"",""yes_price_dollars"":""0.9080""}"
KXETH15M-26APR281200-00,64f90fdd-0029-4838-bb89-e59ffe70c288,1777391496,0.918,2.55,yes,"{""count_fp"":""2.55"",""created_time"":""2026-04-28T15:51:36.228368Z"",""no_price_dollars"":""0.0820"",""taker_side"":""yes"",""ticker"":""KXETH15M-26APR281200-00"",""trade_id"":""64f90fdd-0029-4838-bb89-e59ffe70c288"",""yes_price_dollars"":""0.9180""}"
KXETH15M-26APR281200-00,4a205715-230f-6b36-b247-46f433a2ddc1,1777391500,0.927,3.0,yes,"{""count_fp"":""3.00"",""created_time"":""2026-04-28T15:51:40.834234Z"",""no_price_dollars"":""0.0730"",""taker_side"":""yes"",""ticker"":""KXETH15M-26APR281200-00"",""trade_id"":""4a205715-230f-6b36-b247-46f433a2ddc1"",""yes_price_dollars"":""0.9270""}"
KXETH15M-26APR281200-00,3235042e-9bc2-6d02-8653-781194d44b3d,1777391500,0.918,15.0,yes,"{""count_fp"":""15.00"",""created_time"":""2026-04-28T15:51:40.834234Z"",""no_price_dollars"":""0.0820"",""taker_side"":""yes"",""ticker"":""KXETH15M-26APR281200-00"",""trade_id"":""3235042e-9bc2-6d02-8653-781194d44b3d"",""yes_price_dollars"":""0.9180""}"
KXETH15M-26APR281200-00,edef0ecd-21c7-45e9-9781-8755ab7121a9,1777391502,0.922,2.2,yes,"{""count_fp"":""2.20"",""created_time"":""2026-04-28T15:51:42.214223Z"",""no_price_dollars"":""0.0780"",""taker_side"":""yes"",""ticker"":""KXETH15M-26APR281200-00"",""trade_id"":""edef0ecd-21c7-45e9-9781-8755ab7121a9"",""yes_price_dollars"":""0.9220""}"
KXETH15M-26APR281200-00,4f9e9b98-baef-7c63-7bc7-3787794c345b,1777391503,0.88,2.0,no,"{""count_fp"":""2.00"",""created_time"":""2026-04-28T15:51:43.000882Z"",""no_price_dollars"":""0.1200"",""taker_side"":""no"",""ticker"":""KXETH15M-26APR281200-00"",""trade_id"":""4f9e9b98-baef-7c63-7bc7-3787794c345b"",""yes_price_dollars"":""0.8800""}"
KXETH15M-26APR281200-00,4d44918c-4bee-76bc-7fe4-a2f6e9d08b52,1777391503,0.89,10.0,no,"{""count_fp"":""10.00"",""created_time"":""2026-04-28T15:51:43.000882Z"",""no_price_dollars"":""0.1100"",""taker_side"":""no"",""ticker"":""KXETH15M-26APR281200-00"",""trade_id"":""4d44918c-4bee-76bc-7fe4-a2f6e9d08b52"",""yes_price_dollars"":""0.8900""}"
KXETH15M-26APR281200-00,3d4667ef-20bc-7ec0-44f6-947ea64b4816,1777391503,0.88,28.0,no,"{""count_fp"":""28.00"",""created_time"":""2026-04-28T15:51:43.000882Z"",""no_price_dollars"":""0.1200"",""taker_side"":""no"",""ticker"":""KXETH15M-26APR281200-00"",""trade_id"":""3d4667ef-20bc-7ec0-44f6-947ea64b4816"",""yes_price_dollars"":""0.8800""}"
KXETH15M-26APR281200-00,d0ef3d5f-a6b6-5b91-14b7-53b16ed90841,1777391508,0.89,4.5,no,"{""count_fp"":""4.50"",""created_time"":""2026-04-28T15:51:48.021662Z"",""no_price_dollars"":""0.1100"",""taker_side"":""no"",""ticker"":""KXETH15M-26APR281200-00"",""trade_id"":""d0ef3d5f-a6b6-5b91-14b7-53b16ed90841"",""yes_price_dollars"":""0.8900""}"
KXETH15M-26APR281200-00,397dbd68-2b9e-5198-01c3-589e68c9233e,1777391508,0.89,10.0,no,"{""count_fp"":""10.00"",""created_time"":""2026-04-28T15:51:48.021662Z"",""no_price_dollars"":""0.1100"",""taker_side"":""no"",""ticker"":""KXETH15M-26APR281200-00"",""trade_id"":""397dbd68-2b9e-5198-01c3-589e68c9233e"",""yes_price_dollars"":""0.8900""}"
KXETH15M-26APR281200-00,e5409d62-85d8-662a-ce37-efbc567681a7,1777391516,0.89,200.0,yes,"{""count_fp"":""200.00"",""created_time"":""2026-04-28T15:51:56.574268Z"",""no_price_dollars"":""0.1100"",""taker_side"":""yes"",""ticker"":""KXETH15M-26APR281200-00"",""trade_id"":""e5409d62-85d8-662a-ce37-efbc567681a7"",""yes_price_dollars"":""0.8900""}"
KXETH15M-26APR281200-00,5649bf81-b4d9-7c9c-5d2e-32debee0a274,1777391517,0.918,2.0,no,"{""count_fp"":""2.00"",""created_time"":""2026-04-28T15:51:57.174841Z"",""no_price_dollars"":""0.0820"",""taker_side"":""no"",""ticker"":""KXETH15M-26APR281200-00"",""trade_id"":""5649bf81-b4d9-7c9c-5d2e-32debee0a274"",""yes_price_dollars"":""0.9180""}"
KXETH15M-26APR281200-00,a8ff093d-d90e-7971-33ad-1f4df6092696,1777391522,0.902,7.7,no,"{""count_fp"":""7.70"",""created_time"":""2026-04-28T15:52:02.449095Z"",""no_price_dollars"":""0.0980"",""taker_side"":""no"",""ticker"":""KXETH15M-26APR281200-00"",""trade_id"":""a8ff093d-d90e-7971-33ad-1f4df6092696"",""yes_price_dollars"":""0.9020""}"
KXETH15M-26APR281200-00,673bdb73-e7fe-60a1-89dd-db49c54e10d6,1777391526,0.912,5.87,no,"{""count_fp"":""5.87"",""created_time"":""2026-04-28T15:52:06.668227Z"",""no_price_dollars"":""0.0880"",""taker_side"":""no"",""ticker"":""KXETH15M-26APR281200-00"",""trade_id"":""673bdb73-e7fe-60a1-89dd-db49c54e10d6"",""yes_price_dollars"":""0.9120""}"
KXETH15M-26APR281200-00,615dbb83-87e4-6074-8af0-7be55f40dc54,1777391526,0.913,10.0,no,"{""count_fp"":""10.00"",""created_time"":""2026-04-28T15:52:06.668227Z"",""no_price_dollars"":""0.0870"",""taker_side"":""no"",""ticker"":""KXETH15M-26APR281200-00"",""trade_id"":""615dbb83-87e4-6074-8af0-7be55f40dc54"",""yes_price_dollars"":""0.9130""}"
KXETH15M-26APR281200-00,74c51648-f384-4ba3-a1a3-96749bb0f1ae,1777391531,0.94,1.81,yes,"{""count_fp"":""1.81"",""created_time"":""2026-04-28T15:52:11.170092Z"",""no_price_dollars"":""0.0600"",""taker_side"":""yes"",""ticker"":""KXETH15M-26APR281200-00"",""trade_id"":""74c51648-f384-4ba3-a1a3-96749bb0f1ae"",""yes_price_dollars"":""0.9400""}"
KXETH15M-26APR281200-00,2f402be1-dd63-4a04-bc36-0f983f16cea9,1777391531,0.94,0.26,yes,"{""count_fp"":""0.26"",""created_time"":""2026-04-28T15:52:11.170092Z"",""no_price_dollars"":""0.0600"",""taker_side"":""yes"",""ticker"":""KXETH15M-26APR281200-00"",""trade_id"":""2f402be1-dd63-4a04-bc36-0f983f16cea9"",""yes_price_dollars"":""0.9400""}"
KXETH15M-26APR281200-00,19a83b58-03e4-4b37-8866-ac1f2d0bea86,1777391531,0.94,1.0,yes,"{""count_fp"":""1.00"",""created_time"":""2026-04-28T15:52:11.170092Z"",""no_price_dollars"":""0.0600"",""taker_side"":""yes"",""ticker"":""KXETH15M-26APR281200-00"",""trade_id"":""19a83b58-03e4-4b37-8866-ac1f2d0bea86"",""yes_price_dollars"":""0.9400""}"
KXETH15M-26APR281200-00,3beb289f-af30-64d6-7f0c-26b4ccc321af,1777391531,0.923,10.68,no,"{""count_fp"":""10.68"",""created_time"":""2026-04-28T15:52:11.145728Z"",""no_price_dollars"":""0.0770"",""taker_side"":""no"",""ticker"":""KXETH15M-26APR281200-00"",""trade_id"":""3beb289f-af30-64d6-7f0c-26b4ccc321af"",""yes_price_dollars"":""0.9230""}"
KXETH15M-26APR281200-00,8a0fc36d-190d-5c5a-0825-9f396975bdd8,1777391533,0.94,0.81,yes,"{""count_fp"":""0.81"",""created_time"":""2026-04-28T15:52:13.827346Z"",""no_price_dollars"":""0.0600"",""taker_side"":""yes"",""ticker"":""KXETH15M-26APR281200-00"",""trade_id"":""8a0fc36d-190d-5c5a-0825-9f396975bdd8"",""yes_price_dollars"":""0.9400""}"
KXETH15M-26APR281200-00,27206c4b-aeb0-5e13-335c-d49093a7f19a,1777391533,0.94,0.19,yes,"{""count_fp"":""0.19"",""created_time"":""2026-04-28T15:52:13.827346Z"",""no_price_dollars"":""0.0600"",""taker_side"":""yes"",""ticker"":""KXETH15M-26APR281200-00"",""trade_id"":""27206c4b-aeb0-5e13-335c-d49093a7f19a"",""yes_price_dollars"":""0.9400""}"
KXETH15M-26APR281200-00,5b2f0575-4ec8-55f7-8307-1a9753ac02be,1777391533,0.94,1.0,yes,"{""count_fp"":""1.00"",""created_time"":""2026-04-28T15:52:13.669935Z"",""no_price_dollars"":""0.0600"",""taker_side"":""yes"",""ticker"":""KXETH15M-26APR281200-00"",""trade_id"":""5b2f0575-4ec8-55f7-8307-1a9753ac02be"",""yes_price_dollars"":""0.9400""}"
KXETH15M-26APR281200-00,edf4674b-4215-463b-0edf-ea5b3ba84d37,1777391535,0.94,15.0,yes,"{""count_fp"":""15.00"",""created_time"":""2026-04-28T15:52:15.669978Z"",""no_price_dollars"":""0.0600"",""taker_side"":""yes"",""ticker"":""KXETH15M-26APR281200-00"",""trade_id"":""edf4674b-4215-463b-0edf-ea5b3ba84d37"",""yes_price_dollars"":""0.9400""}"
KXETH15M-26APR281200-00,6c932848-4eb3-410f-31fe-9795cf4c8437,1777391535,0.94,1.0,yes,"{""count_fp"":""1.00"",""created_time"":""2026-04-28T15:52:15.669978Z"",""no_price_dollars"":""0.0600"",""taker_side"":""yes"",""ticker"":""KXETH15M-26APR281200-00"",""trade_id"":""6c932848-4eb3-410f-31fe-9795cf4c8437"",""yes_price_dollars"":""0.9400""}"
KXETH15M-26APR281200-00,4d926f71-22c4-4e58-26a0-6d207e260374,1777391535,0.946,55.86,yes,"{""count_fp"":""55.86"",""created_time"":""2026-04-28T15:52:15.669978Z"",""no_price_dollars"":""0.0540"",""taker_side"":""yes"",""ticker"":""KXETH15M-26APR281200-00"",""trade_id"":""4d926f71-22c4-4e58-26a0-6d207e260374"",""yes_price_dollars"":""0.9460""}"
KXETH15M-26APR281200-00,00659019-72a9-428e-23b0-bf6c08867fe8,1777391535,0.94,11.19,yes,"{""count_fp"":""11.19"",""created_time"":""2026-04-28T15:52:15.669978Z"",""no_price_dollars"":""0.0600"",""taker_side"":""yes"",""ticker"":""KXETH15M-26APR281200-00"",""trade_id"":""00659019-72a9-428e-23b0-bf6c08867fe8"",""yes_price_dollars"":""0.9400""}"
KXETH15M-26APR281200-00,085d924f-2af5-7a66-d26b-ececf1b3b753,1777391540,0.932,4.0,yes,"{""count_fp"":""4.00"",""created_time"":""2026-04-28T15:52:20.602815Z"",""no_price_dollars"":""0.0680"",""taker_side"":""yes"",""ticker"":""KXETH15M-26APR281200-00"",""trade_id"":""085d924f-2af5-7a66-d26b-ececf1b3b753"",""yes_price_dollars"":""0.9320""}"
KXETH15M-26APR281200-00,35f88391-663a-673f-5ee5-51dcdbd3b3af,1777391540,0.94,1.0,no,"{""count_fp"":""1.00"",""created_time"":""2026-04-28T15:52:20.241592Z"",""no_price_dollars"":""0.0600"",""taker_side"":""no"",""ticker"":""KXETH15M-26APR281200-00"",""trade_id"":""35f88391-663a-673f-5ee5-51dcdbd3b3af"",""yes_price_dollars"":""0.9400""}"
KXETH15M-26APR281200-00,dfc99504-0a19-67e1-d323-251ce6fc296e,1777391541,0.926,2.0,yes,"{""count_fp"":""2.00"",""created_time"":""2026-04-28T15:52:21.259999Z"",""no_price_dollars"":""0.0740"",""taker_side"":""yes"",""ticker"":""KXETH15M-26APR281200-00"",""trade_id"":""dfc99504-0a19-67e1-d323-251ce6fc296e"",""yes_price_dollars"":""0.9260""}"
KXETH15M-26APR281200-00,b376b557-c9c2-6af9-31a5-3c66ce9eb8d6,1777391544,0.922,41.32,no,"{""count_fp"":""41.32"",""created_time"":""2026-04-28T15:52:24.606511Z"",""no_price_dollars"":""0.0780"",""taker_side"":""no"",""ticker"":""KXETH15M-26APR281200-00"",""trade_id"":""b376b557-c9c2-6af9-31a5-3c66ce9eb8d6"",""yes_price_dollars"":""0.9220""}"
KXETH15M-26APR281200-00,9456401e-2b0f-665c-201f-0bed1cd89198,1777391544,0.923,44.0,no,"{""count_fp"":""44.00"",""created_time"":""2026-04-28T15:52:24.606511Z"",""no_price_dollars"":""0.0770"",""taker_side"":""no"",""ticker"":""KXETH15M-26APR281200-00"",""trade_id"":""9456401e-2b0f-665c-201f-0bed1cd89198"",""yes_price_dollars"":""0.9230""}"
KXETH15M-26APR281200-00,51cc11da-19b0-47de-c3da-82bad403ba46,1777391547,0.926,11.0,no,"{""count_fp"":""11.00"",""created_time"":""2026-04-28T15:52:27.228933Z"",""no_price_dollars"":""0.0740"",""taker_side"":""no"",""ticker"":""KXETH15M-26APR281200-00"",""trade_id"":""51cc11da-19b0-47de-c3da-82bad403ba46"",""yes_price_dollars"":""0.9260""}"
KXETH15M-26APR281200-00,454241cd-a846-4c51-fa6b-0cc537b6c1a7,1777391547,0.929,10.0,no,"{""count_fp"":""10.00"",""created_time"":""2026-04-28T15:52:27.228933Z"",""no_price_dollars"":""0.0710"",""taker_side"":""no"",""ticker"":""KXETH15M-26APR281200-00"",""trade_id"":""454241cd-a846-4c51-fa6b-0cc537b6c1a7"",""yes_price_dollars"":""0.9290""}"
KXETH15M-26APR281200-00,118a20c7-1132-46ad-fc32-4e309d49522e,1777391547,0.932,100.0,no,"{""count_fp"":""100.00"",""created_time"":""2026-04-28T15:52:27.228933Z"",""no_price_dollars"":""0.0680"",""taker_side"":""no"",""ticker"":""KXETH15M-26APR281200-00"",""trade_id"":""118a20c7-1132-46ad-fc32-4e309d49522e"",""yes_price_dollars"":""0.9320""}"
KXETH15M-26APR281200-00,8500a916-3189-5153-bda4-41bf5f0de02b,1777391548,0.94,4.0,yes,"{""count_fp"":""4.00"",""created_time"":""2026-04-28T15:52:28.372312Z"",""no_price_dollars"":""0.0600"",""taker_side"":""yes"",""ticker"":""KXETH15M-26APR281200-00"",""trade_id"":""8500a916-3189-5153-bda4-41bf5f0de02b"",""yes_price_dollars"":""0.9400""}"
KXETH15M-26APR281200-00,49a98987-8fb6-5ca1-a71c-1ee24083fb11,1777391548,0.95,1.0,yes,"{""count_fp"":""1.00"",""created_time"":""2026-04-28T15:52:28.372312Z"",""no_price_dollars"":""0.0500"",""taker_side"":""yes"",""ticker"":""KXETH15M-26APR281200-00"",""trade_id"":""49a98987-8fb6-5ca1-a71c-1ee24083fb11"",""yes_price_dollars"":""0.9500""}"
KXETH15M-26APR281200-00,2fdc5d35-bb8d-5619-9f7a-82732866b830,1777391548,0.95,3.0,yes,"{""count_fp"":""3.00"",""created_time"":""2026-04-28T15:52:28.372312Z"",""no_price_dollars"":""0.0500"",""taker_side"":""yes"",""ticker"":""KXETH15M-26APR281200-00"",""trade_id"":""2fdc5d35-bb8d-5619-9f7a-82732866b830"",""yes_price_dollars"":""0.9500""}"
KXETH15M-26APR281200-00,1e33cd65-e927-5075-80d7-e908fa1e8134,1777391548,0.95,18.0,yes,"{""count_fp"":""18.00"",""created_time"":""2026-04-28T15:52:28.372312Z"",""no_price_dollars"":""0.0500"",""taker_side"":""yes"",""ticker"":""KXETH15M-26APR281200-00"",""trade_id"":""1e33cd65-e927-5075-80d7-e908fa1e8134"",""yes_price_dollars"":""0.9500""}"
KXETH15M-26APR281200-00,34f01ea9-9618-44ae-aea9-7493e9e60340,1777391556,0.922,10.0,no,"{""count_fp"":""10.00"",""created_time"":""2026-04-28T15:52:36.871015Z"",""no_price_dollars"":""0.0780"",""taker_side"":""no"",""ticker"":""KXETH15M-26APR281200-00"",""trade_id"":""34f01ea9-9618-44ae-aea9-7493e9e60340"",""yes_price_dollars"":""0.9220""}"
KXETH15M-26APR281200-00,061b41fc-6d84-7cbe-d3e0-63606b8bf28c,1777391560,0.932,68.88,no,"{""count_fp"":""68.88"",""created_time"":""2026-04-28T15:52:40.816529Z"",""no_price_dollars"":""0.0680"",""taker_side"":""no"",""ticker"":""KXETH15M-26APR281200-00"",""trade_id"":""061b41fc-6d84-7cbe-d3e0-63606b8bf28c"",""yes_price_dollars"":""0.9320""}"
KXETH15M-26APR281200-00,eb0c1a93-adf8-7242-fa67-a2f8daaa0b68,1777391570,0.932,2.76,no,"{""count_fp"":""2.76"",""created_time"":""2026-04-28T15:52:50.672253Z"",""no_price_dollars"":""0.0680"",""taker_side"":""no"",""ticker"":""KXETH15M-26APR281200-00"",""trade_id"":""eb0c1a93-adf8-7242-fa67-a2f8daaa0b68"",""yes_price_dollars"":""0.9320""}"
KXETH15M-26APR281200-00,6bdd867c-f58f-5189-c047-866b632478b0,1777391571,0.95,2.0,yes,"{""count_fp"":""2.00"",""created_time"":""2026-04-28T15:52:51.546051Z"",""no_price_dollars"":""0.0500"",""taker_side"":""yes"",""ticker"":""KXETH15M-26APR281200-00"",""trade_id"":""6bdd867c-f58f-5189-c047-866b632478b0"",""yes_price_dollars"":""0.9500""}"
KXETH15M-26APR281200-00,08fc90f1-edc9-72fc-ba7c-2a12c025f35a,1777391577,0.959,200.0,yes,"{""count_fp"":""200.00"",""created_time"":""2026-04-28T15:52:57.528858Z"",""no_price_dollars"":""0.0410"",""taker_side"":""yes"",""ticker"":""KXETH15M-26APR281200-00"",""trade_id"":""08fc90f1-edc9-72fc-ba7c-2a12c025f35a"",""yes_price_dollars"":""0.9590""}"
KXETH15M-26APR281200-00,c60bc54f-cfc5-45a8-a9c9-4a7f1d4ce782,1777391577,0.959,200.0,yes,"{""count_fp"":""200.00"",""created_time"":""2026-04-28T15:52:57.341259Z"",""no_price_dollars"":""0.0410"",""taker_side"":""yes"",""ticker"":""KXETH15M-26APR281200-00"",""trade_id"":""c60bc54f-cfc5-45a8-a9c9-4a7f1d4ce782"",""yes_price_dollars"":""0.9590""}"
KXETH15M-26APR281200-00,3688d373-a091-6438-d4b0-6a20c3208662,1777391582,0.96,1.0,yes,"{""count_fp"":""1.00"",""created_time"":""2026-04-28T15:53:02.075624Z"",""no_price_dollars"":""0.0400"",""taker_side"":""yes"",""ticker"":""KXETH15M-26APR281200-00"",""trade_id"":""3688d373-a091-6438-d4b0-6a20c3208662"",""yes_price_dollars"":""0.9600""}"
KXETH15M-26APR281200-00,2e3cec6b-6ed4-6faf-ec6a-a412dc85e069,1777391582,0.966,1.21,yes,"{""count_fp"":""1.21"",""created_time"":""2026-04-28T15:53:02.075624Z"",""no_price_dollars"":""0.0340"",""taker_side"":""yes"",""ticker"":""KXETH15M-26APR281200-00"",""trade_id"":""2e3cec6b-6ed4-6faf-ec6a-a412dc85e069"",""yes_price_dollars"":""0.9660""}"
KXETH15M-26APR281200-00,29e58525-ef8f-67a2-d554-056fb275a215,1777391582,0.96,1.0,yes,"{""count_fp"":""1.00"",""created_time"":""2026-04-28T15:53:02.075624Z"",""no_price_dollars"":""0.0400"",""taker_side"":""yes"",""ticker"":""KXETH15M-26APR281200-00"",""trade_id"":""29e58525-ef8f-67a2-d554-056fb275a215"",""yes_price_dollars"":""0.9600""}"
KXETH15M-26APR281200-00,489522ba-b651-5400-ab6a-22a6d4517b9c,1777391584,0.96,20.62,yes,"{""count_fp"":""20.62"",""created_time"":""2026-04-28T15:53:04.185986Z"",""no_price_dollars"":""0.0400"",""taker_side"":""yes"",""ticker"":""KXETH15M-26APR281200-00"",""trade_id"":""489522ba-b651-5400-ab6a-22a6d4517b9c"",""yes_price_dollars"":""0.9600""}"
KXETH15M-26APR281200-00,47650cf1-6801-4c0c-4ed1-46c62b64d5cc,1777391585,0.96,2.0,yes,"{""count_fp"":""2.00"",""created_time"":""2026-04-28T15:53:05.338978Z"",""no_price_dollars"":""0.0400"",""taker_side"":""yes"",""ticker"":""KXETH15M-26APR281200-00"",""trade_id"":""47650cf1-6801-4c0c-4ed1-46c62b64d5cc"",""yes_price_dollars"":""0.9600""}"
KXETH15M-26APR281200-00,867ba2a9-2ece-54e0-a52b-2949751c417f,1777391593,0.95,4.0,no,"{""count_fp"":""4.00"",""created_time"":""2026-04-28T15:53:13.507984Z"",""no_price_dollars"":""0.0500"",""taker_side"":""no"",""ticker"":""KXETH15M-26APR281200-00"",""trade_id"":""867ba2a9-2ece-54e0-a52b-2949751c417f"",""yes_price_dollars"":""0.9500""}"
KXETH15M-26APR281200-00,1e3c467f-dc01-57ce-a4ac-c2b0172664bb,1777391593,0.95,1.0,no,"{""count_fp"":""1.00"",""created_time"":""2026-04-28T15:53:13.507984Z"",""no_price_dollars"":""0.0500"",""taker_side"":""no"",""ticker"":""KXETH15M-26APR281200-00"",""trade_id"":""1e3c467f-dc01-57ce-a4ac-c2b0172664bb"",""yes_price_dollars"":""0.9500""}"
KXETH15M-26APR281200-00,84927150-c9d5-5dfc-0334-b7c3ab41a787,1777391594,0.95,7.0,no,"{""count_fp"":""7.00"",""created_time"":""2026-04-28T15:53:14.773988Z"",""no_price_dollars"":""0.0500"",""taker_side"":""no"",""ticker"":""KXETH15M-26APR281200-00"",""trade_id"":""84927150-c9d5-5dfc-0334-b7c3ab41a787"",""yes_price_dollars"":""0.9500""}"
KXETH15M-26APR281200-00,4c6e3eca-e660-596a-1ddf-92265edb5cb4,1777391594,0.942,3.75,no,"{""count_fp"":""3.75"",""created_time"":""2026-04-28T15:53:14.773988Z"",""no_price_dollars"":""0.0580"",""taker_side"":""no"",""ticker"":""KXETH15M-26APR281200-00"",""trade_id"":""4c6e3eca-e660-596a-1ddf-92265edb5cb4"",""yes_price_dollars"":""0.9420""}"
KXETH15M-26APR281200-00,41135f0f-6f2a-5d18-2bd3-c499bbf6fcef,1777391594,0.95,26.0,no,"{""count_fp"":""26.00"",""created_time"":""2026-04-28T15:53:14.773988Z"",""no_price_dollars"":""0.0500"",""taker_side"":""no"",""ticker"":""KXETH15M-26APR281200-00"",""trade_id"":""41135f0f-6f2a-5d18-2bd3-c499bbf6fcef"",""yes_price_dollars"":""0.9500""}"
KXETH15M-26APR281200-00,83ccd9d3-9e7c-5992-3df1-922906e083e4,1777391601,0.932,5.0,no,"{""count_fp"":""5.00"",""created_time"":""2026-04-28T15:53:21.990659Z"",""no_price_dollars"":""0.0680"",""taker_side"":""no"",""ticker"":""KXETH15M-26APR281200-00"",""trade_id"":""83ccd9d3-9e7c-5992-3df1-922906e083e4"",""yes_price_dollars"":""0.9320""}"
KXETH15M-26APR281200-00,7b68c03a-1148-68f2-39c9-50cca3910520,1777391611,0.942,71.0,no,"{""count_fp"":""71.00"",""created_time"":""2026-04-28T15:53:31.308573Z"",""no_price_dollars"":""0.0580"",""taker_side"":""no"",""ticker"":""KXETH15M-26APR281200-00"",""trade_id"":""7b68c03a-1148-68f2-39c9-50cca3910520"",""yes_price_dollars"":""0.9420""}"
KXETH15M-26APR281200-00,4a66a504-99fb-60d9-0608-1bed890c136c,1777391630,0.932,13.56,no,"{""count_fp"":""13.56"",""created_time"":""2026-04-28T15:53:50.018371Z"",""no_price_dollars"":""0.0680"",""taker_side"":""no"",""ticker"":""KXETH15M-26APR281200-00"",""trade_id"":""4a66a504-99fb-60d9-0608-1bed890c136c"",""yes_price_dollars"":""0.9320""}"
KXETH15M-26APR281200-00,419fd15e-3483-7e8d-2bd0-7cca8f8db988,1777391636,0.942,80.71,no,"{""count_fp"":""80.71"",""created_time"":""2026-04-28T15:53:56.696814Z"",""no_price_dollars"":""0.0580"",""taker_side"":""no"",""ticker"":""KXETH15M-26APR281200-00"",""trade_id"":""419fd15e-3483-7e8d-2bd0-7cca8f8db988"",""yes_price_dollars"":""0.9420""}"
KXETH15M-26APR281200-00,a35a72d0-4bf7-45ad-708d-6d24017c4dec,1777391637,0.942,16.01,no,"{""count_fp"":""16.01"",""created_time"":""2026-04-28T15:53:57.481342Z"",""no_price_dollars"":""0.0580"",""taker_side"":""no"",""ticker"":""KXETH15M-26APR281200-00"",""trade_id"":""a35a72d0-4bf7-45ad-708d-6d24017c4dec"",""yes_price_dollars"":""0.9420""}"
KXETH15M-26APR281200-00,b71d7fdd-05c0-7d28-5f01-9dcac20901be,1777391642,0.97,1.0,yes,"{""count_fp"":""1.00"",""created_time"":""2026-04-28T15:54:02.484196Z"",""no_price_dollars"":""0.0300"",""taker_side"":""yes"",""ticker"":""KXETH15M-26APR281200-00"",""trade_id"":""b71d7fdd-05c0-7d28-5f01-9dcac20901be"",""yes_price_dollars"":""0.9700""}"
KXETH15M-26APR281200-00,5e9d718e-c8de-7268-5e98-5881593598bc,1777391642,0.97,1.0,yes,"{""count_fp"":""1.00"",""created_time"":""2026-04-28T15:54:02.484196Z"",""no_price_dollars"":""0.0300"",""taker_side"":""yes"",""ticker"":""KXETH15M-26APR281200-00"",""trade_id"":""5e9d718e-c8de-7268-5e98-5881593598bc"",""yes_price_dollars"":""0.9700""}"
KXETH15M-26APR281200-00,67de2659-64ed-430e-6b20-9df3076a8ea9,1777391642,0.967,0.98,yes,"{""count_fp"":""0.98"",""created_time"":""2026-04-28T15:54:02.413777Z"",""no_price_dollars"":""0.0330"",""taker_side"":""yes"",""ticker"":""KXETH15M-26APR281200-00"",""trade_id"":""67de2659-64ed-430e-6b20-9df3076a8ea9"",""yes_price_dollars"":""0.9670""}"
KXETH15M-26APR281200-00,923c937b-73ed-532c-9512-11b015ac8008,1777391667,0.978,5.0,yes,"{""count_fp"":""5.00"",""created_time"":""2026-04-28T15:54:27.466414Z"",""no_price_dollars"":""0.0220"",""taker_side"":""yes"",""ticker"":""KXETH15M-26APR281200-00"",""trade_id"":""923c937b-73ed-532c-9512-11b015ac8008"",""yes_price_dollars"":""0.9780""}"
KXETH15M-26APR281200-00,c17b4603-6f96-5d6b-3d66-c579dc95512c,1777391670,0.977,38.0,yes,"{""count_fp"":""38.00"",""created_time"":""2026-04-28T15:54:30.665796Z"",""no_price_dollars"":""0.0230"",""taker_side"":""yes"",""ticker"":""KXETH15M-26APR281200-00"",""trade_id"":""c17b4603-6f96-5d6b-3d66-c579dc95512c"",""yes_price_dollars"":""0.9770""}"
KXETH15M-26APR281200-00,2b6902e2-793c-50eb-20b6-dbf85c189e21,1777391670,0.977,10.0,yes,"{""count_fp"":""10.00"",""created_time"":""2026-04-28T15:54:30.665796Z"",""no_price_dollars"":""0.0230"",""taker_side"":""yes"",""ticker"":""KXETH15M-26APR281200-00"",""trade_id"":""2b6902e2-793c-50eb-20b6-dbf85c189e21"",""yes_price_dollars"":""0.9770""}"
KXETH15M-26APR281200-00,df33b261-80a9-77c2-661b-29e4ab71bc04,1777391684,0.973,41.74,no,"{""count_fp"":""41.74"",""created_time"":""2026-04-28T15:54:44.733141Z"",""no_price_dollars"":""0.0270"",""taker_side"":""no"",""ticker"":""KXETH15M-26APR281200-00"",""trade_id"":""df33b261-80a9-77c2-661b-29e4ab71bc04"",""yes_price_dollars"":""0.9730""}"
KXETH15M-26APR281200-00,b85ff2af-9285-74ac-6614-d6d6cdaa90a4,1777391691,0.978,10.0,yes,"{""count_fp"":""10.00"",""created_time"":""2026-04-28T15:54:51.833332Z"",""no_price_dollars"":""0.0220"",""taker_side"":""yes"",""ticker"":""KXETH15M-26APR281200-00"",""trade_id"":""b85ff2af-9285-74ac-6614-d6d6cdaa90a4"",""yes_price_dollars"":""0.9780""}"
KXETH15M-26APR281200-00,73ec78ee-b4a8-5490-3e0c-79cb9733963c,1777391694,0.979,10.0,yes,"{""count_fp"":""10.00"",""created_time"":""2026-04-28T15:54:54.863233Z"",""no_price_dollars"":""0.0210"",""taker_side"":""yes"",""ticker"":""KXETH15M-26APR281200-00"",""trade_id"":""73ec78ee-b4a8-5490-3e0c-79cb9733963c"",""yes_price_dollars"":""0.9790""}"
KXETH15M-26APR281200-00,1526bdd0-5388-7d54-d0cb-e3c9d4555b4c,1777391695,0.979,10.0,yes,"{""count_fp"":""10.00"",""created_time"":""2026-04-28T15:54:55.998365Z"",""no_price_dollars"":""0.0210"",""taker_side"":""yes"",""ticker"":""KXETH15M-26APR281200-00"",""trade_id"":""1526bdd0-5388-7d54-d0cb-e3c9d4555b4c"",""yes_price_dollars"":""0.9790""}"
KXETH15M-26APR281200-00,33356286-5f54-6420-9196-f1532a75e670,1777391699,0.979,10.0,yes,"{""count_fp"":""10.00"",""created_time"":""2026-04-28T15:54:59.256401Z"",""no_price_dollars"":""0.0210"",""taker_side"":""yes"",""ticker"":""KXETH15M-26APR281200-00"",""trade_id"":""33356286-5f54-6420-9196-f1532a75e670"",""yes_price_dollars"":""0.9790""}"
KXETH15M-26APR281200-00,1baa5a3f-9e46-5b92-e165-c9820f142daf,1777391700,0.976,1.0,no,"{""count_fp"":""1.00"",""created_time"":""2026-04-28T15:55:00.281788Z"",""no_price_dollars"":""0.0240"",""taker_side"":""no"",""ticker"":""KXETH15M-26APR281200-00"",""trade_id"":""1baa5a3f-9e46-5b92-e165-c9820f142daf"",""yes_price_dollars"":""0.9760""}"
KXETH15M-26APR281200-00,1670ad28-cfe4-4620-79dc-944f8f99c884,1777391702,0.979,10.18,yes,"{""count_fp"":""10.18"",""created_time"":""2026-04-28T15:55:02.538405Z"",""no_price_dollars"":""0.0210"",""taker_side"":""yes"",""ticker"":""KXETH15M-26APR281200-00"",""trade_id"":""1670ad28-cfe4-4620-79dc-944f8f99c884"",""yes_price_dollars"":""0.9790""}"
KXETH15M-26APR281200-00,88a83286-5fdc-70ac-16cc-9034dd7dda00,1777391703,0.979,1.0,yes,"{""count_fp"":""1.00"",""created_time"":""2026-04-28T15:55:03.217965Z"",""no_price_dollars"":""0.0210"",""taker_side"":""yes"",""ticker"":""KXETH15M-26APR281200-00"",""trade_id"":""88a83286-5fdc-70ac-16cc-9034dd7dda00"",""yes_price_dollars"":""0.9790""}"
KXETH15M-26APR281200-00,e9cfdc54-d5f8-4680-b5cf-b4dd6ef42300,1777391704,0.979,1.0,yes,"{""count_fp"":""1.00"",""created_time"":""2026-04-28T15:55:04.187558Z"",""no_price_dollars"":""0.0210"",""taker_side"":""yes"",""ticker"":""KXETH15M-26APR281200-00"",""trade_id"":""e9cfdc54-d5f8-4680-b5cf-b4dd6ef42300"",""yes_price_dollars"":""0.9790""}"
KXETH15M-26APR281200-00,c370f363-baf9-653c-53ab-cccf455e875b,1777391706,0.972,29.38,no,"{""count_fp"":""29.38"",""created_time"":""2026-04-28T15:55:06.900638Z"",""no_price_dollars"":""0.0280"",""taker_side"":""no"",""ticker"":""KXETH15M-26APR281200-00"",""trade_id"":""c370f363-baf9-653c-53ab-cccf455e875b"",""yes_price_dollars"":""0.9720""}"
KXETH15M-26APR281200-00,0f482029-8189-63df-6038-cfb2c8845c77,1777391706,0.978,3.0,no,"{""count_fp"":""3.00"",""created_time"":""2026-04-28T15:55:06.900638Z"",""no_price_dollars"":""0.0220"",""taker_side"":""no"",""ticker"":""KXETH15M-26APR281200-00"",""trade_id"":""0f482029-8189-63df-6038-cfb2c8845c77"",""yes_price_dollars"":""0.9780""}"
KXETH15M-26APR281200-00,054123e8-a45e-792c-e95b-bc246ca51e19,1777391707,0.974,2.55,no,"{""count_fp"":""2.55"",""created_time"":""2026-04-28T15:55:07.060515Z"",""no_price_dollars"":""0.0260"",""taker_side"":""no"",""ticker"":""KXETH15M-26APR281200-00"",""trade_id"":""054123e8-a45e-792c-e95b-bc246ca51e19"",""yes_price_dollars"":""0.9740""}"
KXETH15M-26APR281200-00,86c2336a-5e69-55bc-dc57-c178d2d333db,1777391707,0.972,3.29,no,"{""count_fp"":""3.29"",""created_time"":""2026-04-28T15:55:07.001299Z"",""no_price_dollars"":""0.0280"",""taker_side"":""no"",""ticker"":""KXETH15M-26APR281200-00"",""trade_id"":""86c2336a-5e69-55bc-dc57-c178d2d333db"",""yes_price_dollars"":""0.9720""}"
KXETH15M-26APR281200-00,f81cfba0-1f41-5bd0-d385-0ea5d85b2b5e,1777391710,0.989,32.18,yes,"{""count_fp"":""32.18"",""created_time"":""2026-04-28T15:55:10.529974Z"",""no_price_dollars"":""0.0110"",""taker_side"":""yes"",""ticker"":""KXETH15M-26APR281200-00"",""trade_id"":""f81cfba0-1f41-5bd0-d385-0ea5d85b2b5e"",""yes_price_dollars"":""0.9890""}"
KXETH15M-26APR281200-00,adf5f5b1-ec94-5489-e513-ce91ded5f13b,1777391710,0.979,1.0,yes,"{""count_fp"":""1.00"",""created_time"":""2026-04-28T15:55:10.529974Z"",""no_price_dollars"":""0.0210"",""taker_side"":""yes"",""ticker"":""KXETH15M-26APR281200-00"",""trade_id"":""adf5f5b1-ec94-5489-e513-ce91ded5f13b"",""yes_price_dollars"":""0.9790""}"
KXETH15M-26APR281200-00,aa6b66bd-5c02-57de-d607-d70ed99684ae,1777391710,0.985,1.0,yes,"{""count_fp"":""1.00"",""created_time"":""2026-04-28T15:55:10.529974Z"",""no_price_dollars"":""0.0150"",""taker_side"":""yes"",""ticker"":""KXETH15M-26APR281200-00"",""trade_id"":""aa6b66bd-5c02-57de-d607-d70ed99684ae"",""yes_price_dollars"":""0.9850""}"
KXETH15M-26APR281200-00,a95aeae6-1099-5d4d-dc61-3f19a6e379d1,1777391710,0.98,1.0,yes,"{""count_fp"":""1.00"",""created_time"":""2026-04-28T15:55:10.529974Z"",""no_price_dollars"":""0.0200"",""taker_side"":""yes"",""ticker"":""KXETH15M-26APR281200-00"",""trade_id"":""a95aeae6-1099-5d4d-dc61-3f19a6e379d1"",""yes_price_dollars"":""0.9800""}"
KXETH15M-26APR281200-00,6bb21f2b-9ad9-52c5-f04f-de4514f01c8d,1777391710,0.987,1.0,yes,"{""count_fp"":""1.00"",""created_time"":""2026-04-28T15:55:10.529974Z"",""no_price_dollars"":""0.0130"",""taker_side"":""yes"",""ticker"":""KXETH15M-26APR281200-00"",""trade_id"":""6bb21f2b-9ad9-52c5-f04f-de4514f01c8d"",""yes_price_dollars"":""0.9870""}"
KXETH15M-26APR281200-00,583654c6-b869-5ef0-c473-56602ae51e08,1777391710,0.986,1.0,yes,"{""count_fp"":""1.00"",""created_time"":""2026-04-28T15:55:10.529974Z"",""no_price_dollars"":""0.0140"",""taker_side"":""yes"",""ticker"":""KXETH15M-26APR281200-00"",""trade_id"":""583654c6-b869-5ef0-c473-56602ae51e08"",""yes_price_dollars"":""0.9860""}"
KXETH15M-26APR281200-00,53b09fc3-6ea6-5055-e108-4b94cbdcc339,1777391710,0.98,1.0,yes,"{""count_fp"":""1.00"",""created_time"":""2026-04-28T15:55:10.529974Z"",""no_price_dollars"":""0.0200"",""taker_side"":""yes"",""ticker"":""KXETH15M-26APR281200-00"",""trade_id"":""53b09fc3-6ea6-5055-e108-4b94cbdcc339"",""yes_price_dollars"":""0.9800""}"
KXETH15M-26APR281200-00,52619eab-6d2e-5953-de2f-a8f665490e4f,1777391710,0.982,1.0,yes,"{""count_fp"":""1.00"",""created_time"":""2026-04-28T15:55:10.529974Z"",""no_price_dollars"":""0.0180"",""taker_side"":""yes"",""ticker"":""KXETH15M-26APR281200-00"",""trade_id"":""52619eab-6d2e-5953-de2f-a8f665490e4f"",""yes_price_dollars"":""0.9820""}"
