ticker,trade_id,ts,yes_price,count,taker_side,raw_json
KXETH15M-26APR271930-30,f46e3de4-b63e-4669-d03b-5d6cbf80c442,1777331709,0.47,7.0,no,"{""count_fp"":""7.00"",""created_time"":""2026-04-27T23:15:09.835759Z"",""no_price_dollars"":""0.5300"",""taker_side"":""no"",""ticker"":""KXETH15M-26APR271930-30"",""trade_id"":""f46e3de4-b63e-4669-d03b-5d6cbf80c442"",""yes_price_dollars"":""0.4700""}"
KXETH15M-26APR271930-30,b9007638-c95a-769d-ef40-cd89cec16425,1777331710,0.57,57.0,yes,"{""count_fp"":""57.00"",""created_time"":""2026-04-27T23:15:10.968784Z"",""no_price_dollars"":""0.4300"",""taker_side"":""yes"",""ticker"":""KXETH15M-26APR271930-30"",""trade_id"":""b9007638-c95a-769d-ef40-cd89cec16425"",""yes_price_dollars"":""0.5700""}"
KXETH15M-26APR271930-30,e32972db-7f99-7b9a-8b98-7313b4727f0e,1777331716,0.58,22.88,no,"{""count_fp"":""22.88"",""created_time"":""2026-04-27T23:15:16.478468Z"",""no_price_dollars"":""0.4200"",""taker_side"":""no"",""ticker"":""KXETH15M-26APR271930-30"",""trade_id"":""e32972db-7f99-7b9a-8b98-7313b4727f0e"",""yes_price_dollars"":""0.5800""}"
KXETH15M-26APR271930-30,fd858901-b691-7e5a-9268-e95f9b6de42a,1777331716,0.58,5.0,no,"{""count_fp"":""5.00"",""created_time"":""2026-04-27T23:15:16.295737Z"",""no_price_dollars"":""0.4200"",""taker_side"":""no"",""ticker"":""KXETH15M-26APR271930-30"",""trade_id"":""fd858901-b691-7e5a-9268-e95f9b6de42a"",""yes_price_dollars"":""0.5800""}"
KXETH15M-26APR271930-30,296aa8c0-38e1-5c86-385e-6fa5c27990b6,1777331717,0.58,22.88,no,"{""count_fp"":""22.88"",""created_time"":""2026-04-27T23:15:17.530177Z"",""no_price_dollars"":""0.4200"",""taker_side"":""no"",""ticker"":""KXETH15M-26APR271930-30"",""trade_id"":""296aa8c0-38e1-5c86-385e-6fa5c27990b6"",""yes_price_dollars"":""0.5800""}"
KXETH15M-26APR271930-30,e75ad676-cf90-6c2a-c355-5d8e8f192686,1777331720,0.61,4.0,yes,"{""count_fp"":""4.00"",""created_time"":""2026-04-27T23:15:20.722037Z"",""no_price_dollars"":""0.3900"",""taker_side"":""yes"",""ticker"":""KXETH15M-26APR271930-30"",""trade_id"":""e75ad676-cf90-6c2a-c355-5d8e8f192686"",""yes_price_dollars"":""0.6100""}"
KXETH15M-26APR271930-30,60d4e64f-2098-6e60-caee-7bfe3efe37eb,1777331720,0.59,1.0,yes,"{""count_fp"":""1.00"",""created_time"":""2026-04-27T23:15:20.722037Z"",""no_price_dollars"":""0.4100"",""taker_side"":""yes"",""ticker"":""KXETH15M-26APR271930-30"",""trade_id"":""60d4e64f-2098-6e60-caee-7bfe3efe37eb"",""yes_price_dollars"":""0.5900""}"
KXETH15M-26APR271930-30,109ff71d-5e32-61f0-0ecb-dfabb376e2d3,1777331721,0.59,1.0,yes,"{""count_fp"":""1.00"",""created_time"":""2026-04-27T23:15:21.922614Z"",""no_price_dollars"":""0.4100"",""taker_side"":""yes"",""ticker"":""KXETH15M-26APR271930-30"",""trade_id"":""109ff71d-5e32-61f0-0ecb-dfabb376e2d3"",""yes_price_dollars"":""0.5900""}"
KXETH15M-26APR271930-30,ba9c491c-e235-5d5e-102b-2422cccd4ca6,1777331724,0.58,200.0,no,"{""count_fp"":""200.00"",""created_time"":""2026-04-27T23:15:24.681879Z"",""no_price_dollars"":""0.4200"",""taker_side"":""no"",""ticker"":""KXETH15M-26APR271930-30"",""trade_id"":""ba9c491c-e235-5d5e-102b-2422cccd4ca6"",""yes_price_dollars"":""0.5800""}"
KXETH15M-26APR271930-30,d2889149-d92c-5c5a-2c17-de11bcc88d32,1777331727,0.64,56.0,yes,"{""count_fp"":""56.00"",""created_time"":""2026-04-27T23:15:27.403354Z"",""no_price_dollars"":""0.3600"",""taker_side"":""yes"",""ticker"":""KXETH15M-26APR271930-30"",""trade_id"":""d2889149-d92c-5c5a-2c17-de11bcc88d32"",""yes_price_dollars"":""0.6400""}"
KXETH15M-26APR271930-30,41531c79-4262-5927-3427-58fb0932210b,1777331727,0.61,1.0,yes,"{""count_fp"":""1.00"",""created_time"":""2026-04-27T23:15:27.403354Z"",""no_price_dollars"":""0.3900"",""taker_side"":""yes"",""ticker"":""KXETH15M-26APR271930-30"",""trade_id"":""41531c79-4262-5927-3427-58fb0932210b"",""yes_price_dollars"":""0.6100""}"
KXETH15M-26APR271930-30,e110ffa6-844e-5986-df47-92c2e91b4c26,1777331728,0.65,60.0,yes,"{""count_fp"":""60.00"",""created_time"":""2026-04-27T23:15:28.825551Z"",""no_price_dollars"":""0.3500"",""taker_side"":""yes"",""ticker"":""KXETH15M-26APR271930-30"",""trade_id"":""e110ffa6-844e-5986-df47-92c2e91b4c26"",""yes_price_dollars"":""0.6500""}"
KXETH15M-26APR271930-30,1f711673-4e25-50c7-ebc4-719167a22f1a,1777331728,0.65,1.0,yes,"{""count_fp"":""1.00"",""created_time"":""2026-04-27T23:15:28.825551Z"",""no_price_dollars"":""0.3500"",""taker_side"":""yes"",""ticker"":""KXETH15M-26APR271930-30"",""trade_id"":""1f711673-4e25-50c7-ebc4-719167a22f1a"",""yes_price_dollars"":""0.6500""}"
KXETH15M-26APR271930-30,1d85db06-fbf9-63b6-6c8b-b9f17ad5ac2e,1777331729,0.65,4.0,no,"{""count_fp"":""4.00"",""created_time"":""2026-04-27T23:15:29.682673Z"",""no_price_dollars"":""0.3500"",""taker_side"":""no"",""ticker"":""KXETH15M-26APR271930-30"",""trade_id"":""1d85db06-fbf9-63b6-6c8b-b9f17ad5ac2e"",""yes_price_dollars"":""0.6500""}"
KXETH15M-26APR271930-30,257ec861-84c1-7886-6334-6de38895d3fe,1777331729,0.64,43.47,no,"{""count_fp"":""43.47"",""created_time"":""2026-04-27T23:15:29.207436Z"",""no_price_dollars"":""0.3600"",""taker_side"":""no"",""ticker"":""KXETH15M-26APR271930-30"",""trade_id"":""257ec861-84c1-7886-6334-6de38895d3fe"",""yes_price_dollars"":""0.6400""}"
KXETH15M-26APR271930-30,7180f6f8-bd25-54e2-fd13-080bc9e10362,1777331731,0.65,27.32,no,"{""count_fp"":""27.32"",""created_time"":""2026-04-27T23:15:31.600019Z"",""no_price_dollars"":""0.3500"",""taker_side"":""no"",""ticker"":""KXETH15M-26APR271930-30"",""trade_id"":""7180f6f8-bd25-54e2-fd13-080bc9e10362"",""yes_price_dollars"":""0.6500""}"
KXETH15M-26APR271930-30,a97c3334-6337-40dc-728a-5c371b1833e7,1777331737,0.69,1.0,yes,"{""count_fp"":""1.00"",""created_time"":""2026-04-27T23:15:37.035684Z"",""no_price_dollars"":""0.3100"",""taker_side"":""yes"",""ticker"":""KXETH15M-26APR271930-30"",""trade_id"":""a97c3334-6337-40dc-728a-5c371b1833e7"",""yes_price_dollars"":""0.6900""}"
KXETH15M-26APR271930-30,34a80803-349b-74e8-862d-57ddae4f4a13,1777331738,0.69,4.25,yes,"{""count_fp"":""4.25"",""created_time"":""2026-04-27T23:15:38.812477Z"",""no_price_dollars"":""0.3100"",""taker_side"":""yes"",""ticker"":""KXETH15M-26APR271930-30"",""trade_id"":""34a80803-349b-74e8-862d-57ddae4f4a13"",""yes_price_dollars"":""0.6900""}"
KXETH15M-26APR271930-30,652771b0-1e5b-6834-8aa9-875734ea7fbf,1777331746,0.65,79.0,no,"{""count_fp"":""79.00"",""created_time"":""2026-04-27T23:15:46.870791Z"",""no_price_dollars"":""0.3500"",""taker_side"":""no"",""ticker"":""KXETH15M-26APR271930-30"",""trade_id"":""652771b0-1e5b-6834-8aa9-875734ea7fbf"",""yes_price_dollars"":""0.6500""}"
KXETH15M-26APR271930-30,1a90ff10-acdf-65a0-a697-d1a40bed6af4,1777331746,0.67,1.0,no,"{""count_fp"":""1.00"",""created_time"":""2026-04-27T23:15:46.870791Z"",""no_price_dollars"":""0.3300"",""taker_side"":""no"",""ticker"":""KXETH15M-26APR271930-30"",""trade_id"":""1a90ff10-acdf-65a0-a697-d1a40bed6af4"",""yes_price_dollars"":""0.6700""}"
KXETH15M-26APR271930-30,be27e47b-2bc8-7d38-a20a-e58cf9069382,1777331747,0.7,2.79,yes,"{""count_fp"":""2.79"",""created_time"":""2026-04-27T23:15:47.677917Z"",""no_price_dollars"":""0.3000"",""taker_side"":""yes"",""ticker"":""KXETH15M-26APR271930-30"",""trade_id"":""be27e47b-2bc8-7d38-a20a-e58cf9069382"",""yes_price_dollars"":""0.7000""}"
KXETH15M-26APR271930-30,d2a1d66c-2764-6b8f-bfe4-a0c8cc7360fb,1777331752,0.66,10.65,no,"{""count_fp"":""10.65"",""created_time"":""2026-04-27T23:15:52.899543Z"",""no_price_dollars"":""0.3400"",""taker_side"":""no"",""ticker"":""KXETH15M-26APR271930-30"",""trade_id"":""d2a1d66c-2764-6b8f-bfe4-a0c8cc7360fb"",""yes_price_dollars"":""0.6600""}"
KXETH15M-26APR271930-30,88152f4a-4c26-66ac-bfc7-857a1ace6f00,1777331752,0.66,1.0,no,"{""count_fp"":""1.00"",""created_time"":""2026-04-27T23:15:52.899543Z"",""no_price_dollars"":""0.3400"",""taker_side"":""no"",""ticker"":""KXETH15M-26APR271930-30"",""trade_id"":""88152f4a-4c26-66ac-bfc7-857a1ace6f00"",""yes_price_dollars"":""0.6600""}"
KXETH15M-26APR271930-30,6f918056-7c3d-6e9a-9233-09e24025bd12,1777331752,0.66,15.98,no,"{""count_fp"":""15.98"",""created_time"":""2026-04-27T23:15:52.899543Z"",""no_price_dollars"":""0.3400"",""taker_side"":""no"",""ticker"":""KXETH15M-26APR271930-30"",""trade_id"":""6f918056-7c3d-6e9a-9233-09e24025bd12"",""yes_price_dollars"":""0.6600""}"
KXETH15M-26APR271930-30,976385bb-ab52-6079-426f-1d602922ad45,1777331752,0.67,5.0,yes,"{""count_fp"":""5.00"",""created_time"":""2026-04-27T23:15:52.320692Z"",""no_price_dollars"":""0.3300"",""taker_side"":""yes"",""ticker"":""KXETH15M-26APR271930-30"",""trade_id"":""976385bb-ab52-6079-426f-1d602922ad45"",""yes_price_dollars"":""0.6700""}"
KXETH15M-26APR271930-30,9c43cee4-d3a6-4e65-2cde-d1ec7e1454c1,1777331753,0.67,5.0,yes,"{""count_fp"":""5.00"",""created_time"":""2026-04-27T23:15:53.741181Z"",""no_price_dollars"":""0.3300"",""taker_side"":""yes"",""ticker"":""KXETH15M-26APR271930-30"",""trade_id"":""9c43cee4-d3a6-4e65-2cde-d1ec7e1454c1"",""yes_price_dollars"":""0.6700""}"
KXETH15M-26APR271930-30,b8d792ac-27b9-53f2-5791-8482471273d6,1777331754,0.66,27.63,no,"{""count_fp"":""27.63"",""created_time"":""2026-04-27T23:15:54.705161Z"",""no_price_dollars"":""0.3400"",""taker_side"":""no"",""ticker"":""KXETH15M-26APR271930-30"",""trade_id"":""b8d792ac-27b9-53f2-5791-8482471273d6"",""yes_price_dollars"":""0.6600""}"
KXETH15M-26APR271930-30,3a1dde4c-a512-7ca6-6dc4-85fd0970aca0,1777331757,0.62,5.0,yes,"{""count_fp"":""5.00"",""created_time"":""2026-04-27T23:15:57.842363Z"",""no_price_dollars"":""0.3800"",""taker_side"":""yes"",""ticker"":""KXETH15M-26APR271930-30"",""trade_id"":""3a1dde4c-a512-7ca6-6dc4-85fd0970aca0"",""yes_price_dollars"":""0.6200""}"
KXETH15M-26APR271930-30,82266f78-4bdf-6655-5341-5019e60eb0d2,1777331757,0.61,1.0,yes,"{""count_fp"":""1.00"",""created_time"":""2026-04-27T23:15:57.817611Z"",""no_price_dollars"":""0.3900"",""taker_side"":""yes"",""ticker"":""KXETH15M-26APR271930-30"",""trade_id"":""82266f78-4bdf-6655-5341-5019e60eb0d2"",""yes_price_dollars"":""0.6100""}"
KXETH15M-26APR271930-30,69f5fc07-a2d6-6562-639b-e5e86650cf8c,1777331757,0.62,7.0,yes,"{""count_fp"":""7.00"",""created_time"":""2026-04-27T23:15:57.817611Z"",""no_price_dollars"":""0.3800"",""taker_side"":""yes"",""ticker"":""KXETH15M-26APR271930-30"",""trade_id"":""69f5fc07-a2d6-6562-639b-e5e86650cf8c"",""yes_price_dollars"":""0.6200""}"
KXETH15M-26APR271930-30,9823df52-ced3-59fb-befa-3c053257caae,1777331758,0.61,1.0,yes,"{""count_fp"":""1.00"",""created_time"":""2026-04-27T23:15:58.956489Z"",""no_price_dollars"":""0.3900"",""taker_side"":""yes"",""ticker"":""KXETH15M-26APR271930-30"",""trade_id"":""9823df52-ced3-59fb-befa-3c053257caae"",""yes_price_dollars"":""0.6100""}"
KXETH15M-26APR271930-30,3ada39fe-dea0-6ce8-c903-51aa59ffe170,1777331758,0.6,8.0,no,"{""count_fp"":""8.00"",""created_time"":""2026-04-27T23:15:58.174416Z"",""no_price_dollars"":""0.4000"",""taker_side"":""no"",""ticker"":""KXETH15M-26APR271930-30"",""trade_id"":""3ada39fe-dea0-6ce8-c903-51aa59ffe170"",""yes_price_dollars"":""0.6000""}"
KXETH15M-26APR271930-30,aeee9e90-5c08-4c9c-a45c-a45f6609ad82,1777331760,0.61,19.0,yes,"{""count_fp"":""19.00"",""created_time"":""2026-04-27T23:16:00.908677Z"",""no_price_dollars"":""0.3900"",""taker_side"":""yes"",""ticker"":""KXETH15M-26APR271930-30"",""trade_id"":""aeee9e90-5c08-4c9c-a45c-a45f6609ad82"",""yes_price_dollars"":""0.6100""}"
KXETH15M-26APR271930-30,03df2b9a-abbb-43ab-bb43-5c07e040bf4b,1777331760,0.61,1.0,yes,"{""count_fp"":""1.00"",""created_time"":""2026-04-27T23:16:00.908677Z"",""no_price_dollars"":""0.3900"",""taker_side"":""yes"",""ticker"":""KXETH15M-26APR271930-30"",""trade_id"":""03df2b9a-abbb-43ab-bb43-5c07e040bf4b"",""yes_price_dollars"":""0.6100""}"
KXETH15M-26APR271930-30,29397210-43f8-601c-2ac3-889d427e8108,1777331761,0.6,11.99,no,"{""count_fp"":""11.99"",""created_time"":""2026-04-27T23:16:01.681212Z"",""no_price_dollars"":""0.4000"",""taker_side"":""no"",""ticker"":""KXETH15M-26APR271930-30"",""trade_id"":""29397210-43f8-601c-2ac3-889d427e8108"",""yes_price_dollars"":""0.6000""}"
KXETH15M-26APR271930-30,f7db3a91-5046-573d-e177-7bdc01e904b3,1777331761,0.61,1.0,yes,"{""count_fp"":""1.00"",""created_time"":""2026-04-27T23:16:01.364796Z"",""no_price_dollars"":""0.3900"",""taker_side"":""yes"",""ticker"":""KXETH15M-26APR271930-30"",""trade_id"":""f7db3a91-5046-573d-e177-7bdc01e904b3"",""yes_price_dollars"":""0.6100""}"
KXETH15M-26APR271930-30,f158ba73-52f0-5ea0-cc29-fc3705b2503a,1777331761,0.61,2.0,yes,"{""count_fp"":""2.00"",""created_time"":""2026-04-27T23:16:01.364796Z"",""no_price_dollars"":""0.3900"",""taker_side"":""yes"",""ticker"":""KXETH15M-26APR271930-30"",""trade_id"":""f158ba73-52f0-5ea0-cc29-fc3705b2503a"",""yes_price_dollars"":""0.6100""}"
KXETH15M-26APR271930-30,edb6da2a-a970-5850-3497-d3cb6bdf2476,1777331762,0.63,39.0,yes,"{""count_fp"":""39.00"",""created_time"":""2026-04-27T23:16:02.102986Z"",""no_price_dollars"":""0.3700"",""taker_side"":""yes"",""ticker"":""KXETH15M-26APR271930-30"",""trade_id"":""edb6da2a-a970-5850-3497-d3cb6bdf2476"",""yes_price_dollars"":""0.6300""}"
KXETH15M-26APR271930-30,61880b34-73b4-575c-2e16-dc8fb83b17ae,1777331762,0.64,51.0,yes,"{""count_fp"":""51.00"",""created_time"":""2026-04-27T23:16:02.102986Z"",""no_price_dollars"":""0.3600"",""taker_side"":""yes"",""ticker"":""KXETH15M-26APR271930-30"",""trade_id"":""61880b34-73b4-575c-2e16-dc8fb83b17ae"",""yes_price_dollars"":""0.6400""}"
KXETH15M-26APR271930-30,1584d476-3a43-59b4-3084-9c52ba397095,1777331762,0.62,10.0,yes,"{""count_fp"":""10.00"",""created_time"":""2026-04-27T23:16:02.102986Z"",""no_price_dollars"":""0.3800"",""taker_side"":""yes"",""ticker"":""KXETH15M-26APR271930-30"",""trade_id"":""1584d476-3a43-59b4-3084-9c52ba397095"",""yes_price_dollars"":""0.6200""}"
KXETH15M-26APR271930-30,5f83dba0-eefa-5fb6-7794-ffdbb337e220,1777331763,0.63,2.0,yes,"{""count_fp"":""2.00"",""created_time"":""2026-04-27T23:16:03.531327Z"",""no_price_dollars"":""0.3700"",""taker_side"":""yes"",""ticker"":""KXETH15M-26APR271930-30"",""trade_id"":""5f83dba0-eefa-5fb6-7794-ffdbb337e220"",""yes_price_dollars"":""0.6300""}"
KXETH15M-26APR271930-30,30777b87-bd3e-57c6-7160-176f9db81d5c,1777331765,0.64,40.0,yes,"{""count_fp"":""40.00"",""created_time"":""2026-04-27T23:16:05.745189Z"",""no_price_dollars"":""0.3600"",""taker_side"":""yes"",""ticker"":""KXETH15M-26APR271930-30"",""trade_id"":""30777b87-bd3e-57c6-7160-176f9db81d5c"",""yes_price_dollars"":""0.6400""}"
KXETH15M-26APR271930-30,c746591d-fac8-745c-bbcc-157c22b1e5ec,1777331765,0.6,77.47,no,"{""count_fp"":""77.47"",""created_time"":""2026-04-27T23:16:05.727896Z"",""no_price_dollars"":""0.4000"",""taker_side"":""no"",""ticker"":""KXETH15M-26APR271930-30"",""trade_id"":""c746591d-fac8-745c-bbcc-157c22b1e5ec"",""yes_price_dollars"":""0.6000""}"
KXETH15M-26APR271930-30,483cb226-6b62-7181-9e94-9d5f7089921b,1777331765,0.62,1.0,no,"{""count_fp"":""1.00"",""created_time"":""2026-04-27T23:16:05.727896Z"",""no_price_dollars"":""0.3800"",""taker_side"":""no"",""ticker"":""KXETH15M-26APR271930-30"",""trade_id"":""483cb226-6b62-7181-9e94-9d5f7089921b"",""yes_price_dollars"":""0.6200""}"
KXETH15M-26APR271930-30,17edf9d1-a23e-7d68-8926-a5795b8dc778,1777331765,0.61,11.53,no,"{""count_fp"":""11.53"",""created_time"":""2026-04-27T23:16:05.727896Z"",""no_price_dollars"":""0.3900"",""taker_side"":""no"",""ticker"":""KXETH15M-26APR271930-30"",""trade_id"":""17edf9d1-a23e-7d68-8926-a5795b8dc778"",""yes_price_dollars"":""0.6100""}"
KXETH15M-26APR271930-30,f9734b4b-9f2e-7af4-a048-dc2b625a805f,1777331767,0.63,10.0,yes,"{""count_fp"":""10.00"",""created_time"":""2026-04-27T23:16:07.115598Z"",""no_price_dollars"":""0.3700"",""taker_side"":""yes"",""ticker"":""KXETH15M-26APR271930-30"",""trade_id"":""f9734b4b-9f2e-7af4-a048-dc2b625a805f"",""yes_price_dollars"":""0.6300""}"
KXETH15M-26APR271930-30,eaece96d-5dd2-7a11-8d10-81dfcadd9f3c,1777331767,0.63,60.0,yes,"{""count_fp"":""60.00"",""created_time"":""2026-04-27T23:16:07.115598Z"",""no_price_dollars"":""0.3700"",""taker_side"":""yes"",""ticker"":""KXETH15M-26APR271930-30"",""trade_id"":""eaece96d-5dd2-7a11-8d10-81dfcadd9f3c"",""yes_price_dollars"":""0.6300""}"
KXETH15M-26APR271930-30,ec2dd709-48c2-68e2-b06e-c417e61a16d4,1777331770,0.68,100.0,yes,"{""count_fp"":""100.00"",""created_time"":""2026-04-27T23:16:10.159394Z"",""no_price_dollars"":""0.3200"",""taker_side"":""yes"",""ticker"":""KXETH15M-26APR271930-30"",""trade_id"":""ec2dd709-48c2-68e2-b06e-c417e61a16d4"",""yes_price_dollars"":""0.6800""}"
KXETH15M-26APR271930-30,7e5e0382-47fd-602d-bf97-579f27573b83,1777331770,0.68,10.0,yes,"{""count_fp"":""10.00"",""created_time"":""2026-04-27T23:16:10.159394Z"",""no_price_dollars"":""0.3200"",""taker_side"":""yes"",""ticker"":""KXETH15M-26APR271930-30"",""trade_id"":""7e5e0382-47fd-602d-bf97-579f27573b83"",""yes_price_dollars"":""0.6800""}"
KXETH15M-26APR271930-30,a19c1a87-aabf-7a32-8e89-b2b418b4112a,1777331772,0.73,5.0,yes,"{""count_fp"":""5.00"",""created_time"":""2026-04-27T23:16:12.638384Z"",""no_price_dollars"":""0.2700"",""taker_side"":""yes"",""ticker"":""KXETH15M-26APR271930-30"",""trade_id"":""a19c1a87-aabf-7a32-8e89-b2b418b4112a"",""yes_price_dollars"":""0.7300""}"
KXETH15M-26APR271930-30,3c760e0e-90af-436a-0f51-6f4c3334b382,1777331776,0.73,9.0,yes,"{""count_fp"":""9.00"",""created_time"":""2026-04-27T23:16:16.026526Z"",""no_price_dollars"":""0.2700"",""taker_side"":""yes"",""ticker"":""KXETH15M-26APR271930-30"",""trade_id"":""3c760e0e-90af-436a-0f51-6f4c3334b382"",""yes_price_dollars"":""0.7300""}"
KXETH15M-26APR271930-30,c59a67d0-66a7-4cac-6842-07e178e1018f,1777331777,0.72,1.0,no,"{""count_fp"":""1.00"",""created_time"":""2026-04-27T23:16:17.265805Z"",""no_price_dollars"":""0.2800"",""taker_side"":""no"",""ticker"":""KXETH15M-26APR271930-30"",""trade_id"":""c59a67d0-66a7-4cac-6842-07e178e1018f"",""yes_price_dollars"":""0.7200""}"
KXETH15M-26APR271930-30,5d3bc6ad-51ac-4248-42f2-5b685bac221a,1777331777,0.71,2.0,no,"{""count_fp"":""2.00"",""created_time"":""2026-04-27T23:16:17.265805Z"",""no_price_dollars"":""0.2900"",""taker_side"":""no"",""ticker"":""KXETH15M-26APR271930-30"",""trade_id"":""5d3bc6ad-51ac-4248-42f2-5b685bac221a"",""yes_price_dollars"":""0.7100""}"
KXETH15M-26APR271930-30,1f00e24d-1791-457f-4eb9-6e70bcae32da,1777331777,0.68,1.0,no,"{""count_fp"":""1.00"",""created_time"":""2026-04-27T23:16:17.265805Z"",""no_price_dollars"":""0.3200"",""taker_side"":""no"",""ticker"":""KXETH15M-26APR271930-30"",""trade_id"":""1f00e24d-1791-457f-4eb9-6e70bcae32da"",""yes_price_dollars"":""0.6800""}"
KXETH15M-26APR271930-30,6c25d78b-2502-4541-e31c-ed6a6409c8da,1777331778,0.72,2.0,yes,"{""count_fp"":""2.00"",""created_time"":""2026-04-27T23:16:18.465231Z"",""no_price_dollars"":""0.2800"",""taker_side"":""yes"",""ticker"":""KXETH15M-26APR271930-30"",""trade_id"":""6c25d78b-2502-4541-e31c-ed6a6409c8da"",""yes_price_dollars"":""0.7200""}"
KXETH15M-26APR271930-30,43fddceb-d826-4e10-e429-9329ea6a4b33,1777331779,0.73,2.0,yes,"{""count_fp"":""2.00"",""created_time"":""2026-04-27T23:16:19.915221Z"",""no_price_dollars"":""0.2700"",""taker_side"":""yes"",""ticker"":""KXETH15M-26APR271930-30"",""trade_id"":""43fddceb-d826-4e10-e429-9329ea6a4b33"",""yes_price_dollars"":""0.7300""}"
KXETH15M-26APR271930-30,02c1ab40-5d4f-7b26-6db7-81c846b777c6,1777331780,0.74,20.0,yes,"{""count_fp"":""20.00"",""created_time"":""2026-04-27T23:16:20.382913Z"",""no_price_dollars"":""0.2600"",""taker_side"":""yes"",""ticker"":""KXETH15M-26APR271930-30"",""trade_id"":""02c1ab40-5d4f-7b26-6db7-81c846b777c6"",""yes_price_dollars"":""0.7400""}"
KXETH15M-26APR271930-30,fe097ebe-836d-6686-3603-8d5021fd8682,1777331781,0.69,16.99,no,"{""count_fp"":""16.99"",""created_time"":""2026-04-27T23:16:21.740487Z"",""no_price_dollars"":""0.3100"",""taker_side"":""no"",""ticker"":""KXETH15M-26APR271930-30"",""trade_id"":""fe097ebe-836d-6686-3603-8d5021fd8682"",""yes_price_dollars"":""0.6900""}"
KXETH15M-26APR271930-30,6359aef5-187b-66ee-3d7f-00955de64301,1777331781,0.7,10.0,no,"{""count_fp"":""10.00"",""created_time"":""2026-04-27T23:16:21.740487Z"",""no_price_dollars"":""0.3000"",""taker_side"":""no"",""ticker"":""KXETH15M-26APR271930-30"",""trade_id"":""6359aef5-187b-66ee-3d7f-00955de64301"",""yes_price_dollars"":""0.7000""}"
KXETH15M-26APR271930-30,1d928c91-4cb6-6f77-2fec-cda7eeaa6a64,1777331781,0.73,1.0,no,"{""count_fp"":""1.00"",""created_time"":""2026-04-27T23:16:21.740487Z"",""no_price_dollars"":""0.2700"",""taker_side"":""no"",""ticker"":""KXETH15M-26APR271930-30"",""trade_id"":""1d928c91-4cb6-6f77-2fec-cda7eeaa6a64"",""yes_price_dollars"":""0.7300""}"
KXETH15M-26APR271930-30,2e480188-eb25-4664-4f6b-63820678e9cd,1777331785,0.72,1.0,no,"{""count_fp"":""1.00"",""created_time"":""2026-04-27T23:16:25.153232Z"",""no_price_dollars"":""0.2800"",""taker_side"":""no"",""ticker"":""KXETH15M-26APR271930-30"",""trade_id"":""2e480188-eb25-4664-4f6b-63820678e9cd"",""yes_price_dollars"":""0.7200""}"
KXETH15M-26APR271930-30,ade17550-9a69-555c-eacf-edfcda1125f3,1777331787,0.72,20.43,yes,"{""count_fp"":""20.43"",""created_time"":""2026-04-27T23:16:27.643531Z"",""no_price_dollars"":""0.2800"",""taker_side"":""yes"",""ticker"":""KXETH15M-26APR271930-30"",""trade_id"":""ade17550-9a69-555c-eacf-edfcda1125f3"",""yes_price_dollars"":""0.7200""}"
KXETH15M-26APR271930-30,aecb38b7-52cf-7559-2e28-5ed416ca61ff,1777331792,0.69,1.0,no,"{""count_fp"":""1.00"",""created_time"":""2026-04-27T23:16:32.311061Z"",""no_price_dollars"":""0.3100"",""taker_side"":""no"",""ticker"":""KXETH15M-26APR271930-30"",""trade_id"":""aecb38b7-52cf-7559-2e28-5ed416ca61ff"",""yes_price_dollars"":""0.6900""}"
KXETH15M-26APR271930-30,b9d49668-e696-4626-5013-f1c3282e06f8,1777331793,0.68,1.0,no,"{""count_fp"":""1.00"",""created_time"":""2026-04-27T23:16:33.530385Z"",""no_price_dollars"":""0.3200"",""taker_side"":""no"",""ticker"":""KXETH15M-26APR271930-30"",""trade_id"":""b9d49668-e696-4626-5013-f1c3282e06f8"",""yes_price_dollars"":""0.6800""}"
KXETH15M-26APR271930-30,4fb43e0e-e8cc-4fcb-48d8-e22cbf2a6a34,1777331793,0.68,10.0,no,"{""count_fp"":""10.00"",""created_time"":""2026-04-27T23:16:33.530385Z"",""no_price_dollars"":""0.3200"",""taker_side"":""no"",""ticker"":""KXETH15M-26APR271930-30"",""trade_id"":""4fb43e0e-e8cc-4fcb-48d8-e22cbf2a6a34"",""yes_price_dollars"":""0.6800""}"
KXETH15M-26APR271930-30,5116c4d7-8fe1-4510-bb33-81ab59f738eb,1777331794,0.68,1.36,yes,"{""count_fp"":""1.36"",""created_time"":""2026-04-27T23:16:34.316025Z"",""no_price_dollars"":""0.3200"",""taker_side"":""yes"",""ticker"":""KXETH15M-26APR271930-30"",""trade_id"":""5116c4d7-8fe1-4510-bb33-81ab59f738eb"",""yes_price_dollars"":""0.6800""}"
KXETH15M-26APR271930-30,f02e9f24-8321-4d3e-7f30-e1b7e67e76b6,1777331795,0.67,57.21,no,"{""count_fp"":""57.21"",""created_time"":""2026-04-27T23:16:35.048842Z"",""no_price_dollars"":""0.3300"",""taker_side"":""no"",""ticker"":""KXETH15M-26APR271930-30"",""trade_id"":""f02e9f24-8321-4d3e-7f30-e1b7e67e76b6"",""yes_price_dollars"":""0.6700""}"
KXETH15M-26APR271930-30,4a8c539f-0509-4376-6ef2-415515ec7e70,1777331795,0.67,1.0,no,"{""count_fp"":""1.00"",""created_time"":""2026-04-27T23:16:35.048842Z"",""no_price_dollars"":""0.3300"",""taker_side"":""no"",""ticker"":""KXETH15M-26APR271930-30"",""trade_id"":""4a8c539f-0509-4376-6ef2-415515ec7e70"",""yes_price_dollars"":""0.6700""}"
KXETH15M-26APR271930-30,2bffb74f-d4e5-5d04-31d8-03ec66d2b540,1777331797,0.69,1.0,no,"{""count_fp"":""1.00"",""created_time"":""2026-04-27T23:16:37.675557Z"",""no_price_dollars"":""0.3100"",""taker_side"":""no"",""ticker"":""KXETH15M-26APR271930-30"",""trade_id"":""2bffb74f-d4e5-5d04-31d8-03ec66d2b540"",""yes_price_dollars"":""0.6900""}"
KXETH15M-26APR271930-30,1a2faff3-a3ed-53be-3fa6-2fc48ff0014e,1777331797,0.67,0.04,no,"{""count_fp"":""0.04"",""created_time"":""2026-04-27T23:16:37.675557Z"",""no_price_dollars"":""0.3300"",""taker_side"":""no"",""ticker"":""KXETH15M-26APR271930-30"",""trade_id"":""1a2faff3-a3ed-53be-3fa6-2fc48ff0014e"",""yes_price_dollars"":""0.6700""}"
KXETH15M-26APR271930-30,79779246-2f00-7d24-3198-f801ef00822e,1777331801,0.71,2.48,yes,"{""count_fp"":""2.48"",""created_time"":""2026-04-27T23:16:41.688Z"",""no_price_dollars"":""0.2900"",""taker_side"":""yes"",""ticker"":""KXETH15M-26APR271930-30"",""trade_id"":""79779246-2f00-7d24-3198-f801ef00822e"",""yes_price_dollars"":""0.7100""}"
KXETH15M-26APR271930-30,c1613bc2-1f6a-51b8-0ae3-8ce5c0e5a57b,1777331802,0.69,1.0,no,"{""count_fp"":""1.00"",""created_time"":""2026-04-27T23:16:42.755164Z"",""no_price_dollars"":""0.3100"",""taker_side"":""no"",""ticker"":""KXETH15M-26APR271930-30"",""trade_id"":""c1613bc2-1f6a-51b8-0ae3-8ce5c0e5a57b"",""yes_price_dollars"":""0.6900""}"
KXETH15M-26APR271930-30,8772a8f1-9395-5a53-2ccf-99db0a5c7dd1,1777331802,0.68,1.99,no,"{""count_fp"":""1.99"",""created_time"":""2026-04-27T23:16:42.755164Z"",""no_price_dollars"":""0.3200"",""taker_side"":""no"",""ticker"":""KXETH15M-26APR271930-30"",""trade_id"":""8772a8f1-9395-5a53-2ccf-99db0a5c7dd1"",""yes_price_dollars"":""0.6800""}"
KXETH15M-26APR271930-30,e01037e1-7c5b-5e38-209a-95939d81ad4b,1777331803,0.68,1.0,no,"{""count_fp"":""1.00"",""created_time"":""2026-04-27T23:16:43.920181Z"",""no_price_dollars"":""0.3200"",""taker_side"":""no"",""ticker"":""KXETH15M-26APR271930-30"",""trade_id"":""e01037e1-7c5b-5e38-209a-95939d81ad4b"",""yes_price_dollars"":""0.6800""}"
KXETH15M-26APR271930-30,7734ca04-1e14-5f99-1067-9dc873c98f00,1777331803,0.68,12.44,no,"{""count_fp"":""12.44"",""created_time"":""2026-04-27T23:16:43.920181Z"",""no_price_dollars"":""0.3200"",""taker_side"":""no"",""ticker"":""KXETH15M-26APR271930-30"",""trade_id"":""7734ca04-1e14-5f99-1067-9dc873c98f00"",""yes_price_dollars"":""0.6800""}"
KXETH15M-26APR271930-30,6c0df81a-69ad-5416-1d85-531610cdf536,1777331803,0.67,15.82,no,"{""count_fp"":""15.82"",""created_time"":""2026-04-27T23:16:43.920181Z"",""no_price_dollars"":""0.3300"",""taker_side"":""no"",""ticker"":""KXETH15M-26APR271930-30"",""trade_id"":""6c0df81a-69ad-5416-1d85-531610cdf536"",""yes_price_dollars"":""0.6700""}"
KXETH15M-26APR271930-30,d998ecd4-5d7f-445a-97c1-08439282e1b6,1777331803,0.68,1.0,no,"{""count_fp"":""1.00"",""created_time"":""2026-04-27T23:16:43.507551Z"",""no_price_dollars"":""0.3200"",""taker_side"":""no"",""ticker"":""KXETH15M-26APR271930-30"",""trade_id"":""d998ecd4-5d7f-445a-97c1-08439282e1b6"",""yes_price_dollars"":""0.6800""}"
KXETH15M-26APR271930-30,9d663cb0-f729-4a6a-a347-17710d6a85ae,1777331803,0.67,76.56,no,"{""count_fp"":""76.56"",""created_time"":""2026-04-27T23:16:43.507551Z"",""no_price_dollars"":""0.3300"",""taker_side"":""no"",""ticker"":""KXETH15M-26APR271930-30"",""trade_id"":""9d663cb0-f729-4a6a-a347-17710d6a85ae"",""yes_price_dollars"":""0.6700""}"
KXETH15M-26APR271930-30,9684b163-a57f-4815-b163-7c9211af3f70,1777331803,0.68,12.44,no,"{""count_fp"":""12.44"",""created_time"":""2026-04-27T23:16:43.507551Z"",""no_price_dollars"":""0.3200"",""taker_side"":""no"",""ticker"":""KXETH15M-26APR271930-30"",""trade_id"":""9684b163-a57f-4815-b163-7c9211af3f70"",""yes_price_dollars"":""0.6800""}"
KXETH15M-26APR271930-30,0bf3b647-fa10-4c29-9cf2-1427960d8240,1777331803,0.68,2.0,no,"{""count_fp"":""2.00"",""created_time"":""2026-04-27T23:16:43.507551Z"",""no_price_dollars"":""0.3200"",""taker_side"":""no"",""ticker"":""KXETH15M-26APR271930-30"",""trade_id"":""0bf3b647-fa10-4c29-9cf2-1427960d8240"",""yes_price_dollars"":""0.6800""}"
KXETH15M-26APR271930-30,04dd95ff-0b60-62b7-57fe-4f5c7978d960,1777331805,0.7,0.92,no,"{""count_fp"":""0.92"",""created_time"":""2026-04-27T23:16:45.369569Z"",""no_price_dollars"":""0.3000"",""taker_side"":""no"",""ticker"":""KXETH15M-26APR271930-30"",""trade_id"":""04dd95ff-0b60-62b7-57fe-4f5c7978d960"",""yes_price_dollars"":""0.7000""}"
KXETH15M-26APR271930-30,859911d9-577b-6586-144d-aa14dd63771b,1777331806,0.7,1.0,no,"{""count_fp"":""1.00"",""created_time"":""2026-04-27T23:16:46.574674Z"",""no_price_dollars"":""0.3000"",""taker_side"":""no"",""ticker"":""KXETH15M-26APR271930-30"",""trade_id"":""859911d9-577b-6586-144d-aa14dd63771b"",""yes_price_dollars"":""0.7000""}"
KXETH15M-26APR271930-30,308c198b-8a84-6404-15d5-fad451c2ed63,1777331806,0.68,46.89,no,"{""count_fp"":""46.89"",""created_time"":""2026-04-27T23:16:46.574674Z"",""no_price_dollars"":""0.3200"",""taker_side"":""no"",""ticker"":""KXETH15M-26APR271930-30"",""trade_id"":""308c198b-8a84-6404-15d5-fad451c2ed63"",""yes_price_dollars"":""0.6800""}"
KXETH15M-26APR271930-30,1a777df4-b223-6c93-048e-9ac34bccc04d,1777331806,0.68,10.0,no,"{""count_fp"":""10.00"",""created_time"":""2026-04-27T23:16:46.574674Z"",""no_price_dollars"":""0.3200"",""taker_side"":""no"",""ticker"":""KXETH15M-26APR271930-30"",""trade_id"":""1a777df4-b223-6c93-048e-9ac34bccc04d"",""yes_price_dollars"":""0.6800""}"
KXETH15M-26APR271930-30,b8585212-becc-7b8a-71f2-2d5fc5b1a6b3,1777331806,0.71,2.76,yes,"{""count_fp"":""2.76"",""created_time"":""2026-04-27T23:16:46.535535Z"",""no_price_dollars"":""0.2900"",""taker_side"":""yes"",""ticker"":""KXETH15M-26APR271930-30"",""trade_id"":""b8585212-becc-7b8a-71f2-2d5fc5b1a6b3"",""yes_price_dollars"":""0.7100""}"
KXETH15M-26APR271930-30,dbc51ed8-a457-4d31-6887-2d716e8293ba,1777331808,0.83,3.0,yes,"{""count_fp"":""3.00"",""created_time"":""2026-04-27T23:16:48.526172Z"",""no_price_dollars"":""0.1700"",""taker_side"":""yes"",""ticker"":""KXETH15M-26APR271930-30"",""trade_id"":""dbc51ed8-a457-4d31-6887-2d716e8293ba"",""yes_price_dollars"":""0.8300""}"
KXETH15M-26APR271930-30,d6762dc7-38b7-4caf-7dc0-162a43692f8e,1777331808,0.83,897.0,yes,"{""count_fp"":""897.00"",""created_time"":""2026-04-27T23:16:48.526172Z"",""no_price_dollars"":""0.1700"",""taker_side"":""yes"",""ticker"":""KXETH15M-26APR271930-30"",""trade_id"":""d6762dc7-38b7-4caf-7dc0-162a43692f8e"",""yes_price_dollars"":""0.8300""}"
KXETH15M-26APR271930-30,c7a0431d-680f-4891-6f38-2b2bc2c1eecf,1777331808,0.83,30.0,yes,"{""count_fp"":""30.00"",""created_time"":""2026-04-27T23:16:48.526172Z"",""no_price_dollars"":""0.1700"",""taker_side"":""yes"",""ticker"":""KXETH15M-26APR271930-30"",""trade_id"":""c7a0431d-680f-4891-6f38-2b2bc2c1eecf"",""yes_price_dollars"":""0.8300""}"
KXETH15M-26APR271930-30,e2460206-4751-4525-acba-7d9cc6730e3b,1777331808,0.81,44.0,yes,"{""count_fp"":""44.00"",""created_time"":""2026-04-27T23:16:48.197615Z"",""no_price_dollars"":""0.1900"",""taker_side"":""yes"",""ticker"":""KXETH15M-26APR271930-30"",""trade_id"":""e2460206-4751-4525-acba-7d9cc6730e3b"",""yes_price_dollars"":""0.8100""}"
KXETH15M-26APR271930-30,4762fc97-7562-4873-b3c6-8bb27a1cb3fc,1777331808,0.81,8.0,yes,"{""count_fp"":""8.00"",""created_time"":""2026-04-27T23:16:48.197615Z"",""no_price_dollars"":""0.1900"",""taker_side"":""yes"",""ticker"":""KXETH15M-26APR271930-30"",""trade_id"":""4762fc97-7562-4873-b3c6-8bb27a1cb3fc"",""yes_price_dollars"":""0.8100""}"
KXETH15M-26APR271930-30,0f2035df-212d-4b84-a99c-3d552b937ed2,1777331808,0.8,250.0,yes,"{""count_fp"":""250.00"",""created_time"":""2026-04-27T23:16:48.197615Z"",""no_price_dollars"":""0.2000"",""taker_side"":""yes"",""ticker"":""KXETH15M-26APR271930-30"",""trade_id"":""0f2035df-212d-4b84-a99c-3d552b937ed2"",""yes_price_dollars"":""0.8000""}"
KXETH15M-26APR271930-30,3dfa0796-db01-7751-a8f7-44ba3c6b56d2,1777331808,0.77,50.0,yes,"{""count_fp"":""50.00"",""created_time"":""2026-04-27T23:16:48.089377Z"",""no_price_dollars"":""0.2300"",""taker_side"":""yes"",""ticker"":""KXETH15M-26APR271930-30"",""trade_id"":""3dfa0796-db01-7751-a8f7-44ba3c6b56d2"",""yes_price_dollars"":""0.7700""}"
KXETH15M-26APR271930-30,cc585f01-2538-40db-c1e3-4ff42e6abf30,1777331808,0.76,1.0,yes,"{""count_fp"":""1.00"",""created_time"":""2026-04-27T23:16:48.088605Z"",""no_price_dollars"":""0.2400"",""taker_side"":""yes"",""ticker"":""KXETH15M-26APR271930-30"",""trade_id"":""cc585f01-2538-40db-c1e3-4ff42e6abf30"",""yes_price_dollars"":""0.7600""}"
KXETH15M-26APR271930-30,fa1f85b6-8e92-4609-8ef4-80ff59b55237,1777331808,0.75,10.0,yes,"{""count_fp"":""10.00"",""created_time"":""2026-04-27T23:16:48.062958Z"",""no_price_dollars"":""0.2500"",""taker_side"":""yes"",""ticker"":""KXETH15M-26APR271930-30"",""trade_id"":""fa1f85b6-8e92-4609-8ef4-80ff59b55237"",""yes_price_dollars"":""0.7500""}"
KXETH15M-26APR271930-30,56d96e98-b7ad-7054-756c-2568dab517f8,1777331809,0.84,34.87,yes,"{""count_fp"":""34.87"",""created_time"":""2026-04-27T23:16:49.514099Z"",""no_price_dollars"":""0.1600"",""taker_side"":""yes"",""ticker"":""KXETH15M-26APR271930-30"",""trade_id"":""56d96e98-b7ad-7054-756c-2568dab517f8"",""yes_price_dollars"":""0.8400""}"
KXETH15M-26APR271930-30,38838675-61b6-52f3-81b1-f98db40f5f1c,1777331812,0.83,0.12,no,"{""count_fp"":""0.12"",""created_time"":""2026-04-27T23:16:52.617003Z"",""no_price_dollars"":""0.1700"",""taker_side"":""no"",""ticker"":""KXETH15M-26APR271930-30"",""trade_id"":""38838675-61b6-52f3-81b1-f98db40f5f1c"",""yes_price_dollars"":""0.8300""}"
KXETH15M-26APR271930-30,d43b0f0b-fc64-6cd2-0933-11d60eb86b5a,1777331812,0.83,1.0,no,"{""count_fp"":""1.00"",""created_time"":""2026-04-27T23:16:52.588098Z"",""no_price_dollars"":""0.1700"",""taker_side"":""no"",""ticker"":""KXETH15M-26APR271930-30"",""trade_id"":""d43b0f0b-fc64-6cd2-0933-11d60eb86b5a"",""yes_price_dollars"":""0.8300""}"
KXETH15M-26APR271930-30,4dbf9692-5b62-61eb-25cf-7aa7b8625c84,1777331812,0.83,9.88,no,"{""count_fp"":""9.88"",""created_time"":""2026-04-27T23:16:52.588098Z"",""no_price_dollars"":""0.1700"",""taker_side"":""no"",""ticker"":""KXETH15M-26APR271930-30"",""trade_id"":""4dbf9692-5b62-61eb-25cf-7aa7b8625c84"",""yes_price_dollars"":""0.8300""}"
KXETH15M-26APR271930-30,16162aa3-c760-6524-096e-d3ad68fee690,1777331812,0.83,14.12,no,"{""count_fp"":""14.12"",""created_time"":""2026-04-27T23:16:52.588098Z"",""no_price_dollars"":""0.1700"",""taker_side"":""no"",""ticker"":""KXETH15M-26APR271930-30"",""trade_id"":""16162aa3-c760-6524-096e-d3ad68fee690"",""yes_price_dollars"":""0.8300""}"
KXETH15M-26APR271930-30,98569c53-3061-6a3c-03c1-74c1eac4b260,1777331812,0.84,0.13,yes,"{""count_fp"":""0.13"",""created_time"":""2026-04-27T23:16:52.048209Z"",""no_price_dollars"":""0.1600"",""taker_side"":""yes"",""ticker"":""KXETH15M-26APR271930-30"",""trade_id"":""98569c53-3061-6a3c-03c1-74c1eac4b260"",""yes_price_dollars"":""0.8400""}"
KXETH15M-26APR271930-30,16ea2f94-5066-689b-0ad1-00bb0b7fe44f,1777331812,0.84,0.87,yes,"{""count_fp"":""0.87"",""created_time"":""2026-04-27T23:16:52.048209Z"",""no_price_dollars"":""0.1600"",""taker_side"":""yes"",""ticker"":""KXETH15M-26APR271930-30"",""trade_id"":""16ea2f94-5066-689b-0ad1-00bb0b7fe44f"",""yes_price_dollars"":""0.8400""}"
KXETH15M-26APR271930-30,f837504b-db5d-546c-c588-01e672cbd509,1777331816,0.83,1.0,no,"{""count_fp"":""1.00"",""created_time"":""2026-04-27T23:16:56.876356Z"",""no_price_dollars"":""0.1700"",""taker_side"":""no"",""ticker"":""KXETH15M-26APR271930-30"",""trade_id"":""f837504b-db5d-546c-c588-01e672cbd509"",""yes_price_dollars"":""0.8300""}"
KXETH15M-26APR271930-30,f404144d-09c0-5ac4-ec08-d1e1076d1dd3,1777331816,0.82,1.79,no,"{""count_fp"":""1.79"",""created_time"":""2026-04-27T23:16:56.876356Z"",""no_price_dollars"":""0.1800"",""taker_side"":""no"",""ticker"":""KXETH15M-26APR271930-30"",""trade_id"":""f404144d-09c0-5ac4-ec08-d1e1076d1dd3"",""yes_price_dollars"":""0.8200""}"
KXETH15M-26APR271930-30,fc7b4c3c-3a7e-7ad6-312e-4d39f7e40a76,1777331817,0.83,1.0,no,"{""count_fp"":""1.00"",""created_time"":""2026-04-27T23:16:57.816963Z"",""no_price_dollars"":""0.1700"",""taker_side"":""no"",""ticker"":""KXETH15M-26APR271930-30"",""trade_id"":""fc7b4c3c-3a7e-7ad6-312e-4d39f7e40a76"",""yes_price_dollars"":""0.8300""}"
KXETH15M-26APR271930-30,76c39019-2050-7c84-121a-bbd9b203f383,1777331817,0.83,74.0,no,"{""count_fp"":""74.00"",""created_time"":""2026-04-27T23:16:57.816963Z"",""no_price_dollars"":""0.1700"",""taker_side"":""no"",""ticker"":""KXETH15M-26APR271930-30"",""trade_id"":""76c39019-2050-7c84-121a-bbd9b203f383"",""yes_price_dollars"":""0.8300""}"
KXETH15M-26APR271930-30,79930dea-79c1-7e2f-e28c-d1d82058cdc4,1777331820,0.83,1.0,no,"{""count_fp"":""1.00"",""created_time"":""2026-04-27T23:17:00.088399Z"",""no_price_dollars"":""0.1700"",""taker_side"":""no"",""ticker"":""KXETH15M-26APR271930-30"",""trade_id"":""79930dea-79c1-7e2f-e28c-d1d82058cdc4"",""yes_price_dollars"":""0.8300""}"
KXETH15M-26APR271930-30,23331a4d-0caa-72f8-e76b-a384248795cb,1777331820,0.82,4.0,no,"{""count_fp"":""4.00"",""created_time"":""2026-04-27T23:17:00.088399Z"",""no_price_dollars"":""0.1800"",""taker_side"":""no"",""ticker"":""KXETH15M-26APR271930-30"",""trade_id"":""23331a4d-0caa-72f8-e76b-a384248795cb"",""yes_price_dollars"":""0.8200""}"
KXETH15M-26APR271930-30,861ab8e8-2d38-7146-565c-a02f36041f9c,1777331821,0.84,1.0,yes,"{""count_fp"":""1.00"",""created_time"":""2026-04-27T23:17:01.710591Z"",""no_price_dollars"":""0.1600"",""taker_side"":""yes"",""ticker"":""KXETH15M-26APR271930-30"",""trade_id"":""861ab8e8-2d38-7146-565c-a02f36041f9c"",""yes_price_dollars"":""0.8400""}"
KXETH15M-26APR271930-30,ebd2ca65-0a12-51ae-6429-ffd5c00eeabc,1777331822,0.86,4.3,no,"{""count_fp"":""4.30"",""created_time"":""2026-04-27T23:17:02.755425Z"",""no_price_dollars"":""0.1400"",""taker_side"":""no"",""ticker"":""KXETH15M-26APR271930-30"",""trade_id"":""ebd2ca65-0a12-51ae-6429-ffd5c00eeabc"",""yes_price_dollars"":""0.8600""}"
KXETH15M-26APR271930-30,8d3823c3-f54c-5bca-68b5-d8cc41e25cb3,1777331822,0.86,1.0,no,"{""count_fp"":""1.00"",""created_time"":""2026-04-27T23:17:02.755425Z"",""no_price_dollars"":""0.1400"",""taker_side"":""no"",""ticker"":""KXETH15M-26APR271930-30"",""trade_id"":""8d3823c3-f54c-5bca-68b5-d8cc41e25cb3"",""yes_price_dollars"":""0.8600""}"
KXETH15M-26APR271930-30,ff2be453-20e6-7a90-0ed2-2f0121cbabc3,1777331822,0.86,7.0,no,"{""count_fp"":""7.00"",""created_time"":""2026-04-27T23:17:02.346198Z"",""no_price_dollars"":""0.1400"",""taker_side"":""no"",""ticker"":""KXETH15M-26APR271930-30"",""trade_id"":""ff2be453-20e6-7a90-0ed2-2f0121cbabc3"",""yes_price_dollars"":""0.8600""}"
KXETH15M-26APR271930-30,6e081124-39d2-7eae-22a5-ade23d984305,1777331822,0.86,1.0,no,"{""count_fp"":""1.00"",""created_time"":""2026-04-27T23:17:02.346198Z"",""no_price_dollars"":""0.1400"",""taker_side"":""no"",""ticker"":""KXETH15M-26APR271930-30"",""trade_id"":""6e081124-39d2-7eae-22a5-ade23d984305"",""yes_price_dollars"":""0.8600""}"
KXETH15M-26APR271930-30,456a7ee9-8521-63c5-6476-ef258339d3ba,1777331822,0.87,26.0,yes,"{""count_fp"":""26.00"",""created_time"":""2026-04-27T23:17:02.103107Z"",""no_price_dollars"":""0.1300"",""taker_side"":""yes"",""ticker"":""KXETH15M-26APR271930-30"",""trade_id"":""456a7ee9-8521-63c5-6476-ef258339d3ba"",""yes_price_dollars"":""0.8700""}"
KXETH15M-26APR271930-30,7cfb9838-187d-7292-d6bf-dee19e82cbdd,1777331822,0.86,1.0,no,"{""count_fp"":""1.00"",""created_time"":""2026-04-27T23:17:02.063557Z"",""no_price_dollars"":""0.1400"",""taker_side"":""no"",""ticker"":""KXETH15M-26APR271930-30"",""trade_id"":""7cfb9838-187d-7292-d6bf-dee19e82cbdd"",""yes_price_dollars"":""0.8600""}"
KXETH15M-26APR271930-30,4d813f1c-7bb2-7f6c-f73a-3eea1c806657,1777331822,0.86,26.79,no,"{""count_fp"":""26.79"",""created_time"":""2026-04-27T23:17:02.063557Z"",""no_price_dollars"":""0.1400"",""taker_side"":""no"",""ticker"":""KXETH15M-26APR271930-30"",""trade_id"":""4d813f1c-7bb2-7f6c-f73a-3eea1c806657"",""yes_price_dollars"":""0.8600""}"
KXETH15M-26APR271930-30,cc8ff785-19e0-7d59-bbd9-0ea3f367cfbb,1777331823,0.83,1.0,no,"{""count_fp"":""1.00"",""created_time"":""2026-04-27T23:17:03.191481Z"",""no_price_dollars"":""0.1700"",""taker_side"":""no"",""ticker"":""KXETH15M-26APR271930-30"",""trade_id"":""cc8ff785-19e0-7d59-bbd9-0ea3f367cfbb"",""yes_price_dollars"":""0.8300""}"
KXETH15M-26APR271930-30,bfcb9225-3d75-7ba2-ab38-21a258578d94,1777331823,0.81,688.3,no,"{""count_fp"":""688.30"",""created_time"":""2026-04-27T23:17:03.191481Z"",""no_price_dollars"":""0.1900"",""taker_side"":""no"",""ticker"":""KXETH15M-26APR271930-30"",""trade_id"":""bfcb9225-3d75-7ba2-ab38-21a258578d94"",""yes_price_dollars"":""0.8100""}"
KXETH15M-26APR271930-30,a3e2daf8-fe38-7063-a471-adc350a1d7b3,1777331823,0.85,10.0,no,"{""count_fp"":""10.00"",""created_time"":""2026-04-27T23:17:03.191481Z"",""no_price_dollars"":""0.1500"",""taker_side"":""no"",""ticker"":""KXETH15M-26APR271930-30"",""trade_id"":""a3e2daf8-fe38-7063-a471-adc350a1d7b3"",""yes_price_dollars"":""0.8500""}"
KXETH15M-26APR271930-30,9d18e42d-ffa8-7baf-ae37-33a036d48317,1777331823,0.84,1.0,no,"{""count_fp"":""1.00"",""created_time"":""2026-04-27T23:17:03.191481Z"",""no_price_dollars"":""0.1600"",""taker_side"":""no"",""ticker"":""KXETH15M-26APR271930-30"",""trade_id"":""9d18e42d-ffa8-7baf-ae37-33a036d48317"",""yes_price_dollars"":""0.8400""}"
KXETH15M-26APR271930-30,609c733d-839a-7f06-a459-c68295942d38,1777331823,0.86,100.0,no,"{""count_fp"":""100.00"",""created_time"":""2026-04-27T23:17:03.191481Z"",""no_price_dollars"":""0.1400"",""taker_side"":""no"",""ticker"":""KXETH15M-26APR271930-30"",""trade_id"":""609c733d-839a-7f06-a459-c68295942d38"",""yes_price_dollars"":""0.8600""}"
KXETH15M-26APR271930-30,542233bf-ed9c-7103-ae9f-39a1ccd89063,1777331823,0.86,1.0,no,"{""count_fp"":""1.00"",""created_time"":""2026-04-27T23:17:03.191481Z"",""no_price_dollars"":""0.1400"",""taker_side"":""no"",""ticker"":""KXETH15M-26APR271930-30"",""trade_id"":""542233bf-ed9c-7103-ae9f-39a1ccd89063"",""yes_price_dollars"":""0.8600""}"
KXETH15M-26APR271930-30,4444c2c0-cb4f-7c5e-b75f-edfa08dc03b2,1777331823,0.84,4.0,no,"{""count_fp"":""4.00"",""created_time"":""2026-04-27T23:17:03.191481Z"",""no_price_dollars"":""0.1600"",""taker_side"":""no"",""ticker"":""KXETH15M-26APR271930-30"",""trade_id"":""4444c2c0-cb4f-7c5e-b75f-edfa08dc03b2"",""yes_price_dollars"":""0.8400""}"
KXETH15M-26APR271930-30,57ffe3ea-d549-507d-cb70-d146948916f6,1777331823,0.87,11.0,yes,"{""count_fp"":""11.00"",""created_time"":""2026-04-27T23:17:03.094136Z"",""no_price_dollars"":""0.1300"",""taker_side"":""yes"",""ticker"":""KXETH15M-26APR271930-30"",""trade_id"":""57ffe3ea-d549-507d-cb70-d146948916f6"",""yes_price_dollars"":""0.8700""}"
KXETH15M-26APR271930-30,4b9649fb-a778-5185-efab-5488cf36ebff,1777331823,0.87,10.0,yes,"{""count_fp"":""10.00"",""created_time"":""2026-04-27T23:17:03.094136Z"",""no_price_dollars"":""0.1300"",""taker_side"":""yes"",""ticker"":""KXETH15M-26APR271930-30"",""trade_id"":""4b9649fb-a778-5185-efab-5488cf36ebff"",""yes_price_dollars"":""0.8700""}"
KXETH15M-26APR271930-30,097b39e9-bc0b-5c7c-e1c2-f3c72917fe3a,1777331823,0.87,2.0,yes,"{""count_fp"":""2.00"",""created_time"":""2026-04-27T23:17:03.094136Z"",""no_price_dollars"":""0.1300"",""taker_side"":""yes"",""ticker"":""KXETH15M-26APR271930-30"",""trade_id"":""097b39e9-bc0b-5c7c-e1c2-f3c72917fe3a"",""yes_price_dollars"":""0.8700""}"
KXETH15M-26APR271930-30,287f6f3a-5be8-7099-a981-5f58159d146b,1777331824,0.87,18.0,yes,"{""count_fp"":""18.00"",""created_time"":""2026-04-27T23:17:04.145147Z"",""no_price_dollars"":""0.1300"",""taker_side"":""yes"",""ticker"":""KXETH15M-26APR271930-30"",""trade_id"":""287f6f3a-5be8-7099-a981-5f58159d146b"",""yes_price_dollars"":""0.8700""}"
KXETH15M-26APR271930-30,b668cb54-10c6-459d-949b-867149765b2a,1777331825,0.86,1.0,no,"{""count_fp"":""1.00"",""created_time"":""2026-04-27T23:17:05.913344Z"",""no_price_dollars"":""0.1400"",""taker_side"":""no"",""ticker"":""KXETH15M-26APR271930-30"",""trade_id"":""b668cb54-10c6-459d-949b-867149765b2a"",""yes_price_dollars"":""0.8600""}"
KXETH15M-26APR271930-30,25c3a0a9-c8e3-43c7-bf0f-fc2378d1ed06,1777331825,0.86,21.43,no,"{""count_fp"":""21.43"",""created_time"":""2026-04-27T23:17:05.913344Z"",""no_price_dollars"":""0.1400"",""taker_side"":""no"",""ticker"":""KXETH15M-26APR271930-30"",""trade_id"":""25c3a0a9-c8e3-43c7-bf0f-fc2378d1ed06"",""yes_price_dollars"":""0.8600""}"
KXETH15M-26APR271930-30,458bf805-a53c-7bcd-b3fa-c28e2b8d3997,1777331825,0.87,17.0,yes,"{""count_fp"":""17.00"",""created_time"":""2026-04-27T23:17:05.156957Z"",""no_price_dollars"":""0.1300"",""taker_side"":""yes"",""ticker"":""KXETH15M-26APR271930-30"",""trade_id"":""458bf805-a53c-7bcd-b3fa-c28e2b8d3997"",""yes_price_dollars"":""0.8700""}"
KXETH15M-26APR271930-30,2eff6864-534b-58ce-26c2-4ce530618328,1777331826,0.85,1.0,no,"{""count_fp"":""1.00"",""created_time"":""2026-04-27T23:17:06.814521Z"",""no_price_dollars"":""0.1500"",""taker_side"":""no"",""ticker"":""KXETH15M-26APR271930-30"",""trade_id"":""2eff6864-534b-58ce-26c2-4ce530618328"",""yes_price_dollars"":""0.8500""}"
KXETH15M-26APR271930-30,cbf38baa-34d0-5d61-5bec-e2af304d1e0f,1777331826,0.87,5.0,yes,"{""count_fp"":""5.00"",""created_time"":""2026-04-27T23:17:06.313229Z"",""no_price_dollars"":""0.1300"",""taker_side"":""yes"",""ticker"":""KXETH15M-26APR271930-30"",""trade_id"":""cbf38baa-34d0-5d61-5bec-e2af304d1e0f"",""yes_price_dollars"":""0.8700""}"
KXETH15M-26APR271930-30,ce1f48e5-5ed4-51c5-8ff6-c0fb1f91a173,1777331826,0.87,14.0,yes,"{""count_fp"":""14.00"",""created_time"":""2026-04-27T23:17:06.110896Z"",""no_price_dollars"":""0.1300"",""taker_side"":""yes"",""ticker"":""KXETH15M-26APR271930-30"",""trade_id"":""ce1f48e5-5ed4-51c5-8ff6-c0fb1f91a173"",""yes_price_dollars"":""0.8700""}"
KXETH15M-26APR271930-30,24b72c5f-50b4-7901-240a-64fa30390787,1777331827,0.87,21.0,yes,"{""count_fp"":""21.00"",""created_time"":""2026-04-27T23:17:07.086669Z"",""no_price_dollars"":""0.1300"",""taker_side"":""yes"",""ticker"":""KXETH15M-26APR271930-30"",""trade_id"":""24b72c5f-50b4-7901-240a-64fa30390787"",""yes_price_dollars"":""0.8700""}"
KXETH15M-26APR271930-30,68cc1280-dd7a-4983-55a5-09e2e5f675eb,1777331828,0.84,2.0,no,"{""count_fp"":""2.00"",""created_time"":""2026-04-27T23:17:08.460995Z"",""no_price_dollars"":""0.1600"",""taker_side"":""no"",""ticker"":""KXETH15M-26APR271930-30"",""trade_id"":""68cc1280-dd7a-4983-55a5-09e2e5f675eb"",""yes_price_dollars"":""0.8400""}"
KXETH15M-26APR271930-30,0881b7b9-4af8-406b-7911-3d2ffb9c0073,1777331828,0.84,73.0,no,"{""count_fp"":""73.00"",""created_time"":""2026-04-27T23:17:08.460995Z"",""no_price_dollars"":""0.1600"",""taker_side"":""no"",""ticker"":""KXETH15M-26APR271930-30"",""trade_id"":""0881b7b9-4af8-406b-7911-3d2ffb9c0073"",""yes_price_dollars"":""0.8400""}"
KXETH15M-26APR271930-30,f4d7e993-2583-69ab-21c7-1a60d2e8605e,1777331828,0.85,100.0,no,"{""count_fp"":""100.00"",""created_time"":""2026-04-27T23:17:08.146119Z"",""no_price_dollars"":""0.1500"",""taker_side"":""no"",""ticker"":""KXETH15M-26APR271930-30"",""trade_id"":""f4d7e993-2583-69ab-21c7-1a60d2e8605e"",""yes_price_dollars"":""0.8500""}"
KXETH15M-26APR271930-30,cab6bf84-7bb7-6d48-3db1-9865f550f5e3,1777331828,0.85,1.0,no,"{""count_fp"":""1.00"",""created_time"":""2026-04-27T23:17:08.146119Z"",""no_price_dollars"":""0.1500"",""taker_side"":""no"",""ticker"":""KXETH15M-26APR271930-30"",""trade_id"":""cab6bf84-7bb7-6d48-3db1-9865f550f5e3"",""yes_price_dollars"":""0.8500""}"
KXETH15M-26APR271930-30,a5de631f-ea83-6728-07c5-3b13d6904d52,1777331828,0.85,10.0,no,"{""count_fp"":""10.00"",""created_time"":""2026-04-27T23:17:08.146119Z"",""no_price_dollars"":""0.1500"",""taker_side"":""no"",""ticker"":""KXETH15M-26APR271930-30"",""trade_id"":""a5de631f-ea83-6728-07c5-3b13d6904d52"",""yes_price_dollars"":""0.8500""}"
KXETH15M-26APR271930-30,0d08120e-8850-5f95-20f9-e416d1fea43b,1777331828,0.87,20.0,yes,"{""count_fp"":""20.00"",""created_time"":""2026-04-27T23:17:08.082249Z"",""no_price_dollars"":""0.1300"",""taker_side"":""yes"",""ticker"":""KXETH15M-26APR271930-30"",""trade_id"":""0d08120e-8850-5f95-20f9-e416d1fea43b"",""yes_price_dollars"":""0.8700""}"
KXETH15M-26APR271930-30,c677d6a3-ce84-7da4-9a76-5ddb745109fd,1777331829,0.92,1.0,yes,"{""count_fp"":""1.00"",""created_time"":""2026-04-27T23:17:09.846999Z"",""no_price_dollars"":""0.0800"",""taker_side"":""yes"",""ticker"":""KXETH15M-26APR271930-30"",""trade_id"":""c677d6a3-ce84-7da4-9a76-5ddb745109fd"",""yes_price_dollars"":""0.9200""}"
KXETH15M-26APR271930-30,87621307-0de6-7b70-8ee2-4605347f490b,1777331829,0.92,6.0,yes,"{""count_fp"":""6.00"",""created_time"":""2026-04-27T23:17:09.846999Z"",""no_price_dollars"":""0.0800"",""taker_side"":""yes"",""ticker"":""KXETH15M-26APR271930-30"",""trade_id"":""87621307-0de6-7b70-8ee2-4605347f490b"",""yes_price_dollars"":""0.9200""}"
KXETH15M-26APR271930-30,1dfff338-cede-75dc-ae37-9716aa72f37f,1777331829,0.92,3.0,yes,"{""count_fp"":""3.00"",""created_time"":""2026-04-27T23:17:09.846999Z"",""no_price_dollars"":""0.0800"",""taker_side"":""yes"",""ticker"":""KXETH15M-26APR271930-30"",""trade_id"":""1dfff338-cede-75dc-ae37-9716aa72f37f"",""yes_price_dollars"":""0.9200""}"
KXETH15M-26APR271930-30,a63d21f7-995b-59f0-12a4-3f01c5150a72,1777331829,0.91,4.0,yes,"{""count_fp"":""4.00"",""created_time"":""2026-04-27T23:17:09.643224Z"",""no_price_dollars"":""0.0900"",""taker_side"":""yes"",""ticker"":""KXETH15M-26APR271930-30"",""trade_id"":""a63d21f7-995b-59f0-12a4-3f01c5150a72"",""yes_price_dollars"":""0.9100""}"
KXETH15M-26APR271930-30,778e7e43-1734-5167-0424-b7ebd32696ed,1777331829,0.91,1.0,yes,"{""count_fp"":""1.00"",""created_time"":""2026-04-27T23:17:09.643224Z"",""no_price_dollars"":""0.0900"",""taker_side"":""yes"",""ticker"":""KXETH15M-26APR271930-30"",""trade_id"":""778e7e43-1734-5167-0424-b7ebd32696ed"",""yes_price_dollars"":""0.9100""}"
KXETH15M-26APR271930-30,4111288e-e047-5ab8-3f01-4b490eb8b9ac,1777331829,0.91,7.0,yes,"{""count_fp"":""7.00"",""created_time"":""2026-04-27T23:17:09.643224Z"",""no_price_dollars"":""0.0900"",""taker_side"":""yes"",""ticker"":""KXETH15M-26APR271930-30"",""trade_id"":""4111288e-e047-5ab8-3f01-4b490eb8b9ac"",""yes_price_dollars"":""0.9100""}"
KXETH15M-26APR271930-30,13084fc1-4a37-5f66-1a33-0fdd2f33be11,1777331829,0.9,200.0,yes,"{""count_fp"":""200.00"",""created_time"":""2026-04-27T23:17:09.643224Z"",""no_price_dollars"":""0.1000"",""taker_side"":""yes"",""ticker"":""KXETH15M-26APR271930-30"",""trade_id"":""13084fc1-4a37-5f66-1a33-0fdd2f33be11"",""yes_price_dollars"":""0.9000""}"
KXETH15M-26APR271930-30,12ae1881-13c8-5494-0cc8-48fed2a01751,1777331829,0.91,3.0,yes,"{""count_fp"":""3.00"",""created_time"":""2026-04-27T23:17:09.643224Z"",""no_price_dollars"":""0.0900"",""taker_side"":""yes"",""ticker"":""KXETH15M-26APR271930-30"",""trade_id"":""12ae1881-13c8-5494-0cc8-48fed2a01751"",""yes_price_dollars"":""0.9100""}"
KXETH15M-26APR271930-30,15f78bf0-ae75-7bb0-63fe-bf26c8393728,1777331829,0.87,99.0,yes,"{""count_fp"":""99.00"",""created_time"":""2026-04-27T23:17:09.496185Z"",""no_price_dollars"":""0.1300"",""taker_side"":""yes"",""ticker"":""KXETH15M-26APR271930-30"",""trade_id"":""15f78bf0-ae75-7bb0-63fe-bf26c8393728"",""yes_price_dollars"":""0.8700""}"
KXETH15M-26APR271930-30,567a2d48-659c-6cc5-8ae3-14f4dc2655af,1777331829,0.84,14.0,yes,"{""count_fp"":""14.00"",""created_time"":""2026-04-27T23:17:09.134258Z"",""no_price_dollars"":""0.1600"",""taker_side"":""yes"",""ticker"":""KXETH15M-26APR271930-30"",""trade_id"":""567a2d48-659c-6cc5-8ae3-14f4dc2655af"",""yes_price_dollars"":""0.8400""}"
KXETH15M-26APR271930-30,929c5e28-f8db-66aa-968a-f3711be9fb2f,1777331832,0.86,7.09,no,"{""count_fp"":""7.09"",""created_time"":""2026-04-27T23:17:12.692434Z"",""no_price_dollars"":""0.1400"",""taker_side"":""no"",""ticker"":""KXETH15M-26APR271930-30"",""trade_id"":""929c5e28-f8db-66aa-968a-f3711be9fb2f"",""yes_price_dollars"":""0.8600""}"
KXETH15M-26APR271930-30,16a95011-9780-4782-8549-f6f8895df62b,1777331832,0.91,21.0,yes,"{""count_fp"":""21.00"",""created_time"":""2026-04-27T23:17:12.110765Z"",""no_price_dollars"":""0.0900"",""taker_side"":""yes"",""ticker"":""KXETH15M-26APR271930-30"",""trade_id"":""16a95011-9780-4782-8549-f6f8895df62b"",""yes_price_dollars"":""0.9100""}"
KXETH15M-26APR271930-30,169b5195-7d4c-430a-4daf-7abcf696351f,1777331833,0.87,1.0,no,"{""count_fp"":""1.00"",""created_time"":""2026-04-27T23:17:13.494467Z"",""no_price_dollars"":""0.1300"",""taker_side"":""no"",""ticker"":""KXETH15M-26APR271930-30"",""trade_id"":""169b5195-7d4c-430a-4daf-7abcf696351f"",""yes_price_dollars"":""0.8700""}"
KXETH15M-26APR271930-30,0e6f97d2-aad0-470f-6a28-cb87d5310150,1777331833,0.86,5.29,no,"{""count_fp"":""5.29"",""created_time"":""2026-04-27T23:17:13.494467Z"",""no_price_dollars"":""0.1400"",""taker_side"":""no"",""ticker"":""KXETH15M-26APR271930-30"",""trade_id"":""0e6f97d2-aad0-470f-6a28-cb87d5310150"",""yes_price_dollars"":""0.8600""}"
KXETH15M-26APR271930-30,fc50e1f1-d4fc-5a52-8eb8-31e81b411f33,1777331837,0.89,17.0,yes,"{""count_fp"":""17.00"",""created_time"":""2026-04-27T23:17:17.110479Z"",""no_price_dollars"":""0.1100"",""taker_side"":""yes"",""ticker"":""KXETH15M-26APR271930-30"",""trade_id"":""fc50e1f1-d4fc-5a52-8eb8-31e81b411f33"",""yes_price_dollars"":""0.8900""}"
KXETH15M-26APR271930-30,1c3b3bb1-893b-5616-966d-d9f775cd7b2c,1777331837,0.87,1.0,yes,"{""count_fp"":""1.00"",""created_time"":""2026-04-27T23:17:17.110479Z"",""no_price_dollars"":""0.1300"",""taker_side"":""yes"",""ticker"":""KXETH15M-26APR271930-30"",""trade_id"":""1c3b3bb1-893b-5616-966d-d9f775cd7b2c"",""yes_price_dollars"":""0.8700""}"
KXETH15M-26APR271930-30,c09be672-c60b-42c7-3db5-690fd239c828,1777331839,0.87,60.0,no,"{""count_fp"":""60.00"",""created_time"":""2026-04-27T23:17:19.381512Z"",""no_price_dollars"":""0.1300"",""taker_side"":""no"",""ticker"":""KXETH15M-26APR271930-30"",""trade_id"":""c09be672-c60b-42c7-3db5-690fd239c828"",""yes_price_dollars"":""0.8700""}"
KXETH15M-26APR271930-30,9ea60dbe-e72c-4b5f-20ba-41682b4c24b8,1777331839,0.87,40.0,no,"{""count_fp"":""40.00"",""created_time"":""2026-04-27T23:17:19.381512Z"",""no_price_dollars"":""0.1300"",""taker_side"":""no"",""ticker"":""KXETH15M-26APR271930-30"",""trade_id"":""9ea60dbe-e72c-4b5f-20ba-41682b4c24b8"",""yes_price_dollars"":""0.8700""}"
KXETH15M-26APR271930-30,b2f2b87f-9fc8-6de3-ee22-4d7d32e0a3d4,1777331839,0.88,10.69,no,"{""count_fp"":""10.69"",""created_time"":""2026-04-27T23:17:19.329599Z"",""no_price_dollars"":""0.1200"",""taker_side"":""no"",""ticker"":""KXETH15M-26APR271930-30"",""trade_id"":""b2f2b87f-9fc8-6de3-ee22-4d7d32e0a3d4"",""yes_price_dollars"":""0.8800""}"
KXETH15M-26APR271930-30,6625ec10-0fd3-6bb6-daf1-412185e86c38,1777331839,0.88,5.0,no,"{""count_fp"":""5.00"",""created_time"":""2026-04-27T23:17:19.329599Z"",""no_price_dollars"":""0.1200"",""taker_side"":""no"",""ticker"":""KXETH15M-26APR271930-30"",""trade_id"":""6625ec10-0fd3-6bb6-daf1-412185e86c38"",""yes_price_dollars"":""0.8800""}"
KXETH15M-26APR271930-30,178805f9-ab6b-4e5f-296c-b6734d0fdc5a,1777331844,0.89,1.0,yes,"{""count_fp"":""1.00"",""created_time"":""2026-04-27T23:17:24.889195Z"",""no_price_dollars"":""0.1100"",""taker_side"":""yes"",""ticker"":""KXETH15M-26APR271930-30"",""trade_id"":""178805f9-ab6b-4e5f-296c-b6734d0fdc5a"",""yes_price_dollars"":""0.8900""}"
KXETH15M-26APR271930-30,b28d75a6-5b46-6872-e08c-a37034583708,1777331845,0.88,10.0,no,"{""count_fp"":""10.00"",""created_time"":""2026-04-27T23:17:25.697528Z"",""no_price_dollars"":""0.1200"",""taker_side"":""no"",""ticker"":""KXETH15M-26APR271930-30"",""trade_id"":""b28d75a6-5b46-6872-e08c-a37034583708"",""yes_price_dollars"":""0.8800""}"
KXETH15M-26APR271930-30,35207f9d-2f70-634b-1174-f7bcca4b7828,1777331849,0.86,5.0,no,"{""count_fp"":""5.00"",""created_time"":""2026-04-27T23:17:29.760913Z"",""no_price_dollars"":""0.1400"",""taker_side"":""no"",""ticker"":""KXETH15M-26APR271930-30"",""trade_id"":""35207f9d-2f70-634b-1174-f7bcca4b7828"",""yes_price_dollars"":""0.8600""}"
KXETH15M-26APR271930-30,1c10bc42-6d72-66cc-1a27-44b6a5d44df0,1777331849,0.86,1.0,no,"{""count_fp"":""1.00"",""created_time"":""2026-04-27T23:17:29.760913Z"",""no_price_dollars"":""0.1400"",""taker_side"":""no"",""ticker"":""KXETH15M-26APR271930-30"",""trade_id"":""1c10bc42-6d72-66cc-1a27-44b6a5d44df0"",""yes_price_dollars"":""0.8600""}"
KXETH15M-26APR271930-30,e5386348-d865-78ae-6852-1b446106505d,1777331851,0.83,1.0,yes,"{""count_fp"":""1.00"",""created_time"":""2026-04-27T23:17:31.767774Z"",""no_price_dollars"":""0.1700"",""taker_side"":""yes"",""ticker"":""KXETH15M-26APR271930-30"",""trade_id"":""e5386348-d865-78ae-6852-1b446106505d"",""yes_price_dollars"":""0.8300""}"
KXETH15M-26APR271930-30,ca598cac-badc-52a7-1c5b-305106709d27,1777331851,0.81,1.0,yes,"{""count_fp"":""1.00"",""created_time"":""2026-04-27T23:17:31.744981Z"",""no_price_dollars"":""0.1900"",""taker_side"":""yes"",""ticker"":""KXETH15M-26APR271930-30"",""trade_id"":""ca598cac-badc-52a7-1c5b-305106709d27"",""yes_price_dollars"":""0.8100""}"
KXETH15M-26APR271930-30,9ccd92b8-776f-477f-a003-d13387b0770b,1777331851,0.81,1.0,no,"{""count_fp"":""1.00"",""created_time"":""2026-04-27T23:17:31.589172Z"",""no_price_dollars"":""0.1900"",""taker_side"":""no"",""ticker"":""KXETH15M-26APR271930-30"",""trade_id"":""9ccd92b8-776f-477f-a003-d13387b0770b"",""yes_price_dollars"":""0.8100""}"
KXETH15M-26APR271930-30,08b45154-ed4c-4e52-97db-8b869826af11,1777331851,0.82,5.0,no,"{""count_fp"":""5.00"",""created_time"":""2026-04-27T23:17:31.589172Z"",""no_price_dollars"":""0.1800"",""taker_side"":""no"",""ticker"":""KXETH15M-26APR271930-30"",""trade_id"":""08b45154-ed4c-4e52-97db-8b869826af11"",""yes_price_dollars"":""0.8200""}"
KXETH15M-26APR271930-30,40967d6b-de9d-7903-1a12-63f8b5aac1ca,1777331851,0.84,14.0,no,"{""count_fp"":""14.00"",""created_time"":""2026-04-27T23:17:31.522641Z"",""no_price_dollars"":""0.1600"",""taker_side"":""no"",""ticker"":""KXETH15M-26APR271930-30"",""trade_id"":""40967d6b-de9d-7903-1a12-63f8b5aac1ca"",""yes_price_dollars"":""0.8400""}"
KXETH15M-26APR271930-30,c92c07c8-8d3b-6e40-8ba1-8fe204e6ca63,1777331851,0.85,60.0,no,"{""count_fp"":""60.00"",""created_time"":""2026-04-27T23:17:31.506236Z"",""no_price_dollars"":""0.1500"",""taker_side"":""no"",""ticker"":""KXETH15M-26APR271930-30"",""trade_id"":""c92c07c8-8d3b-6e40-8ba1-8fe204e6ca63"",""yes_price_dollars"":""0.8500""}"
KXETH15M-26APR271930-30,51fa7597-47e4-66f7-84cb-3df44f112a28,1777331851,0.85,100.0,no,"{""count_fp"":""100.00"",""created_time"":""2026-04-27T23:17:31.506236Z"",""no_price_dollars"":""0.1500"",""taker_side"":""no"",""ticker"":""KXETH15M-26APR271930-30"",""trade_id"":""51fa7597-47e4-66f7-84cb-3df44f112a28"",""yes_price_dollars"":""0.8500""}"
KXETH15M-26APR271930-30,e2b49b7b-373d-43a9-748f-dd78434cf062,1777331851,0.86,6.73,no,"{""count_fp"":""6.73"",""created_time"":""2026-04-27T23:17:31.333569Z"",""no_price_dollars"":""0.1400"",""taker_side"":""no"",""ticker"":""KXETH15M-26APR271930-30"",""trade_id"":""e2b49b7b-373d-43a9-748f-dd78434cf062"",""yes_price_dollars"":""0.8600""}"
KXETH15M-26APR271930-30,9f33f0cc-4ce0-5e1e-dfde-41916b9eb7e4,1777331852,0.81,1.0,yes,"{""count_fp"":""1.00"",""created_time"":""2026-04-27T23:17:32.572343Z"",""no_price_dollars"":""0.1900"",""taker_side"":""yes"",""ticker"":""KXETH15M-26APR271930-30"",""trade_id"":""9f33f0cc-4ce0-5e1e-dfde-41916b9eb7e4"",""yes_price_dollars"":""0.8100""}"
KXETH15M-26APR271930-30,fa11b091-8298-4c27-92ad-14f7fc2409fc,1777331852,0.79,1.0,yes,"{""count_fp"":""1.00"",""created_time"":""2026-04-27T23:17:32.261258Z"",""no_price_dollars"":""0.2100"",""taker_side"":""yes"",""ticker"":""KXETH15M-26APR271930-30"",""trade_id"":""fa11b091-8298-4c27-92ad-14f7fc2409fc"",""yes_price_dollars"":""0.7900""}"
KXETH15M-26APR271930-30,914ee5bb-3b73-72f2-3477-3fc4a9236670,1777331853,0.82,7.0,yes,"{""count_fp"":""7.00"",""created_time"":""2026-04-27T23:17:33.565877Z"",""no_price_dollars"":""0.1800"",""taker_side"":""yes"",""ticker"":""KXETH15M-26APR271930-30"",""trade_id"":""914ee5bb-3b73-72f2-3477-3fc4a9236670"",""yes_price_dollars"":""0.8200""}"
KXETH15M-26APR271930-30,0546a71a-e253-57ca-d76e-8c240307a460,1777331858,0.8,9.46,no,"{""count_fp"":""9.46"",""created_time"":""2026-04-27T23:17:38.785406Z"",""no_price_dollars"":""0.2000"",""taker_side"":""no"",""ticker"":""KXETH15M-26APR271930-30"",""trade_id"":""0546a71a-e253-57ca-d76e-8c240307a460"",""yes_price_dollars"":""0.8000""}"
KXETH15M-26APR271930-30,1e03ec2d-142b-652e-95d5-89448ed06b20,1777331858,0.8,4.0,no,"{""count_fp"":""4.00"",""created_time"":""2026-04-27T23:17:38.245526Z"",""no_price_dollars"":""0.2000"",""taker_side"":""no"",""ticker"":""KXETH15M-26APR271930-30"",""trade_id"":""1e03ec2d-142b-652e-95d5-89448ed06b20"",""yes_price_dollars"":""0.8000""}"
KXETH15M-26APR271930-30,2f5aa7d6-5d25-771e-3f90-4bbac9a69521,1777331859,0.83,0.2,yes,"{""count_fp"":""0.20"",""created_time"":""2026-04-27T23:17:39.901909Z"",""no_price_dollars"":""0.1700"",""taker_side"":""yes"",""ticker"":""KXETH15M-26APR271930-30"",""trade_id"":""2f5aa7d6-5d25-771e-3f90-4bbac9a69521"",""yes_price_dollars"":""0.8300""}"
KXETH15M-26APR271930-30,075bced4-226b-7c14-2001-5640d420a287,1777331859,0.81,1.0,yes,"{""count_fp"":""1.00"",""created_time"":""2026-04-27T23:17:39.901909Z"",""no_price_dollars"":""0.1900"",""taker_side"":""yes"",""ticker"":""KXETH15M-26APR271930-30"",""trade_id"":""075bced4-226b-7c14-2001-5640d420a287"",""yes_price_dollars"":""0.8100""}"
KXETH15M-26APR271930-30,ac313987-a84d-7d52-82c8-2013d092e3f4,1777331861,0.79,1.0,yes,"{""count_fp"":""1.00"",""created_time"":""2026-04-27T23:17:41.524676Z"",""no_price_dollars"":""0.2100"",""taker_side"":""yes"",""ticker"":""KXETH15M-26APR271930-30"",""trade_id"":""ac313987-a84d-7d52-82c8-2013d092e3f4"",""yes_price_dollars"":""0.7900""}"
KXETH15M-26APR271930-30,c0a749f7-4002-7470-791c-ddd51de6bda2,1777331861,0.8,12.44,no,"{""count_fp"":""12.44"",""created_time"":""2026-04-27T23:17:41.363578Z"",""no_price_dollars"":""0.2000"",""taker_side"":""no"",""ticker"":""KXETH15M-26APR271930-30"",""trade_id"":""c0a749f7-4002-7470-791c-ddd51de6bda2"",""yes_price_dollars"":""0.8000""}"
KXETH15M-26APR271930-30,b4b56083-31e3-7295-400a-a5aa96918c61,1777331861,0.8,9.02,no,"{""count_fp"":""9.02"",""created_time"":""2026-04-27T23:17:41.363578Z"",""no_price_dollars"":""0.2000"",""taker_side"":""no"",""ticker"":""KXETH15M-26APR271930-30"",""trade_id"":""b4b56083-31e3-7295-400a-a5aa96918c61"",""yes_price_dollars"":""0.8000""}"
KXETH15M-26APR271930-30,86346719-2f73-7e72-792c-461fb7609bb8,1777331861,0.8,0.54,no,"{""count_fp"":""0.54"",""created_time"":""2026-04-27T23:17:41.363578Z"",""no_price_dollars"":""0.2000"",""taker_side"":""no"",""ticker"":""KXETH15M-26APR271930-30"",""trade_id"":""86346719-2f73-7e72-792c-461fb7609bb8"",""yes_price_dollars"":""0.8000""}"
KXETH15M-26APR271930-30,012434d8-d92f-4a06-9ed2-e47254491a56,1777331865,0.79,4.47,no,"{""count_fp"":""4.47"",""created_time"":""2026-04-27T23:17:45.608117Z"",""no_price_dollars"":""0.2100"",""taker_side"":""no"",""ticker"":""KXETH15M-26APR271930-30"",""trade_id"":""012434d8-d92f-4a06-9ed2-e47254491a56"",""yes_price_dollars"":""0.7900""}"
KXETH15M-26APR271930-30,9ac7c0ef-8098-5727-dc8b-05255b8a908e,1777331866,0.8,1.0,yes,"{""count_fp"":""1.00"",""created_time"":""2026-04-27T23:17:46.153916Z"",""no_price_dollars"":""0.2000"",""taker_side"":""yes"",""ticker"":""KXETH15M-26APR271930-30"",""trade_id"":""9ac7c0ef-8098-5727-dc8b-05255b8a908e"",""yes_price_dollars"":""0.8000""}"
KXETH15M-26APR271930-30,ce173720-a12f-5606-42fb-f2d848cc51ae,1777331868,0.79,1.12,no,"{""count_fp"":""1.12"",""created_time"":""2026-04-27T23:17:48.639432Z"",""no_price_dollars"":""0.2100"",""taker_side"":""no"",""ticker"":""KXETH15M-26APR271930-30"",""trade_id"":""ce173720-a12f-5606-42fb-f2d848cc51ae"",""yes_price_dollars"":""0.7900""}"
KXETH15M-26APR271930-30,9e86dd74-b0c0-787e-2c50-7cc27e6c6fe1,1777331870,0.8,1.0,yes,"{""count_fp"":""1.00"",""created_time"":""2026-04-27T23:17:50.763438Z"",""no_price_dollars"":""0.2000"",""taker_side"":""yes"",""ticker"":""KXETH15M-26APR271930-30"",""trade_id"":""9e86dd74-b0c0-787e-2c50-7cc27e6c6fe1"",""yes_price_dollars"":""0.8000""}"
KXETH15M-26APR271930-30,89c64ca6-b89f-7918-27c1-9d6d7fe1b96d,1777331870,0.81,10.52,yes,"{""count_fp"":""10.52"",""created_time"":""2026-04-27T23:17:50.763438Z"",""no_price_dollars"":""0.1900"",""taker_side"":""yes"",""ticker"":""KXETH15M-26APR271930-30"",""trade_id"":""89c64ca6-b89f-7918-27c1-9d6d7fe1b96d"",""yes_price_dollars"":""0.8100""}"
KXETH15M-26APR271930-30,494fb3a5-83a2-73b8-1a6b-9c0e2d2d949d,1777331870,0.82,8.48,yes,"{""count_fp"":""8.48"",""created_time"":""2026-04-27T23:17:50.763438Z"",""no_price_dollars"":""0.1800"",""taker_side"":""yes"",""ticker"":""KXETH15M-26APR271930-30"",""trade_id"":""494fb3a5-83a2-73b8-1a6b-9c0e2d2d949d"",""yes_price_dollars"":""0.8200""}"
KXETH15M-26APR271930-30,d9cfe4e2-c811-7f16-22f4-6fb8bcc5302c,1777331871,0.8,1.0,yes,"{""count_fp"":""1.00"",""created_time"":""2026-04-27T23:17:51.496142Z"",""no_price_dollars"":""0.2000"",""taker_side"":""yes"",""ticker"":""KXETH15M-26APR271930-30"",""trade_id"":""d9cfe4e2-c811-7f16-22f4-6fb8bcc5302c"",""yes_price_dollars"":""0.8000""}"
KXETH15M-26APR271930-30,440d9176-a8ae-516f-b781-370d99cbf48b,1777331874,0.78,1.0,yes,"{""count_fp"":""1.00"",""created_time"":""2026-04-27T23:17:54.199511Z"",""no_price_dollars"":""0.2200"",""taker_side"":""yes"",""ticker"":""KXETH15M-26APR271930-30"",""trade_id"":""440d9176-a8ae-516f-b781-370d99cbf48b"",""yes_price_dollars"":""0.7800""}"
KXETH15M-26APR271930-30,b780ce3a-cf89-5d2e-c04a-77dd41f452b2,1777331874,0.79,2.0,no,"{""count_fp"":""2.00"",""created_time"":""2026-04-27T23:17:54.052996Z"",""no_price_dollars"":""0.2100"",""taker_side"":""no"",""ticker"":""KXETH15M-26APR271930-30"",""trade_id"":""b780ce3a-cf89-5d2e-c04a-77dd41f452b2"",""yes_price_dollars"":""0.7900""}"
KXETH15M-26APR271930-30,84bf61c2-d181-528c-f0b6-46bc03eef1b6,1777331876,0.79,1.0,yes,"{""count_fp"":""1.00"",""created_time"":""2026-04-27T23:17:56.540243Z"",""no_price_dollars"":""0.2100"",""taker_side"":""yes"",""ticker"":""KXETH15M-26APR271930-30"",""trade_id"":""84bf61c2-d181-528c-f0b6-46bc03eef1b6"",""yes_price_dollars"":""0.7900""}"
KXETH15M-26APR271930-30,f44370a8-9b17-7e62-4eb6-da9f349398e8,1777331877,0.8,0.22,yes,"{""count_fp"":""0.22"",""created_time"":""2026-04-27T23:17:57.022952Z"",""no_price_dollars"":""0.2000"",""taker_side"":""yes"",""ticker"":""KXETH15M-26APR271930-30"",""trade_id"":""f44370a8-9b17-7e62-4eb6-da9f349398e8"",""yes_price_dollars"":""0.8000""}"
KXETH15M-26APR271930-30,79307877-3093-7474-4c44-30c58cfa1cdc,1777331877,0.78,1.0,yes,"{""count_fp"":""1.00"",""created_time"":""2026-04-27T23:17:57.022952Z"",""no_price_dollars"":""0.2200"",""taker_side"":""yes"",""ticker"":""KXETH15M-26APR271930-30"",""trade_id"":""79307877-3093-7474-4c44-30c58cfa1cdc"",""yes_price_dollars"":""0.7800""}"
KXETH15M-26APR271930-30,19fb3456-8010-5ed4-849e-5605920e869b,1777331883,0.77,1.0,yes,"{""count_fp"":""1.00"",""created_time"":""2026-04-27T23:18:03.469245Z"",""no_price_dollars"":""0.2300"",""taker_side"":""yes"",""ticker"":""KXETH15M-26APR271930-30"",""trade_id"":""19fb3456-8010-5ed4-849e-5605920e869b"",""yes_price_dollars"":""0.7700""}"
KXETH15M-26APR271930-30,7c5f770c-aee5-75cc-26c5-428b695a32af,1777331883,0.75,1.0,no,"{""count_fp"":""1.00"",""created_time"":""2026-04-27T23:18:03.260536Z"",""no_price_dollars"":""0.2500"",""taker_side"":""no"",""ticker"":""KXETH15M-26APR271930-30"",""trade_id"":""7c5f770c-aee5-75cc-26c5-428b695a32af"",""yes_price_dollars"":""0.7500""}"
KXETH15M-26APR271930-30,76def2a8-b1b1-7d34-1672-49fb7de53ba3,1777331883,0.75,5.88,no,"{""count_fp"":""5.88"",""created_time"":""2026-04-27T23:18:03.260536Z"",""no_price_dollars"":""0.2500"",""taker_side"":""no"",""ticker"":""KXETH15M-26APR271930-30"",""trade_id"":""76def2a8-b1b1-7d34-1672-49fb7de53ba3"",""yes_price_dollars"":""0.7500""}"
KXETH15M-26APR271930-30,bd5dc7f1-98a1-6fb0-7191-f9486ef3792f,1777331884,0.75,3.0,no,"{""count_fp"":""3.00"",""created_time"":""2026-04-27T23:18:04.414841Z"",""no_price_dollars"":""0.2500"",""taker_side"":""no"",""ticker"":""KXETH15M-26APR271930-30"",""trade_id"":""bd5dc7f1-98a1-6fb0-7191-f9486ef3792f"",""yes_price_dollars"":""0.7500""}"
KXETH15M-26APR271930-30,cd471473-6e1e-67f0-c918-700978eee986,1777331888,0.75,10.0,no,"{""count_fp"":""10.00"",""created_time"":""2026-04-27T23:18:08.573604Z"",""no_price_dollars"":""0.2500"",""taker_side"":""no"",""ticker"":""KXETH15M-26APR271930-30"",""trade_id"":""cd471473-6e1e-67f0-c918-700978eee986"",""yes_price_dollars"":""0.7500""}"
KXETH15M-26APR271930-30,18d28cac-2c5b-6bf3-fc45-beaaeab492df,1777331888,0.74,63.48,no,"{""count_fp"":""63.48"",""created_time"":""2026-04-27T23:18:08.573604Z"",""no_price_dollars"":""0.2600"",""taker_side"":""no"",""ticker"":""KXETH15M-26APR271930-30"",""trade_id"":""18d28cac-2c5b-6bf3-fc45-beaaeab492df"",""yes_price_dollars"":""0.7400""}"
KXETH15M-26APR271930-30,0f8a9a63-18f2-6d4d-5a14-d4f3c0ec2515,1777331892,0.79,1.0,yes,"{""count_fp"":""1.00"",""created_time"":""2026-04-27T23:18:12.814664Z"",""no_price_dollars"":""0.2100"",""taker_side"":""yes"",""ticker"":""KXETH15M-26APR271930-30"",""trade_id"":""0f8a9a63-18f2-6d4d-5a14-d4f3c0ec2515"",""yes_price_dollars"":""0.7900""}"
KXETH15M-26APR271930-30,98e23c3c-8ad9-5634-8b45-e16907b1476b,1777331893,0.77,2.0,no,"{""count_fp"":""2.00"",""created_time"":""2026-04-27T23:18:13.961784Z"",""no_price_dollars"":""0.2300"",""taker_side"":""no"",""ticker"":""KXETH15M-26APR271930-30"",""trade_id"":""98e23c3c-8ad9-5634-8b45-e16907b1476b"",""yes_price_dollars"":""0.7700""}"
KXETH15M-26APR271930-30,d9fef029-15d4-6cf2-f631-c6f4d3117d6e,1777331893,0.81,10.0,yes,"{""count_fp"":""10.00"",""created_time"":""2026-04-27T23:18:13.606924Z"",""no_price_dollars"":""0.1900"",""taker_side"":""yes"",""ticker"":""KXETH15M-26APR271930-30"",""trade_id"":""d9fef029-15d4-6cf2-f631-c6f4d3117d6e"",""yes_price_dollars"":""0.8100""}"
KXETH15M-26APR271930-30,836a8045-4983-6e62-d641-66e0262c2128,1777331893,0.82,1.04,yes,"{""count_fp"":""1.04"",""created_time"":""2026-04-27T23:18:13.606924Z"",""no_price_dollars"":""0.1800"",""taker_side"":""yes"",""ticker"":""KXETH15M-26APR271930-30"",""trade_id"":""836a8045-4983-6e62-d641-66e0262c2128"",""yes_price_dollars"":""0.8200""}"
KXETH15M-26APR271930-30,23999424-98df-6f54-f003-2b08fe51a81d,1777331893,0.79,1.0,yes,"{""count_fp"":""1.00"",""created_time"":""2026-04-27T23:18:13.606924Z"",""no_price_dollars"":""0.2100"",""taker_side"":""yes"",""ticker"":""KXETH15M-26APR271930-30"",""trade_id"":""23999424-98df-6f54-f003-2b08fe51a81d"",""yes_price_dollars"":""0.7900""}"
KXETH15M-26APR271930-30,d42906b1-f4ed-6790-56c5-97b167ef29c7,1777331893,0.77,82.5,no,"{""count_fp"":""82.50"",""created_time"":""2026-04-27T23:18:13.105904Z"",""no_price_dollars"":""0.2300"",""taker_side"":""no"",""ticker"":""KXETH15M-26APR271930-30"",""trade_id"":""d42906b1-f4ed-6790-56c5-97b167ef29c7"",""yes_price_dollars"":""0.7700""}"
KXETH15M-26APR271930-30,5e426c9d-8ee9-6e83-e7c2-13ed43490a61,1777331894,0.79,1.0,yes,"{""count_fp"":""1.00"",""created_time"":""2026-04-27T23:18:14.493187Z"",""no_price_dollars"":""0.2100"",""taker_side"":""yes"",""ticker"":""KXETH15M-26APR271930-30"",""trade_id"":""5e426c9d-8ee9-6e83-e7c2-13ed43490a61"",""yes_price_dollars"":""0.7900""}"
KXETH15M-26APR271930-30,cf28824b-e847-4b72-e50e-a69471dba6cc,1777331895,0.79,1.0,yes,"{""count_fp"":""1.00"",""created_time"":""2026-04-27T23:18:15.311522Z"",""no_price_dollars"":""0.2100"",""taker_side"":""yes"",""ticker"":""KXETH15M-26APR271930-30"",""trade_id"":""cf28824b-e847-4b72-e50e-a69471dba6cc"",""yes_price_dollars"":""0.7900""}"
KXETH15M-26APR271930-30,58f03f2d-f981-58b4-0253-305dddb20c83,1777331900,0.77,4.25,no,"{""count_fp"":""4.25"",""created_time"":""2026-04-27T23:18:20.084412Z"",""no_price_dollars"":""0.2300"",""taker_side"":""no"",""ticker"":""KXETH15M-26APR271930-30"",""trade_id"":""58f03f2d-f981-58b4-0253-305dddb20c83"",""yes_price_dollars"":""0.7700""}"
KXETH15M-26APR271930-30,e4dadd65-cf19-6e30-a576-fd88be2fbc0b,1777331902,0.77,3.63,no,"{""count_fp"":""3.63"",""created_time"":""2026-04-27T23:18:22.352069Z"",""no_price_dollars"":""0.2300"",""taker_side"":""no"",""ticker"":""KXETH15M-26APR271930-30"",""trade_id"":""e4dadd65-cf19-6e30-a576-fd88be2fbc0b"",""yes_price_dollars"":""0.7700""}"
KXETH15M-26APR271930-30,cafb4cd9-07d8-5d4a-6c56-821ce239ce6f,1777331911,0.78,1.0,yes,"{""count_fp"":""1.00"",""created_time"":""2026-04-27T23:18:31.376195Z"",""no_price_dollars"":""0.2200"",""taker_side"":""yes"",""ticker"":""KXETH15M-26APR271930-30"",""trade_id"":""cafb4cd9-07d8-5d4a-6c56-821ce239ce6f"",""yes_price_dollars"":""0.7800""}"
KXETH15M-26APR271930-30,84a571f4-d0c1-52ce-787d-727d40ca97d9,1777331911,0.78,0.26,yes,"{""count_fp"":""0.26"",""created_time"":""2026-04-27T23:18:31.376195Z"",""no_price_dollars"":""0.2200"",""taker_side"":""yes"",""ticker"":""KXETH15M-26APR271930-30"",""trade_id"":""84a571f4-d0c1-52ce-787d-727d40ca97d9"",""yes_price_dollars"":""0.7800""}"
KXETH15M-26APR271930-30,baab2ca1-b50f-558f-4f01-5709d81b0cf7,1777331915,0.77,0.36,no,"{""count_fp"":""0.36"",""created_time"":""2026-04-27T23:18:35.608884Z"",""no_price_dollars"":""0.2300"",""taker_side"":""no"",""ticker"":""KXETH15M-26APR271930-30"",""trade_id"":""baab2ca1-b50f-558f-4f01-5709d81b0cf7"",""yes_price_dollars"":""0.7700""}"
KXETH15M-26APR271930-30,7265a0b0-49d2-534c-705d-65080f6b32cb,1777331915,0.77,1.0,no,"{""count_fp"":""1.00"",""created_time"":""2026-04-27T23:18:35.608884Z"",""no_price_dollars"":""0.2300"",""taker_side"":""no"",""ticker"":""KXETH15M-26APR271930-30"",""trade_id"":""7265a0b0-49d2-534c-705d-65080f6b32cb"",""yes_price_dollars"":""0.7700""}"
KXETH15M-26APR271930-30,e3d72c8b-b992-6a0d-bef0-bfc37505d80d,1777331921,0.76,1.95,no,"{""count_fp"":""1.95"",""created_time"":""2026-04-27T23:18:41.788626Z"",""no_price_dollars"":""0.2400"",""taker_side"":""no"",""ticker"":""KXETH15M-26APR271930-30"",""trade_id"":""e3d72c8b-b992-6a0d-bef0-bfc37505d80d"",""yes_price_dollars"":""0.7600""}"
KXETH15M-26APR271930-30,57b27313-5c91-481f-e399-a66a534dfa8c,1777331924,0.79,1.0,yes,"{""count_fp"":""1.00"",""created_time"":""2026-04-27T23:18:44.880991Z"",""no_price_dollars"":""0.2100"",""taker_side"":""yes"",""ticker"":""KXETH15M-26APR271930-30"",""trade_id"":""57b27313-5c91-481f-e399-a66a534dfa8c"",""yes_price_dollars"":""0.7900""}"
KXETH15M-26APR271930-30,042781ca-5654-4fc7-cf2f-b7f7da813e6d,1777331924,0.78,1.0,yes,"{""count_fp"":""1.00"",""created_time"":""2026-04-27T23:18:44.880991Z"",""no_price_dollars"":""0.2200"",""taker_side"":""yes"",""ticker"":""KXETH15M-26APR271930-30"",""trade_id"":""042781ca-5654-4fc7-cf2f-b7f7da813e6d"",""yes_price_dollars"":""0.7800""}"
KXETH15M-26APR271930-30,002de3b3-6261-41d8-d3f9-106f27b88129,1777331924,0.77,10.0,yes,"{""count_fp"":""10.00"",""created_time"":""2026-04-27T23:18:44.880991Z"",""no_price_dollars"":""0.2300"",""taker_side"":""yes"",""ticker"":""KXETH15M-26APR271930-30"",""trade_id"":""002de3b3-6261-41d8-d3f9-106f27b88129"",""yes_price_dollars"":""0.7700""}"
KXETH15M-26APR271930-30,75294eea-0a8a-7111-df81-047a7784a197,1777331926,0.78,1.0,yes,"{""count_fp"":""1.00"",""created_time"":""2026-04-27T23:18:46.498812Z"",""no_price_dollars"":""0.2200"",""taker_side"":""yes"",""ticker"":""KXETH15M-26APR271930-30"",""trade_id"":""75294eea-0a8a-7111-df81-047a7784a197"",""yes_price_dollars"":""0.7800""}"
KXETH15M-26APR271930-30,734fd389-25d8-7c46-fc32-5c579445f474,1777331926,0.8,57.54,yes,"{""count_fp"":""57.54"",""created_time"":""2026-04-27T23:18:46.498812Z"",""no_price_dollars"":""0.2000"",""taker_side"":""yes"",""ticker"":""KXETH15M-26APR271930-30"",""trade_id"":""734fd389-25d8-7c46-fc32-5c579445f474"",""yes_price_dollars"":""0.8000""}"
KXETH15M-26APR271930-30,f82ff9af-359f-4772-0bc1-2f501ee567a0,1777331929,0.81,4.98,yes,"{""count_fp"":""4.98"",""created_time"":""2026-04-27T23:18:49.608322Z"",""no_price_dollars"":""0.1900"",""taker_side"":""yes"",""ticker"":""KXETH15M-26APR271930-30"",""trade_id"":""f82ff9af-359f-4772-0bc1-2f501ee567a0"",""yes_price_dollars"":""0.8100""}"
KXETH15M-26APR271930-30,815fa5e2-ca89-4997-0967-413c27980a51,1777331929,0.8,10.0,yes,"{""count_fp"":""10.00"",""created_time"":""2026-04-27T23:18:49.608322Z"",""no_price_dollars"":""0.2000"",""taker_side"":""yes"",""ticker"":""KXETH15M-26APR271930-30"",""trade_id"":""815fa5e2-ca89-4997-0967-413c27980a51"",""yes_price_dollars"":""0.8000""}"
KXETH15M-26APR271930-30,6c5467b4-35e0-4b7a-0ce2-b9452d0ecbe4,1777331929,0.8,2.46,yes,"{""count_fp"":""2.46"",""created_time"":""2026-04-27T23:18:49.608322Z"",""no_price_dollars"":""0.2000"",""taker_side"":""yes"",""ticker"":""KXETH15M-26APR271930-30"",""trade_id"":""6c5467b4-35e0-4b7a-0ce2-b9452d0ecbe4"",""yes_price_dollars"":""0.8000""}"
KXETH15M-26APR271930-30,34fbc1b8-b8be-4d15-39d9-11e45a5c39ee,1777331929,0.78,1.0,yes,"{""count_fp"":""1.00"",""created_time"":""2026-04-27T23:18:49.608322Z"",""no_price_dollars"":""0.2200"",""taker_side"":""yes"",""ticker"":""KXETH15M-26APR271930-30"",""trade_id"":""34fbc1b8-b8be-4d15-39d9-11e45a5c39ee"",""yes_price_dollars"":""0.7800""}"
KXETH15M-26APR271930-30,5d89596b-b296-662e-6897-17cb669deea6,1777331935,0.8,1.95,no,"{""count_fp"":""1.95"",""created_time"":""2026-04-27T23:18:55.487673Z"",""no_price_dollars"":""0.2000"",""taker_side"":""no"",""ticker"":""KXETH15M-26APR271930-30"",""trade_id"":""5d89596b-b296-662e-6897-17cb669deea6"",""yes_price_dollars"":""0.8000""}"
KXETH15M-26APR271930-30,589487b0-e259-44c2-7924-d80231a3f870,1777331942,0.85,4.84,yes,"{""count_fp"":""4.84"",""created_time"":""2026-04-27T23:19:02.387467Z"",""no_price_dollars"":""0.1500"",""taker_side"":""yes"",""ticker"":""KXETH15M-26APR271930-30"",""trade_id"":""589487b0-e259-44c2-7924-d80231a3f870"",""yes_price_dollars"":""0.8500""}"
KXETH15M-26APR271930-30,56805a7b-d1a1-4a48-487a-eae4e5685b7f,1777331942,0.84,1.0,yes,"{""count_fp"":""1.00"",""created_time"":""2026-04-27T23:19:02.387467Z"",""no_price_dollars"":""0.1600"",""taker_side"":""yes"",""ticker"":""KXETH15M-26APR271930-30"",""trade_id"":""56805a7b-d1a1-4a48-487a-eae4e5685b7f"",""yes_price_dollars"":""0.8400""}"
KXETH15M-26APR271930-30,16f8b236-498d-7954-a220-13b5ee20959b,1777331945,0.83,3.0,no,"{""count_fp"":""3.00"",""created_time"":""2026-04-27T23:19:05.321482Z"",""no_price_dollars"":""0.1700"",""taker_side"":""no"",""ticker"":""KXETH15M-26APR271930-30"",""trade_id"":""16f8b236-498d-7954-a220-13b5ee20959b"",""yes_price_dollars"":""0.8300""}"
KXETH15M-26APR271930-30,8010e100-beb7-4ca6-0d96-5264e5b838cc,1777331945,0.84,3.0,no,"{""count_fp"":""3.00"",""created_time"":""2026-04-27T23:19:05.010704Z"",""no_price_dollars"":""0.1600"",""taker_side"":""no"",""ticker"":""KXETH15M-26APR271930-30"",""trade_id"":""8010e100-beb7-4ca6-0d96-5264e5b838cc"",""yes_price_dollars"":""0.8400""}"
KXETH15M-26APR271930-30,b71a4033-8995-6db2-8d9b-11b6fbc9a2b8,1777331957,0.85,1.16,yes,"{""count_fp"":""1.16"",""created_time"":""2026-04-27T23:19:17.970523Z"",""no_price_dollars"":""0.1500"",""taker_side"":""yes"",""ticker"":""KXETH15M-26APR271930-30"",""trade_id"":""b71a4033-8995-6db2-8d9b-11b6fbc9a2b8"",""yes_price_dollars"":""0.8500""}"
KXETH15M-26APR271930-30,1e20ec6a-1bb3-6962-ac53-cc5e185d00e4,1777331957,0.86,348.9,yes,"{""count_fp"":""348.90"",""created_time"":""2026-04-27T23:19:17.970523Z"",""no_price_dollars"":""0.1400"",""taker_side"":""yes"",""ticker"":""KXETH15M-26APR271930-30"",""trade_id"":""1e20ec6a-1bb3-6962-ac53-cc5e185d00e4"",""yes_price_dollars"":""0.8600""}"
KXETH15M-26APR271930-30,78656b8d-6fdd-58dc-285e-6aa4d9c93ca3,1777331961,0.87,1.0,yes,"{""count_fp"":""1.00"",""created_time"":""2026-04-27T23:19:21.734746Z"",""no_price_dollars"":""0.1300"",""taker_side"":""yes"",""ticker"":""KXETH15M-26APR271930-30"",""trade_id"":""78656b8d-6fdd-58dc-285e-6aa4d9c93ca3"",""yes_price_dollars"":""0.8700""}"
KXETH15M-26APR271930-30,c8ebfed7-98e8-5d75-6eba-f84e91012864,1777331965,0.87,5.0,yes,"{""count_fp"":""5.00"",""created_time"":""2026-04-27T23:19:25.582548Z"",""no_price_dollars"":""0.1300"",""taker_side"":""yes"",""ticker"":""KXETH15M-26APR271930-30"",""trade_id"":""c8ebfed7-98e8-5d75-6eba-f84e91012864"",""yes_price_dollars"":""0.8700""}"
KXETH15M-26APR271930-30,57929d3b-5a61-482c-e114-94840ea6302f,1777331966,0.87,1.0,yes,"{""count_fp"":""1.00"",""created_time"":""2026-04-27T23:19:26.493401Z"",""no_price_dollars"":""0.1300"",""taker_side"":""yes"",""ticker"":""KXETH15M-26APR271930-30"",""trade_id"":""57929d3b-5a61-482c-e114-94840ea6302f"",""yes_price_dollars"":""0.8700""}"
KXETH15M-26APR271930-30,324edfa4-a5c7-40b6-e67e-ada56aed4618,1777331966,0.87,5.0,yes,"{""count_fp"":""5.00"",""created_time"":""2026-04-27T23:19:26.493401Z"",""no_price_dollars"":""0.1300"",""taker_side"":""yes"",""ticker"":""KXETH15M-26APR271930-30"",""trade_id"":""324edfa4-a5c7-40b6-e67e-ada56aed4618"",""yes_price_dollars"":""0.8700""}"
KXETH15M-26APR271930-30,9b6d0975-613f-5cee-652f-1d79b38bc34f,1777331966,0.84,0.05,no,"{""count_fp"":""0.05"",""created_time"":""2026-04-27T23:19:26.340171Z"",""no_price_dollars"":""0.1600"",""taker_side"":""no"",""ticker"":""KXETH15M-26APR271930-30"",""trade_id"":""9b6d0975-613f-5cee-652f-1d79b38bc34f"",""yes_price_dollars"":""0.8400""}"
KXETH15M-26APR271930-30,3c1f322d-7663-5e93-7627-802ee790501b,1777331966,0.84,100.0,no,"{""count_fp"":""100.00"",""created_time"":""2026-04-27T23:19:26.340171Z"",""no_price_dollars"":""0.1600"",""taker_side"":""no"",""ticker"":""KXETH15M-26APR271930-30"",""trade_id"":""3c1f322d-7663-5e93-7627-802ee790501b"",""yes_price_dollars"":""0.8400""}"
KXETH15M-26APR271930-30,197b1d17-7ea7-55d2-5055-6717dc994a50,1777331966,0.84,10.0,no,"{""count_fp"":""10.00"",""created_time"":""2026-04-27T23:19:26.340171Z"",""no_price_dollars"":""0.1600"",""taker_side"":""no"",""ticker"":""KXETH15M-26APR271930-30"",""trade_id"":""197b1d17-7ea7-55d2-5055-6717dc994a50"",""yes_price_dollars"":""0.8400""}"
KXETH15M-26APR271930-30,0c8b1537-7dc9-5002-5a57-459f3a9d9e15,1777331966,0.84,1.0,no,"{""count_fp"":""1.00"",""created_time"":""2026-04-27T23:19:26.340171Z"",""no_price_dollars"":""0.1600"",""taker_side"":""no"",""ticker"":""KXETH15M-26APR271930-30"",""trade_id"":""0c8b1537-7dc9-5002-5a57-459f3a9d9e15"",""yes_price_dollars"":""0.8400""}"
KXETH15M-26APR271930-30,ae73314e-cfeb-6612-d322-33ed698af5d8,1777331967,0.87,17.23,yes,"{""count_fp"":""17.23"",""created_time"":""2026-04-27T23:19:27.748628Z"",""no_price_dollars"":""0.1300"",""taker_side"":""yes"",""ticker"":""KXETH15M-26APR271930-30"",""trade_id"":""ae73314e-cfeb-6612-d322-33ed698af5d8"",""yes_price_dollars"":""0.8700""}"
KXETH15M-26APR271930-30,a65c0638-5eca-64e0-ea7e-1c24fcacefba,1777331967,0.86,0.05,yes,"{""count_fp"":""0.05"",""created_time"":""2026-04-27T23:19:27.748628Z"",""no_price_dollars"":""0.1400"",""taker_side"":""yes"",""ticker"":""KXETH15M-26APR271930-30"",""trade_id"":""a65c0638-5eca-64e0-ea7e-1c24fcacefba"",""yes_price_dollars"":""0.8600""}"
KXETH15M-26APR271930-30,67567770-c7e4-61cc-d379-00b4f04e9460,1777331967,0.86,10.04,yes,"{""count_fp"":""10.04"",""created_time"":""2026-04-27T23:19:27.748628Z"",""no_price_dollars"":""0.1400"",""taker_side"":""yes"",""ticker"":""KXETH15M-26APR271930-30"",""trade_id"":""67567770-c7e4-61cc-d379-00b4f04e9460"",""yes_price_dollars"":""0.8600""}"
KXETH15M-26APR271930-30,9d8ce4bc-cf35-6958-2109-538db8d1c240,1777331968,0.83,19.0,no,"{""count_fp"":""19.00"",""created_time"":""2026-04-27T23:19:28.587671Z"",""no_price_dollars"":""0.1700"",""taker_side"":""no"",""ticker"":""KXETH15M-26APR271930-30"",""trade_id"":""9d8ce4bc-cf35-6958-2109-538db8d1c240"",""yes_price_dollars"":""0.8300""}"
KXETH15M-26APR271930-30,2aef32b7-a72d-6edf-0ff7-21d61c2b910e,1777331968,0.83,1.0,no,"{""count_fp"":""1.00"",""created_time"":""2026-04-27T23:19:28.587671Z"",""no_price_dollars"":""0.1700"",""taker_side"":""no"",""ticker"":""KXETH15M-26APR271930-30"",""trade_id"":""2aef32b7-a72d-6edf-0ff7-21d61c2b910e"",""yes_price_dollars"":""0.8300""}"
KXETH15M-26APR271930-30,bbdc1b2f-ea25-6d23-b904-03566193144f,1777331968,0.84,1.0,no,"{""count_fp"":""1.00"",""created_time"":""2026-04-27T23:19:28.278685Z"",""no_price_dollars"":""0.1600"",""taker_side"":""no"",""ticker"":""KXETH15M-26APR271930-30"",""trade_id"":""bbdc1b2f-ea25-6d23-b904-03566193144f"",""yes_price_dollars"":""0.8400""}"
KXETH15M-26APR271930-30,886de5ce-3763-6c6e-8fca-db3d519aa9fb,1777331968,0.84,4.95,no,"{""count_fp"":""4.95"",""created_time"":""2026-04-27T23:19:28.278685Z"",""no_price_dollars"":""0.1600"",""taker_side"":""no"",""ticker"":""KXETH15M-26APR271930-30"",""trade_id"":""886de5ce-3763-6c6e-8fca-db3d519aa9fb"",""yes_price_dollars"":""0.8400""}"
KXETH15M-26APR271930-30,8110f4ff-d7d1-67d4-9a48-7b02c2c8606c,1777331968,0.84,64.05,no,"{""count_fp"":""64.05"",""created_time"":""2026-04-27T23:19:28.278685Z"",""no_price_dollars"":""0.1600"",""taker_side"":""no"",""ticker"":""KXETH15M-26APR271930-30"",""trade_id"":""8110f4ff-d7d1-67d4-9a48-7b02c2c8606c"",""yes_price_dollars"":""0.8400""}"
KXETH15M-26APR271930-30,660f7e1d-7590-4e62-e21b-a91c10796c18,1777331970,0.86,3.0,yes,"{""count_fp"":""3.00"",""created_time"":""2026-04-27T23:19:30.925465Z"",""no_price_dollars"":""0.1400"",""taker_side"":""yes"",""ticker"":""KXETH15M-26APR271930-30"",""trade_id"":""660f7e1d-7590-4e62-e21b-a91c10796c18"",""yes_price_dollars"":""0.8600""}"
KXETH15M-26APR271930-30,159a673c-0ba3-5702-27c4-8eaf508f79b0,1777331977,0.87,2.27,yes,"{""count_fp"":""2.27"",""created_time"":""2026-04-27T23:19:37.700463Z"",""no_price_dollars"":""0.1300"",""taker_side"":""yes"",""ticker"":""KXETH15M-26APR271930-30"",""trade_id"":""159a673c-0ba3-5702-27c4-8eaf508f79b0"",""yes_price_dollars"":""0.8700""}"
KXETH15M-26APR271930-30,c0d53005-965a-5d38-084c-90a0d169258d,1777331979,0.86,1.95,yes,"{""count_fp"":""1.95"",""created_time"":""2026-04-27T23:19:39.315617Z"",""no_price_dollars"":""0.1400"",""taker_side"":""yes"",""ticker"":""KXETH15M-26APR271930-30"",""trade_id"":""c0d53005-965a-5d38-084c-90a0d169258d"",""yes_price_dollars"":""0.8600""}"
KXETH15M-26APR271930-30,a68f6bc1-f1b7-57aa-3222-3cce15fa6734,1777331979,0.87,2.6,yes,"{""count_fp"":""2.60"",""created_time"":""2026-04-27T23:19:39.315617Z"",""no_price_dollars"":""0.1300"",""taker_side"":""yes"",""ticker"":""KXETH15M-26APR271930-30"",""trade_id"":""a68f6bc1-f1b7-57aa-3222-3cce15fa6734"",""yes_price_dollars"":""0.8700""}"
KXETH15M-26APR271930-30,6e73119d-5d5c-78fa-c626-d1e269ea47b1,1777331986,0.84,1.0,no,"{""count_fp"":""1.00"",""created_time"":""2026-04-27T23:19:46.155081Z"",""no_price_dollars"":""0.1600"",""taker_side"":""no"",""ticker"":""KXETH15M-26APR271930-30"",""trade_id"":""6e73119d-5d5c-78fa-c626-d1e269ea47b1"",""yes_price_dollars"":""0.8400""}"
KXETH15M-26APR271930-30,30fd11a1-de6d-75f8-cdc3-61a19c70c358,1777331986,0.84,4.9,no,"{""count_fp"":""4.90"",""created_time"":""2026-04-27T23:19:46.155081Z"",""no_price_dollars"":""0.1600"",""taker_side"":""no"",""ticker"":""KXETH15M-26APR271930-30"",""trade_id"":""30fd11a1-de6d-75f8-cdc3-61a19c70c358"",""yes_price_dollars"":""0.8400""}"
KXETH15M-26APR271930-30,d7d7c3a9-0289-6e54-14fd-2849bcc1233c,1777331988,0.84,33.27,no,"{""count_fp"":""33.27"",""created_time"":""2026-04-27T23:19:48.728922Z"",""no_price_dollars"":""0.1600"",""taker_side"":""no"",""ticker"":""KXETH15M-26APR271930-30"",""trade_id"":""d7d7c3a9-0289-6e54-14fd-2849bcc1233c"",""yes_price_dollars"":""0.8400""}"
KXETH15M-26APR271930-30,e54bef46-a897-5e9a-fbcc-8057f44fc380,1777331994,0.86,22.0,yes,"{""count_fp"":""22.00"",""created_time"":""2026-04-27T23:19:54.438712Z"",""no_price_dollars"":""0.1400"",""taker_side"":""yes"",""ticker"":""KXETH15M-26APR271930-30"",""trade_id"":""e54bef46-a897-5e9a-fbcc-8057f44fc380"",""yes_price_dollars"":""0.8600""}"
KXETH15M-26APR271930-30,5dfa16bd-7d16-5835-daa8-fa59171180ef,1777331994,0.86,1.0,yes,"{""count_fp"":""1.00"",""created_time"":""2026-04-27T23:19:54.438712Z"",""no_price_dollars"":""0.1400"",""taker_side"":""yes"",""ticker"":""KXETH15M-26APR271930-30"",""trade_id"":""5dfa16bd-7d16-5835-daa8-fa59171180ef"",""yes_price_dollars"":""0.8600""}"
KXETH15M-26APR271930-30,3fdfd734-d9ca-5ebd-33ac-6a8d4bd59e38,1777331999,0.85,1.0,no,"{""count_fp"":""1.00"",""created_time"":""2026-04-27T23:19:59.112182Z"",""no_price_dollars"":""0.1500"",""taker_side"":""no"",""ticker"":""KXETH15M-26APR271930-30"",""trade_id"":""3fdfd734-d9ca-5ebd-33ac-6a8d4bd59e38"",""yes_price_dollars"":""0.8500""}"
KXETH15M-26APR271930-30,31556999-d4c9-5f6c-34df-6ba82753e056,1777331999,0.85,9.0,no,"{""count_fp"":""9.00"",""created_time"":""2026-04-27T23:19:59.112182Z"",""no_price_dollars"":""0.1500"",""taker_side"":""no"",""ticker"":""KXETH15M-26APR271930-30"",""trade_id"":""31556999-d4c9-5f6c-34df-6ba82753e056"",""yes_price_dollars"":""0.8500""}"
KXETH15M-26APR271930-30,c8ace688-e4a8-7912-329e-0906f7e37e16,1777332001,0.9,1.2,yes,"{""count_fp"":""1.20"",""created_time"":""2026-04-27T23:20:01.726783Z"",""no_price_dollars"":""0.1000"",""taker_side"":""yes"",""ticker"":""KXETH15M-26APR271930-30"",""trade_id"":""c8ace688-e4a8-7912-329e-0906f7e37e16"",""yes_price_dollars"":""0.9000""}"
KXETH15M-26APR271930-30,f6148941-c531-43f0-1b3e-c8be27c0b456,1777332005,0.88,100.0,no,"{""count_fp"":""100.00"",""created_time"":""2026-04-27T23:20:05.359048Z"",""no_price_dollars"":""0.1200"",""taker_side"":""no"",""ticker"":""KXETH15M-26APR271930-30"",""trade_id"":""f6148941-c531-43f0-1b3e-c8be27c0b456"",""yes_price_dollars"":""0.8800""}"
KXETH15M-26APR271930-30,12f79964-ad44-4c3e-0e51-f8bc4633bf2a,1777332005,0.88,1.0,no,"{""count_fp"":""1.00"",""created_time"":""2026-04-27T23:20:05.359048Z"",""no_price_dollars"":""0.1200"",""taker_side"":""no"",""ticker"":""KXETH15M-26APR271930-30"",""trade_id"":""12f79964-ad44-4c3e-0e51-f8bc4633bf2a"",""yes_price_dollars"":""0.8800""}"
KXETH15M-26APR271930-30,b257fed9-512e-5dde-9618-a2ca729c7f04,1777332006,0.88,1.0,yes,"{""count_fp"":""1.00"",""created_time"":""2026-04-27T23:20:06.046965Z"",""no_price_dollars"":""0.1200"",""taker_side"":""yes"",""ticker"":""KXETH15M-26APR271930-30"",""trade_id"":""b257fed9-512e-5dde-9618-a2ca729c7f04"",""yes_price_dollars"":""0.8800""}"
KXETH15M-26APR271930-30,99196da7-97e3-5a52-9b91-4e4c7f775974,1777332006,0.88,9.0,yes,"{""count_fp"":""9.00"",""created_time"":""2026-04-27T23:20:06.046965Z"",""no_price_dollars"":""0.1200"",""taker_side"":""yes"",""ticker"":""KXETH15M-26APR271930-30"",""trade_id"":""99196da7-97e3-5a52-9b91-4e4c7f775974"",""yes_price_dollars"":""0.8800""}"
KXETH15M-26APR271930-30,74ffb005-5123-745e-835c-35072c966398,1777332012,0.87,19.29,yes,"{""count_fp"":""19.29"",""created_time"":""2026-04-27T23:20:12.032749Z"",""no_price_dollars"":""0.1300"",""taker_side"":""yes"",""ticker"":""KXETH15M-26APR271930-30"",""trade_id"":""74ffb005-5123-745e-835c-35072c966398"",""yes_price_dollars"":""0.8700""}"
KXETH15M-26APR271930-30,f77a6a16-687a-6976-aeae-5d51ce0a6e19,1777332012,0.87,1.0,yes,"{""count_fp"":""1.00"",""created_time"":""2026-04-27T23:20:12.006557Z"",""no_price_dollars"":""0.1300"",""taker_side"":""yes"",""ticker"":""KXETH15M-26APR271930-30"",""trade_id"":""f77a6a16-687a-6976-aeae-5d51ce0a6e19"",""yes_price_dollars"":""0.8700""}"
KXETH15M-26APR271930-30,52f5a5e8-ce97-6e66-9719-9eebbba10dd8,1777332012,0.87,10.0,yes,"{""count_fp"":""10.00"",""created_time"":""2026-04-27T23:20:12.006557Z"",""no_price_dollars"":""0.1300"",""taker_side"":""yes"",""ticker"":""KXETH15M-26APR271930-30"",""trade_id"":""52f5a5e8-ce97-6e66-9719-9eebbba10dd8"",""yes_price_dollars"":""0.8700""}"
KXETH15M-26APR271930-30,4044e2a0-ef3c-67f1-8db9-10246494b295,1777332012,0.87,10.81,yes,"{""count_fp"":""10.81"",""created_time"":""2026-04-27T23:20:12.006557Z"",""no_price_dollars"":""0.1300"",""taker_side"":""yes"",""ticker"":""KXETH15M-26APR271930-30"",""trade_id"":""4044e2a0-ef3c-67f1-8db9-10246494b295"",""yes_price_dollars"":""0.8700""}"
KXETH15M-26APR271930-30,20d7ae11-441f-62de-a2fc-5255a76c2214,1777332012,0.87,28.9,yes,"{""count_fp"":""28.90"",""created_time"":""2026-04-27T23:20:12.006557Z"",""no_price_dollars"":""0.1300"",""taker_side"":""yes"",""ticker"":""KXETH15M-26APR271930-30"",""trade_id"":""20d7ae11-441f-62de-a2fc-5255a76c2214"",""yes_price_dollars"":""0.8700""}"
KXETH15M-26APR271930-30,ceab37dd-84c7-76f5-8546-78b443f68a8f,1777332013,0.86,5.34,no,"{""count_fp"":""5.34"",""created_time"":""2026-04-27T23:20:13.049304Z"",""no_price_dollars"":""0.1400"",""taker_side"":""no"",""ticker"":""KXETH15M-26APR271930-30"",""trade_id"":""ceab37dd-84c7-76f5-8546-78b443f68a8f"",""yes_price_dollars"":""0.8600""}"
KXETH15M-26APR271930-30,b91b1d40-1dc1-796a-b596-5f1aa6fc198c,1777332013,0.86,1.0,no,"{""count_fp"":""1.00"",""created_time"":""2026-04-27T23:20:13.049304Z"",""no_price_dollars"":""0.1400"",""taker_side"":""no"",""ticker"":""KXETH15M-26APR271930-30"",""trade_id"":""b91b1d40-1dc1-796a-b596-5f1aa6fc198c"",""yes_price_dollars"":""0.8600""}"
KXETH15M-26APR271930-30,08e32502-a01f-6056-bbde-2aa53a358df0,1777332015,0.87,10.0,yes,"{""count_fp"":""10.00"",""created_time"":""2026-04-27T23:20:15.878661Z"",""no_price_dollars"":""0.1300"",""taker_side"":""yes"",""ticker"":""KXETH15M-26APR271930-30"",""trade_id"":""08e32502-a01f-6056-bbde-2aa53a358df0"",""yes_price_dollars"":""0.8700""}"
KXETH15M-26APR271930-30,3c62025d-c5fb-7dda-935d-ed0d6e405ce0,1777332015,0.87,10.0,yes,"{""count_fp"":""10.00"",""created_time"":""2026-04-27T23:20:15.270837Z"",""no_price_dollars"":""0.1300"",""taker_side"":""yes"",""ticker"":""KXETH15M-26APR271930-30"",""trade_id"":""3c62025d-c5fb-7dda-935d-ed0d6e405ce0"",""yes_price_dollars"":""0.8700""}"
KXETH15M-26APR271930-30,694a8ba8-2c9a-655d-2840-adcc026ac9e3,1777332021,0.84,10.0,no,"{""count_fp"":""10.00"",""created_time"":""2026-04-27T23:20:21.605705Z"",""no_price_dollars"":""0.1600"",""taker_side"":""no"",""ticker"":""KXETH15M-26APR271930-30"",""trade_id"":""694a8ba8-2c9a-655d-2840-adcc026ac9e3"",""yes_price_dollars"":""0.8400""}"
KXETH15M-26APR271930-30,d2b6fb21-4e0c-76a1-15db-4d077c236424,1777332021,0.85,1.0,no,"{""count_fp"":""1.00"",""created_time"":""2026-04-27T23:20:21.584437Z"",""no_price_dollars"":""0.1500"",""taker_side"":""no"",""ticker"":""KXETH15M-26APR271930-30"",""trade_id"":""d2b6fb21-4e0c-76a1-15db-4d077c236424"",""yes_price_dollars"":""0.8500""}"
KXETH15M-26APR271930-30,6a32205c-443b-7c59-01ba-fa33d7bf1faf,1777332021,0.85,100.0,no,"{""count_fp"":""100.00"",""created_time"":""2026-04-27T23:20:21.584437Z"",""no_price_dollars"":""0.1500"",""taker_side"":""no"",""ticker"":""KXETH15M-26APR271930-30"",""trade_id"":""6a32205c-443b-7c59-01ba-fa33d7bf1faf"",""yes_price_dollars"":""0.8500""}"
KXETH15M-26APR271930-30,dc498efc-dc53-59f3-035a-c3ceecfe152c,1777332025,0.82,1.0,yes,"{""count_fp"":""1.00"",""created_time"":""2026-04-27T23:20:25.642289Z"",""no_price_dollars"":""0.1800"",""taker_side"":""yes"",""ticker"":""KXETH15M-26APR271930-30"",""trade_id"":""dc498efc-dc53-59f3-035a-c3ceecfe152c"",""yes_price_dollars"":""0.8200""}"
KXETH15M-26APR271930-30,5aa3f258-1cbe-5020-1c95-b3a375ce6a55,1777332025,0.84,12.28,yes,"{""count_fp"":""12.28"",""created_time"":""2026-04-27T23:20:25.642289Z"",""no_price_dollars"":""0.1600"",""taker_side"":""yes"",""ticker"":""KXETH15M-26APR271930-30"",""trade_id"":""5aa3f258-1cbe-5020-1c95-b3a375ce6a55"",""yes_price_dollars"":""0.8400""}"
KXETH15M-26APR271930-30,2bd65951-8984-54ab-10aa-3aa91553ac81,1777332025,0.84,10.0,yes,"{""count_fp"":""10.00"",""created_time"":""2026-04-27T23:20:25.642289Z"",""no_price_dollars"":""0.1600"",""taker_side"":""yes"",""ticker"":""KXETH15M-26APR271930-30"",""trade_id"":""2bd65951-8984-54ab-10aa-3aa91553ac81"",""yes_price_dollars"":""0.8400""}"
KXETH15M-26APR271930-30,b8f08511-e901-74f5-b17f-ac7edbec16bc,1777332025,0.82,0.29,no,"{""count_fp"":""0.29"",""created_time"":""2026-04-27T23:20:25.324038Z"",""no_price_dollars"":""0.1800"",""taker_side"":""no"",""ticker"":""KXETH15M-26APR271930-30"",""trade_id"":""b8f08511-e901-74f5-b17f-ac7edbec16bc"",""yes_price_dollars"":""0.8200""}"
KXETH15M-26APR271930-30,42d2609a-1dd2-5b1e-2144-f88cee87f0e2,1777332025,0.82,1.0,no,"{""count_fp"":""1.00"",""created_time"":""2026-04-27T23:20:25.318301Z"",""no_price_dollars"":""0.1800"",""taker_side"":""no"",""ticker"":""KXETH15M-26APR271930-30"",""trade_id"":""42d2609a-1dd2-5b1e-2144-f88cee87f0e2"",""yes_price_dollars"":""0.8200""}"
KXETH15M-26APR271930-30,1820187e-a82d-5478-0e2c-ef8e8db2503c,1777332025,0.82,100.0,no,"{""count_fp"":""100.00"",""created_time"":""2026-04-27T23:20:25.318301Z"",""no_price_dollars"":""0.1800"",""taker_side"":""no"",""ticker"":""KXETH15M-26APR271930-30"",""trade_id"":""1820187e-a82d-5478-0e2c-ef8e8db2503c"",""yes_price_dollars"":""0.8200""}"
KXETH15M-26APR271930-30,0245c703-8d29-519d-0ae0-a2a1daf6c8f0,1777332025,0.82,14.0,no,"{""count_fp"":""14.00"",""created_time"":""2026-04-27T23:20:25.318301Z"",""no_price_dollars"":""0.1800"",""taker_side"":""no"",""ticker"":""KXETH15M-26APR271930-30"",""trade_id"":""0245c703-8d29-519d-0ae0-a2a1daf6c8f0"",""yes_price_dollars"":""0.8200""}"
KXETH15M-26APR271930-30,d15889eb-e4b0-7b7a-44b7-ca0d510db79e,1777332026,0.83,59.36,yes,"{""count_fp"":""59.36"",""created_time"":""2026-04-27T23:20:26.534442Z"",""no_price_dollars"":""0.1700"",""taker_side"":""yes"",""ticker"":""KXETH15M-26APR271930-30"",""trade_id"":""d15889eb-e4b0-7b7a-44b7-ca0d510db79e"",""yes_price_dollars"":""0.8300""}"
KXETH15M-26APR271930-30,b0179a45-703b-7815-6c25-7ed1992e674f,1777332026,0.83,1.0,yes,"{""count_fp"":""1.00"",""created_time"":""2026-04-27T23:20:26.534442Z"",""no_price_dollars"":""0.1700"",""taker_side"":""yes"",""ticker"":""KXETH15M-26APR271930-30"",""trade_id"":""b0179a45-703b-7815-6c25-7ed1992e674f"",""yes_price_dollars"":""0.8300""}"
KXETH15M-26APR271930-30,413b7e20-8177-769a-4bb4-862c7effd35c,1777332026,0.85,1.34,yes,"{""count_fp"":""1.34"",""created_time"":""2026-04-27T23:20:26.534442Z"",""no_price_dollars"":""0.1500"",""taker_side"":""yes"",""ticker"":""KXETH15M-26APR271930-30"",""trade_id"":""413b7e20-8177-769a-4bb4-862c7effd35c"",""yes_price_dollars"":""0.8500""}"
KXETH15M-26APR271930-30,89a088e9-cfe0-67d8-e561-de60fe8b1104,1777332026,0.85,10.64,yes,"{""count_fp"":""10.64"",""created_time"":""2026-04-27T23:20:26.124568Z"",""no_price_dollars"":""0.1500"",""taker_side"":""yes"",""ticker"":""KXETH15M-26APR271930-30"",""trade_id"":""89a088e9-cfe0-67d8-e561-de60fe8b1104"",""yes_price_dollars"":""0.8500""}"
KXETH15M-26APR271930-30,67ddef1d-7b4a-6af8-fba2-9b6d57632c75,1777332026,0.83,1.0,yes,"{""count_fp"":""1.00"",""created_time"":""2026-04-27T23:20:26.124568Z"",""no_price_dollars"":""0.1700"",""taker_side"":""yes"",""ticker"":""KXETH15M-26APR271930-30"",""trade_id"":""67ddef1d-7b4a-6af8-fba2-9b6d57632c75"",""yes_price_dollars"":""0.8300""}"
KXETH15M-26APR271930-30,df19f9bd-ab53-51d2-64d2-9619651093f0,1777332028,0.83,1.38,yes,"{""count_fp"":""1.38"",""created_time"":""2026-04-27T23:20:28.938645Z"",""no_price_dollars"":""0.1700"",""taker_side"":""yes"",""ticker"":""KXETH15M-26APR271930-30"",""trade_id"":""df19f9bd-ab53-51d2-64d2-9619651093f0"",""yes_price_dollars"":""0.8300""}"
KXETH15M-26APR271930-30,730db496-dcdd-54b2-5efd-07bb46c4c892,1777332028,0.83,1.0,yes,"{""count_fp"":""1.00"",""created_time"":""2026-04-27T23:20:28.938645Z"",""no_price_dollars"":""0.1700"",""taker_side"":""yes"",""ticker"":""KXETH15M-26APR271930-30"",""trade_id"":""730db496-dcdd-54b2-5efd-07bb46c4c892"",""yes_price_dollars"":""0.8300""}"
KXETH15M-26APR271930-30,2d8ba584-28e7-6bd2-495b-b2f5cfb3b884,1777332029,0.83,1.0,yes,"{""count_fp"":""1.00"",""created_time"":""2026-04-27T23:20:29.309307Z"",""no_price_dollars"":""0.1700"",""taker_side"":""yes"",""ticker"":""KXETH15M-26APR271930-30"",""trade_id"":""2d8ba584-28e7-6bd2-495b-b2f5cfb3b884"",""yes_price_dollars"":""0.8300""}"
KXETH15M-26APR271930-30,731f79c8-c894-66aa-a812-2506b656ab6e,1777332035,0.81,9.96,no,"{""count_fp"":""9.96"",""created_time"":""2026-04-27T23:20:35.767729Z"",""no_price_dollars"":""0.1900"",""taker_side"":""no"",""ticker"":""KXETH15M-26APR271930-30"",""trade_id"":""731f79c8-c894-66aa-a812-2506b656ab6e"",""yes_price_dollars"":""0.8100""}"
KXETH15M-26APR271930-30,87cab401-86b7-4c72-61fc-7adcaead280b,1777332040,0.82,0.59,no,"{""count_fp"":""0.59"",""created_time"":""2026-04-27T23:20:40.948508Z"",""no_price_dollars"":""0.1800"",""taker_side"":""no"",""ticker"":""KXETH15M-26APR271930-30"",""trade_id"":""87cab401-86b7-4c72-61fc-7adcaead280b"",""yes_price_dollars"":""0.8200""}"
KXETH15M-26APR271930-30,7df425f1-389a-601b-79fe-e26a728e5028,1777332040,0.81,39.8,no,"{""count_fp"":""39.80"",""created_time"":""2026-04-27T23:20:40.471946Z"",""no_price_dollars"":""0.1900"",""taker_side"":""no"",""ticker"":""KXETH15M-26APR271930-30"",""trade_id"":""7df425f1-389a-601b-79fe-e26a728e5028"",""yes_price_dollars"":""0.8100""}"
