ticker,trade_id,ts,yes_price,count,taker_side,raw_json
KXETH15M-26APR271845-45,f5e4a244-d9b2-5713-c0c6-9cc50458585a,1777329001,0.5,1.0,no,"{""count_fp"":""1.00"",""created_time"":""2026-04-27T22:30:01.217132Z"",""no_price_dollars"":""0.5000"",""taker_side"":""no"",""ticker"":""KXETH15M-26APR271845-45"",""trade_id"":""f5e4a244-d9b2-5713-c0c6-9cc50458585a"",""yes_price_dollars"":""0.5000""}"
KXETH15M-26APR271845-45,efbae74c-2cb2-4754-926e-9132222e1547,1777329006,0.48,27.9,no,"{""count_fp"":""27.90"",""created_time"":""2026-04-27T22:30:06.056265Z"",""no_price_dollars"":""0.5200"",""taker_side"":""no"",""ticker"":""KXETH15M-26APR271845-45"",""trade_id"":""efbae74c-2cb2-4754-926e-9132222e1547"",""yes_price_dollars"":""0.4800""}"
KXETH15M-26APR271845-45,ca7cda91-0cca-630f-69fe-699e09bbea97,1777329008,0.77,1.24,yes,"{""count_fp"":""1.24"",""created_time"":""2026-04-27T22:30:08.940937Z"",""no_price_dollars"":""0.2300"",""taker_side"":""yes"",""ticker"":""KXETH15M-26APR271845-45"",""trade_id"":""ca7cda91-0cca-630f-69fe-699e09bbea97"",""yes_price_dollars"":""0.7700""}"
KXETH15M-26APR271845-45,94dcea4c-6fda-6bfd-667e-8d7f6f0feb50,1777329008,0.7,4.0,yes,"{""count_fp"":""4.00"",""created_time"":""2026-04-27T22:30:08.940937Z"",""no_price_dollars"":""0.3000"",""taker_side"":""yes"",""ticker"":""KXETH15M-26APR271845-45"",""trade_id"":""94dcea4c-6fda-6bfd-667e-8d7f6f0feb50"",""yes_price_dollars"":""0.7000""}"
KXETH15M-26APR271845-45,14e86eb2-ce0f-67ca-78d3-2b200273f0ee,1777329008,0.49,1.0,yes,"{""count_fp"":""1.00"",""created_time"":""2026-04-27T22:30:08.940937Z"",""no_price_dollars"":""0.5100"",""taker_side"":""yes"",""ticker"":""KXETH15M-26APR271845-45"",""trade_id"":""14e86eb2-ce0f-67ca-78d3-2b200273f0ee"",""yes_price_dollars"":""0.4900""}"
KXETH15M-26APR271845-45,0cefdc7c-bc06-637a-7681-eefb48060417,1777329008,0.75,1.0,yes,"{""count_fp"":""1.00"",""created_time"":""2026-04-27T22:30:08.940937Z"",""no_price_dollars"":""0.2500"",""taker_side"":""yes"",""ticker"":""KXETH15M-26APR271845-45"",""trade_id"":""0cefdc7c-bc06-637a-7681-eefb48060417"",""yes_price_dollars"":""0.7500""}"
KXETH15M-26APR271845-45,4fb41173-c12b-7c5a-583c-eba9e3b9d8fb,1777329010,0.62,10.0,no,"{""count_fp"":""10.00"",""created_time"":""2026-04-27T22:30:10.586181Z"",""no_price_dollars"":""0.3800"",""taker_side"":""no"",""ticker"":""KXETH15M-26APR271845-45"",""trade_id"":""4fb41173-c12b-7c5a-583c-eba9e3b9d8fb"",""yes_price_dollars"":""0.6200""}"
KXETH15M-26APR271845-45,f3778eae-3397-4231-2a8c-ea2e7b9b449b,1777329011,0.69,4.0,no,"{""count_fp"":""4.00"",""created_time"":""2026-04-27T22:30:11.653905Z"",""no_price_dollars"":""0.3100"",""taker_side"":""no"",""ticker"":""KXETH15M-26APR271845-45"",""trade_id"":""f3778eae-3397-4231-2a8c-ea2e7b9b449b"",""yes_price_dollars"":""0.6900""}"
KXETH15M-26APR271845-45,e1a330b5-d143-7e51-77e9-a26a0e2b8343,1777329017,0.69,3.0,no,"{""count_fp"":""3.00"",""created_time"":""2026-04-27T22:30:17.457432Z"",""no_price_dollars"":""0.3100"",""taker_side"":""no"",""ticker"":""KXETH15M-26APR271845-45"",""trade_id"":""e1a330b5-d143-7e51-77e9-a26a0e2b8343"",""yes_price_dollars"":""0.6900""}"
KXETH15M-26APR271845-45,02130f14-3da5-7e5e-5014-58f72b4194a7,1777329018,0.7,5.0,yes,"{""count_fp"":""5.00"",""created_time"":""2026-04-27T22:30:18.694165Z"",""no_price_dollars"":""0.3000"",""taker_side"":""yes"",""ticker"":""KXETH15M-26APR271845-45"",""trade_id"":""02130f14-3da5-7e5e-5014-58f72b4194a7"",""yes_price_dollars"":""0.7000""}"
KXETH15M-26APR271845-45,d099fbe9-c57e-5e84-803e-5f3f5d3057cc,1777329020,0.73,29.0,no,"{""count_fp"":""29.00"",""created_time"":""2026-04-27T22:30:20.841683Z"",""no_price_dollars"":""0.2700"",""taker_side"":""no"",""ticker"":""KXETH15M-26APR271845-45"",""trade_id"":""d099fbe9-c57e-5e84-803e-5f3f5d3057cc"",""yes_price_dollars"":""0.7300""}"
KXETH15M-26APR271845-45,6a83edd0-1b96-7ae8-1b91-3e0af24a4e08,1777329020,0.73,1.0,no,"{""count_fp"":""1.00"",""created_time"":""2026-04-27T22:30:20.709744Z"",""no_price_dollars"":""0.2700"",""taker_side"":""no"",""ticker"":""KXETH15M-26APR271845-45"",""trade_id"":""6a83edd0-1b96-7ae8-1b91-3e0af24a4e08"",""yes_price_dollars"":""0.7300""}"
KXETH15M-26APR271845-45,2c3c57dc-d6a2-5c0f-f360-c01a7a32e441,1777329020,0.73,1.0,yes,"{""count_fp"":""1.00"",""created_time"":""2026-04-27T22:30:20.615312Z"",""no_price_dollars"":""0.2700"",""taker_side"":""yes"",""ticker"":""KXETH15M-26APR271845-45"",""trade_id"":""2c3c57dc-d6a2-5c0f-f360-c01a7a32e441"",""yes_price_dollars"":""0.7300""}"
KXETH15M-26APR271845-45,c7fd506c-8917-7822-7ecc-cf3c9dfd6e0b,1777329020,0.74,50.0,no,"{""count_fp"":""50.00"",""created_time"":""2026-04-27T22:30:20.495996Z"",""no_price_dollars"":""0.2600"",""taker_side"":""no"",""ticker"":""KXETH15M-26APR271845-45"",""trade_id"":""c7fd506c-8917-7822-7ecc-cf3c9dfd6e0b"",""yes_price_dollars"":""0.7400""}"
KXETH15M-26APR271845-45,3ddd2407-134f-46ec-eccc-034cc0f73697,1777329022,0.71,29.0,no,"{""count_fp"":""29.00"",""created_time"":""2026-04-27T22:30:22.958564Z"",""no_price_dollars"":""0.2900"",""taker_side"":""no"",""ticker"":""KXETH15M-26APR271845-45"",""trade_id"":""3ddd2407-134f-46ec-eccc-034cc0f73697"",""yes_price_dollars"":""0.7100""}"
KXETH15M-26APR271845-45,7feafa76-0c7e-5464-d3e7-ecf73a81f784,1777329026,0.73,6.24,no,"{""count_fp"":""6.24"",""created_time"":""2026-04-27T22:30:26.359827Z"",""no_price_dollars"":""0.2700"",""taker_side"":""no"",""ticker"":""KXETH15M-26APR271845-45"",""trade_id"":""7feafa76-0c7e-5464-d3e7-ecf73a81f784"",""yes_price_dollars"":""0.7300""}"
KXETH15M-26APR271845-45,5dd5be76-d05e-5160-f23e-98f90a13039b,1777329026,0.73,1.0,no,"{""count_fp"":""1.00"",""created_time"":""2026-04-27T22:30:26.359827Z"",""no_price_dollars"":""0.2700"",""taker_side"":""no"",""ticker"":""KXETH15M-26APR271845-45"",""trade_id"":""5dd5be76-d05e-5160-f23e-98f90a13039b"",""yes_price_dollars"":""0.7300""}"
KXETH15M-26APR271845-45,da59d33b-5d4b-540e-2906-496f90a5d884,1777329026,0.74,5.0,no,"{""count_fp"":""5.00"",""created_time"":""2026-04-27T22:30:26.265737Z"",""no_price_dollars"":""0.2600"",""taker_side"":""no"",""ticker"":""KXETH15M-26APR271845-45"",""trade_id"":""da59d33b-5d4b-540e-2906-496f90a5d884"",""yes_price_dollars"":""0.7400""}"
KXETH15M-26APR271845-45,6f2d19bc-4b17-592c-0ca2-d33fc5d0fceb,1777329026,0.74,9.0,no,"{""count_fp"":""9.00"",""created_time"":""2026-04-27T22:30:26.265737Z"",""no_price_dollars"":""0.2600"",""taker_side"":""no"",""ticker"":""KXETH15M-26APR271845-45"",""trade_id"":""6f2d19bc-4b17-592c-0ca2-d33fc5d0fceb"",""yes_price_dollars"":""0.7400""}"
KXETH15M-26APR271845-45,b3361b32-cd87-7861-1a55-588c683a650f,1777329028,0.77,1.19,no,"{""count_fp"":""1.19"",""created_time"":""2026-04-27T22:30:28.350898Z"",""no_price_dollars"":""0.2300"",""taker_side"":""no"",""ticker"":""KXETH15M-26APR271845-45"",""trade_id"":""b3361b32-cd87-7861-1a55-588c683a650f"",""yes_price_dollars"":""0.7700""}"
KXETH15M-26APR271845-45,6af0cf1d-d686-7ba3-02cf-546f38866a71,1777329028,0.77,1.0,no,"{""count_fp"":""1.00"",""created_time"":""2026-04-27T22:30:28.350898Z"",""no_price_dollars"":""0.2300"",""taker_side"":""no"",""ticker"":""KXETH15M-26APR271845-45"",""trade_id"":""6af0cf1d-d686-7ba3-02cf-546f38866a71"",""yes_price_dollars"":""0.7700""}"
KXETH15M-26APR271845-45,cf16ddb1-6577-5f25-4975-8c62282a4b7f,1777329029,0.77,200.0,no,"{""count_fp"":""200.00"",""created_time"":""2026-04-27T22:30:29.851702Z"",""no_price_dollars"":""0.2300"",""taker_side"":""no"",""ticker"":""KXETH15M-26APR271845-45"",""trade_id"":""cf16ddb1-6577-5f25-4975-8c62282a4b7f"",""yes_price_dollars"":""0.7700""}"
KXETH15M-26APR271845-45,4221291e-f65b-6ccd-086f-1d5656f78a57,1777329029,0.77,20.6,no,"{""count_fp"":""20.60"",""created_time"":""2026-04-27T22:30:29.564569Z"",""no_price_dollars"":""0.2300"",""taker_side"":""no"",""ticker"":""KXETH15M-26APR271845-45"",""trade_id"":""4221291e-f65b-6ccd-086f-1d5656f78a57"",""yes_price_dollars"":""0.7700""}"
KXETH15M-26APR271845-45,9a1913ba-4984-4125-f05b-d4cd155b9d7c,1777329030,0.78,16.0,yes,"{""count_fp"":""16.00"",""created_time"":""2026-04-27T22:30:30.726518Z"",""no_price_dollars"":""0.2200"",""taker_side"":""yes"",""ticker"":""KXETH15M-26APR271845-45"",""trade_id"":""9a1913ba-4984-4125-f05b-d4cd155b9d7c"",""yes_price_dollars"":""0.7800""}"
KXETH15M-26APR271845-45,05817fe8-ebec-4f7f-cbff-2f7d67038a0d,1777329030,0.78,126.0,yes,"{""count_fp"":""126.00"",""created_time"":""2026-04-27T22:30:30.726518Z"",""no_price_dollars"":""0.2200"",""taker_side"":""yes"",""ticker"":""KXETH15M-26APR271845-45"",""trade_id"":""05817fe8-ebec-4f7f-cbff-2f7d67038a0d"",""yes_price_dollars"":""0.7800""}"
KXETH15M-26APR271845-45,8e459667-db4d-516b-2201-789d9f63e93c,1777329036,0.79,3.74,yes,"{""count_fp"":""3.74"",""created_time"":""2026-04-27T22:30:36.507697Z"",""no_price_dollars"":""0.2100"",""taker_side"":""yes"",""ticker"":""KXETH15M-26APR271845-45"",""trade_id"":""8e459667-db4d-516b-2201-789d9f63e93c"",""yes_price_dollars"":""0.7900""}"
KXETH15M-26APR271845-45,728c01d8-3265-4dc3-c6b4-453c2e1c49b8,1777329036,0.79,1.0,yes,"{""count_fp"":""1.00"",""created_time"":""2026-04-27T22:30:36.003592Z"",""no_price_dollars"":""0.2100"",""taker_side"":""yes"",""ticker"":""KXETH15M-26APR271845-45"",""trade_id"":""728c01d8-3265-4dc3-c6b4-453c2e1c49b8"",""yes_price_dollars"":""0.7900""}"
KXETH15M-26APR271845-45,badf9a8f-4867-764d-693e-3a978ca9b2ab,1777329037,0.76,10.0,no,"{""count_fp"":""10.00"",""created_time"":""2026-04-27T22:30:37.759451Z"",""no_price_dollars"":""0.2400"",""taker_side"":""no"",""ticker"":""KXETH15M-26APR271845-45"",""trade_id"":""badf9a8f-4867-764d-693e-3a978ca9b2ab"",""yes_price_dollars"":""0.7600""}"
KXETH15M-26APR271845-45,d17df727-6710-5d17-8709-bf28d194e6c3,1777329037,0.78,1.0,no,"{""count_fp"":""1.00"",""created_time"":""2026-04-27T22:30:37.569937Z"",""no_price_dollars"":""0.2200"",""taker_side"":""no"",""ticker"":""KXETH15M-26APR271845-45"",""trade_id"":""d17df727-6710-5d17-8709-bf28d194e6c3"",""yes_price_dollars"":""0.7800""}"
KXETH15M-26APR271845-45,d01ced16-04b6-5624-ab88-f99158f340c8,1777329037,0.78,22.76,no,"{""count_fp"":""22.76"",""created_time"":""2026-04-27T22:30:37.569937Z"",""no_price_dollars"":""0.2200"",""taker_side"":""no"",""ticker"":""KXETH15M-26APR271845-45"",""trade_id"":""d01ced16-04b6-5624-ab88-f99158f340c8"",""yes_price_dollars"":""0.7800""}"
KXETH15M-26APR271845-45,2740b5fa-e263-5488-89ac-cd58d5c408c3,1777329037,0.78,100.0,no,"{""count_fp"":""100.00"",""created_time"":""2026-04-27T22:30:37.569937Z"",""no_price_dollars"":""0.2200"",""taker_side"":""no"",""ticker"":""KXETH15M-26APR271845-45"",""trade_id"":""2740b5fa-e263-5488-89ac-cd58d5c408c3"",""yes_price_dollars"":""0.7800""}"
KXETH15M-26APR271845-45,8504fb2b-6d70-6b94-89cb-46e2da2ecc23,1777329039,0.8,5.46,no,"{""count_fp"":""5.46"",""created_time"":""2026-04-27T22:30:39.828428Z"",""no_price_dollars"":""0.2000"",""taker_side"":""no"",""ticker"":""KXETH15M-26APR271845-45"",""trade_id"":""8504fb2b-6d70-6b94-89cb-46e2da2ecc23"",""yes_price_dollars"":""0.8000""}"
KXETH15M-26APR271845-45,48022fc4-aa2f-6a6f-98b4-c4d30ccb972d,1777329039,0.8,1.0,no,"{""count_fp"":""1.00"",""created_time"":""2026-04-27T22:30:39.828428Z"",""no_price_dollars"":""0.2000"",""taker_side"":""no"",""ticker"":""KXETH15M-26APR271845-45"",""trade_id"":""48022fc4-aa2f-6a6f-98b4-c4d30ccb972d"",""yes_price_dollars"":""0.8000""}"
KXETH15M-26APR271845-45,76823048-a58f-412f-5682-1af7186ef5f8,1777329039,0.79,28.0,yes,"{""count_fp"":""28.00"",""created_time"":""2026-04-27T22:30:39.172157Z"",""no_price_dollars"":""0.2100"",""taker_side"":""yes"",""ticker"":""KXETH15M-26APR271845-45"",""trade_id"":""76823048-a58f-412f-5682-1af7186ef5f8"",""yes_price_dollars"":""0.7900""}"
KXETH15M-26APR271845-45,7ba34dae-577c-55b3-2773-2aefebfc2858,1777329040,0.81,20.0,yes,"{""count_fp"":""20.00"",""created_time"":""2026-04-27T22:30:40.314727Z"",""no_price_dollars"":""0.1900"",""taker_side"":""yes"",""ticker"":""KXETH15M-26APR271845-45"",""trade_id"":""7ba34dae-577c-55b3-2773-2aefebfc2858"",""yes_price_dollars"":""0.8100""}"
KXETH15M-26APR271845-45,8c6dbce5-a4eb-4221-ceeb-28a8552b1ba5,1777329044,0.8,1.0,no,"{""count_fp"":""1.00"",""created_time"":""2026-04-27T22:30:44.637817Z"",""no_price_dollars"":""0.2000"",""taker_side"":""no"",""ticker"":""KXETH15M-26APR271845-45"",""trade_id"":""8c6dbce5-a4eb-4221-ceeb-28a8552b1ba5"",""yes_price_dollars"":""0.8000""}"
KXETH15M-26APR271845-45,4659e204-2954-4330-f730-c2c1fecda25b,1777329044,0.8,2.0,no,"{""count_fp"":""2.00"",""created_time"":""2026-04-27T22:30:44.637817Z"",""no_price_dollars"":""0.2000"",""taker_side"":""no"",""ticker"":""KXETH15M-26APR271845-45"",""trade_id"":""4659e204-2954-4330-f730-c2c1fecda25b"",""yes_price_dollars"":""0.8000""}"
KXETH15M-26APR271845-45,33f4a976-4209-4677-bcfa-ed2de1a9d61e,1777329044,0.81,1.0,yes,"{""count_fp"":""1.00"",""created_time"":""2026-04-27T22:30:44.010507Z"",""no_price_dollars"":""0.1900"",""taker_side"":""yes"",""ticker"":""KXETH15M-26APR271845-45"",""trade_id"":""33f4a976-4209-4677-bcfa-ed2de1a9d61e"",""yes_price_dollars"":""0.8100""}"
KXETH15M-26APR271845-45,4390bd96-44bf-4723-adbd-5419eb21346e,1777329045,0.8,1.0,no,"{""count_fp"":""1.00"",""created_time"":""2026-04-27T22:30:45.610864Z"",""no_price_dollars"":""0.2000"",""taker_side"":""no"",""ticker"":""KXETH15M-26APR271845-45"",""trade_id"":""4390bd96-44bf-4723-adbd-5419eb21346e"",""yes_price_dollars"":""0.8000""}"
KXETH15M-26APR271845-45,41331603-b138-42bc-ad77-d0cbf11ca89b,1777329045,0.8,8.46,no,"{""count_fp"":""8.46"",""created_time"":""2026-04-27T22:30:45.610864Z"",""no_price_dollars"":""0.2000"",""taker_side"":""no"",""ticker"":""KXETH15M-26APR271845-45"",""trade_id"":""41331603-b138-42bc-ad77-d0cbf11ca89b"",""yes_price_dollars"":""0.8000""}"
KXETH15M-26APR271845-45,1743147c-a7cd-55a3-95c9-761789dfffc2,1777329045,0.81,1.0,yes,"{""count_fp"":""1.00"",""created_time"":""2026-04-27T22:30:45.250433Z"",""no_price_dollars"":""0.1900"",""taker_side"":""yes"",""ticker"":""KXETH15M-26APR271845-45"",""trade_id"":""1743147c-a7cd-55a3-95c9-761789dfffc2"",""yes_price_dollars"":""0.8100""}"
KXETH15M-26APR271845-45,e643311c-8a3a-4f2d-8a65-2c4a40bab97f,1777329047,0.79,5.0,no,"{""count_fp"":""5.00"",""created_time"":""2026-04-27T22:30:47.182732Z"",""no_price_dollars"":""0.2100"",""taker_side"":""no"",""ticker"":""KXETH15M-26APR271845-45"",""trade_id"":""e643311c-8a3a-4f2d-8a65-2c4a40bab97f"",""yes_price_dollars"":""0.7900""}"
KXETH15M-26APR271845-45,c2e80e22-4848-4e44-a1b9-0f474323d6c3,1777329047,0.79,36.0,no,"{""count_fp"":""36.00"",""created_time"":""2026-04-27T22:30:47.182732Z"",""no_price_dollars"":""0.2100"",""taker_side"":""no"",""ticker"":""KXETH15M-26APR271845-45"",""trade_id"":""c2e80e22-4848-4e44-a1b9-0f474323d6c3"",""yes_price_dollars"":""0.7900""}"
KXETH15M-26APR271845-45,f258d9fa-1fcc-690f-dc5b-8661350cd485,1777329052,0.83,8.92,yes,"{""count_fp"":""8.92"",""created_time"":""2026-04-27T22:30:52.663885Z"",""no_price_dollars"":""0.1700"",""taker_side"":""yes"",""ticker"":""KXETH15M-26APR271845-45"",""trade_id"":""f258d9fa-1fcc-690f-dc5b-8661350cd485"",""yes_price_dollars"":""0.8300""}"
KXETH15M-26APR271845-45,c47e8aaa-21ed-6d23-d571-c88f30604ae1,1777329052,0.81,1.0,yes,"{""count_fp"":""1.00"",""created_time"":""2026-04-27T22:30:52.663885Z"",""no_price_dollars"":""0.1900"",""taker_side"":""yes"",""ticker"":""KXETH15M-26APR271845-45"",""trade_id"":""c47e8aaa-21ed-6d23-d571-c88f30604ae1"",""yes_price_dollars"":""0.8100""}"
KXETH15M-26APR271845-45,b3ddb67f-1d26-67e8-d1d0-78015c6be6ba,1777329052,0.82,100.0,yes,"{""count_fp"":""100.00"",""created_time"":""2026-04-27T22:30:52.663885Z"",""no_price_dollars"":""0.1800"",""taker_side"":""yes"",""ticker"":""KXETH15M-26APR271845-45"",""trade_id"":""b3ddb67f-1d26-67e8-d1d0-78015c6be6ba"",""yes_price_dollars"":""0.8200""}"
KXETH15M-26APR271845-45,170ea2c7-b6d2-6bf9-fde1-1f23a94c597a,1777329052,0.81,10.52,yes,"{""count_fp"":""10.52"",""created_time"":""2026-04-27T22:30:52.663885Z"",""no_price_dollars"":""0.1900"",""taker_side"":""yes"",""ticker"":""KXETH15M-26APR271845-45"",""trade_id"":""170ea2c7-b6d2-6bf9-fde1-1f23a94c597a"",""yes_price_dollars"":""0.8100""}"
KXETH15M-26APR271845-45,124b939e-e0b3-7313-0f1f-e06b6415a05c,1777329053,0.81,1.0,yes,"{""count_fp"":""1.00"",""created_time"":""2026-04-27T22:30:53.698974Z"",""no_price_dollars"":""0.1900"",""taker_side"":""yes"",""ticker"":""KXETH15M-26APR271845-45"",""trade_id"":""124b939e-e0b3-7313-0f1f-e06b6415a05c"",""yes_price_dollars"":""0.8100""}"
KXETH15M-26APR271845-45,36bd1f32-6395-6237-8b9f-36c6e6f4fef6,1777329055,0.8,1.0,yes,"{""count_fp"":""1.00"",""created_time"":""2026-04-27T22:30:55.727856Z"",""no_price_dollars"":""0.2000"",""taker_side"":""yes"",""ticker"":""KXETH15M-26APR271845-45"",""trade_id"":""36bd1f32-6395-6237-8b9f-36c6e6f4fef6"",""yes_price_dollars"":""0.8000""}"
KXETH15M-26APR271845-45,d181c2d4-d8b6-71ad-e7c6-646b84523875,1777329058,0.82,1.0,yes,"{""count_fp"":""1.00"",""created_time"":""2026-04-27T22:30:58.969732Z"",""no_price_dollars"":""0.1800"",""taker_side"":""yes"",""ticker"":""KXETH15M-26APR271845-45"",""trade_id"":""d181c2d4-d8b6-71ad-e7c6-646b84523875"",""yes_price_dollars"":""0.8200""}"
KXETH15M-26APR271845-45,82ac8895-d676-76e1-0e09-fccd0a571db5,1777329058,0.82,1.0,yes,"{""count_fp"":""1.00"",""created_time"":""2026-04-27T22:30:58.017105Z"",""no_price_dollars"":""0.1800"",""taker_side"":""yes"",""ticker"":""KXETH15M-26APR271845-45"",""trade_id"":""82ac8895-d676-76e1-0e09-fccd0a571db5"",""yes_price_dollars"":""0.8200""}"
KXETH15M-26APR271845-45,4e7d7d7b-7f87-713d-3dd5-f54951482a7f,1777329058,0.81,1.0,yes,"{""count_fp"":""1.00"",""created_time"":""2026-04-27T22:30:58.017105Z"",""no_price_dollars"":""0.1900"",""taker_side"":""yes"",""ticker"":""KXETH15M-26APR271845-45"",""trade_id"":""4e7d7d7b-7f87-713d-3dd5-f54951482a7f"",""yes_price_dollars"":""0.8100""}"
KXETH15M-26APR271845-45,386f096f-f998-5ec7-fb1d-8f7ec0a5ba0d,1777329059,0.83,3.0,yes,"{""count_fp"":""3.00"",""created_time"":""2026-04-27T22:30:59.835311Z"",""no_price_dollars"":""0.1700"",""taker_side"":""yes"",""ticker"":""KXETH15M-26APR271845-45"",""trade_id"":""386f096f-f998-5ec7-fb1d-8f7ec0a5ba0d"",""yes_price_dollars"":""0.8300""}"
KXETH15M-26APR271845-45,7f8df832-20da-685a-2df7-17434aa09e6e,1777329060,0.83,574.0,yes,"{""count_fp"":""574.00"",""created_time"":""2026-04-27T22:31:00.747447Z"",""no_price_dollars"":""0.1700"",""taker_side"":""yes"",""ticker"":""KXETH15M-26APR271845-45"",""trade_id"":""7f8df832-20da-685a-2df7-17434aa09e6e"",""yes_price_dollars"":""0.8300""}"
KXETH15M-26APR271845-45,f1caec54-fd5e-5926-9202-eb50a533fcee,1777329060,0.83,1.0,yes,"{""count_fp"":""1.00"",""created_time"":""2026-04-27T22:31:00.710565Z"",""no_price_dollars"":""0.1700"",""taker_side"":""yes"",""ticker"":""KXETH15M-26APR271845-45"",""trade_id"":""f1caec54-fd5e-5926-9202-eb50a533fcee"",""yes_price_dollars"":""0.8300""}"
KXETH15M-26APR271845-45,3f784355-6016-4be2-5a2b-bbab6f804b56,1777329060,0.83,25.0,yes,"{""count_fp"":""25.00"",""created_time"":""2026-04-27T22:31:00.137594Z"",""no_price_dollars"":""0.1700"",""taker_side"":""yes"",""ticker"":""KXETH15M-26APR271845-45"",""trade_id"":""3f784355-6016-4be2-5a2b-bbab6f804b56"",""yes_price_dollars"":""0.8300""}"
KXETH15M-26APR271845-45,6dc45600-c490-4bbc-b444-829f033bb520,1777329061,0.83,2.0,no,"{""count_fp"":""2.00"",""created_time"":""2026-04-27T22:31:01.429679Z"",""no_price_dollars"":""0.1700"",""taker_side"":""no"",""ticker"":""KXETH15M-26APR271845-45"",""trade_id"":""6dc45600-c490-4bbc-b444-829f033bb520"",""yes_price_dollars"":""0.8300""}"
KXETH15M-26APR271845-45,1f4623e8-a226-4566-985f-438f41758613,1777329061,0.83,1.0,no,"{""count_fp"":""1.00"",""created_time"":""2026-04-27T22:31:01.429679Z"",""no_price_dollars"":""0.1700"",""taker_side"":""no"",""ticker"":""KXETH15M-26APR271845-45"",""trade_id"":""1f4623e8-a226-4566-985f-438f41758613"",""yes_price_dollars"":""0.8300""}"
KXETH15M-26APR271845-45,446c7e04-f8c3-6797-af09-edfbcf600175,1777329061,0.84,23.0,yes,"{""count_fp"":""23.00"",""created_time"":""2026-04-27T22:31:01.087801Z"",""no_price_dollars"":""0.1600"",""taker_side"":""yes"",""ticker"":""KXETH15M-26APR271845-45"",""trade_id"":""446c7e04-f8c3-6797-af09-edfbcf600175"",""yes_price_dollars"":""0.8400""}"
KXETH15M-26APR271845-45,b617a87f-df4f-6ec7-53c8-290cb1fe3b19,1777329061,0.84,5.0,yes,"{""count_fp"":""5.00"",""created_time"":""2026-04-27T22:31:01.016674Z"",""no_price_dollars"":""0.1600"",""taker_side"":""yes"",""ticker"":""KXETH15M-26APR271845-45"",""trade_id"":""b617a87f-df4f-6ec7-53c8-290cb1fe3b19"",""yes_price_dollars"":""0.8400""}"
KXETH15M-26APR271845-45,ae468083-6504-7d30-8338-ff9d37c28257,1777329062,0.83,100.0,no,"{""count_fp"":""100.00"",""created_time"":""2026-04-27T22:31:02.684843Z"",""no_price_dollars"":""0.1700"",""taker_side"":""no"",""ticker"":""KXETH15M-26APR271845-45"",""trade_id"":""ae468083-6504-7d30-8338-ff9d37c28257"",""yes_price_dollars"":""0.8300""}"
KXETH15M-26APR271845-45,37de060e-9ff8-752e-a0da-45dd79c2b193,1777329062,0.83,1.0,no,"{""count_fp"":""1.00"",""created_time"":""2026-04-27T22:31:02.684843Z"",""no_price_dollars"":""0.1700"",""taker_side"":""no"",""ticker"":""KXETH15M-26APR271845-45"",""trade_id"":""37de060e-9ff8-752e-a0da-45dd79c2b193"",""yes_price_dollars"":""0.8300""}"
KXETH15M-26APR271845-45,cba8de04-942f-4bbd-8f17-a117ed28335b,1777329062,0.82,45.0,no,"{""count_fp"":""45.00"",""created_time"":""2026-04-27T22:31:02.273769Z"",""no_price_dollars"":""0.1800"",""taker_side"":""no"",""ticker"":""KXETH15M-26APR271845-45"",""trade_id"":""cba8de04-942f-4bbd-8f17-a117ed28335b"",""yes_price_dollars"":""0.8200""}"
KXETH15M-26APR271845-45,07d885db-cbe3-6d73-67d6-fa482c032bf5,1777329062,0.84,13.0,yes,"{""count_fp"":""13.00"",""created_time"":""2026-04-27T22:31:02.091146Z"",""no_price_dollars"":""0.1600"",""taker_side"":""yes"",""ticker"":""KXETH15M-26APR271845-45"",""trade_id"":""07d885db-cbe3-6d73-67d6-fa482c032bf5"",""yes_price_dollars"":""0.8400""}"
KXETH15M-26APR271845-45,aa95f13e-336f-44f3-bd1b-35b4c10a40d1,1777329063,0.84,11.0,yes,"{""count_fp"":""11.00"",""created_time"":""2026-04-27T22:31:03.126504Z"",""no_price_dollars"":""0.1600"",""taker_side"":""yes"",""ticker"":""KXETH15M-26APR271845-45"",""trade_id"":""aa95f13e-336f-44f3-bd1b-35b4c10a40d1"",""yes_price_dollars"":""0.8400""}"
KXETH15M-26APR271845-45,26126c63-5a53-415c-aa37-8646d949e8f9,1777329063,0.83,1.0,yes,"{""count_fp"":""1.00"",""created_time"":""2026-04-27T22:31:03.126504Z"",""no_price_dollars"":""0.1700"",""taker_side"":""yes"",""ticker"":""KXETH15M-26APR271845-45"",""trade_id"":""26126c63-5a53-415c-aa37-8646d949e8f9"",""yes_price_dollars"":""0.8300""}"
KXETH15M-26APR271845-45,bdd5b3a6-4e7f-5937-9e40-9e11e30592b1,1777329065,0.84,7.0,yes,"{""count_fp"":""7.00"",""created_time"":""2026-04-27T22:31:05.108613Z"",""no_price_dollars"":""0.1600"",""taker_side"":""yes"",""ticker"":""KXETH15M-26APR271845-45"",""trade_id"":""bdd5b3a6-4e7f-5937-9e40-9e11e30592b1"",""yes_price_dollars"":""0.8400""}"
KXETH15M-26APR271845-45,ead08a14-0e4b-4a0e-1e15-5886f518d2b5,1777329066,0.84,1.0,yes,"{""count_fp"":""1.00"",""created_time"":""2026-04-27T22:31:06.110786Z"",""no_price_dollars"":""0.1600"",""taker_side"":""yes"",""ticker"":""KXETH15M-26APR271845-45"",""trade_id"":""ead08a14-0e4b-4a0e-1e15-5886f518d2b5"",""yes_price_dollars"":""0.8400""}"
KXETH15M-26APR271845-45,1b4a7cf2-a3e7-4c37-30ea-154d29753cad,1777329066,0.84,5.0,yes,"{""count_fp"":""5.00"",""created_time"":""2026-04-27T22:31:06.110786Z"",""no_price_dollars"":""0.1600"",""taker_side"":""yes"",""ticker"":""KXETH15M-26APR271845-45"",""trade_id"":""1b4a7cf2-a3e7-4c37-30ea-154d29753cad"",""yes_price_dollars"":""0.8400""}"
KXETH15M-26APR271845-45,f0d69ee4-5d75-4785-c14b-5989bb8916fc,1777329067,0.84,1.0,no,"{""count_fp"":""1.00"",""created_time"":""2026-04-27T22:31:07.859048Z"",""no_price_dollars"":""0.1600"",""taker_side"":""no"",""ticker"":""KXETH15M-26APR271845-45"",""trade_id"":""f0d69ee4-5d75-4785-c14b-5989bb8916fc"",""yes_price_dollars"":""0.8400""}"
KXETH15M-26APR271845-45,3e057f11-56c7-4a74-e35e-4469aa7e7421,1777329067,0.84,100.0,no,"{""count_fp"":""100.00"",""created_time"":""2026-04-27T22:31:07.859048Z"",""no_price_dollars"":""0.1600"",""taker_side"":""no"",""ticker"":""KXETH15M-26APR271845-45"",""trade_id"":""3e057f11-56c7-4a74-e35e-4469aa7e7421"",""yes_price_dollars"":""0.8400""}"
KXETH15M-26APR271845-45,12c062b7-a6b9-468a-d8f6-aa660c407dd7,1777329067,0.84,10.0,no,"{""count_fp"":""10.00"",""created_time"":""2026-04-27T22:31:07.859048Z"",""no_price_dollars"":""0.1600"",""taker_side"":""no"",""ticker"":""KXETH15M-26APR271845-45"",""trade_id"":""12c062b7-a6b9-468a-d8f6-aa660c407dd7"",""yes_price_dollars"":""0.8400""}"
KXETH15M-26APR271845-45,dc5668ad-23c8-499d-3411-784761445dcc,1777329068,0.85,1.0,yes,"{""count_fp"":""1.00"",""created_time"":""2026-04-27T22:31:08.096873Z"",""no_price_dollars"":""0.1500"",""taker_side"":""yes"",""ticker"":""KXETH15M-26APR271845-45"",""trade_id"":""dc5668ad-23c8-499d-3411-784761445dcc"",""yes_price_dollars"":""0.8500""}"
KXETH15M-26APR271845-45,8d8519f5-1828-4c2b-1a7e-9af9292f4b63,1777329068,0.84,1.0,yes,"{""count_fp"":""1.00"",""created_time"":""2026-04-27T22:31:08.096873Z"",""no_price_dollars"":""0.1600"",""taker_side"":""yes"",""ticker"":""KXETH15M-26APR271845-45"",""trade_id"":""8d8519f5-1828-4c2b-1a7e-9af9292f4b63"",""yes_price_dollars"":""0.8400""}"
KXETH15M-26APR271845-45,c553c680-2727-6503-5355-5b72c5d31e25,1777329069,0.83,11.11,no,"{""count_fp"":""11.11"",""created_time"":""2026-04-27T22:31:09.895313Z"",""no_price_dollars"":""0.1700"",""taker_side"":""no"",""ticker"":""KXETH15M-26APR271845-45"",""trade_id"":""c553c680-2727-6503-5355-5b72c5d31e25"",""yes_price_dollars"":""0.8300""}"
KXETH15M-26APR271845-45,ca3cc906-bc72-5529-600b-561f61eabacb,1777329073,0.84,5.0,yes,"{""count_fp"":""5.00"",""created_time"":""2026-04-27T22:31:13.223578Z"",""no_price_dollars"":""0.1600"",""taker_side"":""yes"",""ticker"":""KXETH15M-26APR271845-45"",""trade_id"":""ca3cc906-bc72-5529-600b-561f61eabacb"",""yes_price_dollars"":""0.8400""}"
KXETH15M-26APR271845-45,61f76216-2ce4-51c1-5733-44af295e90a8,1777329073,0.85,0.87,yes,"{""count_fp"":""0.87"",""created_time"":""2026-04-27T22:31:13.223578Z"",""no_price_dollars"":""0.1500"",""taker_side"":""yes"",""ticker"":""KXETH15M-26APR271845-45"",""trade_id"":""61f76216-2ce4-51c1-5733-44af295e90a8"",""yes_price_dollars"":""0.8500""}"
KXETH15M-26APR271845-45,fd0adbfd-7b88-6f89-5a87-3476c8f68d04,1777329075,0.85,1.0,yes,"{""count_fp"":""1.00"",""created_time"":""2026-04-27T22:31:15.602934Z"",""no_price_dollars"":""0.1500"",""taker_side"":""yes"",""ticker"":""KXETH15M-26APR271845-45"",""trade_id"":""fd0adbfd-7b88-6f89-5a87-3476c8f68d04"",""yes_price_dollars"":""0.8500""}"
KXETH15M-26APR271845-45,a9e91524-5adf-6ed3-aae6-5479e28bb205,1777329076,0.83,3.0,no,"{""count_fp"":""3.00"",""created_time"":""2026-04-27T22:31:16.032438Z"",""no_price_dollars"":""0.1700"",""taker_side"":""no"",""ticker"":""KXETH15M-26APR271845-45"",""trade_id"":""a9e91524-5adf-6ed3-aae6-5479e28bb205"",""yes_price_dollars"":""0.8300""}"
KXETH15M-26APR271845-45,e2a771ee-a72f-79c7-1b3e-d5119a99ba35,1777329077,0.83,27.79,no,"{""count_fp"":""27.79"",""created_time"":""2026-04-27T22:31:17.131526Z"",""no_price_dollars"":""0.1700"",""taker_side"":""no"",""ticker"":""KXETH15M-26APR271845-45"",""trade_id"":""e2a771ee-a72f-79c7-1b3e-d5119a99ba35"",""yes_price_dollars"":""0.8300""}"
KXETH15M-26APR271845-45,3eb62e29-9fc5-4251-38c2-1d66df15f7c4,1777329079,0.83,0.51,no,"{""count_fp"":""0.51"",""created_time"":""2026-04-27T22:31:19.927594Z"",""no_price_dollars"":""0.1700"",""taker_side"":""no"",""ticker"":""KXETH15M-26APR271845-45"",""trade_id"":""3eb62e29-9fc5-4251-38c2-1d66df15f7c4"",""yes_price_dollars"":""0.8300""}"
KXETH15M-26APR271845-45,dd7b39a3-7fb3-7f57-4424-68b899498c41,1777329079,0.83,2.51,no,"{""count_fp"":""2.51"",""created_time"":""2026-04-27T22:31:19.914846Z"",""no_price_dollars"":""0.1700"",""taker_side"":""no"",""ticker"":""KXETH15M-26APR271845-45"",""trade_id"":""dd7b39a3-7fb3-7f57-4424-68b899498c41"",""yes_price_dollars"":""0.8300""}"
KXETH15M-26APR271845-45,7ac6fe14-c179-7375-73dc-925c0d480db0,1777329079,0.83,99.49,no,"{""count_fp"":""99.49"",""created_time"":""2026-04-27T22:31:19.914846Z"",""no_price_dollars"":""0.1700"",""taker_side"":""no"",""ticker"":""KXETH15M-26APR271845-45"",""trade_id"":""7ac6fe14-c179-7375-73dc-925c0d480db0"",""yes_price_dollars"":""0.8300""}"
KXETH15M-26APR271845-45,c9d1c501-f090-5c4d-ed56-71bb65edeb30,1777329079,0.85,1.04,yes,"{""count_fp"":""1.04"",""created_time"":""2026-04-27T22:31:19.724849Z"",""no_price_dollars"":""0.1500"",""taker_side"":""yes"",""ticker"":""KXETH15M-26APR271845-45"",""trade_id"":""c9d1c501-f090-5c4d-ed56-71bb65edeb30"",""yes_price_dollars"":""0.8500""}"
KXETH15M-26APR271845-45,0e2a428c-f6bf-418b-f795-c7cc23facccd,1777329079,0.83,55.59,no,"{""count_fp"":""55.59"",""created_time"":""2026-04-27T22:31:19.162784Z"",""no_price_dollars"":""0.1700"",""taker_side"":""no"",""ticker"":""KXETH15M-26APR271845-45"",""trade_id"":""0e2a428c-f6bf-418b-f795-c7cc23facccd"",""yes_price_dollars"":""0.8300""}"
KXETH15M-26APR271845-45,607c46dc-ccc6-7d39-f71a-84382ba053bc,1777329079,0.84,3.74,no,"{""count_fp"":""3.74"",""created_time"":""2026-04-27T22:31:19.000245Z"",""no_price_dollars"":""0.1600"",""taker_side"":""no"",""ticker"":""KXETH15M-26APR271845-45"",""trade_id"":""607c46dc-ccc6-7d39-f71a-84382ba053bc"",""yes_price_dollars"":""0.8400""}"
KXETH15M-26APR271845-45,217eda65-b5a7-6b09-c586-d612cfab94f6,1777329080,0.8,1.0,no,"{""count_fp"":""1.00"",""created_time"":""2026-04-27T22:31:20.791639Z"",""no_price_dollars"":""0.2000"",""taker_side"":""no"",""ticker"":""KXETH15M-26APR271845-45"",""trade_id"":""217eda65-b5a7-6b09-c586-d612cfab94f6"",""yes_price_dollars"":""0.8000""}"
KXETH15M-26APR271845-45,ab826230-47b8-5678-a4d0-56db0bea7854,1777329081,0.79,8.02,no,"{""count_fp"":""8.02"",""created_time"":""2026-04-27T22:31:21.966765Z"",""no_price_dollars"":""0.2100"",""taker_side"":""no"",""ticker"":""KXETH15M-26APR271845-45"",""trade_id"":""ab826230-47b8-5678-a4d0-56db0bea7854"",""yes_price_dollars"":""0.7900""}"
KXETH15M-26APR271845-45,5aee7353-3b27-5926-b6cf-4286e6491d1a,1777329081,0.79,1.0,no,"{""count_fp"":""1.00"",""created_time"":""2026-04-27T22:31:21.966765Z"",""no_price_dollars"":""0.2100"",""taker_side"":""no"",""ticker"":""KXETH15M-26APR271845-45"",""trade_id"":""5aee7353-3b27-5926-b6cf-4286e6491d1a"",""yes_price_dollars"":""0.7900""}"
KXETH15M-26APR271845-45,ec8f98bc-c38c-5b90-9045-0dc82df87065,1777329087,0.81,5.0,no,"{""count_fp"":""5.00"",""created_time"":""2026-04-27T22:31:27.932716Z"",""no_price_dollars"":""0.1900"",""taker_side"":""no"",""ticker"":""KXETH15M-26APR271845-45"",""trade_id"":""ec8f98bc-c38c-5b90-9045-0dc82df87065"",""yes_price_dollars"":""0.8100""}"
KXETH15M-26APR271845-45,4e2056fe-db05-6507-f00d-372d511317d7,1777329093,0.8,0.9,no,"{""count_fp"":""0.90"",""created_time"":""2026-04-27T22:31:33.317042Z"",""no_price_dollars"":""0.2000"",""taker_side"":""no"",""ticker"":""KXETH15M-26APR271845-45"",""trade_id"":""4e2056fe-db05-6507-f00d-372d511317d7"",""yes_price_dollars"":""0.8000""}"
KXETH15M-26APR271845-45,cf03aa49-467c-48ca-eea4-340131cdd3dc,1777329097,0.78,10.0,no,"{""count_fp"":""10.00"",""created_time"":""2026-04-27T22:31:37.192647Z"",""no_price_dollars"":""0.2200"",""taker_side"":""no"",""ticker"":""KXETH15M-26APR271845-45"",""trade_id"":""cf03aa49-467c-48ca-eea4-340131cdd3dc"",""yes_price_dollars"":""0.7800""}"
KXETH15M-26APR271845-45,0eec027b-10ff-4ef0-e904-304c097e7aa8,1777329097,0.78,45.0,no,"{""count_fp"":""45.00"",""created_time"":""2026-04-27T22:31:37.192647Z"",""no_price_dollars"":""0.2200"",""taker_side"":""no"",""ticker"":""KXETH15M-26APR271845-45"",""trade_id"":""0eec027b-10ff-4ef0-e904-304c097e7aa8"",""yes_price_dollars"":""0.7800""}"
KXETH15M-26APR271845-45,8ee5488b-fe7c-7a48-aa37-e1090ffb7d1f,1777329101,0.8,5.0,no,"{""count_fp"":""5.00"",""created_time"":""2026-04-27T22:31:41.748094Z"",""no_price_dollars"":""0.2000"",""taker_side"":""no"",""ticker"":""KXETH15M-26APR271845-45"",""trade_id"":""8ee5488b-fe7c-7a48-aa37-e1090ffb7d1f"",""yes_price_dollars"":""0.8000""}"
KXETH15M-26APR271845-45,7e74ed8d-1832-67ae-da76-d99fb84839d8,1777329102,0.81,120.0,yes,"{""count_fp"":""120.00"",""created_time"":""2026-04-27T22:31:42.504535Z"",""no_price_dollars"":""0.1900"",""taker_side"":""yes"",""ticker"":""KXETH15M-26APR271845-45"",""trade_id"":""7e74ed8d-1832-67ae-da76-d99fb84839d8"",""yes_price_dollars"":""0.8100""}"
KXETH15M-26APR271845-45,99a21244-49cb-515e-54a8-d381986c0583,1777329102,0.8,1.0,no,"{""count_fp"":""1.00"",""created_time"":""2026-04-27T22:31:42.229523Z"",""no_price_dollars"":""0.2000"",""taker_side"":""no"",""ticker"":""KXETH15M-26APR271845-45"",""trade_id"":""99a21244-49cb-515e-54a8-d381986c0583"",""yes_price_dollars"":""0.8000""}"
KXETH15M-26APR271845-45,81623e49-4134-5400-5d83-1ac69077f4c8,1777329102,0.8,4.0,no,"{""count_fp"":""4.00"",""created_time"":""2026-04-27T22:31:42.229523Z"",""no_price_dollars"":""0.2000"",""taker_side"":""no"",""ticker"":""KXETH15M-26APR271845-45"",""trade_id"":""81623e49-4134-5400-5d83-1ac69077f4c8"",""yes_price_dollars"":""0.8000""}"
KXETH15M-26APR271845-45,8582d1c9-f700-5dfc-32ad-8b32e7f4efc4,1777329106,0.82,8.93,no,"{""count_fp"":""8.93"",""created_time"":""2026-04-27T22:31:46.198531Z"",""no_price_dollars"":""0.1800"",""taker_side"":""no"",""ticker"":""KXETH15M-26APR271845-45"",""trade_id"":""8582d1c9-f700-5dfc-32ad-8b32e7f4efc4"",""yes_price_dollars"":""0.8200""}"
KXETH15M-26APR271845-45,3a378d85-9ae8-5d3e-354a-2b829966ae48,1777329106,0.83,10.0,no,"{""count_fp"":""10.00"",""created_time"":""2026-04-27T22:31:46.198531Z"",""no_price_dollars"":""0.1700"",""taker_side"":""no"",""ticker"":""KXETH15M-26APR271845-45"",""trade_id"":""3a378d85-9ae8-5d3e-354a-2b829966ae48"",""yes_price_dollars"":""0.8300""}"
KXETH15M-26APR271845-45,78899d88-0bb9-7327-efe6-22d150ef479f,1777329107,0.79,3.12,no,"{""count_fp"":""3.12"",""created_time"":""2026-04-27T22:31:47.783103Z"",""no_price_dollars"":""0.2100"",""taker_side"":""no"",""ticker"":""KXETH15M-26APR271845-45"",""trade_id"":""78899d88-0bb9-7327-efe6-22d150ef479f"",""yes_price_dollars"":""0.7900""}"
KXETH15M-26APR271845-45,6d347fb6-9166-75e7-dafe-7bac0ef00c7c,1777329107,0.79,1.0,no,"{""count_fp"":""1.00"",""created_time"":""2026-04-27T22:31:47.783103Z"",""no_price_dollars"":""0.2100"",""taker_side"":""no"",""ticker"":""KXETH15M-26APR271845-45"",""trade_id"":""6d347fb6-9166-75e7-dafe-7bac0ef00c7c"",""yes_price_dollars"":""0.7900""}"
KXETH15M-26APR271845-45,86219912-7f89-654d-4f01-31090c46c3c8,1777329117,0.83,1.0,yes,"{""count_fp"":""1.00"",""created_time"":""2026-04-27T22:31:57.813444Z"",""no_price_dollars"":""0.1700"",""taker_side"":""yes"",""ticker"":""KXETH15M-26APR271845-45"",""trade_id"":""86219912-7f89-654d-4f01-31090c46c3c8"",""yes_price_dollars"":""0.8300""}"
KXETH15M-26APR271845-45,0bc85977-07ad-6c03-616a-f68e36dcee01,1777329117,0.84,1.0,yes,"{""count_fp"":""1.00"",""created_time"":""2026-04-27T22:31:57.813444Z"",""no_price_dollars"":""0.1600"",""taker_side"":""yes"",""ticker"":""KXETH15M-26APR271845-45"",""trade_id"":""0bc85977-07ad-6c03-616a-f68e36dcee01"",""yes_price_dollars"":""0.8400""}"
KXETH15M-26APR271845-45,ee1367e7-2a72-791c-eeb6-2b6c0e66f491,1777329120,0.83,5.0,yes,"{""count_fp"":""5.00"",""created_time"":""2026-04-27T22:32:00.097508Z"",""no_price_dollars"":""0.1700"",""taker_side"":""yes"",""ticker"":""KXETH15M-26APR271845-45"",""trade_id"":""ee1367e7-2a72-791c-eeb6-2b6c0e66f491"",""yes_price_dollars"":""0.8300""}"
KXETH15M-26APR271845-45,628a22fc-1f98-7810-f471-b20997257e46,1777329120,0.83,1.0,yes,"{""count_fp"":""1.00"",""created_time"":""2026-04-27T22:32:00.097508Z"",""no_price_dollars"":""0.1700"",""taker_side"":""yes"",""ticker"":""KXETH15M-26APR271845-45"",""trade_id"":""628a22fc-1f98-7810-f471-b20997257e46"",""yes_price_dollars"":""0.8300""}"
KXETH15M-26APR271845-45,4e227d7c-f9bb-7817-c10e-fd6c1983af4f,1777329120,0.85,9.0,yes,"{""count_fp"":""9.00"",""created_time"":""2026-04-27T22:32:00.097508Z"",""no_price_dollars"":""0.1500"",""taker_side"":""yes"",""ticker"":""KXETH15M-26APR271845-45"",""trade_id"":""4e227d7c-f9bb-7817-c10e-fd6c1983af4f"",""yes_price_dollars"":""0.8500""}"
KXETH15M-26APR271845-45,e9b063f7-b1d8-5824-53c2-34f177f55424,1777329122,0.83,45.59,no,"{""count_fp"":""45.59"",""created_time"":""2026-04-27T22:32:02.557634Z"",""no_price_dollars"":""0.1700"",""taker_side"":""no"",""ticker"":""KXETH15M-26APR271845-45"",""trade_id"":""e9b063f7-b1d8-5824-53c2-34f177f55424"",""yes_price_dollars"":""0.8300""}"
KXETH15M-26APR271845-45,6275d0ac-74e3-52bb-5d95-0ce5930c80e4,1777329122,0.83,10.0,no,"{""count_fp"":""10.00"",""created_time"":""2026-04-27T22:32:02.557634Z"",""no_price_dollars"":""0.1700"",""taker_side"":""no"",""ticker"":""KXETH15M-26APR271845-45"",""trade_id"":""6275d0ac-74e3-52bb-5d95-0ce5930c80e4"",""yes_price_dollars"":""0.8300""}"
KXETH15M-26APR271845-45,348f1b42-c173-56a4-d57b-46b89a208259,1777329126,0.83,1.0,yes,"{""count_fp"":""1.00"",""created_time"":""2026-04-27T22:32:06.922796Z"",""no_price_dollars"":""0.1700"",""taker_side"":""yes"",""ticker"":""KXETH15M-26APR271845-45"",""trade_id"":""348f1b42-c173-56a4-d57b-46b89a208259"",""yes_price_dollars"":""0.8300""}"
KXETH15M-26APR271845-45,2be17fc4-65bd-5543-dc20-99d8e8c94d50,1777329126,0.85,4.84,yes,"{""count_fp"":""4.84"",""created_time"":""2026-04-27T22:32:06.922796Z"",""no_price_dollars"":""0.1500"",""taker_side"":""yes"",""ticker"":""KXETH15M-26APR271845-45"",""trade_id"":""2be17fc4-65bd-5543-dc20-99d8e8c94d50"",""yes_price_dollars"":""0.8500""}"
KXETH15M-26APR271845-45,cd213776-1e69-7923-d3eb-e1265f57bbf7,1777329126,0.82,1.0,yes,"{""count_fp"":""1.00"",""created_time"":""2026-04-27T22:32:06.091723Z"",""no_price_dollars"":""0.1800"",""taker_side"":""yes"",""ticker"":""KXETH15M-26APR271845-45"",""trade_id"":""cd213776-1e69-7923-d3eb-e1265f57bbf7"",""yes_price_dollars"":""0.8200""}"
KXETH15M-26APR271845-45,ac5319a2-e531-72db-c51e-c8fce7fa1030,1777329126,0.85,6.21,yes,"{""count_fp"":""6.21"",""created_time"":""2026-04-27T22:32:06.091723Z"",""no_price_dollars"":""0.1500"",""taker_side"":""yes"",""ticker"":""KXETH15M-26APR271845-45"",""trade_id"":""ac5319a2-e531-72db-c51e-c8fce7fa1030"",""yes_price_dollars"":""0.8500""}"
KXETH15M-26APR271845-45,6072691c-ad19-7d5d-cfc0-b9db330a76b0,1777329126,0.84,8.79,yes,"{""count_fp"":""8.79"",""created_time"":""2026-04-27T22:32:06.091723Z"",""no_price_dollars"":""0.1600"",""taker_side"":""yes"",""ticker"":""KXETH15M-26APR271845-45"",""trade_id"":""6072691c-ad19-7d5d-cfc0-b9db330a76b0"",""yes_price_dollars"":""0.8400""}"
KXETH15M-26APR271845-45,f8fd5ab2-820d-4f5b-e959-3d43f4c40548,1777329128,0.85,4.75,yes,"{""count_fp"":""4.75"",""created_time"":""2026-04-27T22:32:08.609844Z"",""no_price_dollars"":""0.1500"",""taker_side"":""yes"",""ticker"":""KXETH15M-26APR271845-45"",""trade_id"":""f8fd5ab2-820d-4f5b-e959-3d43f4c40548"",""yes_price_dollars"":""0.8500""}"
KXETH15M-26APR271845-45,42b8ed4a-9c70-4a33-f811-6e09feee9390,1777329128,0.83,1.0,yes,"{""count_fp"":""1.00"",""created_time"":""2026-04-27T22:32:08.609844Z"",""no_price_dollars"":""0.1700"",""taker_side"":""yes"",""ticker"":""KXETH15M-26APR271845-45"",""trade_id"":""42b8ed4a-9c70-4a33-f811-6e09feee9390"",""yes_price_dollars"":""0.8300""}"
KXETH15M-26APR271845-45,c039db1e-6873-7148-c67d-4cc424c74399,1777329130,0.81,4.98,no,"{""count_fp"":""4.98"",""created_time"":""2026-04-27T22:32:10.861922Z"",""no_price_dollars"":""0.1900"",""taker_side"":""no"",""ticker"":""KXETH15M-26APR271845-45"",""trade_id"":""c039db1e-6873-7148-c67d-4cc424c74399"",""yes_price_dollars"":""0.8100""}"
KXETH15M-26APR271845-45,8f3137fb-2bb9-53b0-4fe8-35acbdd05807,1777329131,0.81,49.8,no,"{""count_fp"":""49.80"",""created_time"":""2026-04-27T22:32:11.491826Z"",""no_price_dollars"":""0.1900"",""taker_side"":""no"",""ticker"":""KXETH15M-26APR271845-45"",""trade_id"":""8f3137fb-2bb9-53b0-4fe8-35acbdd05807"",""yes_price_dollars"":""0.8100""}"
KXETH15M-26APR271845-45,d1837f84-7165-62a8-a94d-ae9fa8b97433,1777329131,0.81,30.0,no,"{""count_fp"":""30.00"",""created_time"":""2026-04-27T22:32:11.072713Z"",""no_price_dollars"":""0.1900"",""taker_side"":""no"",""ticker"":""KXETH15M-26APR271845-45"",""trade_id"":""d1837f84-7165-62a8-a94d-ae9fa8b97433"",""yes_price_dollars"":""0.8100""}"
KXETH15M-26APR271845-45,de4f92e0-f6a5-456b-df65-f54b0539976c,1777329132,0.85,4.21,yes,"{""count_fp"":""4.21"",""created_time"":""2026-04-27T22:32:12.101254Z"",""no_price_dollars"":""0.1500"",""taker_side"":""yes"",""ticker"":""KXETH15M-26APR271845-45"",""trade_id"":""de4f92e0-f6a5-456b-df65-f54b0539976c"",""yes_price_dollars"":""0.8500""}"
KXETH15M-26APR271845-45,5644850b-ce6f-4d57-ccec-ee2d0fcb6efb,1777329132,0.84,8.79,yes,"{""count_fp"":""8.79"",""created_time"":""2026-04-27T22:32:12.101254Z"",""no_price_dollars"":""0.1600"",""taker_side"":""yes"",""ticker"":""KXETH15M-26APR271845-45"",""trade_id"":""5644850b-ce6f-4d57-ccec-ee2d0fcb6efb"",""yes_price_dollars"":""0.8400""}"
KXETH15M-26APR271845-45,4aeec676-fbc8-4f94-fca5-09bd86f70e39,1777329132,0.83,1.0,yes,"{""count_fp"":""1.00"",""created_time"":""2026-04-27T22:32:12.101254Z"",""no_price_dollars"":""0.1700"",""taker_side"":""yes"",""ticker"":""KXETH15M-26APR271845-45"",""trade_id"":""4aeec676-fbc8-4f94-fca5-09bd86f70e39"",""yes_price_dollars"":""0.8300""}"
KXETH15M-26APR271845-45,c5b71920-9505-7030-dc91-182ecb070c6f,1777329134,0.84,1.95,no,"{""count_fp"":""1.95"",""created_time"":""2026-04-27T22:32:14.767328Z"",""no_price_dollars"":""0.1600"",""taker_side"":""no"",""ticker"":""KXETH15M-26APR271845-45"",""trade_id"":""c5b71920-9505-7030-dc91-182ecb070c6f"",""yes_price_dollars"":""0.8400""}"
KXETH15M-26APR271845-45,97a36834-57cb-7c37-fa3f-3fcd7bd87da1,1777329134,0.84,10.0,no,"{""count_fp"":""10.00"",""created_time"":""2026-04-27T22:32:14.767328Z"",""no_price_dollars"":""0.1600"",""taker_side"":""no"",""ticker"":""KXETH15M-26APR271845-45"",""trade_id"":""97a36834-57cb-7c37-fa3f-3fcd7bd87da1"",""yes_price_dollars"":""0.8400""}"
KXETH15M-26APR271845-45,ef9ec796-03c1-6078-d1ac-d6501f77c363,1777329134,0.83,18.92,no,"{""count_fp"":""18.92"",""created_time"":""2026-04-27T22:32:14.072976Z"",""no_price_dollars"":""0.1700"",""taker_side"":""no"",""ticker"":""KXETH15M-26APR271845-45"",""trade_id"":""ef9ec796-03c1-6078-d1ac-d6501f77c363"",""yes_price_dollars"":""0.8300""}"
KXETH15M-26APR271845-45,c604af32-087c-635e-d22b-4a2bb448a1f6,1777329134,0.83,1.0,no,"{""count_fp"":""1.00"",""created_time"":""2026-04-27T22:32:14.072976Z"",""no_price_dollars"":""0.1700"",""taker_side"":""no"",""ticker"":""KXETH15M-26APR271845-45"",""trade_id"":""c604af32-087c-635e-d22b-4a2bb448a1f6"",""yes_price_dollars"":""0.8300""}"
KXETH15M-26APR271845-45,b1aadeb8-f499-6fe9-6089-b9ed53f62ab6,1777329135,0.83,5.01,no,"{""count_fp"":""5.01"",""created_time"":""2026-04-27T22:32:15.799494Z"",""no_price_dollars"":""0.1700"",""taker_side"":""no"",""ticker"":""KXETH15M-26APR271845-45"",""trade_id"":""b1aadeb8-f499-6fe9-6089-b9ed53f62ab6"",""yes_price_dollars"":""0.8300""}"
KXETH15M-26APR271845-45,0427d219-39a1-678d-5dc1-b9475cee8a54,1777329135,0.83,1.0,no,"{""count_fp"":""1.00"",""created_time"":""2026-04-27T22:32:15.799494Z"",""no_price_dollars"":""0.1700"",""taker_side"":""no"",""ticker"":""KXETH15M-26APR271845-45"",""trade_id"":""0427d219-39a1-678d-5dc1-b9475cee8a54"",""yes_price_dollars"":""0.8300""}"
KXETH15M-26APR271845-45,34ac4160-1c43-405e-86b7-8fa7e60b43df,1777329138,0.85,1.0,yes,"{""count_fp"":""1.00"",""created_time"":""2026-04-27T22:32:18.311584Z"",""no_price_dollars"":""0.1500"",""taker_side"":""yes"",""ticker"":""KXETH15M-26APR271845-45"",""trade_id"":""34ac4160-1c43-405e-86b7-8fa7e60b43df"",""yes_price_dollars"":""0.8500""}"
KXETH15M-26APR271845-45,d1975c54-43c5-4ee1-8c54-ab4d32c25852,1777329138,0.82,24.0,no,"{""count_fp"":""24.00"",""created_time"":""2026-04-27T22:32:18.089596Z"",""no_price_dollars"":""0.1800"",""taker_side"":""no"",""ticker"":""KXETH15M-26APR271845-45"",""trade_id"":""d1975c54-43c5-4ee1-8c54-ab4d32c25852"",""yes_price_dollars"":""0.8200""}"
KXETH15M-26APR271845-45,81bf5f38-cfb6-411d-a221-1d101e96c1da,1777329138,0.83,1.0,no,"{""count_fp"":""1.00"",""created_time"":""2026-04-27T22:32:18.089596Z"",""no_price_dollars"":""0.1700"",""taker_side"":""no"",""ticker"":""KXETH15M-26APR271845-45"",""trade_id"":""81bf5f38-cfb6-411d-a221-1d101e96c1da"",""yes_price_dollars"":""0.8300""}"
KXETH15M-26APR271845-45,dfd02b9b-1195-4299-095a-3b9d8c39afba,1777329141,0.83,16.81,no,"{""count_fp"":""16.81"",""created_time"":""2026-04-27T22:32:21.924899Z"",""no_price_dollars"":""0.1700"",""taker_side"":""no"",""ticker"":""KXETH15M-26APR271845-45"",""trade_id"":""dfd02b9b-1195-4299-095a-3b9d8c39afba"",""yes_price_dollars"":""0.8300""}"
KXETH15M-26APR271845-45,6470e7d2-cc77-4d38-1518-d1e91f1feb05,1777329141,0.84,10.0,no,"{""count_fp"":""10.00"",""created_time"":""2026-04-27T22:32:21.924899Z"",""no_price_dollars"":""0.1600"",""taker_side"":""no"",""ticker"":""KXETH15M-26APR271845-45"",""trade_id"":""6470e7d2-cc77-4d38-1518-d1e91f1feb05"",""yes_price_dollars"":""0.8400""}"
KXETH15M-26APR271845-45,7ef355d7-6357-60f4-8c5f-0a5cb58f9cb1,1777329154,0.84,1.0,yes,"{""count_fp"":""1.00"",""created_time"":""2026-04-27T22:32:34.291966Z"",""no_price_dollars"":""0.1600"",""taker_side"":""yes"",""ticker"":""KXETH15M-26APR271845-45"",""trade_id"":""7ef355d7-6357-60f4-8c5f-0a5cb58f9cb1"",""yes_price_dollars"":""0.8400""}"
KXETH15M-26APR271845-45,38052cdf-720f-6e66-a590-f9e6fe2dff74,1777329154,0.83,1.0,yes,"{""count_fp"":""1.00"",""created_time"":""2026-04-27T22:32:34.291966Z"",""no_price_dollars"":""0.1700"",""taker_side"":""yes"",""ticker"":""KXETH15M-26APR271845-45"",""trade_id"":""38052cdf-720f-6e66-a590-f9e6fe2dff74"",""yes_price_dollars"":""0.8300""}"
KXETH15M-26APR271845-45,85333131-e172-41e0-87dc-16cae7292e1c,1777329157,0.84,1.0,yes,"{""count_fp"":""1.00"",""created_time"":""2026-04-27T22:32:37.906131Z"",""no_price_dollars"":""0.1600"",""taker_side"":""yes"",""ticker"":""KXETH15M-26APR271845-45"",""trade_id"":""85333131-e172-41e0-87dc-16cae7292e1c"",""yes_price_dollars"":""0.8400""}"
KXETH15M-26APR271845-45,fbd27509-c563-7fc6-194a-1afe8769fbc3,1777329158,0.77,4.0,no,"{""count_fp"":""4.00"",""created_time"":""2026-04-27T22:32:38.837722Z"",""no_price_dollars"":""0.2300"",""taker_side"":""no"",""ticker"":""KXETH15M-26APR271845-45"",""trade_id"":""fbd27509-c563-7fc6-194a-1afe8769fbc3"",""yes_price_dollars"":""0.7700""}"
KXETH15M-26APR271845-45,56a40e79-77e0-77b9-3499-aefbcde7671c,1777329158,0.77,1.0,no,"{""count_fp"":""1.00"",""created_time"":""2026-04-27T22:32:38.837722Z"",""no_price_dollars"":""0.2300"",""taker_side"":""no"",""ticker"":""KXETH15M-26APR271845-45"",""trade_id"":""56a40e79-77e0-77b9-3499-aefbcde7671c"",""yes_price_dollars"":""0.7700""}"
KXETH15M-26APR271845-45,2e81d6e5-159d-7305-133d-b3ec4b657856,1777329158,0.8,0.44,no,"{""count_fp"":""0.44"",""created_time"":""2026-04-27T22:32:38.449441Z"",""no_price_dollars"":""0.2000"",""taker_side"":""no"",""ticker"":""KXETH15M-26APR271845-45"",""trade_id"":""2e81d6e5-159d-7305-133d-b3ec4b657856"",""yes_price_dollars"":""0.8000""}"
KXETH15M-26APR271845-45,a058cf85-58cc-679b-8cb9-46b5912e3e49,1777329158,0.8,12.44,no,"{""count_fp"":""12.44"",""created_time"":""2026-04-27T22:32:38.444032Z"",""no_price_dollars"":""0.2000"",""taker_side"":""no"",""ticker"":""KXETH15M-26APR271845-45"",""trade_id"":""a058cf85-58cc-679b-8cb9-46b5912e3e49"",""yes_price_dollars"":""0.8000""}"
KXETH15M-26APR271845-45,8248d2b8-d664-6ed2-9d92-796537789530,1777329158,0.8,1.0,no,"{""count_fp"":""1.00"",""created_time"":""2026-04-27T22:32:38.444032Z"",""no_price_dollars"":""0.2000"",""taker_side"":""no"",""ticker"":""KXETH15M-26APR271845-45"",""trade_id"":""8248d2b8-d664-6ed2-9d92-796537789530"",""yes_price_dollars"":""0.8000""}"
KXETH15M-26APR271845-45,20228c94-d2a9-62a9-8bcb-d2a31cfde26a,1777329158,0.8,99.56,no,"{""count_fp"":""99.56"",""created_time"":""2026-04-27T22:32:38.444032Z"",""no_price_dollars"":""0.2000"",""taker_side"":""no"",""ticker"":""KXETH15M-26APR271845-45"",""trade_id"":""20228c94-d2a9-62a9-8bcb-d2a31cfde26a"",""yes_price_dollars"":""0.8000""}"
KXETH15M-26APR271845-45,fea85f33-0b68-44a4-7fc5-4fcefea6eef4,1777329159,0.81,10.0,yes,"{""count_fp"":""10.00"",""created_time"":""2026-04-27T22:32:39.726248Z"",""no_price_dollars"":""0.1900"",""taker_side"":""yes"",""ticker"":""KXETH15M-26APR271845-45"",""trade_id"":""fea85f33-0b68-44a4-7fc5-4fcefea6eef4"",""yes_price_dollars"":""0.8100""}"
KXETH15M-26APR271845-45,c2636674-58bb-792e-c40b-1006221337d3,1777329159,0.78,4.0,no,"{""count_fp"":""4.00"",""created_time"":""2026-04-27T22:32:39.639203Z"",""no_price_dollars"":""0.2200"",""taker_side"":""no"",""ticker"":""KXETH15M-26APR271845-45"",""trade_id"":""c2636674-58bb-792e-c40b-1006221337d3"",""yes_price_dollars"":""0.7800""}"
KXETH15M-26APR271845-45,70e8ba29-1087-7121-e6f4-63d016fac3ba,1777329159,0.78,1.0,no,"{""count_fp"":""1.00"",""created_time"":""2026-04-27T22:32:39.639203Z"",""no_price_dollars"":""0.2200"",""taker_side"":""no"",""ticker"":""KXETH15M-26APR271845-45"",""trade_id"":""70e8ba29-1087-7121-e6f4-63d016fac3ba"",""yes_price_dollars"":""0.7800""}"
KXETH15M-26APR271845-45,fcfe2884-2aa7-6536-113f-a00b2d14e2ff,1777329159,0.78,4.0,no,"{""count_fp"":""4.00"",""created_time"":""2026-04-27T22:32:39.251494Z"",""no_price_dollars"":""0.2200"",""taker_side"":""no"",""ticker"":""KXETH15M-26APR271845-45"",""trade_id"":""fcfe2884-2aa7-6536-113f-a00b2d14e2ff"",""yes_price_dollars"":""0.7800""}"
KXETH15M-26APR271845-45,596c9d3e-97d7-64d6-3ed6-ae3d256e5cbb,1777329159,0.78,1.0,no,"{""count_fp"":""1.00"",""created_time"":""2026-04-27T22:32:39.251494Z"",""no_price_dollars"":""0.2200"",""taker_side"":""no"",""ticker"":""KXETH15M-26APR271845-45"",""trade_id"":""596c9d3e-97d7-64d6-3ed6-ae3d256e5cbb"",""yes_price_dollars"":""0.7800""}"
KXETH15M-26APR271845-45,bb74fd02-30d0-48ea-3be4-320541167d7e,1777329159,0.8,10.0,yes,"{""count_fp"":""10.00"",""created_time"":""2026-04-27T22:32:39.105658Z"",""no_price_dollars"":""0.2000"",""taker_side"":""yes"",""ticker"":""KXETH15M-26APR271845-45"",""trade_id"":""bb74fd02-30d0-48ea-3be4-320541167d7e"",""yes_price_dollars"":""0.8000""}"
KXETH15M-26APR271845-45,5b599c4f-c868-41c8-24cb-c3e0869aee7c,1777329159,0.81,4.0,yes,"{""count_fp"":""4.00"",""created_time"":""2026-04-27T22:32:39.105658Z"",""no_price_dollars"":""0.1900"",""taker_side"":""yes"",""ticker"":""KXETH15M-26APR271845-45"",""trade_id"":""5b599c4f-c868-41c8-24cb-c3e0869aee7c"",""yes_price_dollars"":""0.8100""}"
KXETH15M-26APR271845-45,f8373fb4-647a-42ba-298d-97bd17873e5f,1777329160,0.78,1.0,no,"{""count_fp"":""1.00"",""created_time"":""2026-04-27T22:32:40.038665Z"",""no_price_dollars"":""0.2200"",""taker_side"":""no"",""ticker"":""KXETH15M-26APR271845-45"",""trade_id"":""f8373fb4-647a-42ba-298d-97bd17873e5f"",""yes_price_dollars"":""0.7800""}"
KXETH15M-26APR271845-45,26e887ca-54a7-47ee-2038-73699f02bc5b,1777329160,0.78,4.0,no,"{""count_fp"":""4.00"",""created_time"":""2026-04-27T22:32:40.038665Z"",""no_price_dollars"":""0.2200"",""taker_side"":""no"",""ticker"":""KXETH15M-26APR271845-45"",""trade_id"":""26e887ca-54a7-47ee-2038-73699f02bc5b"",""yes_price_dollars"":""0.7800""}"
KXETH15M-26APR271845-45,82f36eb1-9f20-5e30-95b6-68e429655480,1777329163,0.81,2.43,yes,"{""count_fp"":""2.43"",""created_time"":""2026-04-27T22:32:43.978694Z"",""no_price_dollars"":""0.1900"",""taker_side"":""yes"",""ticker"":""KXETH15M-26APR271845-45"",""trade_id"":""82f36eb1-9f20-5e30-95b6-68e429655480"",""yes_price_dollars"":""0.8100""}"
KXETH15M-26APR271845-45,ad4ce623-27d9-6c52-36d5-fb4cfe986605,1777329173,0.83,1.0,yes,"{""count_fp"":""1.00"",""created_time"":""2026-04-27T22:32:53.792686Z"",""no_price_dollars"":""0.1700"",""taker_side"":""yes"",""ticker"":""KXETH15M-26APR271845-45"",""trade_id"":""ad4ce623-27d9-6c52-36d5-fb4cfe986605"",""yes_price_dollars"":""0.8300""}"
KXETH15M-26APR271845-45,d70ac478-18a3-6a54-c1b2-9f27e7481730,1777329175,0.83,10.0,yes,"{""count_fp"":""10.00"",""created_time"":""2026-04-27T22:32:55.967595Z"",""no_price_dollars"":""0.1700"",""taker_side"":""yes"",""ticker"":""KXETH15M-26APR271845-45"",""trade_id"":""d70ac478-18a3-6a54-c1b2-9f27e7481730"",""yes_price_dollars"":""0.8300""}"
KXETH15M-26APR271845-45,46e8fc19-e482-6e59-e030-cc2cb30962c9,1777329175,0.84,67.2,yes,"{""count_fp"":""67.20"",""created_time"":""2026-04-27T22:32:55.967595Z"",""no_price_dollars"":""0.1600"",""taker_side"":""yes"",""ticker"":""KXETH15M-26APR271845-45"",""trade_id"":""46e8fc19-e482-6e59-e030-cc2cb30962c9"",""yes_price_dollars"":""0.8400""}"
KXETH15M-26APR271845-45,3f60565f-18b5-608f-cdb7-4547a17a3492,1777329175,0.83,8.27,yes,"{""count_fp"":""8.27"",""created_time"":""2026-04-27T22:32:55.967595Z"",""no_price_dollars"":""0.1700"",""taker_side"":""yes"",""ticker"":""KXETH15M-26APR271845-45"",""trade_id"":""3f60565f-18b5-608f-cdb7-4547a17a3492"",""yes_price_dollars"":""0.8300""}"
KXETH15M-26APR271845-45,03cb2382-485d-630a-d178-39009602119e,1777329175,0.83,1.0,yes,"{""count_fp"":""1.00"",""created_time"":""2026-04-27T22:32:55.967595Z"",""no_price_dollars"":""0.1700"",""taker_side"":""yes"",""ticker"":""KXETH15M-26APR271845-45"",""trade_id"":""03cb2382-485d-630a-d178-39009602119e"",""yes_price_dollars"":""0.8300""}"
KXETH15M-26APR271845-45,18fa4aeb-6d4f-6eaa-a338-02a32b54700f,1777329176,0.81,100.0,no,"{""count_fp"":""100.00"",""created_time"":""2026-04-27T22:32:56.619067Z"",""no_price_dollars"":""0.1900"",""taker_side"":""no"",""ticker"":""KXETH15M-26APR271845-45"",""trade_id"":""18fa4aeb-6d4f-6eaa-a338-02a32b54700f"",""yes_price_dollars"":""0.8100""}"
KXETH15M-26APR271845-45,c9d75e49-1476-74ca-c457-f38935af3a1f,1777329177,0.78,1.0,no,"{""count_fp"":""1.00"",""created_time"":""2026-04-27T22:32:57.523632Z"",""no_price_dollars"":""0.2200"",""taker_side"":""no"",""ticker"":""KXETH15M-26APR271845-45"",""trade_id"":""c9d75e49-1476-74ca-c457-f38935af3a1f"",""yes_price_dollars"":""0.7800""}"
KXETH15M-26APR271845-45,98a61807-93fe-7b15-c6f8-f58de4ff5f22,1777329177,0.78,1.0,no,"{""count_fp"":""1.00"",""created_time"":""2026-04-27T22:32:57.523632Z"",""no_price_dollars"":""0.2200"",""taker_side"":""no"",""ticker"":""KXETH15M-26APR271845-45"",""trade_id"":""98a61807-93fe-7b15-c6f8-f58de4ff5f22"",""yes_price_dollars"":""0.7800""}"
KXETH15M-26APR271845-45,c7248e3c-7695-6ae1-d320-9073337bac09,1777329180,0.81,5.52,yes,"{""count_fp"":""5.52"",""created_time"":""2026-04-27T22:33:00.099268Z"",""no_price_dollars"":""0.1900"",""taker_side"":""yes"",""ticker"":""KXETH15M-26APR271845-45"",""trade_id"":""c7248e3c-7695-6ae1-d320-9073337bac09"",""yes_price_dollars"":""0.8100""}"
KXETH15M-26APR271845-45,0a3d39e2-9154-65e4-f470-47ff5283954c,1777329180,0.82,29.48,yes,"{""count_fp"":""29.48"",""created_time"":""2026-04-27T22:33:00.099268Z"",""no_price_dollars"":""0.1800"",""taker_side"":""yes"",""ticker"":""KXETH15M-26APR271845-45"",""trade_id"":""0a3d39e2-9154-65e4-f470-47ff5283954c"",""yes_price_dollars"":""0.8200""}"
KXETH15M-26APR271845-45,fb6b758d-a019-55d6-c901-8653a2875bca,1777329181,0.84,29.0,yes,"{""count_fp"":""29.00"",""created_time"":""2026-04-27T22:33:01.129022Z"",""no_price_dollars"":""0.1600"",""taker_side"":""yes"",""ticker"":""KXETH15M-26APR271845-45"",""trade_id"":""fb6b758d-a019-55d6-c901-8653a2875bca"",""yes_price_dollars"":""0.8400""}"
KXETH15M-26APR271845-45,9490e233-6df3-52f9-d27f-139cca067529,1777329181,0.83,10.0,yes,"{""count_fp"":""10.00"",""created_time"":""2026-04-27T22:33:01.129022Z"",""no_price_dollars"":""0.1700"",""taker_side"":""yes"",""ticker"":""KXETH15M-26APR271845-45"",""trade_id"":""9490e233-6df3-52f9-d27f-139cca067529"",""yes_price_dollars"":""0.8300""}"
KXETH15M-26APR271845-45,659be0ad-8c54-5a82-d74e-8c2321b38231,1777329181,0.82,1.0,yes,"{""count_fp"":""1.00"",""created_time"":""2026-04-27T22:33:01.129022Z"",""no_price_dollars"":""0.1800"",""taker_side"":""yes"",""ticker"":""KXETH15M-26APR271845-45"",""trade_id"":""659be0ad-8c54-5a82-d74e-8c2321b38231"",""yes_price_dollars"":""0.8200""}"
KXETH15M-26APR271845-45,4b8fc429-6dad-7248-caa3-75364f8550c1,1777329182,0.83,1.0,yes,"{""count_fp"":""1.00"",""created_time"":""2026-04-27T22:33:02.177927Z"",""no_price_dollars"":""0.1700"",""taker_side"":""yes"",""ticker"":""KXETH15M-26APR271845-45"",""trade_id"":""4b8fc429-6dad-7248-caa3-75364f8550c1"",""yes_price_dollars"":""0.8300""}"
KXETH15M-26APR271845-45,0af0a072-00e7-7530-d056-46b6e89fb33b,1777329182,0.84,1.0,yes,"{""count_fp"":""1.00"",""created_time"":""2026-04-27T22:33:02.177927Z"",""no_price_dollars"":""0.1600"",""taker_side"":""yes"",""ticker"":""KXETH15M-26APR271845-45"",""trade_id"":""0af0a072-00e7-7530-d056-46b6e89fb33b"",""yes_price_dollars"":""0.8400""}"
KXETH15M-26APR271845-45,2a1d2718-ffc6-5277-0600-e23aadf6c5e7,1777329183,0.82,1.0,yes,"{""count_fp"":""1.00"",""created_time"":""2026-04-27T22:33:03.117786Z"",""no_price_dollars"":""0.1800"",""taker_side"":""yes"",""ticker"":""KXETH15M-26APR271845-45"",""trade_id"":""2a1d2718-ffc6-5277-0600-e23aadf6c5e7"",""yes_price_dollars"":""0.8200""}"
KXETH15M-26APR271845-45,e914de11-e269-4c1d-19ca-0f5e405fe24b,1777329191,0.81,1.0,yes,"{""count_fp"":""1.00"",""created_time"":""2026-04-27T22:33:11.978508Z"",""no_price_dollars"":""0.1900"",""taker_side"":""yes"",""ticker"":""KXETH15M-26APR271845-45"",""trade_id"":""e914de11-e269-4c1d-19ca-0f5e405fe24b"",""yes_price_dollars"":""0.8100""}"
KXETH15M-26APR271845-45,cfd49263-68cb-45d7-1b3d-9f533821f124,1777329191,0.82,8.0,yes,"{""count_fp"":""8.00"",""created_time"":""2026-04-27T22:33:11.978508Z"",""no_price_dollars"":""0.1800"",""taker_side"":""yes"",""ticker"":""KXETH15M-26APR271845-45"",""trade_id"":""cfd49263-68cb-45d7-1b3d-9f533821f124"",""yes_price_dollars"":""0.8200""}"
KXETH15M-26APR271845-45,68f72ad8-6454-5584-fe45-a853a8436613,1777329196,0.78,10.0,no,"{""count_fp"":""10.00"",""created_time"":""2026-04-27T22:33:16.928633Z"",""no_price_dollars"":""0.2200"",""taker_side"":""no"",""ticker"":""KXETH15M-26APR271845-45"",""trade_id"":""68f72ad8-6454-5584-fe45-a853a8436613"",""yes_price_dollars"":""0.7800""}"
KXETH15M-26APR271845-45,6426390a-8f3e-5261-e82a-b4aa8d16c822,1777329196,0.78,100.0,no,"{""count_fp"":""100.00"",""created_time"":""2026-04-27T22:33:16.928633Z"",""no_price_dollars"":""0.2200"",""taker_side"":""no"",""ticker"":""KXETH15M-26APR271845-45"",""trade_id"":""6426390a-8f3e-5261-e82a-b4aa8d16c822"",""yes_price_dollars"":""0.7800""}"
KXETH15M-26APR271845-45,0d01cc42-fe0c-523b-c71e-889a5856e5ed,1777329196,0.78,12.0,no,"{""count_fp"":""12.00"",""created_time"":""2026-04-27T22:33:16.928633Z"",""no_price_dollars"":""0.2200"",""taker_side"":""no"",""ticker"":""KXETH15M-26APR271845-45"",""trade_id"":""0d01cc42-fe0c-523b-c71e-889a5856e5ed"",""yes_price_dollars"":""0.7800""}"
KXETH15M-26APR271845-45,c6b9e7ec-8c5a-5135-cf36-7c1f50338484,1777329213,0.77,1.0,yes,"{""count_fp"":""1.00"",""created_time"":""2026-04-27T22:33:33.225148Z"",""no_price_dollars"":""0.2300"",""taker_side"":""yes"",""ticker"":""KXETH15M-26APR271845-45"",""trade_id"":""c6b9e7ec-8c5a-5135-cf36-7c1f50338484"",""yes_price_dollars"":""0.7700""}"
KXETH15M-26APR271845-45,f41b4232-54de-5b55-7b2f-56f9fa4abeae,1777329218,0.74,2.0,no,"{""count_fp"":""2.00"",""created_time"":""2026-04-27T22:33:38.911359Z"",""no_price_dollars"":""0.2600"",""taker_side"":""no"",""ticker"":""KXETH15M-26APR271845-45"",""trade_id"":""f41b4232-54de-5b55-7b2f-56f9fa4abeae"",""yes_price_dollars"":""0.7400""}"
KXETH15M-26APR271845-45,7de77d8a-f732-4631-26c8-a88ddac6b992,1777329221,0.73,7.0,no,"{""count_fp"":""7.00"",""created_time"":""2026-04-27T22:33:41.972156Z"",""no_price_dollars"":""0.2700"",""taker_side"":""no"",""ticker"":""KXETH15M-26APR271845-45"",""trade_id"":""7de77d8a-f732-4631-26c8-a88ddac6b992"",""yes_price_dollars"":""0.7300""}"
KXETH15M-26APR271845-45,1f872a85-727e-4a33-105c-14984ff3c0e1,1777329221,0.73,10.0,no,"{""count_fp"":""10.00"",""created_time"":""2026-04-27T22:33:41.972156Z"",""no_price_dollars"":""0.2700"",""taker_side"":""no"",""ticker"":""KXETH15M-26APR271845-45"",""trade_id"":""1f872a85-727e-4a33-105c-14984ff3c0e1"",""yes_price_dollars"":""0.7300""}"
KXETH15M-26APR271845-45,7a32d3c6-1b29-5532-d6d0-f7773ede60ce,1777329221,0.76,4.0,yes,"{""count_fp"":""4.00"",""created_time"":""2026-04-27T22:33:41.783761Z"",""no_price_dollars"":""0.2400"",""taker_side"":""yes"",""ticker"":""KXETH15M-26APR271845-45"",""trade_id"":""7a32d3c6-1b29-5532-d6d0-f7773ede60ce"",""yes_price_dollars"":""0.7600""}"
KXETH15M-26APR271845-45,37e00442-06d4-451c-6842-0aa19f18c3c1,1777329224,0.75,1.0,yes,"{""count_fp"":""1.00"",""created_time"":""2026-04-27T22:33:44.640773Z"",""no_price_dollars"":""0.2500"",""taker_side"":""yes"",""ticker"":""KXETH15M-26APR271845-45"",""trade_id"":""37e00442-06d4-451c-6842-0aa19f18c3c1"",""yes_price_dollars"":""0.7500""}"
KXETH15M-26APR271845-45,677349c6-f5f6-41fd-3f63-878bfe26f6ea,1777329227,0.74,60.47,no,"{""count_fp"":""60.47"",""created_time"":""2026-04-27T22:33:47.182859Z"",""no_price_dollars"":""0.2600"",""taker_side"":""no"",""ticker"":""KXETH15M-26APR271845-45"",""trade_id"":""677349c6-f5f6-41fd-3f63-878bfe26f6ea"",""yes_price_dollars"":""0.7400""}"
KXETH15M-26APR271845-45,218634d8-e97b-4059-1a1f-8439546ce9c3,1777329227,0.74,10.0,no,"{""count_fp"":""10.00"",""created_time"":""2026-04-27T22:33:47.182859Z"",""no_price_dollars"":""0.2600"",""taker_side"":""no"",""ticker"":""KXETH15M-26APR271845-45"",""trade_id"":""218634d8-e97b-4059-1a1f-8439546ce9c3"",""yes_price_dollars"":""0.7400""}"
KXETH15M-26APR271845-45,7e9afeb4-0b56-7585-527a-bd8cbfbb2c2a,1777329228,0.73,55.0,no,"{""count_fp"":""55.00"",""created_time"":""2026-04-27T22:33:48.715778Z"",""no_price_dollars"":""0.2700"",""taker_side"":""no"",""ticker"":""KXETH15M-26APR271845-45"",""trade_id"":""7e9afeb4-0b56-7585-527a-bd8cbfbb2c2a"",""yes_price_dollars"":""0.7300""}"
KXETH15M-26APR271845-45,2692dd2a-a658-7523-41ba-369f7b217e3c,1777329228,0.73,1.0,no,"{""count_fp"":""1.00"",""created_time"":""2026-04-27T22:33:48.715778Z"",""no_price_dollars"":""0.2700"",""taker_side"":""no"",""ticker"":""KXETH15M-26APR271845-45"",""trade_id"":""2692dd2a-a658-7523-41ba-369f7b217e3c"",""yes_price_dollars"":""0.7300""}"
KXETH15M-26APR271845-45,df6bf78d-2e7b-6e83-8d38-5938c3afefab,1777329228,0.75,1.0,yes,"{""count_fp"":""1.00"",""created_time"":""2026-04-27T22:33:48.425617Z"",""no_price_dollars"":""0.2500"",""taker_side"":""yes"",""ticker"":""KXETH15M-26APR271845-45"",""trade_id"":""df6bf78d-2e7b-6e83-8d38-5938c3afefab"",""yes_price_dollars"":""0.7500""}"
KXETH15M-26APR271845-45,99e3395b-9413-6a94-ad3a-c6d0b002b716,1777329228,0.75,10.0,yes,"{""count_fp"":""10.00"",""created_time"":""2026-04-27T22:33:48.425617Z"",""no_price_dollars"":""0.2500"",""taker_side"":""yes"",""ticker"":""KXETH15M-26APR271845-45"",""trade_id"":""99e3395b-9413-6a94-ad3a-c6d0b002b716"",""yes_price_dollars"":""0.7500""}"
KXETH15M-26APR271845-45,905f9331-b835-6f82-9588-d67b7d55245a,1777329228,0.76,21.0,yes,"{""count_fp"":""21.00"",""created_time"":""2026-04-27T22:33:48.425617Z"",""no_price_dollars"":""0.2400"",""taker_side"":""yes"",""ticker"":""KXETH15M-26APR271845-45"",""trade_id"":""905f9331-b835-6f82-9588-d67b7d55245a"",""yes_price_dollars"":""0.7600""}"
KXETH15M-26APR271845-45,81250ce6-930a-645e-8c77-64eeef192cc4,1777329228,0.76,43.05,yes,"{""count_fp"":""43.05"",""created_time"":""2026-04-27T22:33:48.425617Z"",""no_price_dollars"":""0.2400"",""taker_side"":""yes"",""ticker"":""KXETH15M-26APR271845-45"",""trade_id"":""81250ce6-930a-645e-8c77-64eeef192cc4"",""yes_price_dollars"":""0.7600""}"
KXETH15M-26APR271845-45,df524609-838e-7dbc-8ccd-4bb2834b5f15,1777329230,0.76,10.0,yes,"{""count_fp"":""10.00"",""created_time"":""2026-04-27T22:33:50.928374Z"",""no_price_dollars"":""0.2400"",""taker_side"":""yes"",""ticker"":""KXETH15M-26APR271845-45"",""trade_id"":""df524609-838e-7dbc-8ccd-4bb2834b5f15"",""yes_price_dollars"":""0.7600""}"
KXETH15M-26APR271845-45,52704a3a-9499-7025-8bcb-a42bb8e0f7ef,1777329230,0.76,8.33,yes,"{""count_fp"":""8.33"",""created_time"":""2026-04-27T22:33:50.928374Z"",""no_price_dollars"":""0.2400"",""taker_side"":""yes"",""ticker"":""KXETH15M-26APR271845-45"",""trade_id"":""52704a3a-9499-7025-8bcb-a42bb8e0f7ef"",""yes_price_dollars"":""0.7600""}"
KXETH15M-26APR271845-45,377e0e53-22b8-7530-bdee-8376f9fb93b4,1777329230,0.77,1.07,yes,"{""count_fp"":""1.07"",""created_time"":""2026-04-27T22:33:50.928374Z"",""no_price_dollars"":""0.2300"",""taker_side"":""yes"",""ticker"":""KXETH15M-26APR271845-45"",""trade_id"":""377e0e53-22b8-7530-bdee-8376f9fb93b4"",""yes_price_dollars"":""0.7700""}"
KXETH15M-26APR271845-45,c588d88a-8b9e-7af6-8996-59ee1986641a,1777329236,0.76,24.56,no,"{""count_fp"":""24.56"",""created_time"":""2026-04-27T22:33:56.963539Z"",""no_price_dollars"":""0.2400"",""taker_side"":""no"",""ticker"":""KXETH15M-26APR271845-45"",""trade_id"":""c588d88a-8b9e-7af6-8996-59ee1986641a"",""yes_price_dollars"":""0.7600""}"
KXETH15M-26APR271845-45,94909a06-795d-7dcc-a6f6-deb85ab2788e,1777329236,0.76,12.0,no,"{""count_fp"":""12.00"",""created_time"":""2026-04-27T22:33:56.963539Z"",""no_price_dollars"":""0.2400"",""taker_side"":""no"",""ticker"":""KXETH15M-26APR271845-45"",""trade_id"":""94909a06-795d-7dcc-a6f6-deb85ab2788e"",""yes_price_dollars"":""0.7600""}"
KXETH15M-26APR271845-45,4b083e67-8f2c-590c-e296-75047bdb8138,1777329236,0.77,1.0,yes,"{""count_fp"":""1.00"",""created_time"":""2026-04-27T22:33:56.901896Z"",""no_price_dollars"":""0.2300"",""taker_side"":""yes"",""ticker"":""KXETH15M-26APR271845-45"",""trade_id"":""4b083e67-8f2c-590c-e296-75047bdb8138"",""yes_price_dollars"":""0.7700""}"
KXETH15M-26APR271845-45,fb2d109e-983a-5772-9b50-34aec99d62e2,1777329239,0.76,19.78,no,"{""count_fp"":""19.78"",""created_time"":""2026-04-27T22:33:59.523336Z"",""no_price_dollars"":""0.2400"",""taker_side"":""no"",""ticker"":""KXETH15M-26APR271845-45"",""trade_id"":""fb2d109e-983a-5772-9b50-34aec99d62e2"",""yes_price_dollars"":""0.7600""}"
KXETH15M-26APR271845-45,245f5e91-6910-4bdc-a33d-7796805b29dc,1777329240,0.77,2.0,yes,"{""count_fp"":""2.00"",""created_time"":""2026-04-27T22:34:00.414041Z"",""no_price_dollars"":""0.2300"",""taker_side"":""yes"",""ticker"":""KXETH15M-26APR271845-45"",""trade_id"":""245f5e91-6910-4bdc-a33d-7796805b29dc"",""yes_price_dollars"":""0.7700""}"
KXETH15M-26APR271845-45,2546b238-8c4e-5295-2694-99422cce372c,1777329241,0.77,10.0,yes,"{""count_fp"":""10.00"",""created_time"":""2026-04-27T22:34:01.693511Z"",""no_price_dollars"":""0.2300"",""taker_side"":""yes"",""ticker"":""KXETH15M-26APR271845-45"",""trade_id"":""2546b238-8c4e-5295-2694-99422cce372c"",""yes_price_dollars"":""0.7700""}"
KXETH15M-26APR271845-45,40c3e05c-8496-580a-a004-28605788e672,1777329246,0.76,3.91,no,"{""count_fp"":""3.91"",""created_time"":""2026-04-27T22:34:06.384335Z"",""no_price_dollars"":""0.2400"",""taker_side"":""no"",""ticker"":""KXETH15M-26APR271845-45"",""trade_id"":""40c3e05c-8496-580a-a004-28605788e672"",""yes_price_dollars"":""0.7600""}"
KXETH15M-26APR271845-45,e68f6ceb-9756-7d22-79a4-eb4a48c7bd0e,1777329248,0.79,12.0,no,"{""count_fp"":""12.00"",""created_time"":""2026-04-27T22:34:08.995332Z"",""no_price_dollars"":""0.2100"",""taker_side"":""no"",""ticker"":""KXETH15M-26APR271845-45"",""trade_id"":""e68f6ceb-9756-7d22-79a4-eb4a48c7bd0e"",""yes_price_dollars"":""0.7900""}"
KXETH15M-26APR271845-45,0664e581-fb32-7dc8-74ae-c973e4ff7f38,1777329248,0.79,1.0,no,"{""count_fp"":""1.00"",""created_time"":""2026-04-27T22:34:08.995332Z"",""no_price_dollars"":""0.2100"",""taker_side"":""no"",""ticker"":""KXETH15M-26APR271845-45"",""trade_id"":""0664e581-fb32-7dc8-74ae-c973e4ff7f38"",""yes_price_dollars"":""0.7900""}"
KXETH15M-26APR271845-45,e2ebdb77-23f3-6c13-c3d2-e2fc2d11fad5,1777329251,0.84,5.0,yes,"{""count_fp"":""5.00"",""created_time"":""2026-04-27T22:34:11.002802Z"",""no_price_dollars"":""0.1600"",""taker_side"":""yes"",""ticker"":""KXETH15M-26APR271845-45"",""trade_id"":""e2ebdb77-23f3-6c13-c3d2-e2fc2d11fad5"",""yes_price_dollars"":""0.8400""}"
KXETH15M-26APR271845-45,de312982-d5d9-68ff-d6db-620417329755,1777329251,0.81,5.0,yes,"{""count_fp"":""5.00"",""created_time"":""2026-04-27T22:34:11.002802Z"",""no_price_dollars"":""0.1900"",""taker_side"":""yes"",""ticker"":""KXETH15M-26APR271845-45"",""trade_id"":""de312982-d5d9-68ff-d6db-620417329755"",""yes_price_dollars"":""0.8100""}"
KXETH15M-26APR271845-45,d470576a-3ac7-614a-c4d3-1b1d33c5c9fe,1777329251,0.82,1.0,yes,"{""count_fp"":""1.00"",""created_time"":""2026-04-27T22:34:11.002802Z"",""no_price_dollars"":""0.1800"",""taker_side"":""yes"",""ticker"":""KXETH15M-26APR271845-45"",""trade_id"":""d470576a-3ac7-614a-c4d3-1b1d33c5c9fe"",""yes_price_dollars"":""0.8200""}"
KXETH15M-26APR271845-45,ba2cac1c-4d5e-6d1a-fb69-03c7a6389620,1777329251,0.84,10.23,yes,"{""count_fp"":""10.23"",""created_time"":""2026-04-27T22:34:11.002802Z"",""no_price_dollars"":""0.1600"",""taker_side"":""yes"",""ticker"":""KXETH15M-26APR271845-45"",""trade_id"":""ba2cac1c-4d5e-6d1a-fb69-03c7a6389620"",""yes_price_dollars"":""0.8400""}"
KXETH15M-26APR271845-45,b6859ca8-9ee4-6583-ff8f-4046f6994139,1777329251,0.81,5.0,yes,"{""count_fp"":""5.00"",""created_time"":""2026-04-27T22:34:11.002802Z"",""no_price_dollars"":""0.1900"",""taker_side"":""yes"",""ticker"":""KXETH15M-26APR271845-45"",""trade_id"":""b6859ca8-9ee4-6583-ff8f-4046f6994139"",""yes_price_dollars"":""0.8100""}"
KXETH15M-26APR271845-45,75cfa2b3-aa1a-68ab-f9e5-f6ee2b97acab,1777329251,0.81,5.0,yes,"{""count_fp"":""5.00"",""created_time"":""2026-04-27T22:34:11.002802Z"",""no_price_dollars"":""0.1900"",""taker_side"":""yes"",""ticker"":""KXETH15M-26APR271845-45"",""trade_id"":""75cfa2b3-aa1a-68ab-f9e5-f6ee2b97acab"",""yes_price_dollars"":""0.8100""}"
KXETH15M-26APR271845-45,45903f15-81af-6bea-c563-21fb287f587a,1777329251,0.84,10.0,yes,"{""count_fp"":""10.00"",""created_time"":""2026-04-27T22:34:11.002802Z"",""no_price_dollars"":""0.1600"",""taker_side"":""yes"",""ticker"":""KXETH15M-26APR271845-45"",""trade_id"":""45903f15-81af-6bea-c563-21fb287f587a"",""yes_price_dollars"":""0.8400""}"
KXETH15M-26APR271845-45,ea389de1-bc1f-7f9a-d2a3-99c9687b7e36,1777329254,0.81,4.0,no,"{""count_fp"":""4.00"",""created_time"":""2026-04-27T22:34:14.245284Z"",""no_price_dollars"":""0.1900"",""taker_side"":""no"",""ticker"":""KXETH15M-26APR271845-45"",""trade_id"":""ea389de1-bc1f-7f9a-d2a3-99c9687b7e36"",""yes_price_dollars"":""0.8100""}"
KXETH15M-26APR271845-45,516d9039-9c6e-7ac2-fd85-c9c60cca6f04,1777329254,0.81,1.0,no,"{""count_fp"":""1.00"",""created_time"":""2026-04-27T22:34:14.245284Z"",""no_price_dollars"":""0.1900"",""taker_side"":""no"",""ticker"":""KXETH15M-26APR271845-45"",""trade_id"":""516d9039-9c6e-7ac2-fd85-c9c60cca6f04"",""yes_price_dollars"":""0.8100""}"
KXETH15M-26APR271845-45,2a9d70a9-85d3-6f4e-7c51-673ef147fe96,1777329255,0.81,21.55,no,"{""count_fp"":""21.55"",""created_time"":""2026-04-27T22:34:15.851771Z"",""no_price_dollars"":""0.1900"",""taker_side"":""no"",""ticker"":""KXETH15M-26APR271845-45"",""trade_id"":""2a9d70a9-85d3-6f4e-7c51-673ef147fe96"",""yes_price_dollars"":""0.8100""}"
KXETH15M-26APR271845-45,23436f5c-11b3-51f5-0e18-80b45e68e14a,1777329256,0.83,1.0,yes,"{""count_fp"":""1.00"",""created_time"":""2026-04-27T22:34:16.459342Z"",""no_price_dollars"":""0.1700"",""taker_side"":""yes"",""ticker"":""KXETH15M-26APR271845-45"",""trade_id"":""23436f5c-11b3-51f5-0e18-80b45e68e14a"",""yes_price_dollars"":""0.8300""}"
KXETH15M-26APR271845-45,c6ace1fd-55ff-5b1e-b305-3f73660983ea,1777329267,0.84,7.93,no,"{""count_fp"":""7.93"",""created_time"":""2026-04-27T22:34:27.593538Z"",""no_price_dollars"":""0.1600"",""taker_side"":""no"",""ticker"":""KXETH15M-26APR271845-45"",""trade_id"":""c6ace1fd-55ff-5b1e-b305-3f73660983ea"",""yes_price_dollars"":""0.8400""}"
KXETH15M-26APR271845-45,4ff79b72-5f9d-5d1e-b304-163e929282d5,1777329267,0.84,5.0,no,"{""count_fp"":""5.00"",""created_time"":""2026-04-27T22:34:27.593538Z"",""no_price_dollars"":""0.1600"",""taker_side"":""no"",""ticker"":""KXETH15M-26APR271845-45"",""trade_id"":""4ff79b72-5f9d-5d1e-b304-163e929282d5"",""yes_price_dollars"":""0.8400""}"
KXETH15M-26APR271845-45,043f447d-098b-78ce-1cc6-37dd6edfebf6,1777329270,0.84,29.51,no,"{""count_fp"":""29.51"",""created_time"":""2026-04-27T22:34:30.888634Z"",""no_price_dollars"":""0.1600"",""taker_side"":""no"",""ticker"":""KXETH15M-26APR271845-45"",""trade_id"":""043f447d-098b-78ce-1cc6-37dd6edfebf6"",""yes_price_dollars"":""0.8400""}"
KXETH15M-26APR271845-45,371443cb-22ac-4401-28b9-dd01b0a7b3ab,1777329273,0.83,0.13,no,"{""count_fp"":""0.13"",""created_time"":""2026-04-27T22:34:33.502495Z"",""no_price_dollars"":""0.1700"",""taker_side"":""no"",""ticker"":""KXETH15M-26APR271845-45"",""trade_id"":""371443cb-22ac-4401-28b9-dd01b0a7b3ab"",""yes_price_dollars"":""0.8300""}"
KXETH15M-26APR271845-45,e271a3c9-12c4-52ab-dcef-20608e466102,1777329273,0.84,0.56,no,"{""count_fp"":""0.56"",""created_time"":""2026-04-27T22:34:33.481628Z"",""no_price_dollars"":""0.1600"",""taker_side"":""no"",""ticker"":""KXETH15M-26APR271845-45"",""trade_id"":""e271a3c9-12c4-52ab-dcef-20608e466102"",""yes_price_dollars"":""0.8400""}"
KXETH15M-26APR271845-45,646d7595-45be-66a0-dce4-4bd181174d49,1777329273,0.84,10.0,no,"{""count_fp"":""10.00"",""created_time"":""2026-04-27T22:34:33.478608Z"",""no_price_dollars"":""0.1600"",""taker_side"":""no"",""ticker"":""KXETH15M-26APR271845-45"",""trade_id"":""646d7595-45be-66a0-dce4-4bd181174d49"",""yes_price_dollars"":""0.8400""}"
KXETH15M-26APR271845-45,384b0906-abbf-6bde-f4b4-a2d84e3c38fe,1777329273,0.84,62.56,no,"{""count_fp"":""62.56"",""created_time"":""2026-04-27T22:34:33.478608Z"",""no_price_dollars"":""0.1600"",""taker_side"":""no"",""ticker"":""KXETH15M-26APR271845-45"",""trade_id"":""384b0906-abbf-6bde-f4b4-a2d84e3c38fe"",""yes_price_dollars"":""0.8400""}"
KXETH15M-26APR271845-45,1ac257bc-8aa8-6cb7-e0e2-11747ec04af2,1777329273,0.84,4.44,no,"{""count_fp"":""4.44"",""created_time"":""2026-04-27T22:34:33.478608Z"",""no_price_dollars"":""0.1600"",""taker_side"":""no"",""ticker"":""KXETH15M-26APR271845-45"",""trade_id"":""1ac257bc-8aa8-6cb7-e0e2-11747ec04af2"",""yes_price_dollars"":""0.8400""}"
KXETH15M-26APR271845-45,4c517e33-3d5d-7180-f7f2-3033cdf9cfd9,1777329274,0.8,3.0,no,"{""count_fp"":""3.00"",""created_time"":""2026-04-27T22:34:34.399502Z"",""no_price_dollars"":""0.2000"",""taker_side"":""no"",""ticker"":""KXETH15M-26APR271845-45"",""trade_id"":""4c517e33-3d5d-7180-f7f2-3033cdf9cfd9"",""yes_price_dollars"":""0.8000""}"
KXETH15M-26APR271845-45,d51ab6f3-cc64-6642-11cb-b707c096dbf5,1777329275,0.77,96.0,no,"{""count_fp"":""96.00"",""created_time"":""2026-04-27T22:34:35.488222Z"",""no_price_dollars"":""0.2300"",""taker_side"":""no"",""ticker"":""KXETH15M-26APR271845-45"",""trade_id"":""d51ab6f3-cc64-6642-11cb-b707c096dbf5"",""yes_price_dollars"":""0.7700""}"
KXETH15M-26APR271845-45,aec951c7-73ac-5686-43cd-11038c85657d,1777329275,0.77,4.0,no,"{""count_fp"":""4.00"",""created_time"":""2026-04-27T22:34:35.451062Z"",""no_price_dollars"":""0.2300"",""taker_side"":""no"",""ticker"":""KXETH15M-26APR271845-45"",""trade_id"":""aec951c7-73ac-5686-43cd-11038c85657d"",""yes_price_dollars"":""0.7700""}"
KXETH15M-26APR271845-45,d568aa30-9df0-68fb-7cc0-49362ba57b0e,1777329282,0.79,5.83,yes,"{""count_fp"":""5.83"",""created_time"":""2026-04-27T22:34:42.625532Z"",""no_price_dollars"":""0.2100"",""taker_side"":""yes"",""ticker"":""KXETH15M-26APR271845-45"",""trade_id"":""d568aa30-9df0-68fb-7cc0-49362ba57b0e"",""yes_price_dollars"":""0.7900""}"
KXETH15M-26APR271845-45,b96f2ae1-6f01-682c-73df-b0eae86708a8,1777329282,0.79,8.0,yes,"{""count_fp"":""8.00"",""created_time"":""2026-04-27T22:34:42.625532Z"",""no_price_dollars"":""0.2100"",""taker_side"":""yes"",""ticker"":""KXETH15M-26APR271845-45"",""trade_id"":""b96f2ae1-6f01-682c-73df-b0eae86708a8"",""yes_price_dollars"":""0.7900""}"
KXETH15M-26APR271845-45,af8f58d3-b702-6a7e-43d2-eb5484789240,1777329282,0.78,6.72,yes,"{""count_fp"":""6.72"",""created_time"":""2026-04-27T22:34:42.625532Z"",""no_price_dollars"":""0.2200"",""taker_side"":""yes"",""ticker"":""KXETH15M-26APR271845-45"",""trade_id"":""af8f58d3-b702-6a7e-43d2-eb5484789240"",""yes_price_dollars"":""0.7800""}"
KXETH15M-26APR271845-45,2dd7780f-d922-6d98-5792-aeaaf815d9f1,1777329282,0.77,1.0,yes,"{""count_fp"":""1.00"",""created_time"":""2026-04-27T22:34:42.625532Z"",""no_price_dollars"":""0.2300"",""taker_side"":""yes"",""ticker"":""KXETH15M-26APR271845-45"",""trade_id"":""2dd7780f-d922-6d98-5792-aeaaf815d9f1"",""yes_price_dollars"":""0.7700""}"
KXETH15M-26APR271845-45,6a3d6c62-6577-5eee-a689-be0f10b31b31,1777329282,0.74,10.0,no,"{""count_fp"":""10.00"",""created_time"":""2026-04-27T22:34:42.331981Z"",""no_price_dollars"":""0.2600"",""taker_side"":""no"",""ticker"":""KXETH15M-26APR271845-45"",""trade_id"":""6a3d6c62-6577-5eee-a689-be0f10b31b31"",""yes_price_dollars"":""0.7400""}"
KXETH15M-26APR271845-45,5b7bf0b0-f31d-514b-bfba-9666c309bc50,1777329282,0.76,100.0,no,"{""count_fp"":""100.00"",""created_time"":""2026-04-27T22:34:42.331981Z"",""no_price_dollars"":""0.2400"",""taker_side"":""no"",""ticker"":""KXETH15M-26APR271845-45"",""trade_id"":""5b7bf0b0-f31d-514b-bfba-9666c309bc50"",""yes_price_dollars"":""0.7600""}"
KXETH15M-26APR271845-45,5947c75d-73bb-5b5d-94ca-5f6847c68612,1777329282,0.71,1.0,no,"{""count_fp"":""1.00"",""created_time"":""2026-04-27T22:34:42.331981Z"",""no_price_dollars"":""0.2900"",""taker_side"":""no"",""ticker"":""KXETH15M-26APR271845-45"",""trade_id"":""5947c75d-73bb-5b5d-94ca-5f6847c68612"",""yes_price_dollars"":""0.7100""}"
KXETH15M-26APR271845-45,4c5a4f37-d02a-5ecc-b6b4-e252803a8c63,1777329282,0.76,11.13,no,"{""count_fp"":""11.13"",""created_time"":""2026-04-27T22:34:42.331981Z"",""no_price_dollars"":""0.2400"",""taker_side"":""no"",""ticker"":""KXETH15M-26APR271845-45"",""trade_id"":""4c5a4f37-d02a-5ecc-b6b4-e252803a8c63"",""yes_price_dollars"":""0.7600""}"
KXETH15M-26APR271845-45,3f44a299-fd4b-5a8f-ac50-a64dead5ed86,1777329282,0.68,10.0,no,"{""count_fp"":""10.00"",""created_time"":""2026-04-27T22:34:42.331981Z"",""no_price_dollars"":""0.3200"",""taker_side"":""no"",""ticker"":""KXETH15M-26APR271845-45"",""trade_id"":""3f44a299-fd4b-5a8f-ac50-a64dead5ed86"",""yes_price_dollars"":""0.6800""}"
KXETH15M-26APR271845-45,10bd4a66-ef59-5a78-b573-ed72618b20cb,1777329282,0.71,330.0,no,"{""count_fp"":""330.00"",""created_time"":""2026-04-27T22:34:42.331981Z"",""no_price_dollars"":""0.2900"",""taker_side"":""no"",""ticker"":""KXETH15M-26APR271845-45"",""trade_id"":""10bd4a66-ef59-5a78-b573-ed72618b20cb"",""yes_price_dollars"":""0.7100""}"
KXETH15M-26APR271845-45,1081acfc-7b88-53f9-9ca4-4695ec6dad14,1777329282,0.67,151.86,no,"{""count_fp"":""151.86"",""created_time"":""2026-04-27T22:34:42.331981Z"",""no_price_dollars"":""0.3300"",""taker_side"":""no"",""ticker"":""KXETH15M-26APR271845-45"",""trade_id"":""1081acfc-7b88-53f9-9ca4-4695ec6dad14"",""yes_price_dollars"":""0.6700""}"
KXETH15M-26APR271845-45,e8330d06-7276-5f62-983a-0f4581c175d3,1777329283,0.77,1.0,yes,"{""count_fp"":""1.00"",""created_time"":""2026-04-27T22:34:43.608509Z"",""no_price_dollars"":""0.2300"",""taker_side"":""yes"",""ticker"":""KXETH15M-26APR271845-45"",""trade_id"":""e8330d06-7276-5f62-983a-0f4581c175d3"",""yes_price_dollars"":""0.7700""}"
KXETH15M-26APR271845-45,cfee9f4f-2590-54a7-96d6-5cefd9b2ee28,1777329283,0.78,3.98,yes,"{""count_fp"":""3.98"",""created_time"":""2026-04-27T22:34:43.608509Z"",""no_price_dollars"":""0.2200"",""taker_side"":""yes"",""ticker"":""KXETH15M-26APR271845-45"",""trade_id"":""cfee9f4f-2590-54a7-96d6-5cefd9b2ee28"",""yes_price_dollars"":""0.7800""}"
KXETH15M-26APR271845-45,7a73a9b5-ba64-7b71-bda7-20d502893a25,1777329289,0.74,100.0,no,"{""count_fp"":""100.00"",""created_time"":""2026-04-27T22:34:49.119224Z"",""no_price_dollars"":""0.2600"",""taker_side"":""no"",""ticker"":""KXETH15M-26APR271845-45"",""trade_id"":""7a73a9b5-ba64-7b71-bda7-20d502893a25"",""yes_price_dollars"":""0.7400""}"
KXETH15M-26APR271845-45,3923bb44-6e9a-7bbe-b15a-0fcf9a9be07f,1777329289,0.74,5.0,no,"{""count_fp"":""5.00"",""created_time"":""2026-04-27T22:34:49.119224Z"",""no_price_dollars"":""0.2600"",""taker_side"":""no"",""ticker"":""KXETH15M-26APR271845-45"",""trade_id"":""3923bb44-6e9a-7bbe-b15a-0fcf9a9be07f"",""yes_price_dollars"":""0.7400""}"
KXETH15M-26APR271845-45,cccd9cfb-14d0-7edd-9732-2e873e2b7dde,1777329291,0.72,3.94,no,"{""count_fp"":""3.94"",""created_time"":""2026-04-27T22:34:51.492676Z"",""no_price_dollars"":""0.2800"",""taker_side"":""no"",""ticker"":""KXETH15M-26APR271845-45"",""trade_id"":""cccd9cfb-14d0-7edd-9732-2e873e2b7dde"",""yes_price_dollars"":""0.7200""}"
KXETH15M-26APR271845-45,c9b21af6-cd84-7084-8b07-d7c2a2c9193c,1777329291,0.72,5.0,no,"{""count_fp"":""5.00"",""created_time"":""2026-04-27T22:34:51.492676Z"",""no_price_dollars"":""0.2800"",""taker_side"":""no"",""ticker"":""KXETH15M-26APR271845-45"",""trade_id"":""c9b21af6-cd84-7084-8b07-d7c2a2c9193c"",""yes_price_dollars"":""0.7200""}"
KXETH15M-26APR271845-45,4197ad9b-4b9b-60b0-5af0-418e5315748a,1777329292,0.66,7.0,no,"{""count_fp"":""7.00"",""created_time"":""2026-04-27T22:34:52.489178Z"",""no_price_dollars"":""0.3400"",""taker_side"":""no"",""ticker"":""KXETH15M-26APR271845-45"",""trade_id"":""4197ad9b-4b9b-60b0-5af0-418e5315748a"",""yes_price_dollars"":""0.6600""}"
KXETH15M-26APR271845-45,1cddd261-e306-6882-5d92-4bd3fe04cf8f,1777329292,0.65,50.0,no,"{""count_fp"":""50.00"",""created_time"":""2026-04-27T22:34:52.489178Z"",""no_price_dollars"":""0.3500"",""taker_side"":""no"",""ticker"":""KXETH15M-26APR271845-45"",""trade_id"":""1cddd261-e306-6882-5d92-4bd3fe04cf8f"",""yes_price_dollars"":""0.6500""}"
KXETH15M-26APR271845-45,933f27d2-4893-5b58-341f-8888e9541836,1777329292,0.66,121.0,no,"{""count_fp"":""121.00"",""created_time"":""2026-04-27T22:34:52.477808Z"",""no_price_dollars"":""0.3400"",""taker_side"":""no"",""ticker"":""KXETH15M-26APR271845-45"",""trade_id"":""933f27d2-4893-5b58-341f-8888e9541836"",""yes_price_dollars"":""0.6600""}"
KXETH15M-26APR271845-45,62cb5f09-bfa9-4048-cddc-6777775820e6,1777329292,0.68,1.0,no,"{""count_fp"":""1.00"",""created_time"":""2026-04-27T22:34:52.473851Z"",""no_price_dollars"":""0.3200"",""taker_side"":""no"",""ticker"":""KXETH15M-26APR271845-45"",""trade_id"":""62cb5f09-bfa9-4048-cddc-6777775820e6"",""yes_price_dollars"":""0.6800""}"
KXETH15M-26APR271845-45,ee422464-55f9-430d-7a37-f2fb0c21bfa3,1777329292,0.7,10.0,no,"{""count_fp"":""10.00"",""created_time"":""2026-04-27T22:34:52.458195Z"",""no_price_dollars"":""0.3000"",""taker_side"":""no"",""ticker"":""KXETH15M-26APR271845-45"",""trade_id"":""ee422464-55f9-430d-7a37-f2fb0c21bfa3"",""yes_price_dollars"":""0.7000""}"
KXETH15M-26APR271845-45,77f9d06c-d3f0-41be-7538-f5b1ddb95ca7,1777329292,0.7,5.0,no,"{""count_fp"":""5.00"",""created_time"":""2026-04-27T22:34:52.458195Z"",""no_price_dollars"":""0.3000"",""taker_side"":""no"",""ticker"":""KXETH15M-26APR271845-45"",""trade_id"":""77f9d06c-d3f0-41be-7538-f5b1ddb95ca7"",""yes_price_dollars"":""0.7000""}"
KXETH15M-26APR271845-45,4109611e-ab34-4f49-4d44-925579432582,1777329292,0.7,100.0,no,"{""count_fp"":""100.00"",""created_time"":""2026-04-27T22:34:52.458195Z"",""no_price_dollars"":""0.3000"",""taker_side"":""no"",""ticker"":""KXETH15M-26APR271845-45"",""trade_id"":""4109611e-ab34-4f49-4d44-925579432582"",""yes_price_dollars"":""0.7000""}"
KXETH15M-26APR271845-45,78248d78-c1f8-6f18-5529-7286fda6f6f4,1777329294,0.68,23.0,yes,"{""count_fp"":""23.00"",""created_time"":""2026-04-27T22:34:54.383643Z"",""no_price_dollars"":""0.3200"",""taker_side"":""yes"",""ticker"":""KXETH15M-26APR271845-45"",""trade_id"":""78248d78-c1f8-6f18-5529-7286fda6f6f4"",""yes_price_dollars"":""0.6800""}"
KXETH15M-26APR271845-45,fd30eaa8-84b7-7b9e-d541-e2c9316b346a,1777329299,0.68,1.0,yes,"{""count_fp"":""1.00"",""created_time"":""2026-04-27T22:34:59.576665Z"",""no_price_dollars"":""0.3200"",""taker_side"":""yes"",""ticker"":""KXETH15M-26APR271845-45"",""trade_id"":""fd30eaa8-84b7-7b9e-d541-e2c9316b346a"",""yes_price_dollars"":""0.6800""}"
KXETH15M-26APR271845-45,9a66a35d-bb97-7005-c000-b552844381a0,1777329299,0.69,15.0,yes,"{""count_fp"":""15.00"",""created_time"":""2026-04-27T22:34:59.576665Z"",""no_price_dollars"":""0.3100"",""taker_side"":""yes"",""ticker"":""KXETH15M-26APR271845-45"",""trade_id"":""9a66a35d-bb97-7005-c000-b552844381a0"",""yes_price_dollars"":""0.6900""}"
KXETH15M-26APR271845-45,05196cbf-d285-712f-ccd8-6a2eeefc319d,1777329299,0.69,5.28,yes,"{""count_fp"":""5.28"",""created_time"":""2026-04-27T22:34:59.576665Z"",""no_price_dollars"":""0.3100"",""taker_side"":""yes"",""ticker"":""KXETH15M-26APR271845-45"",""trade_id"":""05196cbf-d285-712f-ccd8-6a2eeefc319d"",""yes_price_dollars"":""0.6900""}"
KXETH15M-26APR271845-45,040cb610-0a8d-4ad5-548c-6edca6aae148,1777329300,0.68,1.0,yes,"{""count_fp"":""1.00"",""created_time"":""2026-04-27T22:35:00.349202Z"",""no_price_dollars"":""0.3200"",""taker_side"":""yes"",""ticker"":""KXETH15M-26APR271845-45"",""trade_id"":""040cb610-0a8d-4ad5-548c-6edca6aae148"",""yes_price_dollars"":""0.6800""}"
KXETH15M-26APR271845-45,dca8f261-c715-4d93-cb8f-db77d7ae9885,1777329301,0.69,10.0,yes,"{""count_fp"":""10.00"",""created_time"":""2026-04-27T22:35:01.365182Z"",""no_price_dollars"":""0.3100"",""taker_side"":""yes"",""ticker"":""KXETH15M-26APR271845-45"",""trade_id"":""dca8f261-c715-4d93-cb8f-db77d7ae9885"",""yes_price_dollars"":""0.6900""}"
KXETH15M-26APR271845-45,03203ab7-99da-4537-0210-bfe53ec14625,1777329303,0.69,1.0,no,"{""count_fp"":""1.00"",""created_time"":""2026-04-27T22:35:03.599569Z"",""no_price_dollars"":""0.3100"",""taker_side"":""no"",""ticker"":""KXETH15M-26APR271845-45"",""trade_id"":""03203ab7-99da-4537-0210-bfe53ec14625"",""yes_price_dollars"":""0.6900""}"
KXETH15M-26APR271845-45,7d12bc4e-5a5c-508f-2db1-5df85667cb92,1777329303,0.69,1.0,no,"{""count_fp"":""1.00"",""created_time"":""2026-04-27T22:35:03.450482Z"",""no_price_dollars"":""0.3100"",""taker_side"":""no"",""ticker"":""KXETH15M-26APR271845-45"",""trade_id"":""7d12bc4e-5a5c-508f-2db1-5df85667cb92"",""yes_price_dollars"":""0.6900""}"
KXETH15M-26APR271845-45,d65b4b22-8bd3-6bff-aba8-657849c7788c,1777329305,0.7,1.0,yes,"{""count_fp"":""1.00"",""created_time"":""2026-04-27T22:35:05.501268Z"",""no_price_dollars"":""0.3000"",""taker_side"":""yes"",""ticker"":""KXETH15M-26APR271845-45"",""trade_id"":""d65b4b22-8bd3-6bff-aba8-657849c7788c"",""yes_price_dollars"":""0.7000""}"
KXETH15M-26APR271845-45,a434998c-948b-66a3-b449-cf732a0e3f9a,1777329305,0.7,1.0,yes,"{""count_fp"":""1.00"",""created_time"":""2026-04-27T22:35:05.501268Z"",""no_price_dollars"":""0.3000"",""taker_side"":""yes"",""ticker"":""KXETH15M-26APR271845-45"",""trade_id"":""a434998c-948b-66a3-b449-cf732a0e3f9a"",""yes_price_dollars"":""0.7000""}"
KXETH15M-26APR271845-45,4fa3574d-792c-6270-bec0-7976d2f06608,1777329305,0.7,0.12,yes,"{""count_fp"":""0.12"",""created_time"":""2026-04-27T22:35:05.501268Z"",""no_price_dollars"":""0.3000"",""taker_side"":""yes"",""ticker"":""KXETH15M-26APR271845-45"",""trade_id"":""4fa3574d-792c-6270-bec0-7976d2f06608"",""yes_price_dollars"":""0.7000""}"
KXETH15M-26APR271845-45,070395fe-dde9-6052-a50c-f69e1e475547,1777329305,0.68,2.0,yes,"{""count_fp"":""2.00"",""created_time"":""2026-04-27T22:35:05.501268Z"",""no_price_dollars"":""0.3200"",""taker_side"":""yes"",""ticker"":""KXETH15M-26APR271845-45"",""trade_id"":""070395fe-dde9-6052-a50c-f69e1e475547"",""yes_price_dollars"":""0.6800""}"
KXETH15M-26APR271845-45,99d4444a-f26d-7543-a8d3-4d7ad7ec0bdd,1777329311,0.69,15.81,yes,"{""count_fp"":""15.81"",""created_time"":""2026-04-27T22:35:11.307913Z"",""no_price_dollars"":""0.3100"",""taker_side"":""yes"",""ticker"":""KXETH15M-26APR271845-45"",""trade_id"":""99d4444a-f26d-7543-a8d3-4d7ad7ec0bdd"",""yes_price_dollars"":""0.6900""}"
KXETH15M-26APR271845-45,44bd263f-9939-779d-8a14-8dd124fc4bb4,1777329311,0.69,1.0,yes,"{""count_fp"":""1.00"",""created_time"":""2026-04-27T22:35:11.307913Z"",""no_price_dollars"":""0.3100"",""taker_side"":""yes"",""ticker"":""KXETH15M-26APR271845-45"",""trade_id"":""44bd263f-9939-779d-8a14-8dd124fc4bb4"",""yes_price_dollars"":""0.6900""}"
KXETH15M-26APR271845-45,2bbce987-dd44-7954-9b3d-39e6a6321db6,1777329311,0.69,10.0,yes,"{""count_fp"":""10.00"",""created_time"":""2026-04-27T22:35:11.307913Z"",""no_price_dollars"":""0.3100"",""taker_side"":""yes"",""ticker"":""KXETH15M-26APR271845-45"",""trade_id"":""2bbce987-dd44-7954-9b3d-39e6a6321db6"",""yes_price_dollars"":""0.6900""}"
KXETH15M-26APR271845-45,54d4fb23-81c8-7bd4-9f57-22a764279484,1777329312,0.7,2.19,yes,"{""count_fp"":""2.19"",""created_time"":""2026-04-27T22:35:12.150084Z"",""no_price_dollars"":""0.3000"",""taker_side"":""yes"",""ticker"":""KXETH15M-26APR271845-45"",""trade_id"":""54d4fb23-81c8-7bd4-9f57-22a764279484"",""yes_price_dollars"":""0.7000""}"
KXETH15M-26APR271845-45,8cbd6f77-6615-6bd2-7d47-ff37df9cf095,1777329316,0.72,1.0,yes,"{""count_fp"":""1.00"",""created_time"":""2026-04-27T22:35:16.317247Z"",""no_price_dollars"":""0.2800"",""taker_side"":""yes"",""ticker"":""KXETH15M-26APR271845-45"",""trade_id"":""8cbd6f77-6615-6bd2-7d47-ff37df9cf095"",""yes_price_dollars"":""0.7200""}"
KXETH15M-26APR271845-45,69c2f17f-b4d8-6dc1-6160-6e1a4e166b76,1777329316,0.72,40.0,yes,"{""count_fp"":""40.00"",""created_time"":""2026-04-27T22:35:16.317247Z"",""no_price_dollars"":""0.2800"",""taker_side"":""yes"",""ticker"":""KXETH15M-26APR271845-45"",""trade_id"":""69c2f17f-b4d8-6dc1-6160-6e1a4e166b76"",""yes_price_dollars"":""0.7200""}"
KXETH15M-26APR271845-45,0cf9a955-0222-6562-4e31-f15d75cc9484,1777329316,0.71,10.0,yes,"{""count_fp"":""10.00"",""created_time"":""2026-04-27T22:35:16.317247Z"",""no_price_dollars"":""0.2900"",""taker_side"":""yes"",""ticker"":""KXETH15M-26APR271845-45"",""trade_id"":""0cf9a955-0222-6562-4e31-f15d75cc9484"",""yes_price_dollars"":""0.7100""}"
KXETH15M-26APR271845-45,b11a5630-36e8-685c-511f-895da564eaa5,1777329316,0.71,57.0,yes,"{""count_fp"":""57.00"",""created_time"":""2026-04-27T22:35:16.276465Z"",""no_price_dollars"":""0.2900"",""taker_side"":""yes"",""ticker"":""KXETH15M-26APR271845-45"",""trade_id"":""b11a5630-36e8-685c-511f-895da564eaa5"",""yes_price_dollars"":""0.7100""}"
KXETH15M-26APR271845-45,eb5124c5-35a8-5740-ee3f-ff6dfb6db258,1777329316,0.7,2.81,yes,"{""count_fp"":""2.81"",""created_time"":""2026-04-27T22:35:16.071214Z"",""no_price_dollars"":""0.3000"",""taker_side"":""yes"",""ticker"":""KXETH15M-26APR271845-45"",""trade_id"":""eb5124c5-35a8-5740-ee3f-ff6dfb6db258"",""yes_price_dollars"":""0.7000""}"
KXETH15M-26APR271845-45,32f23283-6b41-56a7-f6be-e33f3eab5531,1777329316,0.7,38.19,yes,"{""count_fp"":""38.19"",""created_time"":""2026-04-27T22:35:16.071214Z"",""no_price_dollars"":""0.3000"",""taker_side"":""yes"",""ticker"":""KXETH15M-26APR271845-45"",""trade_id"":""32f23283-6b41-56a7-f6be-e33f3eab5531"",""yes_price_dollars"":""0.7000""}"
KXETH15M-26APR271845-45,1e9cfbc0-c55b-544c-8cc7-bd35040cb5f0,1777329317,0.7,3.0,no,"{""count_fp"":""3.00"",""created_time"":""2026-04-27T22:35:17.469729Z"",""no_price_dollars"":""0.3000"",""taker_side"":""no"",""ticker"":""KXETH15M-26APR271845-45"",""trade_id"":""1e9cfbc0-c55b-544c-8cc7-bd35040cb5f0"",""yes_price_dollars"":""0.7000""}"
KXETH15M-26APR271845-45,671a066a-e128-689c-c3aa-292e694dd41c,1777329320,0.7,55.89,no,"{""count_fp"":""55.89"",""created_time"":""2026-04-27T22:35:20.858844Z"",""no_price_dollars"":""0.3000"",""taker_side"":""no"",""ticker"":""KXETH15M-26APR271845-45"",""trade_id"":""671a066a-e128-689c-c3aa-292e694dd41c"",""yes_price_dollars"":""0.7000""}"
KXETH15M-26APR271845-45,11cbc9fd-c523-6b1c-c53a-98c2e6c2a1c0,1777329320,0.7,2.0,no,"{""count_fp"":""2.00"",""created_time"":""2026-04-27T22:35:20.858844Z"",""no_price_dollars"":""0.3000"",""taker_side"":""no"",""ticker"":""KXETH15M-26APR271845-45"",""trade_id"":""11cbc9fd-c523-6b1c-c53a-98c2e6c2a1c0"",""yes_price_dollars"":""0.7000""}"
KXETH15M-26APR271845-45,824716ba-880f-6bf0-4dbc-a696614e1b13,1777329323,0.74,1.0,yes,"{""count_fp"":""1.00"",""created_time"":""2026-04-27T22:35:23.871245Z"",""no_price_dollars"":""0.2600"",""taker_side"":""yes"",""ticker"":""KXETH15M-26APR271845-45"",""trade_id"":""824716ba-880f-6bf0-4dbc-a696614e1b13"",""yes_price_dollars"":""0.7400""}"
KXETH15M-26APR271845-45,6f4928b5-a52e-64c6-516b-2ccb557d98b3,1777329323,0.77,47.87,yes,"{""count_fp"":""47.87"",""created_time"":""2026-04-27T22:35:23.871245Z"",""no_price_dollars"":""0.2300"",""taker_side"":""yes"",""ticker"":""KXETH15M-26APR271845-45"",""trade_id"":""6f4928b5-a52e-64c6-516b-2ccb557d98b3"",""yes_price_dollars"":""0.7700""}"
KXETH15M-26APR271845-45,682e8770-b295-631f-7d6e-d0ae49b9188d,1777329323,0.74,0.72,yes,"{""count_fp"":""0.72"",""created_time"":""2026-04-27T22:35:23.871245Z"",""no_price_dollars"":""0.2600"",""taker_side"":""yes"",""ticker"":""KXETH15M-26APR271845-45"",""trade_id"":""682e8770-b295-631f-7d6e-d0ae49b9188d"",""yes_price_dollars"":""0.7400""}"
KXETH15M-26APR271845-45,21ec9284-19a7-6c84-5ec2-90bff811af08,1777329323,0.74,1.0,yes,"{""count_fp"":""1.00"",""created_time"":""2026-04-27T22:35:23.871245Z"",""no_price_dollars"":""0.2600"",""taker_side"":""yes"",""ticker"":""KXETH15M-26APR271845-45"",""trade_id"":""21ec9284-19a7-6c84-5ec2-90bff811af08"",""yes_price_dollars"":""0.7400""}"
KXETH15M-26APR271845-45,0975756d-ec6d-66b1-4774-97d4291ba144,1777329323,0.76,5.0,yes,"{""count_fp"":""5.00"",""created_time"":""2026-04-27T22:35:23.871245Z"",""no_price_dollars"":""0.2400"",""taker_side"":""yes"",""ticker"":""KXETH15M-26APR271845-45"",""trade_id"":""0975756d-ec6d-66b1-4774-97d4291ba144"",""yes_price_dollars"":""0.7600""}"
KXETH15M-26APR271845-45,6ba5e678-3b92-613a-dfaa-0bd739c463c4,1777329325,0.71,1.58,no,"{""count_fp"":""1.58"",""created_time"":""2026-04-27T22:35:25.867474Z"",""no_price_dollars"":""0.2900"",""taker_side"":""no"",""ticker"":""KXETH15M-26APR271845-45"",""trade_id"":""6ba5e678-3b92-613a-dfaa-0bd739c463c4"",""yes_price_dollars"":""0.7100""}"
KXETH15M-26APR271845-45,41afc18d-05ba-778e-5103-82f3279dd20c,1777329326,0.71,3.17,no,"{""count_fp"":""3.17"",""created_time"":""2026-04-27T22:35:26.673758Z"",""no_price_dollars"":""0.2900"",""taker_side"":""no"",""ticker"":""KXETH15M-26APR271845-45"",""trade_id"":""41afc18d-05ba-778e-5103-82f3279dd20c"",""yes_price_dollars"":""0.7100""}"
KXETH15M-26APR271845-45,236d6c44-a0a0-4054-4935-48d1a76d07a8,1777329330,0.72,1.0,no,"{""count_fp"":""1.00"",""created_time"":""2026-04-27T22:35:30.312903Z"",""no_price_dollars"":""0.2800"",""taker_side"":""no"",""ticker"":""KXETH15M-26APR271845-45"",""trade_id"":""236d6c44-a0a0-4054-4935-48d1a76d07a8"",""yes_price_dollars"":""0.7200""}"
KXETH15M-26APR271845-45,0086d725-1f8c-77d0-b9ed-199254668414,1777329337,0.72,3.0,no,"{""count_fp"":""3.00"",""created_time"":""2026-04-27T22:35:37.069089Z"",""no_price_dollars"":""0.2800"",""taker_side"":""no"",""ticker"":""KXETH15M-26APR271845-45"",""trade_id"":""0086d725-1f8c-77d0-b9ed-199254668414"",""yes_price_dollars"":""0.7200""}"
KXETH15M-26APR271845-45,baebda1d-f660-4674-47c0-99971ffccf68,1777329338,0.72,34.0,no,"{""count_fp"":""34.00"",""created_time"":""2026-04-27T22:35:38.539191Z"",""no_price_dollars"":""0.2800"",""taker_side"":""no"",""ticker"":""KXETH15M-26APR271845-45"",""trade_id"":""baebda1d-f660-4674-47c0-99971ffccf68"",""yes_price_dollars"":""0.7200""}"
KXETH15M-26APR271845-45,6e9e3bfb-bd6c-41e8-0cf3-ffa188c87b48,1777329341,0.72,100.0,no,"{""count_fp"":""100.00"",""created_time"":""2026-04-27T22:35:41.762087Z"",""no_price_dollars"":""0.2800"",""taker_side"":""no"",""ticker"":""KXETH15M-26APR271845-45"",""trade_id"":""6e9e3bfb-bd6c-41e8-0cf3-ffa188c87b48"",""yes_price_dollars"":""0.7200""}"
KXETH15M-26APR271845-45,5f004ec0-48f7-4f5a-8f84-af269826aef1,1777329346,0.71,12.71,no,"{""count_fp"":""12.71"",""created_time"":""2026-04-27T22:35:46.607745Z"",""no_price_dollars"":""0.2900"",""taker_side"":""no"",""ticker"":""KXETH15M-26APR271845-45"",""trade_id"":""5f004ec0-48f7-4f5a-8f84-af269826aef1"",""yes_price_dollars"":""0.7100""}"
KXETH15M-26APR271845-45,42e15398-1268-7ed4-9c75-e7f194890ecd,1777329351,0.72,0.25,no,"{""count_fp"":""0.25"",""created_time"":""2026-04-27T22:35:51.988885Z"",""no_price_dollars"":""0.2800"",""taker_side"":""no"",""ticker"":""KXETH15M-26APR271845-45"",""trade_id"":""42e15398-1268-7ed4-9c75-e7f194890ecd"",""yes_price_dollars"":""0.7200""}"
KXETH15M-26APR271845-45,e5a4f2d0-eae6-42b6-d216-be0836819127,1777329351,0.73,33.32,yes,"{""count_fp"":""33.32"",""created_time"":""2026-04-27T22:35:51.312498Z"",""no_price_dollars"":""0.2700"",""taker_side"":""yes"",""ticker"":""KXETH15M-26APR271845-45"",""trade_id"":""e5a4f2d0-eae6-42b6-d216-be0836819127"",""yes_price_dollars"":""0.7300""}"
KXETH15M-26APR271845-45,88ced81a-6af7-4906-c78b-d6df41f360cd,1777329353,0.7,2.78,no,"{""count_fp"":""2.78"",""created_time"":""2026-04-27T22:35:53.521713Z"",""no_price_dollars"":""0.3000"",""taker_side"":""no"",""ticker"":""KXETH15M-26APR271845-45"",""trade_id"":""88ced81a-6af7-4906-c78b-d6df41f360cd"",""yes_price_dollars"":""0.7000""}"
KXETH15M-26APR271845-45,7fbc25ea-813a-4e3e-ea53-a2421ca42268,1777329353,0.7,5.0,no,"{""count_fp"":""5.00"",""created_time"":""2026-04-27T22:35:53.521713Z"",""no_price_dollars"":""0.3000"",""taker_side"":""no"",""ticker"":""KXETH15M-26APR271845-45"",""trade_id"":""7fbc25ea-813a-4e3e-ea53-a2421ca42268"",""yes_price_dollars"":""0.7000""}"
KXETH15M-26APR271845-45,fc0a5239-9c1f-4006-290b-c0fb3ba7fdeb,1777329359,0.71,10.0,yes,"{""count_fp"":""10.00"",""created_time"":""2026-04-27T22:35:59.858468Z"",""no_price_dollars"":""0.2900"",""taker_side"":""yes"",""ticker"":""KXETH15M-26APR271845-45"",""trade_id"":""fc0a5239-9c1f-4006-290b-c0fb3ba7fdeb"",""yes_price_dollars"":""0.7100""}"
KXETH15M-26APR271845-45,599092c2-23fa-404b-212d-02501354a8c3,1777329359,0.71,60.0,yes,"{""count_fp"":""60.00"",""created_time"":""2026-04-27T22:35:59.858468Z"",""no_price_dollars"":""0.2900"",""taker_side"":""yes"",""ticker"":""KXETH15M-26APR271845-45"",""trade_id"":""599092c2-23fa-404b-212d-02501354a8c3"",""yes_price_dollars"":""0.7100""}"
KXETH15M-26APR271845-45,92792b37-1d94-4d62-b6aa-228917a858f7,1777329359,0.69,15.0,no,"{""count_fp"":""15.00"",""created_time"":""2026-04-27T22:35:59.153291Z"",""no_price_dollars"":""0.3100"",""taker_side"":""no"",""ticker"":""KXETH15M-26APR271845-45"",""trade_id"":""92792b37-1d94-4d62-b6aa-228917a858f7"",""yes_price_dollars"":""0.6900""}"
KXETH15M-26APR271845-45,7768ed15-12c3-557c-7211-bf344dde927b,1777329363,0.73,1.0,no,"{""count_fp"":""1.00"",""created_time"":""2026-04-27T22:36:03.309824Z"",""no_price_dollars"":""0.2700"",""taker_side"":""no"",""ticker"":""KXETH15M-26APR271845-45"",""trade_id"":""7768ed15-12c3-557c-7211-bf344dde927b"",""yes_price_dollars"":""0.7300""}"
KXETH15M-26APR271845-45,7755b2ce-d6fd-4313-6d78-a27db8348eb8,1777329368,0.73,1.0,no,"{""count_fp"":""1.00"",""created_time"":""2026-04-27T22:36:08.660881Z"",""no_price_dollars"":""0.2700"",""taker_side"":""no"",""ticker"":""KXETH15M-26APR271845-45"",""trade_id"":""7755b2ce-d6fd-4313-6d78-a27db8348eb8"",""yes_price_dollars"":""0.7300""}"
KXETH15M-26APR271845-45,02792ca5-699f-4c12-72cd-f22a67c6cb15,1777329368,0.73,27.18,no,"{""count_fp"":""27.18"",""created_time"":""2026-04-27T22:36:08.660881Z"",""no_price_dollars"":""0.2700"",""taker_side"":""no"",""ticker"":""KXETH15M-26APR271845-45"",""trade_id"":""02792ca5-699f-4c12-72cd-f22a67c6cb15"",""yes_price_dollars"":""0.7300""}"
KXETH15M-26APR271845-45,b1983f28-9501-7545-4712-1f2ec66c8b51,1777329369,0.73,1.0,no,"{""count_fp"":""1.00"",""created_time"":""2026-04-27T22:36:09.408837Z"",""no_price_dollars"":""0.2700"",""taker_side"":""no"",""ticker"":""KXETH15M-26APR271845-45"",""trade_id"":""b1983f28-9501-7545-4712-1f2ec66c8b51"",""yes_price_dollars"":""0.7300""}"
KXETH15M-26APR271845-45,092dd69f-d4ef-74ca-682c-ad071764e5b5,1777329369,0.73,24.0,no,"{""count_fp"":""24.00"",""created_time"":""2026-04-27T22:36:09.408837Z"",""no_price_dollars"":""0.2700"",""taker_side"":""no"",""ticker"":""KXETH15M-26APR271845-45"",""trade_id"":""092dd69f-d4ef-74ca-682c-ad071764e5b5"",""yes_price_dollars"":""0.7300""}"
