ticker,trade_id,ts,yes_price,count,taker_side,raw_json
KXETH15M-26APR280530-30,f21171f3-33d2-7880-77ba-12d52448e185,1777367721,0.46,1.0,no,"{""count_fp"":""1.00"",""created_time"":""2026-04-28T09:15:21.574015Z"",""no_price_dollars"":""0.5400"",""taker_side"":""no"",""ticker"":""KXETH15M-26APR280530-30"",""trade_id"":""f21171f3-33d2-7880-77ba-12d52448e185"",""yes_price_dollars"":""0.4600""}"
KXETH15M-26APR280530-30,4336ace8-6e4a-4460-6b84-9dafe1410345,1777367723,0.46,1.0,no,"{""count_fp"":""1.00"",""created_time"":""2026-04-28T09:15:23.073157Z"",""no_price_dollars"":""0.5400"",""taker_side"":""no"",""ticker"":""KXETH15M-26APR280530-30"",""trade_id"":""4336ace8-6e4a-4460-6b84-9dafe1410345"",""yes_price_dollars"":""0.4600""}"
KXETH15M-26APR280530-30,29c8ccad-7f5e-70e9-c985-bc6d95897b6e,1777367728,0.4,8.0,no,"{""count_fp"":""8.00"",""created_time"":""2026-04-28T09:15:28.111405Z"",""no_price_dollars"":""0.6000"",""taker_side"":""no"",""ticker"":""KXETH15M-26APR280530-30"",""trade_id"":""29c8ccad-7f5e-70e9-c985-bc6d95897b6e"",""yes_price_dollars"":""0.4000""}"
KXETH15M-26APR280530-30,1e164c4b-00cb-729b-d5b3-bd566bebc770,1777367728,0.4,10.0,no,"{""count_fp"":""10.00"",""created_time"":""2026-04-28T09:15:28.111405Z"",""no_price_dollars"":""0.6000"",""taker_side"":""no"",""ticker"":""KXETH15M-26APR280530-30"",""trade_id"":""1e164c4b-00cb-729b-d5b3-bd566bebc770"",""yes_price_dollars"":""0.4000""}"
KXETH15M-26APR280530-30,ff1e3f85-638d-4376-1e32-4e1021e46f73,1777367729,0.36,1.0,no,"{""count_fp"":""1.00"",""created_time"":""2026-04-28T09:15:29.955815Z"",""no_price_dollars"":""0.6400"",""taker_side"":""no"",""ticker"":""KXETH15M-26APR280530-30"",""trade_id"":""ff1e3f85-638d-4376-1e32-4e1021e46f73"",""yes_price_dollars"":""0.3600""}"
KXETH15M-26APR280530-30,f2cbc06b-4005-708a-8826-25c59da6a743,1777367740,0.39,40.0,yes,"{""count_fp"":""40.00"",""created_time"":""2026-04-28T09:15:40.359058Z"",""no_price_dollars"":""0.6100"",""taker_side"":""yes"",""ticker"":""KXETH15M-26APR280530-30"",""trade_id"":""f2cbc06b-4005-708a-8826-25c59da6a743"",""yes_price_dollars"":""0.3900""}"
KXETH15M-26APR280530-30,7c500a64-48a4-606a-c802-b9627745424b,1777367741,0.38,18.0,no,"{""count_fp"":""18.00"",""created_time"":""2026-04-28T09:15:41.726182Z"",""no_price_dollars"":""0.6200"",""taker_side"":""no"",""ticker"":""KXETH15M-26APR280530-30"",""trade_id"":""7c500a64-48a4-606a-c802-b9627745424b"",""yes_price_dollars"":""0.3800""}"
KXETH15M-26APR280530-30,a9aed29b-323c-6e32-7db5-ad70ce8ff8f3,1777367744,0.38,1.0,no,"{""count_fp"":""1.00"",""created_time"":""2026-04-28T09:15:44.983258Z"",""no_price_dollars"":""0.6200"",""taker_side"":""no"",""ticker"":""KXETH15M-26APR280530-30"",""trade_id"":""a9aed29b-323c-6e32-7db5-ad70ce8ff8f3"",""yes_price_dollars"":""0.3800""}"
KXETH15M-26APR280530-30,336f074b-3e0c-797a-8d7d-31cc22912ec3,1777367745,0.38,15.71,no,"{""count_fp"":""15.71"",""created_time"":""2026-04-28T09:15:45.698996Z"",""no_price_dollars"":""0.6200"",""taker_side"":""no"",""ticker"":""KXETH15M-26APR280530-30"",""trade_id"":""336f074b-3e0c-797a-8d7d-31cc22912ec3"",""yes_price_dollars"":""0.3800""}"
KXETH15M-26APR280530-30,d69f7eff-2aeb-4163-4b57-566da8ed059e,1777367755,0.34,9.17,no,"{""count_fp"":""9.17"",""created_time"":""2026-04-28T09:15:55.268012Z"",""no_price_dollars"":""0.6600"",""taker_side"":""no"",""ticker"":""KXETH15M-26APR280530-30"",""trade_id"":""d69f7eff-2aeb-4163-4b57-566da8ed059e"",""yes_price_dollars"":""0.3400""}"
KXETH15M-26APR280530-30,9d5ba5a6-6243-4360-6b13-f6b911597d6e,1777367755,0.36,1.0,no,"{""count_fp"":""1.00"",""created_time"":""2026-04-28T09:15:55.268012Z"",""no_price_dollars"":""0.6400"",""taker_side"":""no"",""ticker"":""KXETH15M-26APR280530-30"",""trade_id"":""9d5ba5a6-6243-4360-6b13-f6b911597d6e"",""yes_price_dollars"":""0.3600""}"
KXETH15M-26APR280530-30,5d76314f-650b-497f-6372-f14345264f4c,1777367755,0.33,53.03,no,"{""count_fp"":""53.03"",""created_time"":""2026-04-28T09:15:55.268012Z"",""no_price_dollars"":""0.6700"",""taker_side"":""no"",""ticker"":""KXETH15M-26APR280530-30"",""trade_id"":""5d76314f-650b-497f-6372-f14345264f4c"",""yes_price_dollars"":""0.3300""}"
KXETH15M-26APR280530-30,038c8c1f-41f4-4d1b-7178-4883bc3c68ab,1777367755,0.34,10.0,no,"{""count_fp"":""10.00"",""created_time"":""2026-04-28T09:15:55.268012Z"",""no_price_dollars"":""0.6600"",""taker_side"":""no"",""ticker"":""KXETH15M-26APR280530-30"",""trade_id"":""038c8c1f-41f4-4d1b-7178-4883bc3c68ab"",""yes_price_dollars"":""0.3400""}"
KXETH15M-26APR280530-30,e02a2ace-530d-59a7-2614-870e7c257109,1777367758,0.37,7.76,yes,"{""count_fp"":""7.76"",""created_time"":""2026-04-28T09:15:58.782526Z"",""no_price_dollars"":""0.6300"",""taker_side"":""yes"",""ticker"":""KXETH15M-26APR280530-30"",""trade_id"":""e02a2ace-530d-59a7-2614-870e7c257109"",""yes_price_dollars"":""0.3700""}"
KXETH15M-26APR280530-30,a3e8f422-1306-5e8a-9af1-e3311a0f8528,1777367760,0.37,1.0,no,"{""count_fp"":""1.00"",""created_time"":""2026-04-28T09:16:00.382217Z"",""no_price_dollars"":""0.6300"",""taker_side"":""no"",""ticker"":""KXETH15M-26APR280530-30"",""trade_id"":""a3e8f422-1306-5e8a-9af1-e3311a0f8528"",""yes_price_dollars"":""0.3700""}"
KXETH15M-26APR280530-30,fd2ac3ad-7c56-7c41-ea1c-477d034c89bc,1777367761,0.34,0.17,no,"{""count_fp"":""0.17"",""created_time"":""2026-04-28T09:16:01.080164Z"",""no_price_dollars"":""0.6600"",""taker_side"":""no"",""ticker"":""KXETH15M-26APR280530-30"",""trade_id"":""fd2ac3ad-7c56-7c41-ea1c-477d034c89bc"",""yes_price_dollars"":""0.3400""}"
KXETH15M-26APR280530-30,727f36f7-0646-68d1-c62d-afeb21fd334c,1777367761,0.34,9.0,no,"{""count_fp"":""9.00"",""created_time"":""2026-04-28T09:16:01.079023Z"",""no_price_dollars"":""0.6600"",""taker_side"":""no"",""ticker"":""KXETH15M-26APR280530-30"",""trade_id"":""727f36f7-0646-68d1-c62d-afeb21fd334c"",""yes_price_dollars"":""0.3400""}"
KXETH15M-26APR280530-30,425c1a09-7d38-6cb8-e208-3cccc4cfc67c,1777367761,0.34,1.0,no,"{""count_fp"":""1.00"",""created_time"":""2026-04-28T09:16:01.079023Z"",""no_price_dollars"":""0.6600"",""taker_side"":""no"",""ticker"":""KXETH15M-26APR280530-30"",""trade_id"":""425c1a09-7d38-6cb8-e208-3cccc4cfc67c"",""yes_price_dollars"":""0.3400""}"
KXETH15M-26APR280530-30,8e4f5c15-b6e7-7fcb-abf5-68d393447050,1777367764,0.31,1.0,no,"{""count_fp"":""1.00"",""created_time"":""2026-04-28T09:16:04.068233Z"",""no_price_dollars"":""0.6900"",""taker_side"":""no"",""ticker"":""KXETH15M-26APR280530-30"",""trade_id"":""8e4f5c15-b6e7-7fcb-abf5-68d393447050"",""yes_price_dollars"":""0.3100""}"
KXETH15M-26APR280530-30,a5d9fe32-e93f-7dcb-556f-8f8fda1785a8,1777367766,0.31,5.0,no,"{""count_fp"":""5.00"",""created_time"":""2026-04-28T09:16:06.553868Z"",""no_price_dollars"":""0.6900"",""taker_side"":""no"",""ticker"":""KXETH15M-26APR280530-30"",""trade_id"":""a5d9fe32-e93f-7dcb-556f-8f8fda1785a8"",""yes_price_dollars"":""0.3100""}"
KXETH15M-26APR280530-30,212130a7-76c3-419a-0cb7-ab79bdccb7fd,1777367769,0.32,3.0,yes,"{""count_fp"":""3.00"",""created_time"":""2026-04-28T09:16:09.043603Z"",""no_price_dollars"":""0.6800"",""taker_side"":""yes"",""ticker"":""KXETH15M-26APR280530-30"",""trade_id"":""212130a7-76c3-419a-0cb7-ab79bdccb7fd"",""yes_price_dollars"":""0.3200""}"
KXETH15M-26APR280530-30,4c7e333d-f5cb-4fd6-7a85-f53021abd8fd,1777367770,0.32,2.98,yes,"{""count_fp"":""2.98"",""created_time"":""2026-04-28T09:16:10.283606Z"",""no_price_dollars"":""0.6800"",""taker_side"":""yes"",""ticker"":""KXETH15M-26APR280530-30"",""trade_id"":""4c7e333d-f5cb-4fd6-7a85-f53021abd8fd"",""yes_price_dollars"":""0.3200""}"
KXETH15M-26APR280530-30,3ad1998f-999b-4fdb-e36a-97d45c93aa14,1777367772,0.31,5.0,no,"{""count_fp"":""5.00"",""created_time"":""2026-04-28T09:16:12.932386Z"",""no_price_dollars"":""0.6900"",""taker_side"":""no"",""ticker"":""KXETH15M-26APR280530-30"",""trade_id"":""3ad1998f-999b-4fdb-e36a-97d45c93aa14"",""yes_price_dollars"":""0.3100""}"
KXETH15M-26APR280530-30,2ca85575-f695-7f22-0791-af960c23b32a,1777367774,0.32,0.98,yes,"{""count_fp"":""0.98"",""created_time"":""2026-04-28T09:16:14.562358Z"",""no_price_dollars"":""0.6800"",""taker_side"":""yes"",""ticker"":""KXETH15M-26APR280530-30"",""trade_id"":""2ca85575-f695-7f22-0791-af960c23b32a"",""yes_price_dollars"":""0.3200""}"
KXETH15M-26APR280530-30,10a8c1f3-c4bb-7b5a-00eb-e00ea88106e9,1777367774,0.32,9.02,yes,"{""count_fp"":""9.02"",""created_time"":""2026-04-28T09:16:14.562358Z"",""no_price_dollars"":""0.6800"",""taker_side"":""yes"",""ticker"":""KXETH15M-26APR280530-30"",""trade_id"":""10a8c1f3-c4bb-7b5a-00eb-e00ea88106e9"",""yes_price_dollars"":""0.3200""}"
KXETH15M-26APR280530-30,08135d3d-13bf-490b-59b6-bd5eb953de3c,1777367777,0.31,5.0,no,"{""count_fp"":""5.00"",""created_time"":""2026-04-28T09:16:17.665144Z"",""no_price_dollars"":""0.6900"",""taker_side"":""no"",""ticker"":""KXETH15M-26APR280530-30"",""trade_id"":""08135d3d-13bf-490b-59b6-bd5eb953de3c"",""yes_price_dollars"":""0.3100""}"
KXETH15M-26APR280530-30,f2dcc8f8-2207-4113-e4b3-e035c5df8334,1777367778,0.31,26.0,no,"{""count_fp"":""26.00"",""created_time"":""2026-04-28T09:16:18.925282Z"",""no_price_dollars"":""0.6900"",""taker_side"":""no"",""ticker"":""KXETH15M-26APR280530-30"",""trade_id"":""f2dcc8f8-2207-4113-e4b3-e035c5df8334"",""yes_price_dollars"":""0.3100""}"
KXETH15M-26APR280530-30,4e836f54-965e-736e-5a07-ade665c869a7,1777367778,0.32,1.0,yes,"{""count_fp"":""1.00"",""created_time"":""2026-04-28T09:16:18.371046Z"",""no_price_dollars"":""0.6800"",""taker_side"":""yes"",""ticker"":""KXETH15M-26APR280530-30"",""trade_id"":""4e836f54-965e-736e-5a07-ade665c869a7"",""yes_price_dollars"":""0.3200""}"
KXETH15M-26APR280530-30,36128f43-fa87-6114-5262-f2135c2a178d,1777367781,0.36,1.0,no,"{""count_fp"":""1.00"",""created_time"":""2026-04-28T09:16:21.937186Z"",""no_price_dollars"":""0.6400"",""taker_side"":""no"",""ticker"":""KXETH15M-26APR280530-30"",""trade_id"":""36128f43-fa87-6114-5262-f2135c2a178d"",""yes_price_dollars"":""0.3600""}"
KXETH15M-26APR280530-30,b23f1bbc-e95f-7515-2cc4-9d12b0a2af1e,1777367786,0.41,1.0,no,"{""count_fp"":""1.00"",""created_time"":""2026-04-28T09:16:26.939681Z"",""no_price_dollars"":""0.5900"",""taker_side"":""no"",""ticker"":""KXETH15M-26APR280530-30"",""trade_id"":""b23f1bbc-e95f-7515-2cc4-9d12b0a2af1e"",""yes_price_dollars"":""0.4100""}"
KXETH15M-26APR280530-30,e3af3918-ca47-432c-46ba-4eb2c0aeaaa6,1777367786,0.41,1.0,yes,"{""count_fp"":""1.00"",""created_time"":""2026-04-28T09:16:26.396233Z"",""no_price_dollars"":""0.5900"",""taker_side"":""yes"",""ticker"":""KXETH15M-26APR280530-30"",""trade_id"":""e3af3918-ca47-432c-46ba-4eb2c0aeaaa6"",""yes_price_dollars"":""0.4100""}"
KXETH15M-26APR280530-30,5e8fc1d7-b22e-780c-5bb0-b958b2c27bdb,1777367786,0.4,1.0,yes,"{""count_fp"":""1.00"",""created_time"":""2026-04-28T09:16:26.237747Z"",""no_price_dollars"":""0.6000"",""taker_side"":""yes"",""ticker"":""KXETH15M-26APR280530-30"",""trade_id"":""5e8fc1d7-b22e-780c-5bb0-b958b2c27bdb"",""yes_price_dollars"":""0.4000""}"
KXETH15M-26APR280530-30,3cc18daa-8bed-7ca3-7666-369fcafa31b9,1777367786,0.4,10.0,yes,"{""count_fp"":""10.00"",""created_time"":""2026-04-28T09:16:26.237747Z"",""no_price_dollars"":""0.6000"",""taker_side"":""yes"",""ticker"":""KXETH15M-26APR280530-30"",""trade_id"":""3cc18daa-8bed-7ca3-7666-369fcafa31b9"",""yes_price_dollars"":""0.4000""}"
KXETH15M-26APR280530-30,65205ea2-46ab-6f8a-1fdc-6ca83d403441,1777367786,0.39,10.0,yes,"{""count_fp"":""10.00"",""created_time"":""2026-04-28T09:16:26.191306Z"",""no_price_dollars"":""0.6100"",""taker_side"":""yes"",""ticker"":""KXETH15M-26APR280530-30"",""trade_id"":""65205ea2-46ab-6f8a-1fdc-6ca83d403441"",""yes_price_dollars"":""0.3900""}"
KXETH15M-26APR280530-30,6239322f-50ca-60c4-26c1-af971a5f6e2b,1777367786,0.38,25.0,yes,"{""count_fp"":""25.00"",""created_time"":""2026-04-28T09:16:26.191306Z"",""no_price_dollars"":""0.6200"",""taker_side"":""yes"",""ticker"":""KXETH15M-26APR280530-30"",""trade_id"":""6239322f-50ca-60c4-26c1-af971a5f6e2b"",""yes_price_dollars"":""0.3800""}"
KXETH15M-26APR280530-30,56eaf88d-c697-66a6-0c07-4167331a564a,1777367786,0.39,1.0,yes,"{""count_fp"":""1.00"",""created_time"":""2026-04-28T09:16:26.191306Z"",""no_price_dollars"":""0.6100"",""taker_side"":""yes"",""ticker"":""KXETH15M-26APR280530-30"",""trade_id"":""56eaf88d-c697-66a6-0c07-4167331a564a"",""yes_price_dollars"":""0.3900""}"
KXETH15M-26APR280530-30,5136b7cb-c720-6d9a-0050-c2de619fe4a4,1777367786,0.39,5.0,yes,"{""count_fp"":""5.00"",""created_time"":""2026-04-28T09:16:26.191306Z"",""no_price_dollars"":""0.6100"",""taker_side"":""yes"",""ticker"":""KXETH15M-26APR280530-30"",""trade_id"":""5136b7cb-c720-6d9a-0050-c2de619fe4a4"",""yes_price_dollars"":""0.3900""}"
KXETH15M-26APR280530-30,3c551062-817c-666f-25c1-c49420013634,1777367786,0.39,2.0,yes,"{""count_fp"":""2.00"",""created_time"":""2026-04-28T09:16:26.191306Z"",""no_price_dollars"":""0.6100"",""taker_side"":""yes"",""ticker"":""KXETH15M-26APR280530-30"",""trade_id"":""3c551062-817c-666f-25c1-c49420013634"",""yes_price_dollars"":""0.3900""}"
KXETH15M-26APR280530-30,204afa8e-df62-6c5e-2f1a-9a1eba7b7a29,1777367786,0.38,1.0,yes,"{""count_fp"":""1.00"",""created_time"":""2026-04-28T09:16:26.191306Z"",""no_price_dollars"":""0.6200"",""taker_side"":""yes"",""ticker"":""KXETH15M-26APR280530-30"",""trade_id"":""204afa8e-df62-6c5e-2f1a-9a1eba7b7a29"",""yes_price_dollars"":""0.3800""}"
KXETH15M-26APR280530-30,06406952-026d-626c-299a-094765beac45,1777367786,0.38,1.0,yes,"{""count_fp"":""1.00"",""created_time"":""2026-04-28T09:16:26.191306Z"",""no_price_dollars"":""0.6200"",""taker_side"":""yes"",""ticker"":""KXETH15M-26APR280530-30"",""trade_id"":""06406952-026d-626c-299a-094765beac45"",""yes_price_dollars"":""0.3800""}"
KXETH15M-26APR280530-30,43d10da5-ef0f-7b3d-f244-8954436b058a,1777367787,0.41,300.0,no,"{""count_fp"":""300.00"",""created_time"":""2026-04-28T09:16:27.224392Z"",""no_price_dollars"":""0.5900"",""taker_side"":""no"",""ticker"":""KXETH15M-26APR280530-30"",""trade_id"":""43d10da5-ef0f-7b3d-f244-8954436b058a"",""yes_price_dollars"":""0.4100""}"
KXETH15M-26APR280530-30,7cfde801-1542-529e-a743-2af4cb1b7424,1777367788,0.42,1.0,yes,"{""count_fp"":""1.00"",""created_time"":""2026-04-28T09:16:28.873562Z"",""no_price_dollars"":""0.5800"",""taker_side"":""yes"",""ticker"":""KXETH15M-26APR280530-30"",""trade_id"":""7cfde801-1542-529e-a743-2af4cb1b7424"",""yes_price_dollars"":""0.4200""}"
KXETH15M-26APR280530-30,edf9512d-80d8-626a-7923-bb7b914a5593,1777367791,0.43,1.0,yes,"{""count_fp"":""1.00"",""created_time"":""2026-04-28T09:16:31.114625Z"",""no_price_dollars"":""0.5700"",""taker_side"":""yes"",""ticker"":""KXETH15M-26APR280530-30"",""trade_id"":""edf9512d-80d8-626a-7923-bb7b914a5593"",""yes_price_dollars"":""0.4300""}"
KXETH15M-26APR280530-30,6ff3aa48-87ea-742e-bfe1-f449b0086ce4,1777367794,0.43,1.0,no,"{""count_fp"":""1.00"",""created_time"":""2026-04-28T09:16:34.439543Z"",""no_price_dollars"":""0.5700"",""taker_side"":""no"",""ticker"":""KXETH15M-26APR280530-30"",""trade_id"":""6ff3aa48-87ea-742e-bfe1-f449b0086ce4"",""yes_price_dollars"":""0.4300""}"
KXETH15M-26APR280530-30,ff2c5b40-2a24-4ea7-2669-75e10e561ba3,1777367803,0.41,10.0,no,"{""count_fp"":""10.00"",""created_time"":""2026-04-28T09:16:43.098492Z"",""no_price_dollars"":""0.5900"",""taker_side"":""no"",""ticker"":""KXETH15M-26APR280530-30"",""trade_id"":""ff2c5b40-2a24-4ea7-2669-75e10e561ba3"",""yes_price_dollars"":""0.4100""}"
KXETH15M-26APR280530-30,ba2ee40b-324e-44ee-3daa-f50754b990b3,1777367803,0.38,19.74,no,"{""count_fp"":""19.74"",""created_time"":""2026-04-28T09:16:43.098492Z"",""no_price_dollars"":""0.6200"",""taker_side"":""no"",""ticker"":""KXETH15M-26APR280530-30"",""trade_id"":""ba2ee40b-324e-44ee-3daa-f50754b990b3"",""yes_price_dollars"":""0.3800""}"
KXETH15M-26APR280530-30,42322d89-a8a7-4f60-2b20-3fc0d8e8d325,1777367803,0.39,10.0,no,"{""count_fp"":""10.00"",""created_time"":""2026-04-28T09:16:43.098492Z"",""no_price_dollars"":""0.6100"",""taker_side"":""no"",""ticker"":""KXETH15M-26APR280530-30"",""trade_id"":""42322d89-a8a7-4f60-2b20-3fc0d8e8d325"",""yes_price_dollars"":""0.3900""}"
KXETH15M-26APR280530-30,07f987bf-d7e7-4247-2499-b32f6abaaa0e,1777367803,0.38,10.26,no,"{""count_fp"":""10.26"",""created_time"":""2026-04-28T09:16:43.098492Z"",""no_price_dollars"":""0.6200"",""taker_side"":""no"",""ticker"":""KXETH15M-26APR280530-30"",""trade_id"":""07f987bf-d7e7-4247-2499-b32f6abaaa0e"",""yes_price_dollars"":""0.3800""}"
KXETH15M-26APR280530-30,e6d9bf8c-ff57-78ad-4bb7-951d1048586e,1777367806,0.42,16.01,yes,"{""count_fp"":""16.01"",""created_time"":""2026-04-28T09:16:46.891764Z"",""no_price_dollars"":""0.5800"",""taker_side"":""yes"",""ticker"":""KXETH15M-26APR280530-30"",""trade_id"":""e6d9bf8c-ff57-78ad-4bb7-951d1048586e"",""yes_price_dollars"":""0.4200""}"
KXETH15M-26APR280530-30,e274494c-205f-61b0-c646-41b602263562,1777367806,0.42,10.0,yes,"{""count_fp"":""10.00"",""created_time"":""2026-04-28T09:16:46.518902Z"",""no_price_dollars"":""0.5800"",""taker_side"":""yes"",""ticker"":""KXETH15M-26APR280530-30"",""trade_id"":""e274494c-205f-61b0-c646-41b602263562"",""yes_price_dollars"":""0.4200""}"
KXETH15M-26APR280530-30,c0d965db-c40f-6d3d-d91a-f67698a17e92,1777367806,0.42,1.38,yes,"{""count_fp"":""1.38"",""created_time"":""2026-04-28T09:16:46.518902Z"",""no_price_dollars"":""0.5800"",""taker_side"":""yes"",""ticker"":""KXETH15M-26APR280530-30"",""trade_id"":""c0d965db-c40f-6d3d-d91a-f67698a17e92"",""yes_price_dollars"":""0.4200""}"
KXETH15M-26APR280530-30,3c9804de-aae6-7953-a324-27603073cd47,1777367812,0.42,4.57,yes,"{""count_fp"":""4.57"",""created_time"":""2026-04-28T09:16:52.438423Z"",""no_price_dollars"":""0.5800"",""taker_side"":""yes"",""ticker"":""KXETH15M-26APR280530-30"",""trade_id"":""3c9804de-aae6-7953-a324-27603073cd47"",""yes_price_dollars"":""0.4200""}"
KXETH15M-26APR280530-30,3ff640a5-84ba-47a1-f852-6d9a3bde80fa,1777367814,0.38,31.99,no,"{""count_fp"":""31.99"",""created_time"":""2026-04-28T09:16:54.176829Z"",""no_price_dollars"":""0.6200"",""taker_side"":""no"",""ticker"":""KXETH15M-26APR280530-30"",""trade_id"":""3ff640a5-84ba-47a1-f852-6d9a3bde80fa"",""yes_price_dollars"":""0.3800""}"
KXETH15M-26APR280530-30,26445acb-a52f-44bd-d2ff-68ddc8683708,1777367814,0.38,10.0,no,"{""count_fp"":""10.00"",""created_time"":""2026-04-28T09:16:54.176829Z"",""no_price_dollars"":""0.6200"",""taker_side"":""no"",""ticker"":""KXETH15M-26APR280530-30"",""trade_id"":""26445acb-a52f-44bd-d2ff-68ddc8683708"",""yes_price_dollars"":""0.3800""}"
KXETH15M-26APR280530-30,23b6dff2-4ed5-4101-e097-7d3895c5e831,1777367814,0.39,10.0,no,"{""count_fp"":""10.00"",""created_time"":""2026-04-28T09:16:54.176829Z"",""no_price_dollars"":""0.6100"",""taker_side"":""no"",""ticker"":""KXETH15M-26APR280530-30"",""trade_id"":""23b6dff2-4ed5-4101-e097-7d3895c5e831"",""yes_price_dollars"":""0.3900""}"
KXETH15M-26APR280530-30,7bfa0c8d-9bc1-5a8d-4468-fe97374a68e0,1777367828,0.4,2.0,yes,"{""count_fp"":""2.00"",""created_time"":""2026-04-28T09:17:08.041844Z"",""no_price_dollars"":""0.6000"",""taker_side"":""yes"",""ticker"":""KXETH15M-26APR280530-30"",""trade_id"":""7bfa0c8d-9bc1-5a8d-4468-fe97374a68e0"",""yes_price_dollars"":""0.4000""}"
KXETH15M-26APR280530-30,6a5bfc7c-6cd0-56ab-49a6-33dc5cfbbafa,1777367828,0.4,2.79,yes,"{""count_fp"":""2.79"",""created_time"":""2026-04-28T09:17:08.041844Z"",""no_price_dollars"":""0.6000"",""taker_side"":""yes"",""ticker"":""KXETH15M-26APR280530-30"",""trade_id"":""6a5bfc7c-6cd0-56ab-49a6-33dc5cfbbafa"",""yes_price_dollars"":""0.4000""}"
KXETH15M-26APR280530-30,bc3b9842-0388-4bcb-8d4c-d284c67c58a8,1777367829,0.39,3.0,no,"{""count_fp"":""3.00"",""created_time"":""2026-04-28T09:17:09.263108Z"",""no_price_dollars"":""0.6100"",""taker_side"":""no"",""ticker"":""KXETH15M-26APR280530-30"",""trade_id"":""bc3b9842-0388-4bcb-8d4c-d284c67c58a8"",""yes_price_dollars"":""0.3900""}"
KXETH15M-26APR280530-30,15f043c8-12c9-6740-1c58-e37e4c733d85,1777367859,0.42,1.0,yes,"{""count_fp"":""1.00"",""created_time"":""2026-04-28T09:17:39.799208Z"",""no_price_dollars"":""0.5800"",""taker_side"":""yes"",""ticker"":""KXETH15M-26APR280530-30"",""trade_id"":""15f043c8-12c9-6740-1c58-e37e4c733d85"",""yes_price_dollars"":""0.4200""}"
KXETH15M-26APR280530-30,47c039dc-31bd-7b76-4cba-a17716dfd43b,1777367872,0.47,2.0,yes,"{""count_fp"":""2.00"",""created_time"":""2026-04-28T09:17:52.535525Z"",""no_price_dollars"":""0.5300"",""taker_side"":""yes"",""ticker"":""KXETH15M-26APR280530-30"",""trade_id"":""47c039dc-31bd-7b76-4cba-a17716dfd43b"",""yes_price_dollars"":""0.4700""}"
KXETH15M-26APR280530-30,42ea4afd-75b1-7f02-66f3-c39594e4c39f,1777367873,0.47,39.23,yes,"{""count_fp"":""39.23"",""created_time"":""2026-04-28T09:17:53.481745Z"",""no_price_dollars"":""0.5300"",""taker_side"":""yes"",""ticker"":""KXETH15M-26APR280530-30"",""trade_id"":""42ea4afd-75b1-7f02-66f3-c39594e4c39f"",""yes_price_dollars"":""0.4700""}"
KXETH15M-26APR280530-30,6546b711-389e-48ba-183f-3a3419e2d1f7,1777367873,0.42,3.26,no,"{""count_fp"":""3.26"",""created_time"":""2026-04-28T09:17:53.281452Z"",""no_price_dollars"":""0.5800"",""taker_side"":""no"",""ticker"":""KXETH15M-26APR280530-30"",""trade_id"":""6546b711-389e-48ba-183f-3a3419e2d1f7"",""yes_price_dollars"":""0.4200""}"
KXETH15M-26APR280530-30,e6fa1d35-a806-7519-6d8c-4de8ec896d2f,1777367880,0.46,7.0,yes,"{""count_fp"":""7.00"",""created_time"":""2026-04-28T09:18:00.536614Z"",""no_price_dollars"":""0.5400"",""taker_side"":""yes"",""ticker"":""KXETH15M-26APR280530-30"",""trade_id"":""e6fa1d35-a806-7519-6d8c-4de8ec896d2f"",""yes_price_dollars"":""0.4600""}"
KXETH15M-26APR280530-30,ecd0c73f-1f52-5fce-0c0d-a575d4e6fad3,1777367880,0.42,20.0,no,"{""count_fp"":""20.00"",""created_time"":""2026-04-28T09:18:00.080141Z"",""no_price_dollars"":""0.5800"",""taker_side"":""no"",""ticker"":""KXETH15M-26APR280530-30"",""trade_id"":""ecd0c73f-1f52-5fce-0c0d-a575d4e6fad3"",""yes_price_dollars"":""0.4200""}"
KXETH15M-26APR280530-30,c2116316-9183-5e9b-064e-2041687a65e0,1777367898,0.46,10.0,yes,"{""count_fp"":""10.00"",""created_time"":""2026-04-28T09:18:18.252652Z"",""no_price_dollars"":""0.5400"",""taker_side"":""yes"",""ticker"":""KXETH15M-26APR280530-30"",""trade_id"":""c2116316-9183-5e9b-064e-2041687a65e0"",""yes_price_dollars"":""0.4600""}"
KXETH15M-26APR280530-30,6d306a68-bb01-5d36-2191-44858385eecf,1777367898,0.46,0.47,yes,"{""count_fp"":""0.47"",""created_time"":""2026-04-28T09:18:18.252652Z"",""no_price_dollars"":""0.5400"",""taker_side"":""yes"",""ticker"":""KXETH15M-26APR280530-30"",""trade_id"":""6d306a68-bb01-5d36-2191-44858385eecf"",""yes_price_dollars"":""0.4600""}"
KXETH15M-26APR280530-30,1308bd20-9b3b-7045-1406-b7064042a66a,1777367899,0.4,3.2,yes,"{""count_fp"":""3.20"",""created_time"":""2026-04-28T09:18:19.515881Z"",""no_price_dollars"":""0.6000"",""taker_side"":""yes"",""ticker"":""KXETH15M-26APR280530-30"",""trade_id"":""1308bd20-9b3b-7045-1406-b7064042a66a"",""yes_price_dollars"":""0.4000""}"
KXETH15M-26APR280530-30,1b8c8e46-b976-6432-a0b0-1bc5875c34fb,1777367908,0.34,10.0,no,"{""count_fp"":""10.00"",""created_time"":""2026-04-28T09:18:28.206635Z"",""no_price_dollars"":""0.6600"",""taker_side"":""no"",""ticker"":""KXETH15M-26APR280530-30"",""trade_id"":""1b8c8e46-b976-6432-a0b0-1bc5875c34fb"",""yes_price_dollars"":""0.3400""}"
KXETH15M-26APR280530-30,4b8183e8-1240-4511-aa93-0884db706fab,1777367911,0.35,10.0,yes,"{""count_fp"":""10.00"",""created_time"":""2026-04-28T09:18:31.897574Z"",""no_price_dollars"":""0.6500"",""taker_side"":""yes"",""ticker"":""KXETH15M-26APR280530-30"",""trade_id"":""4b8183e8-1240-4511-aa93-0884db706fab"",""yes_price_dollars"":""0.3500""}"
KXETH15M-26APR280530-30,40945507-66f2-4897-90e5-7e98c9401606,1777367911,0.35,10.0,yes,"{""count_fp"":""10.00"",""created_time"":""2026-04-28T09:18:31.897574Z"",""no_price_dollars"":""0.6500"",""taker_side"":""yes"",""ticker"":""KXETH15M-26APR280530-30"",""trade_id"":""40945507-66f2-4897-90e5-7e98c9401606"",""yes_price_dollars"":""0.3500""}"
KXETH15M-26APR280530-30,853759ec-5adb-5722-255e-ba963bd790d0,1777367912,0.35,1.0,no,"{""count_fp"":""1.00"",""created_time"":""2026-04-28T09:18:32.961018Z"",""no_price_dollars"":""0.6500"",""taker_side"":""no"",""ticker"":""KXETH15M-26APR280530-30"",""trade_id"":""853759ec-5adb-5722-255e-ba963bd790d0"",""yes_price_dollars"":""0.3500""}"
KXETH15M-26APR280530-30,11b42467-e86c-67ad-159c-087d7c73bb55,1777367914,0.54,10.21,yes,"{""count_fp"":""10.21"",""created_time"":""2026-04-28T09:18:34.790928Z"",""no_price_dollars"":""0.4600"",""taker_side"":""yes"",""ticker"":""KXETH15M-26APR280530-30"",""trade_id"":""11b42467-e86c-67ad-159c-087d7c73bb55"",""yes_price_dollars"":""0.5400""}"
KXETH15M-26APR280530-30,17781bce-3ab3-5016-7585-63a0f0eb181f,1777367914,0.56,60.0,yes,"{""count_fp"":""60.00"",""created_time"":""2026-04-28T09:18:34.787047Z"",""no_price_dollars"":""0.4400"",""taker_side"":""yes"",""ticker"":""KXETH15M-26APR280530-30"",""trade_id"":""17781bce-3ab3-5016-7585-63a0f0eb181f"",""yes_price_dollars"":""0.5600""}"
KXETH15M-26APR280530-30,4d42af39-49a6-6cc5-27b1-b3010a1cd364,1777367914,0.55,320.0,yes,"{""count_fp"":""320.00"",""created_time"":""2026-04-28T09:18:34.745924Z"",""no_price_dollars"":""0.4500"",""taker_side"":""yes"",""ticker"":""KXETH15M-26APR280530-30"",""trade_id"":""4d42af39-49a6-6cc5-27b1-b3010a1cd364"",""yes_price_dollars"":""0.5500""}"
KXETH15M-26APR280530-30,4dda05dd-281f-6cef-b477-acbe7ff5b79b,1777367914,0.52,114.99,yes,"{""count_fp"":""114.99"",""created_time"":""2026-04-28T09:18:34.630141Z"",""no_price_dollars"":""0.4800"",""taker_side"":""yes"",""ticker"":""KXETH15M-26APR280530-30"",""trade_id"":""4dda05dd-281f-6cef-b477-acbe7ff5b79b"",""yes_price_dollars"":""0.5200""}"
KXETH15M-26APR280530-30,d9fb1e6a-282b-5d1d-5bc7-7626ee4de00e,1777367914,0.52,100.0,yes,"{""count_fp"":""100.00"",""created_time"":""2026-04-28T09:18:34.612079Z"",""no_price_dollars"":""0.4800"",""taker_side"":""yes"",""ticker"":""KXETH15M-26APR280530-30"",""trade_id"":""d9fb1e6a-282b-5d1d-5bc7-7626ee4de00e"",""yes_price_dollars"":""0.5200""}"
KXETH15M-26APR280530-30,3656985e-73dc-5d01-76a6-d98eeef5f6d5,1777367914,0.52,1.0,yes,"{""count_fp"":""1.00"",""created_time"":""2026-04-28T09:18:34.612079Z"",""no_price_dollars"":""0.4800"",""taker_side"":""yes"",""ticker"":""KXETH15M-26APR280530-30"",""trade_id"":""3656985e-73dc-5d01-76a6-d98eeef5f6d5"",""yes_price_dollars"":""0.5200""}"
KXETH15M-26APR280530-30,dcec7a03-2a01-635f-a69b-456d2a2e6866,1777367914,0.51,1.0,yes,"{""count_fp"":""1.00"",""created_time"":""2026-04-28T09:18:34.607545Z"",""no_price_dollars"":""0.4900"",""taker_side"":""yes"",""ticker"":""KXETH15M-26APR280530-30"",""trade_id"":""dcec7a03-2a01-635f-a69b-456d2a2e6866"",""yes_price_dollars"":""0.5100""}"
KXETH15M-26APR280530-30,da0ad2a8-af79-651e-8444-85115c5bd82b,1777367914,0.51,10.0,yes,"{""count_fp"":""10.00"",""created_time"":""2026-04-28T09:18:34.607545Z"",""no_price_dollars"":""0.4900"",""taker_side"":""yes"",""ticker"":""KXETH15M-26APR280530-30"",""trade_id"":""da0ad2a8-af79-651e-8444-85115c5bd82b"",""yes_price_dollars"":""0.5100""}"
KXETH15M-26APR280530-30,a0b5931f-d1fa-6d18-a1f7-46fac015375f,1777367914,0.5,4.0,yes,"{""count_fp"":""4.00"",""created_time"":""2026-04-28T09:18:34.607545Z"",""no_price_dollars"":""0.5000"",""taker_side"":""yes"",""ticker"":""KXETH15M-26APR280530-30"",""trade_id"":""a0b5931f-d1fa-6d18-a1f7-46fac015375f"",""yes_price_dollars"":""0.5000""}"
KXETH15M-26APR280530-30,4c43a57f-a561-6768-94ec-051e26044280,1777367914,0.5,1.0,yes,"{""count_fp"":""1.00"",""created_time"":""2026-04-28T09:18:34.607545Z"",""no_price_dollars"":""0.5000"",""taker_side"":""yes"",""ticker"":""KXETH15M-26APR280530-30"",""trade_id"":""4c43a57f-a561-6768-94ec-051e26044280"",""yes_price_dollars"":""0.5000""}"
KXETH15M-26APR280530-30,ffffdee2-dbfe-7801-6d4d-8c1c0fd33a3b,1777367914,0.44,60.0,yes,"{""count_fp"":""60.00"",""created_time"":""2026-04-28T09:18:34.539972Z"",""no_price_dollars"":""0.5600"",""taker_side"":""yes"",""ticker"":""KXETH15M-26APR280530-30"",""trade_id"":""ffffdee2-dbfe-7801-6d4d-8c1c0fd33a3b"",""yes_price_dollars"":""0.4400""}"
KXETH15M-26APR280530-30,8f6001c2-cb9c-70a1-7a13-ef31c58e7363,1777367914,0.44,50.0,yes,"{""count_fp"":""50.00"",""created_time"":""2026-04-28T09:18:34.539972Z"",""no_price_dollars"":""0.5600"",""taker_side"":""yes"",""ticker"":""KXETH15M-26APR280530-30"",""trade_id"":""8f6001c2-cb9c-70a1-7a13-ef31c58e7363"",""yes_price_dollars"":""0.4400""}"
KXETH15M-26APR280530-30,b3e053ae-ddc0-7519-0dc2-7f8901ce781c,1777367914,0.36,10.0,yes,"{""count_fp"":""10.00"",""created_time"":""2026-04-28T09:18:34.442229Z"",""no_price_dollars"":""0.6400"",""taker_side"":""yes"",""ticker"":""KXETH15M-26APR280530-30"",""trade_id"":""b3e053ae-ddc0-7519-0dc2-7f8901ce781c"",""yes_price_dollars"":""0.3600""}"
KXETH15M-26APR280530-30,b28edd5e-1345-7901-987f-fb41d917a2df,1777367915,0.52,10.76,no,"{""count_fp"":""10.76"",""created_time"":""2026-04-28T09:18:35.419724Z"",""no_price_dollars"":""0.4800"",""taker_side"":""no"",""ticker"":""KXETH15M-26APR280530-30"",""trade_id"":""b28edd5e-1345-7901-987f-fb41d917a2df"",""yes_price_dollars"":""0.5200""}"
KXETH15M-26APR280530-30,e976ca58-3312-7e71-6009-50259b1d7a8b,1777367915,0.5,10.0,no,"{""count_fp"":""10.00"",""created_time"":""2026-04-28T09:18:35.188049Z"",""no_price_dollars"":""0.5000"",""taker_side"":""no"",""ticker"":""KXETH15M-26APR280530-30"",""trade_id"":""e976ca58-3312-7e71-6009-50259b1d7a8b"",""yes_price_dollars"":""0.5000""}"
KXETH15M-26APR280530-30,b072a6e0-5049-7ab6-538e-5dee1c39a8d9,1777367915,0.5,5.0,no,"{""count_fp"":""5.00"",""created_time"":""2026-04-28T09:18:35.188049Z"",""no_price_dollars"":""0.5000"",""taker_side"":""no"",""ticker"":""KXETH15M-26APR280530-30"",""trade_id"":""b072a6e0-5049-7ab6-538e-5dee1c39a8d9"",""yes_price_dollars"":""0.5000""}"
KXETH15M-26APR280530-30,2ee7fdb9-04bd-7340-2214-2bdb40e684ba,1777367916,0.56,1.0,no,"{""count_fp"":""1.00"",""created_time"":""2026-04-28T09:18:36.411281Z"",""no_price_dollars"":""0.4400"",""taker_side"":""no"",""ticker"":""KXETH15M-26APR280530-30"",""trade_id"":""2ee7fdb9-04bd-7340-2214-2bdb40e684ba"",""yes_price_dollars"":""0.5600""}"
KXETH15M-26APR280530-30,9a2270ee-0883-5797-67ff-e7bfba7af649,1777367917,0.52,15.0,yes,"{""count_fp"":""15.00"",""created_time"":""2026-04-28T09:18:37.340594Z"",""no_price_dollars"":""0.4800"",""taker_side"":""yes"",""ticker"":""KXETH15M-26APR280530-30"",""trade_id"":""9a2270ee-0883-5797-67ff-e7bfba7af649"",""yes_price_dollars"":""0.5200""}"
KXETH15M-26APR280530-30,9da60f7b-59b3-64bb-04d9-6b3b9a1d04da,1777367917,0.45,4.0,no,"{""count_fp"":""4.00"",""created_time"":""2026-04-28T09:18:37.095771Z"",""no_price_dollars"":""0.5500"",""taker_side"":""no"",""ticker"":""KXETH15M-26APR280530-30"",""trade_id"":""9da60f7b-59b3-64bb-04d9-6b3b9a1d04da"",""yes_price_dollars"":""0.4500""}"
KXETH15M-26APR280530-30,8d437d25-8753-6424-241c-61a90c1d8ab9,1777367917,0.45,39.48,no,"{""count_fp"":""39.48"",""created_time"":""2026-04-28T09:18:37.095771Z"",""no_price_dollars"":""0.5500"",""taker_side"":""no"",""ticker"":""KXETH15M-26APR280530-30"",""trade_id"":""8d437d25-8753-6424-241c-61a90c1d8ab9"",""yes_price_dollars"":""0.4500""}"
KXETH15M-26APR280530-30,69b22d97-8349-68f3-32e5-8be4a5974574,1777367917,0.52,10.0,no,"{""count_fp"":""10.00"",""created_time"":""2026-04-28T09:18:37.095771Z"",""no_price_dollars"":""0.4800"",""taker_side"":""no"",""ticker"":""KXETH15M-26APR280530-30"",""trade_id"":""69b22d97-8349-68f3-32e5-8be4a5974574"",""yes_price_dollars"":""0.5200""}"
KXETH15M-26APR280530-30,31645f38-8251-61c2-25ea-77f4154f77ee,1777367917,0.47,60.0,no,"{""count_fp"":""60.00"",""created_time"":""2026-04-28T09:18:37.095771Z"",""no_price_dollars"":""0.5300"",""taker_side"":""no"",""ticker"":""KXETH15M-26APR280530-30"",""trade_id"":""31645f38-8251-61c2-25ea-77f4154f77ee"",""yes_price_dollars"":""0.4700""}"
KXETH15M-26APR280530-30,02ddf85d-f7f7-6347-02a1-fb70ab9304e6,1777367917,0.52,100.0,no,"{""count_fp"":""100.00"",""created_time"":""2026-04-28T09:18:37.095771Z"",""no_price_dollars"":""0.4800"",""taker_side"":""no"",""ticker"":""KXETH15M-26APR280530-30"",""trade_id"":""02ddf85d-f7f7-6347-02a1-fb70ab9304e6"",""yes_price_dollars"":""0.5200""}"
KXETH15M-26APR280530-30,88c057a0-165f-487b-66ff-ec2b2f7cfe12,1777367918,0.56,1.0,yes,"{""count_fp"":""1.00"",""created_time"":""2026-04-28T09:18:38.895123Z"",""no_price_dollars"":""0.4400"",""taker_side"":""yes"",""ticker"":""KXETH15M-26APR280530-30"",""trade_id"":""88c057a0-165f-487b-66ff-ec2b2f7cfe12"",""yes_price_dollars"":""0.5600""}"
KXETH15M-26APR280530-30,69710eb3-f813-5e4b-18b5-9461e5e1eba6,1777367922,0.56,10.0,yes,"{""count_fp"":""10.00"",""created_time"":""2026-04-28T09:18:42.162252Z"",""no_price_dollars"":""0.4400"",""taker_side"":""yes"",""ticker"":""KXETH15M-26APR280530-30"",""trade_id"":""69710eb3-f813-5e4b-18b5-9461e5e1eba6"",""yes_price_dollars"":""0.5600""}"
KXETH15M-26APR280530-30,3d8257df-1a38-4c22-a64a-73a207c7e41d,1777367923,0.58,19.0,no,"{""count_fp"":""19.00"",""created_time"":""2026-04-28T09:18:43.277924Z"",""no_price_dollars"":""0.4200"",""taker_side"":""no"",""ticker"":""KXETH15M-26APR280530-30"",""trade_id"":""3d8257df-1a38-4c22-a64a-73a207c7e41d"",""yes_price_dollars"":""0.5800""}"
KXETH15M-26APR280530-30,3b1de533-c6ec-4fe0-ba98-7b70b1362307,1777367932,0.58,39.02,no,"{""count_fp"":""39.02"",""created_time"":""2026-04-28T09:18:52.702788Z"",""no_price_dollars"":""0.4200"",""taker_side"":""no"",""ticker"":""KXETH15M-26APR280530-30"",""trade_id"":""3b1de533-c6ec-4fe0-ba98-7b70b1362307"",""yes_price_dollars"":""0.5800""}"
KXETH15M-26APR280530-30,0fc2c514-546a-4ee1-8f38-3fa3b7dfc060,1777367932,0.58,10.98,no,"{""count_fp"":""10.98"",""created_time"":""2026-04-28T09:18:52.702788Z"",""no_price_dollars"":""0.4200"",""taker_side"":""no"",""ticker"":""KXETH15M-26APR280530-30"",""trade_id"":""0fc2c514-546a-4ee1-8f38-3fa3b7dfc060"",""yes_price_dollars"":""0.5800""}"
KXETH15M-26APR280530-30,0dbaecde-2182-583e-13b0-e98fc58c2019,1777367934,0.6,12.0,yes,"{""count_fp"":""12.00"",""created_time"":""2026-04-28T09:18:54.705569Z"",""no_price_dollars"":""0.4000"",""taker_side"":""yes"",""ticker"":""KXETH15M-26APR280530-30"",""trade_id"":""0dbaecde-2182-583e-13b0-e98fc58c2019"",""yes_price_dollars"":""0.6000""}"
KXETH15M-26APR280530-30,4e87ef22-95c7-6121-4c42-9713f48619d1,1777367935,0.62,1.0,yes,"{""count_fp"":""1.00"",""created_time"":""2026-04-28T09:18:55.946858Z"",""no_price_dollars"":""0.3800"",""taker_side"":""yes"",""ticker"":""KXETH15M-26APR280530-30"",""trade_id"":""4e87ef22-95c7-6121-4c42-9713f48619d1"",""yes_price_dollars"":""0.6200""}"
KXETH15M-26APR280530-30,071993dd-186c-7bd5-c85e-8bf3aeef4c45,1777367935,0.6,7.76,no,"{""count_fp"":""7.76"",""created_time"":""2026-04-28T09:18:55.407519Z"",""no_price_dollars"":""0.4000"",""taker_side"":""no"",""ticker"":""KXETH15M-26APR280530-30"",""trade_id"":""071993dd-186c-7bd5-c85e-8bf3aeef4c45"",""yes_price_dollars"":""0.6000""}"
KXETH15M-26APR280530-30,ce8cc4da-8dee-5552-a688-f928e06c577a,1777367937,0.61,8.1,yes,"{""count_fp"":""8.10"",""created_time"":""2026-04-28T09:18:57.720208Z"",""no_price_dollars"":""0.3900"",""taker_side"":""yes"",""ticker"":""KXETH15M-26APR280530-30"",""trade_id"":""ce8cc4da-8dee-5552-a688-f928e06c577a"",""yes_price_dollars"":""0.6100""}"
KXETH15M-26APR280530-30,952328e6-682f-5027-ad1a-a59cef27661c,1777367937,0.62,374.67,yes,"{""count_fp"":""374.67"",""created_time"":""2026-04-28T09:18:57.720208Z"",""no_price_dollars"":""0.3800"",""taker_side"":""yes"",""ticker"":""KXETH15M-26APR280530-30"",""trade_id"":""952328e6-682f-5027-ad1a-a59cef27661c"",""yes_price_dollars"":""0.6200""}"
KXETH15M-26APR280530-30,3ce312f0-3013-5151-b957-81e296758441,1777367937,0.61,10.0,yes,"{""count_fp"":""10.00"",""created_time"":""2026-04-28T09:18:57.720208Z"",""no_price_dollars"":""0.3900"",""taker_side"":""yes"",""ticker"":""KXETH15M-26APR280530-30"",""trade_id"":""3ce312f0-3013-5151-b957-81e296758441"",""yes_price_dollars"":""0.6100""}"
KXETH15M-26APR280530-30,aa5b1610-7ecf-5d7f-1795-8fac0d0a52bc,1777367938,0.62,1.0,yes,"{""count_fp"":""1.00"",""created_time"":""2026-04-28T09:18:58.576356Z"",""no_price_dollars"":""0.3800"",""taker_side"":""yes"",""ticker"":""KXETH15M-26APR280530-30"",""trade_id"":""aa5b1610-7ecf-5d7f-1795-8fac0d0a52bc"",""yes_price_dollars"":""0.6200""}"
KXETH15M-26APR280530-30,0219d91e-29ac-67c5-f996-92387f366b61,1777367942,0.6,0.24,no,"{""count_fp"":""0.24"",""created_time"":""2026-04-28T09:19:02.787779Z"",""no_price_dollars"":""0.4000"",""taker_side"":""no"",""ticker"":""KXETH15M-26APR280530-30"",""trade_id"":""0219d91e-29ac-67c5-f996-92387f366b61"",""yes_price_dollars"":""0.6000""}"
KXETH15M-26APR280530-30,4941d8c8-8a88-5411-9cd0-57318d2148f9,1777367942,0.6,20.0,no,"{""count_fp"":""20.00"",""created_time"":""2026-04-28T09:19:02.785701Z"",""no_price_dollars"":""0.4000"",""taker_side"":""no"",""ticker"":""KXETH15M-26APR280530-30"",""trade_id"":""4941d8c8-8a88-5411-9cd0-57318d2148f9"",""yes_price_dollars"":""0.6000""}"
KXETH15M-26APR280530-30,b72971cc-e5a4-5c23-96f4-39f786ba93be,1777367945,0.56,10.0,no,"{""count_fp"":""10.00"",""created_time"":""2026-04-28T09:19:05.596856Z"",""no_price_dollars"":""0.4400"",""taker_side"":""no"",""ticker"":""KXETH15M-26APR280530-30"",""trade_id"":""b72971cc-e5a4-5c23-96f4-39f786ba93be"",""yes_price_dollars"":""0.5600""}"
KXETH15M-26APR280530-30,6cfe86bd-1914-568f-92c2-13653513dd90,1777367945,0.56,10.0,no,"{""count_fp"":""10.00"",""created_time"":""2026-04-28T09:19:05.596856Z"",""no_price_dollars"":""0.4400"",""taker_side"":""no"",""ticker"":""KXETH15M-26APR280530-30"",""trade_id"":""6cfe86bd-1914-568f-92c2-13653513dd90"",""yes_price_dollars"":""0.5600""}"
KXETH15M-26APR280530-30,f5ff72cf-04a6-4d22-57a1-08624774becd,1777367945,0.57,25.0,no,"{""count_fp"":""25.00"",""created_time"":""2026-04-28T09:19:05.522876Z"",""no_price_dollars"":""0.4300"",""taker_side"":""no"",""ticker"":""KXETH15M-26APR280530-30"",""trade_id"":""f5ff72cf-04a6-4d22-57a1-08624774becd"",""yes_price_dollars"":""0.5700""}"
KXETH15M-26APR280530-30,756dbdad-fdf6-7b07-ac65-5afef6f8775e,1777367948,0.54,2.0,no,"{""count_fp"":""2.00"",""created_time"":""2026-04-28T09:19:08.516364Z"",""no_price_dollars"":""0.4600"",""taker_side"":""no"",""ticker"":""KXETH15M-26APR280530-30"",""trade_id"":""756dbdad-fdf6-7b07-ac65-5afef6f8775e"",""yes_price_dollars"":""0.5400""}"
KXETH15M-26APR280530-30,00419cdd-2d06-755c-8109-ec96a7a3dd60,1777367948,0.49,0.07,no,"{""count_fp"":""0.07"",""created_time"":""2026-04-28T09:19:08.516364Z"",""no_price_dollars"":""0.5100"",""taker_side"":""no"",""ticker"":""KXETH15M-26APR280530-30"",""trade_id"":""00419cdd-2d06-755c-8109-ec96a7a3dd60"",""yes_price_dollars"":""0.4900""}"
KXETH15M-26APR280530-30,adf61443-6234-5103-b193-ec889640859f,1777367958,0.5,1.0,no,"{""count_fp"":""1.00"",""created_time"":""2026-04-28T09:19:18.141261Z"",""no_price_dollars"":""0.5000"",""taker_side"":""no"",""ticker"":""KXETH15M-26APR280530-30"",""trade_id"":""adf61443-6234-5103-b193-ec889640859f"",""yes_price_dollars"":""0.5000""}"
KXETH15M-26APR280530-30,e8d0c253-e148-4cb9-aabe-c4fc631e5661,1777367959,0.54,10.0,yes,"{""count_fp"":""10.00"",""created_time"":""2026-04-28T09:19:19.641376Z"",""no_price_dollars"":""0.4600"",""taker_side"":""yes"",""ticker"":""KXETH15M-26APR280530-30"",""trade_id"":""e8d0c253-e148-4cb9-aabe-c4fc631e5661"",""yes_price_dollars"":""0.5400""}"
KXETH15M-26APR280530-30,a7392bcc-6348-50f5-12ff-6756f9ab68e1,1777367963,0.53,14.0,no,"{""count_fp"":""14.00"",""created_time"":""2026-04-28T09:19:23.932653Z"",""no_price_dollars"":""0.4700"",""taker_side"":""no"",""ticker"":""KXETH15M-26APR280530-30"",""trade_id"":""a7392bcc-6348-50f5-12ff-6756f9ab68e1"",""yes_price_dollars"":""0.5300""}"
KXETH15M-26APR280530-30,08626738-f475-5d32-0057-d89f0505f67d,1777367963,0.53,14.0,no,"{""count_fp"":""14.00"",""created_time"":""2026-04-28T09:19:23.932653Z"",""no_price_dollars"":""0.4700"",""taker_side"":""no"",""ticker"":""KXETH15M-26APR280530-30"",""trade_id"":""08626738-f475-5d32-0057-d89f0505f67d"",""yes_price_dollars"":""0.5300""}"
KXETH15M-26APR280530-30,af5a6d8a-0ec3-4a47-0e8a-d1d606c2675c,1777367965,0.54,194.63,yes,"{""count_fp"":""194.63"",""created_time"":""2026-04-28T09:19:25.552741Z"",""no_price_dollars"":""0.4600"",""taker_side"":""yes"",""ticker"":""KXETH15M-26APR280530-30"",""trade_id"":""af5a6d8a-0ec3-4a47-0e8a-d1d606c2675c"",""yes_price_dollars"":""0.5400""}"
KXETH15M-26APR280530-30,0a079427-42a8-4461-38ff-9daea395980a,1777367965,0.54,10.0,yes,"{""count_fp"":""10.00"",""created_time"":""2026-04-28T09:19:25.552741Z"",""no_price_dollars"":""0.4600"",""taker_side"":""yes"",""ticker"":""KXETH15M-26APR280530-30"",""trade_id"":""0a079427-42a8-4461-38ff-9daea395980a"",""yes_price_dollars"":""0.5400""}"
KXETH15M-26APR280530-30,20ccee39-9124-6436-999c-c25db93ff67f,1777367966,0.53,1.82,yes,"{""count_fp"":""1.82"",""created_time"":""2026-04-28T09:19:26.489617Z"",""no_price_dollars"":""0.4700"",""taker_side"":""yes"",""ticker"":""KXETH15M-26APR280530-30"",""trade_id"":""20ccee39-9124-6436-999c-c25db93ff67f"",""yes_price_dollars"":""0.5300""}"
KXETH15M-26APR280530-30,e188068b-303f-6096-3228-de5e6e159fd7,1777367982,0.58,10.0,yes,"{""count_fp"":""10.00"",""created_time"":""2026-04-28T09:19:42.918452Z"",""no_price_dollars"":""0.4200"",""taker_side"":""yes"",""ticker"":""KXETH15M-26APR280530-30"",""trade_id"":""e188068b-303f-6096-3228-de5e6e159fd7"",""yes_price_dollars"":""0.5800""}"
KXETH15M-26APR280530-30,7da3b4ff-25a4-68c0-1124-aacba16ec377,1777367982,0.58,10.0,yes,"{""count_fp"":""10.00"",""created_time"":""2026-04-28T09:19:42.918452Z"",""no_price_dollars"":""0.4200"",""taker_side"":""yes"",""ticker"":""KXETH15M-26APR280530-30"",""trade_id"":""7da3b4ff-25a4-68c0-1124-aacba16ec377"",""yes_price_dollars"":""0.5800""}"
KXETH15M-26APR280530-30,d29aef10-f998-52ce-47b1-7ed6c31c10ed,1777367982,0.54,6.0,no,"{""count_fp"":""6.00"",""created_time"":""2026-04-28T09:19:42.584276Z"",""no_price_dollars"":""0.4600"",""taker_side"":""no"",""ticker"":""KXETH15M-26APR280530-30"",""trade_id"":""d29aef10-f998-52ce-47b1-7ed6c31c10ed"",""yes_price_dollars"":""0.5400""}"
KXETH15M-26APR280530-30,a7508875-ba79-75cf-27ed-1ede531f9e0c,1777367986,0.65,1.0,yes,"{""count_fp"":""1.00"",""created_time"":""2026-04-28T09:19:46.598955Z"",""no_price_dollars"":""0.3500"",""taker_side"":""yes"",""ticker"":""KXETH15M-26APR280530-30"",""trade_id"":""a7508875-ba79-75cf-27ed-1ede531f9e0c"",""yes_price_dollars"":""0.6500""}"
KXETH15M-26APR280530-30,9b651144-dabf-432f-9ae9-74b2469709ac,1777367989,0.7,1.0,yes,"{""count_fp"":""1.00"",""created_time"":""2026-04-28T09:19:49.457035Z"",""no_price_dollars"":""0.3000"",""taker_side"":""yes"",""ticker"":""KXETH15M-26APR280530-30"",""trade_id"":""9b651144-dabf-432f-9ae9-74b2469709ac"",""yes_price_dollars"":""0.7000""}"
KXETH15M-26APR280530-30,b7b47455-2a78-4e90-fb26-5b07d92c6d31,1777367989,0.68,60.0,yes,"{""count_fp"":""60.00"",""created_time"":""2026-04-28T09:19:49.365037Z"",""no_price_dollars"":""0.3200"",""taker_side"":""yes"",""ticker"":""KXETH15M-26APR280530-30"",""trade_id"":""b7b47455-2a78-4e90-fb26-5b07d92c6d31"",""yes_price_dollars"":""0.6800""}"
KXETH15M-26APR280530-30,70b41a37-8f74-4348-feb6-da912efb116e,1777367989,0.68,50.0,yes,"{""count_fp"":""50.00"",""created_time"":""2026-04-28T09:19:49.365037Z"",""no_price_dollars"":""0.3200"",""taker_side"":""yes"",""ticker"":""KXETH15M-26APR280530-30"",""trade_id"":""70b41a37-8f74-4348-feb6-da912efb116e"",""yes_price_dollars"":""0.6800""}"
KXETH15M-26APR280530-30,f2e05df9-b2a4-43c9-b4f1-570a0393669e,1777367989,0.67,167.0,yes,"{""count_fp"":""167.00"",""created_time"":""2026-04-28T09:19:49.354832Z"",""no_price_dollars"":""0.3300"",""taker_side"":""yes"",""ticker"":""KXETH15M-26APR280530-30"",""trade_id"":""f2e05df9-b2a4-43c9-b4f1-570a0393669e"",""yes_price_dollars"":""0.6700""}"
KXETH15M-26APR280530-30,0c428e69-df49-594b-a60d-4e462a2d4574,1777367989,0.65,10.0,yes,"{""count_fp"":""10.00"",""created_time"":""2026-04-28T09:19:49.332242Z"",""no_price_dollars"":""0.3500"",""taker_side"":""yes"",""ticker"":""KXETH15M-26APR280530-30"",""trade_id"":""0c428e69-df49-594b-a60d-4e462a2d4574"",""yes_price_dollars"":""0.6500""}"
KXETH15M-26APR280530-30,e17a91d6-4802-402c-0f8e-4f6961583c71,1777367989,0.64,2.0,yes,"{""count_fp"":""2.00"",""created_time"":""2026-04-28T09:19:49.191482Z"",""no_price_dollars"":""0.3600"",""taker_side"":""yes"",""ticker"":""KXETH15M-26APR280530-30"",""trade_id"":""e17a91d6-4802-402c-0f8e-4f6961583c71"",""yes_price_dollars"":""0.6400""}"
KXETH15M-26APR280530-30,62139c21-cb58-5856-cfa8-6bd88c9e43c1,1777367990,0.69,2.0,no,"{""count_fp"":""2.00"",""created_time"":""2026-04-28T09:19:50.528154Z"",""no_price_dollars"":""0.3100"",""taker_side"":""no"",""ticker"":""KXETH15M-26APR280530-30"",""trade_id"":""62139c21-cb58-5856-cfa8-6bd88c9e43c1"",""yes_price_dollars"":""0.6900""}"
KXETH15M-26APR280530-30,63e23698-8714-70a6-5f11-9050f9fd4731,1777367990,0.69,1.0,no,"{""count_fp"":""1.00"",""created_time"":""2026-04-28T09:19:50.356192Z"",""no_price_dollars"":""0.3100"",""taker_side"":""no"",""ticker"":""KXETH15M-26APR280530-30"",""trade_id"":""63e23698-8714-70a6-5f11-9050f9fd4731"",""yes_price_dollars"":""0.6900""}"
KXETH15M-26APR280530-30,9d5f6808-3a7d-6db9-19dd-2128379a2cbb,1777367991,0.7,1.0,yes,"{""count_fp"":""1.00"",""created_time"":""2026-04-28T09:19:51.729819Z"",""no_price_dollars"":""0.3000"",""taker_side"":""yes"",""ticker"":""KXETH15M-26APR280530-30"",""trade_id"":""9d5f6808-3a7d-6db9-19dd-2128379a2cbb"",""yes_price_dollars"":""0.7000""}"
KXETH15M-26APR280530-30,4b95a59e-feec-6646-2171-9be1ff5c855b,1777367991,0.73,100.0,yes,"{""count_fp"":""100.00"",""created_time"":""2026-04-28T09:19:51.729819Z"",""no_price_dollars"":""0.2700"",""taker_side"":""yes"",""ticker"":""KXETH15M-26APR280530-30"",""trade_id"":""4b95a59e-feec-6646-2171-9be1ff5c855b"",""yes_price_dollars"":""0.7300""}"
KXETH15M-26APR280530-30,7f1772e3-bd3d-6fb5-da23-62411a9511f1,1777367995,0.71,1.38,no,"{""count_fp"":""1.38"",""created_time"":""2026-04-28T09:19:55.769383Z"",""no_price_dollars"":""0.2900"",""taker_side"":""no"",""ticker"":""KXETH15M-26APR280530-30"",""trade_id"":""7f1772e3-bd3d-6fb5-da23-62411a9511f1"",""yes_price_dollars"":""0.7100""}"
KXETH15M-26APR280530-30,41410b95-2576-676b-f1a6-41a8575a5131,1777367995,0.71,10.0,no,"{""count_fp"":""10.00"",""created_time"":""2026-04-28T09:19:55.769383Z"",""no_price_dollars"":""0.2900"",""taker_side"":""no"",""ticker"":""KXETH15M-26APR280530-30"",""trade_id"":""41410b95-2576-676b-f1a6-41a8575a5131"",""yes_price_dollars"":""0.7100""}"
KXETH15M-26APR280530-30,da765ebe-c46e-6098-f2d4-aca70e848128,1777368001,0.7,10.0,no,"{""count_fp"":""10.00"",""created_time"":""2026-04-28T09:20:01.485891Z"",""no_price_dollars"":""0.3000"",""taker_side"":""no"",""ticker"":""KXETH15M-26APR280530-30"",""trade_id"":""da765ebe-c46e-6098-f2d4-aca70e848128"",""yes_price_dollars"":""0.7000""}"
KXETH15M-26APR280530-30,cb33b756-9069-6697-e155-896a8fc2505d,1777368001,0.7,157.0,no,"{""count_fp"":""157.00"",""created_time"":""2026-04-28T09:20:01.485891Z"",""no_price_dollars"":""0.3000"",""taker_side"":""no"",""ticker"":""KXETH15M-26APR280530-30"",""trade_id"":""cb33b756-9069-6697-e155-896a8fc2505d"",""yes_price_dollars"":""0.7000""}"
KXETH15M-26APR280530-30,bae0c514-b889-6d27-eb22-90c457649af7,1777368001,0.71,10.0,no,"{""count_fp"":""10.00"",""created_time"":""2026-04-28T09:20:01.485891Z"",""no_price_dollars"":""0.2900"",""taker_side"":""no"",""ticker"":""KXETH15M-26APR280530-30"",""trade_id"":""bae0c514-b889-6d27-eb22-90c457649af7"",""yes_price_dollars"":""0.7100""}"
KXETH15M-26APR280530-30,93441d11-f0f9-6235-f8b7-a3b780b98e61,1777368001,0.71,10.54,no,"{""count_fp"":""10.54"",""created_time"":""2026-04-28T09:20:01.485891Z"",""no_price_dollars"":""0.2900"",""taker_side"":""no"",""ticker"":""KXETH15M-26APR280530-30"",""trade_id"":""93441d11-f0f9-6235-f8b7-a3b780b98e61"",""yes_price_dollars"":""0.7100""}"
KXETH15M-26APR280530-30,c97046e7-024b-4274-0613-1aa559278d70,1777368001,0.75,2.0,yes,"{""count_fp"":""2.00"",""created_time"":""2026-04-28T09:20:01.464808Z"",""no_price_dollars"":""0.2500"",""taker_side"":""yes"",""ticker"":""KXETH15M-26APR280530-30"",""trade_id"":""c97046e7-024b-4274-0613-1aa559278d70"",""yes_price_dollars"":""0.7500""}"
KXETH15M-26APR280530-30,dfd7da23-1340-4e18-8bf3-a69978e89798,1777368010,0.72,5.0,yes,"{""count_fp"":""5.00"",""created_time"":""2026-04-28T09:20:10.396628Z"",""no_price_dollars"":""0.2800"",""taker_side"":""yes"",""ticker"":""KXETH15M-26APR280530-30"",""trade_id"":""dfd7da23-1340-4e18-8bf3-a69978e89798"",""yes_price_dollars"":""0.7200""}"
KXETH15M-26APR280530-30,bd5133af-258b-494f-ac75-bdc61323811e,1777368010,0.72,10.0,yes,"{""count_fp"":""10.00"",""created_time"":""2026-04-28T09:20:10.396628Z"",""no_price_dollars"":""0.2800"",""taker_side"":""yes"",""ticker"":""KXETH15M-26APR280530-30"",""trade_id"":""bd5133af-258b-494f-ac75-bdc61323811e"",""yes_price_dollars"":""0.7200""}"
KXETH15M-26APR280530-30,1f70dc9e-b5d2-427f-9698-5a56c98f7999,1777368010,0.72,10.0,yes,"{""count_fp"":""10.00"",""created_time"":""2026-04-28T09:20:10.396628Z"",""no_price_dollars"":""0.2800"",""taker_side"":""yes"",""ticker"":""KXETH15M-26APR280530-30"",""trade_id"":""1f70dc9e-b5d2-427f-9698-5a56c98f7999"",""yes_price_dollars"":""0.7200""}"
KXETH15M-26APR280530-30,fd6388ed-6ec3-58db-f3be-6cdc39271e0a,1777368015,0.68,2.99,no,"{""count_fp"":""2.99"",""created_time"":""2026-04-28T09:20:15.777333Z"",""no_price_dollars"":""0.3200"",""taker_side"":""no"",""ticker"":""KXETH15M-26APR280530-30"",""trade_id"":""fd6388ed-6ec3-58db-f3be-6cdc39271e0a"",""yes_price_dollars"":""0.6800""}"
KXETH15M-26APR280530-30,e4fec39d-c4ac-5221-afb9-c139fcd8bf2a,1777368015,0.69,1.0,no,"{""count_fp"":""1.00"",""created_time"":""2026-04-28T09:20:15.702149Z"",""no_price_dollars"":""0.3100"",""taker_side"":""no"",""ticker"":""KXETH15M-26APR280530-30"",""trade_id"":""e4fec39d-c4ac-5221-afb9-c139fcd8bf2a"",""yes_price_dollars"":""0.6900""}"
KXETH15M-26APR280530-30,26617fb5-d2ea-5aaa-8c13-25cffac78b82,1777368015,0.68,10.0,no,"{""count_fp"":""10.00"",""created_time"":""2026-04-28T09:20:15.702149Z"",""no_price_dollars"":""0.3200"",""taker_side"":""no"",""ticker"":""KXETH15M-26APR280530-30"",""trade_id"":""26617fb5-d2ea-5aaa-8c13-25cffac78b82"",""yes_price_dollars"":""0.6800""}"
KXETH15M-26APR280530-30,223d29ff-8cae-58f4-a2ea-d4d3d5d02048,1777368015,0.67,3.79,no,"{""count_fp"":""3.79"",""created_time"":""2026-04-28T09:20:15.702149Z"",""no_price_dollars"":""0.3300"",""taker_side"":""no"",""ticker"":""KXETH15M-26APR280530-30"",""trade_id"":""223d29ff-8cae-58f4-a2ea-d4d3d5d02048"",""yes_price_dollars"":""0.6700""}"
KXETH15M-26APR280530-30,e63e059b-79ac-4aad-5067-e0cceba02baa,1777368016,0.67,7.0,no,"{""count_fp"":""7.00"",""created_time"":""2026-04-28T09:20:16.544856Z"",""no_price_dollars"":""0.3300"",""taker_side"":""no"",""ticker"":""KXETH15M-26APR280530-30"",""trade_id"":""e63e059b-79ac-4aad-5067-e0cceba02baa"",""yes_price_dollars"":""0.6700""}"
KXETH15M-26APR280530-30,d07d9bd7-37ee-557d-aae3-a962d216724f,1777368018,0.67,1.0,yes,"{""count_fp"":""1.00"",""created_time"":""2026-04-28T09:20:18.883107Z"",""no_price_dollars"":""0.3300"",""taker_side"":""yes"",""ticker"":""KXETH15M-26APR280530-30"",""trade_id"":""d07d9bd7-37ee-557d-aae3-a962d216724f"",""yes_price_dollars"":""0.6700""}"
KXETH15M-26APR280530-30,c15dd537-5ea5-5e81-dcfb-fdfcbc5ea70a,1777368028,0.64,10.0,yes,"{""count_fp"":""10.00"",""created_time"":""2026-04-28T09:20:28.562734Z"",""no_price_dollars"":""0.3600"",""taker_side"":""yes"",""ticker"":""KXETH15M-26APR280530-30"",""trade_id"":""c15dd537-5ea5-5e81-dcfb-fdfcbc5ea70a"",""yes_price_dollars"":""0.6400""}"
KXETH15M-26APR280530-30,07b2ab20-b943-4b07-1d8e-76ad9f0dd8fe,1777368040,0.55,1.09,no,"{""count_fp"":""1.09"",""created_time"":""2026-04-28T09:20:40.075066Z"",""no_price_dollars"":""0.4500"",""taker_side"":""no"",""ticker"":""KXETH15M-26APR280530-30"",""trade_id"":""07b2ab20-b943-4b07-1d8e-76ad9f0dd8fe"",""yes_price_dollars"":""0.5500""}"
KXETH15M-26APR280530-30,8083e155-b116-5b32-4a1d-75761a9c7f27,1777368050,0.59,10.0,yes,"{""count_fp"":""10.00"",""created_time"":""2026-04-28T09:20:50.026735Z"",""no_price_dollars"":""0.4100"",""taker_side"":""yes"",""ticker"":""KXETH15M-26APR280530-30"",""trade_id"":""8083e155-b116-5b32-4a1d-75761a9c7f27"",""yes_price_dollars"":""0.5900""}"
KXETH15M-26APR280530-30,0ddf5587-652a-74ca-beb4-b1120e7b5804,1777368053,0.54,1.0,no,"{""count_fp"":""1.00"",""created_time"":""2026-04-28T09:20:53.396993Z"",""no_price_dollars"":""0.4600"",""taker_side"":""no"",""ticker"":""KXETH15M-26APR280530-30"",""trade_id"":""0ddf5587-652a-74ca-beb4-b1120e7b5804"",""yes_price_dollars"":""0.5400""}"
KXETH15M-26APR280530-30,b4c5e47b-bb8b-6d57-8db3-b7e36987f92c,1777368058,0.57,10.0,yes,"{""count_fp"":""10.00"",""created_time"":""2026-04-28T09:20:58.378216Z"",""no_price_dollars"":""0.4300"",""taker_side"":""yes"",""ticker"":""KXETH15M-26APR280530-30"",""trade_id"":""b4c5e47b-bb8b-6d57-8db3-b7e36987f92c"",""yes_price_dollars"":""0.5700""}"
KXETH15M-26APR280530-30,f266edc8-b41f-56aa-25db-688e5bb3cea6,1777368060,0.53,10.0,no,"{""count_fp"":""10.00"",""created_time"":""2026-04-28T09:21:00.082739Z"",""no_price_dollars"":""0.4700"",""taker_side"":""no"",""ticker"":""KXETH15M-26APR280530-30"",""trade_id"":""f266edc8-b41f-56aa-25db-688e5bb3cea6"",""yes_price_dollars"":""0.5300""}"
KXETH15M-26APR280530-30,56c135da-723f-5323-1a04-af58455cdae9,1777368060,0.52,0.64,no,"{""count_fp"":""0.64"",""created_time"":""2026-04-28T09:21:00.082739Z"",""no_price_dollars"":""0.4800"",""taker_side"":""no"",""ticker"":""KXETH15M-26APR280530-30"",""trade_id"":""56c135da-723f-5323-1a04-af58455cdae9"",""yes_price_dollars"":""0.5200""}"
KXETH15M-26APR280530-30,34f63668-3884-522d-19dd-78811ecb45d7,1777368060,0.52,30.0,no,"{""count_fp"":""30.00"",""created_time"":""2026-04-28T09:21:00.082739Z"",""no_price_dollars"":""0.4800"",""taker_side"":""no"",""ticker"":""KXETH15M-26APR280530-30"",""trade_id"":""34f63668-3884-522d-19dd-78811ecb45d7"",""yes_price_dollars"":""0.5200""}"
KXETH15M-26APR280530-30,1ad062b3-b1f1-5fb8-3c82-f76850e1cb52,1777368060,0.53,10.0,no,"{""count_fp"":""10.00"",""created_time"":""2026-04-28T09:21:00.082739Z"",""no_price_dollars"":""0.4700"",""taker_side"":""no"",""ticker"":""KXETH15M-26APR280530-30"",""trade_id"":""1ad062b3-b1f1-5fb8-3c82-f76850e1cb52"",""yes_price_dollars"":""0.5300""}"
KXETH15M-26APR280530-30,3da787d3-d037-62d8-a029-2b5d8940c6be,1777368069,0.51,39.4,no,"{""count_fp"":""39.40"",""created_time"":""2026-04-28T09:21:09.102816Z"",""no_price_dollars"":""0.4900"",""taker_side"":""no"",""ticker"":""KXETH15M-26APR280530-30"",""trade_id"":""3da787d3-d037-62d8-a029-2b5d8940c6be"",""yes_price_dollars"":""0.5100""}"
KXETH15M-26APR280530-30,f3ab18ae-37bb-546c-c171-8e2f02cd276e,1777368076,0.51,19.7,no,"{""count_fp"":""19.70"",""created_time"":""2026-04-28T09:21:16.894417Z"",""no_price_dollars"":""0.4900"",""taker_side"":""no"",""ticker"":""KXETH15M-26APR280530-30"",""trade_id"":""f3ab18ae-37bb-546c-c171-8e2f02cd276e"",""yes_price_dollars"":""0.5100""}"
KXETH15M-26APR280530-30,b0afd7a0-9c47-4fdc-1420-a4134c062daa,1777368076,0.51,41.0,no,"{""count_fp"":""41.00"",""created_time"":""2026-04-28T09:21:16.113376Z"",""no_price_dollars"":""0.4900"",""taker_side"":""no"",""ticker"":""KXETH15M-26APR280530-30"",""trade_id"":""b0afd7a0-9c47-4fdc-1420-a4134c062daa"",""yes_price_dollars"":""0.5100""}"
KXETH15M-26APR280530-30,7c785a09-0bd4-43a1-2f84-18efa25a4d9b,1777368076,0.51,10.0,no,"{""count_fp"":""10.00"",""created_time"":""2026-04-28T09:21:16.113376Z"",""no_price_dollars"":""0.4900"",""taker_side"":""no"",""ticker"":""KXETH15M-26APR280530-30"",""trade_id"":""7c785a09-0bd4-43a1-2f84-18efa25a4d9b"",""yes_price_dollars"":""0.5100""}"
KXETH15M-26APR280530-30,f045274a-d519-5570-ec1f-138443ada3ae,1777368080,0.57,6.69,yes,"{""count_fp"":""6.69"",""created_time"":""2026-04-28T09:21:20.131019Z"",""no_price_dollars"":""0.4300"",""taker_side"":""yes"",""ticker"":""KXETH15M-26APR280530-30"",""trade_id"":""f045274a-d519-5570-ec1f-138443ada3ae"",""yes_price_dollars"":""0.5700""}"
KXETH15M-26APR280530-30,722e98fe-fec0-57de-e9ec-3627a1b969a8,1777368080,0.54,10.0,yes,"{""count_fp"":""10.00"",""created_time"":""2026-04-28T09:21:20.131019Z"",""no_price_dollars"":""0.4600"",""taker_side"":""yes"",""ticker"":""KXETH15M-26APR280530-30"",""trade_id"":""722e98fe-fec0-57de-e9ec-3627a1b969a8"",""yes_price_dollars"":""0.5400""}"
KXETH15M-26APR280530-30,69a7404a-ce92-5311-ddba-43d260edd26b,1777368080,0.55,10.0,yes,"{""count_fp"":""10.00"",""created_time"":""2026-04-28T09:21:20.131019Z"",""no_price_dollars"":""0.4500"",""taker_side"":""yes"",""ticker"":""KXETH15M-26APR280530-30"",""trade_id"":""69a7404a-ce92-5311-ddba-43d260edd26b"",""yes_price_dollars"":""0.5500""}"
KXETH15M-26APR280530-30,1e4b7266-21de-512e-e6ac-d8d8393d7d97,1777368080,0.52,50.0,yes,"{""count_fp"":""50.00"",""created_time"":""2026-04-28T09:21:20.131019Z"",""no_price_dollars"":""0.4800"",""taker_side"":""yes"",""ticker"":""KXETH15M-26APR280530-30"",""trade_id"":""1e4b7266-21de-512e-e6ac-d8d8393d7d97"",""yes_price_dollars"":""0.5200""}"
KXETH15M-26APR280530-30,11e4652b-3fa3-5e22-f55d-36dd3be904bf,1777368080,0.56,9.31,yes,"{""count_fp"":""9.31"",""created_time"":""2026-04-28T09:21:20.131019Z"",""no_price_dollars"":""0.4400"",""taker_side"":""yes"",""ticker"":""KXETH15M-26APR280530-30"",""trade_id"":""11e4652b-3fa3-5e22-f55d-36dd3be904bf"",""yes_price_dollars"":""0.5600""}"
KXETH15M-26APR280530-30,0d873fdb-3e04-6aec-6093-96fdc331dd50,1777368081,0.52,65.0,no,"{""count_fp"":""65.00"",""created_time"":""2026-04-28T09:21:21.361298Z"",""no_price_dollars"":""0.4800"",""taker_side"":""no"",""ticker"":""KXETH15M-26APR280530-30"",""trade_id"":""0d873fdb-3e04-6aec-6093-96fdc331dd50"",""yes_price_dollars"":""0.5200""}"
KXETH15M-26APR280530-30,769eb429-4f35-619c-7b59-7f7938be79ac,1777368090,0.56,10.0,yes,"{""count_fp"":""10.00"",""created_time"":""2026-04-28T09:21:30.912831Z"",""no_price_dollars"":""0.4400"",""taker_side"":""yes"",""ticker"":""KXETH15M-26APR280530-30"",""trade_id"":""769eb429-4f35-619c-7b59-7f7938be79ac"",""yes_price_dollars"":""0.5600""}"
KXETH15M-26APR280530-30,99bdd127-9877-6e36-c888-6368d415a5ea,1777368093,0.61,10.0,yes,"{""count_fp"":""10.00"",""created_time"":""2026-04-28T09:21:33.559414Z"",""no_price_dollars"":""0.3900"",""taker_side"":""yes"",""ticker"":""KXETH15M-26APR280530-30"",""trade_id"":""99bdd127-9877-6e36-c888-6368d415a5ea"",""yes_price_dollars"":""0.6100""}"
KXETH15M-26APR280530-30,b056c8fd-1bcb-5ef1-901a-5f27847bfb09,1777368098,0.63,1.0,yes,"{""count_fp"":""1.00"",""created_time"":""2026-04-28T09:21:38.433099Z"",""no_price_dollars"":""0.3700"",""taker_side"":""yes"",""ticker"":""KXETH15M-26APR280530-30"",""trade_id"":""b056c8fd-1bcb-5ef1-901a-5f27847bfb09"",""yes_price_dollars"":""0.6300""}"
KXETH15M-26APR280530-30,4dc44c5f-6f5f-66cc-555a-6fd16590aefb,1777368102,0.62,5.0,no,"{""count_fp"":""5.00"",""created_time"":""2026-04-28T09:21:42.102733Z"",""no_price_dollars"":""0.3800"",""taker_side"":""no"",""ticker"":""KXETH15M-26APR280530-30"",""trade_id"":""4dc44c5f-6f5f-66cc-555a-6fd16590aefb"",""yes_price_dollars"":""0.6200""}"
KXETH15M-26APR280530-30,9c769e8c-fc94-69ba-95b9-17bdd4a9aa43,1777368109,0.61,1.0,yes,"{""count_fp"":""1.00"",""created_time"":""2026-04-28T09:21:49.225292Z"",""no_price_dollars"":""0.3900"",""taker_side"":""yes"",""ticker"":""KXETH15M-26APR280530-30"",""trade_id"":""9c769e8c-fc94-69ba-95b9-17bdd4a9aa43"",""yes_price_dollars"":""0.6100""}"
KXETH15M-26APR280530-30,2dfd571d-b92f-410f-4ccc-2d252e3e9a2c,1777368110,0.61,10.85,yes,"{""count_fp"":""10.85"",""created_time"":""2026-04-28T09:21:50.084108Z"",""no_price_dollars"":""0.3900"",""taker_side"":""yes"",""ticker"":""KXETH15M-26APR280530-30"",""trade_id"":""2dfd571d-b92f-410f-4ccc-2d252e3e9a2c"",""yes_price_dollars"":""0.6100""}"
KXETH15M-26APR280530-30,4f76f787-8c95-6ac4-b031-5ba0ed371d4e,1777368116,0.59,7.73,yes,"{""count_fp"":""7.73"",""created_time"":""2026-04-28T09:21:56.911956Z"",""no_price_dollars"":""0.4100"",""taker_side"":""yes"",""ticker"":""KXETH15M-26APR280530-30"",""trade_id"":""4f76f787-8c95-6ac4-b031-5ba0ed371d4e"",""yes_price_dollars"":""0.5900""}"
KXETH15M-26APR280530-30,f88ae276-4f38-7e7c-4d1a-06fe5422f0c4,1777368120,0.56,100.0,no,"{""count_fp"":""100.00"",""created_time"":""2026-04-28T09:22:00.267386Z"",""no_price_dollars"":""0.4400"",""taker_side"":""no"",""ticker"":""KXETH15M-26APR280530-30"",""trade_id"":""f88ae276-4f38-7e7c-4d1a-06fe5422f0c4"",""yes_price_dollars"":""0.5600""}"
KXETH15M-26APR280530-30,555913a8-0494-7e8a-5def-80872c2dddf9,1777368120,0.55,106.34,no,"{""count_fp"":""106.34"",""created_time"":""2026-04-28T09:22:00.267386Z"",""no_price_dollars"":""0.4500"",""taker_side"":""no"",""ticker"":""KXETH15M-26APR280530-30"",""trade_id"":""555913a8-0494-7e8a-5def-80872c2dddf9"",""yes_price_dollars"":""0.5500""}"
KXETH15M-26APR280530-30,45e1803c-712f-73d7-490d-def83965f2da,1777368120,0.56,10.0,no,"{""count_fp"":""10.00"",""created_time"":""2026-04-28T09:22:00.267386Z"",""no_price_dollars"":""0.4400"",""taker_side"":""no"",""ticker"":""KXETH15M-26APR280530-30"",""trade_id"":""45e1803c-712f-73d7-490d-def83965f2da"",""yes_price_dollars"":""0.5600""}"
KXETH15M-26APR280530-30,b593c648-ee78-6cbe-1c9e-1b0530d75aed,1777368125,0.55,3.0,no,"{""count_fp"":""3.00"",""created_time"":""2026-04-28T09:22:05.891959Z"",""no_price_dollars"":""0.4500"",""taker_side"":""no"",""ticker"":""KXETH15M-26APR280530-30"",""trade_id"":""b593c648-ee78-6cbe-1c9e-1b0530d75aed"",""yes_price_dollars"":""0.5500""}"
KXETH15M-26APR280530-30,e5d85c50-cd38-45ee-aa88-ebcdf56475f5,1777368138,0.56,4.0,no,"{""count_fp"":""4.00"",""created_time"":""2026-04-28T09:22:18.293262Z"",""no_price_dollars"":""0.4400"",""taker_side"":""no"",""ticker"":""KXETH15M-26APR280530-30"",""trade_id"":""e5d85c50-cd38-45ee-aa88-ebcdf56475f5"",""yes_price_dollars"":""0.5600""}"
KXETH15M-26APR280530-30,d86e96b6-475f-4ff4-889f-fd566160ea04,1777368148,0.62,91.0,yes,"{""count_fp"":""91.00"",""created_time"":""2026-04-28T09:22:28.916618Z"",""no_price_dollars"":""0.3800"",""taker_side"":""yes"",""ticker"":""KXETH15M-26APR280530-30"",""trade_id"":""d86e96b6-475f-4ff4-889f-fd566160ea04"",""yes_price_dollars"":""0.6200""}"
KXETH15M-26APR280530-30,444907e9-af5f-6ef4-9608-fe07c3429538,1777368148,0.61,48.0,yes,"{""count_fp"":""48.00"",""created_time"":""2026-04-28T09:22:28.894812Z"",""no_price_dollars"":""0.3900"",""taker_side"":""yes"",""ticker"":""KXETH15M-26APR280530-30"",""trade_id"":""444907e9-af5f-6ef4-9608-fe07c3429538"",""yes_price_dollars"":""0.6100""}"
KXETH15M-26APR280530-30,c084f8d1-fc90-6874-6e34-fe98600157b4,1777368148,0.6,38.38,yes,"{""count_fp"":""38.38"",""created_time"":""2026-04-28T09:22:28.880718Z"",""no_price_dollars"":""0.4000"",""taker_side"":""yes"",""ticker"":""KXETH15M-26APR280530-30"",""trade_id"":""c084f8d1-fc90-6874-6e34-fe98600157b4"",""yes_price_dollars"":""0.6000""}"
KXETH15M-26APR280530-30,b1c1852f-fc92-4373-8157-0c825dffd193,1777368148,0.59,10.0,yes,"{""count_fp"":""10.00"",""created_time"":""2026-04-28T09:22:28.866145Z"",""no_price_dollars"":""0.4100"",""taker_side"":""yes"",""ticker"":""KXETH15M-26APR280530-30"",""trade_id"":""b1c1852f-fc92-4373-8157-0c825dffd193"",""yes_price_dollars"":""0.5900""}"
KXETH15M-26APR280530-30,7568e3e8-ad44-6298-367c-b4b9b3bdb6f3,1777368149,0.65,10.0,yes,"{""count_fp"":""10.00"",""created_time"":""2026-04-28T09:22:29.067709Z"",""no_price_dollars"":""0.3500"",""taker_side"":""yes"",""ticker"":""KXETH15M-26APR280530-30"",""trade_id"":""7568e3e8-ad44-6298-367c-b4b9b3bdb6f3"",""yes_price_dollars"":""0.6500""}"
KXETH15M-26APR280530-30,32fc6c7e-6c91-7b78-92fb-8b07e4f8792a,1777368149,0.63,0.31,yes,"{""count_fp"":""0.31"",""created_time"":""2026-04-28T09:22:29.043482Z"",""no_price_dollars"":""0.3700"",""taker_side"":""yes"",""ticker"":""KXETH15M-26APR280530-30"",""trade_id"":""32fc6c7e-6c91-7b78-92fb-8b07e4f8792a"",""yes_price_dollars"":""0.6300""}"
KXETH15M-26APR280530-30,0111cc89-047d-56cc-7311-b6ab0016cac6,1777368149,0.63,53.0,yes,"{""count_fp"":""53.00"",""created_time"":""2026-04-28T09:22:29.039923Z"",""no_price_dollars"":""0.3700"",""taker_side"":""yes"",""ticker"":""KXETH15M-26APR280530-30"",""trade_id"":""0111cc89-047d-56cc-7311-b6ab0016cac6"",""yes_price_dollars"":""0.6300""}"
KXETH15M-26APR280530-30,5ba32949-be63-6e63-3d34-b0d031ee9992,1777368151,0.58,10.0,no,"{""count_fp"":""10.00"",""created_time"":""2026-04-28T09:22:31.301152Z"",""no_price_dollars"":""0.4200"",""taker_side"":""no"",""ticker"":""KXETH15M-26APR280530-30"",""trade_id"":""5ba32949-be63-6e63-3d34-b0d031ee9992"",""yes_price_dollars"":""0.5800""}"
KXETH15M-26APR280530-30,7a739fc1-cf7c-558b-8f71-e73a6bbca01a,1777368151,0.63,10.0,no,"{""count_fp"":""10.00"",""created_time"":""2026-04-28T09:22:31.226378Z"",""no_price_dollars"":""0.3700"",""taker_side"":""no"",""ticker"":""KXETH15M-26APR280530-30"",""trade_id"":""7a739fc1-cf7c-558b-8f71-e73a6bbca01a"",""yes_price_dollars"":""0.6300""}"
KXETH15M-26APR280530-30,6c4d1657-7d49-5cbe-bf3d-9ba53914dbde,1777368151,0.63,11.0,no,"{""count_fp"":""11.00"",""created_time"":""2026-04-28T09:22:31.226378Z"",""no_price_dollars"":""0.3700"",""taker_side"":""no"",""ticker"":""KXETH15M-26APR280530-30"",""trade_id"":""6c4d1657-7d49-5cbe-bf3d-9ba53914dbde"",""yes_price_dollars"":""0.6300""}"
KXETH15M-26APR280530-30,3e1c25ff-4d01-5f64-9481-26d2f179e3d4,1777368151,0.63,100.0,no,"{""count_fp"":""100.00"",""created_time"":""2026-04-28T09:22:31.226378Z"",""no_price_dollars"":""0.3700"",""taker_side"":""no"",""ticker"":""KXETH15M-26APR280530-30"",""trade_id"":""3e1c25ff-4d01-5f64-9481-26d2f179e3d4"",""yes_price_dollars"":""0.6300""}"
KXETH15M-26APR280530-30,72c5bb43-9472-7803-6f58-9dc826108fbb,1777368161,0.56,4.0,no,"{""count_fp"":""4.00"",""created_time"":""2026-04-28T09:22:41.715389Z"",""no_price_dollars"":""0.4400"",""taker_side"":""no"",""ticker"":""KXETH15M-26APR280530-30"",""trade_id"":""72c5bb43-9472-7803-6f58-9dc826108fbb"",""yes_price_dollars"":""0.5600""}"
KXETH15M-26APR280530-30,37e94901-231b-7cc2-a95e-1e8b6b5d2a77,1777368163,0.6,0.21,no,"{""count_fp"":""0.21"",""created_time"":""2026-04-28T09:22:43.106269Z"",""no_price_dollars"":""0.4000"",""taker_side"":""no"",""ticker"":""KXETH15M-26APR280530-30"",""trade_id"":""37e94901-231b-7cc2-a95e-1e8b6b5d2a77"",""yes_price_dollars"":""0.6000""}"
KXETH15M-26APR280530-30,cb5e9c90-52d0-67c8-5ffc-f390df1cd297,1777368166,0.61,85.74,no,"{""count_fp"":""85.74"",""created_time"":""2026-04-28T09:22:46.832805Z"",""no_price_dollars"":""0.3900"",""taker_side"":""no"",""ticker"":""KXETH15M-26APR280530-30"",""trade_id"":""cb5e9c90-52d0-67c8-5ffc-f390df1cd297"",""yes_price_dollars"":""0.6100""}"
KXETH15M-26APR280530-30,69e74f34-4b0f-6ea0-6210-ed7c900268b9,1777368166,0.61,10.0,no,"{""count_fp"":""10.00"",""created_time"":""2026-04-28T09:22:46.832805Z"",""no_price_dollars"":""0.3900"",""taker_side"":""no"",""ticker"":""KXETH15M-26APR280530-30"",""trade_id"":""69e74f34-4b0f-6ea0-6210-ed7c900268b9"",""yes_price_dollars"":""0.6100""}"
KXETH15M-26APR280530-30,64963a1b-c98f-62e3-5394-36081d095fb7,1777368166,0.61,10.0,no,"{""count_fp"":""10.00"",""created_time"":""2026-04-28T09:22:46.832805Z"",""no_price_dollars"":""0.3900"",""taker_side"":""no"",""ticker"":""KXETH15M-26APR280530-30"",""trade_id"":""64963a1b-c98f-62e3-5394-36081d095fb7"",""yes_price_dollars"":""0.6100""}"
KXETH15M-26APR280530-30,adb337fc-d5ac-5fdf-9dc1-ef3fa4f8f0d8,1777368166,0.66,10.0,yes,"{""count_fp"":""10.00"",""created_time"":""2026-04-28T09:22:46.424524Z"",""no_price_dollars"":""0.3400"",""taker_side"":""yes"",""ticker"":""KXETH15M-26APR280530-30"",""trade_id"":""adb337fc-d5ac-5fdf-9dc1-ef3fa4f8f0d8"",""yes_price_dollars"":""0.6600""}"
KXETH15M-26APR280530-30,a721b83c-b415-5018-92aa-dd8ead714b31,1777368166,0.66,10.0,yes,"{""count_fp"":""10.00"",""created_time"":""2026-04-28T09:22:46.424524Z"",""no_price_dollars"":""0.3400"",""taker_side"":""yes"",""ticker"":""KXETH15M-26APR280530-30"",""trade_id"":""a721b83c-b415-5018-92aa-dd8ead714b31"",""yes_price_dollars"":""0.6600""}"
KXETH15M-26APR280530-30,099c68ed-c75d-527e-bcb7-4f70c5aab065,1777368166,0.66,5.0,yes,"{""count_fp"":""5.00"",""created_time"":""2026-04-28T09:22:46.424524Z"",""no_price_dollars"":""0.3400"",""taker_side"":""yes"",""ticker"":""KXETH15M-26APR280530-30"",""trade_id"":""099c68ed-c75d-527e-bcb7-4f70c5aab065"",""yes_price_dollars"":""0.6600""}"
KXETH15M-26APR280530-30,755780de-4841-6c32-58da-f6672d71b835,1777368173,0.64,30.0,yes,"{""count_fp"":""30.00"",""created_time"":""2026-04-28T09:22:53.422041Z"",""no_price_dollars"":""0.3600"",""taker_side"":""yes"",""ticker"":""KXETH15M-26APR280530-30"",""trade_id"":""755780de-4841-6c32-58da-f6672d71b835"",""yes_price_dollars"":""0.6400""}"
KXETH15M-26APR280530-30,b74d19b4-f740-6687-7551-bb72b33d0bcc,1777368174,0.63,10.0,no,"{""count_fp"":""10.00"",""created_time"":""2026-04-28T09:22:54.667956Z"",""no_price_dollars"":""0.3700"",""taker_side"":""no"",""ticker"":""KXETH15M-26APR280530-30"",""trade_id"":""b74d19b4-f740-6687-7551-bb72b33d0bcc"",""yes_price_dollars"":""0.6300""}"
KXETH15M-26APR280530-30,acfedf5e-e509-4eac-5052-f809f8e9f3d5,1777368174,0.64,9.0,yes,"{""count_fp"":""9.00"",""created_time"":""2026-04-28T09:22:54.442047Z"",""no_price_dollars"":""0.3600"",""taker_side"":""yes"",""ticker"":""KXETH15M-26APR280530-30"",""trade_id"":""acfedf5e-e509-4eac-5052-f809f8e9f3d5"",""yes_price_dollars"":""0.6400""}"
KXETH15M-26APR280530-30,a73668e3-b751-6f6c-42e6-fc8afa5a080f,1777368183,0.56,2.0,no,"{""count_fp"":""2.00"",""created_time"":""2026-04-28T09:23:03.859949Z"",""no_price_dollars"":""0.4400"",""taker_side"":""no"",""ticker"":""KXETH15M-26APR280530-30"",""trade_id"":""a73668e3-b751-6f6c-42e6-fc8afa5a080f"",""yes_price_dollars"":""0.5600""}"
KXETH15M-26APR280530-30,481ad108-6925-5abc-2976-df4bf68038e7,1777368183,0.57,2.0,no,"{""count_fp"":""2.00"",""created_time"":""2026-04-28T09:23:03.654365Z"",""no_price_dollars"":""0.4300"",""taker_side"":""no"",""ticker"":""KXETH15M-26APR280530-30"",""trade_id"":""481ad108-6925-5abc-2976-df4bf68038e7"",""yes_price_dollars"":""0.5700""}"
KXETH15M-26APR280530-30,5007151c-3c19-5f28-1ee8-7075cd710a62,1777368183,0.57,2.0,no,"{""count_fp"":""2.00"",""created_time"":""2026-04-28T09:23:03.560474Z"",""no_price_dollars"":""0.4300"",""taker_side"":""no"",""ticker"":""KXETH15M-26APR280530-30"",""trade_id"":""5007151c-3c19-5f28-1ee8-7075cd710a62"",""yes_price_dollars"":""0.5700""}"
KXETH15M-26APR280530-30,13334e2e-7ebd-684a-f7ac-4671cfc10b41,1777368183,0.6,50.0,yes,"{""count_fp"":""50.00"",""created_time"":""2026-04-28T09:23:03.430803Z"",""no_price_dollars"":""0.4000"",""taker_side"":""yes"",""ticker"":""KXETH15M-26APR280530-30"",""trade_id"":""13334e2e-7ebd-684a-f7ac-4671cfc10b41"",""yes_price_dollars"":""0.6000""}"
KXETH15M-26APR280530-30,60849767-62ac-48d2-24dd-5fe3cb6c5828,1777368184,0.56,2.0,no,"{""count_fp"":""2.00"",""created_time"":""2026-04-28T09:23:04.066685Z"",""no_price_dollars"":""0.4400"",""taker_side"":""no"",""ticker"":""KXETH15M-26APR280530-30"",""trade_id"":""60849767-62ac-48d2-24dd-5fe3cb6c5828"",""yes_price_dollars"":""0.5600""}"
KXETH15M-26APR280530-30,620a4413-8a32-5dba-6e83-21c37c3143eb,1777368192,0.55,10.0,no,"{""count_fp"":""10.00"",""created_time"":""2026-04-28T09:23:12.284409Z"",""no_price_dollars"":""0.4500"",""taker_side"":""no"",""ticker"":""KXETH15M-26APR280530-30"",""trade_id"":""620a4413-8a32-5dba-6e83-21c37c3143eb"",""yes_price_dollars"":""0.5500""}"
KXETH15M-26APR280530-30,84ee2ad2-6341-6290-4546-fc88df9f725f,1777368194,0.51,3.0,no,"{""count_fp"":""3.00"",""created_time"":""2026-04-28T09:23:14.092949Z"",""no_price_dollars"":""0.4900"",""taker_side"":""no"",""ticker"":""KXETH15M-26APR280530-30"",""trade_id"":""84ee2ad2-6341-6290-4546-fc88df9f725f"",""yes_price_dollars"":""0.5100""}"
KXETH15M-26APR280530-30,ad671c3e-d2b2-55fe-3e21-087d6d0e0656,1777368203,0.46,100.0,yes,"{""count_fp"":""100.00"",""created_time"":""2026-04-28T09:23:23.339802Z"",""no_price_dollars"":""0.5400"",""taker_side"":""yes"",""ticker"":""KXETH15M-26APR280530-30"",""trade_id"":""ad671c3e-d2b2-55fe-3e21-087d6d0e0656"",""yes_price_dollars"":""0.4600""}"
KXETH15M-26APR280530-30,6a136874-68f0-5f8e-fa93-812c8b83862d,1777368203,0.48,50.0,no,"{""count_fp"":""50.00"",""created_time"":""2026-04-28T09:23:23.134443Z"",""no_price_dollars"":""0.5200"",""taker_side"":""no"",""ticker"":""KXETH15M-26APR280530-30"",""trade_id"":""6a136874-68f0-5f8e-fa93-812c8b83862d"",""yes_price_dollars"":""0.4800""}"
KXETH15M-26APR280530-30,c16d4c97-32a8-4bd8-5a0c-c06794437f03,1777368203,0.5,99.0,no,"{""count_fp"":""99.00"",""created_time"":""2026-04-28T09:23:23.120827Z"",""no_price_dollars"":""0.5000"",""taker_side"":""no"",""ticker"":""KXETH15M-26APR280530-30"",""trade_id"":""c16d4c97-32a8-4bd8-5a0c-c06794437f03"",""yes_price_dollars"":""0.5000""}"
KXETH15M-26APR280530-30,893a3002-f365-4812-44c2-a0ee383db3cb,1777368203,0.5,10.0,no,"{""count_fp"":""10.00"",""created_time"":""2026-04-28T09:23:23.120827Z"",""no_price_dollars"":""0.5000"",""taker_side"":""no"",""ticker"":""KXETH15M-26APR280530-30"",""trade_id"":""893a3002-f365-4812-44c2-a0ee383db3cb"",""yes_price_dollars"":""0.5000""}"
KXETH15M-26APR280530-30,df190c31-255d-6b74-24b6-33c6d3068d2b,1777368203,0.52,10.0,no,"{""count_fp"":""10.00"",""created_time"":""2026-04-28T09:23:23.106884Z"",""no_price_dollars"":""0.4800"",""taker_side"":""no"",""ticker"":""KXETH15M-26APR280530-30"",""trade_id"":""df190c31-255d-6b74-24b6-33c6d3068d2b"",""yes_price_dollars"":""0.5200""}"
KXETH15M-26APR280530-30,9605cc73-9b01-5af8-36d2-969b4c7637f8,1777368209,0.49,10.0,yes,"{""count_fp"":""10.00"",""created_time"":""2026-04-28T09:23:29.172045Z"",""no_price_dollars"":""0.5100"",""taker_side"":""yes"",""ticker"":""KXETH15M-26APR280530-30"",""trade_id"":""9605cc73-9b01-5af8-36d2-969b4c7637f8"",""yes_price_dollars"":""0.4900""}"
KXETH15M-26APR280530-30,5bec14a9-4cc3-558e-217c-a5614ae716f6,1777368209,0.49,10.0,yes,"{""count_fp"":""10.00"",""created_time"":""2026-04-28T09:23:29.172045Z"",""no_price_dollars"":""0.5100"",""taker_side"":""yes"",""ticker"":""KXETH15M-26APR280530-30"",""trade_id"":""5bec14a9-4cc3-558e-217c-a5614ae716f6"",""yes_price_dollars"":""0.4900""}"
KXETH15M-26APR280530-30,56c885f3-638f-7b7e-f129-0706b09a23b7,1777368225,0.49,94.78,no,"{""count_fp"":""94.78"",""created_time"":""2026-04-28T09:23:45.466527Z"",""no_price_dollars"":""0.5100"",""taker_side"":""no"",""ticker"":""KXETH15M-26APR280530-30"",""trade_id"":""56c885f3-638f-7b7e-f129-0706b09a23b7"",""yes_price_dollars"":""0.4900""}"
KXETH15M-26APR280530-30,96649a99-b165-7e97-0673-d2e729c00583,1777368228,0.45,10.0,no,"{""count_fp"":""10.00"",""created_time"":""2026-04-28T09:23:48.970505Z"",""no_price_dollars"":""0.5500"",""taker_side"":""no"",""ticker"":""KXETH15M-26APR280530-30"",""trade_id"":""96649a99-b165-7e97-0673-d2e729c00583"",""yes_price_dollars"":""0.4500""}"
KXETH15M-26APR280530-30,631f6316-d034-7845-14fb-51d8b2e3412f,1777368228,0.45,6.0,no,"{""count_fp"":""6.00"",""created_time"":""2026-04-28T09:23:48.970505Z"",""no_price_dollars"":""0.5500"",""taker_side"":""no"",""ticker"":""KXETH15M-26APR280530-30"",""trade_id"":""631f6316-d034-7845-14fb-51d8b2e3412f"",""yes_price_dollars"":""0.4500""}"
KXETH15M-26APR280530-30,dd9c8267-e0c1-5d38-97b0-004b1b5b1397,1777368228,0.48,10.0,no,"{""count_fp"":""10.00"",""created_time"":""2026-04-28T09:23:48.655436Z"",""no_price_dollars"":""0.5200"",""taker_side"":""no"",""ticker"":""KXETH15M-26APR280530-30"",""trade_id"":""dd9c8267-e0c1-5d38-97b0-004b1b5b1397"",""yes_price_dollars"":""0.4800""}"
KXETH15M-26APR280530-30,ae56e24d-bcd1-7045-93e0-d09ed529d13d,1777368229,0.43,32.0,no,"{""count_fp"":""32.00"",""created_time"":""2026-04-28T09:23:49.740017Z"",""no_price_dollars"":""0.5700"",""taker_side"":""no"",""ticker"":""KXETH15M-26APR280530-30"",""trade_id"":""ae56e24d-bcd1-7045-93e0-d09ed529d13d"",""yes_price_dollars"":""0.4300""}"
KXETH15M-26APR280530-30,ed59d3bf-552f-6d83-a578-7d16d67f661e,1777368230,0.42,100.0,no,"{""count_fp"":""100.00"",""created_time"":""2026-04-28T09:23:50.668859Z"",""no_price_dollars"":""0.5800"",""taker_side"":""no"",""ticker"":""KXETH15M-26APR280530-30"",""trade_id"":""ed59d3bf-552f-6d83-a578-7d16d67f661e"",""yes_price_dollars"":""0.4200""}"
KXETH15M-26APR280530-30,c115154e-4140-63d1-ab1d-dc7a667d268e,1777368230,0.42,10.0,no,"{""count_fp"":""10.00"",""created_time"":""2026-04-28T09:23:50.668859Z"",""no_price_dollars"":""0.5800"",""taker_side"":""no"",""ticker"":""KXETH15M-26APR280530-30"",""trade_id"":""c115154e-4140-63d1-ab1d-dc7a667d268e"",""yes_price_dollars"":""0.4200""}"
KXETH15M-26APR280530-30,5dbfe1ba-cc95-538f-8a39-027331bb4708,1777368232,0.45,10.0,yes,"{""count_fp"":""10.00"",""created_time"":""2026-04-28T09:23:52.168636Z"",""no_price_dollars"":""0.5500"",""taker_side"":""yes"",""ticker"":""KXETH15M-26APR280530-30"",""trade_id"":""5dbfe1ba-cc95-538f-8a39-027331bb4708"",""yes_price_dollars"":""0.4500""}"
KXETH15M-26APR280530-30,34febd44-9061-5b83-b3c9-0235b5f48542,1777368232,0.45,10.0,yes,"{""count_fp"":""10.00"",""created_time"":""2026-04-28T09:23:52.168636Z"",""no_price_dollars"":""0.5500"",""taker_side"":""yes"",""ticker"":""KXETH15M-26APR280530-30"",""trade_id"":""34febd44-9061-5b83-b3c9-0235b5f48542"",""yes_price_dollars"":""0.4500""}"
KXETH15M-26APR280530-30,ad8a14fd-70d1-68eb-08ee-19f658db6fc9,1777368240,0.43,50.0,no,"{""count_fp"":""50.00"",""created_time"":""2026-04-28T09:24:00.662524Z"",""no_price_dollars"":""0.5700"",""taker_side"":""no"",""ticker"":""KXETH15M-26APR280530-30"",""trade_id"":""ad8a14fd-70d1-68eb-08ee-19f658db6fc9"",""yes_price_dollars"":""0.4300""}"
KXETH15M-26APR280530-30,7d545ee5-6f67-66db-2e6b-b617c1bf6f36,1777368240,0.43,50.0,no,"{""count_fp"":""50.00"",""created_time"":""2026-04-28T09:24:00.662524Z"",""no_price_dollars"":""0.5700"",""taker_side"":""no"",""ticker"":""KXETH15M-26APR280530-30"",""trade_id"":""7d545ee5-6f67-66db-2e6b-b617c1bf6f36"",""yes_price_dollars"":""0.4300""}"
KXETH15M-26APR280530-30,b5712657-7660-740e-36cc-77c6624058c2,1777368240,0.49,80.0,no,"{""count_fp"":""80.00"",""created_time"":""2026-04-28T09:24:00.621563Z"",""no_price_dollars"":""0.5100"",""taker_side"":""no"",""ticker"":""KXETH15M-26APR280530-30"",""trade_id"":""b5712657-7660-740e-36cc-77c6624058c2"",""yes_price_dollars"":""0.4900""}"
KXETH15M-26APR280530-30,2a092a3d-31f0-5496-042e-66d3f86dfeca,1777368240,0.49,20.0,no,"{""count_fp"":""20.00"",""created_time"":""2026-04-28T09:24:00.621514Z"",""no_price_dollars"":""0.5100"",""taker_side"":""no"",""ticker"":""KXETH15M-26APR280530-30"",""trade_id"":""2a092a3d-31f0-5496-042e-66d3f86dfeca"",""yes_price_dollars"":""0.4900""}"
KXETH15M-26APR280530-30,c693fb4c-8d72-4d12-f517-a704c5385d80,1777368240,0.5,10.0,no,"{""count_fp"":""10.00"",""created_time"":""2026-04-28T09:24:00.606056Z"",""no_price_dollars"":""0.5000"",""taker_side"":""no"",""ticker"":""KXETH15M-26APR280530-30"",""trade_id"":""c693fb4c-8d72-4d12-f517-a704c5385d80"",""yes_price_dollars"":""0.5000""}"
KXETH15M-26APR280530-30,9bc274aa-4e6f-4860-ef02-d9a282131ccd,1777368240,0.5,10.0,no,"{""count_fp"":""10.00"",""created_time"":""2026-04-28T09:24:00.606056Z"",""no_price_dollars"":""0.5000"",""taker_side"":""no"",""ticker"":""KXETH15M-26APR280530-30"",""trade_id"":""9bc274aa-4e6f-4860-ef02-d9a282131ccd"",""yes_price_dollars"":""0.5000""}"
KXETH15M-26APR280530-30,5b96ba80-5b5e-74fd-3879-9579d68f3c52,1777368244,0.44,4.79,yes,"{""count_fp"":""4.79"",""created_time"":""2026-04-28T09:24:04.737799Z"",""no_price_dollars"":""0.5600"",""taker_side"":""yes"",""ticker"":""KXETH15M-26APR280530-30"",""trade_id"":""5b96ba80-5b5e-74fd-3879-9579d68f3c52"",""yes_price_dollars"":""0.4400""}"
KXETH15M-26APR280530-30,24d1ba88-d367-7b25-136c-f24acc5c33b4,1777368244,0.44,10.0,yes,"{""count_fp"":""10.00"",""created_time"":""2026-04-28T09:24:04.737799Z"",""no_price_dollars"":""0.5600"",""taker_side"":""yes"",""ticker"":""KXETH15M-26APR280530-30"",""trade_id"":""24d1ba88-d367-7b25-136c-f24acc5c33b4"",""yes_price_dollars"":""0.4400""}"
KXETH15M-26APR280530-30,8135f899-e178-4298-b56a-2f6410f2a868,1777368248,0.41,9.51,no,"{""count_fp"":""9.51"",""created_time"":""2026-04-28T09:24:08.998791Z"",""no_price_dollars"":""0.5900"",""taker_side"":""no"",""ticker"":""KXETH15M-26APR280530-30"",""trade_id"":""8135f899-e178-4298-b56a-2f6410f2a868"",""yes_price_dollars"":""0.4100""}"
KXETH15M-26APR280530-30,49c2ceff-e7a7-4d36-94c1-c88b166594c7,1777368248,0.41,21.68,no,"{""count_fp"":""21.68"",""created_time"":""2026-04-28T09:24:08.998791Z"",""no_price_dollars"":""0.5900"",""taker_side"":""no"",""ticker"":""KXETH15M-26APR280530-30"",""trade_id"":""49c2ceff-e7a7-4d36-94c1-c88b166594c7"",""yes_price_dollars"":""0.4100""}"
KXETH15M-26APR280530-30,28a63360-7edd-4c16-ba32-fb06ba4f4c79,1777368248,0.41,10.0,no,"{""count_fp"":""10.00"",""created_time"":""2026-04-28T09:24:08.998791Z"",""no_price_dollars"":""0.5900"",""taker_side"":""no"",""ticker"":""KXETH15M-26APR280530-30"",""trade_id"":""28a63360-7edd-4c16-ba32-fb06ba4f4c79"",""yes_price_dollars"":""0.4100""}"
KXETH15M-26APR280530-30,0dbe8df4-bb71-4bbc-b1c9-7dfa51e18db6,1777368253,0.47,0.18,yes,"{""count_fp"":""0.18"",""created_time"":""2026-04-28T09:24:13.842983Z"",""no_price_dollars"":""0.5300"",""taker_side"":""yes"",""ticker"":""KXETH15M-26APR280530-30"",""trade_id"":""0dbe8df4-bb71-4bbc-b1c9-7dfa51e18db6"",""yes_price_dollars"":""0.4700""}"
KXETH15M-26APR280530-30,59e42481-5082-6caf-c164-250200d1afbf,1777368253,0.47,10.0,yes,"{""count_fp"":""10.00"",""created_time"":""2026-04-28T09:24:13.840981Z"",""no_price_dollars"":""0.5300"",""taker_side"":""yes"",""ticker"":""KXETH15M-26APR280530-30"",""trade_id"":""59e42481-5082-6caf-c164-250200d1afbf"",""yes_price_dollars"":""0.4700""}"
KXETH15M-26APR280530-30,51018748-e0f4-63c1-dc25-10ecaa00d4c1,1777368253,0.47,10.0,yes,"{""count_fp"":""10.00"",""created_time"":""2026-04-28T09:24:13.840981Z"",""no_price_dollars"":""0.5300"",""taker_side"":""yes"",""ticker"":""KXETH15M-26APR280530-30"",""trade_id"":""51018748-e0f4-63c1-dc25-10ecaa00d4c1"",""yes_price_dollars"":""0.4700""}"
KXETH15M-26APR280530-30,051cc4b0-33fd-6820-d182-84d0f51b25aa,1777368253,0.47,10.0,yes,"{""count_fp"":""10.00"",""created_time"":""2026-04-28T09:24:13.840981Z"",""no_price_dollars"":""0.5300"",""taker_side"":""yes"",""ticker"":""KXETH15M-26APR280530-30"",""trade_id"":""051cc4b0-33fd-6820-d182-84d0f51b25aa"",""yes_price_dollars"":""0.4700""}"
KXETH15M-26APR280530-30,ae43574e-73bf-5bbe-737d-923e9a29174b,1777368261,0.49,9.0,yes,"{""count_fp"":""9.00"",""created_time"":""2026-04-28T09:24:21.833899Z"",""no_price_dollars"":""0.5100"",""taker_side"":""yes"",""ticker"":""KXETH15M-26APR280530-30"",""trade_id"":""ae43574e-73bf-5bbe-737d-923e9a29174b"",""yes_price_dollars"":""0.4900""}"
KXETH15M-26APR280530-30,5e54c31c-ae3f-6f06-44b8-0ddee86d0da7,1777368263,0.49,17.94,no,"{""count_fp"":""17.94"",""created_time"":""2026-04-28T09:24:23.477319Z"",""no_price_dollars"":""0.5100"",""taker_side"":""no"",""ticker"":""KXETH15M-26APR280530-30"",""trade_id"":""5e54c31c-ae3f-6f06-44b8-0ddee86d0da7"",""yes_price_dollars"":""0.4900""}"
KXETH15M-26APR280530-30,40b522fc-d957-642e-119b-5cfaa76917d0,1777368266,0.53,10.0,yes,"{""count_fp"":""10.00"",""created_time"":""2026-04-28T09:24:26.400524Z"",""no_price_dollars"":""0.4700"",""taker_side"":""yes"",""ticker"":""KXETH15M-26APR280530-30"",""trade_id"":""40b522fc-d957-642e-119b-5cfaa76917d0"",""yes_price_dollars"":""0.5300""}"
KXETH15M-26APR280530-30,af00990b-085b-7ad6-357b-74705b840dc3,1777368266,0.5,35.88,no,"{""count_fp"":""35.88"",""created_time"":""2026-04-28T09:24:26.323907Z"",""no_price_dollars"":""0.5000"",""taker_side"":""no"",""ticker"":""KXETH15M-26APR280530-30"",""trade_id"":""af00990b-085b-7ad6-357b-74705b840dc3"",""yes_price_dollars"":""0.5000""}"
KXETH15M-26APR280530-30,ae115a8f-e1bd-573a-e6af-4220a5b4e5a2,1777368266,0.53,10.0,yes,"{""count_fp"":""10.00"",""created_time"":""2026-04-28T09:24:26.319341Z"",""no_price_dollars"":""0.4700"",""taker_side"":""yes"",""ticker"":""KXETH15M-26APR280530-30"",""trade_id"":""ae115a8f-e1bd-573a-e6af-4220a5b4e5a2"",""yes_price_dollars"":""0.5300""}"
KXETH15M-26APR280530-30,6889f3f6-1fd1-70c5-f88c-82aa384ebca6,1777368267,0.54,3.0,yes,"{""count_fp"":""3.00"",""created_time"":""2026-04-28T09:24:27.576657Z"",""no_price_dollars"":""0.4600"",""taker_side"":""yes"",""ticker"":""KXETH15M-26APR280530-30"",""trade_id"":""6889f3f6-1fd1-70c5-f88c-82aa384ebca6"",""yes_price_dollars"":""0.5400""}"
KXETH15M-26APR280530-30,3e612158-2cb3-75ed-fbbe-ac2060f89c1a,1777368267,0.54,10.0,yes,"{""count_fp"":""10.00"",""created_time"":""2026-04-28T09:24:27.576657Z"",""no_price_dollars"":""0.4600"",""taker_side"":""yes"",""ticker"":""KXETH15M-26APR280530-30"",""trade_id"":""3e612158-2cb3-75ed-fbbe-ac2060f89c1a"",""yes_price_dollars"":""0.5400""}"
KXETH15M-26APR280530-30,23b2b7e1-64a6-58a7-b34c-b15fe0845578,1777368270,0.56,2.09,yes,"{""count_fp"":""2.09"",""created_time"":""2026-04-28T09:24:30.138803Z"",""no_price_dollars"":""0.4400"",""taker_side"":""yes"",""ticker"":""KXETH15M-26APR280530-30"",""trade_id"":""23b2b7e1-64a6-58a7-b34c-b15fe0845578"",""yes_price_dollars"":""0.5600""}"
KXETH15M-26APR280530-30,fa78c261-1dd3-6690-cf5c-4180682749d8,1777368271,0.52,10.0,no,"{""count_fp"":""10.00"",""created_time"":""2026-04-28T09:24:31.259783Z"",""no_price_dollars"":""0.4800"",""taker_side"":""no"",""ticker"":""KXETH15M-26APR280530-30"",""trade_id"":""fa78c261-1dd3-6690-cf5c-4180682749d8"",""yes_price_dollars"":""0.5200""}"
KXETH15M-26APR280530-30,0b273ecb-4515-69bf-f887-f0e459684c8c,1777368271,0.52,0.05,no,"{""count_fp"":""0.05"",""created_time"":""2026-04-28T09:24:31.259783Z"",""no_price_dollars"":""0.4800"",""taker_side"":""no"",""ticker"":""KXETH15M-26APR280530-30"",""trade_id"":""0b273ecb-4515-69bf-f887-f0e459684c8c"",""yes_price_dollars"":""0.5200""}"
KXETH15M-26APR280530-30,bab52cf1-6252-6b47-1eb5-4f0124026aac,1777368277,0.53,10.0,yes,"{""count_fp"":""10.00"",""created_time"":""2026-04-28T09:24:37.707638Z"",""no_price_dollars"":""0.4700"",""taker_side"":""yes"",""ticker"":""KXETH15M-26APR280530-30"",""trade_id"":""bab52cf1-6252-6b47-1eb5-4f0124026aac"",""yes_price_dollars"":""0.5300""}"
KXETH15M-26APR280530-30,3555157d-048e-6e49-1b90-532c84ee969e,1777368277,0.54,15.88,yes,"{""count_fp"":""15.88"",""created_time"":""2026-04-28T09:24:37.707638Z"",""no_price_dollars"":""0.4600"",""taker_side"":""yes"",""ticker"":""KXETH15M-26APR280530-30"",""trade_id"":""3555157d-048e-6e49-1b90-532c84ee969e"",""yes_price_dollars"":""0.5400""}"
KXETH15M-26APR280530-30,3291f55d-739e-6c26-32e4-4a7b011fc7a6,1777368277,0.54,10.0,yes,"{""count_fp"":""10.00"",""created_time"":""2026-04-28T09:24:37.707638Z"",""no_price_dollars"":""0.4600"",""taker_side"":""yes"",""ticker"":""KXETH15M-26APR280530-30"",""trade_id"":""3291f55d-739e-6c26-32e4-4a7b011fc7a6"",""yes_price_dollars"":""0.5400""}"
KXETH15M-26APR280530-30,5c60a1cd-cd9b-5a85-fe09-8d4a8c408f01,1777368282,0.5,9.66,no,"{""count_fp"":""9.66"",""created_time"":""2026-04-28T09:24:42.693111Z"",""no_price_dollars"":""0.5000"",""taker_side"":""no"",""ticker"":""KXETH15M-26APR280530-30"",""trade_id"":""5c60a1cd-cd9b-5a85-fe09-8d4a8c408f01"",""yes_price_dollars"":""0.5000""}"
KXETH15M-26APR280530-30,83abba7e-97a9-5f52-2e71-7872018010b1,1777368292,0.49,5.3,yes,"{""count_fp"":""5.30"",""created_time"":""2026-04-28T09:24:52.186919Z"",""no_price_dollars"":""0.5100"",""taker_side"":""yes"",""ticker"":""KXETH15M-26APR280530-30"",""trade_id"":""83abba7e-97a9-5f52-2e71-7872018010b1"",""yes_price_dollars"":""0.4900""}"
KXETH15M-26APR280530-30,f965563e-b878-4b11-621a-9a6d63f40c01,1777368294,0.45,10.54,no,"{""count_fp"":""10.54"",""created_time"":""2026-04-28T09:24:54.973955Z"",""no_price_dollars"":""0.5500"",""taker_side"":""no"",""ticker"":""KXETH15M-26APR280530-30"",""trade_id"":""f965563e-b878-4b11-621a-9a6d63f40c01"",""yes_price_dollars"":""0.4500""}"
KXETH15M-26APR280530-30,6f88ff82-56e7-5942-4dc0-74a03b10aad2,1777368294,0.46,10.0,no,"{""count_fp"":""10.00"",""created_time"":""2026-04-28T09:24:54.751438Z"",""no_price_dollars"":""0.5400"",""taker_side"":""no"",""ticker"":""KXETH15M-26APR280530-30"",""trade_id"":""6f88ff82-56e7-5942-4dc0-74a03b10aad2"",""yes_price_dollars"":""0.4600""}"
KXETH15M-26APR280530-30,6e16b456-b7d3-5426-41e3-b02859b917a5,1777368294,0.46,2.0,no,"{""count_fp"":""2.00"",""created_time"":""2026-04-28T09:24:54.751438Z"",""no_price_dollars"":""0.5400"",""taker_side"":""no"",""ticker"":""KXETH15M-26APR280530-30"",""trade_id"":""6e16b456-b7d3-5426-41e3-b02859b917a5"",""yes_price_dollars"":""0.4600""}"
KXETH15M-26APR280530-30,65ce2479-f691-59cc-486a-0ffc51ea2c47,1777368294,0.46,10.0,no,"{""count_fp"":""10.00"",""created_time"":""2026-04-28T09:24:54.751438Z"",""no_price_dollars"":""0.5400"",""taker_side"":""no"",""ticker"":""KXETH15M-26APR280530-30"",""trade_id"":""65ce2479-f691-59cc-486a-0ffc51ea2c47"",""yes_price_dollars"":""0.4600""}"
KXETH15M-26APR280530-30,53c9be45-1130-510d-72d8-6dea4d39b479,1777368294,0.45,12.43,no,"{""count_fp"":""12.43"",""created_time"":""2026-04-28T09:24:54.751438Z"",""no_price_dollars"":""0.5500"",""taker_side"":""no"",""ticker"":""KXETH15M-26APR280530-30"",""trade_id"":""53c9be45-1130-510d-72d8-6dea4d39b479"",""yes_price_dollars"":""0.4500""}"
KXETH15M-26APR280530-30,48efeeb6-2c49-5ccb-522c-10c452d8703f,1777368294,0.46,10.0,no,"{""count_fp"":""10.00"",""created_time"":""2026-04-28T09:24:54.751438Z"",""no_price_dollars"":""0.5400"",""taker_side"":""no"",""ticker"":""KXETH15M-26APR280530-30"",""trade_id"":""48efeeb6-2c49-5ccb-522c-10c452d8703f"",""yes_price_dollars"":""0.4600""}"
KXETH15M-26APR280530-30,4a3cbca0-ffc8-6af5-44f2-5031a5594b91,1777368296,0.45,8.83,no,"{""count_fp"":""8.83"",""created_time"":""2026-04-28T09:24:56.073118Z"",""no_price_dollars"":""0.5500"",""taker_side"":""no"",""ticker"":""KXETH15M-26APR280530-30"",""trade_id"":""4a3cbca0-ffc8-6af5-44f2-5031a5594b91"",""yes_price_dollars"":""0.4500""}"
KXETH15M-26APR280530-30,bcb2df31-d3f5-4750-52cb-0717815be4dd,1777368297,0.5,10.0,yes,"{""count_fp"":""10.00"",""created_time"":""2026-04-28T09:24:57.593821Z"",""no_price_dollars"":""0.5000"",""taker_side"":""yes"",""ticker"":""KXETH15M-26APR280530-30"",""trade_id"":""bcb2df31-d3f5-4750-52cb-0717815be4dd"",""yes_price_dollars"":""0.5000""}"
KXETH15M-26APR280530-30,afa4cd74-9eb0-4255-6aa5-a86322adde82,1777368297,0.49,10.0,yes,"{""count_fp"":""10.00"",""created_time"":""2026-04-28T09:24:57.593821Z"",""no_price_dollars"":""0.5100"",""taker_side"":""yes"",""ticker"":""KXETH15M-26APR280530-30"",""trade_id"":""afa4cd74-9eb0-4255-6aa5-a86322adde82"",""yes_price_dollars"":""0.4900""}"
KXETH15M-26APR280530-30,8ce125d8-652d-423d-6d5d-bd5ef0c5db03,1777368297,0.52,60.0,yes,"{""count_fp"":""60.00"",""created_time"":""2026-04-28T09:24:57.593821Z"",""no_price_dollars"":""0.4800"",""taker_side"":""yes"",""ticker"":""KXETH15M-26APR280530-30"",""trade_id"":""8ce125d8-652d-423d-6d5d-bd5ef0c5db03"",""yes_price_dollars"":""0.5200""}"
KXETH15M-26APR280530-30,2597aaad-c072-4645-4ba7-fa134b3bf2d6,1777368297,0.51,100.0,yes,"{""count_fp"":""100.00"",""created_time"":""2026-04-28T09:24:57.593821Z"",""no_price_dollars"":""0.4900"",""taker_side"":""yes"",""ticker"":""KXETH15M-26APR280530-30"",""trade_id"":""2597aaad-c072-4645-4ba7-fa134b3bf2d6"",""yes_price_dollars"":""0.5100""}"
KXETH15M-26APR280530-30,3efb6daf-dbcb-60e2-018b-6ffe06c4cdef,1777368298,0.52,95.0,no,"{""count_fp"":""95.00"",""created_time"":""2026-04-28T09:24:58.236475Z"",""no_price_dollars"":""0.4800"",""taker_side"":""no"",""ticker"":""KXETH15M-26APR280530-30"",""trade_id"":""3efb6daf-dbcb-60e2-018b-6ffe06c4cdef"",""yes_price_dollars"":""0.5200""}"
KXETH15M-26APR280530-30,d944822b-0593-4aca-4b69-6e69b41fdb1f,1777368300,0.62,1.0,no,"{""count_fp"":""1.00"",""created_time"":""2026-04-28T09:25:00.968311Z"",""no_price_dollars"":""0.3800"",""taker_side"":""no"",""ticker"":""KXETH15M-26APR280530-30"",""trade_id"":""d944822b-0593-4aca-4b69-6e69b41fdb1f"",""yes_price_dollars"":""0.6200""}"
KXETH15M-26APR280530-30,63170873-4ea7-5e3e-dc7c-e39946d21ab7,1777368300,0.62,1.0,no,"{""count_fp"":""1.00"",""created_time"":""2026-04-28T09:25:00.920738Z"",""no_price_dollars"":""0.3800"",""taker_side"":""no"",""ticker"":""KXETH15M-26APR280530-30"",""trade_id"":""63170873-4ea7-5e3e-dc7c-e39946d21ab7"",""yes_price_dollars"":""0.6200""}"
KXETH15M-26APR280530-30,e3d5bded-c149-61ce-6b7e-d3463fd58273,1777368300,0.67,2.0,yes,"{""count_fp"":""2.00"",""created_time"":""2026-04-28T09:25:00.546366Z"",""no_price_dollars"":""0.3300"",""taker_side"":""yes"",""ticker"":""KXETH15M-26APR280530-30"",""trade_id"":""e3d5bded-c149-61ce-6b7e-d3463fd58273"",""yes_price_dollars"":""0.6700""}"
KXETH15M-26APR280530-30,4c41268e-aea9-5734-b010-a1a0fef902e7,1777368300,0.63,10.0,yes,"{""count_fp"":""10.00"",""created_time"":""2026-04-28T09:25:00.402936Z"",""no_price_dollars"":""0.3700"",""taker_side"":""yes"",""ticker"":""KXETH15M-26APR280530-30"",""trade_id"":""4c41268e-aea9-5734-b010-a1a0fef902e7"",""yes_price_dollars"":""0.6300""}"
KXETH15M-26APR280530-30,1af73d50-d7fc-6d91-b598-19a6b3ea025b,1777368300,0.62,50.0,yes,"{""count_fp"":""50.00"",""created_time"":""2026-04-28T09:25:00.302393Z"",""no_price_dollars"":""0.3800"",""taker_side"":""yes"",""ticker"":""KXETH15M-26APR280530-30"",""trade_id"":""1af73d50-d7fc-6d91-b598-19a6b3ea025b"",""yes_price_dollars"":""0.6200""}"
KXETH15M-26APR280530-30,c568323f-cb53-6b52-604d-dac7d0594cee,1777368300,0.59,10.0,yes,"{""count_fp"":""10.00"",""created_time"":""2026-04-28T09:25:00.288747Z"",""no_price_dollars"":""0.4100"",""taker_side"":""yes"",""ticker"":""KXETH15M-26APR280530-30"",""trade_id"":""c568323f-cb53-6b52-604d-dac7d0594cee"",""yes_price_dollars"":""0.5900""}"
KXETH15M-26APR280530-30,8bdf0796-abed-618b-6dec-5c3a006cc1de,1777368300,0.59,9.0,yes,"{""count_fp"":""9.00"",""created_time"":""2026-04-28T09:25:00.269568Z"",""no_price_dollars"":""0.4100"",""taker_side"":""yes"",""ticker"":""KXETH15M-26APR280530-30"",""trade_id"":""8bdf0796-abed-618b-6dec-5c3a006cc1de"",""yes_price_dollars"":""0.5900""}"
KXETH15M-26APR280530-30,57b24ae5-db2e-6a0a-52ab-f0b44f608be4,1777368300,0.59,7.7,yes,"{""count_fp"":""7.70"",""created_time"":""2026-04-28T09:25:00.269568Z"",""no_price_dollars"":""0.4100"",""taker_side"":""yes"",""ticker"":""KXETH15M-26APR280530-30"",""trade_id"":""57b24ae5-db2e-6a0a-52ab-f0b44f608be4"",""yes_price_dollars"":""0.5900""}"
KXETH15M-26APR280530-30,7c281a53-32b9-45af-7986-34cad418d16e,1777368300,0.59,1.0,yes,"{""count_fp"":""1.00"",""created_time"":""2026-04-28T09:25:00.260532Z"",""no_price_dollars"":""0.4100"",""taker_side"":""yes"",""ticker"":""KXETH15M-26APR280530-30"",""trade_id"":""7c281a53-32b9-45af-7986-34cad418d16e"",""yes_price_dollars"":""0.5900""}"
KXETH15M-26APR280530-30,f502036a-6c41-64de-3a8e-965d49eb686b,1777368303,0.67,28.0,yes,"{""count_fp"":""28.00"",""created_time"":""2026-04-28T09:25:03.224715Z"",""no_price_dollars"":""0.3300"",""taker_side"":""yes"",""ticker"":""KXETH15M-26APR280530-30"",""trade_id"":""f502036a-6c41-64de-3a8e-965d49eb686b"",""yes_price_dollars"":""0.6700""}"
KXETH15M-26APR280530-30,310db40c-64ca-6bdf-1670-076d0a192686,1777368303,0.67,137.0,yes,"{""count_fp"":""137.00"",""created_time"":""2026-04-28T09:25:03.224715Z"",""no_price_dollars"":""0.3300"",""taker_side"":""yes"",""ticker"":""KXETH15M-26APR280530-30"",""trade_id"":""310db40c-64ca-6bdf-1670-076d0a192686"",""yes_price_dollars"":""0.6700""}"
KXETH15M-26APR280530-30,eca44383-fc74-4f50-0c9b-621599884d02,1777368303,0.65,10.0,yes,"{""count_fp"":""10.00"",""created_time"":""2026-04-28T09:25:03.167705Z"",""no_price_dollars"":""0.3500"",""taker_side"":""yes"",""ticker"":""KXETH15M-26APR280530-30"",""trade_id"":""eca44383-fc74-4f50-0c9b-621599884d02"",""yes_price_dollars"":""0.6500""}"
KXETH15M-26APR280530-30,fbccf845-54ff-586e-a4ed-3b858b6e1983,1777368303,0.64,10.0,yes,"{""count_fp"":""10.00"",""created_time"":""2026-04-28T09:25:03.163545Z"",""no_price_dollars"":""0.3600"",""taker_side"":""yes"",""ticker"":""KXETH15M-26APR280530-30"",""trade_id"":""fbccf845-54ff-586e-a4ed-3b858b6e1983"",""yes_price_dollars"":""0.6400""}"
KXETH15M-26APR280530-30,af930f46-0350-6049-6e42-3de4d2a96f2d,1777368304,0.68,2.0,yes,"{""count_fp"":""2.00"",""created_time"":""2026-04-28T09:25:04.674981Z"",""no_price_dollars"":""0.3200"",""taker_side"":""yes"",""ticker"":""KXETH15M-26APR280530-30"",""trade_id"":""af930f46-0350-6049-6e42-3de4d2a96f2d"",""yes_price_dollars"":""0.6800""}"
KXETH15M-26APR280530-30,fe818ffa-d763-55df-2159-62f67d5ebca2,1777368306,0.63,10.0,no,"{""count_fp"":""10.00"",""created_time"":""2026-04-28T09:25:06.434123Z"",""no_price_dollars"":""0.3700"",""taker_side"":""no"",""ticker"":""KXETH15M-26APR280530-30"",""trade_id"":""fe818ffa-d763-55df-2159-62f67d5ebca2"",""yes_price_dollars"":""0.6300""}"
KXETH15M-26APR280530-30,7b9911eb-507e-585f-2f4a-71cde0707724,1777368306,0.63,36.78,no,"{""count_fp"":""36.78"",""created_time"":""2026-04-28T09:25:06.434123Z"",""no_price_dollars"":""0.3700"",""taker_side"":""no"",""ticker"":""KXETH15M-26APR280530-30"",""trade_id"":""7b9911eb-507e-585f-2f4a-71cde0707724"",""yes_price_dollars"":""0.6300""}"
KXETH15M-26APR280530-30,c28cf747-d630-7ea6-f820-4bcd5ce7cb3b,1777368309,0.6,10.0,no,"{""count_fp"":""10.00"",""created_time"":""2026-04-28T09:25:09.229434Z"",""no_price_dollars"":""0.4000"",""taker_side"":""no"",""ticker"":""KXETH15M-26APR280530-30"",""trade_id"":""c28cf747-d630-7ea6-f820-4bcd5ce7cb3b"",""yes_price_dollars"":""0.6000""}"
KXETH15M-26APR280530-30,e672ce63-24aa-4363-7a4b-06bfe71e8590,1777368309,0.63,0.16,no,"{""count_fp"":""0.16"",""created_time"":""2026-04-28T09:25:09.135441Z"",""no_price_dollars"":""0.3700"",""taker_side"":""no"",""ticker"":""KXETH15M-26APR280530-30"",""trade_id"":""e672ce63-24aa-4363-7a4b-06bfe71e8590"",""yes_price_dollars"":""0.6300""}"
KXETH15M-26APR280530-30,b7ee1b1d-1ccf-7abf-1a96-41007cf53f95,1777368309,0.63,11.16,no,"{""count_fp"":""11.16"",""created_time"":""2026-04-28T09:25:09.131627Z"",""no_price_dollars"":""0.3700"",""taker_side"":""no"",""ticker"":""KXETH15M-26APR280530-30"",""trade_id"":""b7ee1b1d-1ccf-7abf-1a96-41007cf53f95"",""yes_price_dollars"":""0.6300""}"
KXETH15M-26APR280530-30,45153723-3c16-7a17-1427-c608cdac2420,1777368309,0.63,99.84,no,"{""count_fp"":""99.84"",""created_time"":""2026-04-28T09:25:09.131627Z"",""no_price_dollars"":""0.3700"",""taker_side"":""no"",""ticker"":""KXETH15M-26APR280530-30"",""trade_id"":""45153723-3c16-7a17-1427-c608cdac2420"",""yes_price_dollars"":""0.6300""}"
KXETH15M-26APR280530-30,7ec6e8ad-1d98-706f-b2bb-ceee1b9e1cf9,1777368310,0.59,4.0,yes,"{""count_fp"":""4.00"",""created_time"":""2026-04-28T09:25:10.196003Z"",""no_price_dollars"":""0.4100"",""taker_side"":""yes"",""ticker"":""KXETH15M-26APR280530-30"",""trade_id"":""7ec6e8ad-1d98-706f-b2bb-ceee1b9e1cf9"",""yes_price_dollars"":""0.5900""}"
KXETH15M-26APR280530-30,de5b6ac3-0361-563c-e43c-12d4886795f3,1777368313,0.54,95.34,no,"{""count_fp"":""95.34"",""created_time"":""2026-04-28T09:25:13.445666Z"",""no_price_dollars"":""0.4600"",""taker_side"":""no"",""ticker"":""KXETH15M-26APR280530-30"",""trade_id"":""de5b6ac3-0361-563c-e43c-12d4886795f3"",""yes_price_dollars"":""0.5400""}"
KXETH15M-26APR280530-30,62d8efe2-cea2-553a-c6f0-e2bbade240fd,1777368313,0.54,100.0,no,"{""count_fp"":""100.00"",""created_time"":""2026-04-28T09:25:13.445666Z"",""no_price_dollars"":""0.4600"",""taker_side"":""no"",""ticker"":""KXETH15M-26APR280530-30"",""trade_id"":""62d8efe2-cea2-553a-c6f0-e2bbade240fd"",""yes_price_dollars"":""0.5400""}"
KXETH15M-26APR280530-30,27672c88-acac-533f-f280-2c96a12be921,1777368313,0.54,10.0,no,"{""count_fp"":""10.00"",""created_time"":""2026-04-28T09:25:13.445666Z"",""no_price_dollars"":""0.4600"",""taker_side"":""no"",""ticker"":""KXETH15M-26APR280530-30"",""trade_id"":""27672c88-acac-533f-f280-2c96a12be921"",""yes_price_dollars"":""0.5400""}"
