ticker,trade_id,ts,yes_price,count,taker_side,raw_json
KXETH15M-26APR280815-15,f5eda974-b6ac-7300-abec-d53e59cbe402,1777377627,0.56,3.0,yes,"{""count_fp"":""3.00"",""created_time"":""2026-04-28T12:00:27.039766Z"",""no_price_dollars"":""0.4400"",""taker_side"":""yes"",""ticker"":""KXETH15M-26APR280815-15"",""trade_id"":""f5eda974-b6ac-7300-abec-d53e59cbe402"",""yes_price_dollars"":""0.5600""}"
KXETH15M-26APR280815-15,7f2dfd94-93ae-4ebf-d4f6-f9cdca646104,1777377628,0.56,5.0,yes,"{""count_fp"":""5.00"",""created_time"":""2026-04-28T12:00:28.888124Z"",""no_price_dollars"":""0.4400"",""taker_side"":""yes"",""ticker"":""KXETH15M-26APR280815-15"",""trade_id"":""7f2dfd94-93ae-4ebf-d4f6-f9cdca646104"",""yes_price_dollars"":""0.5600""}"
KXETH15M-26APR280815-15,bd63ced1-70ac-6504-a470-39588c674c4e,1777377634,0.55,33.0,yes,"{""count_fp"":""33.00"",""created_time"":""2026-04-28T12:00:34.648883Z"",""no_price_dollars"":""0.4500"",""taker_side"":""yes"",""ticker"":""KXETH15M-26APR280815-15"",""trade_id"":""bd63ced1-70ac-6504-a470-39588c674c4e"",""yes_price_dollars"":""0.5500""}"
KXETH15M-26APR280815-15,2d98000c-c528-6ee3-8f90-6089cf377e8f,1777377634,0.55,10.0,yes,"{""count_fp"":""10.00"",""created_time"":""2026-04-28T12:00:34.648883Z"",""no_price_dollars"":""0.4500"",""taker_side"":""yes"",""ticker"":""KXETH15M-26APR280815-15"",""trade_id"":""2d98000c-c528-6ee3-8f90-6089cf377e8f"",""yes_price_dollars"":""0.5500""}"
KXETH15M-26APR280815-15,2504b95f-5836-698b-7d14-d80885157c20,1777377638,0.53,3.0,yes,"{""count_fp"":""3.00"",""created_time"":""2026-04-28T12:00:38.057814Z"",""no_price_dollars"":""0.4700"",""taker_side"":""yes"",""ticker"":""KXETH15M-26APR280815-15"",""trade_id"":""2504b95f-5836-698b-7d14-d80885157c20"",""yes_price_dollars"":""0.5300""}"
KXETH15M-26APR280815-15,fd28a1f9-9355-62e8-cd96-b93ebd1cd0b9,1777377643,0.54,3.0,yes,"{""count_fp"":""3.00"",""created_time"":""2026-04-28T12:00:43.722323Z"",""no_price_dollars"":""0.4600"",""taker_side"":""yes"",""ticker"":""KXETH15M-26APR280815-15"",""trade_id"":""fd28a1f9-9355-62e8-cd96-b93ebd1cd0b9"",""yes_price_dollars"":""0.5400""}"
KXETH15M-26APR280815-15,87d0b099-ab50-663e-f9cc-4f46ab73182b,1777377643,0.53,2.0,yes,"{""count_fp"":""2.00"",""created_time"":""2026-04-28T12:00:43.722323Z"",""no_price_dollars"":""0.4700"",""taker_side"":""yes"",""ticker"":""KXETH15M-26APR280815-15"",""trade_id"":""87d0b099-ab50-663e-f9cc-4f46ab73182b"",""yes_price_dollars"":""0.5300""}"
KXETH15M-26APR280815-15,24db21c9-a826-40c7-3032-9adbe29b9c6c,1777377643,0.52,100.0,yes,"{""count_fp"":""100.00"",""created_time"":""2026-04-28T12:00:43.530714Z"",""no_price_dollars"":""0.4800"",""taker_side"":""yes"",""ticker"":""KXETH15M-26APR280815-15"",""trade_id"":""24db21c9-a826-40c7-3032-9adbe29b9c6c"",""yes_price_dollars"":""0.5200""}"
KXETH15M-26APR280815-15,dedf139e-1fb5-5ee5-aee5-b586b5c35b43,1777377646,0.51,2.0,no,"{""count_fp"":""2.00"",""created_time"":""2026-04-28T12:00:46.390151Z"",""no_price_dollars"":""0.4900"",""taker_side"":""no"",""ticker"":""KXETH15M-26APR280815-15"",""trade_id"":""dedf139e-1fb5-5ee5-aee5-b586b5c35b43"",""yes_price_dollars"":""0.5100""}"
KXETH15M-26APR280815-15,c4f23386-02f2-5adb-9fc8-6a2464927ac6,1777377646,0.47,62.78,no,"{""count_fp"":""62.78"",""created_time"":""2026-04-28T12:00:46.390151Z"",""no_price_dollars"":""0.5300"",""taker_side"":""no"",""ticker"":""KXETH15M-26APR280815-15"",""trade_id"":""c4f23386-02f2-5adb-9fc8-6a2464927ac6"",""yes_price_dollars"":""0.4700""}"
KXETH15M-26APR280815-15,b703a7ea-b97e-5687-b3a2-c31fc0afa8a2,1777377646,0.5,1.0,no,"{""count_fp"":""1.00"",""created_time"":""2026-04-28T12:00:46.390151Z"",""no_price_dollars"":""0.5000"",""taker_side"":""no"",""ticker"":""KXETH15M-26APR280815-15"",""trade_id"":""b703a7ea-b97e-5687-b3a2-c31fc0afa8a2"",""yes_price_dollars"":""0.5000""}"
KXETH15M-26APR280815-15,8d027720-f531-51e5-81e6-fdbb5b9e1b41,1777377646,0.48,10.0,no,"{""count_fp"":""10.00"",""created_time"":""2026-04-28T12:00:46.390151Z"",""no_price_dollars"":""0.5200"",""taker_side"":""no"",""ticker"":""KXETH15M-26APR280815-15"",""trade_id"":""8d027720-f531-51e5-81e6-fdbb5b9e1b41"",""yes_price_dollars"":""0.4800""}"
KXETH15M-26APR280815-15,5f59df21-e3a0-5566-9c05-14b1c0a3eb7b,1777377646,0.5,1.0,no,"{""count_fp"":""1.00"",""created_time"":""2026-04-28T12:00:46.390151Z"",""no_price_dollars"":""0.5000"",""taker_side"":""no"",""ticker"":""KXETH15M-26APR280815-15"",""trade_id"":""5f59df21-e3a0-5566-9c05-14b1c0a3eb7b"",""yes_price_dollars"":""0.5000""}"
KXETH15M-26APR280815-15,b417213a-6c4b-44c1-f8fb-04cae488ec2d,1777377652,0.52,9.47,no,"{""count_fp"":""9.47"",""created_time"":""2026-04-28T12:00:52.276496Z"",""no_price_dollars"":""0.4800"",""taker_side"":""no"",""ticker"":""KXETH15M-26APR280815-15"",""trade_id"":""b417213a-6c4b-44c1-f8fb-04cae488ec2d"",""yes_price_dollars"":""0.5200""}"
KXETH15M-26APR280815-15,fb19af46-8ef5-6a0f-3b08-1f1d5df270da,1777377653,0.56,22.0,yes,"{""count_fp"":""22.00"",""created_time"":""2026-04-28T12:00:53.570566Z"",""no_price_dollars"":""0.4400"",""taker_side"":""yes"",""ticker"":""KXETH15M-26APR280815-15"",""trade_id"":""fb19af46-8ef5-6a0f-3b08-1f1d5df270da"",""yes_price_dollars"":""0.5600""}"
KXETH15M-26APR280815-15,9cc74041-1170-76d9-c9d7-6f5ac510a852,1777377653,0.53,2.0,yes,"{""count_fp"":""2.00"",""created_time"":""2026-04-28T12:00:53.022405Z"",""no_price_dollars"":""0.4700"",""taker_side"":""yes"",""ticker"":""KXETH15M-26APR280815-15"",""trade_id"":""9cc74041-1170-76d9-c9d7-6f5ac510a852"",""yes_price_dollars"":""0.5300""}"
KXETH15M-26APR280815-15,554a1ffb-866c-7c77-fea8-fd1384b9bb08,1777377653,0.55,200.0,yes,"{""count_fp"":""200.00"",""created_time"":""2026-04-28T12:00:53.022405Z"",""no_price_dollars"":""0.4500"",""taker_side"":""yes"",""ticker"":""KXETH15M-26APR280815-15"",""trade_id"":""554a1ffb-866c-7c77-fea8-fd1384b9bb08"",""yes_price_dollars"":""0.5500""}"
KXETH15M-26APR280815-15,4a9a14bd-7462-7c72-c9f4-5112970e45fa,1777377653,0.55,8.0,yes,"{""count_fp"":""8.00"",""created_time"":""2026-04-28T12:00:53.022405Z"",""no_price_dollars"":""0.4500"",""taker_side"":""yes"",""ticker"":""KXETH15M-26APR280815-15"",""trade_id"":""4a9a14bd-7462-7c72-c9f4-5112970e45fa"",""yes_price_dollars"":""0.5500""}"
KXETH15M-26APR280815-15,0ad4c819-e6e1-7aa3-9e8a-4506e6ea54aa,1777377662,0.56,0.68,yes,"{""count_fp"":""0.68"",""created_time"":""2026-04-28T12:01:02.240365Z"",""no_price_dollars"":""0.4400"",""taker_side"":""yes"",""ticker"":""KXETH15M-26APR280815-15"",""trade_id"":""0ad4c819-e6e1-7aa3-9e8a-4506e6ea54aa"",""yes_price_dollars"":""0.5600""}"
KXETH15M-26APR280815-15,d96d9a41-424d-60d1-f562-d90ec8740eeb,1777377663,0.58,9.68,no,"{""count_fp"":""9.68"",""created_time"":""2026-04-28T12:01:03.923171Z"",""no_price_dollars"":""0.4200"",""taker_side"":""no"",""ticker"":""KXETH15M-26APR280815-15"",""trade_id"":""d96d9a41-424d-60d1-f562-d90ec8740eeb"",""yes_price_dollars"":""0.5800""}"
KXETH15M-26APR280815-15,5c616c1d-d9cc-6c83-fecb-e1ccae67d291,1777377663,0.58,27.0,no,"{""count_fp"":""27.00"",""created_time"":""2026-04-28T12:01:03.923171Z"",""no_price_dollars"":""0.4200"",""taker_side"":""no"",""ticker"":""KXETH15M-26APR280815-15"",""trade_id"":""5c616c1d-d9cc-6c83-fecb-e1ccae67d291"",""yes_price_dollars"":""0.5800""}"
KXETH15M-26APR280815-15,578115d8-5bce-6403-e5bf-9cf5ae7dc061,1777377663,0.58,0.32,no,"{""count_fp"":""0.32"",""created_time"":""2026-04-28T12:01:03.923171Z"",""no_price_dollars"":""0.4200"",""taker_side"":""no"",""ticker"":""KXETH15M-26APR280815-15"",""trade_id"":""578115d8-5bce-6403-e5bf-9cf5ae7dc061"",""yes_price_dollars"":""0.5800""}"
KXETH15M-26APR280815-15,a249f7a7-c926-7d1d-e784-20423e037696,1777377663,0.61,6.97,yes,"{""count_fp"":""6.97"",""created_time"":""2026-04-28T12:01:03.097303Z"",""no_price_dollars"":""0.3900"",""taker_side"":""yes"",""ticker"":""KXETH15M-26APR280815-15"",""trade_id"":""a249f7a7-c926-7d1d-e784-20423e037696"",""yes_price_dollars"":""0.6100""}"
KXETH15M-26APR280815-15,74144880-56c7-7f6e-c1fc-9d1c7d85ae54,1777377663,0.6,1.0,yes,"{""count_fp"":""1.00"",""created_time"":""2026-04-28T12:01:03.097303Z"",""no_price_dollars"":""0.4000"",""taker_side"":""yes"",""ticker"":""KXETH15M-26APR280815-15"",""trade_id"":""74144880-56c7-7f6e-c1fc-9d1c7d85ae54"",""yes_price_dollars"":""0.6000""}"
KXETH15M-26APR280815-15,4dc00c72-60b8-6ff0-a23f-0c45b5ec0a31,1777377664,0.57,10.0,no,"{""count_fp"":""10.00"",""created_time"":""2026-04-28T12:01:04.071726Z"",""no_price_dollars"":""0.4300"",""taker_side"":""no"",""ticker"":""KXETH15M-26APR280815-15"",""trade_id"":""4dc00c72-60b8-6ff0-a23f-0c45b5ec0a31"",""yes_price_dollars"":""0.5700""}"
KXETH15M-26APR280815-15,4f7d3468-cfef-4658-2b48-44d7cddd1a37,1777377668,0.57,0.85,yes,"{""count_fp"":""0.85"",""created_time"":""2026-04-28T12:01:08.467975Z"",""no_price_dollars"":""0.4300"",""taker_side"":""yes"",""ticker"":""KXETH15M-26APR280815-15"",""trade_id"":""4f7d3468-cfef-4658-2b48-44d7cddd1a37"",""yes_price_dollars"":""0.5700""}"
KXETH15M-26APR280815-15,f3c73734-5d24-4b99-c7d2-ace6110ef14f,1777377674,0.58,10.0,yes,"{""count_fp"":""10.00"",""created_time"":""2026-04-28T12:01:14.734387Z"",""no_price_dollars"":""0.4200"",""taker_side"":""yes"",""ticker"":""KXETH15M-26APR280815-15"",""trade_id"":""f3c73734-5d24-4b99-c7d2-ace6110ef14f"",""yes_price_dollars"":""0.5800""}"
KXETH15M-26APR280815-15,da5251c2-c326-48dd-d92e-d1672634e096,1777377674,0.58,10.0,yes,"{""count_fp"":""10.00"",""created_time"":""2026-04-28T12:01:14.734387Z"",""no_price_dollars"":""0.4200"",""taker_side"":""yes"",""ticker"":""KXETH15M-26APR280815-15"",""trade_id"":""da5251c2-c326-48dd-d92e-d1672634e096"",""yes_price_dollars"":""0.5800""}"
KXETH15M-26APR280815-15,d043edd6-dfe6-4d7a-d0d4-5a414d787308,1777377674,0.59,5.0,yes,"{""count_fp"":""5.00"",""created_time"":""2026-04-28T12:01:14.734387Z"",""no_price_dollars"":""0.4100"",""taker_side"":""yes"",""ticker"":""KXETH15M-26APR280815-15"",""trade_id"":""d043edd6-dfe6-4d7a-d0d4-5a414d787308"",""yes_price_dollars"":""0.5900""}"
KXETH15M-26APR280815-15,69e3908c-8bcc-49f4-ebad-7f4b19277636,1777377674,0.59,24.0,yes,"{""count_fp"":""24.00"",""created_time"":""2026-04-28T12:01:14.734387Z"",""no_price_dollars"":""0.4100"",""taker_side"":""yes"",""ticker"":""KXETH15M-26APR280815-15"",""trade_id"":""69e3908c-8bcc-49f4-ebad-7f4b19277636"",""yes_price_dollars"":""0.5900""}"
KXETH15M-26APR280815-15,62ca4ff9-719b-4e38-ce4f-9f324c728b27,1777377674,0.57,1.15,yes,"{""count_fp"":""1.15"",""created_time"":""2026-04-28T12:01:14.734387Z"",""no_price_dollars"":""0.4300"",""taker_side"":""yes"",""ticker"":""KXETH15M-26APR280815-15"",""trade_id"":""62ca4ff9-719b-4e38-ce4f-9f324c728b27"",""yes_price_dollars"":""0.5700""}"
KXETH15M-26APR280815-15,35c7884b-fb24-477c-ee9c-c334d3b049ad,1777377674,0.59,100.0,yes,"{""count_fp"":""100.00"",""created_time"":""2026-04-28T12:01:14.734387Z"",""no_price_dollars"":""0.4100"",""taker_side"":""yes"",""ticker"":""KXETH15M-26APR280815-15"",""trade_id"":""35c7884b-fb24-477c-ee9c-c334d3b049ad"",""yes_price_dollars"":""0.5900""}"
KXETH15M-26APR280815-15,25012fe2-014a-44ba-c7c3-b973341e6478,1777377674,0.57,9.3,yes,"{""count_fp"":""9.30"",""created_time"":""2026-04-28T12:01:14.734387Z"",""no_price_dollars"":""0.4300"",""taker_side"":""yes"",""ticker"":""KXETH15M-26APR280815-15"",""trade_id"":""25012fe2-014a-44ba-c7c3-b973341e6478"",""yes_price_dollars"":""0.5700""}"
KXETH15M-26APR280815-15,1a2f3e1e-f8a9-4ef5-dfb1-890efa4eac76,1777377674,0.59,100.0,yes,"{""count_fp"":""100.00"",""created_time"":""2026-04-28T12:01:14.734387Z"",""no_price_dollars"":""0.4100"",""taker_side"":""yes"",""ticker"":""KXETH15M-26APR280815-15"",""trade_id"":""1a2f3e1e-f8a9-4ef5-dfb1-890efa4eac76"",""yes_price_dollars"":""0.5900""}"
KXETH15M-26APR280815-15,00476f0e-be15-4035-fb78-44b5f896726b,1777377674,0.66,35.68,yes,"{""count_fp"":""35.68"",""created_time"":""2026-04-28T12:01:14.734387Z"",""no_price_dollars"":""0.3400"",""taker_side"":""yes"",""ticker"":""KXETH15M-26APR280815-15"",""trade_id"":""00476f0e-be15-4035-fb78-44b5f896726b"",""yes_price_dollars"":""0.6600""}"
KXETH15M-26APR280815-15,e648565b-9175-757d-6331-0eb252fa278d,1777377677,0.56,7.15,yes,"{""count_fp"":""7.15"",""created_time"":""2026-04-28T12:01:17.862721Z"",""no_price_dollars"":""0.4400"",""taker_side"":""yes"",""ticker"":""KXETH15M-26APR280815-15"",""trade_id"":""e648565b-9175-757d-6331-0eb252fa278d"",""yes_price_dollars"":""0.5600""}"
KXETH15M-26APR280815-15,f8b0f94c-8107-6808-0d46-277783100429,1777377678,0.55,0.85,no,"{""count_fp"":""0.85"",""created_time"":""2026-04-28T12:01:18.121537Z"",""no_price_dollars"":""0.4500"",""taker_side"":""no"",""ticker"":""KXETH15M-26APR280815-15"",""trade_id"":""f8b0f94c-8107-6808-0d46-277783100429"",""yes_price_dollars"":""0.5500""}"
KXETH15M-26APR280815-15,98b7d766-e5a2-59e3-7d6e-1608b40cce7c,1777377679,0.53,2.0,no,"{""count_fp"":""2.00"",""created_time"":""2026-04-28T12:01:19.120838Z"",""no_price_dollars"":""0.4700"",""taker_side"":""no"",""ticker"":""KXETH15M-26APR280815-15"",""trade_id"":""98b7d766-e5a2-59e3-7d6e-1608b40cce7c"",""yes_price_dollars"":""0.5300""}"
KXETH15M-26APR280815-15,1bc2f227-f687-551c-6a6b-1e1484673529,1777377679,0.55,1.15,no,"{""count_fp"":""1.15"",""created_time"":""2026-04-28T12:01:19.120838Z"",""no_price_dollars"":""0.4500"",""taker_side"":""no"",""ticker"":""KXETH15M-26APR280815-15"",""trade_id"":""1bc2f227-f687-551c-6a6b-1e1484673529"",""yes_price_dollars"":""0.5500""}"
KXETH15M-26APR280815-15,2d2ff043-d3c1-5071-d2c6-4a9e84ecc9c9,1777377680,0.51,1.0,yes,"{""count_fp"":""1.00"",""created_time"":""2026-04-28T12:01:20.612962Z"",""no_price_dollars"":""0.4900"",""taker_side"":""yes"",""ticker"":""KXETH15M-26APR280815-15"",""trade_id"":""2d2ff043-d3c1-5071-d2c6-4a9e84ecc9c9"",""yes_price_dollars"":""0.5100""}"
KXETH15M-26APR280815-15,35b1657f-a7c9-5089-efe1-97381d133769,1777377684,0.5,3.0,yes,"{""count_fp"":""3.00"",""created_time"":""2026-04-28T12:01:24.220523Z"",""no_price_dollars"":""0.5000"",""taker_side"":""yes"",""ticker"":""KXETH15M-26APR280815-15"",""trade_id"":""35b1657f-a7c9-5089-efe1-97381d133769"",""yes_price_dollars"":""0.5000""}"
KXETH15M-26APR280815-15,1b8fb3a7-ed4a-5d93-4142-917a3be71b3e,1777377689,0.53,10.0,yes,"{""count_fp"":""10.00"",""created_time"":""2026-04-28T12:01:29.159137Z"",""no_price_dollars"":""0.4700"",""taker_side"":""yes"",""ticker"":""KXETH15M-26APR280815-15"",""trade_id"":""1b8fb3a7-ed4a-5d93-4142-917a3be71b3e"",""yes_price_dollars"":""0.5300""}"
KXETH15M-26APR280815-15,6885be6d-a3c6-5e06-c776-69d4ee25106e,1777377696,0.53,3.0,yes,"{""count_fp"":""3.00"",""created_time"":""2026-04-28T12:01:36.555925Z"",""no_price_dollars"":""0.4700"",""taker_side"":""yes"",""ticker"":""KXETH15M-26APR280815-15"",""trade_id"":""6885be6d-a3c6-5e06-c776-69d4ee25106e"",""yes_price_dollars"":""0.5300""}"
KXETH15M-26APR280815-15,bfb4d21d-d65c-5257-f62d-45d9e0bad5a5,1777377696,0.5,10.0,no,"{""count_fp"":""10.00"",""created_time"":""2026-04-28T12:01:36.475879Z"",""no_price_dollars"":""0.5000"",""taker_side"":""no"",""ticker"":""KXETH15M-26APR280815-15"",""trade_id"":""bfb4d21d-d65c-5257-f62d-45d9e0bad5a5"",""yes_price_dollars"":""0.5000""}"
KXETH15M-26APR280815-15,a1b231c9-db03-598a-cf4c-7bc300c3e730,1777377696,0.5,9.0,no,"{""count_fp"":""9.00"",""created_time"":""2026-04-28T12:01:36.475879Z"",""no_price_dollars"":""0.5000"",""taker_side"":""no"",""ticker"":""KXETH15M-26APR280815-15"",""trade_id"":""a1b231c9-db03-598a-cf4c-7bc300c3e730"",""yes_price_dollars"":""0.5000""}"
KXETH15M-26APR280815-15,a0e67d00-ebb3-5c0f-f387-e1ff9fe03fd6,1777377696,0.5,35.0,no,"{""count_fp"":""35.00"",""created_time"":""2026-04-28T12:01:36.475879Z"",""no_price_dollars"":""0.5000"",""taker_side"":""no"",""ticker"":""KXETH15M-26APR280815-15"",""trade_id"":""a0e67d00-ebb3-5c0f-f387-e1ff9fe03fd6"",""yes_price_dollars"":""0.5000""}"
KXETH15M-26APR280815-15,66fbd58e-c71b-5c59-f174-f54a3c52a21f,1777377696,0.5,35.0,no,"{""count_fp"":""35.00"",""created_time"":""2026-04-28T12:01:36.475879Z"",""no_price_dollars"":""0.5000"",""taker_side"":""no"",""ticker"":""KXETH15M-26APR280815-15"",""trade_id"":""66fbd58e-c71b-5c59-f174-f54a3c52a21f"",""yes_price_dollars"":""0.5000""}"
KXETH15M-26APR280815-15,c98a916f-94a3-7bec-da3e-4e06fdda6e00,1777377700,0.52,10.0,yes,"{""count_fp"":""10.00"",""created_time"":""2026-04-28T12:01:40.453326Z"",""no_price_dollars"":""0.4800"",""taker_side"":""yes"",""ticker"":""KXETH15M-26APR280815-15"",""trade_id"":""c98a916f-94a3-7bec-da3e-4e06fdda6e00"",""yes_price_dollars"":""0.5200""}"
KXETH15M-26APR280815-15,b9c1cdc5-7c75-7fcd-d5ff-3729f7f67f19,1777377700,0.52,7.4,yes,"{""count_fp"":""7.40"",""created_time"":""2026-04-28T12:01:40.453326Z"",""no_price_dollars"":""0.4800"",""taker_side"":""yes"",""ticker"":""KXETH15M-26APR280815-15"",""trade_id"":""b9c1cdc5-7c75-7fcd-d5ff-3729f7f67f19"",""yes_price_dollars"":""0.5200""}"
KXETH15M-26APR280815-15,02092832-1d07-766e-f329-f323da48f87c,1777377700,0.52,10.0,yes,"{""count_fp"":""10.00"",""created_time"":""2026-04-28T12:01:40.453326Z"",""no_price_dollars"":""0.4800"",""taker_side"":""yes"",""ticker"":""KXETH15M-26APR280815-15"",""trade_id"":""02092832-1d07-766e-f329-f323da48f87c"",""yes_price_dollars"":""0.5200""}"
KXETH15M-26APR280815-15,7ee88bec-faa7-66fa-53ba-93430d96f333,1777377701,0.48,9.0,no,"{""count_fp"":""9.00"",""created_time"":""2026-04-28T12:01:41.977465Z"",""no_price_dollars"":""0.5200"",""taker_side"":""no"",""ticker"":""KXETH15M-26APR280815-15"",""trade_id"":""7ee88bec-faa7-66fa-53ba-93430d96f333"",""yes_price_dollars"":""0.4800""}"
KXETH15M-26APR280815-15,219a0cc1-279c-630a-54c8-9a1b106a6943,1777377701,0.48,10.0,no,"{""count_fp"":""10.00"",""created_time"":""2026-04-28T12:01:41.977465Z"",""no_price_dollars"":""0.5200"",""taker_side"":""no"",""ticker"":""KXETH15M-26APR280815-15"",""trade_id"":""219a0cc1-279c-630a-54c8-9a1b106a6943"",""yes_price_dollars"":""0.4800""}"
KXETH15M-26APR280815-15,89dc31c4-c735-6009-1eb2-5d0a1d7e8b29,1777377702,0.5,9.3,yes,"{""count_fp"":""9.30"",""created_time"":""2026-04-28T12:01:42.500503Z"",""no_price_dollars"":""0.5000"",""taker_side"":""yes"",""ticker"":""KXETH15M-26APR280815-15"",""trade_id"":""89dc31c4-c735-6009-1eb2-5d0a1d7e8b29"",""yes_price_dollars"":""0.5000""}"
KXETH15M-26APR280815-15,d6f8a608-7a99-7b58-11bd-4c08c33ffa85,1777377704,0.45,10.0,yes,"{""count_fp"":""10.00"",""created_time"":""2026-04-28T12:01:44.620596Z"",""no_price_dollars"":""0.5500"",""taker_side"":""yes"",""ticker"":""KXETH15M-26APR280815-15"",""trade_id"":""d6f8a608-7a99-7b58-11bd-4c08c33ffa85"",""yes_price_dollars"":""0.4500""}"
KXETH15M-26APR280815-15,1a1b1b35-9d9e-7626-1522-04f151ca4359,1777377704,0.46,4.0,yes,"{""count_fp"":""4.00"",""created_time"":""2026-04-28T12:01:44.620596Z"",""no_price_dollars"":""0.5400"",""taker_side"":""yes"",""ticker"":""KXETH15M-26APR280815-15"",""trade_id"":""1a1b1b35-9d9e-7626-1522-04f151ca4359"",""yes_price_dollars"":""0.4600""}"
KXETH15M-26APR280815-15,8f8903ee-f36b-517d-eeed-b1c6f4688f50,1777377704,0.42,5.0,no,"{""count_fp"":""5.00"",""created_time"":""2026-04-28T12:01:44.298601Z"",""no_price_dollars"":""0.5800"",""taker_side"":""no"",""ticker"":""KXETH15M-26APR280815-15"",""trade_id"":""8f8903ee-f36b-517d-eeed-b1c6f4688f50"",""yes_price_dollars"":""0.4200""}"
KXETH15M-26APR280815-15,390bde7b-b240-65ea-5166-28be637672b5,1777377718,0.48,2.0,yes,"{""count_fp"":""2.00"",""created_time"":""2026-04-28T12:01:58.383187Z"",""no_price_dollars"":""0.5200"",""taker_side"":""yes"",""ticker"":""KXETH15M-26APR280815-15"",""trade_id"":""390bde7b-b240-65ea-5166-28be637672b5"",""yes_price_dollars"":""0.4800""}"
KXETH15M-26APR280815-15,1f15d8ea-a6ae-6f7e-6f62-d75861043e91,1777377718,0.51,1.21,yes,"{""count_fp"":""1.21"",""created_time"":""2026-04-28T12:01:58.383187Z"",""no_price_dollars"":""0.4900"",""taker_side"":""yes"",""ticker"":""KXETH15M-26APR280815-15"",""trade_id"":""1f15d8ea-a6ae-6f7e-6f62-d75861043e91"",""yes_price_dollars"":""0.5100""}"
KXETH15M-26APR280815-15,f9d35a77-8bfb-5c88-3d32-522cee686aa9,1777377729,0.49,3.0,yes,"{""count_fp"":""3.00"",""created_time"":""2026-04-28T12:02:09.576824Z"",""no_price_dollars"":""0.5100"",""taker_side"":""yes"",""ticker"":""KXETH15M-26APR280815-15"",""trade_id"":""f9d35a77-8bfb-5c88-3d32-522cee686aa9"",""yes_price_dollars"":""0.4900""}"
KXETH15M-26APR280815-15,41c65e18-c5ca-5496-3f1b-a8b1ed46e119,1777377729,0.52,10.0,yes,"{""count_fp"":""10.00"",""created_time"":""2026-04-28T12:02:09.576824Z"",""no_price_dollars"":""0.4800"",""taker_side"":""yes"",""ticker"":""KXETH15M-26APR280815-15"",""trade_id"":""41c65e18-c5ca-5496-3f1b-a8b1ed46e119"",""yes_price_dollars"":""0.5200""}"
KXETH15M-26APR280815-15,41e122e1-2281-6504-b07f-2ac9e8a0057a,1777377729,0.47,1.0,no,"{""count_fp"":""1.00"",""created_time"":""2026-04-28T12:02:09.017765Z"",""no_price_dollars"":""0.5300"",""taker_side"":""no"",""ticker"":""KXETH15M-26APR280815-15"",""trade_id"":""41e122e1-2281-6504-b07f-2ac9e8a0057a"",""yes_price_dollars"":""0.4700""}"
KXETH15M-26APR280815-15,c8db6d5c-1570-6f10-4e4a-69b96c288925,1777377738,0.53,10.0,yes,"{""count_fp"":""10.00"",""created_time"":""2026-04-28T12:02:18.462388Z"",""no_price_dollars"":""0.4700"",""taker_side"":""yes"",""ticker"":""KXETH15M-26APR280815-15"",""trade_id"":""c8db6d5c-1570-6f10-4e4a-69b96c288925"",""yes_price_dollars"":""0.5300""}"
KXETH15M-26APR280815-15,2f27db85-8c3a-6e0d-674c-5410b3407885,1777377738,0.53,10.0,yes,"{""count_fp"":""10.00"",""created_time"":""2026-04-28T12:02:18.462388Z"",""no_price_dollars"":""0.4700"",""taker_side"":""yes"",""ticker"":""KXETH15M-26APR280815-15"",""trade_id"":""2f27db85-8c3a-6e0d-674c-5410b3407885"",""yes_price_dollars"":""0.5300""}"
KXETH15M-26APR280815-15,751ceb73-36c3-7e9b-bb00-7f156f836bf5,1777377743,0.55,38.0,yes,"{""count_fp"":""38.00"",""created_time"":""2026-04-28T12:02:23.887148Z"",""no_price_dollars"":""0.4500"",""taker_side"":""yes"",""ticker"":""KXETH15M-26APR280815-15"",""trade_id"":""751ceb73-36c3-7e9b-bb00-7f156f836bf5"",""yes_price_dollars"":""0.5500""}"
KXETH15M-26APR280815-15,29dfefb6-ed39-70ee-9158-55ad30033dfd,1777377743,0.53,2.0,yes,"{""count_fp"":""2.00"",""created_time"":""2026-04-28T12:02:23.887148Z"",""no_price_dollars"":""0.4700"",""taker_side"":""yes"",""ticker"":""KXETH15M-26APR280815-15"",""trade_id"":""29dfefb6-ed39-70ee-9158-55ad30033dfd"",""yes_price_dollars"":""0.5300""}"
KXETH15M-26APR280815-15,84a2bdb3-892a-5ab7-2853-039f48ff4844,1777377747,0.55,1.0,yes,"{""count_fp"":""1.00"",""created_time"":""2026-04-28T12:02:27.921357Z"",""no_price_dollars"":""0.4500"",""taker_side"":""yes"",""ticker"":""KXETH15M-26APR280815-15"",""trade_id"":""84a2bdb3-892a-5ab7-2853-039f48ff4844"",""yes_price_dollars"":""0.5500""}"
KXETH15M-26APR280815-15,e6481960-e625-7286-520a-5076976c0f2d,1777377753,0.56,0.2,yes,"{""count_fp"":""0.20"",""created_time"":""2026-04-28T12:02:33.764698Z"",""no_price_dollars"":""0.4400"",""taker_side"":""yes"",""ticker"":""KXETH15M-26APR280815-15"",""trade_id"":""e6481960-e625-7286-520a-5076976c0f2d"",""yes_price_dollars"":""0.5600""}"
KXETH15M-26APR280815-15,1224d409-8597-79b3-6a98-117b103d8000,1777377753,0.56,10.0,yes,"{""count_fp"":""10.00"",""created_time"":""2026-04-28T12:02:33.764698Z"",""no_price_dollars"":""0.4400"",""taker_side"":""yes"",""ticker"":""KXETH15M-26APR280815-15"",""trade_id"":""1224d409-8597-79b3-6a98-117b103d8000"",""yes_price_dollars"":""0.5600""}"
KXETH15M-26APR280815-15,e78b3cae-44de-5d26-5ca1-2978da47e067,1777377759,0.58,10.0,yes,"{""count_fp"":""10.00"",""created_time"":""2026-04-28T12:02:39.353903Z"",""no_price_dollars"":""0.4200"",""taker_side"":""yes"",""ticker"":""KXETH15M-26APR280815-15"",""trade_id"":""e78b3cae-44de-5d26-5ca1-2978da47e067"",""yes_price_dollars"":""0.5800""}"
KXETH15M-26APR280815-15,088b48ce-6ae4-51ea-4b1e-5a059c5ca8d4,1777377759,0.58,6.65,yes,"{""count_fp"":""6.65"",""created_time"":""2026-04-28T12:02:39.353903Z"",""no_price_dollars"":""0.4200"",""taker_side"":""yes"",""ticker"":""KXETH15M-26APR280815-15"",""trade_id"":""088b48ce-6ae4-51ea-4b1e-5a059c5ca8d4"",""yes_price_dollars"":""0.5800""}"
KXETH15M-26APR280815-15,65680181-ffa9-7202-a5ff-98f6d84e31c2,1777377766,0.55,19.09,no,"{""count_fp"":""19.09"",""created_time"":""2026-04-28T12:02:46.213352Z"",""no_price_dollars"":""0.4500"",""taker_side"":""no"",""ticker"":""KXETH15M-26APR280815-15"",""trade_id"":""65680181-ffa9-7202-a5ff-98f6d84e31c2"",""yes_price_dollars"":""0.5500""}"
KXETH15M-26APR280815-15,33dcd1b3-ecd5-76b7-ba6e-66a39336e9db,1777377766,0.59,1.0,no,"{""count_fp"":""1.00"",""created_time"":""2026-04-28T12:02:46.213352Z"",""no_price_dollars"":""0.4100"",""taker_side"":""no"",""ticker"":""KXETH15M-26APR280815-15"",""trade_id"":""33dcd1b3-ecd5-76b7-ba6e-66a39336e9db"",""yes_price_dollars"":""0.5900""}"
KXETH15M-26APR280815-15,b0944427-5cbf-459f-14fc-dba17d61f10d,1777377769,0.59,22.0,yes,"{""count_fp"":""22.00"",""created_time"":""2026-04-28T12:02:49.858395Z"",""no_price_dollars"":""0.4100"",""taker_side"":""yes"",""ticker"":""KXETH15M-26APR280815-15"",""trade_id"":""b0944427-5cbf-459f-14fc-dba17d61f10d"",""yes_price_dollars"":""0.5900""}"
KXETH15M-26APR280815-15,0423d968-0ac6-47e3-10ff-a5d26fe60f81,1777377769,0.59,10.0,yes,"{""count_fp"":""10.00"",""created_time"":""2026-04-28T12:02:49.858395Z"",""no_price_dollars"":""0.4100"",""taker_side"":""yes"",""ticker"":""KXETH15M-26APR280815-15"",""trade_id"":""0423d968-0ac6-47e3-10ff-a5d26fe60f81"",""yes_price_dollars"":""0.5900""}"
KXETH15M-26APR280815-15,4ccf83f9-fe91-47f9-4b69-4e620191ea51,1777377781,0.54,53.21,yes,"{""count_fp"":""53.21"",""created_time"":""2026-04-28T12:03:01.254019Z"",""no_price_dollars"":""0.4600"",""taker_side"":""yes"",""ticker"":""KXETH15M-26APR280815-15"",""trade_id"":""4ccf83f9-fe91-47f9-4b69-4e620191ea51"",""yes_price_dollars"":""0.5400""}"
KXETH15M-26APR280815-15,ef04790e-39ef-63eb-365a-743e45172773,1777377789,0.55,1.0,yes,"{""count_fp"":""1.00"",""created_time"":""2026-04-28T12:03:09.962524Z"",""no_price_dollars"":""0.4500"",""taker_side"":""yes"",""ticker"":""KXETH15M-26APR280815-15"",""trade_id"":""ef04790e-39ef-63eb-365a-743e45172773"",""yes_price_dollars"":""0.5500""}"
KXETH15M-26APR280815-15,e76afac3-5f4a-609d-8b68-0ede11b32ec7,1777377793,0.53,0.76,no,"{""count_fp"":""0.76"",""created_time"":""2026-04-28T12:03:13.436888Z"",""no_price_dollars"":""0.4700"",""taker_side"":""no"",""ticker"":""KXETH15M-26APR280815-15"",""trade_id"":""e76afac3-5f4a-609d-8b68-0ede11b32ec7"",""yes_price_dollars"":""0.5300""}"
KXETH15M-26APR280815-15,acff0526-4d4d-6b32-b7ad-376243e67593,1777377793,0.53,9.62,no,"{""count_fp"":""9.62"",""created_time"":""2026-04-28T12:03:13.436888Z"",""no_price_dollars"":""0.4700"",""taker_side"":""no"",""ticker"":""KXETH15M-26APR280815-15"",""trade_id"":""acff0526-4d4d-6b32-b7ad-376243e67593"",""yes_price_dollars"":""0.5300""}"
KXETH15M-26APR280815-15,91b0d497-4bb4-66e3-a5e5-0116f905d8f4,1777377793,0.53,10.0,no,"{""count_fp"":""10.00"",""created_time"":""2026-04-28T12:03:13.436888Z"",""no_price_dollars"":""0.4700"",""taker_side"":""no"",""ticker"":""KXETH15M-26APR280815-15"",""trade_id"":""91b0d497-4bb4-66e3-a5e5-0116f905d8f4"",""yes_price_dollars"":""0.5300""}"
KXETH15M-26APR280815-15,88bf1e29-141b-5ff6-0fe1-8f06eb4138ff,1777377798,0.57,10.0,yes,"{""count_fp"":""10.00"",""created_time"":""2026-04-28T12:03:18.892778Z"",""no_price_dollars"":""0.4300"",""taker_side"":""yes"",""ticker"":""KXETH15M-26APR280815-15"",""trade_id"":""88bf1e29-141b-5ff6-0fe1-8f06eb4138ff"",""yes_price_dollars"":""0.5700""}"
KXETH15M-26APR280815-15,a6bc4fad-d05c-6c36-62c9-7e2f804950f1,1777377804,0.61,1.59,yes,"{""count_fp"":""1.59"",""created_time"":""2026-04-28T12:03:24.286368Z"",""no_price_dollars"":""0.3900"",""taker_side"":""yes"",""ticker"":""KXETH15M-26APR280815-15"",""trade_id"":""a6bc4fad-d05c-6c36-62c9-7e2f804950f1"",""yes_price_dollars"":""0.6100""}"
KXETH15M-26APR280815-15,197324a8-7c1a-63ca-445f-683e56b47b36,1777377811,0.6,1.0,yes,"{""count_fp"":""1.00"",""created_time"":""2026-04-28T12:03:31.088795Z"",""no_price_dollars"":""0.4000"",""taker_side"":""yes"",""ticker"":""KXETH15M-26APR280815-15"",""trade_id"":""197324a8-7c1a-63ca-445f-683e56b47b36"",""yes_price_dollars"":""0.6000""}"
KXETH15M-26APR280815-15,fcbb202e-6056-6119-d08e-f632f961266b,1777377817,0.56,2.6,no,"{""count_fp"":""2.60"",""created_time"":""2026-04-28T12:03:37.274244Z"",""no_price_dollars"":""0.4400"",""taker_side"":""no"",""ticker"":""KXETH15M-26APR280815-15"",""trade_id"":""fcbb202e-6056-6119-d08e-f632f961266b"",""yes_price_dollars"":""0.5600""}"
KXETH15M-26APR280815-15,4a4a5fb3-d12e-625d-8c8d-5c294c7614f3,1777377824,0.58,10.0,no,"{""count_fp"":""10.00"",""created_time"":""2026-04-28T12:03:44.899465Z"",""no_price_dollars"":""0.4200"",""taker_side"":""no"",""ticker"":""KXETH15M-26APR280815-15"",""trade_id"":""4a4a5fb3-d12e-625d-8c8d-5c294c7614f3"",""yes_price_dollars"":""0.5800""}"
KXETH15M-26APR280815-15,22e14f63-47aa-68a6-baa3-cd6455849b9c,1777377824,0.58,1.0,no,"{""count_fp"":""1.00"",""created_time"":""2026-04-28T12:03:44.899465Z"",""no_price_dollars"":""0.4200"",""taker_side"":""no"",""ticker"":""KXETH15M-26APR280815-15"",""trade_id"":""22e14f63-47aa-68a6-baa3-cd6455849b9c"",""yes_price_dollars"":""0.5800""}"
KXETH15M-26APR280815-15,acfc9bab-8ca7-58d2-da23-90fe1a21f72e,1777377826,0.61,1.0,yes,"{""count_fp"":""1.00"",""created_time"":""2026-04-28T12:03:46.655919Z"",""no_price_dollars"":""0.3900"",""taker_side"":""yes"",""ticker"":""KXETH15M-26APR280815-15"",""trade_id"":""acfc9bab-8ca7-58d2-da23-90fe1a21f72e"",""yes_price_dollars"":""0.6100""}"
KXETH15M-26APR280815-15,369d4844-8a49-467b-977b-ab77b5cf2188,1777377832,0.58,10.0,no,"{""count_fp"":""10.00"",""created_time"":""2026-04-28T12:03:52.437875Z"",""no_price_dollars"":""0.4200"",""taker_side"":""no"",""ticker"":""KXETH15M-26APR280815-15"",""trade_id"":""369d4844-8a49-467b-977b-ab77b5cf2188"",""yes_price_dollars"":""0.5800""}"
KXETH15M-26APR280815-15,a50f9c17-fc4c-6bf7-c9a4-52f94cc5c644,1777377838,0.62,1.0,yes,"{""count_fp"":""1.00"",""created_time"":""2026-04-28T12:03:58.397071Z"",""no_price_dollars"":""0.3800"",""taker_side"":""yes"",""ticker"":""KXETH15M-26APR280815-15"",""trade_id"":""a50f9c17-fc4c-6bf7-c9a4-52f94cc5c644"",""yes_price_dollars"":""0.6200""}"
KXETH15M-26APR280815-15,2d78b0bf-0569-700a-6ba9-e8668e595e8e,1777377844,0.55,3.09,yes,"{""count_fp"":""3.09"",""created_time"":""2026-04-28T12:04:04.894342Z"",""no_price_dollars"":""0.4500"",""taker_side"":""yes"",""ticker"":""KXETH15M-26APR280815-15"",""trade_id"":""2d78b0bf-0569-700a-6ba9-e8668e595e8e"",""yes_price_dollars"":""0.5500""}"
KXETH15M-26APR280815-15,bcec895a-5b8a-5b9a-d12c-c638e026f914,1777377850,0.54,10.0,no,"{""count_fp"":""10.00"",""created_time"":""2026-04-28T12:04:10.468903Z"",""no_price_dollars"":""0.4600"",""taker_side"":""no"",""ticker"":""KXETH15M-26APR280815-15"",""trade_id"":""bcec895a-5b8a-5b9a-d12c-c638e026f914"",""yes_price_dollars"":""0.5400""}"
KXETH15M-26APR280815-15,d56e66cc-4a1b-41c9-e0aa-e2cc08cdfb5f,1777377851,0.53,3.24,yes,"{""count_fp"":""3.24"",""created_time"":""2026-04-28T12:04:11.771188Z"",""no_price_dollars"":""0.4700"",""taker_side"":""yes"",""ticker"":""KXETH15M-26APR280815-15"",""trade_id"":""d56e66cc-4a1b-41c9-e0aa-e2cc08cdfb5f"",""yes_price_dollars"":""0.5300""}"
KXETH15M-26APR280815-15,e75e3c1f-4008-5be7-71dd-1c610f4b85a9,1777377857,0.5,10.0,no,"{""count_fp"":""10.00"",""created_time"":""2026-04-28T12:04:17.341087Z"",""no_price_dollars"":""0.5000"",""taker_side"":""no"",""ticker"":""KXETH15M-26APR280815-15"",""trade_id"":""e75e3c1f-4008-5be7-71dd-1c610f4b85a9"",""yes_price_dollars"":""0.5000""}"
KXETH15M-26APR280815-15,359a7704-f091-5c3a-423a-a4a2c9987f4e,1777377857,0.5,28.49,no,"{""count_fp"":""28.49"",""created_time"":""2026-04-28T12:04:17.341087Z"",""no_price_dollars"":""0.5000"",""taker_side"":""no"",""ticker"":""KXETH15M-26APR280815-15"",""trade_id"":""359a7704-f091-5c3a-423a-a4a2c9987f4e"",""yes_price_dollars"":""0.5000""}"
KXETH15M-26APR280815-15,28d47573-9143-5a42-546d-8135c87dbb93,1777377857,0.51,10.0,no,"{""count_fp"":""10.00"",""created_time"":""2026-04-28T12:04:17.341087Z"",""no_price_dollars"":""0.4900"",""taker_side"":""no"",""ticker"":""KXETH15M-26APR280815-15"",""trade_id"":""28d47573-9143-5a42-546d-8135c87dbb93"",""yes_price_dollars"":""0.5100""}"
KXETH15M-26APR280815-15,ae1fcbb2-37f1-78ca-c1bb-b37cd9e9a322,1777377861,0.52,40.0,no,"{""count_fp"":""40.00"",""created_time"":""2026-04-28T12:04:21.157278Z"",""no_price_dollars"":""0.4800"",""taker_side"":""no"",""ticker"":""KXETH15M-26APR280815-15"",""trade_id"":""ae1fcbb2-37f1-78ca-c1bb-b37cd9e9a322"",""yes_price_dollars"":""0.5200""}"
KXETH15M-26APR280815-15,70beb043-e7e6-73a1-e2c4-c5ad96074e79,1777377861,0.52,10.0,no,"{""count_fp"":""10.00"",""created_time"":""2026-04-28T12:04:21.157278Z"",""no_price_dollars"":""0.4800"",""taker_side"":""no"",""ticker"":""KXETH15M-26APR280815-15"",""trade_id"":""70beb043-e7e6-73a1-e2c4-c5ad96074e79"",""yes_price_dollars"":""0.5200""}"
KXETH15M-26APR280815-15,033ef05b-73dc-7023-cdbc-b071b783ee9f,1777377887,0.54,1.0,yes,"{""count_fp"":""1.00"",""created_time"":""2026-04-28T12:04:47.799828Z"",""no_price_dollars"":""0.4600"",""taker_side"":""yes"",""ticker"":""KXETH15M-26APR280815-15"",""trade_id"":""033ef05b-73dc-7023-cdbc-b071b783ee9f"",""yes_price_dollars"":""0.5400""}"
KXETH15M-26APR280815-15,bb922e29-214d-47fa-8aea-191e6d797a66,1777377891,0.53,20.98,no,"{""count_fp"":""20.98"",""created_time"":""2026-04-28T12:04:51.146554Z"",""no_price_dollars"":""0.4700"",""taker_side"":""no"",""ticker"":""KXETH15M-26APR280815-15"",""trade_id"":""bb922e29-214d-47fa-8aea-191e6d797a66"",""yes_price_dollars"":""0.5300""}"
KXETH15M-26APR280815-15,7e06f50a-195f-40a0-9ed9-9ea7714ff071,1777377891,0.53,10.0,no,"{""count_fp"":""10.00"",""created_time"":""2026-04-28T12:04:51.146554Z"",""no_price_dollars"":""0.4700"",""taker_side"":""no"",""ticker"":""KXETH15M-26APR280815-15"",""trade_id"":""7e06f50a-195f-40a0-9ed9-9ea7714ff071"",""yes_price_dollars"":""0.5300""}"
KXETH15M-26APR280815-15,63ffb8bb-a662-4cac-a880-fde42b2fcc3f,1777377891,0.53,9.62,no,"{""count_fp"":""9.62"",""created_time"":""2026-04-28T12:04:51.146554Z"",""no_price_dollars"":""0.4700"",""taker_side"":""no"",""ticker"":""KXETH15M-26APR280815-15"",""trade_id"":""63ffb8bb-a662-4cac-a880-fde42b2fcc3f"",""yes_price_dollars"":""0.5300""}"
KXETH15M-26APR280815-15,d851bd0b-1bcf-5c89-1226-af5298968143,1777377893,0.61,7.97,yes,"{""count_fp"":""7.97"",""created_time"":""2026-04-28T12:04:53.740093Z"",""no_price_dollars"":""0.3900"",""taker_side"":""yes"",""ticker"":""KXETH15M-26APR280815-15"",""trade_id"":""d851bd0b-1bcf-5c89-1226-af5298968143"",""yes_price_dollars"":""0.6100""}"
KXETH15M-26APR280815-15,fc36df77-b7bb-626b-437f-2b01951b9bce,1777377909,0.51,10.0,no,"{""count_fp"":""10.00"",""created_time"":""2026-04-28T12:05:09.192189Z"",""no_price_dollars"":""0.4900"",""taker_side"":""no"",""ticker"":""KXETH15M-26APR280815-15"",""trade_id"":""fc36df77-b7bb-626b-437f-2b01951b9bce"",""yes_price_dollars"":""0.5100""}"
KXETH15M-26APR280815-15,6c704484-2634-6e50-50d8-0aa7ec3fda37,1777377909,0.54,1.0,no,"{""count_fp"":""1.00"",""created_time"":""2026-04-28T12:05:09.192189Z"",""no_price_dollars"":""0.4600"",""taker_side"":""no"",""ticker"":""KXETH15M-26APR280815-15"",""trade_id"":""6c704484-2634-6e50-50d8-0aa7ec3fda37"",""yes_price_dollars"":""0.5400""}"
KXETH15M-26APR280815-15,5e788ad9-fe6d-68e8-6c2a-e435541a0e0d,1777377909,0.51,8.64,no,"{""count_fp"":""8.64"",""created_time"":""2026-04-28T12:05:09.192189Z"",""no_price_dollars"":""0.4900"",""taker_side"":""no"",""ticker"":""KXETH15M-26APR280815-15"",""trade_id"":""5e788ad9-fe6d-68e8-6c2a-e435541a0e0d"",""yes_price_dollars"":""0.5100""}"
KXETH15M-26APR280815-15,b1da355d-b5cb-6342-5a8b-7f5ef82bb723,1777377912,0.56,1.0,yes,"{""count_fp"":""1.00"",""created_time"":""2026-04-28T12:05:12.725376Z"",""no_price_dollars"":""0.4400"",""taker_side"":""yes"",""ticker"":""KXETH15M-26APR280815-15"",""trade_id"":""b1da355d-b5cb-6342-5a8b-7f5ef82bb723"",""yes_price_dollars"":""0.5600""}"
KXETH15M-26APR280815-15,c62d8ff5-a39f-45c2-e9a1-a42e9306112f,1777377915,0.49,80.0,no,"{""count_fp"":""80.00"",""created_time"":""2026-04-28T12:05:15.738874Z"",""no_price_dollars"":""0.5100"",""taker_side"":""no"",""ticker"":""KXETH15M-26APR280815-15"",""trade_id"":""c62d8ff5-a39f-45c2-e9a1-a42e9306112f"",""yes_price_dollars"":""0.4900""}"
KXETH15M-26APR280815-15,c3947379-9c3d-4cbd-d2b3-e0b58811d141,1777377915,0.51,10.0,no,"{""count_fp"":""10.00"",""created_time"":""2026-04-28T12:05:15.738874Z"",""no_price_dollars"":""0.4900"",""taker_side"":""no"",""ticker"":""KXETH15M-26APR280815-15"",""trade_id"":""c3947379-9c3d-4cbd-d2b3-e0b58811d141"",""yes_price_dollars"":""0.5100""}"
KXETH15M-26APR280815-15,524c6847-f2be-48df-ef0a-6a091fb9a04a,1777377915,0.51,100.0,no,"{""count_fp"":""100.00"",""created_time"":""2026-04-28T12:05:15.738874Z"",""no_price_dollars"":""0.4900"",""taker_side"":""no"",""ticker"":""KXETH15M-26APR280815-15"",""trade_id"":""524c6847-f2be-48df-ef0a-6a091fb9a04a"",""yes_price_dollars"":""0.5100""}"
KXETH15M-26APR280815-15,369231b0-faee-4300-da35-4fd5b562c4bb,1777377915,0.47,50.0,no,"{""count_fp"":""50.00"",""created_time"":""2026-04-28T12:05:15.738874Z"",""no_price_dollars"":""0.5300"",""taker_side"":""no"",""ticker"":""KXETH15M-26APR280815-15"",""trade_id"":""369231b0-faee-4300-da35-4fd5b562c4bb"",""yes_price_dollars"":""0.4700""}"
KXETH15M-26APR280815-15,15a829fd-6fe2-4afc-ebb5-3c8e6dba41d0,1777377915,0.49,60.0,no,"{""count_fp"":""60.00"",""created_time"":""2026-04-28T12:05:15.738874Z"",""no_price_dollars"":""0.5100"",""taker_side"":""no"",""ticker"":""KXETH15M-26APR280815-15"",""trade_id"":""15a829fd-6fe2-4afc-ebb5-3c8e6dba41d0"",""yes_price_dollars"":""0.4900""}"
KXETH15M-26APR280815-15,0b2fca83-9b1c-4fba-c2c9-e585fac8da78,1777377915,0.41,2.45,no,"{""count_fp"":""2.45"",""created_time"":""2026-04-28T12:05:15.738874Z"",""no_price_dollars"":""0.5900"",""taker_side"":""no"",""ticker"":""KXETH15M-26APR280815-15"",""trade_id"":""0b2fca83-9b1c-4fba-c2c9-e585fac8da78"",""yes_price_dollars"":""0.4100""}"
KXETH15M-26APR280815-15,0a11b0fd-b625-4d00-f750-197bb8aafb0d,1777377915,0.51,10.0,no,"{""count_fp"":""10.00"",""created_time"":""2026-04-28T12:05:15.738874Z"",""no_price_dollars"":""0.4900"",""taker_side"":""no"",""ticker"":""KXETH15M-26APR280815-15"",""trade_id"":""0a11b0fd-b625-4d00-f750-197bb8aafb0d"",""yes_price_dollars"":""0.5100""}"
KXETH15M-26APR280815-15,f07148de-be10-40d1-e8c3-77a65613ef3d,1777377926,0.55,10.0,yes,"{""count_fp"":""10.00"",""created_time"":""2026-04-28T12:05:26.969745Z"",""no_price_dollars"":""0.4500"",""taker_side"":""yes"",""ticker"":""KXETH15M-26APR280815-15"",""trade_id"":""f07148de-be10-40d1-e8c3-77a65613ef3d"",""yes_price_dollars"":""0.5500""}"
KXETH15M-26APR280815-15,c8773c3e-4d62-7313-24de-12d17ee3c0c8,1777377930,0.63,8.91,yes,"{""count_fp"":""8.91"",""created_time"":""2026-04-28T12:05:30.914365Z"",""no_price_dollars"":""0.3700"",""taker_side"":""yes"",""ticker"":""KXETH15M-26APR280815-15"",""trade_id"":""c8773c3e-4d62-7313-24de-12d17ee3c0c8"",""yes_price_dollars"":""0.6300""}"
KXETH15M-26APR280815-15,c469fabc-e92b-735e-3008-d44f19210737,1777377930,0.64,60.0,yes,"{""count_fp"":""60.00"",""created_time"":""2026-04-28T12:05:30.914365Z"",""no_price_dollars"":""0.3600"",""taker_side"":""yes"",""ticker"":""KXETH15M-26APR280815-15"",""trade_id"":""c469fabc-e92b-735e-3008-d44f19210737"",""yes_price_dollars"":""0.6400""}"
KXETH15M-26APR280815-15,68e42036-2aa6-7e55-3cff-23e6734484f9,1777377930,0.63,10.0,yes,"{""count_fp"":""10.00"",""created_time"":""2026-04-28T12:05:30.914365Z"",""no_price_dollars"":""0.3700"",""taker_side"":""yes"",""ticker"":""KXETH15M-26APR280815-15"",""trade_id"":""68e42036-2aa6-7e55-3cff-23e6734484f9"",""yes_price_dollars"":""0.6300""}"
KXETH15M-26APR280815-15,56c31ff4-d2d1-4a94-c394-8e4dc7f36c30,1777377930,0.59,10.0,yes,"{""count_fp"":""10.00"",""created_time"":""2026-04-28T12:05:30.060343Z"",""no_price_dollars"":""0.4100"",""taker_side"":""yes"",""ticker"":""KXETH15M-26APR280815-15"",""trade_id"":""56c31ff4-d2d1-4a94-c394-8e4dc7f36c30"",""yes_price_dollars"":""0.5900""}"
KXETH15M-26APR280815-15,4f3ed0b2-100e-4b57-db09-6595f034388e,1777377930,0.59,60.0,yes,"{""count_fp"":""60.00"",""created_time"":""2026-04-28T12:05:30.060343Z"",""no_price_dollars"":""0.4100"",""taker_side"":""yes"",""ticker"":""KXETH15M-26APR280815-15"",""trade_id"":""4f3ed0b2-100e-4b57-db09-6595f034388e"",""yes_price_dollars"":""0.5900""}"
KXETH15M-26APR280815-15,40aa62f2-301f-4e25-dd4c-70604d2d15b7,1777377930,0.59,10.0,yes,"{""count_fp"":""10.00"",""created_time"":""2026-04-28T12:05:30.060343Z"",""no_price_dollars"":""0.4100"",""taker_side"":""yes"",""ticker"":""KXETH15M-26APR280815-15"",""trade_id"":""40aa62f2-301f-4e25-dd4c-70604d2d15b7"",""yes_price_dollars"":""0.5900""}"
KXETH15M-26APR280815-15,4a549bcd-60a9-70f4-f773-5ca10168d807,1777377931,0.67,60.0,yes,"{""count_fp"":""60.00"",""created_time"":""2026-04-28T12:05:31.777488Z"",""no_price_dollars"":""0.3300"",""taker_side"":""yes"",""ticker"":""KXETH15M-26APR280815-15"",""trade_id"":""4a549bcd-60a9-70f4-f773-5ca10168d807"",""yes_price_dollars"":""0.6700""}"
KXETH15M-26APR280815-15,3387d94b-4bc3-72be-cdb5-62dd2c55f960,1777377931,0.68,260.0,yes,"{""count_fp"":""260.00"",""created_time"":""2026-04-28T12:05:31.777488Z"",""no_price_dollars"":""0.3200"",""taker_side"":""yes"",""ticker"":""KXETH15M-26APR280815-15"",""trade_id"":""3387d94b-4bc3-72be-cdb5-62dd2c55f960"",""yes_price_dollars"":""0.6800""}"
KXETH15M-26APR280815-15,d8bdc827-9bfa-79a0-060d-386e4afcb6cd,1777377931,0.66,10.0,yes,"{""count_fp"":""10.00"",""created_time"":""2026-04-28T12:05:31.767085Z"",""no_price_dollars"":""0.3400"",""taker_side"":""yes"",""ticker"":""KXETH15M-26APR280815-15"",""trade_id"":""d8bdc827-9bfa-79a0-060d-386e4afcb6cd"",""yes_price_dollars"":""0.6600""}"
KXETH15M-26APR280815-15,27f0f6dd-ad0c-7ba4-8959-f37870edc611,1777377933,0.66,6.86,no,"{""count_fp"":""6.86"",""created_time"":""2026-04-28T12:05:33.306388Z"",""no_price_dollars"":""0.3400"",""taker_side"":""no"",""ticker"":""KXETH15M-26APR280815-15"",""trade_id"":""27f0f6dd-ad0c-7ba4-8959-f37870edc611"",""yes_price_dollars"":""0.6600""}"
KXETH15M-26APR280815-15,6dba7c87-438c-7d56-6b01-9173f644701f,1777377935,0.65,10.0,no,"{""count_fp"":""10.00"",""created_time"":""2026-04-28T12:05:35.069288Z"",""no_price_dollars"":""0.3500"",""taker_side"":""no"",""ticker"":""KXETH15M-26APR280815-15"",""trade_id"":""6dba7c87-438c-7d56-6b01-9173f644701f"",""yes_price_dollars"":""0.6500""}"
KXETH15M-26APR280815-15,bdd780c9-42ef-716f-1f8f-a83cec229f41,1777377936,0.63,1.0,yes,"{""count_fp"":""1.00"",""created_time"":""2026-04-28T12:05:36.925655Z"",""no_price_dollars"":""0.3700"",""taker_side"":""yes"",""ticker"":""KXETH15M-26APR280815-15"",""trade_id"":""bdd780c9-42ef-716f-1f8f-a83cec229f41"",""yes_price_dollars"":""0.6300""}"
KXETH15M-26APR280815-15,2ef7c3e4-15d2-6711-ca71-098d22f0d81c,1777377938,0.66,7.35,yes,"{""count_fp"":""7.35"",""created_time"":""2026-04-28T12:05:38.894924Z"",""no_price_dollars"":""0.3400"",""taker_side"":""yes"",""ticker"":""KXETH15M-26APR280815-15"",""trade_id"":""2ef7c3e4-15d2-6711-ca71-098d22f0d81c"",""yes_price_dollars"":""0.6600""}"
KXETH15M-26APR280815-15,91dfd3ad-7530-5ba1-f787-7ace995fe6bd,1777377941,0.62,9.83,no,"{""count_fp"":""9.83"",""created_time"":""2026-04-28T12:05:41.987168Z"",""no_price_dollars"":""0.3800"",""taker_side"":""no"",""ticker"":""KXETH15M-26APR280815-15"",""trade_id"":""91dfd3ad-7530-5ba1-f787-7ace995fe6bd"",""yes_price_dollars"":""0.6200""}"
KXETH15M-26APR280815-15,458c9236-eedc-5ec4-cd98-b967ddd82440,1777377941,0.62,90.17,no,"{""count_fp"":""90.17"",""created_time"":""2026-04-28T12:05:41.987168Z"",""no_price_dollars"":""0.3800"",""taker_side"":""no"",""ticker"":""KXETH15M-26APR280815-15"",""trade_id"":""458c9236-eedc-5ec4-cd98-b967ddd82440"",""yes_price_dollars"":""0.6200""}"
KXETH15M-26APR280815-15,606f5cd6-ce1e-6e88-d2b8-577003dcd2bc,1777377941,0.66,3.0,yes,"{""count_fp"":""3.00"",""created_time"":""2026-04-28T12:05:41.858723Z"",""no_price_dollars"":""0.3400"",""taker_side"":""yes"",""ticker"":""KXETH15M-26APR280815-15"",""trade_id"":""606f5cd6-ce1e-6e88-d2b8-577003dcd2bc"",""yes_price_dollars"":""0.6600""}"
KXETH15M-26APR280815-15,463b9da8-6335-7435-af69-02955b44c4ff,1777377951,0.69,7.09,yes,"{""count_fp"":""7.09"",""created_time"":""2026-04-28T12:05:51.614792Z"",""no_price_dollars"":""0.3100"",""taker_side"":""yes"",""ticker"":""KXETH15M-26APR280815-15"",""trade_id"":""463b9da8-6335-7435-af69-02955b44c4ff"",""yes_price_dollars"":""0.6900""}"
KXETH15M-26APR280815-15,171b9748-bc01-4260-4d43-e6f37574771e,1777377956,0.72,60.0,yes,"{""count_fp"":""60.00"",""created_time"":""2026-04-28T12:05:56.269706Z"",""no_price_dollars"":""0.2800"",""taker_side"":""yes"",""ticker"":""KXETH15M-26APR280815-15"",""trade_id"":""171b9748-bc01-4260-4d43-e6f37574771e"",""yes_price_dollars"":""0.7200""}"
KXETH15M-26APR280815-15,d7695c2d-0b56-740a-d612-ce1b9a28aca4,1777377956,0.7,9.0,yes,"{""count_fp"":""9.00"",""created_time"":""2026-04-28T12:05:56.230091Z"",""no_price_dollars"":""0.3000"",""taker_side"":""yes"",""ticker"":""KXETH15M-26APR280815-15"",""trade_id"":""d7695c2d-0b56-740a-d612-ce1b9a28aca4"",""yes_price_dollars"":""0.7000""}"
KXETH15M-26APR280815-15,03740501-01ba-4f9a-8f40-9a51a3e019ec,1777377956,0.7,1.0,yes,"{""count_fp"":""1.00"",""created_time"":""2026-04-28T12:05:56.201717Z"",""no_price_dollars"":""0.3000"",""taker_side"":""yes"",""ticker"":""KXETH15M-26APR280815-15"",""trade_id"":""03740501-01ba-4f9a-8f40-9a51a3e019ec"",""yes_price_dollars"":""0.7000""}"
KXETH15M-26APR280815-15,f54ac7b9-0081-7b0a-ea85-2842d2ff710a,1777377965,0.72,5.0,yes,"{""count_fp"":""5.00"",""created_time"":""2026-04-28T12:06:05.815217Z"",""no_price_dollars"":""0.2800"",""taker_side"":""yes"",""ticker"":""KXETH15M-26APR280815-15"",""trade_id"":""f54ac7b9-0081-7b0a-ea85-2842d2ff710a"",""yes_price_dollars"":""0.7200""}"
KXETH15M-26APR280815-15,e13eefdd-94cc-5b14-5c54-315eb708e6f5,1777377966,0.72,53.0,yes,"{""count_fp"":""53.00"",""created_time"":""2026-04-28T12:06:06.495877Z"",""no_price_dollars"":""0.2800"",""taker_side"":""yes"",""ticker"":""KXETH15M-26APR280815-15"",""trade_id"":""e13eefdd-94cc-5b14-5c54-315eb708e6f5"",""yes_price_dollars"":""0.7200""}"
KXETH15M-26APR280815-15,d037f0e1-aba7-5e7b-5776-8f6843f0b7ca,1777377967,0.75,0.8,yes,"{""count_fp"":""0.80"",""created_time"":""2026-04-28T12:06:07.162906Z"",""no_price_dollars"":""0.2500"",""taker_side"":""yes"",""ticker"":""KXETH15M-26APR280815-15"",""trade_id"":""d037f0e1-aba7-5e7b-5776-8f6843f0b7ca"",""yes_price_dollars"":""0.7500""}"
KXETH15M-26APR280815-15,1064d0b9-bc2c-5314-487a-b2faa297b651,1777377967,0.75,0.2,yes,"{""count_fp"":""0.20"",""created_time"":""2026-04-28T12:06:07.162906Z"",""no_price_dollars"":""0.2500"",""taker_side"":""yes"",""ticker"":""KXETH15M-26APR280815-15"",""trade_id"":""1064d0b9-bc2c-5314-487a-b2faa297b651"",""yes_price_dollars"":""0.7500""}"
KXETH15M-26APR280815-15,9f047858-9ba9-50ed-d2c1-9b33e7cbf658,1777377974,0.69,2.0,no,"{""count_fp"":""2.00"",""created_time"":""2026-04-28T12:06:14.548944Z"",""no_price_dollars"":""0.3100"",""taker_side"":""no"",""ticker"":""KXETH15M-26APR280815-15"",""trade_id"":""9f047858-9ba9-50ed-d2c1-9b33e7cbf658"",""yes_price_dollars"":""0.6900""}"
KXETH15M-26APR280815-15,2700f79b-5582-576d-ca95-65405c9c28cc,1777377974,0.69,22.43,no,"{""count_fp"":""22.43"",""created_time"":""2026-04-28T12:06:14.548944Z"",""no_price_dollars"":""0.3100"",""taker_side"":""no"",""ticker"":""KXETH15M-26APR280815-15"",""trade_id"":""2700f79b-5582-576d-ca95-65405c9c28cc"",""yes_price_dollars"":""0.6900""}"
KXETH15M-26APR280815-15,2211830b-595b-53d3-dbf6-243bcb0a2e6d,1777377974,0.72,6.0,no,"{""count_fp"":""6.00"",""created_time"":""2026-04-28T12:06:14.548944Z"",""no_price_dollars"":""0.2800"",""taker_side"":""no"",""ticker"":""KXETH15M-26APR280815-15"",""trade_id"":""2211830b-595b-53d3-dbf6-243bcb0a2e6d"",""yes_price_dollars"":""0.7200""}"
KXETH15M-26APR280815-15,4e934f33-580e-4d08-bc41-483d9080657c,1777377979,0.75,1.26,yes,"{""count_fp"":""1.26"",""created_time"":""2026-04-28T12:06:19.399837Z"",""no_price_dollars"":""0.2500"",""taker_side"":""yes"",""ticker"":""KXETH15M-26APR280815-15"",""trade_id"":""4e934f33-580e-4d08-bc41-483d9080657c"",""yes_price_dollars"":""0.7500""}"
KXETH15M-26APR280815-15,25d73de3-e507-4d0b-125b-5a2c71dffbf6,1777377988,0.77,1.0,yes,"{""count_fp"":""1.00"",""created_time"":""2026-04-28T12:06:28.958902Z"",""no_price_dollars"":""0.2300"",""taker_side"":""yes"",""ticker"":""KXETH15M-26APR280815-15"",""trade_id"":""25d73de3-e507-4d0b-125b-5a2c71dffbf6"",""yes_price_dollars"":""0.7700""}"
KXETH15M-26APR280815-15,4df7425c-909b-6e9f-7eba-0f373bfb0b6a,1777377989,0.77,3.19,yes,"{""count_fp"":""3.19"",""created_time"":""2026-04-28T12:06:29.071287Z"",""no_price_dollars"":""0.2300"",""taker_side"":""yes"",""ticker"":""KXETH15M-26APR280815-15"",""trade_id"":""4df7425c-909b-6e9f-7eba-0f373bfb0b6a"",""yes_price_dollars"":""0.7700""}"
KXETH15M-26APR280815-15,36261e54-b97f-6136-c343-e0ad7328b566,1777378008,0.78,1.0,yes,"{""count_fp"":""1.00"",""created_time"":""2026-04-28T12:06:48.185833Z"",""no_price_dollars"":""0.2200"",""taker_side"":""yes"",""ticker"":""KXETH15M-26APR280815-15"",""trade_id"":""36261e54-b97f-6136-c343-e0ad7328b566"",""yes_price_dollars"":""0.7800""}"
KXETH15M-26APR280815-15,07308b3b-0791-7405-f6e7-004a4f5b7eaa,1777378015,0.71,1.0,no,"{""count_fp"":""1.00"",""created_time"":""2026-04-28T12:06:55.477661Z"",""no_price_dollars"":""0.2900"",""taker_side"":""no"",""ticker"":""KXETH15M-26APR280815-15"",""trade_id"":""07308b3b-0791-7405-f6e7-004a4f5b7eaa"",""yes_price_dollars"":""0.7100""}"
KXETH15M-26APR280815-15,22998d0c-050d-6072-fee7-e183adbe1744,1777378016,0.71,20.0,yes,"{""count_fp"":""20.00"",""created_time"":""2026-04-28T12:06:56.625784Z"",""no_price_dollars"":""0.2900"",""taker_side"":""yes"",""ticker"":""KXETH15M-26APR280815-15"",""trade_id"":""22998d0c-050d-6072-fee7-e183adbe1744"",""yes_price_dollars"":""0.7100""}"
KXETH15M-26APR280815-15,bd025b31-d5fb-737b-beb0-4cbe1c464796,1777378033,0.77,1.0,yes,"{""count_fp"":""1.00"",""created_time"":""2026-04-28T12:07:13.342406Z"",""no_price_dollars"":""0.2300"",""taker_side"":""yes"",""ticker"":""KXETH15M-26APR280815-15"",""trade_id"":""bd025b31-d5fb-737b-beb0-4cbe1c464796"",""yes_price_dollars"":""0.7700""}"
KXETH15M-26APR280815-15,ed311445-37cc-72dc-c0c5-8587a6e9b5d1,1777378039,0.62,10.0,no,"{""count_fp"":""10.00"",""created_time"":""2026-04-28T12:07:19.775868Z"",""no_price_dollars"":""0.3800"",""taker_side"":""no"",""ticker"":""KXETH15M-26APR280815-15"",""trade_id"":""ed311445-37cc-72dc-c0c5-8587a6e9b5d1"",""yes_price_dollars"":""0.6200""}"
KXETH15M-26APR280815-15,b38096a5-e416-769f-276a-546f7a3bbd96,1777378039,0.69,2.0,no,"{""count_fp"":""2.00"",""created_time"":""2026-04-28T12:07:19.695879Z"",""no_price_dollars"":""0.3100"",""taker_side"":""no"",""ticker"":""KXETH15M-26APR280815-15"",""trade_id"":""b38096a5-e416-769f-276a-546f7a3bbd96"",""yes_price_dollars"":""0.6900""}"
KXETH15M-26APR280815-15,465dcc45-de86-7c21-27ab-92f6a051b068,1777378039,0.66,6.0,no,"{""count_fp"":""6.00"",""created_time"":""2026-04-28T12:07:19.695879Z"",""no_price_dollars"":""0.3400"",""taker_side"":""no"",""ticker"":""KXETH15M-26APR280815-15"",""trade_id"":""465dcc45-de86-7c21-27ab-92f6a051b068"",""yes_price_dollars"":""0.6600""}"
KXETH15M-26APR280815-15,cc639ec8-ffd5-4c63-acb9-e9e4c7f72ab1,1777378039,0.7,100.0,no,"{""count_fp"":""100.00"",""created_time"":""2026-04-28T12:07:19.422183Z"",""no_price_dollars"":""0.3000"",""taker_side"":""no"",""ticker"":""KXETH15M-26APR280815-15"",""trade_id"":""cc639ec8-ffd5-4c63-acb9-e9e4c7f72ab1"",""yes_price_dollars"":""0.7000""}"
KXETH15M-26APR280815-15,c3a2a122-8904-42a7-8a33-6eb118f80854,1777378039,0.7,2.0,no,"{""count_fp"":""2.00"",""created_time"":""2026-04-28T12:07:19.422183Z"",""no_price_dollars"":""0.3000"",""taker_side"":""no"",""ticker"":""KXETH15M-26APR280815-15"",""trade_id"":""c3a2a122-8904-42a7-8a33-6eb118f80854"",""yes_price_dollars"":""0.7000""}"
KXETH15M-26APR280815-15,bafd7a93-0212-6176-57af-92af6f515477,1777378040,0.58,10.0,no,"{""count_fp"":""10.00"",""created_time"":""2026-04-28T12:07:20.980572Z"",""no_price_dollars"":""0.4200"",""taker_side"":""no"",""ticker"":""KXETH15M-26APR280815-15"",""trade_id"":""bafd7a93-0212-6176-57af-92af6f515477"",""yes_price_dollars"":""0.5800""}"
KXETH15M-26APR280815-15,1ef320a0-efb1-7ba5-492d-7007d9c62b78,1777378041,0.56,10.0,no,"{""count_fp"":""10.00"",""created_time"":""2026-04-28T12:07:21.914039Z"",""no_price_dollars"":""0.4400"",""taker_side"":""no"",""ticker"":""KXETH15M-26APR280815-15"",""trade_id"":""1ef320a0-efb1-7ba5-492d-7007d9c62b78"",""yes_price_dollars"":""0.5600""}"
KXETH15M-26APR280815-15,c82af94f-9ce6-592b-1266-85f4e25a77e9,1777378043,0.56,1.0,no,"{""count_fp"":""1.00"",""created_time"":""2026-04-28T12:07:23.902337Z"",""no_price_dollars"":""0.4400"",""taker_side"":""no"",""ticker"":""KXETH15M-26APR280815-15"",""trade_id"":""c82af94f-9ce6-592b-1266-85f4e25a77e9"",""yes_price_dollars"":""0.5600""}"
KXETH15M-26APR280815-15,aad2d821-561e-4375-61eb-b57b74387196,1777378045,0.58,5.0,yes,"{""count_fp"":""5.00"",""created_time"":""2026-04-28T12:07:25.963Z"",""no_price_dollars"":""0.4200"",""taker_side"":""yes"",""ticker"":""KXETH15M-26APR280815-15"",""trade_id"":""aad2d821-561e-4375-61eb-b57b74387196"",""yes_price_dollars"":""0.5800""}"
KXETH15M-26APR280815-15,c0ed8854-95da-5391-f918-7266171b58fd,1777378059,0.52,12.0,no,"{""count_fp"":""12.00"",""created_time"":""2026-04-28T12:07:39.540633Z"",""no_price_dollars"":""0.4800"",""taker_side"":""no"",""ticker"":""KXETH15M-26APR280815-15"",""trade_id"":""c0ed8854-95da-5391-f918-7266171b58fd"",""yes_price_dollars"":""0.5200""}"
KXETH15M-26APR280815-15,81df49f4-78fe-4736-65a0-e73b38415c9e,1777378059,0.55,15.0,no,"{""count_fp"":""15.00"",""created_time"":""2026-04-28T12:07:39.142063Z"",""no_price_dollars"":""0.4500"",""taker_side"":""no"",""ticker"":""KXETH15M-26APR280815-15"",""trade_id"":""81df49f4-78fe-4736-65a0-e73b38415c9e"",""yes_price_dollars"":""0.5500""}"
KXETH15M-26APR280815-15,e73b6d33-af5f-6da6-0fd8-4852888d843c,1777378060,0.57,10.0,yes,"{""count_fp"":""10.00"",""created_time"":""2026-04-28T12:07:40.841542Z"",""no_price_dollars"":""0.4300"",""taker_side"":""yes"",""ticker"":""KXETH15M-26APR280815-15"",""trade_id"":""e73b6d33-af5f-6da6-0fd8-4852888d843c"",""yes_price_dollars"":""0.5700""}"
KXETH15M-26APR280815-15,27ea3f03-2d2f-644b-3ed2-204d2a125932,1777378060,0.57,10.0,yes,"{""count_fp"":""10.00"",""created_time"":""2026-04-28T12:07:40.841542Z"",""no_price_dollars"":""0.4300"",""taker_side"":""yes"",""ticker"":""KXETH15M-26APR280815-15"",""trade_id"":""27ea3f03-2d2f-644b-3ed2-204d2a125932"",""yes_price_dollars"":""0.5700""}"
KXETH15M-26APR280815-15,8e126765-93af-6783-15fe-f29fcdf03312,1777378064,0.57,5.2,no,"{""count_fp"":""5.20"",""created_time"":""2026-04-28T12:07:44.961789Z"",""no_price_dollars"":""0.4300"",""taker_side"":""no"",""ticker"":""KXETH15M-26APR280815-15"",""trade_id"":""8e126765-93af-6783-15fe-f29fcdf03312"",""yes_price_dollars"":""0.5700""}"
KXETH15M-26APR280815-15,52a1f66f-f90a-6f3d-3658-484f3c5140b0,1777378064,0.57,10.0,no,"{""count_fp"":""10.00"",""created_time"":""2026-04-28T12:07:44.961789Z"",""no_price_dollars"":""0.4300"",""taker_side"":""no"",""ticker"":""KXETH15M-26APR280815-15"",""trade_id"":""52a1f66f-f90a-6f3d-3658-484f3c5140b0"",""yes_price_dollars"":""0.5700""}"
KXETH15M-26APR280815-15,d31a1ea3-1f47-5c82-30c5-def6ab97c0f3,1777378065,0.56,20.0,no,"{""count_fp"":""20.00"",""created_time"":""2026-04-28T12:07:45.061899Z"",""no_price_dollars"":""0.4400"",""taker_side"":""no"",""ticker"":""KXETH15M-26APR280815-15"",""trade_id"":""d31a1ea3-1f47-5c82-30c5-def6ab97c0f3"",""yes_price_dollars"":""0.5600""}"
KXETH15M-26APR280815-15,8e606cfb-1dde-6085-eee3-66e33ee353c4,1777378066,0.57,99.52,no,"{""count_fp"":""99.52"",""created_time"":""2026-04-28T12:07:46.821219Z"",""no_price_dollars"":""0.4300"",""taker_side"":""no"",""ticker"":""KXETH15M-26APR280815-15"",""trade_id"":""8e606cfb-1dde-6085-eee3-66e33ee353c4"",""yes_price_dollars"":""0.5700""}"
KXETH15M-26APR280815-15,68237983-7c11-6ccb-f520-09c44f97e15c,1777378066,0.57,9.82,no,"{""count_fp"":""9.82"",""created_time"":""2026-04-28T12:07:46.821219Z"",""no_price_dollars"":""0.4300"",""taker_side"":""no"",""ticker"":""KXETH15M-26APR280815-15"",""trade_id"":""68237983-7c11-6ccb-f520-09c44f97e15c"",""yes_price_dollars"":""0.5700""}"
KXETH15M-26APR280815-15,54d46968-5907-79fa-d857-08a2d36eaf02,1777378067,0.57,9.82,no,"{""count_fp"":""9.82"",""created_time"":""2026-04-28T12:07:47.620662Z"",""no_price_dollars"":""0.4300"",""taker_side"":""no"",""ticker"":""KXETH15M-26APR280815-15"",""trade_id"":""54d46968-5907-79fa-d857-08a2d36eaf02"",""yes_price_dollars"":""0.5700""}"
KXETH15M-26APR280815-15,085f9eec-e53c-7666-c660-73e007f3c0c1,1777378067,0.57,22.98,no,"{""count_fp"":""22.98"",""created_time"":""2026-04-28T12:07:47.620662Z"",""no_price_dollars"":""0.4300"",""taker_side"":""no"",""ticker"":""KXETH15M-26APR280815-15"",""trade_id"":""085f9eec-e53c-7666-c660-73e007f3c0c1"",""yes_price_dollars"":""0.5700""}"
KXETH15M-26APR280815-15,e7387a8d-bc72-74eb-2bf6-9e169fdce6a4,1777378077,0.57,10.0,yes,"{""count_fp"":""10.00"",""created_time"":""2026-04-28T12:07:57.655813Z"",""no_price_dollars"":""0.4300"",""taker_side"":""yes"",""ticker"":""KXETH15M-26APR280815-15"",""trade_id"":""e7387a8d-bc72-74eb-2bf6-9e169fdce6a4"",""yes_price_dollars"":""0.5700""}"
KXETH15M-26APR280815-15,e2c8bc7e-d249-7772-1070-00de1117d450,1777378077,0.57,90.0,yes,"{""count_fp"":""90.00"",""created_time"":""2026-04-28T12:07:57.655813Z"",""no_price_dollars"":""0.4300"",""taker_side"":""yes"",""ticker"":""KXETH15M-26APR280815-15"",""trade_id"":""e2c8bc7e-d249-7772-1070-00de1117d450"",""yes_price_dollars"":""0.5700""}"
KXETH15M-26APR280815-15,e11fe7fd-803a-7997-0571-9e13ffef846a,1777378080,0.55,10.0,yes,"{""count_fp"":""10.00"",""created_time"":""2026-04-28T12:08:00.111015Z"",""no_price_dollars"":""0.4500"",""taker_side"":""yes"",""ticker"":""KXETH15M-26APR280815-15"",""trade_id"":""e11fe7fd-803a-7997-0571-9e13ffef846a"",""yes_price_dollars"":""0.5500""}"
KXETH15M-26APR280815-15,24888c1b-8ca6-5f0d-2301-75cc00ea5403,1777378086,0.53,2.0,no,"{""count_fp"":""2.00"",""created_time"":""2026-04-28T12:08:06.619339Z"",""no_price_dollars"":""0.4700"",""taker_side"":""no"",""ticker"":""KXETH15M-26APR280815-15"",""trade_id"":""24888c1b-8ca6-5f0d-2301-75cc00ea5403"",""yes_price_dollars"":""0.5300""}"
KXETH15M-26APR280815-15,bf028583-a6ab-4d27-0a34-1d7eb3f491c2,1777378090,0.53,10.0,no,"{""count_fp"":""10.00"",""created_time"":""2026-04-28T12:08:10.006946Z"",""no_price_dollars"":""0.4700"",""taker_side"":""no"",""ticker"":""KXETH15M-26APR280815-15"",""trade_id"":""bf028583-a6ab-4d27-0a34-1d7eb3f491c2"",""yes_price_dollars"":""0.5300""}"
KXETH15M-26APR280815-15,9d647484-375c-48bd-3d60-c87f9bc20899,1777378090,0.53,10.0,no,"{""count_fp"":""10.00"",""created_time"":""2026-04-28T12:08:10.006946Z"",""no_price_dollars"":""0.4700"",""taker_side"":""no"",""ticker"":""KXETH15M-26APR280815-15"",""trade_id"":""9d647484-375c-48bd-3d60-c87f9bc20899"",""yes_price_dollars"":""0.5300""}"
KXETH15M-26APR280815-15,1f218644-7a16-447d-3b09-91248f347c31,1777378090,0.52,18.57,no,"{""count_fp"":""18.57"",""created_time"":""2026-04-28T12:08:10.006946Z"",""no_price_dollars"":""0.4800"",""taker_side"":""no"",""ticker"":""KXETH15M-26APR280815-15"",""trade_id"":""1f218644-7a16-447d-3b09-91248f347c31"",""yes_price_dollars"":""0.5200""}"
KXETH15M-26APR280815-15,59ac13ba-9a16-6309-4f1f-fd2fe757961c,1777378093,0.57,8.51,yes,"{""count_fp"":""8.51"",""created_time"":""2026-04-28T12:08:13.929739Z"",""no_price_dollars"":""0.4300"",""taker_side"":""yes"",""ticker"":""KXETH15M-26APR280815-15"",""trade_id"":""59ac13ba-9a16-6309-4f1f-fd2fe757961c"",""yes_price_dollars"":""0.5700""}"
KXETH15M-26APR280815-15,75f7da29-7a97-4fd5-7c50-3db8633ef6fa,1777378094,0.53,2.38,no,"{""count_fp"":""2.38"",""created_time"":""2026-04-28T12:08:14.786124Z"",""no_price_dollars"":""0.4700"",""taker_side"":""no"",""ticker"":""KXETH15M-26APR280815-15"",""trade_id"":""75f7da29-7a97-4fd5-7c50-3db8633ef6fa"",""yes_price_dollars"":""0.5300""}"
KXETH15M-26APR280815-15,33638995-88ea-4820-43aa-b8e2ea821781,1777378094,0.53,9.62,no,"{""count_fp"":""9.62"",""created_time"":""2026-04-28T12:08:14.786124Z"",""no_price_dollars"":""0.4700"",""taker_side"":""no"",""ticker"":""KXETH15M-26APR280815-15"",""trade_id"":""33638995-88ea-4820-43aa-b8e2ea821781"",""yes_price_dollars"":""0.5300""}"
KXETH15M-26APR280815-15,309c9048-d4e8-49bb-5e9f-4e73aea5c608,1777378094,0.53,10.0,no,"{""count_fp"":""10.00"",""created_time"":""2026-04-28T12:08:14.786124Z"",""no_price_dollars"":""0.4700"",""taker_side"":""no"",""ticker"":""KXETH15M-26APR280815-15"",""trade_id"":""309c9048-d4e8-49bb-5e9f-4e73aea5c608"",""yes_price_dollars"":""0.5300""}"
KXETH15M-26APR280815-15,f8d215ef-c9ab-5659-d60e-3d7782d6de3e,1777378098,0.55,8.0,no,"{""count_fp"":""8.00"",""created_time"":""2026-04-28T12:08:18.152773Z"",""no_price_dollars"":""0.4500"",""taker_side"":""no"",""ticker"":""KXETH15M-26APR280815-15"",""trade_id"":""f8d215ef-c9ab-5659-d60e-3d7782d6de3e"",""yes_price_dollars"":""0.5500""}"
KXETH15M-26APR280815-15,f83eff8c-3262-62b5-9c89-527d71114644,1777378101,0.61,10.0,yes,"{""count_fp"":""10.00"",""created_time"":""2026-04-28T12:08:21.143655Z"",""no_price_dollars"":""0.3900"",""taker_side"":""yes"",""ticker"":""KXETH15M-26APR280815-15"",""trade_id"":""f83eff8c-3262-62b5-9c89-527d71114644"",""yes_price_dollars"":""0.6100""}"
KXETH15M-26APR280815-15,c05c115d-e3f6-62cc-aa55-21d3ed435499,1777378101,0.61,10.0,yes,"{""count_fp"":""10.00"",""created_time"":""2026-04-28T12:08:21.143655Z"",""no_price_dollars"":""0.3900"",""taker_side"":""yes"",""ticker"":""KXETH15M-26APR280815-15"",""trade_id"":""c05c115d-e3f6-62cc-aa55-21d3ed435499"",""yes_price_dollars"":""0.6100""}"
KXETH15M-26APR280815-15,9e658a7b-acf3-5235-ea7f-e66e54e1d5ee,1777378103,0.62,5.0,no,"{""count_fp"":""5.00"",""created_time"":""2026-04-28T12:08:23.114321Z"",""no_price_dollars"":""0.3800"",""taker_side"":""no"",""ticker"":""KXETH15M-26APR280815-15"",""trade_id"":""9e658a7b-acf3-5235-ea7f-e66e54e1d5ee"",""yes_price_dollars"":""0.6200""}"
KXETH15M-26APR280815-15,cd77c4f8-7b28-7edd-f168-c7427b5169bb,1777378110,0.66,5.0,yes,"{""count_fp"":""5.00"",""created_time"":""2026-04-28T12:08:30.240653Z"",""no_price_dollars"":""0.3400"",""taker_side"":""yes"",""ticker"":""KXETH15M-26APR280815-15"",""trade_id"":""cd77c4f8-7b28-7edd-f168-c7427b5169bb"",""yes_price_dollars"":""0.6600""}"
KXETH15M-26APR280815-15,a2cc9b75-8541-487a-28a8-c6a25bba3885,1777378111,0.7,15.0,yes,"{""count_fp"":""15.00"",""created_time"":""2026-04-28T12:08:31.645723Z"",""no_price_dollars"":""0.3000"",""taker_side"":""yes"",""ticker"":""KXETH15M-26APR280815-15"",""trade_id"":""a2cc9b75-8541-487a-28a8-c6a25bba3885"",""yes_price_dollars"":""0.7000""}"
KXETH15M-26APR280815-15,7a85f6e1-f0ab-4de0-30f2-b1d08b1b3051,1777378111,0.68,10.0,yes,"{""count_fp"":""10.00"",""created_time"":""2026-04-28T12:08:31.645723Z"",""no_price_dollars"":""0.3200"",""taker_side"":""yes"",""ticker"":""KXETH15M-26APR280815-15"",""trade_id"":""7a85f6e1-f0ab-4de0-30f2-b1d08b1b3051"",""yes_price_dollars"":""0.6800""}"
KXETH15M-26APR280815-15,46c00080-fa6c-4afd-3adb-cdfafa075f7f,1777378111,0.67,10.0,yes,"{""count_fp"":""10.00"",""created_time"":""2026-04-28T12:08:31.645723Z"",""no_price_dollars"":""0.3300"",""taker_side"":""yes"",""ticker"":""KXETH15M-26APR280815-15"",""trade_id"":""46c00080-fa6c-4afd-3adb-cdfafa075f7f"",""yes_price_dollars"":""0.6700""}"
KXETH15M-26APR280815-15,026cfd7a-879e-4373-3e9f-5428a519bb56,1777378111,0.71,3.57,yes,"{""count_fp"":""3.57"",""created_time"":""2026-04-28T12:08:31.645723Z"",""no_price_dollars"":""0.2900"",""taker_side"":""yes"",""ticker"":""KXETH15M-26APR280815-15"",""trade_id"":""026cfd7a-879e-4373-3e9f-5428a519bb56"",""yes_price_dollars"":""0.7100""}"
KXETH15M-26APR280815-15,ce584d54-ce58-418a-4087-0b7f2888707b,1777378119,0.72,0.83,yes,"{""count_fp"":""0.83"",""created_time"":""2026-04-28T12:08:39.016893Z"",""no_price_dollars"":""0.2800"",""taker_side"":""yes"",""ticker"":""KXETH15M-26APR280815-15"",""trade_id"":""ce584d54-ce58-418a-4087-0b7f2888707b"",""yes_price_dollars"":""0.7200""}"
KXETH15M-26APR280815-15,f3cc8cd3-4302-4682-286a-37b3151195d2,1777378127,0.78,10.0,yes,"{""count_fp"":""10.00"",""created_time"":""2026-04-28T12:08:47.648015Z"",""no_price_dollars"":""0.2200"",""taker_side"":""yes"",""ticker"":""KXETH15M-26APR280815-15"",""trade_id"":""f3cc8cd3-4302-4682-286a-37b3151195d2"",""yes_price_dollars"":""0.7800""}"
KXETH15M-26APR280815-15,d4244f59-cd66-4d16-23f9-c61bfcb022c3,1777378127,0.8,5.0,yes,"{""count_fp"":""5.00"",""created_time"":""2026-04-28T12:08:47.648015Z"",""no_price_dollars"":""0.2000"",""taker_side"":""yes"",""ticker"":""KXETH15M-26APR280815-15"",""trade_id"":""d4244f59-cd66-4d16-23f9-c61bfcb022c3"",""yes_price_dollars"":""0.8000""}"
KXETH15M-26APR280815-15,1ac821c2-185d-4b32-303e-d37be725300b,1777378127,0.78,10.0,yes,"{""count_fp"":""10.00"",""created_time"":""2026-04-28T12:08:47.648015Z"",""no_price_dollars"":""0.2200"",""taker_side"":""yes"",""ticker"":""KXETH15M-26APR280815-15"",""trade_id"":""1ac821c2-185d-4b32-303e-d37be725300b"",""yes_price_dollars"":""0.7800""}"
KXETH15M-26APR280815-15,101be880-27d7-4e8d-7aae-9514a457e63a,1777378130,0.73,1.0,no,"{""count_fp"":""1.00"",""created_time"":""2026-04-28T12:08:50.949492Z"",""no_price_dollars"":""0.2700"",""taker_side"":""no"",""ticker"":""KXETH15M-26APR280815-15"",""trade_id"":""101be880-27d7-4e8d-7aae-9514a457e63a"",""yes_price_dollars"":""0.7300""}"
KXETH15M-26APR280815-15,e748d1bc-4316-7f9f-bd51-5881e8eb31a7,1777378133,0.8,5.0,yes,"{""count_fp"":""5.00"",""created_time"":""2026-04-28T12:08:53.303291Z"",""no_price_dollars"":""0.2000"",""taker_side"":""yes"",""ticker"":""KXETH15M-26APR280815-15"",""trade_id"":""e748d1bc-4316-7f9f-bd51-5881e8eb31a7"",""yes_price_dollars"":""0.8000""}"
KXETH15M-26APR280815-15,9aa769da-80c0-6942-3537-7832cd424e29,1777378138,0.78,14.56,no,"{""count_fp"":""14.56"",""created_time"":""2026-04-28T12:08:58.139561Z"",""no_price_dollars"":""0.2200"",""taker_side"":""no"",""ticker"":""KXETH15M-26APR280815-15"",""trade_id"":""9aa769da-80c0-6942-3537-7832cd424e29"",""yes_price_dollars"":""0.7800""}"
KXETH15M-26APR280815-15,74cc2534-4bea-65d1-00d1-1d876a903ecc,1777378138,0.8,22.0,no,"{""count_fp"":""22.00"",""created_time"":""2026-04-28T12:08:58.139561Z"",""no_price_dollars"":""0.2000"",""taker_side"":""no"",""ticker"":""KXETH15M-26APR280815-15"",""trade_id"":""74cc2534-4bea-65d1-00d1-1d876a903ecc"",""yes_price_dollars"":""0.8000""}"
KXETH15M-26APR280815-15,be95c74b-4eb3-4a65-6b08-ddfe1aa86b6f,1777378143,0.74,10.0,no,"{""count_fp"":""10.00"",""created_time"":""2026-04-28T12:09:03.535344Z"",""no_price_dollars"":""0.2600"",""taker_side"":""no"",""ticker"":""KXETH15M-26APR280815-15"",""trade_id"":""be95c74b-4eb3-4a65-6b08-ddfe1aa86b6f"",""yes_price_dollars"":""0.7400""}"
KXETH15M-26APR280815-15,78294a00-894f-576d-5031-e2ce282925f6,1777378143,0.75,10.0,no,"{""count_fp"":""10.00"",""created_time"":""2026-04-28T12:09:03.521949Z"",""no_price_dollars"":""0.2500"",""taker_side"":""no"",""ticker"":""KXETH15M-26APR280815-15"",""trade_id"":""78294a00-894f-576d-5031-e2ce282925f6"",""yes_price_dollars"":""0.7500""}"
KXETH15M-26APR280815-15,11625293-dd95-53e1-bdd1-5ea315f5163a,1777378144,0.79,1.0,yes,"{""count_fp"":""1.00"",""created_time"":""2026-04-28T12:09:04.992005Z"",""no_price_dollars"":""0.2100"",""taker_side"":""yes"",""ticker"":""KXETH15M-26APR280815-15"",""trade_id"":""11625293-dd95-53e1-bdd1-5ea315f5163a"",""yes_price_dollars"":""0.7900""}"
KXETH15M-26APR280815-15,05595980-83d3-639e-f27a-1bc035e16fc0,1777378145,0.79,1.0,yes,"{""count_fp"":""1.00"",""created_time"":""2026-04-28T12:09:05.268608Z"",""no_price_dollars"":""0.2100"",""taker_side"":""yes"",""ticker"":""KXETH15M-26APR280815-15"",""trade_id"":""05595980-83d3-639e-f27a-1bc035e16fc0"",""yes_price_dollars"":""0.7900""}"
KXETH15M-26APR280815-15,b6100c64-00df-4b92-9d91-04e2faefcc98,1777378146,0.79,1.0,yes,"{""count_fp"":""1.00"",""created_time"":""2026-04-28T12:09:06.334791Z"",""no_price_dollars"":""0.2100"",""taker_side"":""yes"",""ticker"":""KXETH15M-26APR280815-15"",""trade_id"":""b6100c64-00df-4b92-9d91-04e2faefcc98"",""yes_price_dollars"":""0.7900""}"
KXETH15M-26APR280815-15,54b79c62-931f-629c-4d08-a4322fbb6bcd,1777378147,0.78,1.0,yes,"{""count_fp"":""1.00"",""created_time"":""2026-04-28T12:09:07.912232Z"",""no_price_dollars"":""0.2200"",""taker_side"":""yes"",""ticker"":""KXETH15M-26APR280815-15"",""trade_id"":""54b79c62-931f-629c-4d08-a4322fbb6bcd"",""yes_price_dollars"":""0.7800""}"
KXETH15M-26APR280815-15,9ad5db79-e68e-6baf-3202-0aeb2b3ee15f,1777378149,0.78,1.0,yes,"{""count_fp"":""1.00"",""created_time"":""2026-04-28T12:09:09.309625Z"",""no_price_dollars"":""0.2200"",""taker_side"":""yes"",""ticker"":""KXETH15M-26APR280815-15"",""trade_id"":""9ad5db79-e68e-6baf-3202-0aeb2b3ee15f"",""yes_price_dollars"":""0.7800""}"
KXETH15M-26APR280815-15,8ed82b6e-7e75-699b-9a2c-f64a3492d03f,1777378151,0.74,3.52,no,"{""count_fp"":""3.52"",""created_time"":""2026-04-28T12:09:11.627308Z"",""no_price_dollars"":""0.2600"",""taker_side"":""no"",""ticker"":""KXETH15M-26APR280815-15"",""trade_id"":""8ed82b6e-7e75-699b-9a2c-f64a3492d03f"",""yes_price_dollars"":""0.7400""}"
KXETH15M-26APR280815-15,50e20434-178f-4cfa-82f0-fd65371de018,1777378154,0.79,20.15,yes,"{""count_fp"":""20.15"",""created_time"":""2026-04-28T12:09:14.964661Z"",""no_price_dollars"":""0.2100"",""taker_side"":""yes"",""ticker"":""KXETH15M-26APR280815-15"",""trade_id"":""50e20434-178f-4cfa-82f0-fd65371de018"",""yes_price_dollars"":""0.7900""}"
KXETH15M-26APR280815-15,3d1de90b-2178-42fc-9219-f8d9cfdaf89e,1777378154,0.78,10.0,yes,"{""count_fp"":""10.00"",""created_time"":""2026-04-28T12:09:14.964661Z"",""no_price_dollars"":""0.2200"",""taker_side"":""yes"",""ticker"":""KXETH15M-26APR280815-15"",""trade_id"":""3d1de90b-2178-42fc-9219-f8d9cfdaf89e"",""yes_price_dollars"":""0.7800""}"
KXETH15M-26APR280815-15,ce0299a0-28d6-43b7-5941-462fb764222c,1777378157,0.71,10.0,no,"{""count_fp"":""10.00"",""created_time"":""2026-04-28T12:09:17.760809Z"",""no_price_dollars"":""0.2900"",""taker_side"":""no"",""ticker"":""KXETH15M-26APR280815-15"",""trade_id"":""ce0299a0-28d6-43b7-5941-462fb764222c"",""yes_price_dollars"":""0.7100""}"
KXETH15M-26APR280815-15,2c26a3b1-4eef-4669-45fb-63d5d8cd4233,1777378157,0.71,10.0,no,"{""count_fp"":""10.00"",""created_time"":""2026-04-28T12:09:17.760809Z"",""no_price_dollars"":""0.2900"",""taker_side"":""no"",""ticker"":""KXETH15M-26APR280815-15"",""trade_id"":""2c26a3b1-4eef-4669-45fb-63d5d8cd4233"",""yes_price_dollars"":""0.7100""}"
KXETH15M-26APR280815-15,b9abe562-5319-49e5-d0e7-ab1942d9c333,1777378173,0.68,43.0,yes,"{""count_fp"":""43.00"",""created_time"":""2026-04-28T12:09:33.939314Z"",""no_price_dollars"":""0.3200"",""taker_side"":""yes"",""ticker"":""KXETH15M-26APR280815-15"",""trade_id"":""b9abe562-5319-49e5-d0e7-ab1942d9c333"",""yes_price_dollars"":""0.6800""}"
KXETH15M-26APR280815-15,ba10e0df-1b56-76c3-383a-9c2a77b11a06,1777378175,0.66,10.0,no,"{""count_fp"":""10.00"",""created_time"":""2026-04-28T12:09:35.469063Z"",""no_price_dollars"":""0.3400"",""taker_side"":""no"",""ticker"":""KXETH15M-26APR280815-15"",""trade_id"":""ba10e0df-1b56-76c3-383a-9c2a77b11a06"",""yes_price_dollars"":""0.6600""}"
KXETH15M-26APR280815-15,82b96083-34f1-6a51-2b05-2e748d986ee8,1777378180,0.62,1.0,no,"{""count_fp"":""1.00"",""created_time"":""2026-04-28T12:09:40.688294Z"",""no_price_dollars"":""0.3800"",""taker_side"":""no"",""ticker"":""KXETH15M-26APR280815-15"",""trade_id"":""82b96083-34f1-6a51-2b05-2e748d986ee8"",""yes_price_dollars"":""0.6200""}"
KXETH15M-26APR280815-15,5041046d-bf01-59f9-58e6-d8427f9de208,1777378180,0.62,9.0,no,"{""count_fp"":""9.00"",""created_time"":""2026-04-28T12:09:40.661346Z"",""no_price_dollars"":""0.3800"",""taker_side"":""no"",""ticker"":""KXETH15M-26APR280815-15"",""trade_id"":""5041046d-bf01-59f9-58e6-d8427f9de208"",""yes_price_dollars"":""0.6200""}"
KXETH15M-26APR280815-15,b1f9ab97-a5be-7e47-f058-6ead1c43c95e,1777378183,0.62,13.0,yes,"{""count_fp"":""13.00"",""created_time"":""2026-04-28T12:09:43.062113Z"",""no_price_dollars"":""0.3800"",""taker_side"":""yes"",""ticker"":""KXETH15M-26APR280815-15"",""trade_id"":""b1f9ab97-a5be-7e47-f058-6ead1c43c95e"",""yes_price_dollars"":""0.6200""}"
KXETH15M-26APR280815-15,26f4d2e7-a2c9-7fe7-c7a4-638354a30e0b,1777378183,0.61,10.0,yes,"{""count_fp"":""10.00"",""created_time"":""2026-04-28T12:09:43.062113Z"",""no_price_dollars"":""0.3900"",""taker_side"":""yes"",""ticker"":""KXETH15M-26APR280815-15"",""trade_id"":""26f4d2e7-a2c9-7fe7-c7a4-638354a30e0b"",""yes_price_dollars"":""0.6100""}"
KXETH15M-26APR280815-15,c8a0d7ef-4835-7e25-f51c-284a8d704465,1777378185,0.59,5.38,no,"{""count_fp"":""5.38"",""created_time"":""2026-04-28T12:09:45.919249Z"",""no_price_dollars"":""0.4100"",""taker_side"":""no"",""ticker"":""KXETH15M-26APR280815-15"",""trade_id"":""c8a0d7ef-4835-7e25-f51c-284a8d704465"",""yes_price_dollars"":""0.5900""}"
KXETH15M-26APR280815-15,8ca71886-a1cc-5f12-b6cb-9795a634e430,1777378194,0.67,2.0,yes,"{""count_fp"":""2.00"",""created_time"":""2026-04-28T12:09:54.072074Z"",""no_price_dollars"":""0.3300"",""taker_side"":""yes"",""ticker"":""KXETH15M-26APR280815-15"",""trade_id"":""8ca71886-a1cc-5f12-b6cb-9795a634e430"",""yes_price_dollars"":""0.6700""}"
KXETH15M-26APR280815-15,868eda74-f344-5abe-fe02-a04821c59e05,1777378198,0.64,100.0,no,"{""count_fp"":""100.00"",""created_time"":""2026-04-28T12:09:58.234798Z"",""no_price_dollars"":""0.3600"",""taker_side"":""no"",""ticker"":""KXETH15M-26APR280815-15"",""trade_id"":""868eda74-f344-5abe-fe02-a04821c59e05"",""yes_price_dollars"":""0.6400""}"
KXETH15M-26APR280815-15,b0ff7107-9f05-6315-f517-de030e015ddb,1777378198,0.66,10.0,no,"{""count_fp"":""10.00"",""created_time"":""2026-04-28T12:09:58.220742Z"",""no_price_dollars"":""0.3400"",""taker_side"":""no"",""ticker"":""KXETH15M-26APR280815-15"",""trade_id"":""b0ff7107-9f05-6315-f517-de030e015ddb"",""yes_price_dollars"":""0.6600""}"
KXETH15M-26APR280815-15,a151cbde-fca5-6ce1-d4e4-40ff47e0ed21,1777378207,0.61,2.0,no,"{""count_fp"":""2.00"",""created_time"":""2026-04-28T12:10:07.229525Z"",""no_price_dollars"":""0.3900"",""taker_side"":""no"",""ticker"":""KXETH15M-26APR280815-15"",""trade_id"":""a151cbde-fca5-6ce1-d4e4-40ff47e0ed21"",""yes_price_dollars"":""0.6100""}"
KXETH15M-26APR280815-15,a94b3161-689e-6143-b835-e6b35df0543a,1777378210,0.63,10.0,yes,"{""count_fp"":""10.00"",""created_time"":""2026-04-28T12:10:10.253163Z"",""no_price_dollars"":""0.3700"",""taker_side"":""yes"",""ticker"":""KXETH15M-26APR280815-15"",""trade_id"":""a94b3161-689e-6143-b835-e6b35df0543a"",""yes_price_dollars"":""0.6300""}"
KXETH15M-26APR280815-15,5ab63dc0-656d-5c21-4ad9-6ebacc7a878d,1777378212,0.62,10.0,no,"{""count_fp"":""10.00"",""created_time"":""2026-04-28T12:10:12.185103Z"",""no_price_dollars"":""0.3800"",""taker_side"":""no"",""ticker"":""KXETH15M-26APR280815-15"",""trade_id"":""5ab63dc0-656d-5c21-4ad9-6ebacc7a878d"",""yes_price_dollars"":""0.6200""}"
KXETH15M-26APR280815-15,4ec71f7e-1eb8-5b01-56b6-e5d00aca7481,1777378212,0.62,100.0,no,"{""count_fp"":""100.00"",""created_time"":""2026-04-28T12:10:12.185103Z"",""no_price_dollars"":""0.3800"",""taker_side"":""no"",""ticker"":""KXETH15M-26APR280815-15"",""trade_id"":""4ec71f7e-1eb8-5b01-56b6-e5d00aca7481"",""yes_price_dollars"":""0.6200""}"
KXETH15M-26APR280815-15,b191c0ce-bf9e-7c8f-da51-06dd12f31afc,1777378213,0.57,3.0,no,"{""count_fp"":""3.00"",""created_time"":""2026-04-28T12:10:13.230566Z"",""no_price_dollars"":""0.4300"",""taker_side"":""no"",""ticker"":""KXETH15M-26APR280815-15"",""trade_id"":""b191c0ce-bf9e-7c8f-da51-06dd12f31afc"",""yes_price_dollars"":""0.5700""}"
KXETH15M-26APR280815-15,23a5d1cd-53ec-7edd-cddb-432580ec4b94,1777378213,0.54,10.0,no,"{""count_fp"":""10.00"",""created_time"":""2026-04-28T12:10:13.230566Z"",""no_price_dollars"":""0.4600"",""taker_side"":""no"",""ticker"":""KXETH15M-26APR280815-15"",""trade_id"":""23a5d1cd-53ec-7edd-cddb-432580ec4b94"",""yes_price_dollars"":""0.5400""}"
KXETH15M-26APR280815-15,f27cd8cd-0e92-6ba6-1aac-9ace681b493c,1777378220,0.48,4.0,yes,"{""count_fp"":""4.00"",""created_time"":""2026-04-28T12:10:20.835445Z"",""no_price_dollars"":""0.5200"",""taker_side"":""yes"",""ticker"":""KXETH15M-26APR280815-15"",""trade_id"":""f27cd8cd-0e92-6ba6-1aac-9ace681b493c"",""yes_price_dollars"":""0.4800""}"
KXETH15M-26APR280815-15,b253b947-2ea6-5171-6f71-0058a287cf6d,1777378220,0.52,77.43,no,"{""count_fp"":""77.43"",""created_time"":""2026-04-28T12:10:20.213321Z"",""no_price_dollars"":""0.4800"",""taker_side"":""no"",""ticker"":""KXETH15M-26APR280815-15"",""trade_id"":""b253b947-2ea6-5171-6f71-0058a287cf6d"",""yes_price_dollars"":""0.5200""}"
KXETH15M-26APR280815-15,02a54bc6-6879-555b-59ca-d4f7c7b6b76f,1777378220,0.52,500.0,no,"{""count_fp"":""500.00"",""created_time"":""2026-04-28T12:10:20.213321Z"",""no_price_dollars"":""0.4800"",""taker_side"":""no"",""ticker"":""KXETH15M-26APR280815-15"",""trade_id"":""02a54bc6-6879-555b-59ca-d4f7c7b6b76f"",""yes_price_dollars"":""0.5200""}"
KXETH15M-26APR280815-15,6f7289f3-ead1-5b5e-d5e6-15d97266dfef,1777378220,0.53,0.62,no,"{""count_fp"":""0.62"",""created_time"":""2026-04-28T12:10:20.185674Z"",""no_price_dollars"":""0.4700"",""taker_side"":""no"",""ticker"":""KXETH15M-26APR280815-15"",""trade_id"":""6f7289f3-ead1-5b5e-d5e6-15d97266dfef"",""yes_price_dollars"":""0.5300""}"
KXETH15M-26APR280815-15,824069ba-ce9d-7146-bf46-546f3dd08683,1777378220,0.53,9.0,no,"{""count_fp"":""9.00"",""created_time"":""2026-04-28T12:10:20.169591Z"",""no_price_dollars"":""0.4700"",""taker_side"":""no"",""ticker"":""KXETH15M-26APR280815-15"",""trade_id"":""824069ba-ce9d-7146-bf46-546f3dd08683"",""yes_price_dollars"":""0.5300""}"
KXETH15M-26APR280815-15,4b53e588-15be-7405-8d18-031d089af03d,1777378220,0.53,10.0,no,"{""count_fp"":""10.00"",""created_time"":""2026-04-28T12:10:20.169591Z"",""no_price_dollars"":""0.4700"",""taker_side"":""no"",""ticker"":""KXETH15M-26APR280815-15"",""trade_id"":""4b53e588-15be-7405-8d18-031d089af03d"",""yes_price_dollars"":""0.5300""}"
KXETH15M-26APR280815-15,fde5e070-9160-5026-6b6e-aee6a33338fd,1777378229,0.45,1.0,yes,"{""count_fp"":""1.00"",""created_time"":""2026-04-28T12:10:29.342807Z"",""no_price_dollars"":""0.5500"",""taker_side"":""yes"",""ticker"":""KXETH15M-26APR280815-15"",""trade_id"":""fde5e070-9160-5026-6b6e-aee6a33338fd"",""yes_price_dollars"":""0.4500""}"
KXETH15M-26APR280815-15,a36a59e7-cc1c-5add-32e9-e0f002f4bfb3,1777378230,0.4,0.5,yes,"{""count_fp"":""0.50"",""created_time"":""2026-04-28T12:10:30.860692Z"",""no_price_dollars"":""0.6000"",""taker_side"":""yes"",""ticker"":""KXETH15M-26APR280815-15"",""trade_id"":""a36a59e7-cc1c-5add-32e9-e0f002f4bfb3"",""yes_price_dollars"":""0.4000""}"
KXETH15M-26APR280815-15,cfb887d1-30e0-5a8e-11c9-bb9519254360,1777378236,0.42,0.5,no,"{""count_fp"":""0.50"",""created_time"":""2026-04-28T12:10:36.464819Z"",""no_price_dollars"":""0.5800"",""taker_side"":""no"",""ticker"":""KXETH15M-26APR280815-15"",""trade_id"":""cfb887d1-30e0-5a8e-11c9-bb9519254360"",""yes_price_dollars"":""0.4200""}"
KXETH15M-26APR280815-15,1fbd5615-82a8-5adb-33e0-1e440ac66116,1777378236,0.42,0.5,no,"{""count_fp"":""0.50"",""created_time"":""2026-04-28T12:10:36.464819Z"",""no_price_dollars"":""0.5800"",""taker_side"":""no"",""ticker"":""KXETH15M-26APR280815-15"",""trade_id"":""1fbd5615-82a8-5adb-33e0-1e440ac66116"",""yes_price_dollars"":""0.4200""}"
KXETH15M-26APR280815-15,b87e7b5e-6664-589b-eb52-35ac3a02a331,1777378241,0.49,10.4,no,"{""count_fp"":""10.40"",""created_time"":""2026-04-28T12:10:41.838909Z"",""no_price_dollars"":""0.5100"",""taker_side"":""no"",""ticker"":""KXETH15M-26APR280815-15"",""trade_id"":""b87e7b5e-6664-589b-eb52-35ac3a02a331"",""yes_price_dollars"":""0.4900""}"
KXETH15M-26APR280815-15,7d799993-a264-5bfb-d864-e13d4d421080,1777378241,0.48,10.0,no,"{""count_fp"":""10.00"",""created_time"":""2026-04-28T12:10:41.838909Z"",""no_price_dollars"":""0.5200"",""taker_side"":""no"",""ticker"":""KXETH15M-26APR280815-15"",""trade_id"":""7d799993-a264-5bfb-d864-e13d4d421080"",""yes_price_dollars"":""0.4800""}"
KXETH15M-26APR280815-15,77c1cf85-8ae4-52ea-d217-c3b420efc85f,1777378241,0.48,6.6,no,"{""count_fp"":""6.60"",""created_time"":""2026-04-28T12:10:41.838909Z"",""no_price_dollars"":""0.5200"",""taker_side"":""no"",""ticker"":""KXETH15M-26APR280815-15"",""trade_id"":""77c1cf85-8ae4-52ea-d217-c3b420efc85f"",""yes_price_dollars"":""0.4800""}"
KXETH15M-26APR280815-15,9e4c8d71-40ce-4c72-e108-f712b11cb7bc,1777378241,0.5,10.0,yes,"{""count_fp"":""10.00"",""created_time"":""2026-04-28T12:10:41.722546Z"",""no_price_dollars"":""0.5000"",""taker_side"":""yes"",""ticker"":""KXETH15M-26APR280815-15"",""trade_id"":""9e4c8d71-40ce-4c72-e108-f712b11cb7bc"",""yes_price_dollars"":""0.5000""}"
KXETH15M-26APR280815-15,b97c1938-c522-5ef2-7cac-1b91b43f8c58,1777378242,0.46,20.09,no,"{""count_fp"":""20.09"",""created_time"":""2026-04-28T12:10:42.136587Z"",""no_price_dollars"":""0.5400"",""taker_side"":""no"",""ticker"":""KXETH15M-26APR280815-15"",""trade_id"":""b97c1938-c522-5ef2-7cac-1b91b43f8c58"",""yes_price_dollars"":""0.4600""}"
KXETH15M-26APR280815-15,39ff68ad-022c-40a4-3848-91a913e33853,1777378243,0.54,10.0,yes,"{""count_fp"":""10.00"",""created_time"":""2026-04-28T12:10:43.728613Z"",""no_price_dollars"":""0.4600"",""taker_side"":""yes"",""ticker"":""KXETH15M-26APR280815-15"",""trade_id"":""39ff68ad-022c-40a4-3848-91a913e33853"",""yes_price_dollars"":""0.5400""}"
KXETH15M-26APR280815-15,d71bda51-6af1-6cb5-8886-6ee61648a112,1777378249,0.58,9.0,yes,"{""count_fp"":""9.00"",""created_time"":""2026-04-28T12:10:49.571735Z"",""no_price_dollars"":""0.4200"",""taker_side"":""yes"",""ticker"":""KXETH15M-26APR280815-15"",""trade_id"":""d71bda51-6af1-6cb5-8886-6ee61648a112"",""yes_price_dollars"":""0.5800""}"
KXETH15M-26APR280815-15,c871aabd-fab0-67eb-9893-3c014c297729,1777378249,0.58,10.0,yes,"{""count_fp"":""10.00"",""created_time"":""2026-04-28T12:10:49.571735Z"",""no_price_dollars"":""0.4200"",""taker_side"":""yes"",""ticker"":""KXETH15M-26APR280815-15"",""trade_id"":""c871aabd-fab0-67eb-9893-3c014c297729"",""yes_price_dollars"":""0.5800""}"
KXETH15M-26APR280815-15,aa46c32e-18dc-4ebe-7600-6a9a371f0800,1777378254,0.61,2.43,no,"{""count_fp"":""2.43"",""created_time"":""2026-04-28T12:10:54.698312Z"",""no_price_dollars"":""0.3900"",""taker_side"":""no"",""ticker"":""KXETH15M-26APR280815-15"",""trade_id"":""aa46c32e-18dc-4ebe-7600-6a9a371f0800"",""yes_price_dollars"":""0.6100""}"
KXETH15M-26APR280815-15,d5a5a1f2-0bcd-5b57-bb72-38022dde96c3,1777378258,0.64,5.0,no,"{""count_fp"":""5.00"",""created_time"":""2026-04-28T12:10:58.677203Z"",""no_price_dollars"":""0.3600"",""taker_side"":""no"",""ticker"":""KXETH15M-26APR280815-15"",""trade_id"":""d5a5a1f2-0bcd-5b57-bb72-38022dde96c3"",""yes_price_dollars"":""0.6400""}"
KXETH15M-26APR280815-15,afe88729-f360-70b3-000a-723ab860772a,1777378266,0.7,1.0,yes,"{""count_fp"":""1.00"",""created_time"":""2026-04-28T12:11:06.176821Z"",""no_price_dollars"":""0.3000"",""taker_side"":""yes"",""ticker"":""KXETH15M-26APR280815-15"",""trade_id"":""afe88729-f360-70b3-000a-723ab860772a"",""yes_price_dollars"":""0.7000""}"
KXETH15M-26APR280815-15,e15579a7-86a3-59b1-9f24-9b4da859ae6c,1777378267,0.7,8.0,yes,"{""count_fp"":""8.00"",""created_time"":""2026-04-28T12:11:07.519228Z"",""no_price_dollars"":""0.3000"",""taker_side"":""yes"",""ticker"":""KXETH15M-26APR280815-15"",""trade_id"":""e15579a7-86a3-59b1-9f24-9b4da859ae6c"",""yes_price_dollars"":""0.7000""}"
KXETH15M-26APR280815-15,f3b80281-9b09-536a-d186-4a3c173c93bf,1777378271,0.71,23.0,no,"{""count_fp"":""23.00"",""created_time"":""2026-04-28T12:11:11.844907Z"",""no_price_dollars"":""0.2900"",""taker_side"":""no"",""ticker"":""KXETH15M-26APR280815-15"",""trade_id"":""f3b80281-9b09-536a-d186-4a3c173c93bf"",""yes_price_dollars"":""0.7100""}"
KXETH15M-26APR280815-15,2fa22913-ebf1-5101-f676-34254056f43e,1777378271,0.7,10.0,yes,"{""count_fp"":""10.00"",""created_time"":""2026-04-28T12:11:11.791493Z"",""no_price_dollars"":""0.3000"",""taker_side"":""yes"",""ticker"":""KXETH15M-26APR280815-15"",""trade_id"":""2fa22913-ebf1-5101-f676-34254056f43e"",""yes_price_dollars"":""0.7000""}"
KXETH15M-26APR280815-15,999c4afc-55b2-5f0e-7fff-68eba80b84bc,1777378281,0.7,1.0,yes,"{""count_fp"":""1.00"",""created_time"":""2026-04-28T12:11:21.110131Z"",""no_price_dollars"":""0.3000"",""taker_side"":""yes"",""ticker"":""KXETH15M-26APR280815-15"",""trade_id"":""999c4afc-55b2-5f0e-7fff-68eba80b84bc"",""yes_price_dollars"":""0.7000""}"
KXETH15M-26APR280815-15,3b8d587e-73ac-57d7-5f2e-cc0ecf35aef2,1777378281,0.7,3.02,yes,"{""count_fp"":""3.02"",""created_time"":""2026-04-28T12:11:21.110131Z"",""no_price_dollars"":""0.3000"",""taker_side"":""yes"",""ticker"":""KXETH15M-26APR280815-15"",""trade_id"":""3b8d587e-73ac-57d7-5f2e-cc0ecf35aef2"",""yes_price_dollars"":""0.7000""}"
KXETH15M-26APR280815-15,201b6ae6-7932-417a-bdcc-53740b1b75d1,1777378285,0.67,15.0,no,"{""count_fp"":""15.00"",""created_time"":""2026-04-28T12:11:25.004635Z"",""no_price_dollars"":""0.3300"",""taker_side"":""no"",""ticker"":""KXETH15M-26APR280815-15"",""trade_id"":""201b6ae6-7932-417a-bdcc-53740b1b75d1"",""yes_price_dollars"":""0.6700""}"
KXETH15M-26APR280815-15,f7601b99-543c-650a-c6bc-9f15ddb7d9e1,1777378286,0.7,33.0,yes,"{""count_fp"":""33.00"",""created_time"":""2026-04-28T12:11:26.543503Z"",""no_price_dollars"":""0.3000"",""taker_side"":""yes"",""ticker"":""KXETH15M-26APR280815-15"",""trade_id"":""f7601b99-543c-650a-c6bc-9f15ddb7d9e1"",""yes_price_dollars"":""0.7000""}"
KXETH15M-26APR280815-15,71dcd5d2-be26-6310-fabd-c46c2bba28ae,1777378286,0.69,10.0,yes,"{""count_fp"":""10.00"",""created_time"":""2026-04-28T12:11:26.543503Z"",""no_price_dollars"":""0.3100"",""taker_side"":""yes"",""ticker"":""KXETH15M-26APR280815-15"",""trade_id"":""71dcd5d2-be26-6310-fabd-c46c2bba28ae"",""yes_price_dollars"":""0.6900""}"
KXETH15M-26APR280815-15,38c0cbff-10f5-5108-d9d2-bc44b0c6ef61,1777378290,0.71,10.0,yes,"{""count_fp"":""10.00"",""created_time"":""2026-04-28T12:11:30.430187Z"",""no_price_dollars"":""0.2900"",""taker_side"":""yes"",""ticker"":""KXETH15M-26APR280815-15"",""trade_id"":""38c0cbff-10f5-5108-d9d2-bc44b0c6ef61"",""yes_price_dollars"":""0.7100""}"
KXETH15M-26APR280815-15,62034d73-8f37-6a63-2726-f6f771fd04ae,1777378293,0.76,3.07,no,"{""count_fp"":""3.07"",""created_time"":""2026-04-28T12:11:33.690202Z"",""no_price_dollars"":""0.2400"",""taker_side"":""no"",""ticker"":""KXETH15M-26APR280815-15"",""trade_id"":""62034d73-8f37-6a63-2726-f6f771fd04ae"",""yes_price_dollars"":""0.7600""}"
KXETH15M-26APR280815-15,59369e0f-d2e9-4942-7bba-3da12954f197,1777378295,0.82,10.0,yes,"{""count_fp"":""10.00"",""created_time"":""2026-04-28T12:11:35.723762Z"",""no_price_dollars"":""0.1800"",""taker_side"":""yes"",""ticker"":""KXETH15M-26APR280815-15"",""trade_id"":""59369e0f-d2e9-4942-7bba-3da12954f197"",""yes_price_dollars"":""0.8200""}"
KXETH15M-26APR280815-15,c944d4c1-46da-760f-d7cf-123a5333a3fd,1777378296,0.85,35.0,yes,"{""count_fp"":""35.00"",""created_time"":""2026-04-28T12:11:36.379283Z"",""no_price_dollars"":""0.1500"",""taker_side"":""yes"",""ticker"":""KXETH15M-26APR280815-15"",""trade_id"":""c944d4c1-46da-760f-d7cf-123a5333a3fd"",""yes_price_dollars"":""0.8500""}"
KXETH15M-26APR280815-15,7f3815eb-ac0a-7f9c-e528-6e8bf8ceaffb,1777378296,0.85,29.71,yes,"{""count_fp"":""29.71"",""created_time"":""2026-04-28T12:11:36.379283Z"",""no_price_dollars"":""0.1500"",""taker_side"":""yes"",""ticker"":""KXETH15M-26APR280815-15"",""trade_id"":""7f3815eb-ac0a-7f9c-e528-6e8bf8ceaffb"",""yes_price_dollars"":""0.8500""}"
KXETH15M-26APR280815-15,700c685f-df5e-7ce9-e35f-221efc34991b,1777378296,0.84,1.0,yes,"{""count_fp"":""1.00"",""created_time"":""2026-04-28T12:11:36.379283Z"",""no_price_dollars"":""0.1600"",""taker_side"":""yes"",""ticker"":""KXETH15M-26APR280815-15"",""trade_id"":""700c685f-df5e-7ce9-e35f-221efc34991b"",""yes_price_dollars"":""0.8400""}"
KXETH15M-26APR280815-15,28a8f870-53eb-7a49-f199-6808d9713ec2,1777378296,0.85,9.0,yes,"{""count_fp"":""9.00"",""created_time"":""2026-04-28T12:11:36.379283Z"",""no_price_dollars"":""0.1500"",""taker_side"":""yes"",""ticker"":""KXETH15M-26APR280815-15"",""trade_id"":""28a8f870-53eb-7a49-f199-6808d9713ec2"",""yes_price_dollars"":""0.8500""}"
KXETH15M-26APR280815-15,5cb285ef-2130-5746-924f-291254e06908,1777378298,0.83,2.91,no,"{""count_fp"":""2.91"",""created_time"":""2026-04-28T12:11:38.530996Z"",""no_price_dollars"":""0.1700"",""taker_side"":""no"",""ticker"":""KXETH15M-26APR280815-15"",""trade_id"":""5cb285ef-2130-5746-924f-291254e06908"",""yes_price_dollars"":""0.8300""}"
KXETH15M-26APR280815-15,ebfc997a-6330-48e9-1866-d0b2b4c390c2,1777378301,0.9,2.9,yes,"{""count_fp"":""2.90"",""created_time"":""2026-04-28T12:11:41.826544Z"",""no_price_dollars"":""0.1000"",""taker_side"":""yes"",""ticker"":""KXETH15M-26APR280815-15"",""trade_id"":""ebfc997a-6330-48e9-1866-d0b2b4c390c2"",""yes_price_dollars"":""0.9000""}"
KXETH15M-26APR280815-15,cd89acf8-0f52-4fd0-3726-aabd617fffd6,1777378301,0.9,1.0,yes,"{""count_fp"":""1.00"",""created_time"":""2026-04-28T12:11:41.826544Z"",""no_price_dollars"":""0.1000"",""taker_side"":""yes"",""ticker"":""KXETH15M-26APR280815-15"",""trade_id"":""cd89acf8-0f52-4fd0-3726-aabd617fffd6"",""yes_price_dollars"":""0.9000""}"
KXETH15M-26APR280815-15,9e08272c-bb1e-429f-2115-e3a3888e6da7,1777378301,0.9,1.0,yes,"{""count_fp"":""1.00"",""created_time"":""2026-04-28T12:11:41.826544Z"",""no_price_dollars"":""0.1000"",""taker_side"":""yes"",""ticker"":""KXETH15M-26APR280815-15"",""trade_id"":""9e08272c-bb1e-429f-2115-e3a3888e6da7"",""yes_price_dollars"":""0.9000""}"
KXETH15M-26APR280815-15,f8358caf-d9bd-5545-5740-79154b939b0c,1777378301,0.9,1.0,yes,"{""count_fp"":""1.00"",""created_time"":""2026-04-28T12:11:41.560042Z"",""no_price_dollars"":""0.1000"",""taker_side"":""yes"",""ticker"":""KXETH15M-26APR280815-15"",""trade_id"":""f8358caf-d9bd-5545-5740-79154b939b0c"",""yes_price_dollars"":""0.9000""}"
KXETH15M-26APR280815-15,30076bee-111c-5e69-49fc-8af4927e79fa,1777378301,0.9,0.1,yes,"{""count_fp"":""0.10"",""created_time"":""2026-04-28T12:11:41.560042Z"",""no_price_dollars"":""0.1000"",""taker_side"":""yes"",""ticker"":""KXETH15M-26APR280815-15"",""trade_id"":""30076bee-111c-5e69-49fc-8af4927e79fa"",""yes_price_dollars"":""0.9000""}"
KXETH15M-26APR280815-15,fc92ea80-43dd-5822-be8e-fb592b97fe0b,1777378301,0.87,3.0,yes,"{""count_fp"":""3.00"",""created_time"":""2026-04-28T12:11:41.206699Z"",""no_price_dollars"":""0.1300"",""taker_side"":""yes"",""ticker"":""KXETH15M-26APR280815-15"",""trade_id"":""fc92ea80-43dd-5822-be8e-fb592b97fe0b"",""yes_price_dollars"":""0.8700""}"
KXETH15M-26APR280815-15,e79eace4-f19b-5c19-a7a3-c182d1c47af1,1777378301,0.87,2.0,yes,"{""count_fp"":""2.00"",""created_time"":""2026-04-28T12:11:41.206699Z"",""no_price_dollars"":""0.1300"",""taker_side"":""yes"",""ticker"":""KXETH15M-26APR280815-15"",""trade_id"":""e79eace4-f19b-5c19-a7a3-c182d1c47af1"",""yes_price_dollars"":""0.8700""}"
KXETH15M-26APR280815-15,78322de8-4cfd-5af7-b52e-d04bdd926f70,1777378301,0.87,3.0,yes,"{""count_fp"":""3.00"",""created_time"":""2026-04-28T12:11:41.206699Z"",""no_price_dollars"":""0.1300"",""taker_side"":""yes"",""ticker"":""KXETH15M-26APR280815-15"",""trade_id"":""78322de8-4cfd-5af7-b52e-d04bdd926f70"",""yes_price_dollars"":""0.8700""}"
KXETH15M-26APR280815-15,57e14d04-a87d-5703-8f80-8fbfb5701b78,1777378301,0.87,2.0,yes,"{""count_fp"":""2.00"",""created_time"":""2026-04-28T12:11:41.206699Z"",""no_price_dollars"":""0.1300"",""taker_side"":""yes"",""ticker"":""KXETH15M-26APR280815-15"",""trade_id"":""57e14d04-a87d-5703-8f80-8fbfb5701b78"",""yes_price_dollars"":""0.8700""}"
KXETH15M-26APR280815-15,1ea69983-d4a6-500f-a3aa-9d895ddaaa02,1777378301,0.87,2.0,yes,"{""count_fp"":""2.00"",""created_time"":""2026-04-28T12:11:41.206699Z"",""no_price_dollars"":""0.1300"",""taker_side"":""yes"",""ticker"":""KXETH15M-26APR280815-15"",""trade_id"":""1ea69983-d4a6-500f-a3aa-9d895ddaaa02"",""yes_price_dollars"":""0.8700""}"
KXETH15M-26APR280815-15,5589d72f-6e08-54be-98c1-164e8fe95a17,1777378302,0.902,5.0,no,"{""count_fp"":""5.00"",""created_time"":""2026-04-28T12:11:42.388325Z"",""no_price_dollars"":""0.0980"",""taker_side"":""no"",""ticker"":""KXETH15M-26APR280815-15"",""trade_id"":""5589d72f-6e08-54be-98c1-164e8fe95a17"",""yes_price_dollars"":""0.9020""}"
KXETH15M-26APR280815-15,48f9b3c1-0864-7a3e-6b2f-49b31e6faf0f,1777378304,0.902,18.75,no,"{""count_fp"":""18.75"",""created_time"":""2026-04-28T12:11:44.771713Z"",""no_price_dollars"":""0.0980"",""taker_side"":""no"",""ticker"":""KXETH15M-26APR280815-15"",""trade_id"":""48f9b3c1-0864-7a3e-6b2f-49b31e6faf0f"",""yes_price_dollars"":""0.9020""}"
KXETH15M-26APR280815-15,44abe150-057c-70be-6599-d7cc22579af0,1777378304,0.903,10.0,no,"{""count_fp"":""10.00"",""created_time"":""2026-04-28T12:11:44.771713Z"",""no_price_dollars"":""0.0970"",""taker_side"":""no"",""ticker"":""KXETH15M-26APR280815-15"",""trade_id"":""44abe150-057c-70be-6599-d7cc22579af0"",""yes_price_dollars"":""0.9030""}"
KXETH15M-26APR280815-15,1ab7189f-8508-5f42-42a9-88e16d2b1003,1777378305,0.902,3.19,no,"{""count_fp"":""3.19"",""created_time"":""2026-04-28T12:11:45.047008Z"",""no_price_dollars"":""0.0980"",""taker_side"":""no"",""ticker"":""KXETH15M-26APR280815-15"",""trade_id"":""1ab7189f-8508-5f42-42a9-88e16d2b1003"",""yes_price_dollars"":""0.9020""}"
KXETH15M-26APR280815-15,6033e293-ff1b-40e0-5087-53be9a1a9a2c,1777378306,0.914,1.0,yes,"{""count_fp"":""1.00"",""created_time"":""2026-04-28T12:11:46.609683Z"",""no_price_dollars"":""0.0860"",""taker_side"":""yes"",""ticker"":""KXETH15M-26APR280815-15"",""trade_id"":""6033e293-ff1b-40e0-5087-53be9a1a9a2c"",""yes_price_dollars"":""0.9140""}"
KXETH15M-26APR280815-15,e2a70940-ae63-4701-88be-a3ecde33428c,1777378306,0.91,3.0,yes,"{""count_fp"":""3.00"",""created_time"":""2026-04-28T12:11:46.284571Z"",""no_price_dollars"":""0.0900"",""taker_side"":""yes"",""ticker"":""KXETH15M-26APR280815-15"",""trade_id"":""e2a70940-ae63-4701-88be-a3ecde33428c"",""yes_price_dollars"":""0.9100""}"
KXETH15M-26APR280815-15,c3eebee8-6e4a-475f-8a51-b222a2d935f7,1777378306,0.918,1.0,yes,"{""count_fp"":""1.00"",""created_time"":""2026-04-28T12:11:46.284571Z"",""no_price_dollars"":""0.0820"",""taker_side"":""yes"",""ticker"":""KXETH15M-26APR280815-15"",""trade_id"":""c3eebee8-6e4a-475f-8a51-b222a2d935f7"",""yes_price_dollars"":""0.9180""}"
KXETH15M-26APR280815-15,a4687348-6073-4397-9a19-7044fe0b1037,1777378306,0.91,1.0,yes,"{""count_fp"":""1.00"",""created_time"":""2026-04-28T12:11:46.284571Z"",""no_price_dollars"":""0.0900"",""taker_side"":""yes"",""ticker"":""KXETH15M-26APR280815-15"",""trade_id"":""a4687348-6073-4397-9a19-7044fe0b1037"",""yes_price_dollars"":""0.9100""}"
KXETH15M-26APR280815-15,e0b2b3b0-d3bf-5f42-1fcc-aaff8f232e79,1777378307,0.92,3.0,yes,"{""count_fp"":""3.00"",""created_time"":""2026-04-28T12:11:47.030972Z"",""no_price_dollars"":""0.0800"",""taker_side"":""yes"",""ticker"":""KXETH15M-26APR280815-15"",""trade_id"":""e0b2b3b0-d3bf-5f42-1fcc-aaff8f232e79"",""yes_price_dollars"":""0.9200""}"
KXETH15M-26APR280815-15,7446057d-d48b-5a4f-3a7d-d7c0b21e759a,1777378307,0.92,5.0,yes,"{""count_fp"":""5.00"",""created_time"":""2026-04-28T12:11:47.030972Z"",""no_price_dollars"":""0.0800"",""taker_side"":""yes"",""ticker"":""KXETH15M-26APR280815-15"",""trade_id"":""7446057d-d48b-5a4f-3a7d-d7c0b21e759a"",""yes_price_dollars"":""0.9200""}"
KXETH15M-26APR280815-15,58190f37-d964-55d5-27cb-8d0475b92a73,1777378307,0.92,1.0,yes,"{""count_fp"":""1.00"",""created_time"":""2026-04-28T12:11:47.030972Z"",""no_price_dollars"":""0.0800"",""taker_side"":""yes"",""ticker"":""KXETH15M-26APR280815-15"",""trade_id"":""58190f37-d964-55d5-27cb-8d0475b92a73"",""yes_price_dollars"":""0.9200""}"
KXETH15M-26APR280815-15,32576fdf-b606-5f9e-3a5a-94631684cf2c,1777378307,0.92,1.0,yes,"{""count_fp"":""1.00"",""created_time"":""2026-04-28T12:11:47.030972Z"",""no_price_dollars"":""0.0800"",""taker_side"":""yes"",""ticker"":""KXETH15M-26APR280815-15"",""trade_id"":""32576fdf-b606-5f9e-3a5a-94631684cf2c"",""yes_price_dollars"":""0.9200""}"
KXETH15M-26APR280815-15,fb99b4c0-e960-52e2-856b-aa9130dcdd60,1777378308,0.928,10.0,yes,"{""count_fp"":""10.00"",""created_time"":""2026-04-28T12:11:48.280067Z"",""no_price_dollars"":""0.0720"",""taker_side"":""yes"",""ticker"":""KXETH15M-26APR280815-15"",""trade_id"":""fb99b4c0-e960-52e2-856b-aa9130dcdd60"",""yes_price_dollars"":""0.9280""}"
KXETH15M-26APR280815-15,980b1f9f-2a9e-406f-a348-d6b4892cb6b0,1777378310,0.91,2.0,no,"{""count_fp"":""2.00"",""created_time"":""2026-04-28T12:11:50.538572Z"",""no_price_dollars"":""0.0900"",""taker_side"":""no"",""ticker"":""KXETH15M-26APR280815-15"",""trade_id"":""980b1f9f-2a9e-406f-a348-d6b4892cb6b0"",""yes_price_dollars"":""0.9100""}"
KXETH15M-26APR280815-15,2e9b1057-525f-4643-95bb-5e511d3df5d7,1777378310,0.91,3.0,no,"{""count_fp"":""3.00"",""created_time"":""2026-04-28T12:11:50.538572Z"",""no_price_dollars"":""0.0900"",""taker_side"":""no"",""ticker"":""KXETH15M-26APR280815-15"",""trade_id"":""2e9b1057-525f-4643-95bb-5e511d3df5d7"",""yes_price_dollars"":""0.9100""}"
KXETH15M-26APR280815-15,4063c6a3-5f5c-6ccc-b760-8fc45b86495e,1777378310,0.925,1.0,yes,"{""count_fp"":""1.00"",""created_time"":""2026-04-28T12:11:50.327928Z"",""no_price_dollars"":""0.0750"",""taker_side"":""yes"",""ticker"":""KXETH15M-26APR280815-15"",""trade_id"":""4063c6a3-5f5c-6ccc-b760-8fc45b86495e"",""yes_price_dollars"":""0.9250""}"
KXETH15M-26APR280815-15,c2a7465a-99b0-46b6-b3a3-47e889dba2cc,1777378311,0.928,5.0,yes,"{""count_fp"":""5.00"",""created_time"":""2026-04-28T12:11:51.117821Z"",""no_price_dollars"":""0.0720"",""taker_side"":""yes"",""ticker"":""KXETH15M-26APR280815-15"",""trade_id"":""c2a7465a-99b0-46b6-b3a3-47e889dba2cc"",""yes_price_dollars"":""0.9280""}"
KXETH15M-26APR280815-15,f3da3136-e27a-5d29-9c24-69fb1a5ac0ab,1777378319,0.912,44.0,yes,"{""count_fp"":""44.00"",""created_time"":""2026-04-28T12:11:59.384892Z"",""no_price_dollars"":""0.0880"",""taker_side"":""yes"",""ticker"":""KXETH15M-26APR280815-15"",""trade_id"":""f3da3136-e27a-5d29-9c24-69fb1a5ac0ab"",""yes_price_dollars"":""0.9120""}"
KXETH15M-26APR280815-15,b8ba7ef0-ef86-607d-9df3-12bf6bc98027,1777378319,0.912,72.11,yes,"{""count_fp"":""72.11"",""created_time"":""2026-04-28T12:11:59.222716Z"",""no_price_dollars"":""0.0880"",""taker_side"":""yes"",""ticker"":""KXETH15M-26APR280815-15"",""trade_id"":""b8ba7ef0-ef86-607d-9df3-12bf6bc98027"",""yes_price_dollars"":""0.9120""}"
KXETH15M-26APR280815-15,7d62ef0a-8292-7601-c1d8-1a38a52b9e3f,1777378321,0.912,1.0,yes,"{""count_fp"":""1.00"",""created_time"":""2026-04-28T12:12:01.260455Z"",""no_price_dollars"":""0.0880"",""taker_side"":""yes"",""ticker"":""KXETH15M-26APR280815-15"",""trade_id"":""7d62ef0a-8292-7601-c1d8-1a38a52b9e3f"",""yes_price_dollars"":""0.9120""}"
KXETH15M-26APR280815-15,b83f71f2-c502-61c9-42ae-efb68da2cf78,1777378323,0.9,1.0,yes,"{""count_fp"":""1.00"",""created_time"":""2026-04-28T12:12:03.742602Z"",""no_price_dollars"":""0.1000"",""taker_side"":""yes"",""ticker"":""KXETH15M-26APR280815-15"",""trade_id"":""b83f71f2-c502-61c9-42ae-efb68da2cf78"",""yes_price_dollars"":""0.9000""}"
KXETH15M-26APR280815-15,ec407d3b-caa4-72de-41eb-40cb203e9233,1777378323,0.87,100.0,no,"{""count_fp"":""100.00"",""created_time"":""2026-04-28T12:12:03.257195Z"",""no_price_dollars"":""0.1300"",""taker_side"":""no"",""ticker"":""KXETH15M-26APR280815-15"",""trade_id"":""ec407d3b-caa4-72de-41eb-40cb203e9233"",""yes_price_dollars"":""0.8700""}"
