ticker,trade_id,ts,yes_price,count,taker_side,raw_json
KXETH15M-26APR271945-45,d8b49b1f-2901-66f1-ed5a-744fcc3411e7,1777332613,0.43,3.34,no,"{""count_fp"":""3.34"",""created_time"":""2026-04-27T23:30:13.098118Z"",""no_price_dollars"":""0.5700"",""taker_side"":""no"",""ticker"":""KXETH15M-26APR271945-45"",""trade_id"":""d8b49b1f-2901-66f1-ed5a-744fcc3411e7"",""yes_price_dollars"":""0.4300""}"
KXETH15M-26APR271945-45,0f3de4b8-95d9-53a0-a35e-12ef28e80d40,1777332616,0.44,1.0,no,"{""count_fp"":""1.00"",""created_time"":""2026-04-27T23:30:16.227437Z"",""no_price_dollars"":""0.5600"",""taker_side"":""no"",""ticker"":""KXETH15M-26APR271945-45"",""trade_id"":""0f3de4b8-95d9-53a0-a35e-12ef28e80d40"",""yes_price_dollars"":""0.4400""}"
KXETH15M-26APR271945-45,0b1a9c34-3f9d-54e1-80ee-ddcdf2bdecbf,1777332616,0.45,56.66,no,"{""count_fp"":""56.66"",""created_time"":""2026-04-27T23:30:16.227437Z"",""no_price_dollars"":""0.5500"",""taker_side"":""no"",""ticker"":""KXETH15M-26APR271945-45"",""trade_id"":""0b1a9c34-3f9d-54e1-80ee-ddcdf2bdecbf"",""yes_price_dollars"":""0.4500""}"
KXETH15M-26APR271945-45,0829ec41-0bda-569d-9fbf-6eb4c633d097,1777332616,0.43,19.05,no,"{""count_fp"":""19.05"",""created_time"":""2026-04-27T23:30:16.227437Z"",""no_price_dollars"":""0.5700"",""taker_side"":""no"",""ticker"":""KXETH15M-26APR271945-45"",""trade_id"":""0829ec41-0bda-569d-9fbf-6eb4c633d097"",""yes_price_dollars"":""0.4300""}"
KXETH15M-26APR271945-45,229da2b6-d692-7f29-2e28-c6a9160c3b43,1777332618,0.49,8.81,no,"{""count_fp"":""8.81"",""created_time"":""2026-04-27T23:30:18.904495Z"",""no_price_dollars"":""0.5100"",""taker_side"":""no"",""ticker"":""KXETH15M-26APR271945-45"",""trade_id"":""229da2b6-d692-7f29-2e28-c6a9160c3b43"",""yes_price_dollars"":""0.4900""}"
KXETH15M-26APR271945-45,67f0277e-cbc6-4de0-d665-6f880ce4738c,1777332624,0.51,9.85,no,"{""count_fp"":""9.85"",""created_time"":""2026-04-27T23:30:24.370179Z"",""no_price_dollars"":""0.4900"",""taker_side"":""no"",""ticker"":""KXETH15M-26APR271945-45"",""trade_id"":""67f0277e-cbc6-4de0-d665-6f880ce4738c"",""yes_price_dollars"":""0.5100""}"
KXETH15M-26APR271945-45,a99efbe2-5c1d-6bf4-91a1-f22505ede173,1777332625,0.49,0.81,yes,"{""count_fp"":""0.81"",""created_time"":""2026-04-27T23:30:25.731452Z"",""no_price_dollars"":""0.5100"",""taker_side"":""yes"",""ticker"":""KXETH15M-26APR271945-45"",""trade_id"":""a99efbe2-5c1d-6bf4-91a1-f22505ede173"",""yes_price_dollars"":""0.4900""}"
KXETH15M-26APR271945-45,1b01d65e-41e8-6d23-b022-c986cb6c7b50,1777332625,0.48,1.0,yes,"{""count_fp"":""1.00"",""created_time"":""2026-04-27T23:30:25.731452Z"",""no_price_dollars"":""0.5200"",""taker_side"":""yes"",""ticker"":""KXETH15M-26APR271945-45"",""trade_id"":""1b01d65e-41e8-6d23-b022-c986cb6c7b50"",""yes_price_dollars"":""0.4800""}"
KXETH15M-26APR271945-45,4e588e16-cf59-471c-8e49-3a9770ca0425,1777332625,0.47,1.0,yes,"{""count_fp"":""1.00"",""created_time"":""2026-04-27T23:30:25.250249Z"",""no_price_dollars"":""0.5300"",""taker_side"":""yes"",""ticker"":""KXETH15M-26APR271945-45"",""trade_id"":""4e588e16-cf59-471c-8e49-3a9770ca0425"",""yes_price_dollars"":""0.4700""}"
KXETH15M-26APR271945-45,bfa4c518-d742-5e88-faa5-e4152c0c3f20,1777332625,0.49,0.15,no,"{""count_fp"":""0.15"",""created_time"":""2026-04-27T23:30:25.154162Z"",""no_price_dollars"":""0.5100"",""taker_side"":""no"",""ticker"":""KXETH15M-26APR271945-45"",""trade_id"":""bfa4c518-d742-5e88-faa5-e4152c0c3f20"",""yes_price_dollars"":""0.4900""}"
KXETH15M-26APR271945-45,dc4237bb-d53e-5d74-c528-66e0ce6f1ee0,1777332625,0.49,50.0,no,"{""count_fp"":""50.00"",""created_time"":""2026-04-27T23:30:25.133613Z"",""no_price_dollars"":""0.5100"",""taker_side"":""no"",""ticker"":""KXETH15M-26APR271945-45"",""trade_id"":""dc4237bb-d53e-5d74-c528-66e0ce6f1ee0"",""yes_price_dollars"":""0.4900""}"
KXETH15M-26APR271945-45,26db84c7-dddc-5e53-c230-879b93a6e244,1777332625,0.49,1.0,no,"{""count_fp"":""1.00"",""created_time"":""2026-04-27T23:30:25.133613Z"",""no_price_dollars"":""0.5100"",""taker_side"":""no"",""ticker"":""KXETH15M-26APR271945-45"",""trade_id"":""26db84c7-dddc-5e53-c230-879b93a6e244"",""yes_price_dollars"":""0.4900""}"
KXETH15M-26APR271945-45,c55314b8-5615-50ec-8ba5-2f75f3e220cb,1777332625,0.5,100.0,no,"{""count_fp"":""100.00"",""created_time"":""2026-04-27T23:30:25.107724Z"",""no_price_dollars"":""0.5000"",""taker_side"":""no"",""ticker"":""KXETH15M-26APR271945-45"",""trade_id"":""c55314b8-5615-50ec-8ba5-2f75f3e220cb"",""yes_price_dollars"":""0.5000""}"
KXETH15M-26APR271945-45,0f5cc91e-0f38-47c4-230d-ed69f701c13a,1777332626,0.48,1.0,yes,"{""count_fp"":""1.00"",""created_time"":""2026-04-27T23:30:26.360546Z"",""no_price_dollars"":""0.5200"",""taker_side"":""yes"",""ticker"":""KXETH15M-26APR271945-45"",""trade_id"":""0f5cc91e-0f38-47c4-230d-ed69f701c13a"",""yes_price_dollars"":""0.4800""}"
KXETH15M-26APR271945-45,09583041-874d-4ecc-1fba-c7183138e123,1777332626,0.49,24.0,yes,"{""count_fp"":""24.00"",""created_time"":""2026-04-27T23:30:26.360546Z"",""no_price_dollars"":""0.5100"",""taker_side"":""yes"",""ticker"":""KXETH15M-26APR271945-45"",""trade_id"":""09583041-874d-4ecc-1fba-c7183138e123"",""yes_price_dollars"":""0.4900""}"
KXETH15M-26APR271945-45,7923a147-c399-4c98-de3d-4cbe9a291a87,1777332630,0.49,26.0,yes,"{""count_fp"":""26.00"",""created_time"":""2026-04-27T23:30:30.053737Z"",""no_price_dollars"":""0.5100"",""taker_side"":""yes"",""ticker"":""KXETH15M-26APR271945-45"",""trade_id"":""7923a147-c399-4c98-de3d-4cbe9a291a87"",""yes_price_dollars"":""0.4900""}"
KXETH15M-26APR271945-45,5704b5ff-5379-719c-d4a5-6182bb49b2df,1777332631,0.49,2.0,yes,"{""count_fp"":""2.00"",""created_time"":""2026-04-27T23:30:31.142271Z"",""no_price_dollars"":""0.5100"",""taker_side"":""yes"",""ticker"":""KXETH15M-26APR271945-45"",""trade_id"":""5704b5ff-5379-719c-d4a5-6182bb49b2df"",""yes_price_dollars"":""0.4900""}"
KXETH15M-26APR271945-45,8bacedac-9bb1-6aad-7e91-64a052735ab5,1777332633,0.48,17.69,yes,"{""count_fp"":""17.69"",""created_time"":""2026-04-27T23:30:33.348256Z"",""no_price_dollars"":""0.5200"",""taker_side"":""yes"",""ticker"":""KXETH15M-26APR271945-45"",""trade_id"":""8bacedac-9bb1-6aad-7e91-64a052735ab5"",""yes_price_dollars"":""0.4800""}"
KXETH15M-26APR271945-45,20a87fda-1512-6769-4f50-39f8f889af95,1777332633,0.48,0.03,yes,"{""count_fp"":""0.03"",""created_time"":""2026-04-27T23:30:33.348256Z"",""no_price_dollars"":""0.5200"",""taker_side"":""yes"",""ticker"":""KXETH15M-26APR271945-45"",""trade_id"":""20a87fda-1512-6769-4f50-39f8f889af95"",""yes_price_dollars"":""0.4800""}"
KXETH15M-26APR271945-45,e0c3889f-5e11-7238-23f7-88662d167c53,1777332636,0.49,107.82,yes,"{""count_fp"":""107.82"",""created_time"":""2026-04-27T23:30:36.146241Z"",""no_price_dollars"":""0.5100"",""taker_side"":""yes"",""ticker"":""KXETH15M-26APR271945-45"",""trade_id"":""e0c3889f-5e11-7238-23f7-88662d167c53"",""yes_price_dollars"":""0.4900""}"
KXETH15M-26APR271945-45,34dd8a6b-6762-5507-75b3-81faf579405a,1777332643,0.46,17.62,no,"{""count_fp"":""17.62"",""created_time"":""2026-04-27T23:30:43.474879Z"",""no_price_dollars"":""0.5400"",""taker_side"":""no"",""ticker"":""KXETH15M-26APR271945-45"",""trade_id"":""34dd8a6b-6762-5507-75b3-81faf579405a"",""yes_price_dollars"":""0.4600""}"
KXETH15M-26APR271945-45,e1c91f3f-15a8-7170-85c0-ad6fc5737dd7,1777332649,0.46,9.62,no,"{""count_fp"":""9.62"",""created_time"":""2026-04-27T23:30:49.455889Z"",""no_price_dollars"":""0.5400"",""taker_side"":""no"",""ticker"":""KXETH15M-26APR271945-45"",""trade_id"":""e1c91f3f-15a8-7170-85c0-ad6fc5737dd7"",""yes_price_dollars"":""0.4600""}"
KXETH15M-26APR271945-45,a5a2f559-ad4e-7b03-b5cb-51094a680906,1777332649,0.46,2.38,no,"{""count_fp"":""2.38"",""created_time"":""2026-04-27T23:30:49.455889Z"",""no_price_dollars"":""0.5400"",""taker_side"":""no"",""ticker"":""KXETH15M-26APR271945-45"",""trade_id"":""a5a2f559-ad4e-7b03-b5cb-51094a680906"",""yes_price_dollars"":""0.4600""}"
KXETH15M-26APR271945-45,9386b09e-790f-7e93-945e-6ff678310348,1777332649,0.46,2.0,no,"{""count_fp"":""2.00"",""created_time"":""2026-04-27T23:30:49.455889Z"",""no_price_dollars"":""0.5400"",""taker_side"":""no"",""ticker"":""KXETH15M-26APR271945-45"",""trade_id"":""9386b09e-790f-7e93-945e-6ff678310348"",""yes_price_dollars"":""0.4600""}"
KXETH15M-26APR271945-45,25d132f2-fa0c-7082-8a4f-4d79d403cc7f,1777332649,0.46,100.0,no,"{""count_fp"":""100.00"",""created_time"":""2026-04-27T23:30:49.455889Z"",""no_price_dollars"":""0.5400"",""taker_side"":""no"",""ticker"":""KXETH15M-26APR271945-45"",""trade_id"":""25d132f2-fa0c-7082-8a4f-4d79d403cc7f"",""yes_price_dollars"":""0.4600""}"
KXETH15M-26APR271945-45,64d1e7fd-9506-78fd-ac70-f2a0206837e5,1777332651,0.47,2.0,yes,"{""count_fp"":""2.00"",""created_time"":""2026-04-27T23:30:51.003894Z"",""no_price_dollars"":""0.5300"",""taker_side"":""yes"",""ticker"":""KXETH15M-26APR271945-45"",""trade_id"":""64d1e7fd-9506-78fd-ac70-f2a0206837e5"",""yes_price_dollars"":""0.4700""}"
KXETH15M-26APR271945-45,1736c882-d391-7728-a63a-239cd02d50fb,1777332651,0.47,6.0,yes,"{""count_fp"":""6.00"",""created_time"":""2026-04-27T23:30:51.003894Z"",""no_price_dollars"":""0.5300"",""taker_side"":""yes"",""ticker"":""KXETH15M-26APR271945-45"",""trade_id"":""1736c882-d391-7728-a63a-239cd02d50fb"",""yes_price_dollars"":""0.4700""}"
KXETH15M-26APR271945-45,710d2890-3f39-40cb-4989-865a10ba163b,1777332658,0.45,2.0,no,"{""count_fp"":""2.00"",""created_time"":""2026-04-27T23:30:58.362584Z"",""no_price_dollars"":""0.5500"",""taker_side"":""no"",""ticker"":""KXETH15M-26APR271945-45"",""trade_id"":""710d2890-3f39-40cb-4989-865a10ba163b"",""yes_price_dollars"":""0.4500""}"
KXETH15M-26APR271945-45,273e9ca7-1ca2-415c-6bf6-7963e501a118,1777332658,0.45,7.0,no,"{""count_fp"":""7.00"",""created_time"":""2026-04-27T23:30:58.362584Z"",""no_price_dollars"":""0.5500"",""taker_side"":""no"",""ticker"":""KXETH15M-26APR271945-45"",""trade_id"":""273e9ca7-1ca2-415c-6bf6-7963e501a118"",""yes_price_dollars"":""0.4500""}"
KXETH15M-26APR271945-45,6af1b1f4-0c8e-4f71-94ec-1d1b6e637487,1777332659,0.44,3.67,no,"{""count_fp"":""3.67"",""created_time"":""2026-04-27T23:30:59.237861Z"",""no_price_dollars"":""0.5600"",""taker_side"":""no"",""ticker"":""KXETH15M-26APR271945-45"",""trade_id"":""6af1b1f4-0c8e-4f71-94ec-1d1b6e637487"",""yes_price_dollars"":""0.4400""}"
KXETH15M-26APR271945-45,4ee8fb4a-3b69-44ac-818f-c332d4baf8f1,1777332659,0.44,1.0,no,"{""count_fp"":""1.00"",""created_time"":""2026-04-27T23:30:59.237861Z"",""no_price_dollars"":""0.5600"",""taker_side"":""no"",""ticker"":""KXETH15M-26APR271945-45"",""trade_id"":""4ee8fb4a-3b69-44ac-818f-c332d4baf8f1"",""yes_price_dollars"":""0.4400""}"
KXETH15M-26APR271945-45,c3feb940-214b-5390-68dc-8ca365719eec,1777332660,0.46,1.0,no,"{""count_fp"":""1.00"",""created_time"":""2026-04-27T23:31:00.955976Z"",""no_price_dollars"":""0.5400"",""taker_side"":""no"",""ticker"":""KXETH15M-26APR271945-45"",""trade_id"":""c3feb940-214b-5390-68dc-8ca365719eec"",""yes_price_dollars"":""0.4600""}"
KXETH15M-26APR271945-45,36992da4-eac2-74cd-a676-b0d17348464b,1777332663,0.44,2.0,no,"{""count_fp"":""2.00"",""created_time"":""2026-04-27T23:31:03.108497Z"",""no_price_dollars"":""0.5600"",""taker_side"":""no"",""ticker"":""KXETH15M-26APR271945-45"",""trade_id"":""36992da4-eac2-74cd-a676-b0d17348464b"",""yes_price_dollars"":""0.4400""}"
KXETH15M-26APR271945-45,c66d662a-8118-77c3-af29-276592bac4a0,1777332670,0.45,6.0,no,"{""count_fp"":""6.00"",""created_time"":""2026-04-27T23:31:10.788271Z"",""no_price_dollars"":""0.5500"",""taker_side"":""no"",""ticker"":""KXETH15M-26APR271945-45"",""trade_id"":""c66d662a-8118-77c3-af29-276592bac4a0"",""yes_price_dollars"":""0.4500""}"
KXETH15M-26APR271945-45,52c98871-eb12-43e7-b916-ec8cb444fedd,1777332672,0.46,10.47,yes,"{""count_fp"":""10.47"",""created_time"":""2026-04-27T23:31:12.718178Z"",""no_price_dollars"":""0.5400"",""taker_side"":""yes"",""ticker"":""KXETH15M-26APR271945-45"",""trade_id"":""52c98871-eb12-43e7-b916-ec8cb444fedd"",""yes_price_dollars"":""0.4600""}"
KXETH15M-26APR271945-45,52fdce72-bca2-51df-930a-b154186dd681,1777332674,0.46,4.18,yes,"{""count_fp"":""4.18"",""created_time"":""2026-04-27T23:31:14.760932Z"",""no_price_dollars"":""0.5400"",""taker_side"":""yes"",""ticker"":""KXETH15M-26APR271945-45"",""trade_id"":""52fdce72-bca2-51df-930a-b154186dd681"",""yes_price_dollars"":""0.4600""}"
KXETH15M-26APR271945-45,e145473d-737f-78c3-5477-10b228ca667a,1777332674,0.45,10.0,no,"{""count_fp"":""10.00"",""created_time"":""2026-04-27T23:31:14.247801Z"",""no_price_dollars"":""0.5500"",""taker_side"":""no"",""ticker"":""KXETH15M-26APR271945-45"",""trade_id"":""e145473d-737f-78c3-5477-10b228ca667a"",""yes_price_dollars"":""0.4500""}"
KXETH15M-26APR271945-45,796af4da-b036-7650-4978-ac0e6d58a01c,1777332674,0.45,40.0,no,"{""count_fp"":""40.00"",""created_time"":""2026-04-27T23:31:14.247801Z"",""no_price_dollars"":""0.5500"",""taker_side"":""no"",""ticker"":""KXETH15M-26APR271945-45"",""trade_id"":""796af4da-b036-7650-4978-ac0e6d58a01c"",""yes_price_dollars"":""0.4500""}"
KXETH15M-26APR271945-45,31b4e34d-37ce-6144-f5f9-26d269201346,1777332680,0.44,1.0,no,"{""count_fp"":""1.00"",""created_time"":""2026-04-27T23:31:20.933854Z"",""no_price_dollars"":""0.5600"",""taker_side"":""no"",""ticker"":""KXETH15M-26APR271945-45"",""trade_id"":""31b4e34d-37ce-6144-f5f9-26d269201346"",""yes_price_dollars"":""0.4400""}"
KXETH15M-26APR271945-45,1543ff4e-e3de-62d0-d55d-a89c5d554de4,1777332680,0.44,9.39,no,"{""count_fp"":""9.39"",""created_time"":""2026-04-27T23:31:20.933854Z"",""no_price_dollars"":""0.5600"",""taker_side"":""no"",""ticker"":""KXETH15M-26APR271945-45"",""trade_id"":""1543ff4e-e3de-62d0-d55d-a89c5d554de4"",""yes_price_dollars"":""0.4400""}"
KXETH15M-26APR271945-45,7cbb7a5e-55aa-6e6f-0f5d-99f711fe98b1,1777332683,0.46,6.0,yes,"{""count_fp"":""6.00"",""created_time"":""2026-04-27T23:31:23.098487Z"",""no_price_dollars"":""0.5400"",""taker_side"":""yes"",""ticker"":""KXETH15M-26APR271945-45"",""trade_id"":""7cbb7a5e-55aa-6e6f-0f5d-99f711fe98b1"",""yes_price_dollars"":""0.4600""}"
KXETH15M-26APR271945-45,c88f1fa8-6aee-4fe0-5b47-a22c686234bc,1777332685,0.45,0.85,no,"{""count_fp"":""0.85"",""created_time"":""2026-04-27T23:31:25.506819Z"",""no_price_dollars"":""0.5500"",""taker_side"":""no"",""ticker"":""KXETH15M-26APR271945-45"",""trade_id"":""c88f1fa8-6aee-4fe0-5b47-a22c686234bc"",""yes_price_dollars"":""0.4500""}"
KXETH15M-26APR271945-45,bf1cbfc3-366d-7329-0093-0ab726ddb261,1777332688,0.46,42.31,yes,"{""count_fp"":""42.31"",""created_time"":""2026-04-27T23:31:28.584302Z"",""no_price_dollars"":""0.5400"",""taker_side"":""yes"",""ticker"":""KXETH15M-26APR271945-45"",""trade_id"":""bf1cbfc3-366d-7329-0093-0ab726ddb261"",""yes_price_dollars"":""0.4600""}"
KXETH15M-26APR271945-45,9bf07acc-cf4b-75c7-2195-8f9b1d17f80b,1777332688,0.46,2.0,yes,"{""count_fp"":""2.00"",""created_time"":""2026-04-27T23:31:28.584302Z"",""no_price_dollars"":""0.5400"",""taker_side"":""yes"",""ticker"":""KXETH15M-26APR271945-45"",""trade_id"":""9bf07acc-cf4b-75c7-2195-8f9b1d17f80b"",""yes_price_dollars"":""0.4600""}"
KXETH15M-26APR271945-45,67b9eea1-a904-7225-223d-17ad55e57c4d,1777332688,0.47,1.0,yes,"{""count_fp"":""1.00"",""created_time"":""2026-04-27T23:31:28.584302Z"",""no_price_dollars"":""0.5300"",""taker_side"":""yes"",""ticker"":""KXETH15M-26APR271945-45"",""trade_id"":""67b9eea1-a904-7225-223d-17ad55e57c4d"",""yes_price_dollars"":""0.4700""}"
KXETH15M-26APR271945-45,631c1e02-16cc-7399-17a0-50bccf2e7244,1777332688,0.48,11.66,yes,"{""count_fp"":""11.66"",""created_time"":""2026-04-27T23:31:28.584302Z"",""no_price_dollars"":""0.5200"",""taker_side"":""yes"",""ticker"":""KXETH15M-26APR271945-45"",""trade_id"":""631c1e02-16cc-7399-17a0-50bccf2e7244"",""yes_price_dollars"":""0.4800""}"
KXETH15M-26APR271945-45,46ff3f4a-2adf-7831-3901-af079dd26d07,1777332688,0.48,1.0,yes,"{""count_fp"":""1.00"",""created_time"":""2026-04-27T23:31:28.584302Z"",""no_price_dollars"":""0.5200"",""taker_side"":""yes"",""ticker"":""KXETH15M-26APR271945-45"",""trade_id"":""46ff3f4a-2adf-7831-3901-af079dd26d07"",""yes_price_dollars"":""0.4800""}"
KXETH15M-26APR271945-45,290ed63c-ae10-7800-1505-c082f94eeec8,1777332688,0.48,20.0,yes,"{""count_fp"":""20.00"",""created_time"":""2026-04-27T23:31:28.584302Z"",""no_price_dollars"":""0.5200"",""taker_side"":""yes"",""ticker"":""KXETH15M-26APR271945-45"",""trade_id"":""290ed63c-ae10-7800-1505-c082f94eeec8"",""yes_price_dollars"":""0.4800""}"
KXETH15M-26APR271945-45,1d9ffd26-9069-7146-0344-dfd37de6652f,1777332688,0.46,1.0,yes,"{""count_fp"":""1.00"",""created_time"":""2026-04-27T23:31:28.584302Z"",""no_price_dollars"":""0.5400"",""taker_side"":""yes"",""ticker"":""KXETH15M-26APR271945-45"",""trade_id"":""1d9ffd26-9069-7146-0344-dfd37de6652f"",""yes_price_dollars"":""0.4600""}"
KXETH15M-26APR271945-45,17da9562-5df2-744b-22b2-2e257cb1cf71,1777332688,0.46,24.35,yes,"{""count_fp"":""24.35"",""created_time"":""2026-04-27T23:31:28.584302Z"",""no_price_dollars"":""0.5400"",""taker_side"":""yes"",""ticker"":""KXETH15M-26APR271945-45"",""trade_id"":""17da9562-5df2-744b-22b2-2e257cb1cf71"",""yes_price_dollars"":""0.4600""}"
KXETH15M-26APR271945-45,175c3e8d-7612-6ff4-0502-12937b3ad1ec,1777332689,0.45,1.0,no,"{""count_fp"":""1.00"",""created_time"":""2026-04-27T23:31:29.401429Z"",""no_price_dollars"":""0.5500"",""taker_side"":""no"",""ticker"":""KXETH15M-26APR271945-45"",""trade_id"":""175c3e8d-7612-6ff4-0502-12937b3ad1ec"",""yes_price_dollars"":""0.4500""}"
KXETH15M-26APR271945-45,e2825832-8067-4ad3-ffc1-0c63937d165d,1777332690,0.48,0.34,yes,"{""count_fp"":""0.34"",""created_time"":""2026-04-27T23:31:30.693225Z"",""no_price_dollars"":""0.5200"",""taker_side"":""yes"",""ticker"":""KXETH15M-26APR271945-45"",""trade_id"":""e2825832-8067-4ad3-ffc1-0c63937d165d"",""yes_price_dollars"":""0.4800""}"
KXETH15M-26APR271945-45,f98a9b16-da77-6d1b-5dc7-c89a719700d9,1777332690,0.48,0.66,yes,"{""count_fp"":""0.66"",""created_time"":""2026-04-27T23:31:30.686341Z"",""no_price_dollars"":""0.5200"",""taker_side"":""yes"",""ticker"":""KXETH15M-26APR271945-45"",""trade_id"":""f98a9b16-da77-6d1b-5dc7-c89a719700d9"",""yes_price_dollars"":""0.4800""}"
KXETH15M-26APR271945-45,c57911b9-3e38-6809-65ad-8c7abd33695c,1777332690,0.48,138.34,yes,"{""count_fp"":""138.34"",""created_time"":""2026-04-27T23:31:30.686341Z"",""no_price_dollars"":""0.5200"",""taker_side"":""yes"",""ticker"":""KXETH15M-26APR271945-45"",""trade_id"":""c57911b9-3e38-6809-65ad-8c7abd33695c"",""yes_price_dollars"":""0.4800""}"
KXETH15M-26APR271945-45,9580c91c-367d-6223-78ea-aa804f85a4d1,1777332690,0.48,60.0,yes,"{""count_fp"":""60.00"",""created_time"":""2026-04-27T23:31:30.686341Z"",""no_price_dollars"":""0.5200"",""taker_side"":""yes"",""ticker"":""KXETH15M-26APR271945-45"",""trade_id"":""9580c91c-367d-6223-78ea-aa804f85a4d1"",""yes_price_dollars"":""0.4800""}"
KXETH15M-26APR271945-45,289c6b5a-b9b3-7112-c3e9-2789b32c5d75,1777332691,0.55,10.0,yes,"{""count_fp"":""10.00"",""created_time"":""2026-04-27T23:31:31.318289Z"",""no_price_dollars"":""0.4500"",""taker_side"":""yes"",""ticker"":""KXETH15M-26APR271945-45"",""trade_id"":""289c6b5a-b9b3-7112-c3e9-2789b32c5d75"",""yes_price_dollars"":""0.5500""}"
KXETH15M-26APR271945-45,c9de94ce-448b-53ff-bc2f-870663d8c386,1777332691,0.51,1.0,yes,"{""count_fp"":""1.00"",""created_time"":""2026-04-27T23:31:31.282423Z"",""no_price_dollars"":""0.4900"",""taker_side"":""yes"",""ticker"":""KXETH15M-26APR271945-45"",""trade_id"":""c9de94ce-448b-53ff-bc2f-870663d8c386"",""yes_price_dollars"":""0.5100""}"
KXETH15M-26APR271945-45,576aa559-b943-591a-b648-bb0b6f270b1f,1777332691,0.53,10.0,yes,"{""count_fp"":""10.00"",""created_time"":""2026-04-27T23:31:31.282423Z"",""no_price_dollars"":""0.4700"",""taker_side"":""yes"",""ticker"":""KXETH15M-26APR271945-45"",""trade_id"":""576aa559-b943-591a-b648-bb0b6f270b1f"",""yes_price_dollars"":""0.5300""}"
KXETH15M-26APR271945-45,47a25588-6e24-580b-9d8e-2db3e2b6c3ab,1777332691,0.51,60.0,yes,"{""count_fp"":""60.00"",""created_time"":""2026-04-27T23:31:31.282423Z"",""no_price_dollars"":""0.4900"",""taker_side"":""yes"",""ticker"":""KXETH15M-26APR271945-45"",""trade_id"":""47a25588-6e24-580b-9d8e-2db3e2b6c3ab"",""yes_price_dollars"":""0.5100""}"
KXETH15M-26APR271945-45,c1a61788-7eb4-507e-ff35-9792a70e239d,1777332696,0.55,1.0,yes,"{""count_fp"":""1.00"",""created_time"":""2026-04-27T23:31:36.085973Z"",""no_price_dollars"":""0.4500"",""taker_side"":""yes"",""ticker"":""KXETH15M-26APR271945-45"",""trade_id"":""c1a61788-7eb4-507e-ff35-9792a70e239d"",""yes_price_dollars"":""0.5500""}"
KXETH15M-26APR271945-45,1a84d099-5e2c-5f47-f25e-49a77c8689b9,1777332696,0.56,0.73,yes,"{""count_fp"":""0.73"",""created_time"":""2026-04-27T23:31:36.085973Z"",""no_price_dollars"":""0.4400"",""taker_side"":""yes"",""ticker"":""KXETH15M-26APR271945-45"",""trade_id"":""1a84d099-5e2c-5f47-f25e-49a77c8689b9"",""yes_price_dollars"":""0.5600""}"
KXETH15M-26APR271945-45,28b66279-6c26-5cd4-2489-ffb3b0f5a7e2,1777332699,0.51,27.0,no,"{""count_fp"":""27.00"",""created_time"":""2026-04-27T23:31:39.377162Z"",""no_price_dollars"":""0.4900"",""taker_side"":""no"",""ticker"":""KXETH15M-26APR271945-45"",""trade_id"":""28b66279-6c26-5cd4-2489-ffb3b0f5a7e2"",""yes_price_dollars"":""0.5100""}"
KXETH15M-26APR271945-45,e69d6b11-6d7a-5a23-b11c-1c26267e1e3d,1777332701,0.52,1.0,yes,"{""count_fp"":""1.00"",""created_time"":""2026-04-27T23:31:41.139427Z"",""no_price_dollars"":""0.4800"",""taker_side"":""yes"",""ticker"":""KXETH15M-26APR271945-45"",""trade_id"":""e69d6b11-6d7a-5a23-b11c-1c26267e1e3d"",""yes_price_dollars"":""0.5200""}"
KXETH15M-26APR271945-45,75a07e1a-2cec-5a07-90bc-7f5363fb10ed,1777332701,0.54,43.11,yes,"{""count_fp"":""43.11"",""created_time"":""2026-04-27T23:31:41.139427Z"",""no_price_dollars"":""0.4600"",""taker_side"":""yes"",""ticker"":""KXETH15M-26APR271945-45"",""trade_id"":""75a07e1a-2cec-5a07-90bc-7f5363fb10ed"",""yes_price_dollars"":""0.5400""}"
KXETH15M-26APR271945-45,aa24cc33-5d34-5c5a-53f7-f2dbf94bd410,1777332702,0.52,1.0,yes,"{""count_fp"":""1.00"",""created_time"":""2026-04-27T23:31:42.016453Z"",""no_price_dollars"":""0.4800"",""taker_side"":""yes"",""ticker"":""KXETH15M-26APR271945-45"",""trade_id"":""aa24cc33-5d34-5c5a-53f7-f2dbf94bd410"",""yes_price_dollars"":""0.5200""}"
KXETH15M-26APR271945-45,9513e66a-a5d5-519b-5b23-177cf094188c,1777332702,0.55,4.0,yes,"{""count_fp"":""4.00"",""created_time"":""2026-04-27T23:31:42.016453Z"",""no_price_dollars"":""0.4500"",""taker_side"":""yes"",""ticker"":""KXETH15M-26APR271945-45"",""trade_id"":""9513e66a-a5d5-519b-5b23-177cf094188c"",""yes_price_dollars"":""0.5500""}"
KXETH15M-26APR271945-45,1f150a9d-3cbe-6868-1ca7-f50675991486,1777332706,0.51,19.7,no,"{""count_fp"":""19.70"",""created_time"":""2026-04-27T23:31:46.030289Z"",""no_price_dollars"":""0.4900"",""taker_side"":""no"",""ticker"":""KXETH15M-26APR271945-45"",""trade_id"":""1f150a9d-3cbe-6868-1ca7-f50675991486"",""yes_price_dollars"":""0.5100""}"
KXETH15M-26APR271945-45,7d9babcd-a572-5ba0-29f3-072ef8b8d38a,1777332707,0.52,1.0,yes,"{""count_fp"":""1.00"",""created_time"":""2026-04-27T23:31:47.544905Z"",""no_price_dollars"":""0.4800"",""taker_side"":""yes"",""ticker"":""KXETH15M-26APR271945-45"",""trade_id"":""7d9babcd-a572-5ba0-29f3-072ef8b8d38a"",""yes_price_dollars"":""0.5200""}"
KXETH15M-26APR271945-45,bcb4c02e-2a8c-7bfc-e50c-0b039f6f58fa,1777332709,0.52,1.0,no,"{""count_fp"":""1.00"",""created_time"":""2026-04-27T23:31:49.313246Z"",""no_price_dollars"":""0.4800"",""taker_side"":""no"",""ticker"":""KXETH15M-26APR271945-45"",""trade_id"":""bcb4c02e-2a8c-7bfc-e50c-0b039f6f58fa"",""yes_price_dollars"":""0.5200""}"
KXETH15M-26APR271945-45,11fb9341-aef8-51b7-5a66-5bbec1218f39,1777332710,0.54,11.57,yes,"{""count_fp"":""11.57"",""created_time"":""2026-04-27T23:31:50.715489Z"",""no_price_dollars"":""0.4600"",""taker_side"":""yes"",""ticker"":""KXETH15M-26APR271945-45"",""trade_id"":""11fb9341-aef8-51b7-5a66-5bbec1218f39"",""yes_price_dollars"":""0.5400""}"
KXETH15M-26APR271945-45,1011176b-c8bb-5aa5-4b20-020bbe14a322,1777332710,0.53,1.0,yes,"{""count_fp"":""1.00"",""created_time"":""2026-04-27T23:31:50.715489Z"",""no_price_dollars"":""0.4700"",""taker_side"":""yes"",""ticker"":""KXETH15M-26APR271945-45"",""trade_id"":""1011176b-c8bb-5aa5-4b20-020bbe14a322"",""yes_price_dollars"":""0.5300""}"
KXETH15M-26APR271945-45,cf46e30e-d794-7fb7-bae2-7da70cc4f17b,1777332712,0.54,10.21,yes,"{""count_fp"":""10.21"",""created_time"":""2026-04-27T23:31:52.127246Z"",""no_price_dollars"":""0.4600"",""taker_side"":""yes"",""ticker"":""KXETH15M-26APR271945-45"",""trade_id"":""cf46e30e-d794-7fb7-bae2-7da70cc4f17b"",""yes_price_dollars"":""0.5400""}"
KXETH15M-26APR271945-45,a9305fc7-e039-7027-8103-14db881db5f0,1777332712,0.55,28.16,yes,"{""count_fp"":""28.16"",""created_time"":""2026-04-27T23:31:52.127246Z"",""no_price_dollars"":""0.4500"",""taker_side"":""yes"",""ticker"":""KXETH15M-26APR271945-45"",""trade_id"":""a9305fc7-e039-7027-8103-14db881db5f0"",""yes_price_dollars"":""0.5500""}"
KXETH15M-26APR271945-45,5525f9a5-c949-7aa6-a0ef-a9d7c0512014,1777332712,0.53,1.0,yes,"{""count_fp"":""1.00"",""created_time"":""2026-04-27T23:31:52.127246Z"",""no_price_dollars"":""0.4700"",""taker_side"":""yes"",""ticker"":""KXETH15M-26APR271945-45"",""trade_id"":""5525f9a5-c949-7aa6-a0ef-a9d7c0512014"",""yes_price_dollars"":""0.5300""}"
KXETH15M-26APR271945-45,5230a8d3-2224-713f-92db-d7785df95a61,1777332712,0.54,4.59,yes,"{""count_fp"":""4.59"",""created_time"":""2026-04-27T23:31:52.127246Z"",""no_price_dollars"":""0.4600"",""taker_side"":""yes"",""ticker"":""KXETH15M-26APR271945-45"",""trade_id"":""5230a8d3-2224-713f-92db-d7785df95a61"",""yes_price_dollars"":""0.5400""}"
KXETH15M-26APR271945-45,4b8084d2-9fe7-43f2-52d3-7e768a114095,1777332719,0.53,0.85,no,"{""count_fp"":""0.85"",""created_time"":""2026-04-27T23:31:59.725514Z"",""no_price_dollars"":""0.4700"",""taker_side"":""no"",""ticker"":""KXETH15M-26APR271945-45"",""trade_id"":""4b8084d2-9fe7-43f2-52d3-7e768a114095"",""yes_price_dollars"":""0.5300""}"
KXETH15M-26APR271945-45,60f4acfb-87bd-50ff-25a7-0c819210b064,1777332719,0.55,9.0,yes,"{""count_fp"":""9.00"",""created_time"":""2026-04-27T23:31:59.312646Z"",""no_price_dollars"":""0.4500"",""taker_side"":""yes"",""ticker"":""KXETH15M-26APR271945-45"",""trade_id"":""60f4acfb-87bd-50ff-25a7-0c819210b064"",""yes_price_dollars"":""0.5500""}"
KXETH15M-26APR271945-45,2603ca26-268d-609f-c987-965936d76d18,1777332720,0.55,1.76,yes,"{""count_fp"":""1.76"",""created_time"":""2026-04-27T23:32:00.706314Z"",""no_price_dollars"":""0.4500"",""taker_side"":""yes"",""ticker"":""KXETH15M-26APR271945-45"",""trade_id"":""2603ca26-268d-609f-c987-965936d76d18"",""yes_price_dollars"":""0.5500""}"
KXETH15M-26APR271945-45,7827e1c5-882d-5f03-9653-37a08dc31180,1777332720,0.55,3.52,yes,"{""count_fp"":""3.52"",""created_time"":""2026-04-27T23:32:00.223002Z"",""no_price_dollars"":""0.4500"",""taker_side"":""yes"",""ticker"":""KXETH15M-26APR271945-45"",""trade_id"":""7827e1c5-882d-5f03-9653-37a08dc31180"",""yes_price_dollars"":""0.5500""}"
KXETH15M-26APR271945-45,44b73286-0a9a-6cc8-c73e-b211d292b2ba,1777332721,0.55,1.0,no,"{""count_fp"":""1.00"",""created_time"":""2026-04-27T23:32:01.805392Z"",""no_price_dollars"":""0.4500"",""taker_side"":""no"",""ticker"":""KXETH15M-26APR271945-45"",""trade_id"":""44b73286-0a9a-6cc8-c73e-b211d292b2ba"",""yes_price_dollars"":""0.5500""}"
KXETH15M-26APR271945-45,94d4e3c1-904f-4445-bc76-03d8ec495140,1777332721,0.55,0.56,yes,"{""count_fp"":""0.56"",""created_time"":""2026-04-27T23:32:01.705972Z"",""no_price_dollars"":""0.4500"",""taker_side"":""yes"",""ticker"":""KXETH15M-26APR271945-45"",""trade_id"":""94d4e3c1-904f-4445-bc76-03d8ec495140"",""yes_price_dollars"":""0.5500""}"
KXETH15M-26APR271945-45,f57859f0-bf0d-753b-c6bd-63b181585a00,1777332721,0.55,153.56,yes,"{""count_fp"":""153.56"",""created_time"":""2026-04-27T23:32:01.686237Z"",""no_price_dollars"":""0.4500"",""taker_side"":""yes"",""ticker"":""KXETH15M-26APR271945-45"",""trade_id"":""f57859f0-bf0d-753b-c6bd-63b181585a00"",""yes_price_dollars"":""0.5500""}"
KXETH15M-26APR271945-45,7163c885-e1f7-70a5-c9a1-7dc72fda4a00,1777332721,0.55,59.44,yes,"{""count_fp"":""59.44"",""created_time"":""2026-04-27T23:32:01.686237Z"",""no_price_dollars"":""0.4500"",""taker_side"":""yes"",""ticker"":""KXETH15M-26APR271945-45"",""trade_id"":""7163c885-e1f7-70a5-c9a1-7dc72fda4a00"",""yes_price_dollars"":""0.5500""}"
KXETH15M-26APR271945-45,4ed98f1e-d41d-7985-da3f-999986f889e0,1777332721,0.55,1.0,yes,"{""count_fp"":""1.00"",""created_time"":""2026-04-27T23:32:01.686237Z"",""no_price_dollars"":""0.4500"",""taker_side"":""yes"",""ticker"":""KXETH15M-26APR271945-45"",""trade_id"":""4ed98f1e-d41d-7985-da3f-999986f889e0"",""yes_price_dollars"":""0.5500""}"
KXETH15M-26APR271945-45,e6bdac0d-91ca-4678-72a0-893dab8954d8,1777332726,0.6,13.42,no,"{""count_fp"":""13.42"",""created_time"":""2026-04-27T23:32:06.861293Z"",""no_price_dollars"":""0.4000"",""taker_side"":""no"",""ticker"":""KXETH15M-26APR271945-45"",""trade_id"":""e6bdac0d-91ca-4678-72a0-893dab8954d8"",""yes_price_dollars"":""0.6000""}"
KXETH15M-26APR271945-45,0c0d6bd9-401a-4b3a-4313-d0150795c390,1777332726,0.6,10.0,no,"{""count_fp"":""10.00"",""created_time"":""2026-04-27T23:32:06.861293Z"",""no_price_dollars"":""0.4000"",""taker_side"":""no"",""ticker"":""KXETH15M-26APR271945-45"",""trade_id"":""0c0d6bd9-401a-4b3a-4313-d0150795c390"",""yes_price_dollars"":""0.6000""}"
KXETH15M-26APR271945-45,c751802c-2b32-51bb-c768-5fc000f985ca,1777332726,0.6,1.0,yes,"{""count_fp"":""1.00"",""created_time"":""2026-04-27T23:32:06.132856Z"",""no_price_dollars"":""0.4000"",""taker_side"":""yes"",""ticker"":""KXETH15M-26APR271945-45"",""trade_id"":""c751802c-2b32-51bb-c768-5fc000f985ca"",""yes_price_dollars"":""0.6000""}"
KXETH15M-26APR271945-45,5804c818-3e6f-523c-d847-38ef0cac2ac3,1777332726,0.63,5.84,yes,"{""count_fp"":""5.84"",""created_time"":""2026-04-27T23:32:06.132856Z"",""no_price_dollars"":""0.3700"",""taker_side"":""yes"",""ticker"":""KXETH15M-26APR271945-45"",""trade_id"":""5804c818-3e6f-523c-d847-38ef0cac2ac3"",""yes_price_dollars"":""0.6300""}"
KXETH15M-26APR271945-45,e39ad1c1-90fc-4b46-ca30-09f1fce8ea69,1777332730,0.63,60.0,yes,"{""count_fp"":""60.00"",""created_time"":""2026-04-27T23:32:10.442239Z"",""no_price_dollars"":""0.3700"",""taker_side"":""yes"",""ticker"":""KXETH15M-26APR271945-45"",""trade_id"":""e39ad1c1-90fc-4b46-ca30-09f1fce8ea69"",""yes_price_dollars"":""0.6300""}"
KXETH15M-26APR271945-45,d4c3973e-e443-42fb-a2b5-5b4d647bcf4f,1777332730,0.62,10.0,yes,"{""count_fp"":""10.00"",""created_time"":""2026-04-27T23:32:10.396946Z"",""no_price_dollars"":""0.3800"",""taker_side"":""yes"",""ticker"":""KXETH15M-26APR271945-45"",""trade_id"":""d4c3973e-e443-42fb-a2b5-5b4d647bcf4f"",""yes_price_dollars"":""0.6200""}"
KXETH15M-26APR271945-45,57fb21f1-a6de-4ea1-8f63-81d042ed7ee4,1777332730,0.62,1.0,yes,"{""count_fp"":""1.00"",""created_time"":""2026-04-27T23:32:10.396946Z"",""no_price_dollars"":""0.3800"",""taker_side"":""yes"",""ticker"":""KXETH15M-26APR271945-45"",""trade_id"":""57fb21f1-a6de-4ea1-8f63-81d042ed7ee4"",""yes_price_dollars"":""0.6200""}"
KXETH15M-26APR271945-45,92e8c2fa-c096-4094-658b-1225aadcce8e,1777332731,0.63,11.99,no,"{""count_fp"":""11.99"",""created_time"":""2026-04-27T23:32:11.680632Z"",""no_price_dollars"":""0.3700"",""taker_side"":""no"",""ticker"":""KXETH15M-26APR271945-45"",""trade_id"":""92e8c2fa-c096-4094-658b-1225aadcce8e"",""yes_price_dollars"":""0.6300""}"
KXETH15M-26APR271945-45,e781f82e-e00e-60c3-177a-44a5bb0385ae,1777332731,0.64,1.0,yes,"{""count_fp"":""1.00"",""created_time"":""2026-04-27T23:32:11.673724Z"",""no_price_dollars"":""0.3600"",""taker_side"":""yes"",""ticker"":""KXETH15M-26APR271945-45"",""trade_id"":""e781f82e-e00e-60c3-177a-44a5bb0385ae"",""yes_price_dollars"":""0.6400""}"
KXETH15M-26APR271945-45,733bbe70-9ee4-6e45-311d-174f036662c6,1777332731,0.64,60.0,yes,"{""count_fp"":""60.00"",""created_time"":""2026-04-27T23:32:11.673724Z"",""no_price_dollars"":""0.3600"",""taker_side"":""yes"",""ticker"":""KXETH15M-26APR271945-45"",""trade_id"":""733bbe70-9ee4-6e45-311d-174f036662c6"",""yes_price_dollars"":""0.6400""}"
KXETH15M-26APR271945-45,56096c0a-10ce-5dea-fc6b-bddb89ef9b50,1777332732,0.67,1.0,yes,"{""count_fp"":""1.00"",""created_time"":""2026-04-27T23:32:12.919777Z"",""no_price_dollars"":""0.3300"",""taker_side"":""yes"",""ticker"":""KXETH15M-26APR271945-45"",""trade_id"":""56096c0a-10ce-5dea-fc6b-bddb89ef9b50"",""yes_price_dollars"":""0.6700""}"
KXETH15M-26APR271945-45,3e6eda84-083a-5490-7e95-b9b372ba9f96,1777332732,0.65,4.0,no,"{""count_fp"":""4.00"",""created_time"":""2026-04-27T23:32:12.569457Z"",""no_price_dollars"":""0.3500"",""taker_side"":""no"",""ticker"":""KXETH15M-26APR271945-45"",""trade_id"":""3e6eda84-083a-5490-7e95-b9b372ba9f96"",""yes_price_dollars"":""0.6500""}"
KXETH15M-26APR271945-45,2acd9148-9ff6-750c-184b-6d0a00865622,1777332732,0.65,5.0,no,"{""count_fp"":""5.00"",""created_time"":""2026-04-27T23:32:12.307029Z"",""no_price_dollars"":""0.3500"",""taker_side"":""no"",""ticker"":""KXETH15M-26APR271945-45"",""trade_id"":""2acd9148-9ff6-750c-184b-6d0a00865622"",""yes_price_dollars"":""0.6500""}"
KXETH15M-26APR271945-45,ad1212db-df62-5f34-1aec-5d5c24effa2b,1777332732,0.65,300.0,yes,"{""count_fp"":""300.00"",""created_time"":""2026-04-27T23:32:12.028718Z"",""no_price_dollars"":""0.3500"",""taker_side"":""yes"",""ticker"":""KXETH15M-26APR271945-45"",""trade_id"":""ad1212db-df62-5f34-1aec-5d5c24effa2b"",""yes_price_dollars"":""0.6500""}"
KXETH15M-26APR271945-45,2b30b8fd-56e7-5a51-1890-36dcf22aee7e,1777332732,0.65,60.0,yes,"{""count_fp"":""60.00"",""created_time"":""2026-04-27T23:32:12.028718Z"",""no_price_dollars"":""0.3500"",""taker_side"":""yes"",""ticker"":""KXETH15M-26APR271945-45"",""trade_id"":""2b30b8fd-56e7-5a51-1890-36dcf22aee7e"",""yes_price_dollars"":""0.6500""}"
KXETH15M-26APR271945-45,a166aac9-c8e0-654a-f1fc-1ac5091b7a5e,1777332737,0.69,1.0,yes,"{""count_fp"":""1.00"",""created_time"":""2026-04-27T23:32:17.921144Z"",""no_price_dollars"":""0.3100"",""taker_side"":""yes"",""ticker"":""KXETH15M-26APR271945-45"",""trade_id"":""a166aac9-c8e0-654a-f1fc-1ac5091b7a5e"",""yes_price_dollars"":""0.6900""}"
KXETH15M-26APR271945-45,a3cd3e06-5d63-6992-2e62-b177ee3e6fd4,1777332737,0.69,394.0,yes,"{""count_fp"":""394.00"",""created_time"":""2026-04-27T23:32:17.917569Z"",""no_price_dollars"":""0.3100"",""taker_side"":""yes"",""ticker"":""KXETH15M-26APR271945-45"",""trade_id"":""a3cd3e06-5d63-6992-2e62-b177ee3e6fd4"",""yes_price_dollars"":""0.6900""}"
KXETH15M-26APR271945-45,da8de54d-ae11-45d6-7966-363cae339565,1777332737,0.68,10.0,yes,"{""count_fp"":""10.00"",""created_time"":""2026-04-27T23:32:17.868967Z"",""no_price_dollars"":""0.3200"",""taker_side"":""yes"",""ticker"":""KXETH15M-26APR271945-45"",""trade_id"":""da8de54d-ae11-45d6-7966-363cae339565"",""yes_price_dollars"":""0.6800""}"
KXETH15M-26APR271945-45,87e8accf-5fbc-41a1-44ee-5d44164fe38c,1777332737,0.68,1.0,yes,"{""count_fp"":""1.00"",""created_time"":""2026-04-27T23:32:17.868967Z"",""no_price_dollars"":""0.3200"",""taker_side"":""yes"",""ticker"":""KXETH15M-26APR271945-45"",""trade_id"":""87e8accf-5fbc-41a1-44ee-5d44164fe38c"",""yes_price_dollars"":""0.6800""}"
KXETH15M-26APR271945-45,729b865b-24c1-58f1-284d-3ddd89ab100f,1777332741,0.7,1.0,yes,"{""count_fp"":""1.00"",""created_time"":""2026-04-27T23:32:21.101097Z"",""no_price_dollars"":""0.3000"",""taker_side"":""yes"",""ticker"":""KXETH15M-26APR271945-45"",""trade_id"":""729b865b-24c1-58f1-284d-3ddd89ab100f"",""yes_price_dollars"":""0.7000""}"
KXETH15M-26APR271945-45,8dcbeae4-5060-4ee4-32ef-cf47e28b8366,1777332742,0.7,1.0,no,"{""count_fp"":""1.00"",""created_time"":""2026-04-27T23:32:22.318736Z"",""no_price_dollars"":""0.3000"",""taker_side"":""no"",""ticker"":""KXETH15M-26APR271945-45"",""trade_id"":""8dcbeae4-5060-4ee4-32ef-cf47e28b8366"",""yes_price_dollars"":""0.7000""}"
KXETH15M-26APR271945-45,f41a4315-4929-4e4d-b35a-3b70fbc4621d,1777332743,0.72,1.0,yes,"{""count_fp"":""1.00"",""created_time"":""2026-04-27T23:32:23.996622Z"",""no_price_dollars"":""0.2800"",""taker_side"":""yes"",""ticker"":""KXETH15M-26APR271945-45"",""trade_id"":""f41a4315-4929-4e4d-b35a-3b70fbc4621d"",""yes_price_dollars"":""0.7200""}"
KXETH15M-26APR271945-45,5e3013ff-c281-44fa-de95-e22c0f10d747,1777332746,0.68,3.0,no,"{""count_fp"":""3.00"",""created_time"":""2026-04-27T23:32:26.164726Z"",""no_price_dollars"":""0.3200"",""taker_side"":""no"",""ticker"":""KXETH15M-26APR271945-45"",""trade_id"":""5e3013ff-c281-44fa-de95-e22c0f10d747"",""yes_price_dollars"":""0.6800""}"
KXETH15M-26APR271945-45,0e0dcb87-a13e-4050-e422-2e2284cfb908,1777332746,0.68,11.9,no,"{""count_fp"":""11.90"",""created_time"":""2026-04-27T23:32:26.164726Z"",""no_price_dollars"":""0.3200"",""taker_side"":""no"",""ticker"":""KXETH15M-26APR271945-45"",""trade_id"":""0e0dcb87-a13e-4050-e422-2e2284cfb908"",""yes_price_dollars"":""0.6800""}"
KXETH15M-26APR271945-45,fef01aef-1a55-5932-c277-df219cee2392,1777332748,0.74,2.0,yes,"{""count_fp"":""2.00"",""created_time"":""2026-04-27T23:32:28.996265Z"",""no_price_dollars"":""0.2600"",""taker_side"":""yes"",""ticker"":""KXETH15M-26APR271945-45"",""trade_id"":""fef01aef-1a55-5932-c277-df219cee2392"",""yes_price_dollars"":""0.7400""}"
KXETH15M-26APR271945-45,27a35597-9aa2-6844-68f0-41f58b5cacba,1777332748,0.7,29.83,no,"{""count_fp"":""29.83"",""created_time"":""2026-04-27T23:32:28.657505Z"",""no_price_dollars"":""0.3000"",""taker_side"":""no"",""ticker"":""KXETH15M-26APR271945-45"",""trade_id"":""27a35597-9aa2-6844-68f0-41f58b5cacba"",""yes_price_dollars"":""0.7000""}"
KXETH15M-26APR271945-45,065c1a27-0732-5148-0db7-c3269dfc9686,1777332748,0.7,149.15,no,"{""count_fp"":""149.15"",""created_time"":""2026-04-27T23:32:28.614427Z"",""no_price_dollars"":""0.3000"",""taker_side"":""no"",""ticker"":""KXETH15M-26APR271945-45"",""trade_id"":""065c1a27-0732-5148-0db7-c3269dfc9686"",""yes_price_dollars"":""0.7000""}"
KXETH15M-26APR271945-45,916078b0-ce21-551a-de8d-8819ec996ff6,1777332749,0.75,1.0,yes,"{""count_fp"":""1.00"",""created_time"":""2026-04-27T23:32:29.566635Z"",""no_price_dollars"":""0.2500"",""taker_side"":""yes"",""ticker"":""KXETH15M-26APR271945-45"",""trade_id"":""916078b0-ce21-551a-de8d-8819ec996ff6"",""yes_price_dollars"":""0.7500""}"
KXETH15M-26APR271945-45,8fdc1de0-1838-6e01-f255-1854c832df93,1777332750,0.79,104.09,yes,"{""count_fp"":""104.09"",""created_time"":""2026-04-27T23:32:30.599219Z"",""no_price_dollars"":""0.2100"",""taker_side"":""yes"",""ticker"":""KXETH15M-26APR271945-45"",""trade_id"":""8fdc1de0-1838-6e01-f255-1854c832df93"",""yes_price_dollars"":""0.7900""}"
KXETH15M-26APR271945-45,71738caa-721b-69fc-e37b-de3265d934cd,1777332750,0.75,10.0,yes,"{""count_fp"":""10.00"",""created_time"":""2026-04-27T23:32:30.599219Z"",""no_price_dollars"":""0.2500"",""taker_side"":""yes"",""ticker"":""KXETH15M-26APR271945-45"",""trade_id"":""71738caa-721b-69fc-e37b-de3265d934cd"",""yes_price_dollars"":""0.7500""}"
KXETH15M-26APR271945-45,29e9f66b-3719-67a6-c20d-25427beb1342,1777332750,0.75,9.0,yes,"{""count_fp"":""9.00"",""created_time"":""2026-04-27T23:32:30.599219Z"",""no_price_dollars"":""0.2500"",""taker_side"":""yes"",""ticker"":""KXETH15M-26APR271945-45"",""trade_id"":""29e9f66b-3719-67a6-c20d-25427beb1342"",""yes_price_dollars"":""0.7500""}"
KXETH15M-26APR271945-45,6cb03676-1bf4-43e1-2762-d77c2899ad8f,1777332751,0.79,1.0,yes,"{""count_fp"":""1.00"",""created_time"":""2026-04-27T23:32:31.928006Z"",""no_price_dollars"":""0.2100"",""taker_side"":""yes"",""ticker"":""KXETH15M-26APR271945-45"",""trade_id"":""6cb03676-1bf4-43e1-2762-d77c2899ad8f"",""yes_price_dollars"":""0.7900""}"
KXETH15M-26APR271945-45,323446ff-84e0-7bf6-5eff-66ab9ab594e0,1777332752,0.75,0.82,no,"{""count_fp"":""0.82"",""created_time"":""2026-04-27T23:32:32.939395Z"",""no_price_dollars"":""0.2500"",""taker_side"":""no"",""ticker"":""KXETH15M-26APR271945-45"",""trade_id"":""323446ff-84e0-7bf6-5eff-66ab9ab594e0"",""yes_price_dollars"":""0.7500""}"
KXETH15M-26APR271945-45,2b9ee309-968c-7f89-76d8-834b6600ae66,1777332752,0.75,1.0,no,"{""count_fp"":""1.00"",""created_time"":""2026-04-27T23:32:32.939395Z"",""no_price_dollars"":""0.2500"",""taker_side"":""no"",""ticker"":""KXETH15M-26APR271945-45"",""trade_id"":""2b9ee309-968c-7f89-76d8-834b6600ae66"",""yes_price_dollars"":""0.7500""}"
KXETH15M-26APR271945-45,f06c53a8-cab0-7042-41ee-f80637729df8,1777332752,0.74,31.0,no,"{""count_fp"":""31.00"",""created_time"":""2026-04-27T23:32:32.610564Z"",""no_price_dollars"":""0.2600"",""taker_side"":""no"",""ticker"":""KXETH15M-26APR271945-45"",""trade_id"":""f06c53a8-cab0-7042-41ee-f80637729df8"",""yes_price_dollars"":""0.7400""}"
KXETH15M-26APR271945-45,cbcbcb7f-93ed-7aff-480f-20401155436a,1777332752,0.74,1.0,no,"{""count_fp"":""1.00"",""created_time"":""2026-04-27T23:32:32.610564Z"",""no_price_dollars"":""0.2600"",""taker_side"":""no"",""ticker"":""KXETH15M-26APR271945-45"",""trade_id"":""cbcbcb7f-93ed-7aff-480f-20401155436a"",""yes_price_dollars"":""0.7400""}"
KXETH15M-26APR271945-45,f6969a04-40b6-408c-46f0-8f6d9111a0bc,1777332752,0.74,82.0,no,"{""count_fp"":""82.00"",""created_time"":""2026-04-27T23:32:32.261085Z"",""no_price_dollars"":""0.2600"",""taker_side"":""no"",""ticker"":""KXETH15M-26APR271945-45"",""trade_id"":""f6969a04-40b6-408c-46f0-8f6d9111a0bc"",""yes_price_dollars"":""0.7400""}"
KXETH15M-26APR271945-45,87f391e9-6532-43e4-6da8-43c3894bc191,1777332752,0.74,3.0,no,"{""count_fp"":""3.00"",""created_time"":""2026-04-27T23:32:32.261085Z"",""no_price_dollars"":""0.2600"",""taker_side"":""no"",""ticker"":""KXETH15M-26APR271945-45"",""trade_id"":""87f391e9-6532-43e4-6da8-43c3894bc191"",""yes_price_dollars"":""0.7400""}"
KXETH15M-26APR271945-45,e7439145-5ddc-568e-55d9-361fe0e2f7e4,1777332755,0.75,31.0,no,"{""count_fp"":""31.00"",""created_time"":""2026-04-27T23:32:35.380006Z"",""no_price_dollars"":""0.2500"",""taker_side"":""no"",""ticker"":""KXETH15M-26APR271945-45"",""trade_id"":""e7439145-5ddc-568e-55d9-361fe0e2f7e4"",""yes_price_dollars"":""0.7500""}"
KXETH15M-26APR271945-45,280d9a0f-a512-57fe-776b-016159922c0e,1777332755,0.75,1.0,no,"{""count_fp"":""1.00"",""created_time"":""2026-04-27T23:32:35.380006Z"",""no_price_dollars"":""0.2500"",""taker_side"":""no"",""ticker"":""KXETH15M-26APR271945-45"",""trade_id"":""280d9a0f-a512-57fe-776b-016159922c0e"",""yes_price_dollars"":""0.7500""}"
KXETH15M-26APR271945-45,ef1a454e-21f7-717e-0a34-d92e4dd5920e,1777332757,0.78,1.0,yes,"{""count_fp"":""1.00"",""created_time"":""2026-04-27T23:32:37.552483Z"",""no_price_dollars"":""0.2200"",""taker_side"":""yes"",""ticker"":""KXETH15M-26APR271945-45"",""trade_id"":""ef1a454e-21f7-717e-0a34-d92e4dd5920e"",""yes_price_dollars"":""0.7800""}"
KXETH15M-26APR271945-45,afc4d6be-42f0-5ef2-a37d-1c833181a63b,1777332758,0.78,9.0,yes,"{""count_fp"":""9.00"",""created_time"":""2026-04-27T23:32:38.257881Z"",""no_price_dollars"":""0.2200"",""taker_side"":""yes"",""ticker"":""KXETH15M-26APR271945-45"",""trade_id"":""afc4d6be-42f0-5ef2-a37d-1c833181a63b"",""yes_price_dollars"":""0.7800""}"
KXETH15M-26APR271945-45,1e8d4527-d6c6-59dd-b2ad-402682e7bf16,1777332759,0.78,3.8,no,"{""count_fp"":""3.80"",""created_time"":""2026-04-27T23:32:39.762644Z"",""no_price_dollars"":""0.2200"",""taker_side"":""no"",""ticker"":""KXETH15M-26APR271945-45"",""trade_id"":""1e8d4527-d6c6-59dd-b2ad-402682e7bf16"",""yes_price_dollars"":""0.7800""}"
KXETH15M-26APR271945-45,363eff12-a7e0-59bd-4733-335932df7b80,1777332759,0.82,1.0,no,"{""count_fp"":""1.00"",""created_time"":""2026-04-27T23:32:39.583863Z"",""no_price_dollars"":""0.1800"",""taker_side"":""no"",""ticker"":""KXETH15M-26APR271945-45"",""trade_id"":""363eff12-a7e0-59bd-4733-335932df7b80"",""yes_price_dollars"":""0.8200""}"
KXETH15M-26APR271945-45,f78b6021-16e4-5c4e-c589-15689d051624,1777332760,0.77,7.0,no,"{""count_fp"":""7.00"",""created_time"":""2026-04-27T23:32:40.651402Z"",""no_price_dollars"":""0.2300"",""taker_side"":""no"",""ticker"":""KXETH15M-26APR271945-45"",""trade_id"":""f78b6021-16e4-5c4e-c589-15689d051624"",""yes_price_dollars"":""0.7700""}"
KXETH15M-26APR271945-45,865ae7fa-40b5-560e-dc44-25bec38b9afa,1777332760,0.77,1.0,no,"{""count_fp"":""1.00"",""created_time"":""2026-04-27T23:32:40.651402Z"",""no_price_dollars"":""0.2300"",""taker_side"":""no"",""ticker"":""KXETH15M-26APR271945-45"",""trade_id"":""865ae7fa-40b5-560e-dc44-25bec38b9afa"",""yes_price_dollars"":""0.7700""}"
KXETH15M-26APR271945-45,22bed45f-8c31-5b0b-1f5d-755482a7dbaf,1777332763,0.77,3.0,yes,"{""count_fp"":""3.00"",""created_time"":""2026-04-27T23:32:43.051457Z"",""no_price_dollars"":""0.2300"",""taker_side"":""yes"",""ticker"":""KXETH15M-26APR271945-45"",""trade_id"":""22bed45f-8c31-5b0b-1f5d-755482a7dbaf"",""yes_price_dollars"":""0.7700""}"
KXETH15M-26APR271945-45,fed19c09-68b4-4495-cfde-7aa34a4f0aff,1777332764,0.78,22.0,yes,"{""count_fp"":""22.00"",""created_time"":""2026-04-27T23:32:44.734382Z"",""no_price_dollars"":""0.2200"",""taker_side"":""yes"",""ticker"":""KXETH15M-26APR271945-45"",""trade_id"":""fed19c09-68b4-4495-cfde-7aa34a4f0aff"",""yes_price_dollars"":""0.7800""}"
KXETH15M-26APR271945-45,2e04323c-1c48-414d-d851-7bd179ec776c,1777332764,0.78,5.0,yes,"{""count_fp"":""5.00"",""created_time"":""2026-04-27T23:32:44.734382Z"",""no_price_dollars"":""0.2200"",""taker_side"":""yes"",""ticker"":""KXETH15M-26APR271945-45"",""trade_id"":""2e04323c-1c48-414d-d851-7bd179ec776c"",""yes_price_dollars"":""0.7800""}"
KXETH15M-26APR271945-45,eb368525-ed70-7fcd-30be-4f61e94da86b,1777332766,0.78,5.0,yes,"{""count_fp"":""5.00"",""created_time"":""2026-04-27T23:32:46.125979Z"",""no_price_dollars"":""0.2200"",""taker_side"":""yes"",""ticker"":""KXETH15M-26APR271945-45"",""trade_id"":""eb368525-ed70-7fcd-30be-4f61e94da86b"",""yes_price_dollars"":""0.7800""}"
KXETH15M-26APR271945-45,8760e464-d45e-7be6-11eb-8893e6ccac8d,1777332766,0.77,10.0,yes,"{""count_fp"":""10.00"",""created_time"":""2026-04-27T23:32:46.125979Z"",""no_price_dollars"":""0.2300"",""taker_side"":""yes"",""ticker"":""KXETH15M-26APR271945-45"",""trade_id"":""8760e464-d45e-7be6-11eb-8893e6ccac8d"",""yes_price_dollars"":""0.7700""}"
KXETH15M-26APR271945-45,e72a5589-b0a8-7a55-0994-c756a0e93313,1777332767,0.78,25.24,yes,"{""count_fp"":""25.24"",""created_time"":""2026-04-27T23:32:47.561328Z"",""no_price_dollars"":""0.2200"",""taker_side"":""yes"",""ticker"":""KXETH15M-26APR271945-45"",""trade_id"":""e72a5589-b0a8-7a55-0994-c756a0e93313"",""yes_price_dollars"":""0.7800""}"
KXETH15M-26APR271945-45,abb1f448-6998-5eb1-eede-5f76764aa6a3,1777332767,0.78,19.0,yes,"{""count_fp"":""19.00"",""created_time"":""2026-04-27T23:32:47.154901Z"",""no_price_dollars"":""0.2200"",""taker_side"":""yes"",""ticker"":""KXETH15M-26APR271945-45"",""trade_id"":""abb1f448-6998-5eb1-eede-5f76764aa6a3"",""yes_price_dollars"":""0.7800""}"
KXETH15M-26APR271945-45,f0ccd634-4f4c-6d31-7b07-9c01bf182b77,1777332768,0.78,20.0,yes,"{""count_fp"":""20.00"",""created_time"":""2026-04-27T23:32:48.096581Z"",""no_price_dollars"":""0.2200"",""taker_side"":""yes"",""ticker"":""KXETH15M-26APR271945-45"",""trade_id"":""f0ccd634-4f4c-6d31-7b07-9c01bf182b77"",""yes_price_dollars"":""0.7800""}"
KXETH15M-26APR271945-45,72cd6ec5-9f7c-47b5-2eb3-0e1dd2ba7cd7,1777332769,0.78,18.0,yes,"{""count_fp"":""18.00"",""created_time"":""2026-04-27T23:32:49.133141Z"",""no_price_dollars"":""0.2200"",""taker_side"":""yes"",""ticker"":""KXETH15M-26APR271945-45"",""trade_id"":""72cd6ec5-9f7c-47b5-2eb3-0e1dd2ba7cd7"",""yes_price_dollars"":""0.7800""}"
KXETH15M-26APR271945-45,5d362abb-a17c-4031-d509-9fe4e1454bf7,1777332770,0.78,18.0,yes,"{""count_fp"":""18.00"",""created_time"":""2026-04-27T23:32:50.117411Z"",""no_price_dollars"":""0.2200"",""taker_side"":""yes"",""ticker"":""KXETH15M-26APR271945-45"",""trade_id"":""5d362abb-a17c-4031-d509-9fe4e1454bf7"",""yes_price_dollars"":""0.7800""}"
KXETH15M-26APR271945-45,a6efd211-2c38-6299-d60b-ebd8be09d193,1777332771,0.78,1.0,yes,"{""count_fp"":""1.00"",""created_time"":""2026-04-27T23:32:51.585505Z"",""no_price_dollars"":""0.2200"",""taker_side"":""yes"",""ticker"":""KXETH15M-26APR271945-45"",""trade_id"":""a6efd211-2c38-6299-d60b-ebd8be09d193"",""yes_price_dollars"":""0.7800""}"
KXETH15M-26APR271945-45,6f9dec1b-edb0-6a49-9dc6-75adb3401917,1777332771,0.78,14.0,yes,"{""count_fp"":""14.00"",""created_time"":""2026-04-27T23:32:51.083545Z"",""no_price_dollars"":""0.2200"",""taker_side"":""yes"",""ticker"":""KXETH15M-26APR271945-45"",""trade_id"":""6f9dec1b-edb0-6a49-9dc6-75adb3401917"",""yes_price_dollars"":""0.7800""}"
KXETH15M-26APR271945-45,0faa015d-d878-7df9-d83e-03d92cf7053b,1777332772,0.78,6.0,yes,"{""count_fp"":""6.00"",""created_time"":""2026-04-27T23:32:52.769267Z"",""no_price_dollars"":""0.2200"",""taker_side"":""yes"",""ticker"":""KXETH15M-26APR271945-45"",""trade_id"":""0faa015d-d878-7df9-d83e-03d92cf7053b"",""yes_price_dollars"":""0.7800""}"
KXETH15M-26APR271945-45,b6da3c81-8f0c-79c9-4e23-7560ae3cc81b,1777332772,0.78,14.0,yes,"{""count_fp"":""14.00"",""created_time"":""2026-04-27T23:32:52.178342Z"",""no_price_dollars"":""0.2200"",""taker_side"":""yes"",""ticker"":""KXETH15M-26APR271945-45"",""trade_id"":""b6da3c81-8f0c-79c9-4e23-7560ae3cc81b"",""yes_price_dollars"":""0.7800""}"
KXETH15M-26APR271945-45,f60d3fbd-d827-6fc8-5926-c9dc06cc03f8,1777332774,0.71,2.0,no,"{""count_fp"":""2.00"",""created_time"":""2026-04-27T23:32:54.954035Z"",""no_price_dollars"":""0.2900"",""taker_side"":""no"",""ticker"":""KXETH15M-26APR271945-45"",""trade_id"":""f60d3fbd-d827-6fc8-5926-c9dc06cc03f8"",""yes_price_dollars"":""0.7100""}"
KXETH15M-26APR271945-45,f48aca4f-1cdd-6ad1-5b56-7f0119154987,1777332774,0.73,2.0,no,"{""count_fp"":""2.00"",""created_time"":""2026-04-27T23:32:54.954035Z"",""no_price_dollars"":""0.2700"",""taker_side"":""no"",""ticker"":""KXETH15M-26APR271945-45"",""trade_id"":""f48aca4f-1cdd-6ad1-5b56-7f0119154987"",""yes_price_dollars"":""0.7300""}"
KXETH15M-26APR271945-45,e2cd5fae-00e0-6ded-68c4-617b170091f0,1777332774,0.71,2.0,no,"{""count_fp"":""2.00"",""created_time"":""2026-04-27T23:32:54.954035Z"",""no_price_dollars"":""0.2900"",""taker_side"":""no"",""ticker"":""KXETH15M-26APR271945-45"",""trade_id"":""e2cd5fae-00e0-6ded-68c4-617b170091f0"",""yes_price_dollars"":""0.7100""}"
KXETH15M-26APR271945-45,e211cfee-c54d-6b6f-63a3-5f48582eb8f3,1777332774,0.71,2.0,no,"{""count_fp"":""2.00"",""created_time"":""2026-04-27T23:32:54.954035Z"",""no_price_dollars"":""0.2900"",""taker_side"":""no"",""ticker"":""KXETH15M-26APR271945-45"",""trade_id"":""e211cfee-c54d-6b6f-63a3-5f48582eb8f3"",""yes_price_dollars"":""0.7100""}"
KXETH15M-26APR271945-45,d35f4306-c26f-61ab-7232-986b7d2eb0c1,1777332774,0.71,2.0,no,"{""count_fp"":""2.00"",""created_time"":""2026-04-27T23:32:54.954035Z"",""no_price_dollars"":""0.2900"",""taker_side"":""no"",""ticker"":""KXETH15M-26APR271945-45"",""trade_id"":""d35f4306-c26f-61ab-7232-986b7d2eb0c1"",""yes_price_dollars"":""0.7100""}"
KXETH15M-26APR271945-45,cab03c23-93f0-6e42-7eba-6e3d53f3bef0,1777332774,0.76,100.0,no,"{""count_fp"":""100.00"",""created_time"":""2026-04-27T23:32:54.954035Z"",""no_price_dollars"":""0.2400"",""taker_side"":""no"",""ticker"":""KXETH15M-26APR271945-45"",""trade_id"":""cab03c23-93f0-6e42-7eba-6e3d53f3bef0"",""yes_price_dollars"":""0.7600""}"
KXETH15M-26APR271945-45,c2f3df93-9baf-6a56-63bb-be4e64537112,1777332774,0.71,2.0,no,"{""count_fp"":""2.00"",""created_time"":""2026-04-27T23:32:54.954035Z"",""no_price_dollars"":""0.2900"",""taker_side"":""no"",""ticker"":""KXETH15M-26APR271945-45"",""trade_id"":""c2f3df93-9baf-6a56-63bb-be4e64537112"",""yes_price_dollars"":""0.7100""}"
KXETH15M-26APR271945-45,bcec2e65-9d32-6356-6acc-8aff44a50b09,1777332774,0.73,11.59,no,"{""count_fp"":""11.59"",""created_time"":""2026-04-27T23:32:54.954035Z"",""no_price_dollars"":""0.2700"",""taker_side"":""no"",""ticker"":""KXETH15M-26APR271945-45"",""trade_id"":""bcec2e65-9d32-6356-6acc-8aff44a50b09"",""yes_price_dollars"":""0.7300""}"
KXETH15M-26APR271945-45,bb7bed3f-ee29-6e06-57f8-0160a946c032,1777332774,0.71,2.0,no,"{""count_fp"":""2.00"",""created_time"":""2026-04-27T23:32:54.954035Z"",""no_price_dollars"":""0.2900"",""taker_side"":""no"",""ticker"":""KXETH15M-26APR271945-45"",""trade_id"":""bb7bed3f-ee29-6e06-57f8-0160a946c032"",""yes_price_dollars"":""0.7100""}"
KXETH15M-26APR271945-45,ad432a42-88e4-65b4-4523-d34362dff296,1777332774,0.71,2.0,no,"{""count_fp"":""2.00"",""created_time"":""2026-04-27T23:32:54.954035Z"",""no_price_dollars"":""0.2900"",""taker_side"":""no"",""ticker"":""KXETH15M-26APR271945-45"",""trade_id"":""ad432a42-88e4-65b4-4523-d34362dff296"",""yes_price_dollars"":""0.7100""}"
KXETH15M-26APR271945-45,a8757987-533c-63e2-4f97-a84e54a88adf,1777332774,0.76,1.0,no,"{""count_fp"":""1.00"",""created_time"":""2026-04-27T23:32:54.954035Z"",""no_price_dollars"":""0.2400"",""taker_side"":""no"",""ticker"":""KXETH15M-26APR271945-45"",""trade_id"":""a8757987-533c-63e2-4f97-a84e54a88adf"",""yes_price_dollars"":""0.7600""}"
KXETH15M-26APR271945-45,85406565-0630-67f6-65da-fa8ea6b44d19,1777332774,0.71,2.0,no,"{""count_fp"":""2.00"",""created_time"":""2026-04-27T23:32:54.954035Z"",""no_price_dollars"":""0.2900"",""taker_side"":""no"",""ticker"":""KXETH15M-26APR271945-45"",""trade_id"":""85406565-0630-67f6-65da-fa8ea6b44d19"",""yes_price_dollars"":""0.7100""}"
KXETH15M-26APR271945-45,7d954601-d6e6-6710-7190-3e49a046af82,1777332774,0.71,251.52,no,"{""count_fp"":""251.52"",""created_time"":""2026-04-27T23:32:54.954035Z"",""no_price_dollars"":""0.2900"",""taker_side"":""no"",""ticker"":""KXETH15M-26APR271945-45"",""trade_id"":""7d954601-d6e6-6710-7190-3e49a046af82"",""yes_price_dollars"":""0.7100""}"
KXETH15M-26APR271945-45,7958fc4a-a481-6f59-72d2-688979475006,1777332774,0.71,2.0,no,"{""count_fp"":""2.00"",""created_time"":""2026-04-27T23:32:54.954035Z"",""no_price_dollars"":""0.2900"",""taker_side"":""no"",""ticker"":""KXETH15M-26APR271945-45"",""trade_id"":""7958fc4a-a481-6f59-72d2-688979475006"",""yes_price_dollars"":""0.7100""}"
KXETH15M-26APR271945-45,695ff465-fbc0-6d63-5e46-203c19e2b3de,1777332774,0.72,20.0,no,"{""count_fp"":""20.00"",""created_time"":""2026-04-27T23:32:54.954035Z"",""no_price_dollars"":""0.2800"",""taker_side"":""no"",""ticker"":""KXETH15M-26APR271945-45"",""trade_id"":""695ff465-fbc0-6d63-5e46-203c19e2b3de"",""yes_price_dollars"":""0.7200""}"
KXETH15M-26APR271945-45,6357d310-9566-6edc-765c-6801dba54f12,1777332774,0.71,2.0,no,"{""count_fp"":""2.00"",""created_time"":""2026-04-27T23:32:54.954035Z"",""no_price_dollars"":""0.2900"",""taker_side"":""no"",""ticker"":""KXETH15M-26APR271945-45"",""trade_id"":""6357d310-9566-6edc-765c-6801dba54f12"",""yes_price_dollars"":""0.7100""}"
KXETH15M-26APR271945-45,47b89cb5-c442-6f22-7365-ef50bd9caf8d,1777332774,0.71,2.0,no,"{""count_fp"":""2.00"",""created_time"":""2026-04-27T23:32:54.954035Z"",""no_price_dollars"":""0.2900"",""taker_side"":""no"",""ticker"":""KXETH15M-26APR271945-45"",""trade_id"":""47b89cb5-c442-6f22-7365-ef50bd9caf8d"",""yes_price_dollars"":""0.7100""}"
KXETH15M-26APR271945-45,441e56e0-e9b0-6f15-612d-c01f5687de55,1777332774,0.71,2.0,no,"{""count_fp"":""2.00"",""created_time"":""2026-04-27T23:32:54.954035Z"",""no_price_dollars"":""0.2900"",""taker_side"":""no"",""ticker"":""KXETH15M-26APR271945-45"",""trade_id"":""441e56e0-e9b0-6f15-612d-c01f5687de55"",""yes_price_dollars"":""0.7100""}"
KXETH15M-26APR271945-45,08c1cc6e-6a49-60f3-4f6a-bf4493f1b3fb,1777332774,0.71,2.0,no,"{""count_fp"":""2.00"",""created_time"":""2026-04-27T23:32:54.954035Z"",""no_price_dollars"":""0.2900"",""taker_side"":""no"",""ticker"":""KXETH15M-26APR271945-45"",""trade_id"":""08c1cc6e-6a49-60f3-4f6a-bf4493f1b3fb"",""yes_price_dollars"":""0.7100""}"
KXETH15M-26APR271945-45,2a9f28d7-9c0f-410b-0776-5caff4f685ae,1777332777,0.75,4.71,no,"{""count_fp"":""4.71"",""created_time"":""2026-04-27T23:32:57.307701Z"",""no_price_dollars"":""0.2500"",""taker_side"":""no"",""ticker"":""KXETH15M-26APR271945-45"",""trade_id"":""2a9f28d7-9c0f-410b-0776-5caff4f685ae"",""yes_price_dollars"":""0.7500""}"
KXETH15M-26APR271945-45,07220e33-0314-4fc1-1da0-193c33b1158c,1777332777,0.76,1.0,no,"{""count_fp"":""1.00"",""created_time"":""2026-04-27T23:32:57.307701Z"",""no_price_dollars"":""0.2400"",""taker_side"":""no"",""ticker"":""KXETH15M-26APR271945-45"",""trade_id"":""07220e33-0314-4fc1-1da0-193c33b1158c"",""yes_price_dollars"":""0.7600""}"
KXETH15M-26APR271945-45,123244f7-dbb1-5131-fedd-4c5ae1a52267,1777332779,0.77,2.51,yes,"{""count_fp"":""2.51"",""created_time"":""2026-04-27T23:32:59.952299Z"",""no_price_dollars"":""0.2300"",""taker_side"":""yes"",""ticker"":""KXETH15M-26APR271945-45"",""trade_id"":""123244f7-dbb1-5131-fedd-4c5ae1a52267"",""yes_price_dollars"":""0.7700""}"
KXETH15M-26APR271945-45,172b61a6-f18c-5ba9-f615-a53bd9a1c16f,1777332779,0.78,1.26,yes,"{""count_fp"":""1.26"",""created_time"":""2026-04-27T23:32:59.676572Z"",""no_price_dollars"":""0.2200"",""taker_side"":""yes"",""ticker"":""KXETH15M-26APR271945-45"",""trade_id"":""172b61a6-f18c-5ba9-f615-a53bd9a1c16f"",""yes_price_dollars"":""0.7800""}"
KXETH15M-26APR271945-45,c666c289-00a5-69d8-dffd-94a27c5b9314,1777332780,0.78,8.0,yes,"{""count_fp"":""8.00"",""created_time"":""2026-04-27T23:33:00.981382Z"",""no_price_dollars"":""0.2200"",""taker_side"":""yes"",""ticker"":""KXETH15M-26APR271945-45"",""trade_id"":""c666c289-00a5-69d8-dffd-94a27c5b9314"",""yes_price_dollars"":""0.7800""}"
KXETH15M-26APR271945-45,d7a74ad4-97d4-6f7d-24e0-6a3f5033840f,1777332780,0.78,31.0,yes,"{""count_fp"":""31.00"",""created_time"":""2026-04-27T23:33:00.135973Z"",""no_price_dollars"":""0.2200"",""taker_side"":""yes"",""ticker"":""KXETH15M-26APR271945-45"",""trade_id"":""d7a74ad4-97d4-6f7d-24e0-6a3f5033840f"",""yes_price_dollars"":""0.7800""}"
KXETH15M-26APR271945-45,6a1c078b-1d0c-7091-b71d-54d0bfd3c525,1777332781,0.78,1.19,no,"{""count_fp"":""1.19"",""created_time"":""2026-04-27T23:33:01.634477Z"",""no_price_dollars"":""0.2200"",""taker_side"":""no"",""ticker"":""KXETH15M-26APR271945-45"",""trade_id"":""6a1c078b-1d0c-7091-b71d-54d0bfd3c525"",""yes_price_dollars"":""0.7800""}"
KXETH15M-26APR271945-45,0e8807c7-e284-6f65-5772-35607f30b661,1777332781,0.78,3.0,no,"{""count_fp"":""3.00"",""created_time"":""2026-04-27T23:33:01.603753Z"",""no_price_dollars"":""0.2200"",""taker_side"":""no"",""ticker"":""KXETH15M-26APR271945-45"",""trade_id"":""0e8807c7-e284-6f65-5772-35607f30b661"",""yes_price_dollars"":""0.7800""}"
KXETH15M-26APR271945-45,8a418e46-ecc8-719d-ce36-8de141f922f5,1777332781,0.78,0.81,no,"{""count_fp"":""0.81"",""created_time"":""2026-04-27T23:33:01.503753Z"",""no_price_dollars"":""0.2200"",""taker_side"":""no"",""ticker"":""KXETH15M-26APR271945-45"",""trade_id"":""8a418e46-ecc8-719d-ce36-8de141f922f5"",""yes_price_dollars"":""0.7800""}"
KXETH15M-26APR271945-45,3ca214e7-ee3a-7d89-fdb0-ea74f72f3941,1777332781,0.8,1.0,no,"{""count_fp"":""1.00"",""created_time"":""2026-04-27T23:33:01.503753Z"",""no_price_dollars"":""0.2000"",""taker_side"":""no"",""ticker"":""KXETH15M-26APR271945-45"",""trade_id"":""3ca214e7-ee3a-7d89-fdb0-ea74f72f3941"",""yes_price_dollars"":""0.8000""}"
KXETH15M-26APR271945-45,9a0c9d70-7e9e-4bd8-708c-0808758b9dda,1777332782,0.81,24.0,yes,"{""count_fp"":""24.00"",""created_time"":""2026-04-27T23:33:02.138227Z"",""no_price_dollars"":""0.1900"",""taker_side"":""yes"",""ticker"":""KXETH15M-26APR271945-45"",""trade_id"":""9a0c9d70-7e9e-4bd8-708c-0808758b9dda"",""yes_price_dollars"":""0.8100""}"
KXETH15M-26APR271945-45,64d72224-5c77-75cf-6bd6-c4cb0387380a,1777332782,0.77,9.0,no,"{""count_fp"":""9.00"",""created_time"":""2026-04-27T23:33:02.080416Z"",""no_price_dollars"":""0.2300"",""taker_side"":""no"",""ticker"":""KXETH15M-26APR271945-45"",""trade_id"":""64d72224-5c77-75cf-6bd6-c4cb0387380a"",""yes_price_dollars"":""0.7700""}"
KXETH15M-26APR271945-45,186db878-c3e3-73c8-4cf8-0c2715f86981,1777332782,0.8,1.0,no,"{""count_fp"":""1.00"",""created_time"":""2026-04-27T23:33:02.080416Z"",""no_price_dollars"":""0.2000"",""taker_side"":""no"",""ticker"":""KXETH15M-26APR271945-45"",""trade_id"":""186db878-c3e3-73c8-4cf8-0c2715f86981"",""yes_price_dollars"":""0.8000""}"
KXETH15M-26APR271945-45,15526986-e59c-6601-f861-b5ffa6deb0ab,1777332783,0.82,1.0,yes,"{""count_fp"":""1.00"",""created_time"":""2026-04-27T23:33:03.319201Z"",""no_price_dollars"":""0.1800"",""taker_side"":""yes"",""ticker"":""KXETH15M-26APR271945-45"",""trade_id"":""15526986-e59c-6601-f861-b5ffa6deb0ab"",""yes_price_dollars"":""0.8200""}"
KXETH15M-26APR271945-45,75b1b6e8-a598-4c15-02c3-50afff50777b,1777332785,0.81,16.85,yes,"{""count_fp"":""16.85"",""created_time"":""2026-04-27T23:33:05.829779Z"",""no_price_dollars"":""0.1900"",""taker_side"":""yes"",""ticker"":""KXETH15M-26APR271945-45"",""trade_id"":""75b1b6e8-a598-4c15-02c3-50afff50777b"",""yes_price_dollars"":""0.8100""}"
KXETH15M-26APR271945-45,11b810f3-371c-49a9-3e1f-761263db48fc,1777332785,0.81,1.0,yes,"{""count_fp"":""1.00"",""created_time"":""2026-04-27T23:33:05.829779Z"",""no_price_dollars"":""0.1900"",""taker_side"":""yes"",""ticker"":""KXETH15M-26APR271945-45"",""trade_id"":""11b810f3-371c-49a9-3e1f-761263db48fc"",""yes_price_dollars"":""0.8100""}"
KXETH15M-26APR271945-45,71459142-f21f-7122-dd4f-ddc2d7fc90ef,1777332785,0.77,1.0,no,"{""count_fp"":""1.00"",""created_time"":""2026-04-27T23:33:05.464091Z"",""no_price_dollars"":""0.2300"",""taker_side"":""no"",""ticker"":""KXETH15M-26APR271945-45"",""trade_id"":""71459142-f21f-7122-dd4f-ddc2d7fc90ef"",""yes_price_dollars"":""0.7700""}"
KXETH15M-26APR271945-45,14a7f1c8-e6ef-7377-c8c5-edf4515080f2,1777332785,0.77,10.41,no,"{""count_fp"":""10.41"",""created_time"":""2026-04-27T23:33:05.464091Z"",""no_price_dollars"":""0.2300"",""taker_side"":""no"",""ticker"":""KXETH15M-26APR271945-45"",""trade_id"":""14a7f1c8-e6ef-7377-c8c5-edf4515080f2"",""yes_price_dollars"":""0.7700""}"
KXETH15M-26APR271945-45,fe443884-ba51-7115-08da-002cccf7ad4e,1777332788,0.8,20.0,yes,"{""count_fp"":""20.00"",""created_time"":""2026-04-27T23:33:08.086772Z"",""no_price_dollars"":""0.2000"",""taker_side"":""yes"",""ticker"":""KXETH15M-26APR271945-45"",""trade_id"":""fe443884-ba51-7115-08da-002cccf7ad4e"",""yes_price_dollars"":""0.8000""}"
KXETH15M-26APR271945-45,15adf0ed-0200-7b65-11e3-b1e02016d6fb,1777332788,0.81,5.0,yes,"{""count_fp"":""5.00"",""created_time"":""2026-04-27T23:33:08.086772Z"",""no_price_dollars"":""0.1900"",""taker_side"":""yes"",""ticker"":""KXETH15M-26APR271945-45"",""trade_id"":""15adf0ed-0200-7b65-11e3-b1e02016d6fb"",""yes_price_dollars"":""0.8100""}"
KXETH15M-26APR271945-45,4e41d106-fc6d-56ad-3628-3283c637a862,1777332789,0.79,1.0,yes,"{""count_fp"":""1.00"",""created_time"":""2026-04-27T23:33:09.980703Z"",""no_price_dollars"":""0.2100"",""taker_side"":""yes"",""ticker"":""KXETH15M-26APR271945-45"",""trade_id"":""4e41d106-fc6d-56ad-3628-3283c637a862"",""yes_price_dollars"":""0.7900""}"
KXETH15M-26APR271945-45,0001762a-d51c-5679-2079-6a77d41d37cf,1777332789,0.79,4.0,yes,"{""count_fp"":""4.00"",""created_time"":""2026-04-27T23:33:09.980703Z"",""no_price_dollars"":""0.2100"",""taker_side"":""yes"",""ticker"":""KXETH15M-26APR271945-45"",""trade_id"":""0001762a-d51c-5679-2079-6a77d41d37cf"",""yes_price_dollars"":""0.7900""}"
KXETH15M-26APR271945-45,26059456-6f54-6155-0f5d-e80504aeb417,1777332791,0.79,31.0,yes,"{""count_fp"":""31.00"",""created_time"":""2026-04-27T23:33:11.080763Z"",""no_price_dollars"":""0.2100"",""taker_side"":""yes"",""ticker"":""KXETH15M-26APR271945-45"",""trade_id"":""26059456-6f54-6155-0f5d-e80504aeb417"",""yes_price_dollars"":""0.7900""}"
KXETH15M-26APR271945-45,53ae60d2-2bc8-446d-3640-739a1b9610db,1777332792,0.79,41.0,yes,"{""count_fp"":""41.00"",""created_time"":""2026-04-27T23:33:12.439824Z"",""no_price_dollars"":""0.2100"",""taker_side"":""yes"",""ticker"":""KXETH15M-26APR271945-45"",""trade_id"":""53ae60d2-2bc8-446d-3640-739a1b9610db"",""yes_price_dollars"":""0.7900""}"
KXETH15M-26APR271945-45,73e4907a-bc83-4c47-6434-c617a80cd252,1777332794,0.78,3.0,no,"{""count_fp"":""3.00"",""created_time"":""2026-04-27T23:33:14.613808Z"",""no_price_dollars"":""0.2200"",""taker_side"":""no"",""ticker"":""KXETH15M-26APR271945-45"",""trade_id"":""73e4907a-bc83-4c47-6434-c617a80cd252"",""yes_price_dollars"":""0.7800""}"
KXETH15M-26APR271945-45,3d604272-f30b-4070-7d06-e6166f718161,1777332794,0.78,2.0,no,"{""count_fp"":""2.00"",""created_time"":""2026-04-27T23:33:14.613808Z"",""no_price_dollars"":""0.2200"",""taker_side"":""no"",""ticker"":""KXETH15M-26APR271945-45"",""trade_id"":""3d604272-f30b-4070-7d06-e6166f718161"",""yes_price_dollars"":""0.7800""}"
KXETH15M-26APR271945-45,dd6e5d87-b698-5701-aaa4-1e30d2ac11a3,1777332794,0.79,26.0,yes,"{""count_fp"":""26.00"",""created_time"":""2026-04-27T23:33:14.111218Z"",""no_price_dollars"":""0.2100"",""taker_side"":""yes"",""ticker"":""KXETH15M-26APR271945-45"",""trade_id"":""dd6e5d87-b698-5701-aaa4-1e30d2ac11a3"",""yes_price_dollars"":""0.7900""}"
KXETH15M-26APR271945-45,32c80af0-f064-4589-9f01-5387c2857953,1777332795,0.79,25.0,yes,"{""count_fp"":""25.00"",""created_time"":""2026-04-27T23:33:15.101159Z"",""no_price_dollars"":""0.2100"",""taker_side"":""yes"",""ticker"":""KXETH15M-26APR271945-45"",""trade_id"":""32c80af0-f064-4589-9f01-5387c2857953"",""yes_price_dollars"":""0.7900""}"
KXETH15M-26APR271945-45,8a8d4a41-d160-5279-2b01-0ea161136a27,1777332797,0.79,3.0,yes,"{""count_fp"":""3.00"",""created_time"":""2026-04-27T23:33:17.086951Z"",""no_price_dollars"":""0.2100"",""taker_side"":""yes"",""ticker"":""KXETH15M-26APR271945-45"",""trade_id"":""8a8d4a41-d160-5279-2b01-0ea161136a27"",""yes_price_dollars"":""0.7900""}"
KXETH15M-26APR271945-45,bca43f27-f387-5330-5d5a-99ca91b3c408,1777332799,0.76,100.0,no,"{""count_fp"":""100.00"",""created_time"":""2026-04-27T23:33:19.954114Z"",""no_price_dollars"":""0.2400"",""taker_side"":""no"",""ticker"":""KXETH15M-26APR271945-45"",""trade_id"":""bca43f27-f387-5330-5d5a-99ca91b3c408"",""yes_price_dollars"":""0.7600""}"
KXETH15M-26APR271945-45,9d3dda62-8001-5aed-4a68-20ecd8bf042d,1777332799,0.77,1.0,no,"{""count_fp"":""1.00"",""created_time"":""2026-04-27T23:33:19.954114Z"",""no_price_dollars"":""0.2300"",""taker_side"":""no"",""ticker"":""KXETH15M-26APR271945-45"",""trade_id"":""9d3dda62-8001-5aed-4a68-20ecd8bf042d"",""yes_price_dollars"":""0.7700""}"
KXETH15M-26APR271945-45,228f51b9-909b-4361-09dd-f07732115ed1,1777332799,0.78,7.88,no,"{""count_fp"":""7.88"",""created_time"":""2026-04-27T23:33:19.643585Z"",""no_price_dollars"":""0.2200"",""taker_side"":""no"",""ticker"":""KXETH15M-26APR271945-45"",""trade_id"":""228f51b9-909b-4361-09dd-f07732115ed1"",""yes_price_dollars"":""0.7800""}"
KXETH15M-26APR271945-45,19dfd187-ce47-47ff-396d-9f5d0037b3ee,1777332799,0.78,99.12,no,"{""count_fp"":""99.12"",""created_time"":""2026-04-27T23:33:19.643585Z"",""no_price_dollars"":""0.2200"",""taker_side"":""no"",""ticker"":""KXETH15M-26APR271945-45"",""trade_id"":""19dfd187-ce47-47ff-396d-9f5d0037b3ee"",""yes_price_dollars"":""0.7800""}"
KXETH15M-26APR271945-45,da827fe9-bfcf-4e01-19c6-8d1048b85f41,1777332799,0.78,4.12,no,"{""count_fp"":""4.12"",""created_time"":""2026-04-27T23:33:19.556462Z"",""no_price_dollars"":""0.2200"",""taker_side"":""no"",""ticker"":""KXETH15M-26APR271945-45"",""trade_id"":""da827fe9-bfcf-4e01-19c6-8d1048b85f41"",""yes_price_dollars"":""0.7800""}"
KXETH15M-26APR271945-45,fb07f926-ce98-6649-0462-80bfa85201b3,1777332800,0.73,31.0,yes,"{""count_fp"":""31.00"",""created_time"":""2026-04-27T23:33:20.109638Z"",""no_price_dollars"":""0.2700"",""taker_side"":""yes"",""ticker"":""KXETH15M-26APR271945-45"",""trade_id"":""fb07f926-ce98-6649-0462-80bfa85201b3"",""yes_price_dollars"":""0.7300""}"
KXETH15M-26APR271945-45,fe2b7ebb-0e04-6039-c65e-54b62f32adbf,1777332800,0.73,6.0,yes,"{""count_fp"":""6.00"",""created_time"":""2026-04-27T23:33:20.058912Z"",""no_price_dollars"":""0.2700"",""taker_side"":""yes"",""ticker"":""KXETH15M-26APR271945-45"",""trade_id"":""fe2b7ebb-0e04-6039-c65e-54b62f32adbf"",""yes_price_dollars"":""0.7300""}"
KXETH15M-26APR271945-45,426d61bc-91f8-419d-879c-f461e263a5cf,1777332801,0.71,5.0,yes,"{""count_fp"":""5.00"",""created_time"":""2026-04-27T23:33:21.469984Z"",""no_price_dollars"":""0.2900"",""taker_side"":""yes"",""ticker"":""KXETH15M-26APR271945-45"",""trade_id"":""426d61bc-91f8-419d-879c-f461e263a5cf"",""yes_price_dollars"":""0.7100""}"
KXETH15M-26APR271945-45,301847cd-0041-7491-2e61-a61df2af6f78,1777332801,0.68,1.0,no,"{""count_fp"":""1.00"",""created_time"":""2026-04-27T23:33:21.137516Z"",""no_price_dollars"":""0.3200"",""taker_side"":""no"",""ticker"":""KXETH15M-26APR271945-45"",""trade_id"":""301847cd-0041-7491-2e61-a61df2af6f78"",""yes_price_dollars"":""0.6800""}"
KXETH15M-26APR271945-45,7989b4ea-7b79-74f5-458a-80e86420cefc,1777332802,0.68,1.55,no,"{""count_fp"":""1.55"",""created_time"":""2026-04-27T23:33:22.667833Z"",""no_price_dollars"":""0.3200"",""taker_side"":""no"",""ticker"":""KXETH15M-26APR271945-45"",""trade_id"":""7989b4ea-7b79-74f5-458a-80e86420cefc"",""yes_price_dollars"":""0.6800""}"
KXETH15M-26APR271945-45,157aa9d7-1910-7d25-41a6-1e63cedddd93,1777332802,0.68,100.0,no,"{""count_fp"":""100.00"",""created_time"":""2026-04-27T23:33:22.667833Z"",""no_price_dollars"":""0.3200"",""taker_side"":""no"",""ticker"":""KXETH15M-26APR271945-45"",""trade_id"":""157aa9d7-1910-7d25-41a6-1e63cedddd93"",""yes_price_dollars"":""0.6800""}"
KXETH15M-26APR271945-45,1d154b98-2835-7ca9-faed-af35b4678e70,1777332802,0.68,0.59,no,"{""count_fp"":""0.59"",""created_time"":""2026-04-27T23:33:22.647334Z"",""no_price_dollars"":""0.3200"",""taker_side"":""no"",""ticker"":""KXETH15M-26APR271945-45"",""trade_id"":""1d154b98-2835-7ca9-faed-af35b4678e70"",""yes_price_dollars"":""0.6800""}"
KXETH15M-26APR271945-45,d75cbbd0-40f5-76bd-fbf9-3cd45d33a8c4,1777332802,0.68,0.86,no,"{""count_fp"":""0.86"",""created_time"":""2026-04-27T23:33:22.272586Z"",""no_price_dollars"":""0.3200"",""taker_side"":""no"",""ticker"":""KXETH15M-26APR271945-45"",""trade_id"":""d75cbbd0-40f5-76bd-fbf9-3cd45d33a8c4"",""yes_price_dollars"":""0.6800""}"
KXETH15M-26APR271945-45,3c354f1d-7ba4-7ee9-1083-f13b0a4f9847,1777332802,0.7,33.74,yes,"{""count_fp"":""33.74"",""created_time"":""2026-04-27T23:33:22.238013Z"",""no_price_dollars"":""0.3000"",""taker_side"":""yes"",""ticker"":""KXETH15M-26APR271945-45"",""trade_id"":""3c354f1d-7ba4-7ee9-1083-f13b0a4f9847"",""yes_price_dollars"":""0.7000""}"
KXETH15M-26APR271945-45,943c3d96-7590-6745-1a20-20f59c2a4cab,1777332803,0.68,1.0,yes,"{""count_fp"":""1.00"",""created_time"":""2026-04-27T23:33:23.782358Z"",""no_price_dollars"":""0.3200"",""taker_side"":""yes"",""ticker"":""KXETH15M-26APR271945-45"",""trade_id"":""943c3d96-7590-6745-1a20-20f59c2a4cab"",""yes_price_dollars"":""0.6800""}"
KXETH15M-26APR271945-45,4bd7cfc1-9564-444d-dcbd-a32229f441f3,1777332803,0.68,1.0,yes,"{""count_fp"":""1.00"",""created_time"":""2026-04-27T23:33:23.698751Z"",""no_price_dollars"":""0.3200"",""taker_side"":""yes"",""ticker"":""KXETH15M-26APR271945-45"",""trade_id"":""4bd7cfc1-9564-444d-dcbd-a32229f441f3"",""yes_price_dollars"":""0.6800""}"
KXETH15M-26APR271945-45,ae571572-78fa-77be-f64b-c5758e7ab6f1,1777332805,0.65,0.97,no,"{""count_fp"":""0.97"",""created_time"":""2026-04-27T23:33:25.903209Z"",""no_price_dollars"":""0.3500"",""taker_side"":""no"",""ticker"":""KXETH15M-26APR271945-45"",""trade_id"":""ae571572-78fa-77be-f64b-c5758e7ab6f1"",""yes_price_dollars"":""0.6500""}"
KXETH15M-26APR271945-45,656ff34d-4366-74c1-c1f1-7428451ff368,1777332805,0.65,1.0,no,"{""count_fp"":""1.00"",""created_time"":""2026-04-27T23:33:25.903209Z"",""no_price_dollars"":""0.3500"",""taker_side"":""no"",""ticker"":""KXETH15M-26APR271945-45"",""trade_id"":""656ff34d-4366-74c1-c1f1-7428451ff368"",""yes_price_dollars"":""0.6500""}"
KXETH15M-26APR271945-45,53507aba-1acc-68e9-a99b-dfcd6c4f6c5f,1777332810,0.68,24.0,yes,"{""count_fp"":""24.00"",""created_time"":""2026-04-27T23:33:30.099831Z"",""no_price_dollars"":""0.3200"",""taker_side"":""yes"",""ticker"":""KXETH15M-26APR271945-45"",""trade_id"":""53507aba-1acc-68e9-a99b-dfcd6c4f6c5f"",""yes_price_dollars"":""0.6800""}"
KXETH15M-26APR271945-45,ebb99a81-400e-72b1-5300-f2ac337ca927,1777332811,0.68,4.96,no,"{""count_fp"":""4.96"",""created_time"":""2026-04-27T23:33:31.411053Z"",""no_price_dollars"":""0.3200"",""taker_side"":""no"",""ticker"":""KXETH15M-26APR271945-45"",""trade_id"":""ebb99a81-400e-72b1-5300-f2ac337ca927"",""yes_price_dollars"":""0.6800""}"
KXETH15M-26APR271945-45,46af8872-fae7-7616-641d-c690dc2a9a5e,1777332811,0.69,1.0,no,"{""count_fp"":""1.00"",""created_time"":""2026-04-27T23:33:31.411053Z"",""no_price_dollars"":""0.3100"",""taker_side"":""no"",""ticker"":""KXETH15M-26APR271945-45"",""trade_id"":""46af8872-fae7-7616-641d-c690dc2a9a5e"",""yes_price_dollars"":""0.6900""}"
KXETH15M-26APR271945-45,f0f91842-3565-4566-41f9-4fdaaf72c1d8,1777332815,0.68,1.98,no,"{""count_fp"":""1.98"",""created_time"":""2026-04-27T23:33:35.608586Z"",""no_price_dollars"":""0.3200"",""taker_side"":""no"",""ticker"":""KXETH15M-26APR271945-45"",""trade_id"":""f0f91842-3565-4566-41f9-4fdaaf72c1d8"",""yes_price_dollars"":""0.6800""}"
KXETH15M-26APR271945-45,eda1c06b-1ca8-4171-642c-29065ce32613,1777332815,0.68,1.0,no,"{""count_fp"":""1.00"",""created_time"":""2026-04-27T23:33:35.608586Z"",""no_price_dollars"":""0.3200"",""taker_side"":""no"",""ticker"":""KXETH15M-26APR271945-45"",""trade_id"":""eda1c06b-1ca8-4171-642c-29065ce32613"",""yes_price_dollars"":""0.6800""}"
KXETH15M-26APR271945-45,e4603ae1-1d1f-423a-28f2-84d16aae7143,1777332817,0.7,1.0,yes,"{""count_fp"":""1.00"",""created_time"":""2026-04-27T23:33:37.450997Z"",""no_price_dollars"":""0.3000"",""taker_side"":""yes"",""ticker"":""KXETH15M-26APR271945-45"",""trade_id"":""e4603ae1-1d1f-423a-28f2-84d16aae7143"",""yes_price_dollars"":""0.7000""}"
KXETH15M-26APR271945-45,5d73f644-173b-47dc-15b5-3f8286a356f7,1777332817,0.71,2.62,yes,"{""count_fp"":""2.62"",""created_time"":""2026-04-27T23:33:37.450997Z"",""no_price_dollars"":""0.2900"",""taker_side"":""yes"",""ticker"":""KXETH15M-26APR271945-45"",""trade_id"":""5d73f644-173b-47dc-15b5-3f8286a356f7"",""yes_price_dollars"":""0.7100""}"
KXETH15M-26APR271945-45,0649292e-fa20-4f5a-0b82-6c340d0f111f,1777332817,0.7,10.33,yes,"{""count_fp"":""10.33"",""created_time"":""2026-04-27T23:33:37.450997Z"",""no_price_dollars"":""0.3000"",""taker_side"":""yes"",""ticker"":""KXETH15M-26APR271945-45"",""trade_id"":""0649292e-fa20-4f5a-0b82-6c340d0f111f"",""yes_price_dollars"":""0.7000""}"
KXETH15M-26APR271945-45,a972a2b0-9bd1-6aa4-e34c-4e878a84f25e,1777332820,0.71,1.0,yes,"{""count_fp"":""1.00"",""created_time"":""2026-04-27T23:33:40.311809Z"",""no_price_dollars"":""0.2900"",""taker_side"":""yes"",""ticker"":""KXETH15M-26APR271945-45"",""trade_id"":""a972a2b0-9bd1-6aa4-e34c-4e878a84f25e"",""yes_price_dollars"":""0.7100""}"
KXETH15M-26APR271945-45,11943083-b65c-6605-fc00-1e708a1479fb,1777332820,0.71,13.38,yes,"{""count_fp"":""13.38"",""created_time"":""2026-04-27T23:33:40.311809Z"",""no_price_dollars"":""0.2900"",""taker_side"":""yes"",""ticker"":""KXETH15M-26APR271945-45"",""trade_id"":""11943083-b65c-6605-fc00-1e708a1479fb"",""yes_price_dollars"":""0.7100""}"
KXETH15M-26APR271945-45,087aa6d6-42fd-6b05-cd62-91451d71ac97,1777332820,0.71,8.62,yes,"{""count_fp"":""8.62"",""created_time"":""2026-04-27T23:33:40.311809Z"",""no_price_dollars"":""0.2900"",""taker_side"":""yes"",""ticker"":""KXETH15M-26APR271945-45"",""trade_id"":""087aa6d6-42fd-6b05-cd62-91451d71ac97"",""yes_price_dollars"":""0.7100""}"
KXETH15M-26APR271945-45,8379ca8e-873a-468c-ab95-20a328784386,1777332828,0.7,6.99,yes,"{""count_fp"":""6.99"",""created_time"":""2026-04-27T23:33:48.334995Z"",""no_price_dollars"":""0.3000"",""taker_side"":""yes"",""ticker"":""KXETH15M-26APR271945-45"",""trade_id"":""8379ca8e-873a-468c-ab95-20a328784386"",""yes_price_dollars"":""0.7000""}"
KXETH15M-26APR271945-45,2e6a884a-1e91-5e2e-4c5a-2d31aee9ef54,1777332830,0.68,1.73,no,"{""count_fp"":""1.73"",""created_time"":""2026-04-27T23:33:50.386566Z"",""no_price_dollars"":""0.3200"",""taker_side"":""no"",""ticker"":""KXETH15M-26APR271945-45"",""trade_id"":""2e6a884a-1e91-5e2e-4c5a-2d31aee9ef54"",""yes_price_dollars"":""0.6800""}"
KXETH15M-26APR271945-45,b6a0a5ce-ed5d-4042-5727-a52e419481a4,1777332833,0.68,0.44,no,"{""count_fp"":""0.44"",""created_time"":""2026-04-27T23:33:53.824391Z"",""no_price_dollars"":""0.3200"",""taker_side"":""no"",""ticker"":""KXETH15M-26APR271945-45"",""trade_id"":""b6a0a5ce-ed5d-4042-5727-a52e419481a4"",""yes_price_dollars"":""0.6800""}"
KXETH15M-26APR271945-45,e1509fed-c21e-5552-854a-066b4de371d4,1777332840,0.69,3.0,yes,"{""count_fp"":""3.00"",""created_time"":""2026-04-27T23:34:00.127497Z"",""no_price_dollars"":""0.3100"",""taker_side"":""yes"",""ticker"":""KXETH15M-26APR271945-45"",""trade_id"":""e1509fed-c21e-5552-854a-066b4de371d4"",""yes_price_dollars"":""0.6900""}"
KXETH15M-26APR271945-45,a88f88f6-9e44-5b2d-9d47-b2f27c2d770b,1777332840,0.71,52.0,yes,"{""count_fp"":""52.00"",""created_time"":""2026-04-27T23:34:00.127497Z"",""no_price_dollars"":""0.2900"",""taker_side"":""yes"",""ticker"":""KXETH15M-26APR271945-45"",""trade_id"":""a88f88f6-9e44-5b2d-9d47-b2f27c2d770b"",""yes_price_dollars"":""0.7100""}"
KXETH15M-26APR271945-45,8d0d8054-28f8-514e-8a63-87d8a3a52df8,1777332840,0.71,10.0,yes,"{""count_fp"":""10.00"",""created_time"":""2026-04-27T23:34:00.127497Z"",""no_price_dollars"":""0.2900"",""taker_side"":""yes"",""ticker"":""KXETH15M-26APR271945-45"",""trade_id"":""8d0d8054-28f8-514e-8a63-87d8a3a52df8"",""yes_price_dollars"":""0.7100""}"
KXETH15M-26APR271945-45,e7a9e113-ce8c-7565-d3a8-14685d45e21f,1777332841,0.71,44.0,yes,"{""count_fp"":""44.00"",""created_time"":""2026-04-27T23:34:01.085182Z"",""no_price_dollars"":""0.2900"",""taker_side"":""yes"",""ticker"":""KXETH15M-26APR271945-45"",""trade_id"":""e7a9e113-ce8c-7565-d3a8-14685d45e21f"",""yes_price_dollars"":""0.7100""}"
KXETH15M-26APR271945-45,7337fb39-3c48-5189-8c37-eb3c3f426e3b,1777332842,0.71,1.38,yes,"{""count_fp"":""1.38"",""created_time"":""2026-04-27T23:34:02.239284Z"",""no_price_dollars"":""0.2900"",""taker_side"":""yes"",""ticker"":""KXETH15M-26APR271945-45"",""trade_id"":""7337fb39-3c48-5189-8c37-eb3c3f426e3b"",""yes_price_dollars"":""0.7100""}"
KXETH15M-26APR271945-45,98a0fb74-fc21-5ed0-5c43-7d43c3170223,1777332846,0.74,5.0,yes,"{""count_fp"":""5.00"",""created_time"":""2026-04-27T23:34:06.610002Z"",""no_price_dollars"":""0.2600"",""taker_side"":""yes"",""ticker"":""KXETH15M-26APR271945-45"",""trade_id"":""98a0fb74-fc21-5ed0-5c43-7d43c3170223"",""yes_price_dollars"":""0.7400""}"
KXETH15M-26APR271945-45,a20177e8-dc10-5884-5585-673baf6a871d,1777332846,0.72,4.0,yes,"{""count_fp"":""4.00"",""created_time"":""2026-04-27T23:34:06.605185Z"",""no_price_dollars"":""0.2800"",""taker_side"":""yes"",""ticker"":""KXETH15M-26APR271945-45"",""trade_id"":""a20177e8-dc10-5884-5585-673baf6a871d"",""yes_price_dollars"":""0.7200""}"
KXETH15M-26APR271945-45,4f62b617-f392-78f7-8da3-e7744d339af7,1777332846,0.73,1.0,no,"{""count_fp"":""1.00"",""created_time"":""2026-04-27T23:34:06.604882Z"",""no_price_dollars"":""0.2700"",""taker_side"":""no"",""ticker"":""KXETH15M-26APR271945-45"",""trade_id"":""4f62b617-f392-78f7-8da3-e7744d339af7"",""yes_price_dollars"":""0.7300""}"
KXETH15M-26APR271945-45,de1d9c02-0317-7ccb-6e24-fd1050d7ae23,1777332846,0.71,10.0,yes,"{""count_fp"":""10.00"",""created_time"":""2026-04-27T23:34:06.476705Z"",""no_price_dollars"":""0.2900"",""taker_side"":""yes"",""ticker"":""KXETH15M-26APR271945-45"",""trade_id"":""de1d9c02-0317-7ccb-6e24-fd1050d7ae23"",""yes_price_dollars"":""0.7100""}"
KXETH15M-26APR271945-45,a132b057-a41c-7cb2-7458-ba62cf54af2e,1777332846,0.71,1.0,yes,"{""count_fp"":""1.00"",""created_time"":""2026-04-27T23:34:06.476705Z"",""no_price_dollars"":""0.2900"",""taker_side"":""yes"",""ticker"":""KXETH15M-26APR271945-45"",""trade_id"":""a132b057-a41c-7cb2-7458-ba62cf54af2e"",""yes_price_dollars"":""0.7100""}"
KXETH15M-26APR271945-45,74e6ea4b-14b5-5a2a-cda7-34ebfb310bb0,1777332847,0.75,2.0,no,"{""count_fp"":""2.00"",""created_time"":""2026-04-27T23:34:07.253849Z"",""no_price_dollars"":""0.2500"",""taker_side"":""no"",""ticker"":""KXETH15M-26APR271945-45"",""trade_id"":""74e6ea4b-14b5-5a2a-cda7-34ebfb310bb0"",""yes_price_dollars"":""0.7500""}"
KXETH15M-26APR271945-45,4b647ccb-2319-5bdc-f4ac-5739982a03f2,1777332847,0.75,1.0,no,"{""count_fp"":""1.00"",""created_time"":""2026-04-27T23:34:07.253849Z"",""no_price_dollars"":""0.2500"",""taker_side"":""no"",""ticker"":""KXETH15M-26APR271945-45"",""trade_id"":""4b647ccb-2319-5bdc-f4ac-5739982a03f2"",""yes_price_dollars"":""0.7500""}"
KXETH15M-26APR271945-45,01b18a10-2607-7afd-394f-c9a0730d9907,1777332856,0.76,7.5,yes,"{""count_fp"":""7.50"",""created_time"":""2026-04-27T23:34:16.164251Z"",""no_price_dollars"":""0.2400"",""taker_side"":""yes"",""ticker"":""KXETH15M-26APR271945-45"",""trade_id"":""01b18a10-2607-7afd-394f-c9a0730d9907"",""yes_price_dollars"":""0.7600""}"
KXETH15M-26APR271945-45,d0c92b5f-89e9-4f77-617c-e3ab53e21b34,1777332858,0.74,3.0,no,"{""count_fp"":""3.00"",""created_time"":""2026-04-27T23:34:18.984732Z"",""no_price_dollars"":""0.2600"",""taker_side"":""no"",""ticker"":""KXETH15M-26APR271945-45"",""trade_id"":""d0c92b5f-89e9-4f77-617c-e3ab53e21b34"",""yes_price_dollars"":""0.7400""}"
KXETH15M-26APR271945-45,a616dced-3ea2-796a-c5ab-61a537183de0,1777332859,0.76,3.78,yes,"{""count_fp"":""3.78"",""created_time"":""2026-04-27T23:34:19.985518Z"",""no_price_dollars"":""0.2400"",""taker_side"":""yes"",""ticker"":""KXETH15M-26APR271945-45"",""trade_id"":""a616dced-3ea2-796a-c5ab-61a537183de0"",""yes_price_dollars"":""0.7600""}"
KXETH15M-26APR271945-45,d5633ea4-f961-7ddd-3319-7cc7405a539c,1777332861,0.76,1.0,no,"{""count_fp"":""1.00"",""created_time"":""2026-04-27T23:34:21.793193Z"",""no_price_dollars"":""0.2400"",""taker_side"":""no"",""ticker"":""KXETH15M-26APR271945-45"",""trade_id"":""d5633ea4-f961-7ddd-3319-7cc7405a539c"",""yes_price_dollars"":""0.7600""}"
KXETH15M-26APR271945-45,3b381ee6-de03-7866-0fcf-a3b4ed27ef91,1777332861,0.75,4.81,no,"{""count_fp"":""4.81"",""created_time"":""2026-04-27T23:34:21.793193Z"",""no_price_dollars"":""0.2500"",""taker_side"":""no"",""ticker"":""KXETH15M-26APR271945-45"",""trade_id"":""3b381ee6-de03-7866-0fcf-a3b4ed27ef91"",""yes_price_dollars"":""0.7500""}"
KXETH15M-26APR271945-45,f0729bb6-03b5-7ada-a9f0-1a76bea66274,1777332861,0.75,100.0,no,"{""count_fp"":""100.00"",""created_time"":""2026-04-27T23:34:21.103018Z"",""no_price_dollars"":""0.2500"",""taker_side"":""no"",""ticker"":""KXETH15M-26APR271945-45"",""trade_id"":""f0729bb6-03b5-7ada-a9f0-1a76bea66274"",""yes_price_dollars"":""0.7500""}"
KXETH15M-26APR271945-45,83a78720-bdd1-7507-9ec8-65082bf48154,1777332861,0.74,6.82,no,"{""count_fp"":""6.82"",""created_time"":""2026-04-27T23:34:21.103018Z"",""no_price_dollars"":""0.2600"",""taker_side"":""no"",""ticker"":""KXETH15M-26APR271945-45"",""trade_id"":""83a78720-bdd1-7507-9ec8-65082bf48154"",""yes_price_dollars"":""0.7400""}"
KXETH15M-26APR271945-45,7bbe21c0-7e80-7e3f-bf29-952657beda63,1777332861,0.75,1.0,no,"{""count_fp"":""1.00"",""created_time"":""2026-04-27T23:34:21.103018Z"",""no_price_dollars"":""0.2500"",""taker_side"":""no"",""ticker"":""KXETH15M-26APR271945-45"",""trade_id"":""7bbe21c0-7e80-7e3f-bf29-952657beda63"",""yes_price_dollars"":""0.7500""}"
KXETH15M-26APR271945-45,aa641698-325e-59bb-9ffa-05a3eb1d1fc9,1777332862,0.76,1.0,no,"{""count_fp"":""1.00"",""created_time"":""2026-04-27T23:34:22.760066Z"",""no_price_dollars"":""0.2400"",""taker_side"":""no"",""ticker"":""KXETH15M-26APR271945-45"",""trade_id"":""aa641698-325e-59bb-9ffa-05a3eb1d1fc9"",""yes_price_dollars"":""0.7600""}"
KXETH15M-26APR271945-45,92259804-6788-5cdd-868e-18a7bd3468a9,1777332862,0.76,9.0,no,"{""count_fp"":""9.00"",""created_time"":""2026-04-27T23:34:22.760066Z"",""no_price_dollars"":""0.2400"",""taker_side"":""no"",""ticker"":""KXETH15M-26APR271945-45"",""trade_id"":""92259804-6788-5cdd-868e-18a7bd3468a9"",""yes_price_dollars"":""0.7600""}"
KXETH15M-26APR271945-45,a3c7a6e1-56a2-7b7c-7001-600fc7faf9ff,1777332865,0.78,1.0,yes,"{""count_fp"":""1.00"",""created_time"":""2026-04-27T23:34:25.236211Z"",""no_price_dollars"":""0.2200"",""taker_side"":""yes"",""ticker"":""KXETH15M-26APR271945-45"",""trade_id"":""a3c7a6e1-56a2-7b7c-7001-600fc7faf9ff"",""yes_price_dollars"":""0.7800""}"
KXETH15M-26APR271945-45,7e86a14a-0575-7cb2-44f7-b9dd1af51922,1777332865,0.79,2.0,yes,"{""count_fp"":""2.00"",""created_time"":""2026-04-27T23:34:25.236211Z"",""no_price_dollars"":""0.2100"",""taker_side"":""yes"",""ticker"":""KXETH15M-26APR271945-45"",""trade_id"":""7e86a14a-0575-7cb2-44f7-b9dd1af51922"",""yes_price_dollars"":""0.7900""}"
KXETH15M-26APR271945-45,376f33ac-deae-7c20-6f19-f12fab814603,1777332866,0.78,3.58,yes,"{""count_fp"":""3.58"",""created_time"":""2026-04-27T23:34:26.285178Z"",""no_price_dollars"":""0.2200"",""taker_side"":""yes"",""ticker"":""KXETH15M-26APR271945-45"",""trade_id"":""376f33ac-deae-7c20-6f19-f12fab814603"",""yes_price_dollars"":""0.7800""}"
KXETH15M-26APR271945-45,d3a620ff-1013-70f3-5d13-7a240898a301,1777332868,0.79,5.96,yes,"{""count_fp"":""5.96"",""created_time"":""2026-04-27T23:34:28.337417Z"",""no_price_dollars"":""0.2100"",""taker_side"":""yes"",""ticker"":""KXETH15M-26APR271945-45"",""trade_id"":""d3a620ff-1013-70f3-5d13-7a240898a301"",""yes_price_dollars"":""0.7900""}"
KXETH15M-26APR271945-45,063b4076-c2bc-5f89-7172-7e5131d84463,1777332869,0.78,6.23,yes,"{""count_fp"":""6.23"",""created_time"":""2026-04-27T23:34:29.960032Z"",""no_price_dollars"":""0.2200"",""taker_side"":""yes"",""ticker"":""KXETH15M-26APR271945-45"",""trade_id"":""063b4076-c2bc-5f89-7172-7e5131d84463"",""yes_price_dollars"":""0.7800""}"
KXETH15M-26APR271945-45,1830b96b-8bca-6be2-7c9d-4addce3acf0b,1777332871,0.76,1.0,no,"{""count_fp"":""1.00"",""created_time"":""2026-04-27T23:34:31.231362Z"",""no_price_dollars"":""0.2400"",""taker_side"":""no"",""ticker"":""KXETH15M-26APR271945-45"",""trade_id"":""1830b96b-8bca-6be2-7c9d-4addce3acf0b"",""yes_price_dollars"":""0.7600""}"
KXETH15M-26APR271945-45,16998a4d-620c-6a39-5f55-cc1d3d2818d9,1777332871,0.76,18.78,no,"{""count_fp"":""18.78"",""created_time"":""2026-04-27T23:34:31.231362Z"",""no_price_dollars"":""0.2400"",""taker_side"":""no"",""ticker"":""KXETH15M-26APR271945-45"",""trade_id"":""16998a4d-620c-6a39-5f55-cc1d3d2818d9"",""yes_price_dollars"":""0.7600""}"
KXETH15M-26APR271945-45,d28d2a94-292c-4149-d42c-86f60f964ce5,1777332874,0.78,80.0,no,"{""count_fp"":""80.00"",""created_time"":""2026-04-27T23:34:34.845369Z"",""no_price_dollars"":""0.2200"",""taker_side"":""no"",""ticker"":""KXETH15M-26APR271945-45"",""trade_id"":""d28d2a94-292c-4149-d42c-86f60f964ce5"",""yes_price_dollars"":""0.7800""}"
KXETH15M-26APR271945-45,4fea9a21-b722-407b-ca75-4c399aabb6aa,1777332874,0.78,1.0,no,"{""count_fp"":""1.00"",""created_time"":""2026-04-27T23:34:34.845369Z"",""no_price_dollars"":""0.2200"",""taker_side"":""no"",""ticker"":""KXETH15M-26APR271945-45"",""trade_id"":""4fea9a21-b722-407b-ca75-4c399aabb6aa"",""yes_price_dollars"":""0.7800""}"
KXETH15M-26APR271945-45,8ffced86-67d9-6678-5915-e903d34998c6,1777332876,0.84,2.0,no,"{""count_fp"":""2.00"",""created_time"":""2026-04-27T23:34:36.465346Z"",""no_price_dollars"":""0.1600"",""taker_side"":""no"",""ticker"":""KXETH15M-26APR271945-45"",""trade_id"":""8ffced86-67d9-6678-5915-e903d34998c6"",""yes_price_dollars"":""0.8400""}"
KXETH15M-26APR271945-45,6e841e2e-5a03-6182-5a67-a87d486bfb39,1777332876,0.84,1.0,no,"{""count_fp"":""1.00"",""created_time"":""2026-04-27T23:34:36.465346Z"",""no_price_dollars"":""0.1600"",""taker_side"":""no"",""ticker"":""KXETH15M-26APR271945-45"",""trade_id"":""6e841e2e-5a03-6182-5a67-a87d486bfb39"",""yes_price_dollars"":""0.8400""}"
KXETH15M-26APR271945-45,686d7767-8f19-50ee-486d-f7753817c5af,1777332878,0.85,1.0,yes,"{""count_fp"":""1.00"",""created_time"":""2026-04-27T23:34:38.205692Z"",""no_price_dollars"":""0.1500"",""taker_side"":""yes"",""ticker"":""KXETH15M-26APR271945-45"",""trade_id"":""686d7767-8f19-50ee-486d-f7753817c5af"",""yes_price_dollars"":""0.8500""}"
KXETH15M-26APR271945-45,6acaec35-77d1-490c-17f4-8281d812c0aa,1777332879,0.84,5.0,yes,"{""count_fp"":""5.00"",""created_time"":""2026-04-27T23:34:39.219677Z"",""no_price_dollars"":""0.1600"",""taker_side"":""yes"",""ticker"":""KXETH15M-26APR271945-45"",""trade_id"":""6acaec35-77d1-490c-17f4-8281d812c0aa"",""yes_price_dollars"":""0.8400""}"
KXETH15M-26APR271945-45,276454b3-1666-4938-062f-ecab73b45c25,1777332879,0.84,1.0,yes,"{""count_fp"":""1.00"",""created_time"":""2026-04-27T23:34:39.219677Z"",""no_price_dollars"":""0.1600"",""taker_side"":""yes"",""ticker"":""KXETH15M-26APR271945-45"",""trade_id"":""276454b3-1666-4938-062f-ecab73b45c25"",""yes_price_dollars"":""0.8400""}"
KXETH15M-26APR271945-45,181534b1-a269-4296-3920-f72015f0f771,1777332879,0.85,52.21,yes,"{""count_fp"":""52.21"",""created_time"":""2026-04-27T23:34:39.219677Z"",""no_price_dollars"":""0.1500"",""taker_side"":""yes"",""ticker"":""KXETH15M-26APR271945-45"",""trade_id"":""181534b1-a269-4296-3920-f72015f0f771"",""yes_price_dollars"":""0.8500""}"
KXETH15M-26APR271945-45,a74de0fe-8e90-4b99-9d87-2df55cc02497,1777332881,0.85,1.0,yes,"{""count_fp"":""1.00"",""created_time"":""2026-04-27T23:34:41.821371Z"",""no_price_dollars"":""0.1500"",""taker_side"":""yes"",""ticker"":""KXETH15M-26APR271945-45"",""trade_id"":""a74de0fe-8e90-4b99-9d87-2df55cc02497"",""yes_price_dollars"":""0.8500""}"
KXETH15M-26APR271945-45,17c4549d-28f8-62b1-e312-dab72d3e4bd3,1777332881,0.85,0.86,yes,"{""count_fp"":""0.86"",""created_time"":""2026-04-27T23:34:41.631903Z"",""no_price_dollars"":""0.1500"",""taker_side"":""yes"",""ticker"":""KXETH15M-26APR271945-45"",""trade_id"":""17c4549d-28f8-62b1-e312-dab72d3e4bd3"",""yes_price_dollars"":""0.8500""}"
KXETH15M-26APR271945-45,c4befd39-e0b9-7944-8976-654b33c32dba,1777332884,0.83,33.63,no,"{""count_fp"":""33.63"",""created_time"":""2026-04-27T23:34:44.483695Z"",""no_price_dollars"":""0.1700"",""taker_side"":""no"",""ticker"":""KXETH15M-26APR271945-45"",""trade_id"":""c4befd39-e0b9-7944-8976-654b33c32dba"",""yes_price_dollars"":""0.8300""}"
KXETH15M-26APR271945-45,4e04e4f8-d90b-7f17-ae5d-edb2923f77ba,1777332884,0.83,5.37,no,"{""count_fp"":""5.37"",""created_time"":""2026-04-27T23:34:44.483695Z"",""no_price_dollars"":""0.1700"",""taker_side"":""no"",""ticker"":""KXETH15M-26APR271945-45"",""trade_id"":""4e04e4f8-d90b-7f17-ae5d-edb2923f77ba"",""yes_price_dollars"":""0.8300""}"
KXETH15M-26APR271945-45,b2deded3-bca5-6e40-e7f2-b349709d1302,1777332885,0.82,25.26,no,"{""count_fp"":""25.26"",""created_time"":""2026-04-27T23:34:45.526479Z"",""no_price_dollars"":""0.1800"",""taker_side"":""no"",""ticker"":""KXETH15M-26APR271945-45"",""trade_id"":""b2deded3-bca5-6e40-e7f2-b349709d1302"",""yes_price_dollars"":""0.8200""}"
KXETH15M-26APR271945-45,2a89c172-ee5b-6dcf-c97d-da65c9cc8a93,1777332885,0.82,1.0,no,"{""count_fp"":""1.00"",""created_time"":""2026-04-27T23:34:45.526479Z"",""no_price_dollars"":""0.1800"",""taker_side"":""no"",""ticker"":""KXETH15M-26APR271945-45"",""trade_id"":""2a89c172-ee5b-6dcf-c97d-da65c9cc8a93"",""yes_price_dollars"":""0.8200""}"
KXETH15M-26APR271945-45,e0283517-ba34-4ead-60ba-901139d0f802,1777332887,0.82,1.0,no,"{""count_fp"":""1.00"",""created_time"":""2026-04-27T23:34:47.334295Z"",""no_price_dollars"":""0.1800"",""taker_side"":""no"",""ticker"":""KXETH15M-26APR271945-45"",""trade_id"":""e0283517-ba34-4ead-60ba-901139d0f802"",""yes_price_dollars"":""0.8200""}"
KXETH15M-26APR271945-45,435281d7-2329-426c-67d6-7c13359fec3e,1777332887,0.82,25.26,no,"{""count_fp"":""25.26"",""created_time"":""2026-04-27T23:34:47.334295Z"",""no_price_dollars"":""0.1800"",""taker_side"":""no"",""ticker"":""KXETH15M-26APR271945-45"",""trade_id"":""435281d7-2329-426c-67d6-7c13359fec3e"",""yes_price_dollars"":""0.8200""}"
KXETH15M-26APR271945-45,a138c127-b367-6621-5694-f75cef766b23,1777332891,0.82,10.5,no,"{""count_fp"":""10.50"",""created_time"":""2026-04-27T23:34:51.233382Z"",""no_price_dollars"":""0.1800"",""taker_side"":""no"",""ticker"":""KXETH15M-26APR271945-45"",""trade_id"":""a138c127-b367-6621-5694-f75cef766b23"",""yes_price_dollars"":""0.8200""}"
KXETH15M-26APR271945-45,03c2b7d2-0e12-62d4-95c1-37311c1d1f07,1777332892,0.82,0.52,no,"{""count_fp"":""0.52"",""created_time"":""2026-04-27T23:34:52.935135Z"",""no_price_dollars"":""0.1800"",""taker_side"":""no"",""ticker"":""KXETH15M-26APR271945-45"",""trade_id"":""03c2b7d2-0e12-62d4-95c1-37311c1d1f07"",""yes_price_dollars"":""0.8200""}"
KXETH15M-26APR271945-45,218162a0-59ff-6571-0bde-6443ef7719ef,1777332892,0.82,3.0,no,"{""count_fp"":""3.00"",""created_time"":""2026-04-27T23:34:52.521934Z"",""no_price_dollars"":""0.1800"",""taker_side"":""no"",""ticker"":""KXETH15M-26APR271945-45"",""trade_id"":""218162a0-59ff-6571-0bde-6443ef7719ef"",""yes_price_dollars"":""0.8200""}"
KXETH15M-26APR271945-45,fe2c44c1-9d19-61ba-bab8-02949d042581,1777332892,0.85,1.0,yes,"{""count_fp"":""1.00"",""created_time"":""2026-04-27T23:34:52.414942Z"",""no_price_dollars"":""0.1500"",""taker_side"":""yes"",""ticker"":""KXETH15M-26APR271945-45"",""trade_id"":""fe2c44c1-9d19-61ba-bab8-02949d042581"",""yes_price_dollars"":""0.8500""}"
KXETH15M-26APR271945-45,59156a89-4b05-6bb1-83b1-45d1b61684f7,1777332892,0.85,2.0,yes,"{""count_fp"":""2.00"",""created_time"":""2026-04-27T23:34:52.414942Z"",""no_price_dollars"":""0.1500"",""taker_side"":""yes"",""ticker"":""KXETH15M-26APR271945-45"",""trade_id"":""59156a89-4b05-6bb1-83b1-45d1b61684f7"",""yes_price_dollars"":""0.8500""}"
KXETH15M-26APR271945-45,9d1833f0-526f-5df0-16ad-3c2dcf85b965,1777332893,0.85,0.52,yes,"{""count_fp"":""0.52"",""created_time"":""2026-04-27T23:34:53.499131Z"",""no_price_dollars"":""0.1500"",""taker_side"":""yes"",""ticker"":""KXETH15M-26APR271945-45"",""trade_id"":""9d1833f0-526f-5df0-16ad-3c2dcf85b965"",""yes_price_dollars"":""0.8500""}"
KXETH15M-26APR271945-45,0ba74cbf-0767-5328-2e0f-2fced990297a,1777332893,0.85,9.37,yes,"{""count_fp"":""9.37"",""created_time"":""2026-04-27T23:34:53.499131Z"",""no_price_dollars"":""0.1500"",""taker_side"":""yes"",""ticker"":""KXETH15M-26APR271945-45"",""trade_id"":""0ba74cbf-0767-5328-2e0f-2fced990297a"",""yes_price_dollars"":""0.8500""}"
KXETH15M-26APR271945-45,539ec8b9-8f46-6e32-469f-e89f5d0cab30,1777332894,0.88,15.0,yes,"{""count_fp"":""15.00"",""created_time"":""2026-04-27T23:34:54.461378Z"",""no_price_dollars"":""0.1200"",""taker_side"":""yes"",""ticker"":""KXETH15M-26APR271945-45"",""trade_id"":""539ec8b9-8f46-6e32-469f-e89f5d0cab30"",""yes_price_dollars"":""0.8800""}"
KXETH15M-26APR271945-45,f948eb06-86c4-4a8c-b462-702b2cf4513c,1777332894,0.9,12.0,yes,"{""count_fp"":""12.00"",""created_time"":""2026-04-27T23:34:54.429033Z"",""no_price_dollars"":""0.1000"",""taker_side"":""yes"",""ticker"":""KXETH15M-26APR271945-45"",""trade_id"":""f948eb06-86c4-4a8c-b462-702b2cf4513c"",""yes_price_dollars"":""0.9000""}"
KXETH15M-26APR271945-45,f9155777-6992-4595-a7b4-c114fc2ec6a1,1777332894,0.9,4.0,yes,"{""count_fp"":""4.00"",""created_time"":""2026-04-27T23:34:54.429033Z"",""no_price_dollars"":""0.1000"",""taker_side"":""yes"",""ticker"":""KXETH15M-26APR271945-45"",""trade_id"":""f9155777-6992-4595-a7b4-c114fc2ec6a1"",""yes_price_dollars"":""0.9000""}"
KXETH15M-26APR271945-45,c80c5607-5988-49cc-aad4-1131457888ab,1777332894,0.89,24.0,yes,"{""count_fp"":""24.00"",""created_time"":""2026-04-27T23:34:54.429033Z"",""no_price_dollars"":""0.1100"",""taker_side"":""yes"",""ticker"":""KXETH15M-26APR271945-45"",""trade_id"":""c80c5607-5988-49cc-aad4-1131457888ab"",""yes_price_dollars"":""0.8900""}"
KXETH15M-26APR271945-45,b6c424e8-bc12-41c2-8581-fcaf8cf5f8e0,1777332894,0.9,1.0,yes,"{""count_fp"":""1.00"",""created_time"":""2026-04-27T23:34:54.429033Z"",""no_price_dollars"":""0.1000"",""taker_side"":""yes"",""ticker"":""KXETH15M-26APR271945-45"",""trade_id"":""b6c424e8-bc12-41c2-8581-fcaf8cf5f8e0"",""yes_price_dollars"":""0.9000""}"
KXETH15M-26APR271945-45,a9ad8915-18d2-4550-b62b-6ad770b2ca6e,1777332894,0.89,210.0,yes,"{""count_fp"":""210.00"",""created_time"":""2026-04-27T23:34:54.429033Z"",""no_price_dollars"":""0.1100"",""taker_side"":""yes"",""ticker"":""KXETH15M-26APR271945-45"",""trade_id"":""a9ad8915-18d2-4550-b62b-6ad770b2ca6e"",""yes_price_dollars"":""0.8900""}"
KXETH15M-26APR271945-45,441c72a7-0f8e-4977-8fa6-a74bc3e7536c,1777332894,0.88,1227.0,yes,"{""count_fp"":""1227.00"",""created_time"":""2026-04-27T23:34:54.429033Z"",""no_price_dollars"":""0.1200"",""taker_side"":""yes"",""ticker"":""KXETH15M-26APR271945-45"",""trade_id"":""441c72a7-0f8e-4977-8fa6-a74bc3e7536c"",""yes_price_dollars"":""0.8800""}"
KXETH15M-26APR271945-45,378c80aa-4b17-4e0f-9172-2b8f4035a26a,1777332894,0.9,94.0,yes,"{""count_fp"":""94.00"",""created_time"":""2026-04-27T23:34:54.429033Z"",""no_price_dollars"":""0.1000"",""taker_side"":""yes"",""ticker"":""KXETH15M-26APR271945-45"",""trade_id"":""378c80aa-4b17-4e0f-9172-2b8f4035a26a"",""yes_price_dollars"":""0.9000""}"
KXETH15M-26APR271945-45,3465966f-07e1-4eaa-a9fe-97a90a82c22e,1777332894,0.9,1.0,yes,"{""count_fp"":""1.00"",""created_time"":""2026-04-27T23:34:54.429033Z"",""no_price_dollars"":""0.1000"",""taker_side"":""yes"",""ticker"":""KXETH15M-26APR271945-45"",""trade_id"":""3465966f-07e1-4eaa-a9fe-97a90a82c22e"",""yes_price_dollars"":""0.9000""}"
KXETH15M-26APR271945-45,24eac62d-5461-4632-aa04-5f89d03a43b5,1777332894,0.9,3.0,yes,"{""count_fp"":""3.00"",""created_time"":""2026-04-27T23:34:54.429033Z"",""no_price_dollars"":""0.1000"",""taker_side"":""yes"",""ticker"":""KXETH15M-26APR271945-45"",""trade_id"":""24eac62d-5461-4632-aa04-5f89d03a43b5"",""yes_price_dollars"":""0.9000""}"
KXETH15M-26APR271945-45,01bcf75d-74f8-4fbd-9823-d33e935f78ae,1777332894,0.88,100.0,yes,"{""count_fp"":""100.00"",""created_time"":""2026-04-27T23:34:54.429033Z"",""no_price_dollars"":""0.1200"",""taker_side"":""yes"",""ticker"":""KXETH15M-26APR271945-45"",""trade_id"":""01bcf75d-74f8-4fbd-9823-d33e935f78ae"",""yes_price_dollars"":""0.8800""}"
KXETH15M-26APR271945-45,13e36bca-d04a-6c43-ffa0-c2a1bc8561f0,1777332894,0.88,15.0,yes,"{""count_fp"":""15.00"",""created_time"":""2026-04-27T23:34:54.427318Z"",""no_price_dollars"":""0.1200"",""taker_side"":""yes"",""ticker"":""KXETH15M-26APR271945-45"",""trade_id"":""13e36bca-d04a-6c43-ffa0-c2a1bc8561f0"",""yes_price_dollars"":""0.8800""}"
KXETH15M-26APR271945-45,0db1cdd7-a672-704b-a56c-a171ce285794,1777332894,0.88,15.0,yes,"{""count_fp"":""15.00"",""created_time"":""2026-04-27T23:34:54.413188Z"",""no_price_dollars"":""0.1200"",""taker_side"":""yes"",""ticker"":""KXETH15M-26APR271945-45"",""trade_id"":""0db1cdd7-a672-704b-a56c-a171ce285794"",""yes_price_dollars"":""0.8800""}"
KXETH15M-26APR271945-45,e7ee3b42-3c4e-7abf-eef0-9aba130dd760,1777332894,0.88,15.0,yes,"{""count_fp"":""15.00"",""created_time"":""2026-04-27T23:34:54.412486Z"",""no_price_dollars"":""0.1200"",""taker_side"":""yes"",""ticker"":""KXETH15M-26APR271945-45"",""trade_id"":""e7ee3b42-3c4e-7abf-eef0-9aba130dd760"",""yes_price_dollars"":""0.8800""}"
KXETH15M-26APR271945-45,ae956dc7-0fa2-6aeb-967b-4c2b5363aae8,1777332894,0.88,15.0,yes,"{""count_fp"":""15.00"",""created_time"":""2026-04-27T23:34:54.395701Z"",""no_price_dollars"":""0.1200"",""taker_side"":""yes"",""ticker"":""KXETH15M-26APR271945-45"",""trade_id"":""ae956dc7-0fa2-6aeb-967b-4c2b5363aae8"",""yes_price_dollars"":""0.8800""}"
KXETH15M-26APR271945-45,7c3fa8d0-3c60-412b-5e25-7c66129a947a,1777332894,0.87,2.0,yes,"{""count_fp"":""2.00"",""created_time"":""2026-04-27T23:34:54.389966Z"",""no_price_dollars"":""0.1300"",""taker_side"":""yes"",""ticker"":""KXETH15M-26APR271945-45"",""trade_id"":""7c3fa8d0-3c60-412b-5e25-7c66129a947a"",""yes_price_dollars"":""0.8700""}"
