ticker,trade_id,ts,yes_price,count,taker_side,raw_json
KXETH15M-26APR281515-15,c27a1971-d6e4-5821-4b96-c0976755106d,1777402808,0.57,6.0,yes,"{""count_fp"":""6.00"",""created_time"":""2026-04-28T19:00:08.011902Z"",""no_price_dollars"":""0.4300"",""taker_side"":""yes"",""ticker"":""KXETH15M-26APR281515-15"",""trade_id"":""c27a1971-d6e4-5821-4b96-c0976755106d"",""yes_price_dollars"":""0.5700""}"
KXETH15M-26APR281515-15,9cbec8ef-af07-6d84-8702-7eeb9245312a,1777402813,0.42,1.0,yes,"{""count_fp"":""1.00"",""created_time"":""2026-04-28T19:00:13.825181Z"",""no_price_dollars"":""0.5800"",""taker_side"":""yes"",""ticker"":""KXETH15M-26APR281515-15"",""trade_id"":""9cbec8ef-af07-6d84-8702-7eeb9245312a"",""yes_price_dollars"":""0.4200""}"
KXETH15M-26APR281515-15,856a4b7b-8da5-62c3-af48-236306dd67a1,1777402815,0.44,1.0,no,"{""count_fp"":""1.00"",""created_time"":""2026-04-28T19:00:15.604246Z"",""no_price_dollars"":""0.5600"",""taker_side"":""no"",""ticker"":""KXETH15M-26APR281515-15"",""trade_id"":""856a4b7b-8da5-62c3-af48-236306dd67a1"",""yes_price_dollars"":""0.4400""}"
KXETH15M-26APR281515-15,fcf7e94c-2561-6599-0361-6579b9603c5f,1777402821,0.47,10.0,no,"{""count_fp"":""10.00"",""created_time"":""2026-04-28T19:00:21.917248Z"",""no_price_dollars"":""0.5300"",""taker_side"":""no"",""ticker"":""KXETH15M-26APR281515-15"",""trade_id"":""fcf7e94c-2561-6599-0361-6579b9603c5f"",""yes_price_dollars"":""0.4700""}"
KXETH15M-26APR281515-15,131166db-4c98-6e60-3b35-b48f9ffbaa07,1777402821,0.47,5.95,no,"{""count_fp"":""5.95"",""created_time"":""2026-04-28T19:00:21.917248Z"",""no_price_dollars"":""0.5300"",""taker_side"":""no"",""ticker"":""KXETH15M-26APR281515-15"",""trade_id"":""131166db-4c98-6e60-3b35-b48f9ffbaa07"",""yes_price_dollars"":""0.4700""}"
KXETH15M-26APR281515-15,e0539e32-a796-5f3c-14f5-7155d2e21672,1777402827,0.42,8.37,no,"{""count_fp"":""8.37"",""created_time"":""2026-04-28T19:00:27.497066Z"",""no_price_dollars"":""0.5800"",""taker_side"":""no"",""ticker"":""KXETH15M-26APR281515-15"",""trade_id"":""e0539e32-a796-5f3c-14f5-7155d2e21672"",""yes_price_dollars"":""0.4200""}"
KXETH15M-26APR281515-15,0a5cdc58-0156-4480-0821-77f7baaae85e,1777402827,0.42,0.83,no,"{""count_fp"":""0.83"",""created_time"":""2026-04-28T19:00:27.192614Z"",""no_price_dollars"":""0.5800"",""taker_side"":""no"",""ticker"":""KXETH15M-26APR281515-15"",""trade_id"":""0a5cdc58-0156-4480-0821-77f7baaae85e"",""yes_price_dollars"":""0.4200""}"
KXETH15M-26APR281515-15,9aa21408-7662-5ee4-e681-8f4938f51a3a,1777402832,0.42,100.0,no,"{""count_fp"":""100.00"",""created_time"":""2026-04-28T19:00:32.174521Z"",""no_price_dollars"":""0.5800"",""taker_side"":""no"",""ticker"":""KXETH15M-26APR281515-15"",""trade_id"":""9aa21408-7662-5ee4-e681-8f4938f51a3a"",""yes_price_dollars"":""0.4200""}"
KXETH15M-26APR281515-15,5610a311-d3d6-6c60-568c-8a149993238a,1777402836,0.42,5.0,no,"{""count_fp"":""5.00"",""created_time"":""2026-04-28T19:00:36.240911Z"",""no_price_dollars"":""0.5800"",""taker_side"":""no"",""ticker"":""KXETH15M-26APR281515-15"",""trade_id"":""5610a311-d3d6-6c60-568c-8a149993238a"",""yes_price_dollars"":""0.4200""}"
KXETH15M-26APR281515-15,539118ec-31aa-5d9b-dad3-69ed73e69427,1777402837,0.41,5.0,no,"{""count_fp"":""5.00"",""created_time"":""2026-04-28T19:00:37.601448Z"",""no_price_dollars"":""0.5900"",""taker_side"":""no"",""ticker"":""KXETH15M-26APR281515-15"",""trade_id"":""539118ec-31aa-5d9b-dad3-69ed73e69427"",""yes_price_dollars"":""0.4100""}"
KXETH15M-26APR281515-15,3d8391de-8822-5df8-6ec0-35a853a8a982,1777402837,0.42,0.8,no,"{""count_fp"":""0.80"",""created_time"":""2026-04-28T19:00:37.526123Z"",""no_price_dollars"":""0.5800"",""taker_side"":""no"",""ticker"":""KXETH15M-26APR281515-15"",""trade_id"":""3d8391de-8822-5df8-6ec0-35a853a8a982"",""yes_price_dollars"":""0.4200""}"
KXETH15M-26APR281515-15,74f2818e-e262-4b8c-b3b0-17d80333435e,1777402837,0.42,435.0,no,"{""count_fp"":""435.00"",""created_time"":""2026-04-28T19:00:37.217074Z"",""no_price_dollars"":""0.5800"",""taker_side"":""no"",""ticker"":""KXETH15M-26APR281515-15"",""trade_id"":""74f2818e-e262-4b8c-b3b0-17d80333435e"",""yes_price_dollars"":""0.4200""}"
KXETH15M-26APR281515-15,ed589abb-1002-74dc-dd1e-f917d6e1c694,1777402841,0.34,2.0,no,"{""count_fp"":""2.00"",""created_time"":""2026-04-28T19:00:41.454763Z"",""no_price_dollars"":""0.6600"",""taker_side"":""no"",""ticker"":""KXETH15M-26APR281515-15"",""trade_id"":""ed589abb-1002-74dc-dd1e-f917d6e1c694"",""yes_price_dollars"":""0.3400""}"
KXETH15M-26APR281515-15,21acbabd-f604-67c8-375f-42531d0bf128,1777402842,0.35,7.0,yes,"{""count_fp"":""7.00"",""created_time"":""2026-04-28T19:00:42.272144Z"",""no_price_dollars"":""0.6500"",""taker_side"":""yes"",""ticker"":""KXETH15M-26APR281515-15"",""trade_id"":""21acbabd-f604-67c8-375f-42531d0bf128"",""yes_price_dollars"":""0.3500""}"
KXETH15M-26APR281515-15,f6ea15e5-2e29-7457-bd13-2f5d2d0b1d95,1777402850,0.33,2.81,yes,"{""count_fp"":""2.81"",""created_time"":""2026-04-28T19:00:50.301383Z"",""no_price_dollars"":""0.6700"",""taker_side"":""yes"",""ticker"":""KXETH15M-26APR281515-15"",""trade_id"":""f6ea15e5-2e29-7457-bd13-2f5d2d0b1d95"",""yes_price_dollars"":""0.3300""}"
KXETH15M-26APR281515-15,ead45516-3f34-6e07-921a-0f296c03994d,1777402851,0.32,2.0,no,"{""count_fp"":""2.00"",""created_time"":""2026-04-28T19:00:51.029878Z"",""no_price_dollars"":""0.6800"",""taker_side"":""no"",""ticker"":""KXETH15M-26APR281515-15"",""trade_id"":""ead45516-3f34-6e07-921a-0f296c03994d"",""yes_price_dollars"":""0.3200""}"
KXETH15M-26APR281515-15,e280892f-0fe8-7499-4586-0360f66e1257,1777402854,0.3,1.0,no,"{""count_fp"":""1.00"",""created_time"":""2026-04-28T19:00:54.335272Z"",""no_price_dollars"":""0.7000"",""taker_side"":""no"",""ticker"":""KXETH15M-26APR281515-15"",""trade_id"":""e280892f-0fe8-7499-4586-0360f66e1257"",""yes_price_dollars"":""0.3000""}"
KXETH15M-26APR281515-15,c5033ce5-bf20-7da3-7773-4c5f971b7c31,1777402854,0.29,10.0,no,"{""count_fp"":""10.00"",""created_time"":""2026-04-28T19:00:54.335272Z"",""no_price_dollars"":""0.7100"",""taker_side"":""no"",""ticker"":""KXETH15M-26APR281515-15"",""trade_id"":""c5033ce5-bf20-7da3-7773-4c5f971b7c31"",""yes_price_dollars"":""0.2900""}"
KXETH15M-26APR281515-15,acbb05e6-cbf4-72b9-7f05-8db970b0428f,1777402854,0.26,5.02,no,"{""count_fp"":""5.02"",""created_time"":""2026-04-28T19:00:54.335272Z"",""no_price_dollars"":""0.7400"",""taker_side"":""no"",""ticker"":""KXETH15M-26APR281515-15"",""trade_id"":""acbb05e6-cbf4-72b9-7f05-8db970b0428f"",""yes_price_dollars"":""0.2600""}"
KXETH15M-26APR281515-15,8cdac6d3-7dcc-74d5-5397-7a063a6698bd,1777402854,0.3,2.0,no,"{""count_fp"":""2.00"",""created_time"":""2026-04-28T19:00:54.335272Z"",""no_price_dollars"":""0.7000"",""taker_side"":""no"",""ticker"":""KXETH15M-26APR281515-15"",""trade_id"":""8cdac6d3-7dcc-74d5-5397-7a063a6698bd"",""yes_price_dollars"":""0.3000""}"
KXETH15M-26APR281515-15,1f8b5ff6-c272-783a-6103-a56e0cb706c8,1777402854,0.3,4.0,no,"{""count_fp"":""4.00"",""created_time"":""2026-04-28T19:00:54.335272Z"",""no_price_dollars"":""0.7000"",""taker_side"":""no"",""ticker"":""KXETH15M-26APR281515-15"",""trade_id"":""1f8b5ff6-c272-783a-6103-a56e0cb706c8"",""yes_price_dollars"":""0.3000""}"
KXETH15M-26APR281515-15,04641685-81ff-7ee5-5c7f-c7d67cc85071,1777402854,0.29,5.0,no,"{""count_fp"":""5.00"",""created_time"":""2026-04-28T19:00:54.335272Z"",""no_price_dollars"":""0.7100"",""taker_side"":""no"",""ticker"":""KXETH15M-26APR281515-15"",""trade_id"":""04641685-81ff-7ee5-5c7f-c7d67cc85071"",""yes_price_dollars"":""0.2900""}"
KXETH15M-26APR281515-15,218d0e98-4d30-51eb-f987-d1c1b5fbdb0f,1777402858,0.29,3.0,yes,"{""count_fp"":""3.00"",""created_time"":""2026-04-28T19:00:58.622709Z"",""no_price_dollars"":""0.7100"",""taker_side"":""yes"",""ticker"":""KXETH15M-26APR281515-15"",""trade_id"":""218d0e98-4d30-51eb-f987-d1c1b5fbdb0f"",""yes_price_dollars"":""0.2900""}"
KXETH15M-26APR281515-15,1edb64a2-6776-6a13-f7bd-03af0280f5c2,1777402860,0.29,2.0,yes,"{""count_fp"":""2.00"",""created_time"":""2026-04-28T19:01:00.652367Z"",""no_price_dollars"":""0.7100"",""taker_side"":""yes"",""ticker"":""KXETH15M-26APR281515-15"",""trade_id"":""1edb64a2-6776-6a13-f7bd-03af0280f5c2"",""yes_price_dollars"":""0.2900""}"
KXETH15M-26APR281515-15,1cd40ff6-4dc0-6583-cf5c-f1160e2cd377,1777402860,0.29,2.0,yes,"{""count_fp"":""2.00"",""created_time"":""2026-04-28T19:01:00.652367Z"",""no_price_dollars"":""0.7100"",""taker_side"":""yes"",""ticker"":""KXETH15M-26APR281515-15"",""trade_id"":""1cd40ff6-4dc0-6583-cf5c-f1160e2cd377"",""yes_price_dollars"":""0.2900""}"
KXETH15M-26APR281515-15,f5c3b471-fee9-7067-88dd-2df441876ddb,1777402861,0.29,1.0,no,"{""count_fp"":""1.00"",""created_time"":""2026-04-28T19:01:01.848639Z"",""no_price_dollars"":""0.7100"",""taker_side"":""no"",""ticker"":""KXETH15M-26APR281515-15"",""trade_id"":""f5c3b471-fee9-7067-88dd-2df441876ddb"",""yes_price_dollars"":""0.2900""}"
KXETH15M-26APR281515-15,56f7cf76-1eb1-600f-b21f-5617a03acd5b,1777402862,0.29,41.41,no,"{""count_fp"":""41.41"",""created_time"":""2026-04-28T19:01:02.817376Z"",""no_price_dollars"":""0.7100"",""taker_side"":""no"",""ticker"":""KXETH15M-26APR281515-15"",""trade_id"":""56f7cf76-1eb1-600f-b21f-5617a03acd5b"",""yes_price_dollars"":""0.2900""}"
KXETH15M-26APR281515-15,6ff2abc9-8a05-4553-0623-7dab25b1787b,1777402868,0.29,5.0,no,"{""count_fp"":""5.00"",""created_time"":""2026-04-28T19:01:08.127597Z"",""no_price_dollars"":""0.7100"",""taker_side"":""no"",""ticker"":""KXETH15M-26APR281515-15"",""trade_id"":""6ff2abc9-8a05-4553-0623-7dab25b1787b"",""yes_price_dollars"":""0.2900""}"
KXETH15M-26APR281515-15,aa144b70-d83e-77b6-e252-11fe95ba3443,1777402874,0.31,5.0,yes,"{""count_fp"":""5.00"",""created_time"":""2026-04-28T19:01:14.279246Z"",""no_price_dollars"":""0.6900"",""taker_side"":""yes"",""ticker"":""KXETH15M-26APR281515-15"",""trade_id"":""aa144b70-d83e-77b6-e252-11fe95ba3443"",""yes_price_dollars"":""0.3100""}"
KXETH15M-26APR281515-15,86cc905d-d97d-4f97-9ae0-d9b138e276f0,1777402874,0.32,4.0,no,"{""count_fp"":""4.00"",""created_time"":""2026-04-28T19:01:14.064863Z"",""no_price_dollars"":""0.6800"",""taker_side"":""no"",""ticker"":""KXETH15M-26APR281515-15"",""trade_id"":""86cc905d-d97d-4f97-9ae0-d9b138e276f0"",""yes_price_dollars"":""0.3200""}"
KXETH15M-26APR281515-15,53eadc04-e16f-5738-50cc-d0fdb4cab84c,1777402886,0.32,10.0,no,"{""count_fp"":""10.00"",""created_time"":""2026-04-28T19:01:26.354663Z"",""no_price_dollars"":""0.6800"",""taker_side"":""no"",""ticker"":""KXETH15M-26APR281515-15"",""trade_id"":""53eadc04-e16f-5738-50cc-d0fdb4cab84c"",""yes_price_dollars"":""0.3200""}"
KXETH15M-26APR281515-15,0eaaa7f5-376b-55c7-4ef6-aaaa9e68e401,1777402886,0.31,131.97,no,"{""count_fp"":""131.97"",""created_time"":""2026-04-28T19:01:26.354663Z"",""no_price_dollars"":""0.6900"",""taker_side"":""no"",""ticker"":""KXETH15M-26APR281515-15"",""trade_id"":""0eaaa7f5-376b-55c7-4ef6-aaaa9e68e401"",""yes_price_dollars"":""0.3100""}"
KXETH15M-26APR281515-15,f65f1cc3-e973-45b7-3f5e-e3379f253a25,1777402890,0.31,7.09,no,"{""count_fp"":""7.09"",""created_time"":""2026-04-28T19:01:30.636056Z"",""no_price_dollars"":""0.6900"",""taker_side"":""no"",""ticker"":""KXETH15M-26APR281515-15"",""trade_id"":""f65f1cc3-e973-45b7-3f5e-e3379f253a25"",""yes_price_dollars"":""0.3100""}"
KXETH15M-26APR281515-15,872b5b29-3033-54d3-0813-1d7f2b34e485,1777402891,0.31,21.27,no,"{""count_fp"":""21.27"",""created_time"":""2026-04-28T19:01:31.523082Z"",""no_price_dollars"":""0.6900"",""taker_side"":""no"",""ticker"":""KXETH15M-26APR281515-15"",""trade_id"":""872b5b29-3033-54d3-0813-1d7f2b34e485"",""yes_price_dollars"":""0.3100""}"
KXETH15M-26APR281515-15,c11a9562-8786-5e52-de9e-65b65530b4a9,1777402896,0.32,1.0,no,"{""count_fp"":""1.00"",""created_time"":""2026-04-28T19:01:36.420368Z"",""no_price_dollars"":""0.6800"",""taker_side"":""no"",""ticker"":""KXETH15M-26APR281515-15"",""trade_id"":""c11a9562-8786-5e52-de9e-65b65530b4a9"",""yes_price_dollars"":""0.3200""}"
KXETH15M-26APR281515-15,75d49ae3-8403-5eeb-a576-16eb5b6c9bb9,1777402898,0.31,1.4,no,"{""count_fp"":""1.40"",""created_time"":""2026-04-28T19:01:38.232064Z"",""no_price_dollars"":""0.6900"",""taker_side"":""no"",""ticker"":""KXETH15M-26APR281515-15"",""trade_id"":""75d49ae3-8403-5eeb-a576-16eb5b6c9bb9"",""yes_price_dollars"":""0.3100""}"
KXETH15M-26APR281515-15,14d1a9de-689c-731f-e2f4-4f9985e212de,1777402901,0.32,7.19,no,"{""count_fp"":""7.19"",""created_time"":""2026-04-28T19:01:41.342594Z"",""no_price_dollars"":""0.6800"",""taker_side"":""no"",""ticker"":""KXETH15M-26APR281515-15"",""trade_id"":""14d1a9de-689c-731f-e2f4-4f9985e212de"",""yes_price_dollars"":""0.3200""}"
KXETH15M-26APR281515-15,b0420187-dc4a-6a05-b9bc-c122afab9988,1777402910,0.35,40.0,yes,"{""count_fp"":""40.00"",""created_time"":""2026-04-28T19:01:50.741605Z"",""no_price_dollars"":""0.6500"",""taker_side"":""yes"",""ticker"":""KXETH15M-26APR281515-15"",""trade_id"":""b0420187-dc4a-6a05-b9bc-c122afab9988"",""yes_price_dollars"":""0.3500""}"
KXETH15M-26APR281515-15,bac3023c-0237-6d74-7ecc-d5b3cb0b197a,1777402911,0.35,0.29,no,"{""count_fp"":""0.29"",""created_time"":""2026-04-28T19:01:51.716039Z"",""no_price_dollars"":""0.6500"",""taker_side"":""no"",""ticker"":""KXETH15M-26APR281515-15"",""trade_id"":""bac3023c-0237-6d74-7ecc-d5b3cb0b197a"",""yes_price_dollars"":""0.3500""}"
KXETH15M-26APR281515-15,3f497a06-f117-53dc-81d9-6d15ea0facee,1777402912,0.36,1.0,no,"{""count_fp"":""1.00"",""created_time"":""2026-04-28T19:01:52.443199Z"",""no_price_dollars"":""0.6400"",""taker_side"":""no"",""ticker"":""KXETH15M-26APR281515-15"",""trade_id"":""3f497a06-f117-53dc-81d9-6d15ea0facee"",""yes_price_dollars"":""0.3600""}"
KXETH15M-26APR281515-15,8bbce1a5-aeed-6bd1-73ca-4f603b4c0a65,1777402919,0.32,10.0,yes,"{""count_fp"":""10.00"",""created_time"":""2026-04-28T19:01:59.634025Z"",""no_price_dollars"":""0.6800"",""taker_side"":""yes"",""ticker"":""KXETH15M-26APR281515-15"",""trade_id"":""8bbce1a5-aeed-6bd1-73ca-4f603b4c0a65"",""yes_price_dollars"":""0.3200""}"
KXETH15M-26APR281515-15,44963cb0-18fc-6660-4857-be4d4fce4eb8,1777402919,0.33,8.68,yes,"{""count_fp"":""8.68"",""created_time"":""2026-04-28T19:01:59.634025Z"",""no_price_dollars"":""0.6700"",""taker_side"":""yes"",""ticker"":""KXETH15M-26APR281515-15"",""trade_id"":""44963cb0-18fc-6660-4857-be4d4fce4eb8"",""yes_price_dollars"":""0.3300""}"
KXETH15M-26APR281515-15,26b2e1e7-1232-6325-593d-abde6b478b5c,1777402919,0.32,10.0,yes,"{""count_fp"":""10.00"",""created_time"":""2026-04-28T19:01:59.634025Z"",""no_price_dollars"":""0.6800"",""taker_side"":""yes"",""ticker"":""KXETH15M-26APR281515-15"",""trade_id"":""26b2e1e7-1232-6325-593d-abde6b478b5c"",""yes_price_dollars"":""0.3200""}"
KXETH15M-26APR281515-15,577766ac-bb47-75af-13f9-d28f7233e611,1777402920,0.31,20.0,no,"{""count_fp"":""20.00"",""created_time"":""2026-04-28T19:02:00.070211Z"",""no_price_dollars"":""0.6900"",""taker_side"":""no"",""ticker"":""KXETH15M-26APR281515-15"",""trade_id"":""577766ac-bb47-75af-13f9-d28f7233e611"",""yes_price_dollars"":""0.3100""}"
KXETH15M-26APR281515-15,74da958a-bb2c-7c08-a852-7f020e1c4910,1777402923,0.33,187.0,yes,"{""count_fp"":""187.00"",""created_time"":""2026-04-28T19:02:03.138734Z"",""no_price_dollars"":""0.6700"",""taker_side"":""yes"",""ticker"":""KXETH15M-26APR281515-15"",""trade_id"":""74da958a-bb2c-7c08-a852-7f020e1c4910"",""yes_price_dollars"":""0.3300""}"
KXETH15M-26APR281515-15,408d3778-0b7e-5646-187e-1f75414f2bfd,1777402927,0.32,2.0,yes,"{""count_fp"":""2.00"",""created_time"":""2026-04-28T19:02:07.954529Z"",""no_price_dollars"":""0.6800"",""taker_side"":""yes"",""ticker"":""KXETH15M-26APR281515-15"",""trade_id"":""408d3778-0b7e-5646-187e-1f75414f2bfd"",""yes_price_dollars"":""0.3200""}"
KXETH15M-26APR281515-15,21baaa95-5cd7-7e53-2d0c-5e2d19c81d69,1777402938,0.31,62.0,no,"{""count_fp"":""62.00"",""created_time"":""2026-04-28T19:02:18.332232Z"",""no_price_dollars"":""0.6900"",""taker_side"":""no"",""ticker"":""KXETH15M-26APR281515-15"",""trade_id"":""21baaa95-5cd7-7e53-2d0c-5e2d19c81d69"",""yes_price_dollars"":""0.3100""}"
KXETH15M-26APR281515-15,2318cf90-76f8-638d-8cfa-5093f30ea94a,1777402941,0.35,10.0,yes,"{""count_fp"":""10.00"",""created_time"":""2026-04-28T19:02:21.669637Z"",""no_price_dollars"":""0.6500"",""taker_side"":""yes"",""ticker"":""KXETH15M-26APR281515-15"",""trade_id"":""2318cf90-76f8-638d-8cfa-5093f30ea94a"",""yes_price_dollars"":""0.3500""}"
KXETH15M-26APR281515-15,8ff29dd7-88f9-450d-43aa-49c4734ea385,1777402941,0.33,10.0,yes,"{""count_fp"":""10.00"",""created_time"":""2026-04-28T19:02:21.528389Z"",""no_price_dollars"":""0.6700"",""taker_side"":""yes"",""ticker"":""KXETH15M-26APR281515-15"",""trade_id"":""8ff29dd7-88f9-450d-43aa-49c4734ea385"",""yes_price_dollars"":""0.3300""}"
KXETH15M-26APR281515-15,797f18ac-dfc0-4f91-4bde-70dc21d59fec,1777402941,0.32,5.0,yes,"{""count_fp"":""5.00"",""created_time"":""2026-04-28T19:02:21.528389Z"",""no_price_dollars"":""0.6800"",""taker_side"":""yes"",""ticker"":""KXETH15M-26APR281515-15"",""trade_id"":""797f18ac-dfc0-4f91-4bde-70dc21d59fec"",""yes_price_dollars"":""0.3200""}"
KXETH15M-26APR281515-15,a6fdcc0c-845a-61a4-1c37-4c6b0420b2b8,1777402945,0.34,0.44,no,"{""count_fp"":""0.44"",""created_time"":""2026-04-28T19:02:25.775195Z"",""no_price_dollars"":""0.6600"",""taker_side"":""no"",""ticker"":""KXETH15M-26APR281515-15"",""trade_id"":""a6fdcc0c-845a-61a4-1c37-4c6b0420b2b8"",""yes_price_dollars"":""0.3400""}"
KXETH15M-26APR281515-15,70604956-12a5-6c78-7a89-e368e0bce2bc,1777402945,0.39,9.29,yes,"{""count_fp"":""9.29"",""created_time"":""2026-04-28T19:02:25.614651Z"",""no_price_dollars"":""0.6100"",""taker_side"":""yes"",""ticker"":""KXETH15M-26APR281515-15"",""trade_id"":""70604956-12a5-6c78-7a89-e368e0bce2bc"",""yes_price_dollars"":""0.3900""}"
KXETH15M-26APR281515-15,53a463bb-06b3-6e81-652c-cb823563f67d,1777402945,0.39,2.0,yes,"{""count_fp"":""2.00"",""created_time"":""2026-04-28T19:02:25.614651Z"",""no_price_dollars"":""0.6100"",""taker_side"":""yes"",""ticker"":""KXETH15M-26APR281515-15"",""trade_id"":""53a463bb-06b3-6e81-652c-cb823563f67d"",""yes_price_dollars"":""0.3900""}"
KXETH15M-26APR281515-15,4156e723-087c-6580-7f01-cf6e1edfa8d4,1777402945,0.39,1.0,yes,"{""count_fp"":""1.00"",""created_time"":""2026-04-28T19:02:25.614651Z"",""no_price_dollars"":""0.6100"",""taker_side"":""yes"",""ticker"":""KXETH15M-26APR281515-15"",""trade_id"":""4156e723-087c-6580-7f01-cf6e1edfa8d4"",""yes_price_dollars"":""0.3900""}"
KXETH15M-26APR281515-15,e5f01e1b-1fde-785b-278b-206c59c8bd81,1777402948,0.33,2.0,no,"{""count_fp"":""2.00"",""created_time"":""2026-04-28T19:02:28.914895Z"",""no_price_dollars"":""0.6700"",""taker_side"":""no"",""ticker"":""KXETH15M-26APR281515-15"",""trade_id"":""e5f01e1b-1fde-785b-278b-206c59c8bd81"",""yes_price_dollars"":""0.3300""}"
KXETH15M-26APR281515-15,a5835326-6df8-7fd1-3a98-42c85c7fcd8a,1777402948,0.35,5.0,no,"{""count_fp"":""5.00"",""created_time"":""2026-04-28T19:02:28.914895Z"",""no_price_dollars"":""0.6500"",""taker_side"":""no"",""ticker"":""KXETH15M-26APR281515-15"",""trade_id"":""a5835326-6df8-7fd1-3a98-42c85c7fcd8a"",""yes_price_dollars"":""0.3500""}"
KXETH15M-26APR281515-15,28be40ef-6ed9-75f6-07ab-807a7497e158,1777402948,0.34,10.0,no,"{""count_fp"":""10.00"",""created_time"":""2026-04-28T19:02:28.914895Z"",""no_price_dollars"":""0.6600"",""taker_side"":""no"",""ticker"":""KXETH15M-26APR281515-15"",""trade_id"":""28be40ef-6ed9-75f6-07ab-807a7497e158"",""yes_price_dollars"":""0.3400""}"
KXETH15M-26APR281515-15,8a5698ee-fe86-56a3-79e2-522bb0b9bc49,1777402951,0.34,2.91,no,"{""count_fp"":""2.91"",""created_time"":""2026-04-28T19:02:31.158415Z"",""no_price_dollars"":""0.6600"",""taker_side"":""no"",""ticker"":""KXETH15M-26APR281515-15"",""trade_id"":""8a5698ee-fe86-56a3-79e2-522bb0b9bc49"",""yes_price_dollars"":""0.3400""}"
KXETH15M-26APR281515-15,8d22361a-3892-58a1-dd3f-5e060dcd34c5,1777402953,0.34,10.0,no,"{""count_fp"":""10.00"",""created_time"":""2026-04-28T19:02:33.797143Z"",""no_price_dollars"":""0.6600"",""taker_side"":""no"",""ticker"":""KXETH15M-26APR281515-15"",""trade_id"":""8d22361a-3892-58a1-dd3f-5e060dcd34c5"",""yes_price_dollars"":""0.3400""}"
KXETH15M-26APR281515-15,8a5b83c8-c754-465c-eecc-c5702032d188,1777402961,0.33,4.74,yes,"{""count_fp"":""4.74"",""created_time"":""2026-04-28T19:02:41.406964Z"",""no_price_dollars"":""0.6700"",""taker_side"":""yes"",""ticker"":""KXETH15M-26APR281515-15"",""trade_id"":""8a5b83c8-c754-465c-eecc-c5702032d188"",""yes_price_dollars"":""0.3300""}"
KXETH15M-26APR281515-15,29fdc294-4699-4c58-efda-cab5b0672fa5,1777402961,0.32,10.0,yes,"{""count_fp"":""10.00"",""created_time"":""2026-04-28T19:02:41.406964Z"",""no_price_dollars"":""0.6800"",""taker_side"":""yes"",""ticker"":""KXETH15M-26APR281515-15"",""trade_id"":""29fdc294-4699-4c58-efda-cab5b0672fa5"",""yes_price_dollars"":""0.3200""}"
KXETH15M-26APR281515-15,47d25900-a907-4303-3f5c-d46d944cb815,1777402965,0.31,3.0,no,"{""count_fp"":""3.00"",""created_time"":""2026-04-28T19:02:45.776085Z"",""no_price_dollars"":""0.6900"",""taker_side"":""no"",""ticker"":""KXETH15M-26APR281515-15"",""trade_id"":""47d25900-a907-4303-3f5c-d46d944cb815"",""yes_price_dollars"":""0.3100""}"
KXETH15M-26APR281515-15,68bcdc10-febf-639f-74b1-25dec65da811,1777402976,0.31,1.0,no,"{""count_fp"":""1.00"",""created_time"":""2026-04-28T19:02:56.560583Z"",""no_price_dollars"":""0.6900"",""taker_side"":""no"",""ticker"":""KXETH15M-26APR281515-15"",""trade_id"":""68bcdc10-febf-639f-74b1-25dec65da811"",""yes_price_dollars"":""0.3100""}"
KXETH15M-26APR281515-15,9e3e402c-7957-752b-edfc-aadfc144bcad,1777402976,0.31,608.0,no,"{""count_fp"":""608.00"",""created_time"":""2026-04-28T19:02:56.407356Z"",""no_price_dollars"":""0.6900"",""taker_side"":""no"",""ticker"":""KXETH15M-26APR281515-15"",""trade_id"":""9e3e402c-7957-752b-edfc-aadfc144bcad"",""yes_price_dollars"":""0.3100""}"
KXETH15M-26APR281515-15,153eabf6-7cc7-705b-04bb-de72fc0d1625,1777402979,0.31,28.68,no,"{""count_fp"":""28.68"",""created_time"":""2026-04-28T19:02:59.811606Z"",""no_price_dollars"":""0.6900"",""taker_side"":""no"",""ticker"":""KXETH15M-26APR281515-15"",""trade_id"":""153eabf6-7cc7-705b-04bb-de72fc0d1625"",""yes_price_dollars"":""0.3100""}"
KXETH15M-26APR281515-15,9ff7386b-019b-646b-cde3-2d452a9ac535,1777402984,0.31,1.0,no,"{""count_fp"":""1.00"",""created_time"":""2026-04-28T19:03:04.090145Z"",""no_price_dollars"":""0.6900"",""taker_side"":""no"",""ticker"":""KXETH15M-26APR281515-15"",""trade_id"":""9ff7386b-019b-646b-cde3-2d452a9ac535"",""yes_price_dollars"":""0.3100""}"
KXETH15M-26APR281515-15,4543de86-2a13-5e63-26ae-52a75d1f94bd,1777402988,0.31,14.18,no,"{""count_fp"":""14.18"",""created_time"":""2026-04-28T19:03:08.517587Z"",""no_price_dollars"":""0.6900"",""taker_side"":""no"",""ticker"":""KXETH15M-26APR281515-15"",""trade_id"":""4543de86-2a13-5e63-26ae-52a75d1f94bd"",""yes_price_dollars"":""0.3100""}"
KXETH15M-26APR281515-15,f74634e6-4815-560f-4acb-e63453a01677,1777402989,0.29,627.0,no,"{""count_fp"":""627.00"",""created_time"":""2026-04-28T19:03:09.616763Z"",""no_price_dollars"":""0.7100"",""taker_side"":""no"",""ticker"":""KXETH15M-26APR281515-15"",""trade_id"":""f74634e6-4815-560f-4acb-e63453a01677"",""yes_price_dollars"":""0.2900""}"
KXETH15M-26APR281515-15,b282c706-96cf-5df3-3645-6ba8975b78ba,1777402989,0.31,0.41,no,"{""count_fp"":""0.41"",""created_time"":""2026-04-28T19:03:09.185191Z"",""no_price_dollars"":""0.6900"",""taker_side"":""no"",""ticker"":""KXETH15M-26APR281515-15"",""trade_id"":""b282c706-96cf-5df3-3645-6ba8975b78ba"",""yes_price_dollars"":""0.3100""}"
KXETH15M-26APR281515-15,77cbc44f-a1b7-538f-832c-f920760339b2,1777402989,0.31,5.59,no,"{""count_fp"":""5.59"",""created_time"":""2026-04-28T19:03:09.168013Z"",""no_price_dollars"":""0.6900"",""taker_side"":""no"",""ticker"":""KXETH15M-26APR281515-15"",""trade_id"":""77cbc44f-a1b7-538f-832c-f920760339b2"",""yes_price_dollars"":""0.3100""}"
KXETH15M-26APR281515-15,54af34a4-ec47-568b-ba8c-383f2ad92955,1777402989,0.31,100.41,no,"{""count_fp"":""100.41"",""created_time"":""2026-04-28T19:03:09.168013Z"",""no_price_dollars"":""0.6900"",""taker_side"":""no"",""ticker"":""KXETH15M-26APR281515-15"",""trade_id"":""54af34a4-ec47-568b-ba8c-383f2ad92955"",""yes_price_dollars"":""0.3100""}"
KXETH15M-26APR281515-15,461d0866-caa8-500e-ad2d-5af23bdf270d,1777402989,0.31,1.0,no,"{""count_fp"":""1.00"",""created_time"":""2026-04-28T19:03:09.168013Z"",""no_price_dollars"":""0.6900"",""taker_side"":""no"",""ticker"":""KXETH15M-26APR281515-15"",""trade_id"":""461d0866-caa8-500e-ad2d-5af23bdf270d"",""yes_price_dollars"":""0.3100""}"
KXETH15M-26APR281515-15,62ba58f8-cc31-601f-0c6c-963229c882ff,1777402990,0.29,87.0,no,"{""count_fp"":""87.00"",""created_time"":""2026-04-28T19:03:10.201113Z"",""no_price_dollars"":""0.7100"",""taker_side"":""no"",""ticker"":""KXETH15M-26APR281515-15"",""trade_id"":""62ba58f8-cc31-601f-0c6c-963229c882ff"",""yes_price_dollars"":""0.2900""}"
KXETH15M-26APR281515-15,aba2120a-f725-6b43-4f3b-31018df702f7,1777402992,0.29,1.0,no,"{""count_fp"":""1.00"",""created_time"":""2026-04-28T19:03:12.080524Z"",""no_price_dollars"":""0.7100"",""taker_side"":""no"",""ticker"":""KXETH15M-26APR281515-15"",""trade_id"":""aba2120a-f725-6b43-4f3b-31018df702f7"",""yes_price_dollars"":""0.2900""}"
KXETH15M-26APR281515-15,8b8e0699-a42a-537a-ff24-b0831c0092b5,1777402993,0.3,10.0,yes,"{""count_fp"":""10.00"",""created_time"":""2026-04-28T19:03:13.188919Z"",""no_price_dollars"":""0.7000"",""taker_side"":""yes"",""ticker"":""KXETH15M-26APR281515-15"",""trade_id"":""8b8e0699-a42a-537a-ff24-b0831c0092b5"",""yes_price_dollars"":""0.3000""}"
KXETH15M-26APR281515-15,84d2bcc1-6842-4cee-dfd4-4cb14e335e69,1777402996,0.3,2.0,yes,"{""count_fp"":""2.00"",""created_time"":""2026-04-28T19:03:16.891885Z"",""no_price_dollars"":""0.7000"",""taker_side"":""yes"",""ticker"":""KXETH15M-26APR281515-15"",""trade_id"":""84d2bcc1-6842-4cee-dfd4-4cb14e335e69"",""yes_price_dollars"":""0.3000""}"
KXETH15M-26APR281515-15,080e3f7e-4605-6c17-c802-f63c48a03ac7,1777402998,0.29,21.0,no,"{""count_fp"":""21.00"",""created_time"":""2026-04-28T19:03:18.798388Z"",""no_price_dollars"":""0.7100"",""taker_side"":""no"",""ticker"":""KXETH15M-26APR281515-15"",""trade_id"":""080e3f7e-4605-6c17-c802-f63c48a03ac7"",""yes_price_dollars"":""0.2900""}"
KXETH15M-26APR281515-15,66984b1f-e441-5c3f-95a2-d586e748019b,1777402998,0.29,34.0,no,"{""count_fp"":""34.00"",""created_time"":""2026-04-28T19:03:18.067001Z"",""no_price_dollars"":""0.7100"",""taker_side"":""no"",""ticker"":""KXETH15M-26APR281515-15"",""trade_id"":""66984b1f-e441-5c3f-95a2-d586e748019b"",""yes_price_dollars"":""0.2900""}"
KXETH15M-26APR281515-15,1b33149a-e2f9-4257-bb85-8be1c24cb40b,1777402999,0.29,0.59,no,"{""count_fp"":""0.59"",""created_time"":""2026-04-28T19:03:19.165283Z"",""no_price_dollars"":""0.7100"",""taker_side"":""no"",""ticker"":""KXETH15M-26APR281515-15"",""trade_id"":""1b33149a-e2f9-4257-bb85-8be1c24cb40b"",""yes_price_dollars"":""0.2900""}"
KXETH15M-26APR281515-15,2ccdc3bb-7511-4b37-8f96-7333834484c7,1777402999,0.29,178.0,no,"{""count_fp"":""178.00"",""created_time"":""2026-04-28T19:03:19.006405Z"",""no_price_dollars"":""0.7100"",""taker_side"":""no"",""ticker"":""KXETH15M-26APR281515-15"",""trade_id"":""2ccdc3bb-7511-4b37-8f96-7333834484c7"",""yes_price_dollars"":""0.2900""}"
KXETH15M-26APR281515-15,9f9a2982-b014-62c7-e306-40bae8f5d4e9,1777403006,0.24,0.72,no,"{""count_fp"":""0.72"",""created_time"":""2026-04-28T19:03:26.322821Z"",""no_price_dollars"":""0.7600"",""taker_side"":""no"",""ticker"":""KXETH15M-26APR281515-15"",""trade_id"":""9f9a2982-b014-62c7-e306-40bae8f5d4e9"",""yes_price_dollars"":""0.2400""}"
KXETH15M-26APR281515-15,22b0ce48-c597-61ae-e0be-d118225e8dfd,1777403006,0.25,1.0,no,"{""count_fp"":""1.00"",""created_time"":""2026-04-28T19:03:26.322821Z"",""no_price_dollars"":""0.7500"",""taker_side"":""no"",""ticker"":""KXETH15M-26APR281515-15"",""trade_id"":""22b0ce48-c597-61ae-e0be-d118225e8dfd"",""yes_price_dollars"":""0.2500""}"
KXETH15M-26APR281515-15,0163e71d-7107-62a0-ed06-de3652fdb548,1777403006,0.28,5.0,no,"{""count_fp"":""5.00"",""created_time"":""2026-04-28T19:03:26.322821Z"",""no_price_dollars"":""0.7200"",""taker_side"":""no"",""ticker"":""KXETH15M-26APR281515-15"",""trade_id"":""0163e71d-7107-62a0-ed06-de3652fdb548"",""yes_price_dollars"":""0.2800""}"
KXETH15M-26APR281515-15,50652c41-eff9-7f05-bba9-47a1adc468bb,1777403007,0.24,4.72,no,"{""count_fp"":""4.72"",""created_time"":""2026-04-28T19:03:27.693378Z"",""no_price_dollars"":""0.7600"",""taker_side"":""no"",""ticker"":""KXETH15M-26APR281515-15"",""trade_id"":""50652c41-eff9-7f05-bba9-47a1adc468bb"",""yes_price_dollars"":""0.2400""}"
KXETH15M-26APR281515-15,492b7ebc-b1ac-762b-8c04-9a4247e9f031,1777403007,0.24,0.28,no,"{""count_fp"":""0.28"",""created_time"":""2026-04-28T19:03:27.693378Z"",""no_price_dollars"":""0.7600"",""taker_side"":""no"",""ticker"":""KXETH15M-26APR281515-15"",""trade_id"":""492b7ebc-b1ac-762b-8c04-9a4247e9f031"",""yes_price_dollars"":""0.2400""}"
KXETH15M-26APR281515-15,b2f14753-b172-67fc-069f-f25eaf6e227a,1777403009,0.23,1.0,no,"{""count_fp"":""1.00"",""created_time"":""2026-04-28T19:03:29.756506Z"",""no_price_dollars"":""0.7700"",""taker_side"":""no"",""ticker"":""KXETH15M-26APR281515-15"",""trade_id"":""b2f14753-b172-67fc-069f-f25eaf6e227a"",""yes_price_dollars"":""0.2300""}"
KXETH15M-26APR281515-15,4145be48-12ec-6b14-20c9-0853a78897fe,1777403009,0.23,62.9,no,"{""count_fp"":""62.90"",""created_time"":""2026-04-28T19:03:29.756506Z"",""no_price_dollars"":""0.7700"",""taker_side"":""no"",""ticker"":""KXETH15M-26APR281515-15"",""trade_id"":""4145be48-12ec-6b14-20c9-0853a78897fe"",""yes_price_dollars"":""0.2300""}"
KXETH15M-26APR281515-15,2b7f833b-55c0-47dc-ed24-e1d7c933697e,1777403011,0.23,1.0,no,"{""count_fp"":""1.00"",""created_time"":""2026-04-28T19:03:31.543193Z"",""no_price_dollars"":""0.7700"",""taker_side"":""no"",""ticker"":""KXETH15M-26APR281515-15"",""trade_id"":""2b7f833b-55c0-47dc-ed24-e1d7c933697e"",""yes_price_dollars"":""0.2300""}"
KXETH15M-26APR281515-15,0d836b29-4198-6818-cfd3-5ab6de0c70ee,1777403011,0.23,10.0,no,"{""count_fp"":""10.00"",""created_time"":""2026-04-28T19:03:31.363318Z"",""no_price_dollars"":""0.7700"",""taker_side"":""no"",""ticker"":""KXETH15M-26APR281515-15"",""trade_id"":""0d836b29-4198-6818-cfd3-5ab6de0c70ee"",""yes_price_dollars"":""0.2300""}"
KXETH15M-26APR281515-15,93f54c41-d73c-4408-f0bb-87607a64747e,1777403012,0.23,1.0,no,"{""count_fp"":""1.00"",""created_time"":""2026-04-28T19:03:32.020005Z"",""no_price_dollars"":""0.7700"",""taker_side"":""no"",""ticker"":""KXETH15M-26APR281515-15"",""trade_id"":""93f54c41-d73c-4408-f0bb-87607a64747e"",""yes_price_dollars"":""0.2300""}"
KXETH15M-26APR281515-15,d8dff40c-4f6a-59c7-a2a1-8958cade2aae,1777403016,0.25,500.0,yes,"{""count_fp"":""500.00"",""created_time"":""2026-04-28T19:03:36.922037Z"",""no_price_dollars"":""0.7500"",""taker_side"":""yes"",""ticker"":""KXETH15M-26APR281515-15"",""trade_id"":""d8dff40c-4f6a-59c7-a2a1-8958cade2aae"",""yes_price_dollars"":""0.2500""}"
KXETH15M-26APR281515-15,7e034dc3-e430-62e8-2d56-af27ce1c944e,1777403016,0.24,1.29,no,"{""count_fp"":""1.29"",""created_time"":""2026-04-28T19:03:36.226121Z"",""no_price_dollars"":""0.7600"",""taker_side"":""no"",""ticker"":""KXETH15M-26APR281515-15"",""trade_id"":""7e034dc3-e430-62e8-2d56-af27ce1c944e"",""yes_price_dollars"":""0.2400""}"
KXETH15M-26APR281515-15,148c3df4-ab2c-6e68-74a3-23fa28e82cba,1777403018,0.25,6.47,no,"{""count_fp"":""6.47"",""created_time"":""2026-04-28T19:03:38.226685Z"",""no_price_dollars"":""0.7500"",""taker_side"":""no"",""ticker"":""KXETH15M-26APR281515-15"",""trade_id"":""148c3df4-ab2c-6e68-74a3-23fa28e82cba"",""yes_price_dollars"":""0.2500""}"
KXETH15M-26APR281515-15,81958901-e144-78d4-d07a-1a79db0a643a,1777403019,0.25,1.0,no,"{""count_fp"":""1.00"",""created_time"":""2026-04-28T19:03:39.004823Z"",""no_price_dollars"":""0.7500"",""taker_side"":""no"",""ticker"":""KXETH15M-26APR281515-15"",""trade_id"":""81958901-e144-78d4-d07a-1a79db0a643a"",""yes_price_dollars"":""0.2500""}"
KXETH15M-26APR281515-15,eacba088-4b70-787c-f24f-6fb8e3cc120a,1777403025,0.24,60.08,no,"{""count_fp"":""60.08"",""created_time"":""2026-04-28T19:03:45.142453Z"",""no_price_dollars"":""0.7600"",""taker_side"":""no"",""ticker"":""KXETH15M-26APR281515-15"",""trade_id"":""eacba088-4b70-787c-f24f-6fb8e3cc120a"",""yes_price_dollars"":""0.2400""}"
KXETH15M-26APR281515-15,0c834bd3-c59d-75c3-ea15-149c3ddb7207,1777403025,0.24,4.0,no,"{""count_fp"":""4.00"",""created_time"":""2026-04-28T19:03:45.142453Z"",""no_price_dollars"":""0.7600"",""taker_side"":""no"",""ticker"":""KXETH15M-26APR281515-15"",""trade_id"":""0c834bd3-c59d-75c3-ea15-149c3ddb7207"",""yes_price_dollars"":""0.2400""}"
KXETH15M-26APR281515-15,4680a1c2-ad46-690a-0986-e4178c6897ed,1777403026,0.26,0.73,yes,"{""count_fp"":""0.73"",""created_time"":""2026-04-28T19:03:46.070041Z"",""no_price_dollars"":""0.7400"",""taker_side"":""yes"",""ticker"":""KXETH15M-26APR281515-15"",""trade_id"":""4680a1c2-ad46-690a-0986-e4178c6897ed"",""yes_price_dollars"":""0.2600""}"
KXETH15M-26APR281515-15,d161de24-d01c-5b68-5876-62178a76bdc2,1777403027,0.24,19.41,no,"{""count_fp"":""19.41"",""created_time"":""2026-04-28T19:03:47.403371Z"",""no_price_dollars"":""0.7600"",""taker_side"":""no"",""ticker"":""KXETH15M-26APR281515-15"",""trade_id"":""d161de24-d01c-5b68-5876-62178a76bdc2"",""yes_price_dollars"":""0.2400""}"
KXETH15M-26APR281515-15,6e834721-d03c-5c10-5868-6740dd8c6202,1777403036,0.24,64.08,no,"{""count_fp"":""64.08"",""created_time"":""2026-04-28T19:03:56.406855Z"",""no_price_dollars"":""0.7600"",""taker_side"":""no"",""ticker"":""KXETH15M-26APR281515-15"",""trade_id"":""6e834721-d03c-5c10-5868-6740dd8c6202"",""yes_price_dollars"":""0.2400""}"
KXETH15M-26APR281515-15,c8dbf5b5-bca4-6e84-0cc4-c9fe2e0b148e,1777403036,0.24,64.08,no,"{""count_fp"":""64.08"",""created_time"":""2026-04-28T19:03:56.209375Z"",""no_price_dollars"":""0.7600"",""taker_side"":""no"",""ticker"":""KXETH15M-26APR281515-15"",""trade_id"":""c8dbf5b5-bca4-6e84-0cc4-c9fe2e0b148e"",""yes_price_dollars"":""0.2400""}"
KXETH15M-26APR281515-15,36ace2fb-e26e-7b0e-befa-efca8236443d,1777403037,0.26,10.0,yes,"{""count_fp"":""10.00"",""created_time"":""2026-04-28T19:03:57.062726Z"",""no_price_dollars"":""0.7400"",""taker_side"":""yes"",""ticker"":""KXETH15M-26APR281515-15"",""trade_id"":""36ace2fb-e26e-7b0e-befa-efca8236443d"",""yes_price_dollars"":""0.2600""}"
KXETH15M-26APR281515-15,d94f4ec7-872a-4312-f386-740869be065d,1777403041,0.26,35.67,yes,"{""count_fp"":""35.67"",""created_time"":""2026-04-28T19:04:01.192503Z"",""no_price_dollars"":""0.7400"",""taker_side"":""yes"",""ticker"":""KXETH15M-26APR281515-15"",""trade_id"":""d94f4ec7-872a-4312-f386-740869be065d"",""yes_price_dollars"":""0.2600""}"
KXETH15M-26APR281515-15,47030537-d330-79a0-d095-3a3ada1fdd26,1777403043,0.24,12.94,no,"{""count_fp"":""12.94"",""created_time"":""2026-04-28T19:04:03.247272Z"",""no_price_dollars"":""0.7600"",""taker_side"":""no"",""ticker"":""KXETH15M-26APR281515-15"",""trade_id"":""47030537-d330-79a0-d095-3a3ada1fdd26"",""yes_price_dollars"":""0.2400""}"
KXETH15M-26APR281515-15,fda337ad-4139-4da3-5d48-3a0a277499bc,1777403047,0.23,0.65,no,"{""count_fp"":""0.65"",""created_time"":""2026-04-28T19:04:07.161028Z"",""no_price_dollars"":""0.7700"",""taker_side"":""no"",""ticker"":""KXETH15M-26APR281515-15"",""trade_id"":""fda337ad-4139-4da3-5d48-3a0a277499bc"",""yes_price_dollars"":""0.2300""}"
KXETH15M-26APR281515-15,ccb6c208-1f3a-7634-ac02-cfa43a9ddd35,1777403048,0.22,1.0,no,"{""count_fp"":""1.00"",""created_time"":""2026-04-28T19:04:08.385999Z"",""no_price_dollars"":""0.7800"",""taker_side"":""no"",""ticker"":""KXETH15M-26APR281515-15"",""trade_id"":""ccb6c208-1f3a-7634-ac02-cfa43a9ddd35"",""yes_price_dollars"":""0.2200""}"
KXETH15M-26APR281515-15,62f8501f-cc68-7e14-b0b7-55692754fade,1777403048,0.22,1.0,no,"{""count_fp"":""1.00"",""created_time"":""2026-04-28T19:04:08.385999Z"",""no_price_dollars"":""0.7800"",""taker_side"":""no"",""ticker"":""KXETH15M-26APR281515-15"",""trade_id"":""62f8501f-cc68-7e14-b0b7-55692754fade"",""yes_price_dollars"":""0.2200""}"
KXETH15M-26APR281515-15,6ef1ee77-1032-4258-b601-49be1bdae830,1777403056,0.21,1.0,no,"{""count_fp"":""1.00"",""created_time"":""2026-04-28T19:04:16.699884Z"",""no_price_dollars"":""0.7900"",""taker_side"":""no"",""ticker"":""KXETH15M-26APR281515-15"",""trade_id"":""6ef1ee77-1032-4258-b601-49be1bdae830"",""yes_price_dollars"":""0.2100""}"
KXETH15M-26APR281515-15,13342ca6-84a4-401c-a207-80936026d2ea,1777403056,0.21,9.0,no,"{""count_fp"":""9.00"",""created_time"":""2026-04-28T19:04:16.699884Z"",""no_price_dollars"":""0.7900"",""taker_side"":""no"",""ticker"":""KXETH15M-26APR281515-15"",""trade_id"":""13342ca6-84a4-401c-a207-80936026d2ea"",""yes_price_dollars"":""0.2100""}"
KXETH15M-26APR281515-15,21ece965-ca44-49fc-6b8d-6e07aee880c6,1777403062,0.21,86.4,no,"{""count_fp"":""86.40"",""created_time"":""2026-04-28T19:04:22.220022Z"",""no_price_dollars"":""0.7900"",""taker_side"":""no"",""ticker"":""KXETH15M-26APR281515-15"",""trade_id"":""21ece965-ca44-49fc-6b8d-6e07aee880c6"",""yes_price_dollars"":""0.2100""}"
KXETH15M-26APR281515-15,da0dc2bb-be55-6551-159a-18f996948b8b,1777403067,0.2,1.0,no,"{""count_fp"":""1.00"",""created_time"":""2026-04-28T19:04:27.570592Z"",""no_price_dollars"":""0.8000"",""taker_side"":""no"",""ticker"":""KXETH15M-26APR281515-15"",""trade_id"":""da0dc2bb-be55-6551-159a-18f996948b8b"",""yes_price_dollars"":""0.2000""}"
KXETH15M-26APR281515-15,b190df28-7b95-64ab-07ae-b15ff2b53ca8,1777403067,0.19,5.25,no,"{""count_fp"":""5.25"",""created_time"":""2026-04-28T19:04:27.570592Z"",""no_price_dollars"":""0.8100"",""taker_side"":""no"",""ticker"":""KXETH15M-26APR281515-15"",""trade_id"":""b190df28-7b95-64ab-07ae-b15ff2b53ca8"",""yes_price_dollars"":""0.1900""}"
KXETH15M-26APR281515-15,99988efe-a920-6278-39b8-d92fb9d3d56b,1777403067,0.19,1.0,no,"{""count_fp"":""1.00"",""created_time"":""2026-04-28T19:04:27.570592Z"",""no_price_dollars"":""0.8100"",""taker_side"":""no"",""ticker"":""KXETH15M-26APR281515-15"",""trade_id"":""99988efe-a920-6278-39b8-d92fb9d3d56b"",""yes_price_dollars"":""0.1900""}"
KXETH15M-26APR281515-15,447ca166-dec3-6e6a-021e-6ca598fd2512,1777403067,0.2,5.0,no,"{""count_fp"":""5.00"",""created_time"":""2026-04-28T19:04:27.570592Z"",""no_price_dollars"":""0.8000"",""taker_side"":""no"",""ticker"":""KXETH15M-26APR281515-15"",""trade_id"":""447ca166-dec3-6e6a-021e-6ca598fd2512"",""yes_price_dollars"":""0.2000""}"
KXETH15M-26APR281515-15,acc7b46a-7714-697e-682f-74351841db2a,1777403069,0.18,0.24,no,"{""count_fp"":""0.24"",""created_time"":""2026-04-28T19:04:29.176646Z"",""no_price_dollars"":""0.8200"",""taker_side"":""no"",""ticker"":""KXETH15M-26APR281515-15"",""trade_id"":""acc7b46a-7714-697e-682f-74351841db2a"",""yes_price_dollars"":""0.1800""}"
KXETH15M-26APR281515-15,11bd6fc1-d7ae-6a4a-0f06-27037ce9992d,1777403078,0.2,24.34,yes,"{""count_fp"":""24.34"",""created_time"":""2026-04-28T19:04:38.452085Z"",""no_price_dollars"":""0.8000"",""taker_side"":""yes"",""ticker"":""KXETH15M-26APR281515-15"",""trade_id"":""11bd6fc1-d7ae-6a4a-0f06-27037ce9992d"",""yes_price_dollars"":""0.2000""}"
KXETH15M-26APR281515-15,8142c2fe-3dde-51a6-7748-71d37424c4a1,1777403082,0.22,100.0,yes,"{""count_fp"":""100.00"",""created_time"":""2026-04-28T19:04:42.019846Z"",""no_price_dollars"":""0.7800"",""taker_side"":""yes"",""ticker"":""KXETH15M-26APR281515-15"",""trade_id"":""8142c2fe-3dde-51a6-7748-71d37424c4a1"",""yes_price_dollars"":""0.2200""}"
KXETH15M-26APR281515-15,8f4814c3-af4c-72c2-188c-e6e74ed6f1de,1777403091,0.18,0.76,no,"{""count_fp"":""0.76"",""created_time"":""2026-04-28T19:04:51.201258Z"",""no_price_dollars"":""0.8200"",""taker_side"":""no"",""ticker"":""KXETH15M-26APR281515-15"",""trade_id"":""8f4814c3-af4c-72c2-188c-e6e74ed6f1de"",""yes_price_dollars"":""0.1800""}"
KXETH15M-26APR281515-15,22e065e5-c235-71cd-b03e-99b7881dc364,1777403093,0.18,63.66,yes,"{""count_fp"":""63.66"",""created_time"":""2026-04-28T19:04:53.071594Z"",""no_price_dollars"":""0.8200"",""taker_side"":""yes"",""ticker"":""KXETH15M-26APR281515-15"",""trade_id"":""22e065e5-c235-71cd-b03e-99b7881dc364"",""yes_price_dollars"":""0.1800""}"
KXETH15M-26APR281515-15,1b1b0f2f-c046-76a8-b064-7ec9cffe519b,1777403093,0.18,0.24,yes,"{""count_fp"":""0.24"",""created_time"":""2026-04-28T19:04:53.071594Z"",""no_price_dollars"":""0.8200"",""taker_side"":""yes"",""ticker"":""KXETH15M-26APR281515-15"",""trade_id"":""1b1b0f2f-c046-76a8-b064-7ec9cffe519b"",""yes_price_dollars"":""0.1800""}"
KXETH15M-26APR281515-15,ed5d029e-ff10-54f0-1f5a-dc967bab2179,1777403094,0.19,1.29,yes,"{""count_fp"":""1.29"",""created_time"":""2026-04-28T19:04:54.333515Z"",""no_price_dollars"":""0.8100"",""taker_side"":""yes"",""ticker"":""KXETH15M-26APR281515-15"",""trade_id"":""ed5d029e-ff10-54f0-1f5a-dc967bab2179"",""yes_price_dollars"":""0.1900""}"
KXETH15M-26APR281515-15,77ee1a2a-24d4-48c9-e7e1-9eb8dee59b24,1777403095,0.17,0.59,no,"{""count_fp"":""0.59"",""created_time"":""2026-04-28T19:04:55.728144Z"",""no_price_dollars"":""0.8300"",""taker_side"":""no"",""ticker"":""KXETH15M-26APR281515-15"",""trade_id"":""77ee1a2a-24d4-48c9-e7e1-9eb8dee59b24"",""yes_price_dollars"":""0.1700""}"
KXETH15M-26APR281515-15,8613ea8a-7463-73ca-d394-7e25dabd0f95,1777403100,0.17,0.59,yes,"{""count_fp"":""0.59"",""created_time"":""2026-04-28T19:05:00.985375Z"",""no_price_dollars"":""0.8300"",""taker_side"":""yes"",""ticker"":""KXETH15M-26APR281515-15"",""trade_id"":""8613ea8a-7463-73ca-d394-7e25dabd0f95"",""yes_price_dollars"":""0.1700""}"
KXETH15M-26APR281515-15,e70e92c9-285d-7108-1be7-c9183ecdf4cb,1777403100,0.17,7.59,yes,"{""count_fp"":""7.59"",""created_time"":""2026-04-28T19:05:00.964151Z"",""no_price_dollars"":""0.8300"",""taker_side"":""yes"",""ticker"":""KXETH15M-26APR281515-15"",""trade_id"":""e70e92c9-285d-7108-1be7-c9183ecdf4cb"",""yes_price_dollars"":""0.1700""}"
KXETH15M-26APR281515-15,70c85b91-9c63-7c76-2c7d-0b5707cfade9,1777403100,0.17,99.41,yes,"{""count_fp"":""99.41"",""created_time"":""2026-04-28T19:05:00.964151Z"",""no_price_dollars"":""0.8300"",""taker_side"":""yes"",""ticker"":""KXETH15M-26APR281515-15"",""trade_id"":""70c85b91-9c63-7c76-2c7d-0b5707cfade9"",""yes_price_dollars"":""0.1700""}"
KXETH15M-26APR281515-15,fc939a42-8775-4642-a4c6-fa9f429fd73c,1777403100,0.17,2.41,no,"{""count_fp"":""2.41"",""created_time"":""2026-04-28T19:05:00.800577Z"",""no_price_dollars"":""0.8300"",""taker_side"":""no"",""ticker"":""KXETH15M-26APR281515-15"",""trade_id"":""fc939a42-8775-4642-a4c6-fa9f429fd73c"",""yes_price_dollars"":""0.1700""}"
KXETH15M-26APR281515-15,59b962c6-d870-78ee-4dd1-5f42b8bcc10c,1777403100,0.18,12.29,yes,"{""count_fp"":""12.29"",""created_time"":""2026-04-28T19:05:00.642872Z"",""no_price_dollars"":""0.8200"",""taker_side"":""yes"",""ticker"":""KXETH15M-26APR281515-15"",""trade_id"":""59b962c6-d870-78ee-4dd1-5f42b8bcc10c"",""yes_price_dollars"":""0.1800""}"
KXETH15M-26APR281515-15,f511cef9-b319-4ad2-c803-ac175f5d1c4c,1777403100,0.17,4.59,no,"{""count_fp"":""4.59"",""created_time"":""2026-04-28T19:05:00.460549Z"",""no_price_dollars"":""0.8300"",""taker_side"":""no"",""ticker"":""KXETH15M-26APR281515-15"",""trade_id"":""f511cef9-b319-4ad2-c803-ac175f5d1c4c"",""yes_price_dollars"":""0.1700""}"
KXETH15M-26APR281515-15,a685fd06-edbc-4091-e558-0ddfc1ba3ab4,1777403100,0.17,0.41,no,"{""count_fp"":""0.41"",""created_time"":""2026-04-28T19:05:00.460549Z"",""no_price_dollars"":""0.8300"",""taker_side"":""no"",""ticker"":""KXETH15M-26APR281515-15"",""trade_id"":""a685fd06-edbc-4091-e558-0ddfc1ba3ab4"",""yes_price_dollars"":""0.1700""}"
KXETH15M-26APR281515-15,715454b4-0e66-4a51-f59c-94c22484631d,1777403100,0.17,1.0,no,"{""count_fp"":""1.00"",""created_time"":""2026-04-28T19:05:00.460549Z"",""no_price_dollars"":""0.8300"",""taker_side"":""no"",""ticker"":""KXETH15M-26APR281515-15"",""trade_id"":""715454b4-0e66-4a51-f59c-94c22484631d"",""yes_price_dollars"":""0.1700""}"
KXETH15M-26APR281515-15,4ed14c92-4d33-43cf-067e-374be4970e42,1777403100,0.19,1.27,yes,"{""count_fp"":""1.27"",""created_time"":""2026-04-28T19:05:00.044718Z"",""no_price_dollars"":""0.8100"",""taker_side"":""yes"",""ticker"":""KXETH15M-26APR281515-15"",""trade_id"":""4ed14c92-4d33-43cf-067e-374be4970e42"",""yes_price_dollars"":""0.1900""}"
KXETH15M-26APR281515-15,2e8290fe-7254-4a7c-24c9-1739b9c0b06d,1777403100,0.19,3.71,yes,"{""count_fp"":""3.71"",""created_time"":""2026-04-28T19:05:00.044718Z"",""no_price_dollars"":""0.8100"",""taker_side"":""yes"",""ticker"":""KXETH15M-26APR281515-15"",""trade_id"":""2e8290fe-7254-4a7c-24c9-1739b9c0b06d"",""yes_price_dollars"":""0.1900""}"
KXETH15M-26APR281515-15,af308d07-fcaa-5c1c-3b0f-61402b65f791,1777403101,0.16,1.0,no,"{""count_fp"":""1.00"",""created_time"":""2026-04-28T19:05:01.465303Z"",""no_price_dollars"":""0.8400"",""taker_side"":""no"",""ticker"":""KXETH15M-26APR281515-15"",""trade_id"":""af308d07-fcaa-5c1c-3b0f-61402b65f791"",""yes_price_dollars"":""0.1600""}"
KXETH15M-26APR281515-15,57939e44-ac83-5fbf-15ac-b1c8c6607bbf,1777403101,0.16,1.0,no,"{""count_fp"":""1.00"",""created_time"":""2026-04-28T19:05:01.465303Z"",""no_price_dollars"":""0.8400"",""taker_side"":""no"",""ticker"":""KXETH15M-26APR281515-15"",""trade_id"":""57939e44-ac83-5fbf-15ac-b1c8c6607bbf"",""yes_price_dollars"":""0.1600""}"
KXETH15M-26APR281515-15,2f04f99a-54c6-549d-3ca6-3422751e2a71,1777403101,0.16,1.0,no,"{""count_fp"":""1.00"",""created_time"":""2026-04-28T19:05:01.465303Z"",""no_price_dollars"":""0.8400"",""taker_side"":""no"",""ticker"":""KXETH15M-26APR281515-15"",""trade_id"":""2f04f99a-54c6-549d-3ca6-3422751e2a71"",""yes_price_dollars"":""0.1600""}"
KXETH15M-26APR281515-15,15a7b2c0-7f48-57c8-3ccf-62073f13984f,1777403101,0.16,5.0,no,"{""count_fp"":""5.00"",""created_time"":""2026-04-28T19:05:01.465303Z"",""no_price_dollars"":""0.8400"",""taker_side"":""no"",""ticker"":""KXETH15M-26APR281515-15"",""trade_id"":""15a7b2c0-7f48-57c8-3ccf-62073f13984f"",""yes_price_dollars"":""0.1600""}"
KXETH15M-26APR281515-15,057c677b-4cff-548f-232a-40879d95fac4,1777403101,0.16,2.0,no,"{""count_fp"":""2.00"",""created_time"":""2026-04-28T19:05:01.465303Z"",""no_price_dollars"":""0.8400"",""taker_side"":""no"",""ticker"":""KXETH15M-26APR281515-15"",""trade_id"":""057c677b-4cff-548f-232a-40879d95fac4"",""yes_price_dollars"":""0.1600""}"
KXETH15M-26APR281515-15,d6cea9b8-ec9c-752f-0ceb-36221877418f,1777403101,0.17,10.0,yes,"{""count_fp"":""10.00"",""created_time"":""2026-04-28T19:05:01.193015Z"",""no_price_dollars"":""0.8300"",""taker_side"":""yes"",""ticker"":""KXETH15M-26APR281515-15"",""trade_id"":""d6cea9b8-ec9c-752f-0ceb-36221877418f"",""yes_price_dollars"":""0.1700""}"
KXETH15M-26APR281515-15,79803c0b-76e3-4acf-c84c-e7770e6d02ac,1777403102,0.16,10.0,no,"{""count_fp"":""10.00"",""created_time"":""2026-04-28T19:05:02.046928Z"",""no_price_dollars"":""0.8400"",""taker_side"":""no"",""ticker"":""KXETH15M-26APR281515-15"",""trade_id"":""79803c0b-76e3-4acf-c84c-e7770e6d02ac"",""yes_price_dollars"":""0.1600""}"
KXETH15M-26APR281515-15,110673d2-edf9-6ace-03fc-f5c039d03d65,1777403111,0.16,5.5,yes,"{""count_fp"":""5.50"",""created_time"":""2026-04-28T19:05:11.050349Z"",""no_price_dollars"":""0.8400"",""taker_side"":""yes"",""ticker"":""KXETH15M-26APR281515-15"",""trade_id"":""110673d2-edf9-6ace-03fc-f5c039d03d65"",""yes_price_dollars"":""0.1600""}"
KXETH15M-26APR281515-15,ded12fa3-3dd7-7551-d91b-9d3f5bbcab9f,1777403116,0.14,5.0,no,"{""count_fp"":""5.00"",""created_time"":""2026-04-28T19:05:16.663262Z"",""no_price_dollars"":""0.8600"",""taker_side"":""no"",""ticker"":""KXETH15M-26APR281515-15"",""trade_id"":""ded12fa3-3dd7-7551-d91b-9d3f5bbcab9f"",""yes_price_dollars"":""0.1400""}"
KXETH15M-26APR281515-15,98e05a22-7cd7-7393-f94e-b720bb1e7ef4,1777403116,0.13,57.0,no,"{""count_fp"":""57.00"",""created_time"":""2026-04-28T19:05:16.663262Z"",""no_price_dollars"":""0.8700"",""taker_side"":""no"",""ticker"":""KXETH15M-26APR281515-15"",""trade_id"":""98e05a22-7cd7-7393-f94e-b720bb1e7ef4"",""yes_price_dollars"":""0.1300""}"
KXETH15M-26APR281515-15,3e2a512c-b84b-7dbb-ec02-1601956ebdf0,1777403116,0.13,78.59,no,"{""count_fp"":""78.59"",""created_time"":""2026-04-28T19:05:16.663262Z"",""no_price_dollars"":""0.8700"",""taker_side"":""no"",""ticker"":""KXETH15M-26APR281515-15"",""trade_id"":""3e2a512c-b84b-7dbb-ec02-1601956ebdf0"",""yes_price_dollars"":""0.1300""}"
KXETH15M-26APR281515-15,3a2060fb-2fa0-78d2-e698-4f8194303c4c,1777403116,0.15,1.0,no,"{""count_fp"":""1.00"",""created_time"":""2026-04-28T19:05:16.663262Z"",""no_price_dollars"":""0.8500"",""taker_side"":""no"",""ticker"":""KXETH15M-26APR281515-15"",""trade_id"":""3a2060fb-2fa0-78d2-e698-4f8194303c4c"",""yes_price_dollars"":""0.1500""}"
KXETH15M-26APR281515-15,37e27356-5d50-7a2a-e180-14e594210c92,1777403116,0.13,3.0,no,"{""count_fp"":""3.00"",""created_time"":""2026-04-28T19:05:16.663262Z"",""no_price_dollars"":""0.8700"",""taker_side"":""no"",""ticker"":""KXETH15M-26APR281515-15"",""trade_id"":""37e27356-5d50-7a2a-e180-14e594210c92"",""yes_price_dollars"":""0.1300""}"
KXETH15M-26APR281515-15,318ca207-fe02-7856-e82c-1e2d4ffa4333,1777403116,0.14,5.0,no,"{""count_fp"":""5.00"",""created_time"":""2026-04-28T19:05:16.663262Z"",""no_price_dollars"":""0.8600"",""taker_side"":""no"",""ticker"":""KXETH15M-26APR281515-15"",""trade_id"":""318ca207-fe02-7856-e82c-1e2d4ffa4333"",""yes_price_dollars"":""0.1400""}"
KXETH15M-26APR281515-15,18f60dfd-be24-7e1b-ef07-4762ae77fd69,1777403116,0.15,10.0,no,"{""count_fp"":""10.00"",""created_time"":""2026-04-28T19:05:16.663262Z"",""no_price_dollars"":""0.8500"",""taker_side"":""no"",""ticker"":""KXETH15M-26APR281515-15"",""trade_id"":""18f60dfd-be24-7e1b-ef07-4762ae77fd69"",""yes_price_dollars"":""0.1500""}"
KXETH15M-26APR281515-15,f32b0f0d-ff06-71eb-039c-ca140852f13c,1777403119,0.15,1.16,no,"{""count_fp"":""1.16"",""created_time"":""2026-04-28T19:05:19.176837Z"",""no_price_dollars"":""0.8500"",""taker_side"":""no"",""ticker"":""KXETH15M-26APR281515-15"",""trade_id"":""f32b0f0d-ff06-71eb-039c-ca140852f13c"",""yes_price_dollars"":""0.1500""}"
KXETH15M-26APR281515-15,33364cdf-01b2-563d-0b77-9f3e02c856d8,1777403123,0.17,5.82,no,"{""count_fp"":""5.82"",""created_time"":""2026-04-28T19:05:23.407075Z"",""no_price_dollars"":""0.8300"",""taker_side"":""no"",""ticker"":""KXETH15M-26APR281515-15"",""trade_id"":""33364cdf-01b2-563d-0b77-9f3e02c856d8"",""yes_price_dollars"":""0.1700""}"
KXETH15M-26APR281515-15,33ecf5c3-a01d-70af-b612-53d221618771,1777403126,0.2,65.0,yes,"{""count_fp"":""65.00"",""created_time"":""2026-04-28T19:05:26.314878Z"",""no_price_dollars"":""0.8000"",""taker_side"":""yes"",""ticker"":""KXETH15M-26APR281515-15"",""trade_id"":""33ecf5c3-a01d-70af-b612-53d221618771"",""yes_price_dollars"":""0.2000""}"
KXETH15M-26APR281515-15,03a7d418-d7d9-65d8-f903-af891bb20f40,1777403127,0.22,10.0,yes,"{""count_fp"":""10.00"",""created_time"":""2026-04-28T19:05:27.794482Z"",""no_price_dollars"":""0.7800"",""taker_side"":""yes"",""ticker"":""KXETH15M-26APR281515-15"",""trade_id"":""03a7d418-d7d9-65d8-f903-af891bb20f40"",""yes_price_dollars"":""0.2200""}"
KXETH15M-26APR281515-15,bc055e52-127d-41dd-456b-18cc3bc05f2b,1777403132,0.19,10.0,no,"{""count_fp"":""10.00"",""created_time"":""2026-04-28T19:05:32.086488Z"",""no_price_dollars"":""0.8100"",""taker_side"":""no"",""ticker"":""KXETH15M-26APR281515-15"",""trade_id"":""bc055e52-127d-41dd-456b-18cc3bc05f2b"",""yes_price_dollars"":""0.1900""}"
KXETH15M-26APR281515-15,e4442bde-e13d-4405-78ad-1716e9f3cd37,1777403133,0.19,3.65,no,"{""count_fp"":""3.65"",""created_time"":""2026-04-28T19:05:33.600982Z"",""no_price_dollars"":""0.8100"",""taker_side"":""no"",""ticker"":""KXETH15M-26APR281515-15"",""trade_id"":""e4442bde-e13d-4405-78ad-1716e9f3cd37"",""yes_price_dollars"":""0.1900""}"
KXETH15M-26APR281515-15,75ff315a-bbb9-6fce-075f-7c8ac94308a9,1777403138,0.24,10.0,yes,"{""count_fp"":""10.00"",""created_time"":""2026-04-28T19:05:38.071645Z"",""no_price_dollars"":""0.7600"",""taker_side"":""yes"",""ticker"":""KXETH15M-26APR281515-15"",""trade_id"":""75ff315a-bbb9-6fce-075f-7c8ac94308a9"",""yes_price_dollars"":""0.2400""}"
KXETH15M-26APR281515-15,d7066969-055b-6c0f-7820-2ee28e8f323c,1777403139,0.2,1.0,no,"{""count_fp"":""1.00"",""created_time"":""2026-04-28T19:05:39.781857Z"",""no_price_dollars"":""0.8000"",""taker_side"":""no"",""ticker"":""KXETH15M-26APR281515-15"",""trade_id"":""d7066969-055b-6c0f-7820-2ee28e8f323c"",""yes_price_dollars"":""0.2000""}"
KXETH15M-26APR281515-15,50b3651b-f491-5bcb-4eaa-861fbebc03b0,1777403139,0.21,10.0,no,"{""count_fp"":""10.00"",""created_time"":""2026-04-28T19:05:39.030534Z"",""no_price_dollars"":""0.7900"",""taker_side"":""no"",""ticker"":""KXETH15M-26APR281515-15"",""trade_id"":""50b3651b-f491-5bcb-4eaa-861fbebc03b0"",""yes_price_dollars"":""0.2100""}"
KXETH15M-26APR281515-15,dc7be9ac-4dba-4bc5-1a79-b4f917ca3899,1777403147,0.22,2.48,no,"{""count_fp"":""2.48"",""created_time"":""2026-04-28T19:05:47.126153Z"",""no_price_dollars"":""0.7800"",""taker_side"":""no"",""ticker"":""KXETH15M-26APR281515-15"",""trade_id"":""dc7be9ac-4dba-4bc5-1a79-b4f917ca3899"",""yes_price_dollars"":""0.2200""}"
KXETH15M-26APR281515-15,acff279d-5d13-495d-5471-3085d83629a7,1777403149,0.22,1.0,yes,"{""count_fp"":""1.00"",""created_time"":""2026-04-28T19:05:49.754468Z"",""no_price_dollars"":""0.7800"",""taker_side"":""yes"",""ticker"":""KXETH15M-26APR281515-15"",""trade_id"":""acff279d-5d13-495d-5471-3085d83629a7"",""yes_price_dollars"":""0.2200""}"
KXETH15M-26APR281515-15,8cf59c08-d0d9-4332-7173-c49d1b394bb5,1777403149,0.22,10.86,yes,"{""count_fp"":""10.86"",""created_time"":""2026-04-28T19:05:49.754468Z"",""no_price_dollars"":""0.7800"",""taker_side"":""yes"",""ticker"":""KXETH15M-26APR281515-15"",""trade_id"":""8cf59c08-d0d9-4332-7173-c49d1b394bb5"",""yes_price_dollars"":""0.2200""}"
KXETH15M-26APR281515-15,55c92cda-13b7-4754-3b20-c6792b22bb50,1777403149,0.21,10.0,yes,"{""count_fp"":""10.00"",""created_time"":""2026-04-28T19:05:49.260612Z"",""no_price_dollars"":""0.7900"",""taker_side"":""yes"",""ticker"":""KXETH15M-26APR281515-15"",""trade_id"":""55c92cda-13b7-4754-3b20-c6792b22bb50"",""yes_price_dollars"":""0.2100""}"
KXETH15M-26APR281515-15,4210c450-5371-767e-7dd5-f6e5feb9a0f9,1777403150,0.24,4.0,yes,"{""count_fp"":""4.00"",""created_time"":""2026-04-28T19:05:50.181244Z"",""no_price_dollars"":""0.7600"",""taker_side"":""yes"",""ticker"":""KXETH15M-26APR281515-15"",""trade_id"":""4210c450-5371-767e-7dd5-f6e5feb9a0f9"",""yes_price_dollars"":""0.2400""}"
KXETH15M-26APR281515-15,bfa228a2-f2fd-7752-0e41-646bc83229f5,1777403155,0.23,10.0,yes,"{""count_fp"":""10.00"",""created_time"":""2026-04-28T19:05:55.186775Z"",""no_price_dollars"":""0.7700"",""taker_side"":""yes"",""ticker"":""KXETH15M-26APR281515-15"",""trade_id"":""bfa228a2-f2fd-7752-0e41-646bc83229f5"",""yes_price_dollars"":""0.2300""}"
KXETH15M-26APR281515-15,3894efc6-8811-4b6e-7a89-737ef9a93195,1777403158,0.24,1.97,yes,"{""count_fp"":""1.97"",""created_time"":""2026-04-28T19:05:58.395397Z"",""no_price_dollars"":""0.7600"",""taker_side"":""yes"",""ticker"":""KXETH15M-26APR281515-15"",""trade_id"":""3894efc6-8811-4b6e-7a89-737ef9a93195"",""yes_price_dollars"":""0.2400""}"
KXETH15M-26APR281515-15,4b6a81f3-b5b6-4715-c5f6-826682d606b5,1777403160,0.21,10.0,no,"{""count_fp"":""10.00"",""created_time"":""2026-04-28T19:06:00.303836Z"",""no_price_dollars"":""0.7900"",""taker_side"":""no"",""ticker"":""KXETH15M-26APR281515-15"",""trade_id"":""4b6a81f3-b5b6-4715-c5f6-826682d606b5"",""yes_price_dollars"":""0.2100""}"
KXETH15M-26APR281515-15,2cb21f15-de0d-499e-e73f-0c49698ccbe4,1777403160,0.21,2.0,no,"{""count_fp"":""2.00"",""created_time"":""2026-04-28T19:06:00.303836Z"",""no_price_dollars"":""0.7900"",""taker_side"":""no"",""ticker"":""KXETH15M-26APR281515-15"",""trade_id"":""2cb21f15-de0d-499e-e73f-0c49698ccbe4"",""yes_price_dollars"":""0.2100""}"
KXETH15M-26APR281515-15,9f6bb120-f853-5173-8eec-103fd201af70,1777403161,0.2,10.0,no,"{""count_fp"":""10.00"",""created_time"":""2026-04-28T19:06:01.030148Z"",""no_price_dollars"":""0.8000"",""taker_side"":""no"",""ticker"":""KXETH15M-26APR281515-15"",""trade_id"":""9f6bb120-f853-5173-8eec-103fd201af70"",""yes_price_dollars"":""0.2000""}"
KXETH15M-26APR281515-15,d5b0af6a-64bb-535b-a93b-584ea8de6b20,1777403163,0.2,1.0,no,"{""count_fp"":""1.00"",""created_time"":""2026-04-28T19:06:03.040048Z"",""no_price_dollars"":""0.8000"",""taker_side"":""no"",""ticker"":""KXETH15M-26APR281515-15"",""trade_id"":""d5b0af6a-64bb-535b-a93b-584ea8de6b20"",""yes_price_dollars"":""0.2000""}"
KXETH15M-26APR281515-15,bebdba54-e647-5b1a-a258-283d6cd11f86,1777403166,0.23,39.0,yes,"{""count_fp"":""39.00"",""created_time"":""2026-04-28T19:06:06.315654Z"",""no_price_dollars"":""0.7700"",""taker_side"":""yes"",""ticker"":""KXETH15M-26APR281515-15"",""trade_id"":""bebdba54-e647-5b1a-a258-283d6cd11f86"",""yes_price_dollars"":""0.2300""}"
KXETH15M-26APR281515-15,afef7812-4f7e-5a0f-bd3e-3f310669cf4b,1777403166,0.22,1.0,yes,"{""count_fp"":""1.00"",""created_time"":""2026-04-28T19:06:06.315654Z"",""no_price_dollars"":""0.7800"",""taker_side"":""yes"",""ticker"":""KXETH15M-26APR281515-15"",""trade_id"":""afef7812-4f7e-5a0f-bd3e-3f310669cf4b"",""yes_price_dollars"":""0.2200""}"
KXETH15M-26APR281515-15,e57e1f0e-6857-51ee-2775-cc8f06a6b20a,1777403167,0.23,10.0,yes,"{""count_fp"":""10.00"",""created_time"":""2026-04-28T19:06:07.294409Z"",""no_price_dollars"":""0.7700"",""taker_side"":""yes"",""ticker"":""KXETH15M-26APR281515-15"",""trade_id"":""e57e1f0e-6857-51ee-2775-cc8f06a6b20a"",""yes_price_dollars"":""0.2300""}"
KXETH15M-26APR281515-15,e24cb33d-8263-7c66-d1dd-f79fbcd93dc6,1777403169,0.24,27.02,yes,"{""count_fp"":""27.02"",""created_time"":""2026-04-28T19:06:09.894981Z"",""no_price_dollars"":""0.7600"",""taker_side"":""yes"",""ticker"":""KXETH15M-26APR281515-15"",""trade_id"":""e24cb33d-8263-7c66-d1dd-f79fbcd93dc6"",""yes_price_dollars"":""0.2400""}"
KXETH15M-26APR281515-15,7c04bc62-8c40-7258-8650-666c83baa162,1777403173,0.23,10.0,yes,"{""count_fp"":""10.00"",""created_time"":""2026-04-28T19:06:13.365312Z"",""no_price_dollars"":""0.7700"",""taker_side"":""yes"",""ticker"":""KXETH15M-26APR281515-15"",""trade_id"":""7c04bc62-8c40-7258-8650-666c83baa162"",""yes_price_dollars"":""0.2300""}"
KXETH15M-26APR281515-15,7305d04a-a9df-77ce-9b17-2f4f6df495be,1777403173,0.23,78.0,yes,"{""count_fp"":""78.00"",""created_time"":""2026-04-28T19:06:13.365312Z"",""no_price_dollars"":""0.7700"",""taker_side"":""yes"",""ticker"":""KXETH15M-26APR281515-15"",""trade_id"":""7305d04a-a9df-77ce-9b17-2f4f6df495be"",""yes_price_dollars"":""0.2300""}"
KXETH15M-26APR281515-15,aa4b8f79-3389-40b5-c70a-6a0f2de0b993,1777403179,0.19,0.24,no,"{""count_fp"":""0.24"",""created_time"":""2026-04-28T19:06:19.287813Z"",""no_price_dollars"":""0.8100"",""taker_side"":""no"",""ticker"":""KXETH15M-26APR281515-15"",""trade_id"":""aa4b8f79-3389-40b5-c70a-6a0f2de0b993"",""yes_price_dollars"":""0.1900""}"
KXETH15M-26APR281515-15,e5d8f726-c6cc-79e5-6724-bbde5795d66f,1777403183,0.2,10.0,yes,"{""count_fp"":""10.00"",""created_time"":""2026-04-28T19:06:23.117981Z"",""no_price_dollars"":""0.8000"",""taker_side"":""yes"",""ticker"":""KXETH15M-26APR281515-15"",""trade_id"":""e5d8f726-c6cc-79e5-6724-bbde5795d66f"",""yes_price_dollars"":""0.2000""}"
KXETH15M-26APR281515-15,a85e7706-4b4d-60a5-ad99-5bbcbaf5c71b,1777403186,0.19,10.0,no,"{""count_fp"":""10.00"",""created_time"":""2026-04-28T19:06:26.032111Z"",""no_price_dollars"":""0.8100"",""taker_side"":""no"",""ticker"":""KXETH15M-26APR281515-15"",""trade_id"":""a85e7706-4b4d-60a5-ad99-5bbcbaf5c71b"",""yes_price_dollars"":""0.1900""}"
KXETH15M-26APR281515-15,72bbb819-e3c0-468d-e45e-71e029c21fab,1777403192,0.2,4.73,yes,"{""count_fp"":""4.73"",""created_time"":""2026-04-28T19:06:32.448648Z"",""no_price_dollars"":""0.8000"",""taker_side"":""yes"",""ticker"":""KXETH15M-26APR281515-15"",""trade_id"":""72bbb819-e3c0-468d-e45e-71e029c21fab"",""yes_price_dollars"":""0.2000""}"
KXETH15M-26APR281515-15,2cd88be8-6da1-40d1-148c-fa1e1c4ef2e7,1777403192,0.19,76.0,no,"{""count_fp"":""76.00"",""created_time"":""2026-04-28T19:06:32.147031Z"",""no_price_dollars"":""0.8100"",""taker_side"":""no"",""ticker"":""KXETH15M-26APR281515-15"",""trade_id"":""2cd88be8-6da1-40d1-148c-fa1e1c4ef2e7"",""yes_price_dollars"":""0.1900""}"
KXETH15M-26APR281515-15,e082c055-b951-4372-e545-1d3f55c09041,1777403196,0.2,20.0,yes,"{""count_fp"":""20.00"",""created_time"":""2026-04-28T19:06:36.709187Z"",""no_price_dollars"":""0.8000"",""taker_side"":""yes"",""ticker"":""KXETH15M-26APR281515-15"",""trade_id"":""e082c055-b951-4372-e545-1d3f55c09041"",""yes_price_dollars"":""0.2000""}"
KXETH15M-26APR281515-15,c70a93c4-9174-4695-f846-c7ba60a0d173,1777403196,0.2,100.0,yes,"{""count_fp"":""100.00"",""created_time"":""2026-04-28T19:06:36.709187Z"",""no_price_dollars"":""0.8000"",""taker_side"":""yes"",""ticker"":""KXETH15M-26APR281515-15"",""trade_id"":""c70a93c4-9174-4695-f846-c7ba60a0d173"",""yes_price_dollars"":""0.2000""}"
KXETH15M-26APR281515-15,67fd4fa7-884a-4e37-d78e-0d298d0d2b8b,1777403196,0.2,10.02,yes,"{""count_fp"":""10.02"",""created_time"":""2026-04-28T19:06:36.709187Z"",""no_price_dollars"":""0.8000"",""taker_side"":""yes"",""ticker"":""KXETH15M-26APR281515-15"",""trade_id"":""67fd4fa7-884a-4e37-d78e-0d298d0d2b8b"",""yes_price_dollars"":""0.2000""}"
KXETH15M-26APR281515-15,5f3f370d-e10e-4629-cbd2-32ad16009155,1777403196,0.2,10.0,yes,"{""count_fp"":""10.00"",""created_time"":""2026-04-28T19:06:36.709187Z"",""no_price_dollars"":""0.8000"",""taker_side"":""yes"",""ticker"":""KXETH15M-26APR281515-15"",""trade_id"":""5f3f370d-e10e-4629-cbd2-32ad16009155"",""yes_price_dollars"":""0.2000""}"
KXETH15M-26APR281515-15,c1966b69-d73b-76e8-718f-e6b748d6f2d1,1777403204,0.16,10.0,no,"{""count_fp"":""10.00"",""created_time"":""2026-04-28T19:06:44.283814Z"",""no_price_dollars"":""0.8400"",""taker_side"":""no"",""ticker"":""KXETH15M-26APR281515-15"",""trade_id"":""c1966b69-d73b-76e8-718f-e6b748d6f2d1"",""yes_price_dollars"":""0.1600""}"
KXETH15M-26APR281515-15,a5c06f2e-4dd7-7713-40c9-77ae01d257f0,1777403204,0.15,3.49,no,"{""count_fp"":""3.49"",""created_time"":""2026-04-28T19:06:44.283814Z"",""no_price_dollars"":""0.8500"",""taker_side"":""no"",""ticker"":""KXETH15M-26APR281515-15"",""trade_id"":""a5c06f2e-4dd7-7713-40c9-77ae01d257f0"",""yes_price_dollars"":""0.1500""}"
KXETH15M-26APR281515-15,92345c3d-e5b5-7637-645d-e33f7e43f9cc,1777403204,0.17,10.0,no,"{""count_fp"":""10.00"",""created_time"":""2026-04-28T19:06:44.283814Z"",""no_price_dollars"":""0.8300"",""taker_side"":""no"",""ticker"":""KXETH15M-26APR281515-15"",""trade_id"":""92345c3d-e5b5-7637-645d-e33f7e43f9cc"",""yes_price_dollars"":""0.1700""}"
KXETH15M-26APR281515-15,0ffd63e9-ebe5-7355-65af-ad72581eb393,1777403204,0.19,0.11,no,"{""count_fp"":""0.11"",""created_time"":""2026-04-28T19:06:44.283814Z"",""no_price_dollars"":""0.8100"",""taker_side"":""no"",""ticker"":""KXETH15M-26APR281515-15"",""trade_id"":""0ffd63e9-ebe5-7355-65af-ad72581eb393"",""yes_price_dollars"":""0.1900""}"
KXETH15M-26APR281515-15,99355f1a-98a7-4407-938e-75b5e6e43688,1777403206,0.15,0.58,no,"{""count_fp"":""0.58"",""created_time"":""2026-04-28T19:06:46.813065Z"",""no_price_dollars"":""0.8500"",""taker_side"":""no"",""ticker"":""KXETH15M-26APR281515-15"",""trade_id"":""99355f1a-98a7-4407-938e-75b5e6e43688"",""yes_price_dollars"":""0.1500""}"
KXETH15M-26APR281515-15,f1becb70-cabe-50dc-676e-339cf655db1c,1777403222,0.24,10.0,no,"{""count_fp"":""10.00"",""created_time"":""2026-04-28T19:07:02.436732Z"",""no_price_dollars"":""0.7600"",""taker_side"":""no"",""ticker"":""KXETH15M-26APR281515-15"",""trade_id"":""f1becb70-cabe-50dc-676e-339cf655db1c"",""yes_price_dollars"":""0.2400""}"
KXETH15M-26APR281515-15,ca9058cf-d46a-55cd-2ef9-cd77b3e6d84f,1777403225,0.25,5.0,yes,"{""count_fp"":""5.00"",""created_time"":""2026-04-28T19:07:05.392884Z"",""no_price_dollars"":""0.7500"",""taker_side"":""yes"",""ticker"":""KXETH15M-26APR281515-15"",""trade_id"":""ca9058cf-d46a-55cd-2ef9-cd77b3e6d84f"",""yes_price_dollars"":""0.2500""}"
KXETH15M-26APR281515-15,be33c403-b81c-52a1-1838-5b31757c07c6,1777403225,0.25,1.0,yes,"{""count_fp"":""1.00"",""created_time"":""2026-04-28T19:07:05.392884Z"",""no_price_dollars"":""0.7500"",""taker_side"":""yes"",""ticker"":""KXETH15M-26APR281515-15"",""trade_id"":""be33c403-b81c-52a1-1838-5b31757c07c6"",""yes_price_dollars"":""0.2500""}"
KXETH15M-26APR281515-15,cc224b00-acc5-5876-c090-723f4f570727,1777403230,0.27,8.0,yes,"{""count_fp"":""8.00"",""created_time"":""2026-04-28T19:07:10.652363Z"",""no_price_dollars"":""0.7300"",""taker_side"":""yes"",""ticker"":""KXETH15M-26APR281515-15"",""trade_id"":""cc224b00-acc5-5876-c090-723f4f570727"",""yes_price_dollars"":""0.2700""}"
KXETH15M-26APR281515-15,b7abd809-1707-5a0a-f2a0-5bb8456f36fc,1777403230,0.26,2.0,yes,"{""count_fp"":""2.00"",""created_time"":""2026-04-28T19:07:10.652363Z"",""no_price_dollars"":""0.7400"",""taker_side"":""yes"",""ticker"":""KXETH15M-26APR281515-15"",""trade_id"":""b7abd809-1707-5a0a-f2a0-5bb8456f36fc"",""yes_price_dollars"":""0.2600""}"
KXETH15M-26APR281515-15,64e24c10-b553-4c33-54a7-71e2f2f95b90,1777403230,0.25,1.0,no,"{""count_fp"":""1.00"",""created_time"":""2026-04-28T19:07:10.527432Z"",""no_price_dollars"":""0.7500"",""taker_side"":""no"",""ticker"":""KXETH15M-26APR281515-15"",""trade_id"":""64e24c10-b553-4c33-54a7-71e2f2f95b90"",""yes_price_dollars"":""0.2500""}"
KXETH15M-26APR281515-15,73c541fd-ea83-6cfa-1755-8ffe4ec2176a,1777403230,0.25,1.0,no,"{""count_fp"":""1.00"",""created_time"":""2026-04-28T19:07:10.333097Z"",""no_price_dollars"":""0.7500"",""taker_side"":""no"",""ticker"":""KXETH15M-26APR281515-15"",""trade_id"":""73c541fd-ea83-6cfa-1755-8ffe4ec2176a"",""yes_price_dollars"":""0.2500""}"
KXETH15M-26APR281515-15,1421ed80-9897-6b23-40f7-0d4798683a6c,1777403231,0.25,0.39,no,"{""count_fp"":""0.39"",""created_time"":""2026-04-28T19:07:11.507426Z"",""no_price_dollars"":""0.7500"",""taker_side"":""no"",""ticker"":""KXETH15M-26APR281515-15"",""trade_id"":""1421ed80-9897-6b23-40f7-0d4798683a6c"",""yes_price_dollars"":""0.2500""}"
KXETH15M-26APR281515-15,e31b9ec6-b61b-5d8b-c5c1-ddc960a4598c,1777403234,0.28,5.63,no,"{""count_fp"":""5.63"",""created_time"":""2026-04-28T19:07:14.962848Z"",""no_price_dollars"":""0.7200"",""taker_side"":""no"",""ticker"":""KXETH15M-26APR281515-15"",""trade_id"":""e31b9ec6-b61b-5d8b-c5c1-ddc960a4598c"",""yes_price_dollars"":""0.2800""}"
KXETH15M-26APR281515-15,6706b67e-2043-5807-d9af-206be2ad24fa,1777403234,0.28,1.0,no,"{""count_fp"":""1.00"",""created_time"":""2026-04-28T19:07:14.962848Z"",""no_price_dollars"":""0.7200"",""taker_side"":""no"",""ticker"":""KXETH15M-26APR281515-15"",""trade_id"":""6706b67e-2043-5807-d9af-206be2ad24fa"",""yes_price_dollars"":""0.2800""}"
KXETH15M-26APR281515-15,d44c84b1-7c60-6a7a-338b-2823925d26e9,1777403235,0.17,10.0,yes,"{""count_fp"":""10.00"",""created_time"":""2026-04-28T19:07:15.854086Z"",""no_price_dollars"":""0.8300"",""taker_side"":""yes"",""ticker"":""KXETH15M-26APR281515-15"",""trade_id"":""d44c84b1-7c60-6a7a-338b-2823925d26e9"",""yes_price_dollars"":""0.1700""}"
KXETH15M-26APR281515-15,da263e9e-a67c-546e-ce79-fe51fad539c9,1777403235,0.18,1.0,yes,"{""count_fp"":""1.00"",""created_time"":""2026-04-28T19:07:15.612163Z"",""no_price_dollars"":""0.8200"",""taker_side"":""yes"",""ticker"":""KXETH15M-26APR281515-15"",""trade_id"":""da263e9e-a67c-546e-ce79-fe51fad539c9"",""yes_price_dollars"":""0.1800""}"
KXETH15M-26APR281515-15,9ae6b974-9061-559d-c208-a110282cb658,1777403235,0.17,10.0,yes,"{""count_fp"":""10.00"",""created_time"":""2026-04-28T19:07:15.612163Z"",""no_price_dollars"":""0.8300"",""taker_side"":""yes"",""ticker"":""KXETH15M-26APR281515-15"",""trade_id"":""9ae6b974-9061-559d-c208-a110282cb658"",""yes_price_dollars"":""0.1700""}"
KXETH15M-26APR281515-15,7dcaf401-1252-56d8-d107-5290657ae38c,1777403235,0.17,10.0,yes,"{""count_fp"":""10.00"",""created_time"":""2026-04-28T19:07:15.612163Z"",""no_price_dollars"":""0.8300"",""taker_side"":""yes"",""ticker"":""KXETH15M-26APR281515-15"",""trade_id"":""7dcaf401-1252-56d8-d107-5290657ae38c"",""yes_price_dollars"":""0.1700""}"
KXETH15M-26APR281515-15,791edce0-eb64-57f9-6d25-c8a4239f4bfc,1777403235,0.16,10.0,no,"{""count_fp"":""10.00"",""created_time"":""2026-04-28T19:07:15.366778Z"",""no_price_dollars"":""0.8400"",""taker_side"":""no"",""ticker"":""KXETH15M-26APR281515-15"",""trade_id"":""791edce0-eb64-57f9-6d25-c8a4239f4bfc"",""yes_price_dollars"":""0.1600""}"
KXETH15M-26APR281515-15,50ce070a-f6f9-5575-672b-cf31fe72fc1b,1777403235,0.17,10.0,no,"{""count_fp"":""10.00"",""created_time"":""2026-04-28T19:07:15.271052Z"",""no_price_dollars"":""0.8300"",""taker_side"":""no"",""ticker"":""KXETH15M-26APR281515-15"",""trade_id"":""50ce070a-f6f9-5575-672b-cf31fe72fc1b"",""yes_price_dollars"":""0.1700""}"
KXETH15M-26APR281515-15,f9b6e25d-434a-5d34-4fa8-2bdd7d496d24,1777403235,0.21,138.0,no,"{""count_fp"":""138.00"",""created_time"":""2026-04-28T19:07:15.133529Z"",""no_price_dollars"":""0.7900"",""taker_side"":""no"",""ticker"":""KXETH15M-26APR281515-15"",""trade_id"":""f9b6e25d-434a-5d34-4fa8-2bdd7d496d24"",""yes_price_dollars"":""0.2100""}"
KXETH15M-26APR281515-15,ea2d3e7e-0e78-6799-5e0a-def15c861b06,1777403235,0.2,1.0,no,"{""count_fp"":""1.00"",""created_time"":""2026-04-28T19:07:15.117145Z"",""no_price_dollars"":""0.8000"",""taker_side"":""no"",""ticker"":""KXETH15M-26APR281515-15"",""trade_id"":""ea2d3e7e-0e78-6799-5e0a-def15c861b06"",""yes_price_dollars"":""0.2000""}"
KXETH15M-26APR281515-15,5fde60f8-9e18-61da-4aaa-dc9526b0496b,1777403235,0.23,133.0,no,"{""count_fp"":""133.00"",""created_time"":""2026-04-28T19:07:15.117145Z"",""no_price_dollars"":""0.7700"",""taker_side"":""no"",""ticker"":""KXETH15M-26APR281515-15"",""trade_id"":""5fde60f8-9e18-61da-4aaa-dc9526b0496b"",""yes_price_dollars"":""0.2300""}"
KXETH15M-26APR281515-15,55e887a5-143d-67e9-5fd1-8cea064fbe33,1777403235,0.2,20.0,no,"{""count_fp"":""20.00"",""created_time"":""2026-04-28T19:07:15.117145Z"",""no_price_dollars"":""0.8000"",""taker_side"":""no"",""ticker"":""KXETH15M-26APR281515-15"",""trade_id"":""55e887a5-143d-67e9-5fd1-8cea064fbe33"",""yes_price_dollars"":""0.2000""}"
KXETH15M-26APR281515-15,b396cb1d-648b-6813-c726-8f864b7497d6,1777403235,0.25,133.0,no,"{""count_fp"":""133.00"",""created_time"":""2026-04-28T19:07:15.107992Z"",""no_price_dollars"":""0.7500"",""taker_side"":""no"",""ticker"":""KXETH15M-26APR281515-15"",""trade_id"":""b396cb1d-648b-6813-c726-8f864b7497d6"",""yes_price_dollars"":""0.2500""}"
KXETH15M-26APR281515-15,ca8d6559-70a2-6089-451c-49c7b32b478c,1777403235,0.22,100.0,no,"{""count_fp"":""100.00"",""created_time"":""2026-04-28T19:07:15.090434Z"",""no_price_dollars"":""0.7800"",""taker_side"":""no"",""ticker"":""KXETH15M-26APR281515-15"",""trade_id"":""ca8d6559-70a2-6089-451c-49c7b32b478c"",""yes_price_dollars"":""0.2200""}"
KXETH15M-26APR281515-15,58c6d196-76e2-6d25-52e8-d6102608c4de,1777403235,0.23,5.0,no,"{""count_fp"":""5.00"",""created_time"":""2026-04-28T19:07:15.090434Z"",""no_price_dollars"":""0.7700"",""taker_side"":""no"",""ticker"":""KXETH15M-26APR281515-15"",""trade_id"":""58c6d196-76e2-6d25-52e8-d6102608c4de"",""yes_price_dollars"":""0.2300""}"
KXETH15M-26APR281515-15,1491bc12-73f2-630c-4870-fc2057b0a87c,1777403235,0.26,133.0,no,"{""count_fp"":""133.00"",""created_time"":""2026-04-28T19:07:15.090434Z"",""no_price_dollars"":""0.7400"",""taker_side"":""no"",""ticker"":""KXETH15M-26APR281515-15"",""trade_id"":""1491bc12-73f2-630c-4870-fc2057b0a87c"",""yes_price_dollars"":""0.2600""}"
KXETH15M-26APR281515-15,e80dd577-f7ae-629f-574d-82ae64df987f,1777403235,0.24,5.0,no,"{""count_fp"":""5.00"",""created_time"":""2026-04-28T19:07:15.081507Z"",""no_price_dollars"":""0.7600"",""taker_side"":""no"",""ticker"":""KXETH15M-26APR281515-15"",""trade_id"":""e80dd577-f7ae-629f-574d-82ae64df987f"",""yes_price_dollars"":""0.2400""}"
KXETH15M-26APR281515-15,a324207b-27bd-6ef1-63c5-271adf1afeac,1777403235,0.27,10.0,no,"{""count_fp"":""10.00"",""created_time"":""2026-04-28T19:07:15.081507Z"",""no_price_dollars"":""0.7300"",""taker_side"":""no"",""ticker"":""KXETH15M-26APR281515-15"",""trade_id"":""a324207b-27bd-6ef1-63c5-271adf1afeac"",""yes_price_dollars"":""0.2700""}"
KXETH15M-26APR281515-15,5596502f-d754-681f-49c3-a1a21f356e1a,1777403235,0.27,70.0,no,"{""count_fp"":""70.00"",""created_time"":""2026-04-28T19:07:15.081507Z"",""no_price_dollars"":""0.7300"",""taker_side"":""no"",""ticker"":""KXETH15M-26APR281515-15"",""trade_id"":""5596502f-d754-681f-49c3-a1a21f356e1a"",""yes_price_dollars"":""0.2700""}"
KXETH15M-26APR281515-15,4b4d28f0-86bd-6cdc-66d5-b41719c0eaf9,1777403235,0.27,10.0,no,"{""count_fp"":""10.00"",""created_time"":""2026-04-28T19:07:15.081507Z"",""no_price_dollars"":""0.7300"",""taker_side"":""no"",""ticker"":""KXETH15M-26APR281515-15"",""trade_id"":""4b4d28f0-86bd-6cdc-66d5-b41719c0eaf9"",""yes_price_dollars"":""0.2700""}"
KXETH15M-26APR281515-15,47e72513-b46f-67eb-797d-8c448a4236f8,1777403235,0.27,550.62,no,"{""count_fp"":""550.62"",""created_time"":""2026-04-28T19:07:15.081507Z"",""no_price_dollars"":""0.7300"",""taker_side"":""no"",""ticker"":""KXETH15M-26APR281515-15"",""trade_id"":""47e72513-b46f-67eb-797d-8c448a4236f8"",""yes_price_dollars"":""0.2700""}"
KXETH15M-26APR281515-15,5f43724a-1f24-6e4e-a3c0-5d8313609d47,1777403235,0.28,181.09,no,"{""count_fp"":""181.09"",""created_time"":""2026-04-28T19:07:15.072548Z"",""no_price_dollars"":""0.7200"",""taker_side"":""no"",""ticker"":""KXETH15M-26APR281515-15"",""trade_id"":""5f43724a-1f24-6e4e-a3c0-5d8313609d47"",""yes_price_dollars"":""0.2800""}"
KXETH15M-26APR281515-15,d617cec0-ee1b-61a1-bb51-fb2e2567187c,1777403237,0.15,20.0,no,"{""count_fp"":""20.00"",""created_time"":""2026-04-28T19:07:17.561332Z"",""no_price_dollars"":""0.8500"",""taker_side"":""no"",""ticker"":""KXETH15M-26APR281515-15"",""trade_id"":""d617cec0-ee1b-61a1-bb51-fb2e2567187c"",""yes_price_dollars"":""0.1500""}"
KXETH15M-26APR281515-15,a45d3c27-72bd-699b-3ecd-bf14ae535df7,1777403238,0.16,6.8,yes,"{""count_fp"":""6.80"",""created_time"":""2026-04-28T19:07:18.112629Z"",""no_price_dollars"":""0.8400"",""taker_side"":""yes"",""ticker"":""KXETH15M-26APR281515-15"",""trade_id"":""a45d3c27-72bd-699b-3ecd-bf14ae535df7"",""yes_price_dollars"":""0.1600""}"
KXETH15M-26APR281515-15,27eb3ee2-9271-5a25-b6cd-c3b0a0ebc34f,1777403241,0.15,10.0,yes,"{""count_fp"":""10.00"",""created_time"":""2026-04-28T19:07:21.452931Z"",""no_price_dollars"":""0.8500"",""taker_side"":""yes"",""ticker"":""KXETH15M-26APR281515-15"",""trade_id"":""27eb3ee2-9271-5a25-b6cd-c3b0a0ebc34f"",""yes_price_dollars"":""0.1500""}"
KXETH15M-26APR281515-15,da205045-a4ca-674e-ced0-a4b7b2998cbf,1777403243,0.18,24.95,yes,"{""count_fp"":""24.95"",""created_time"":""2026-04-28T19:07:23.618816Z"",""no_price_dollars"":""0.8200"",""taker_side"":""yes"",""ticker"":""KXETH15M-26APR281515-15"",""trade_id"":""da205045-a4ca-674e-ced0-a4b7b2998cbf"",""yes_price_dollars"":""0.1800""}"
KXETH15M-26APR281515-15,c715dfb4-c886-6172-0efd-17ef4b61e16d,1777403246,0.17,50.0,yes,"{""count_fp"":""50.00"",""created_time"":""2026-04-28T19:07:26.899484Z"",""no_price_dollars"":""0.8300"",""taker_side"":""yes"",""ticker"":""KXETH15M-26APR281515-15"",""trade_id"":""c715dfb4-c886-6172-0efd-17ef4b61e16d"",""yes_price_dollars"":""0.1700""}"
KXETH15M-26APR281515-15,b295a9e9-25ec-71a6-e1a8-0541c207fcb1,1777403248,0.14,9.0,no,"{""count_fp"":""9.00"",""created_time"":""2026-04-28T19:07:28.879745Z"",""no_price_dollars"":""0.8600"",""taker_side"":""no"",""ticker"":""KXETH15M-26APR281515-15"",""trade_id"":""b295a9e9-25ec-71a6-e1a8-0541c207fcb1"",""yes_price_dollars"":""0.1400""}"
KXETH15M-26APR281515-15,b261d17e-d833-7832-cfe1-f06bcf8a64c5,1777403248,0.15,1.0,no,"{""count_fp"":""1.00"",""created_time"":""2026-04-28T19:07:28.879745Z"",""no_price_dollars"":""0.8500"",""taker_side"":""no"",""ticker"":""KXETH15M-26APR281515-15"",""trade_id"":""b261d17e-d833-7832-cfe1-f06bcf8a64c5"",""yes_price_dollars"":""0.1500""}"
KXETH15M-26APR281515-15,7e8e1bd5-4b41-69bc-d8f5-e2ece492d736,1777403249,0.17,3.65,yes,"{""count_fp"":""3.65"",""created_time"":""2026-04-28T19:07:29.122643Z"",""no_price_dollars"":""0.8300"",""taker_side"":""yes"",""ticker"":""KXETH15M-26APR281515-15"",""trade_id"":""7e8e1bd5-4b41-69bc-d8f5-e2ece492d736"",""yes_price_dollars"":""0.1700""}"
KXETH15M-26APR281515-15,ff4fcbd6-e65e-6528-cc5d-cbe5ecb86c13,1777403266,0.15,5.0,no,"{""count_fp"":""5.00"",""created_time"":""2026-04-28T19:07:46.394628Z"",""no_price_dollars"":""0.8500"",""taker_side"":""no"",""ticker"":""KXETH15M-26APR281515-15"",""trade_id"":""ff4fcbd6-e65e-6528-cc5d-cbe5ecb86c13"",""yes_price_dollars"":""0.1500""}"
KXETH15M-26APR281515-15,fbe538dd-c7fb-4f9f-54f1-ced181a09317,1777403267,0.14,5.0,no,"{""count_fp"":""5.00"",""created_time"":""2026-04-28T19:07:47.161662Z"",""no_price_dollars"":""0.8600"",""taker_side"":""no"",""ticker"":""KXETH15M-26APR281515-15"",""trade_id"":""fbe538dd-c7fb-4f9f-54f1-ced181a09317"",""yes_price_dollars"":""0.1400""}"
KXETH15M-26APR281515-15,f4ce8c99-36f3-658c-c14a-6a81501d09fb,1777403268,0.11,7.0,no,"{""count_fp"":""7.00"",""created_time"":""2026-04-28T19:07:48.639553Z"",""no_price_dollars"":""0.8900"",""taker_side"":""no"",""ticker"":""KXETH15M-26APR281515-15"",""trade_id"":""f4ce8c99-36f3-658c-c14a-6a81501d09fb"",""yes_price_dollars"":""0.1100""}"
KXETH15M-26APR281515-15,e5985ad7-8afa-6587-c1f4-6237851a959c,1777403268,0.11,1.0,no,"{""count_fp"":""1.00"",""created_time"":""2026-04-28T19:07:48.639553Z"",""no_price_dollars"":""0.8900"",""taker_side"":""no"",""ticker"":""KXETH15M-26APR281515-15"",""trade_id"":""e5985ad7-8afa-6587-c1f4-6237851a959c"",""yes_price_dollars"":""0.1100""}"
KXETH15M-26APR281515-15,d3bbf440-16ce-6abf-cae4-2a975d34f1f1,1777403268,0.11,4.0,no,"{""count_fp"":""4.00"",""created_time"":""2026-04-28T19:07:48.639553Z"",""no_price_dollars"":""0.8900"",""taker_side"":""no"",""ticker"":""KXETH15M-26APR281515-15"",""trade_id"":""d3bbf440-16ce-6abf-cae4-2a975d34f1f1"",""yes_price_dollars"":""0.1100""}"
KXETH15M-26APR281515-15,001163b3-abe1-6ca3-d3b1-701e0514d3e3,1777403268,0.11,154.0,no,"{""count_fp"":""154.00"",""created_time"":""2026-04-28T19:07:48.639553Z"",""no_price_dollars"":""0.8900"",""taker_side"":""no"",""ticker"":""KXETH15M-26APR281515-15"",""trade_id"":""001163b3-abe1-6ca3-d3b1-701e0514d3e3"",""yes_price_dollars"":""0.1100""}"
KXETH15M-26APR281515-15,0ffc691c-f1fa-66d6-c9fc-61a8222b8682,1777403268,0.12,10.0,no,"{""count_fp"":""10.00"",""created_time"":""2026-04-28T19:07:48.093512Z"",""no_price_dollars"":""0.8800"",""taker_side"":""no"",""ticker"":""KXETH15M-26APR281515-15"",""trade_id"":""0ffc691c-f1fa-66d6-c9fc-61a8222b8682"",""yes_price_dollars"":""0.1200""}"
KXETH15M-26APR281515-15,c1b3ecff-4cbd-7070-c9d4-cff1c135b765,1777403269,0.11,29.51,yes,"{""count_fp"":""29.51"",""created_time"":""2026-04-28T19:07:49.953444Z"",""no_price_dollars"":""0.8900"",""taker_side"":""yes"",""ticker"":""KXETH15M-26APR281515-15"",""trade_id"":""c1b3ecff-4cbd-7070-c9d4-cff1c135b765"",""yes_price_dollars"":""0.1100""}"
KXETH15M-26APR281515-15,cf788ded-1d54-7217-3a1a-7add06196f5d,1777403269,0.1,1.0,no,"{""count_fp"":""1.00"",""created_time"":""2026-04-28T19:07:49.723791Z"",""no_price_dollars"":""0.9000"",""taker_side"":""no"",""ticker"":""KXETH15M-26APR281515-15"",""trade_id"":""cf788ded-1d54-7217-3a1a-7add06196f5d"",""yes_price_dollars"":""0.1000""}"
KXETH15M-26APR281515-15,893666de-adee-7934-902f-2ebf16ed1114,1777403270,0.1,1.0,no,"{""count_fp"":""1.00"",""created_time"":""2026-04-28T19:07:50.662917Z"",""no_price_dollars"":""0.9000"",""taker_side"":""no"",""ticker"":""KXETH15M-26APR281515-15"",""trade_id"":""893666de-adee-7934-902f-2ebf16ed1114"",""yes_price_dollars"":""0.1000""}"
KXETH15M-26APR281515-15,5fec4b48-0317-7272-a539-c16e8dad34a1,1777403270,0.1,1.0,no,"{""count_fp"":""1.00"",""created_time"":""2026-04-28T19:07:50.662917Z"",""no_price_dollars"":""0.9000"",""taker_side"":""no"",""ticker"":""KXETH15M-26APR281515-15"",""trade_id"":""5fec4b48-0317-7272-a539-c16e8dad34a1"",""yes_price_dollars"":""0.1000""}"
KXETH15M-26APR281515-15,4a1e3fad-0e60-7d1f-960f-62ffe9551813,1777403270,0.1,2.0,no,"{""count_fp"":""2.00"",""created_time"":""2026-04-28T19:07:50.662917Z"",""no_price_dollars"":""0.9000"",""taker_side"":""no"",""ticker"":""KXETH15M-26APR281515-15"",""trade_id"":""4a1e3fad-0e60-7d1f-960f-62ffe9551813"",""yes_price_dollars"":""0.1000""}"
KXETH15M-26APR281515-15,096e807e-1529-4f10-a901-a82eb9c007fd,1777403270,0.11,10.0,yes,"{""count_fp"":""10.00"",""created_time"":""2026-04-28T19:07:50.615686Z"",""no_price_dollars"":""0.8900"",""taker_side"":""yes"",""ticker"":""KXETH15M-26APR281515-15"",""trade_id"":""096e807e-1529-4f10-a901-a82eb9c007fd"",""yes_price_dollars"":""0.1100""}"
KXETH15M-26APR281515-15,534897a9-b7b8-7605-75f1-1b750d79a865,1777403272,0.1,16.18,yes,"{""count_fp"":""16.18"",""created_time"":""2026-04-28T19:07:52.115228Z"",""no_price_dollars"":""0.9000"",""taker_side"":""yes"",""ticker"":""KXETH15M-26APR281515-15"",""trade_id"":""534897a9-b7b8-7605-75f1-1b750d79a865"",""yes_price_dollars"":""0.1000""}"
KXETH15M-26APR281515-15,52d181ad-f86d-7f86-44cc-e26fa699d961,1777403272,0.1,10.0,yes,"{""count_fp"":""10.00"",""created_time"":""2026-04-28T19:07:52.115228Z"",""no_price_dollars"":""0.9000"",""taker_side"":""yes"",""ticker"":""KXETH15M-26APR281515-15"",""trade_id"":""52d181ad-f86d-7f86-44cc-e26fa699d961"",""yes_price_dollars"":""0.1000""}"
KXETH15M-26APR281515-15,366e92c9-e3bd-7db3-4a51-9492033c34cb,1777403272,0.1,10.0,yes,"{""count_fp"":""10.00"",""created_time"":""2026-04-28T19:07:52.115228Z"",""no_price_dollars"":""0.9000"",""taker_side"":""yes"",""ticker"":""KXETH15M-26APR281515-15"",""trade_id"":""366e92c9-e3bd-7db3-4a51-9492033c34cb"",""yes_price_dollars"":""0.1000""}"
KXETH15M-26APR281515-15,30298e56-6a24-7ade-50de-5454347fefa1,1777403272,0.11,49.39,yes,"{""count_fp"":""49.39"",""created_time"":""2026-04-28T19:07:52.115228Z"",""no_price_dollars"":""0.8900"",""taker_side"":""yes"",""ticker"":""KXETH15M-26APR281515-15"",""trade_id"":""30298e56-6a24-7ade-50de-5454347fefa1"",""yes_price_dollars"":""0.1100""}"
KXETH15M-26APR281515-15,e7afa9ea-c3a0-755f-dd5f-69178e1b91a8,1777403277,0.09,1.0,no,"{""count_fp"":""1.00"",""created_time"":""2026-04-28T19:07:57.082966Z"",""no_price_dollars"":""0.9100"",""taker_side"":""no"",""ticker"":""KXETH15M-26APR281515-15"",""trade_id"":""e7afa9ea-c3a0-755f-dd5f-69178e1b91a8"",""yes_price_dollars"":""0.0900""}"
KXETH15M-26APR281515-15,bee13a22-4bbc-73b8-dbef-4248b5261431,1777403277,0.081,5.86,no,"{""count_fp"":""5.86"",""created_time"":""2026-04-28T19:07:57.082966Z"",""no_price_dollars"":""0.9190"",""taker_side"":""no"",""ticker"":""KXETH15M-26APR281515-15"",""trade_id"":""bee13a22-4bbc-73b8-dbef-4248b5261431"",""yes_price_dollars"":""0.0810""}"
KXETH15M-26APR281515-15,5ec5a441-dd8d-7377-ec77-37b33245e07d,1777403277,0.08,1.0,no,"{""count_fp"":""1.00"",""created_time"":""2026-04-28T19:07:57.082966Z"",""no_price_dollars"":""0.9200"",""taker_side"":""no"",""ticker"":""KXETH15M-26APR281515-15"",""trade_id"":""5ec5a441-dd8d-7377-ec77-37b33245e07d"",""yes_price_dollars"":""0.0800""}"
KXETH15M-26APR281515-15,0a7d04f3-b1e7-7330-cc21-575d2059cc36,1777403277,0.08,0.14,no,"{""count_fp"":""0.14"",""created_time"":""2026-04-28T19:07:57.082966Z"",""no_price_dollars"":""0.9200"",""taker_side"":""no"",""ticker"":""KXETH15M-26APR281515-15"",""trade_id"":""0a7d04f3-b1e7-7330-cc21-575d2059cc36"",""yes_price_dollars"":""0.0800""}"
KXETH15M-26APR281515-15,d163ce67-8a5f-5dc8-c4a8-58aa8fb1b402,1777403278,0.08,0.54,no,"{""count_fp"":""0.54"",""created_time"":""2026-04-28T19:07:58.273055Z"",""no_price_dollars"":""0.9200"",""taker_side"":""no"",""ticker"":""KXETH15M-26APR281515-15"",""trade_id"":""d163ce67-8a5f-5dc8-c4a8-58aa8fb1b402"",""yes_price_dollars"":""0.0800""}"
KXETH15M-26APR281515-15,7ca553be-c5b8-51ae-5745-91749f702585,1777403291,0.07,1.0,no,"{""count_fp"":""1.00"",""created_time"":""2026-04-28T19:08:11.987777Z"",""no_price_dollars"":""0.9300"",""taker_side"":""no"",""ticker"":""KXETH15M-26APR281515-15"",""trade_id"":""7ca553be-c5b8-51ae-5745-91749f702585"",""yes_price_dollars"":""0.0700""}"
KXETH15M-26APR281515-15,4a346678-1395-5b86-6f17-5694d0f04de0,1777403291,0.07,3.0,no,"{""count_fp"":""3.00"",""created_time"":""2026-04-28T19:08:11.987777Z"",""no_price_dollars"":""0.9300"",""taker_side"":""no"",""ticker"":""KXETH15M-26APR281515-15"",""trade_id"":""4a346678-1395-5b86-6f17-5694d0f04de0"",""yes_price_dollars"":""0.0700""}"
KXETH15M-26APR281515-15,333b5c3f-96ab-580d-5cef-a73d6552bb59,1777403291,0.07,22.0,no,"{""count_fp"":""22.00"",""created_time"":""2026-04-28T19:08:11.987777Z"",""no_price_dollars"":""0.9300"",""taker_side"":""no"",""ticker"":""KXETH15M-26APR281515-15"",""trade_id"":""333b5c3f-96ab-580d-5cef-a73d6552bb59"",""yes_price_dollars"":""0.0700""}"
KXETH15M-26APR281515-15,1f90b501-8c73-570c-4d67-bf428e30bb6e,1777403291,0.07,4.0,no,"{""count_fp"":""4.00"",""created_time"":""2026-04-28T19:08:11.987777Z"",""no_price_dollars"":""0.9300"",""taker_side"":""no"",""ticker"":""KXETH15M-26APR281515-15"",""trade_id"":""1f90b501-8c73-570c-4d67-bf428e30bb6e"",""yes_price_dollars"":""0.0700""}"
KXETH15M-26APR281515-15,ec242ea7-15e8-4f46-cb02-f4f945a20845,1777403291,0.088,19.9,yes,"{""count_fp"":""19.90"",""created_time"":""2026-04-28T19:08:11.683909Z"",""no_price_dollars"":""0.9120"",""taker_side"":""yes"",""ticker"":""KXETH15M-26APR281515-15"",""trade_id"":""ec242ea7-15e8-4f46-cb02-f4f945a20845"",""yes_price_dollars"":""0.0880""}"
KXETH15M-26APR281515-15,8ac17608-5c67-645c-cbc8-34720e8add9a,1777403303,0.07,1.07,no,"{""count_fp"":""1.07"",""created_time"":""2026-04-28T19:08:23.782768Z"",""no_price_dollars"":""0.9300"",""taker_side"":""no"",""ticker"":""KXETH15M-26APR281515-15"",""trade_id"":""8ac17608-5c67-645c-cbc8-34720e8add9a"",""yes_price_dollars"":""0.0700""}"
KXETH15M-26APR281515-15,5510ef94-0dcc-791f-8da9-70e6a1fd0a22,1777403303,0.086,10.0,yes,"{""count_fp"":""10.00"",""created_time"":""2026-04-28T19:08:23.091678Z"",""no_price_dollars"":""0.9140"",""taker_side"":""yes"",""ticker"":""KXETH15M-26APR281515-15"",""trade_id"":""5510ef94-0dcc-791f-8da9-70e6a1fd0a22"",""yes_price_dollars"":""0.0860""}"
KXETH15M-26APR281515-15,ae7f7205-0e7f-6c4c-a06b-91d9afd27922,1777403306,0.07,107.0,no,"{""count_fp"":""107.00"",""created_time"":""2026-04-28T19:08:26.614904Z"",""no_price_dollars"":""0.9300"",""taker_side"":""no"",""ticker"":""KXETH15M-26APR281515-15"",""trade_id"":""ae7f7205-0e7f-6c4c-a06b-91d9afd27922"",""yes_price_dollars"":""0.0700""}"
KXETH15M-26APR281515-15,e4aec9d4-c48f-7908-9d5e-d5ebd9907b46,1777403309,0.07,2.14,no,"{""count_fp"":""2.14"",""created_time"":""2026-04-28T19:08:29.954404Z"",""no_price_dollars"":""0.9300"",""taker_side"":""no"",""ticker"":""KXETH15M-26APR281515-15"",""trade_id"":""e4aec9d4-c48f-7908-9d5e-d5ebd9907b46"",""yes_price_dollars"":""0.0700""}"
KXETH15M-26APR281515-15,b1b9a788-734f-7320-9d64-32c25185310e,1777403309,0.07,14.74,no,"{""count_fp"":""14.74"",""created_time"":""2026-04-28T19:08:29.750258Z"",""no_price_dollars"":""0.9300"",""taker_side"":""no"",""ticker"":""KXETH15M-26APR281515-15"",""trade_id"":""b1b9a788-734f-7320-9d64-32c25185310e"",""yes_price_dollars"":""0.0700""}"
KXETH15M-26APR281515-15,03637536-5c1c-7686-6b19-4f69bb2a6e65,1777403312,0.078,10.1,yes,"{""count_fp"":""10.10"",""created_time"":""2026-04-28T19:08:32.850709Z"",""no_price_dollars"":""0.9220"",""taker_side"":""yes"",""ticker"":""KXETH15M-26APR281515-15"",""trade_id"":""03637536-5c1c-7686-6b19-4f69bb2a6e65"",""yes_price_dollars"":""0.0780""}"
KXETH15M-26APR281515-15,e44cc74c-537e-7d2c-98ba-43fb32d74864,1777403315,0.06,1.0,no,"{""count_fp"":""1.00"",""created_time"":""2026-04-28T19:08:35.080736Z"",""no_price_dollars"":""0.9400"",""taker_side"":""no"",""ticker"":""KXETH15M-26APR281515-15"",""trade_id"":""e44cc74c-537e-7d2c-98ba-43fb32d74864"",""yes_price_dollars"":""0.0600""}"
KXETH15M-26APR281515-15,780b798b-4a78-7df6-8291-73673c877036,1777403315,0.06,1.0,no,"{""count_fp"":""1.00"",""created_time"":""2026-04-28T19:08:35.080736Z"",""no_price_dollars"":""0.9400"",""taker_side"":""no"",""ticker"":""KXETH15M-26APR281515-15"",""trade_id"":""780b798b-4a78-7df6-8291-73673c877036"",""yes_price_dollars"":""0.0600""}"
KXETH15M-26APR281515-15,404409c1-7829-7bd2-b56e-c0ac91c3402e,1777403315,0.06,1.0,no,"{""count_fp"":""1.00"",""created_time"":""2026-04-28T19:08:35.080736Z"",""no_price_dollars"":""0.9400"",""taker_side"":""no"",""ticker"":""KXETH15M-26APR281515-15"",""trade_id"":""404409c1-7829-7bd2-b56e-c0ac91c3402e"",""yes_price_dollars"":""0.0600""}"
KXETH15M-26APR281515-15,3af527c4-8af2-7f8f-9f7f-0aeb66895d4d,1777403315,0.06,0.3,no,"{""count_fp"":""0.30"",""created_time"":""2026-04-28T19:08:35.080736Z"",""no_price_dollars"":""0.9400"",""taker_side"":""no"",""ticker"":""KXETH15M-26APR281515-15"",""trade_id"":""3af527c4-8af2-7f8f-9f7f-0aeb66895d4d"",""yes_price_dollars"":""0.0600""}"
KXETH15M-26APR281515-15,cc4914ad-13c6-5863-3b39-037d0f0b72bd,1777403316,0.06,0.7,no,"{""count_fp"":""0.70"",""created_time"":""2026-04-28T19:08:36.568161Z"",""no_price_dollars"":""0.9400"",""taker_side"":""no"",""ticker"":""KXETH15M-26APR281515-15"",""trade_id"":""cc4914ad-13c6-5863-3b39-037d0f0b72bd"",""yes_price_dollars"":""0.0600""}"
KXETH15M-26APR281515-15,ae32cfbf-a3bb-50a6-0beb-d4ffa2960a1e,1777403316,0.051,32.3,no,"{""count_fp"":""32.30"",""created_time"":""2026-04-28T19:08:36.568161Z"",""no_price_dollars"":""0.9490"",""taker_side"":""no"",""ticker"":""KXETH15M-26APR281515-15"",""trade_id"":""ae32cfbf-a3bb-50a6-0beb-d4ffa2960a1e"",""yes_price_dollars"":""0.0510""}"
KXETH15M-26APR281515-15,ea1bc657-beee-79df-eb2a-af0ad9e1aa29,1777403316,0.06,99.0,no,"{""count_fp"":""99.00"",""created_time"":""2026-04-28T19:08:36.422522Z"",""no_price_dollars"":""0.9400"",""taker_side"":""no"",""ticker"":""KXETH15M-26APR281515-15"",""trade_id"":""ea1bc657-beee-79df-eb2a-af0ad9e1aa29"",""yes_price_dollars"":""0.0600""}"
KXETH15M-26APR281515-15,c302ce25-28cc-63a5-7993-a3dee66ee7cb,1777403318,0.057,10.0,yes,"{""count_fp"":""10.00"",""created_time"":""2026-04-28T19:08:38.720956Z"",""no_price_dollars"":""0.9430"",""taker_side"":""yes"",""ticker"":""KXETH15M-26APR281515-15"",""trade_id"":""c302ce25-28cc-63a5-7993-a3dee66ee7cb"",""yes_price_dollars"":""0.0570""}"
KXETH15M-26APR281515-15,894b0651-f1fb-6691-79af-39a8b4506dcc,1777403318,0.057,395.04,yes,"{""count_fp"":""395.04"",""created_time"":""2026-04-28T19:08:38.720956Z"",""no_price_dollars"":""0.9430"",""taker_side"":""yes"",""ticker"":""KXETH15M-26APR281515-15"",""trade_id"":""894b0651-f1fb-6691-79af-39a8b4506dcc"",""yes_price_dollars"":""0.0570""}"
KXETH15M-26APR281515-15,9da0c78e-de41-5812-6917-bbf90b09af4c,1777403320,0.058,60.1,yes,"{""count_fp"":""60.10"",""created_time"":""2026-04-28T19:08:40.511868Z"",""no_price_dollars"":""0.9420"",""taker_side"":""yes"",""ticker"":""KXETH15M-26APR281515-15"",""trade_id"":""9da0c78e-de41-5812-6917-bbf90b09af4c"",""yes_price_dollars"":""0.0580""}"
KXETH15M-26APR281515-15,61d86b51-badb-58da-9fe7-b7342d3ca1e9,1777403321,0.058,70.71,yes,"{""count_fp"":""70.71"",""created_time"":""2026-04-28T19:08:41.560774Z"",""no_price_dollars"":""0.9420"",""taker_side"":""yes"",""ticker"":""KXETH15M-26APR281515-15"",""trade_id"":""61d86b51-badb-58da-9fe7-b7342d3ca1e9"",""yes_price_dollars"":""0.0580""}"
KXETH15M-26APR281515-15,300ac1d0-f0f3-5684-a875-849280c90712,1777403321,0.057,10.0,yes,"{""count_fp"":""10.00"",""created_time"":""2026-04-28T19:08:41.560774Z"",""no_price_dollars"":""0.9430"",""taker_side"":""yes"",""ticker"":""KXETH15M-26APR281515-15"",""trade_id"":""300ac1d0-f0f3-5684-a875-849280c90712"",""yes_price_dollars"":""0.0570""}"
KXETH15M-26APR281515-15,ee451b3c-f9ef-4523-86cd-a59e98d6e0a9,1777403328,0.05,1.0,no,"{""count_fp"":""1.00"",""created_time"":""2026-04-28T19:08:48.055274Z"",""no_price_dollars"":""0.9500"",""taker_side"":""no"",""ticker"":""KXETH15M-26APR281515-15"",""trade_id"":""ee451b3c-f9ef-4523-86cd-a59e98d6e0a9"",""yes_price_dollars"":""0.0500""}"
KXETH15M-26APR281515-15,e4187448-f3cd-48d7-9766-4a3c4c100977,1777403328,0.05,1.0,no,"{""count_fp"":""1.00"",""created_time"":""2026-04-28T19:08:48.055274Z"",""no_price_dollars"":""0.9500"",""taker_side"":""no"",""ticker"":""KXETH15M-26APR281515-15"",""trade_id"":""e4187448-f3cd-48d7-9766-4a3c4c100977"",""yes_price_dollars"":""0.0500""}"
KXETH15M-26APR281515-15,6d06f4ce-cd01-43c8-acdb-c2bb1bd9e045,1777403328,0.05,3.0,no,"{""count_fp"":""3.00"",""created_time"":""2026-04-28T19:08:48.055274Z"",""no_price_dollars"":""0.9500"",""taker_side"":""no"",""ticker"":""KXETH15M-26APR281515-15"",""trade_id"":""6d06f4ce-cd01-43c8-acdb-c2bb1bd9e045"",""yes_price_dollars"":""0.0500""}"
KXETH15M-26APR281515-15,accdfd5d-bb24-4813-c96b-110738cad07a,1777403331,0.05,1.0,yes,"{""count_fp"":""1.00"",""created_time"":""2026-04-28T19:08:51.708868Z"",""no_price_dollars"":""0.9500"",""taker_side"":""yes"",""ticker"":""KXETH15M-26APR281515-15"",""trade_id"":""accdfd5d-bb24-4813-c96b-110738cad07a"",""yes_price_dollars"":""0.0500""}"
KXETH15M-26APR281515-15,8b82429e-71c0-669c-b347-cc2513f3e532,1777403335,0.057,10.0,yes,"{""count_fp"":""10.00"",""created_time"":""2026-04-28T19:08:55.154961Z"",""no_price_dollars"":""0.9430"",""taker_side"":""yes"",""ticker"":""KXETH15M-26APR281515-15"",""trade_id"":""8b82429e-71c0-669c-b347-cc2513f3e532"",""yes_price_dollars"":""0.0570""}"
KXETH15M-26APR281515-15,7586a587-cb57-6462-9707-6d6f7df0d875,1777403335,0.058,22.58,yes,"{""count_fp"":""22.58"",""created_time"":""2026-04-28T19:08:55.154961Z"",""no_price_dollars"":""0.9420"",""taker_side"":""yes"",""ticker"":""KXETH15M-26APR281515-15"",""trade_id"":""7586a587-cb57-6462-9707-6d6f7df0d875"",""yes_price_dollars"":""0.0580""}"
KXETH15M-26APR281515-15,1757af91-f7d0-6a4c-961d-1c2eeb3d9daf,1777403335,0.057,10.0,yes,"{""count_fp"":""10.00"",""created_time"":""2026-04-28T19:08:55.154961Z"",""no_price_dollars"":""0.9430"",""taker_side"":""yes"",""ticker"":""KXETH15M-26APR281515-15"",""trade_id"":""1757af91-f7d0-6a4c-961d-1c2eeb3d9daf"",""yes_price_dollars"":""0.0570""}"
KXETH15M-26APR281515-15,62f55dcc-0eba-645e-9d12-10d7e831885b,1777403342,0.04,1.0,no,"{""count_fp"":""1.00"",""created_time"":""2026-04-28T19:09:02.174021Z"",""no_price_dollars"":""0.9600"",""taker_side"":""no"",""ticker"":""KXETH15M-26APR281515-15"",""trade_id"":""62f55dcc-0eba-645e-9d12-10d7e831885b"",""yes_price_dollars"":""0.0400""}"
KXETH15M-26APR281515-15,f77e9c81-ef07-4972-cb43-b3611888e5a1,1777403345,0.058,7.0,yes,"{""count_fp"":""7.00"",""created_time"":""2026-04-28T19:09:05.333859Z"",""no_price_dollars"":""0.9420"",""taker_side"":""yes"",""ticker"":""KXETH15M-26APR281515-15"",""trade_id"":""f77e9c81-ef07-4972-cb43-b3611888e5a1"",""yes_price_dollars"":""0.0580""}"
KXETH15M-26APR281515-15,2a7a79ba-ede7-48e6-fd9f-e8d36ceda22d,1777403345,0.057,10.0,yes,"{""count_fp"":""10.00"",""created_time"":""2026-04-28T19:09:05.333859Z"",""no_price_dollars"":""0.9430"",""taker_side"":""yes"",""ticker"":""KXETH15M-26APR281515-15"",""trade_id"":""2a7a79ba-ede7-48e6-fd9f-e8d36ceda22d"",""yes_price_dollars"":""0.0570""}"
KXETH15M-26APR281515-15,f5fbea93-c560-61b8-ab81-b4311e9bff3c,1777403351,0.042,0.4,no,"{""count_fp"":""0.40"",""created_time"":""2026-04-28T19:09:11.581335Z"",""no_price_dollars"":""0.9580"",""taker_side"":""no"",""ticker"":""KXETH15M-26APR281515-15"",""trade_id"":""f5fbea93-c560-61b8-ab81-b4311e9bff3c"",""yes_price_dollars"":""0.0420""}"
KXETH15M-26APR281515-15,c38dfa26-b3c7-63fb-a039-85c949768974,1777403351,0.042,10.0,no,"{""count_fp"":""10.00"",""created_time"":""2026-04-28T19:09:11.581335Z"",""no_price_dollars"":""0.9580"",""taker_side"":""no"",""ticker"":""KXETH15M-26APR281515-15"",""trade_id"":""c38dfa26-b3c7-63fb-a039-85c949768974"",""yes_price_dollars"":""0.0420""}"
KXETH15M-26APR281515-15,a9358c0b-06cb-4c64-f041-15d331bf7ce0,1777403360,0.06,1.0,yes,"{""count_fp"":""1.00"",""created_time"":""2026-04-28T19:09:20.399413Z"",""no_price_dollars"":""0.9400"",""taker_side"":""yes"",""ticker"":""KXETH15M-26APR281515-15"",""trade_id"":""a9358c0b-06cb-4c64-f041-15d331bf7ce0"",""yes_price_dollars"":""0.0600""}"
KXETH15M-26APR281515-15,41d64d14-ff7e-4894-cd59-69f717dc7b4e,1777403360,0.06,71.0,yes,"{""count_fp"":""71.00"",""created_time"":""2026-04-28T19:09:20.399413Z"",""no_price_dollars"":""0.9400"",""taker_side"":""yes"",""ticker"":""KXETH15M-26APR281515-15"",""trade_id"":""41d64d14-ff7e-4894-cd59-69f717dc7b4e"",""yes_price_dollars"":""0.0600""}"
KXETH15M-26APR281515-15,f1f612d0-8226-6ce2-bd2a-33a3ac64df00,1777403366,0.061,10.0,no,"{""count_fp"":""10.00"",""created_time"":""2026-04-28T19:09:26.101824Z"",""no_price_dollars"":""0.9390"",""taker_side"":""no"",""ticker"":""KXETH15M-26APR281515-15"",""trade_id"":""f1f612d0-8226-6ce2-bd2a-33a3ac64df00"",""yes_price_dollars"":""0.0610""}"
KXETH15M-26APR281515-15,5418db99-5be3-6298-96b5-62193622328e,1777403366,0.06,5.0,no,"{""count_fp"":""5.00"",""created_time"":""2026-04-28T19:09:26.101824Z"",""no_price_dollars"":""0.9400"",""taker_side"":""no"",""ticker"":""KXETH15M-26APR281515-15"",""trade_id"":""5418db99-5be3-6298-96b5-62193622328e"",""yes_price_dollars"":""0.0600""}"
KXETH15M-26APR281515-15,20300ae8-21f1-5fa3-0add-e8d2b3c0bb9e,1777403381,0.058,13.66,yes,"{""count_fp"":""13.66"",""created_time"":""2026-04-28T19:09:41.089626Z"",""no_price_dollars"":""0.9420"",""taker_side"":""yes"",""ticker"":""KXETH15M-26APR281515-15"",""trade_id"":""20300ae8-21f1-5fa3-0add-e8d2b3c0bb9e"",""yes_price_dollars"":""0.0580""}"
KXETH15M-26APR281515-15,db452521-3eed-7e8f-42ac-2a03a3727322,1777403383,0.058,80.71,yes,"{""count_fp"":""80.71"",""created_time"":""2026-04-28T19:09:43.625114Z"",""no_price_dollars"":""0.9420"",""taker_side"":""yes"",""ticker"":""KXETH15M-26APR281515-15"",""trade_id"":""db452521-3eed-7e8f-42ac-2a03a3727322"",""yes_price_dollars"":""0.0580""}"
KXETH15M-26APR281515-15,ee491d49-1459-58e7-9ec8-8dc2627449ea,1777403386,0.068,1.42,yes,"{""count_fp"":""1.42"",""created_time"":""2026-04-28T19:09:46.855523Z"",""no_price_dollars"":""0.9320"",""taker_side"":""yes"",""ticker"":""KXETH15M-26APR281515-15"",""trade_id"":""ee491d49-1459-58e7-9ec8-8dc2627449ea"",""yes_price_dollars"":""0.0680""}"
KXETH15M-26APR281515-15,55c844a2-f9ea-448d-87da-22e7407384c0,1777403388,0.051,6.29,no,"{""count_fp"":""6.29"",""created_time"":""2026-04-28T19:09:48.553584Z"",""no_price_dollars"":""0.9490"",""taker_side"":""no"",""ticker"":""KXETH15M-26APR281515-15"",""trade_id"":""55c844a2-f9ea-448d-87da-22e7407384c0"",""yes_price_dollars"":""0.0510""}"
KXETH15M-26APR281515-15,5f1fdabf-2ebb-54ee-5cad-07aa05c4c75d,1777403389,0.05,2.0,no,"{""count_fp"":""2.00"",""created_time"":""2026-04-28T19:09:49.353605Z"",""no_price_dollars"":""0.9500"",""taker_side"":""no"",""ticker"":""KXETH15M-26APR281515-15"",""trade_id"":""5f1fdabf-2ebb-54ee-5cad-07aa05c4c75d"",""yes_price_dollars"":""0.0500""}"
KXETH15M-26APR281515-15,79a94f09-6fee-7d8d-71e2-250423549d85,1777403393,0.043,2.0,no,"{""count_fp"":""2.00"",""created_time"":""2026-04-28T19:09:53.305058Z"",""no_price_dollars"":""0.9570"",""taker_side"":""no"",""ticker"":""KXETH15M-26APR281515-15"",""trade_id"":""79a94f09-6fee-7d8d-71e2-250423549d85"",""yes_price_dollars"":""0.0430""}"
KXETH15M-26APR281515-15,718fddac-f7ea-4ab1-d8fe-736a3073fd31,1777403393,0.043,10.0,no,"{""count_fp"":""10.00"",""created_time"":""2026-04-28T19:09:53.256816Z"",""no_price_dollars"":""0.9570"",""taker_side"":""no"",""ticker"":""KXETH15M-26APR281515-15"",""trade_id"":""718fddac-f7ea-4ab1-d8fe-736a3073fd31"",""yes_price_dollars"":""0.0430""}"
KXETH15M-26APR281515-15,31e27053-b8da-79f9-f97d-f9c2a00ebd1e,1777403394,0.041,2.0,no,"{""count_fp"":""2.00"",""created_time"":""2026-04-28T19:09:54.465955Z"",""no_price_dollars"":""0.9590"",""taker_side"":""no"",""ticker"":""KXETH15M-26APR281515-15"",""trade_id"":""31e27053-b8da-79f9-f97d-f9c2a00ebd1e"",""yes_price_dollars"":""0.0410""}"
