ticker,trade_id,ts,yes_price,count,taker_side,raw_json
KXETH15M-26APR272115-15,fc64479a-74b2-5e4c-fbe7-2184bdb985d4,1777338012,0.48,3.92,no,"{""count_fp"":""3.92"",""created_time"":""2026-04-28T01:00:12.270809Z"",""no_price_dollars"":""0.5200"",""taker_side"":""no"",""ticker"":""KXETH15M-26APR272115-15"",""trade_id"":""fc64479a-74b2-5e4c-fbe7-2184bdb985d4"",""yes_price_dollars"":""0.4800""}"
KXETH15M-26APR272115-15,8da23136-c6db-4fcf-450e-d38cb9d935a2,1777338014,0.48,60.0,no,"{""count_fp"":""60.00"",""created_time"":""2026-04-28T01:00:14.890314Z"",""no_price_dollars"":""0.5200"",""taker_side"":""no"",""ticker"":""KXETH15M-26APR272115-15"",""trade_id"":""8da23136-c6db-4fcf-450e-d38cb9d935a2"",""yes_price_dollars"":""0.4800""}"
KXETH15M-26APR272115-15,3db9e0de-9eae-5532-0754-5f8d0be57e9c,1777338015,0.47,43.92,no,"{""count_fp"":""43.92"",""created_time"":""2026-04-28T01:00:15.564075Z"",""no_price_dollars"":""0.5300"",""taker_side"":""no"",""ticker"":""KXETH15M-26APR272115-15"",""trade_id"":""3db9e0de-9eae-5532-0754-5f8d0be57e9c"",""yes_price_dollars"":""0.4700""}"
KXETH15M-26APR272115-15,57f036f3-a0f0-53cc-efd0-1313943d90ed,1777338028,0.43,10.0,no,"{""count_fp"":""10.00"",""created_time"":""2026-04-28T01:00:28.331953Z"",""no_price_dollars"":""0.5700"",""taker_side"":""no"",""ticker"":""KXETH15M-26APR272115-15"",""trade_id"":""57f036f3-a0f0-53cc-efd0-1313943d90ed"",""yes_price_dollars"":""0.4300""}"
KXETH15M-26APR272115-15,9268aa5d-2dee-6d9c-245c-d533da984956,1777338034,0.43,5.1,no,"{""count_fp"":""5.10"",""created_time"":""2026-04-28T01:00:34.116779Z"",""no_price_dollars"":""0.5700"",""taker_side"":""no"",""ticker"":""KXETH15M-26APR272115-15"",""trade_id"":""9268aa5d-2dee-6d9c-245c-d533da984956"",""yes_price_dollars"":""0.4300""}"
KXETH15M-26APR272115-15,b9eb7e86-5c75-4ee6-17a8-c3768c54b45c,1777338039,0.42,2.0,no,"{""count_fp"":""2.00"",""created_time"":""2026-04-28T01:00:39.664528Z"",""no_price_dollars"":""0.5800"",""taker_side"":""no"",""ticker"":""KXETH15M-26APR272115-15"",""trade_id"":""b9eb7e86-5c75-4ee6-17a8-c3768c54b45c"",""yes_price_dollars"":""0.4200""}"
KXETH15M-26APR272115-15,1c2a9bf5-db72-4509-2be5-cc3b16aef766,1777338039,0.42,6.26,no,"{""count_fp"":""6.26"",""created_time"":""2026-04-28T01:00:39.664528Z"",""no_price_dollars"":""0.5800"",""taker_side"":""no"",""ticker"":""KXETH15M-26APR272115-15"",""trade_id"":""1c2a9bf5-db72-4509-2be5-cc3b16aef766"",""yes_price_dollars"":""0.4200""}"
KXETH15M-26APR272115-15,2ec98685-beb7-75c7-7ea9-56709a61b211,1777338044,0.42,0.48,yes,"{""count_fp"":""0.48"",""created_time"":""2026-04-28T01:00:44.671838Z"",""no_price_dollars"":""0.5800"",""taker_side"":""yes"",""ticker"":""KXETH15M-26APR272115-15"",""trade_id"":""2ec98685-beb7-75c7-7ea9-56709a61b211"",""yes_price_dollars"":""0.4200""}"
KXETH15M-26APR272115-15,f052af59-c287-6b0b-57ec-ed3636b1b2a1,1777338045,0.42,4.52,yes,"{""count_fp"":""4.52"",""created_time"":""2026-04-28T01:00:45.927913Z"",""no_price_dollars"":""0.5800"",""taker_side"":""yes"",""ticker"":""KXETH15M-26APR272115-15"",""trade_id"":""f052af59-c287-6b0b-57ec-ed3636b1b2a1"",""yes_price_dollars"":""0.4200""}"
KXETH15M-26APR272115-15,c59f2732-f9fe-4e9e-0a51-26275bb87b6b,1777338047,0.43,75.22,no,"{""count_fp"":""75.22"",""created_time"":""2026-04-28T01:00:47.768907Z"",""no_price_dollars"":""0.5700"",""taker_side"":""no"",""ticker"":""KXETH15M-26APR272115-15"",""trade_id"":""c59f2732-f9fe-4e9e-0a51-26275bb87b6b"",""yes_price_dollars"":""0.4300""}"
KXETH15M-26APR272115-15,639e429e-4ca2-4e66-2d56-0dfe0eb571d7,1777338047,0.43,10.0,no,"{""count_fp"":""10.00"",""created_time"":""2026-04-28T01:00:47.768907Z"",""no_price_dollars"":""0.5700"",""taker_side"":""no"",""ticker"":""KXETH15M-26APR272115-15"",""trade_id"":""639e429e-4ca2-4e66-2d56-0dfe0eb571d7"",""yes_price_dollars"":""0.4300""}"
KXETH15M-26APR272115-15,5b496e92-faf8-4e9b-13ee-624bc4e8d1fa,1777338047,0.43,10.69,no,"{""count_fp"":""10.69"",""created_time"":""2026-04-28T01:00:47.768907Z"",""no_price_dollars"":""0.5700"",""taker_side"":""no"",""ticker"":""KXETH15M-26APR272115-15"",""trade_id"":""5b496e92-faf8-4e9b-13ee-624bc4e8d1fa"",""yes_price_dollars"":""0.4300""}"
KXETH15M-26APR272115-15,44c5ad54-cb22-42b6-0efa-a4f9d928e570,1777338047,0.42,302.71,no,"{""count_fp"":""302.71"",""created_time"":""2026-04-28T01:00:47.768907Z"",""no_price_dollars"":""0.5800"",""taker_side"":""no"",""ticker"":""KXETH15M-26APR272115-15"",""trade_id"":""44c5ad54-cb22-42b6-0efa-a4f9d928e570"",""yes_price_dollars"":""0.4200""}"
KXETH15M-26APR272115-15,6bcd0231-d659-5198-8349-41ec366e7303,1777338047,0.44,1.0,yes,"{""count_fp"":""1.00"",""created_time"":""2026-04-28T01:00:47.699091Z"",""no_price_dollars"":""0.5600"",""taker_side"":""yes"",""ticker"":""KXETH15M-26APR272115-15"",""trade_id"":""6bcd0231-d659-5198-8349-41ec366e7303"",""yes_price_dollars"":""0.4400""}"
KXETH15M-26APR272115-15,60e9b447-109a-7a00-caf6-f0c88b82641e,1777338047,0.41,1.0,no,"{""count_fp"":""1.00"",""created_time"":""2026-04-28T01:00:47.069448Z"",""no_price_dollars"":""0.5900"",""taker_side"":""no"",""ticker"":""KXETH15M-26APR272115-15"",""trade_id"":""60e9b447-109a-7a00-caf6-f0c88b82641e"",""yes_price_dollars"":""0.4100""}"
KXETH15M-26APR272115-15,6f9e7bd0-2a8c-7b4a-3397-a83306eb42df,1777338051,0.4,1.0,no,"{""count_fp"":""1.00"",""created_time"":""2026-04-28T01:00:51.776984Z"",""no_price_dollars"":""0.6000"",""taker_side"":""no"",""ticker"":""KXETH15M-26APR272115-15"",""trade_id"":""6f9e7bd0-2a8c-7b4a-3397-a83306eb42df"",""yes_price_dollars"":""0.4000""}"
KXETH15M-26APR272115-15,d207d453-1cf2-596a-7c28-c8342e0de6a4,1777338055,0.42,8.37,no,"{""count_fp"":""8.37"",""created_time"":""2026-04-28T01:00:55.911651Z"",""no_price_dollars"":""0.5800"",""taker_side"":""no"",""ticker"":""KXETH15M-26APR272115-15"",""trade_id"":""d207d453-1cf2-596a-7c28-c8342e0de6a4"",""yes_price_dollars"":""0.4200""}"
KXETH15M-26APR272115-15,90c89310-cfff-7e10-1202-68a924ff1a0d,1777338055,0.42,1.0,yes,"{""count_fp"":""1.00"",""created_time"":""2026-04-28T01:00:55.117068Z"",""no_price_dollars"":""0.5800"",""taker_side"":""yes"",""ticker"":""KXETH15M-26APR272115-15"",""trade_id"":""90c89310-cfff-7e10-1202-68a924ff1a0d"",""yes_price_dollars"":""0.4200""}"
KXETH15M-26APR272115-15,2669968e-ef3b-6f1b-d4f3-ea2abf6bea88,1777338056,0.43,1.0,yes,"{""count_fp"":""1.00"",""created_time"":""2026-04-28T01:00:56.254481Z"",""no_price_dollars"":""0.5700"",""taker_side"":""yes"",""ticker"":""KXETH15M-26APR272115-15"",""trade_id"":""2669968e-ef3b-6f1b-d4f3-ea2abf6bea88"",""yes_price_dollars"":""0.4300""}"
KXETH15M-26APR272115-15,f343a9d2-5102-4d62-4a1b-264024439c2d,1777338059,0.44,4.18,yes,"{""count_fp"":""4.18"",""created_time"":""2026-04-28T01:00:59.923043Z"",""no_price_dollars"":""0.5600"",""taker_side"":""yes"",""ticker"":""KXETH15M-26APR272115-15"",""trade_id"":""f343a9d2-5102-4d62-4a1b-264024439c2d"",""yes_price_dollars"":""0.4400""}"
KXETH15M-26APR272115-15,a5cd2f5d-e833-575c-a3b1-49dcf6c77eaf,1777338060,0.41,15.0,no,"{""count_fp"":""15.00"",""created_time"":""2026-04-28T01:01:00.999949Z"",""no_price_dollars"":""0.5900"",""taker_side"":""no"",""ticker"":""KXETH15M-26APR272115-15"",""trade_id"":""a5cd2f5d-e833-575c-a3b1-49dcf6c77eaf"",""yes_price_dollars"":""0.4100""}"
KXETH15M-26APR272115-15,a543e02f-6e89-5d81-a91d-8d5c83adf3e5,1777338060,0.41,10.0,no,"{""count_fp"":""10.00"",""created_time"":""2026-04-28T01:01:00.999949Z"",""no_price_dollars"":""0.5900"",""taker_side"":""no"",""ticker"":""KXETH15M-26APR272115-15"",""trade_id"":""a543e02f-6e89-5d81-a91d-8d5c83adf3e5"",""yes_price_dollars"":""0.4100""}"
KXETH15M-26APR272115-15,8d15225b-a63f-4f54-923a-e1cdb265e877,1777338061,0.41,1.0,no,"{""count_fp"":""1.00"",""created_time"":""2026-04-28T01:01:01.024978Z"",""no_price_dollars"":""0.5900"",""taker_side"":""no"",""ticker"":""KXETH15M-26APR272115-15"",""trade_id"":""8d15225b-a63f-4f54-923a-e1cdb265e877"",""yes_price_dollars"":""0.4100""}"
KXETH15M-26APR272115-15,1c995694-1732-77a7-3ea4-c7c6bc6c3b90,1777338063,0.45,2.0,yes,"{""count_fp"":""2.00"",""created_time"":""2026-04-28T01:01:03.338171Z"",""no_price_dollars"":""0.5500"",""taker_side"":""yes"",""ticker"":""KXETH15M-26APR272115-15"",""trade_id"":""1c995694-1732-77a7-3ea4-c7c6bc6c3b90"",""yes_price_dollars"":""0.4500""}"
KXETH15M-26APR272115-15,1a043fe5-8f91-712d-1d61-c17c7a0c5ad9,1777338063,0.48,2.1,yes,"{""count_fp"":""2.10"",""created_time"":""2026-04-28T01:01:03.338171Z"",""no_price_dollars"":""0.5200"",""taker_side"":""yes"",""ticker"":""KXETH15M-26APR272115-15"",""trade_id"":""1a043fe5-8f91-712d-1d61-c17c7a0c5ad9"",""yes_price_dollars"":""0.4800""}"
KXETH15M-26APR272115-15,d0ad8d7f-82b5-4389-1f11-edf309d75951,1777338065,0.48,0.9,yes,"{""count_fp"":""0.90"",""created_time"":""2026-04-28T01:01:05.639571Z"",""no_price_dollars"":""0.5200"",""taker_side"":""yes"",""ticker"":""KXETH15M-26APR272115-15"",""trade_id"":""d0ad8d7f-82b5-4389-1f11-edf309d75951"",""yes_price_dollars"":""0.4800""}"
KXETH15M-26APR272115-15,7ff21957-2ce5-49f4-0308-7d67b3877538,1777338065,0.48,10.0,yes,"{""count_fp"":""10.00"",""created_time"":""2026-04-28T01:01:05.639571Z"",""no_price_dollars"":""0.5200"",""taker_side"":""yes"",""ticker"":""KXETH15M-26APR272115-15"",""trade_id"":""7ff21957-2ce5-49f4-0308-7d67b3877538"",""yes_price_dollars"":""0.4800""}"
KXETH15M-26APR272115-15,7d14c952-e036-4455-0c55-2f225229641a,1777338065,0.48,29.35,yes,"{""count_fp"":""29.35"",""created_time"":""2026-04-28T01:01:05.639571Z"",""no_price_dollars"":""0.5200"",""taker_side"":""yes"",""ticker"":""KXETH15M-26APR272115-15"",""trade_id"":""7d14c952-e036-4455-0c55-2f225229641a"",""yes_price_dollars"":""0.4800""}"
KXETH15M-26APR272115-15,26468548-b2ee-41fe-16c4-ba4e9138cc75,1777338065,0.48,10.0,yes,"{""count_fp"":""10.00"",""created_time"":""2026-04-28T01:01:05.639571Z"",""no_price_dollars"":""0.5200"",""taker_side"":""yes"",""ticker"":""KXETH15M-26APR272115-15"",""trade_id"":""26468548-b2ee-41fe-16c4-ba4e9138cc75"",""yes_price_dollars"":""0.4800""}"
KXETH15M-26APR272115-15,d8dc0a92-4203-648c-a5f5-8c4185777a16,1777338074,0.5,4.0,yes,"{""count_fp"":""4.00"",""created_time"":""2026-04-28T01:01:14.252768Z"",""no_price_dollars"":""0.5000"",""taker_side"":""yes"",""ticker"":""KXETH15M-26APR272115-15"",""trade_id"":""d8dc0a92-4203-648c-a5f5-8c4185777a16"",""yes_price_dollars"":""0.5000""}"
KXETH15M-26APR272115-15,28f0fd50-2094-774e-ff94-16c93a4ed543,1777338081,0.46,5.0,no,"{""count_fp"":""5.00"",""created_time"":""2026-04-28T01:01:21.305826Z"",""no_price_dollars"":""0.5400"",""taker_side"":""no"",""ticker"":""KXETH15M-26APR272115-15"",""trade_id"":""28f0fd50-2094-774e-ff94-16c93a4ed543"",""yes_price_dollars"":""0.4600""}"
KXETH15M-26APR272115-15,6fb9d7e9-ec09-6e2f-a7bb-4835489f2df0,1777338091,0.45,1.0,no,"{""count_fp"":""1.00"",""created_time"":""2026-04-28T01:01:31.714029Z"",""no_price_dollars"":""0.5500"",""taker_side"":""no"",""ticker"":""KXETH15M-26APR272115-15"",""trade_id"":""6fb9d7e9-ec09-6e2f-a7bb-4835489f2df0"",""yes_price_dollars"":""0.4500""}"
KXETH15M-26APR272115-15,dce2ecc5-ae6d-66b7-d498-8749157091e0,1777338092,0.45,2.0,no,"{""count_fp"":""2.00"",""created_time"":""2026-04-28T01:01:32.037438Z"",""no_price_dollars"":""0.5500"",""taker_side"":""no"",""ticker"":""KXETH15M-26APR272115-15"",""trade_id"":""dce2ecc5-ae6d-66b7-d498-8749157091e0"",""yes_price_dollars"":""0.4500""}"
KXETH15M-26APR272115-15,e9b774ff-0384-7417-1092-5b95c3d3d5cc,1777338093,0.49,10.0,yes,"{""count_fp"":""10.00"",""created_time"":""2026-04-28T01:01:33.204705Z"",""no_price_dollars"":""0.5100"",""taker_side"":""yes"",""ticker"":""KXETH15M-26APR272115-15"",""trade_id"":""e9b774ff-0384-7417-1092-5b95c3d3d5cc"",""yes_price_dollars"":""0.4900""}"
KXETH15M-26APR272115-15,4e71043d-9a36-7369-2e43-d5db56997d2e,1777338093,0.49,29.4,yes,"{""count_fp"":""29.40"",""created_time"":""2026-04-28T01:01:33.204705Z"",""no_price_dollars"":""0.5100"",""taker_side"":""yes"",""ticker"":""KXETH15M-26APR272115-15"",""trade_id"":""4e71043d-9a36-7369-2e43-d5db56997d2e"",""yes_price_dollars"":""0.4900""}"
KXETH15M-26APR272115-15,e2126b76-ee40-4891-2927-7c6cfa4e01e0,1777338097,0.49,9.0,no,"{""count_fp"":""9.00"",""created_time"":""2026-04-28T01:01:37.343441Z"",""no_price_dollars"":""0.5100"",""taker_side"":""no"",""ticker"":""KXETH15M-26APR272115-15"",""trade_id"":""e2126b76-ee40-4891-2927-7c6cfa4e01e0"",""yes_price_dollars"":""0.4900""}"
KXETH15M-26APR272115-15,d1d0dacc-549d-566c-811a-ab3555f1aa19,1777338100,0.48,1.0,no,"{""count_fp"":""1.00"",""created_time"":""2026-04-28T01:01:40.731258Z"",""no_price_dollars"":""0.5200"",""taker_side"":""no"",""ticker"":""KXETH15M-26APR272115-15"",""trade_id"":""d1d0dacc-549d-566c-811a-ab3555f1aa19"",""yes_price_dollars"":""0.4800""}"
KXETH15M-26APR272115-15,3aece33e-e3e2-7f85-faf1-b923530a50e6,1777338121,0.46,2.3,yes,"{""count_fp"":""2.30"",""created_time"":""2026-04-28T01:02:01.113132Z"",""no_price_dollars"":""0.5400"",""taker_side"":""yes"",""ticker"":""KXETH15M-26APR272115-15"",""trade_id"":""3aece33e-e3e2-7f85-faf1-b923530a50e6"",""yes_price_dollars"":""0.4600""}"
KXETH15M-26APR272115-15,6d4375c4-17f5-4b6f-bd9a-a80f707b55c4,1777338122,0.45,7.0,no,"{""count_fp"":""7.00"",""created_time"":""2026-04-28T01:02:02.406547Z"",""no_price_dollars"":""0.5500"",""taker_side"":""no"",""ticker"":""KXETH15M-26APR272115-15"",""trade_id"":""6d4375c4-17f5-4b6f-bd9a-a80f707b55c4"",""yes_price_dollars"":""0.4500""}"
KXETH15M-26APR272115-15,ff44b127-40bc-4917-ebd0-2cf2ae766b39,1777338127,0.54,1.0,yes,"{""count_fp"":""1.00"",""created_time"":""2026-04-28T01:02:07.768358Z"",""no_price_dollars"":""0.4600"",""taker_side"":""yes"",""ticker"":""KXETH15M-26APR272115-15"",""trade_id"":""ff44b127-40bc-4917-ebd0-2cf2ae766b39"",""yes_price_dollars"":""0.5400""}"
KXETH15M-26APR272115-15,d9b064db-d6fe-6b62-542f-e9f78fd4756b,1777338127,0.48,2.0,yes,"{""count_fp"":""2.00"",""created_time"":""2026-04-28T01:02:07.357776Z"",""no_price_dollars"":""0.5200"",""taker_side"":""yes"",""ticker"":""KXETH15M-26APR272115-15"",""trade_id"":""d9b064db-d6fe-6b62-542f-e9f78fd4756b"",""yes_price_dollars"":""0.4800""}"
KXETH15M-26APR272115-15,1e5fd36b-c50d-724d-1418-4bb2f01596cb,1777338129,0.49,10.0,no,"{""count_fp"":""10.00"",""created_time"":""2026-04-28T01:02:09.880896Z"",""no_price_dollars"":""0.5100"",""taker_side"":""no"",""ticker"":""KXETH15M-26APR272115-15"",""trade_id"":""1e5fd36b-c50d-724d-1418-4bb2f01596cb"",""yes_price_dollars"":""0.4900""}"
KXETH15M-26APR272115-15,cba537e6-52cc-4ba1-8346-44f36f2bcae3,1777338129,0.52,10.0,no,"{""count_fp"":""10.00"",""created_time"":""2026-04-28T01:02:09.567934Z"",""no_price_dollars"":""0.4800"",""taker_side"":""no"",""ticker"":""KXETH15M-26APR272115-15"",""trade_id"":""cba537e6-52cc-4ba1-8346-44f36f2bcae3"",""yes_price_dollars"":""0.5200""}"
KXETH15M-26APR272115-15,67c49a57-04d1-5854-d557-86f3b4962539,1777338132,0.44,7.32,no,"{""count_fp"":""7.32"",""created_time"":""2026-04-28T01:02:12.220774Z"",""no_price_dollars"":""0.5600"",""taker_side"":""no"",""ticker"":""KXETH15M-26APR272115-15"",""trade_id"":""67c49a57-04d1-5854-d557-86f3b4962539"",""yes_price_dollars"":""0.4400""}"
KXETH15M-26APR272115-15,025ead66-832a-5794-d044-64787072fbce,1777338132,0.44,10.0,no,"{""count_fp"":""10.00"",""created_time"":""2026-04-28T01:02:12.220774Z"",""no_price_dollars"":""0.5600"",""taker_side"":""no"",""ticker"":""KXETH15M-26APR272115-15"",""trade_id"":""025ead66-832a-5794-d044-64787072fbce"",""yes_price_dollars"":""0.4400""}"
KXETH15M-26APR272115-15,b418b08b-3d6e-4c8d-59b9-9290231788fa,1777338134,0.42,40.0,yes,"{""count_fp"":""40.00"",""created_time"":""2026-04-28T01:02:14.932854Z"",""no_price_dollars"":""0.5800"",""taker_side"":""yes"",""ticker"":""KXETH15M-26APR272115-15"",""trade_id"":""b418b08b-3d6e-4c8d-59b9-9290231788fa"",""yes_price_dollars"":""0.4200""}"
KXETH15M-26APR272115-15,4b64a91d-a6c0-6b51-90d9-aa898313be1b,1777338134,0.44,0.68,no,"{""count_fp"":""0.68"",""created_time"":""2026-04-28T01:02:14.536709Z"",""no_price_dollars"":""0.5600"",""taker_side"":""no"",""ticker"":""KXETH15M-26APR272115-15"",""trade_id"":""4b64a91d-a6c0-6b51-90d9-aa898313be1b"",""yes_price_dollars"":""0.4400""}"
KXETH15M-26APR272115-15,15e4ca6f-9315-5578-94cf-8ebda7ef5be5,1777338134,0.44,2.68,no,"{""count_fp"":""2.68"",""created_time"":""2026-04-28T01:02:14.527068Z"",""no_price_dollars"":""0.5600"",""taker_side"":""no"",""ticker"":""KXETH15M-26APR272115-15"",""trade_id"":""15e4ca6f-9315-5578-94cf-8ebda7ef5be5"",""yes_price_dollars"":""0.4400""}"
KXETH15M-26APR272115-15,095294b7-f8d8-5acd-b67c-2aefa5872fa7,1777338134,0.44,9.32,no,"{""count_fp"":""9.32"",""created_time"":""2026-04-28T01:02:14.527068Z"",""no_price_dollars"":""0.5600"",""taker_side"":""no"",""ticker"":""KXETH15M-26APR272115-15"",""trade_id"":""095294b7-f8d8-5acd-b67c-2aefa5872fa7"",""yes_price_dollars"":""0.4400""}"
KXETH15M-26APR272115-15,24a6415f-0196-6475-b5f6-b6553db0e3a2,1777338138,0.41,16.63,yes,"{""count_fp"":""16.63"",""created_time"":""2026-04-28T01:02:18.397788Z"",""no_price_dollars"":""0.5900"",""taker_side"":""yes"",""ticker"":""KXETH15M-26APR272115-15"",""trade_id"":""24a6415f-0196-6475-b5f6-b6553db0e3a2"",""yes_price_dollars"":""0.4100""}"
KXETH15M-26APR272115-15,0d1d3566-12da-6bd5-1f86-d150a76c6c7e,1777338140,0.43,0.23,yes,"{""count_fp"":""0.23"",""created_time"":""2026-04-28T01:02:20.107627Z"",""no_price_dollars"":""0.5700"",""taker_side"":""yes"",""ticker"":""KXETH15M-26APR272115-15"",""trade_id"":""0d1d3566-12da-6bd5-1f86-d150a76c6c7e"",""yes_price_dollars"":""0.4300""}"
KXETH15M-26APR272115-15,0a305556-2c4a-6a65-947a-874ea074e066,1777338141,0.42,228.8,yes,"{""count_fp"":""228.80"",""created_time"":""2026-04-28T01:02:21.061612Z"",""no_price_dollars"":""0.5800"",""taker_side"":""yes"",""ticker"":""KXETH15M-26APR272115-15"",""trade_id"":""0a305556-2c4a-6a65-947a-874ea074e066"",""yes_price_dollars"":""0.4200""}"
KXETH15M-26APR272115-15,99995ef7-fc36-59fa-78f5-08bcfce52474,1777338146,0.4,5.0,no,"{""count_fp"":""5.00"",""created_time"":""2026-04-28T01:02:26.383928Z"",""no_price_dollars"":""0.6000"",""taker_side"":""no"",""ticker"":""KXETH15M-26APR272115-15"",""trade_id"":""99995ef7-fc36-59fa-78f5-08bcfce52474"",""yes_price_dollars"":""0.4000""}"
KXETH15M-26APR272115-15,8c93fbfd-d612-5881-781b-b2ee8f4ef83a,1777338146,0.39,10.0,no,"{""count_fp"":""10.00"",""created_time"":""2026-04-28T01:02:26.383928Z"",""no_price_dollars"":""0.6100"",""taker_side"":""no"",""ticker"":""KXETH15M-26APR272115-15"",""trade_id"":""8c93fbfd-d612-5881-781b-b2ee8f4ef83a"",""yes_price_dollars"":""0.3900""}"
KXETH15M-26APR272115-15,926104ac-9204-4fad-e679-dc6813661398,1777338155,0.36,0.66,no,"{""count_fp"":""0.66"",""created_time"":""2026-04-28T01:02:35.711868Z"",""no_price_dollars"":""0.6400"",""taker_side"":""no"",""ticker"":""KXETH15M-26APR272115-15"",""trade_id"":""926104ac-9204-4fad-e679-dc6813661398"",""yes_price_dollars"":""0.3600""}"
KXETH15M-26APR272115-15,30aee30a-426c-4d88-e452-13e3eb7e5619,1777338155,0.36,10.0,no,"{""count_fp"":""10.00"",""created_time"":""2026-04-28T01:02:35.711868Z"",""no_price_dollars"":""0.6400"",""taker_side"":""no"",""ticker"":""KXETH15M-26APR272115-15"",""trade_id"":""30aee30a-426c-4d88-e452-13e3eb7e5619"",""yes_price_dollars"":""0.3600""}"
KXETH15M-26APR272115-15,2bfc9d0d-faec-66b9-7889-298825d53678,1777338157,0.36,2.0,no,"{""count_fp"":""2.00"",""created_time"":""2026-04-28T01:02:37.335151Z"",""no_price_dollars"":""0.6400"",""taker_side"":""no"",""ticker"":""KXETH15M-26APR272115-15"",""trade_id"":""2bfc9d0d-faec-66b9-7889-298825d53678"",""yes_price_dollars"":""0.3600""}"
KXETH15M-26APR272115-15,5200e245-3c75-467a-689c-1afe4a36ad3f,1777338160,0.35,2.0,no,"{""count_fp"":""2.00"",""created_time"":""2026-04-28T01:02:40.665727Z"",""no_price_dollars"":""0.6500"",""taker_side"":""no"",""ticker"":""KXETH15M-26APR272115-15"",""trade_id"":""5200e245-3c75-467a-689c-1afe4a36ad3f"",""yes_price_dollars"":""0.3500""}"
KXETH15M-26APR272115-15,5aa8666c-de15-7e1e-a760-112636fd8f1f,1777338161,0.35,1.0,no,"{""count_fp"":""1.00"",""created_time"":""2026-04-28T01:02:41.757162Z"",""no_price_dollars"":""0.6500"",""taker_side"":""no"",""ticker"":""KXETH15M-26APR272115-15"",""trade_id"":""5aa8666c-de15-7e1e-a760-112636fd8f1f"",""yes_price_dollars"":""0.3500""}"
KXETH15M-26APR272115-15,bfd14f0a-3da6-6ed5-ecbc-2e9c8c8a73fe,1777338167,0.36,0.53,yes,"{""count_fp"":""0.53"",""created_time"":""2026-04-28T01:02:47.792258Z"",""no_price_dollars"":""0.6400"",""taker_side"":""yes"",""ticker"":""KXETH15M-26APR272115-15"",""trade_id"":""bfd14f0a-3da6-6ed5-ecbc-2e9c8c8a73fe"",""yes_price_dollars"":""0.3600""}"
KXETH15M-26APR272115-15,a99f3428-0c80-58c9-e5a9-bef8cc621768,1777338170,0.32,10.0,no,"{""count_fp"":""10.00"",""created_time"":""2026-04-28T01:02:50.457731Z"",""no_price_dollars"":""0.6800"",""taker_side"":""no"",""ticker"":""KXETH15M-26APR272115-15"",""trade_id"":""a99f3428-0c80-58c9-e5a9-bef8cc621768"",""yes_price_dollars"":""0.3200""}"
KXETH15M-26APR272115-15,a250480f-ee00-5c9d-ea72-8f366abfe3db,1777338170,0.31,25.25,no,"{""count_fp"":""25.25"",""created_time"":""2026-04-28T01:02:50.457731Z"",""no_price_dollars"":""0.6900"",""taker_side"":""no"",""ticker"":""KXETH15M-26APR272115-15"",""trade_id"":""a250480f-ee00-5c9d-ea72-8f366abfe3db"",""yes_price_dollars"":""0.3100""}"
KXETH15M-26APR272115-15,0d1fa941-aeb4-7355-0e0a-a94ff88b9e58,1777338175,0.35,0.27,yes,"{""count_fp"":""0.27"",""created_time"":""2026-04-28T01:02:55.684789Z"",""no_price_dollars"":""0.6500"",""taker_side"":""yes"",""ticker"":""KXETH15M-26APR272115-15"",""trade_id"":""0d1fa941-aeb4-7355-0e0a-a94ff88b9e58"",""yes_price_dollars"":""0.3500""}"
KXETH15M-26APR272115-15,e48fc896-0abc-5a18-adcc-457cbedf5cf5,1777338175,0.32,1.27,yes,"{""count_fp"":""1.27"",""created_time"":""2026-04-28T01:02:55.678707Z"",""no_price_dollars"":""0.6800"",""taker_side"":""yes"",""ticker"":""KXETH15M-26APR272115-15"",""trade_id"":""e48fc896-0abc-5a18-adcc-457cbedf5cf5"",""yes_price_dollars"":""0.3200""}"
KXETH15M-26APR272115-15,c11c0d2e-7840-5745-b34d-f41123b28d0c,1777338175,0.35,1.73,yes,"{""count_fp"":""1.73"",""created_time"":""2026-04-28T01:02:55.678707Z"",""no_price_dollars"":""0.6500"",""taker_side"":""yes"",""ticker"":""KXETH15M-26APR272115-15"",""trade_id"":""c11c0d2e-7840-5745-b34d-f41123b28d0c"",""yes_price_dollars"":""0.3500""}"
KXETH15M-26APR272115-15,28dddd51-70bf-5c75-91dc-e26abf436c9a,1777338175,0.35,4.0,yes,"{""count_fp"":""4.00"",""created_time"":""2026-04-28T01:02:55.678707Z"",""no_price_dollars"":""0.6500"",""taker_side"":""yes"",""ticker"":""KXETH15M-26APR272115-15"",""trade_id"":""28dddd51-70bf-5c75-91dc-e26abf436c9a"",""yes_price_dollars"":""0.3500""}"
KXETH15M-26APR272115-15,c9d1e811-57bc-69f0-5c62-4b0872d445a5,1777338175,0.32,0.73,yes,"{""count_fp"":""0.73"",""created_time"":""2026-04-28T01:02:55.371909Z"",""no_price_dollars"":""0.6800"",""taker_side"":""yes"",""ticker"":""KXETH15M-26APR272115-15"",""trade_id"":""c9d1e811-57bc-69f0-5c62-4b0872d445a5"",""yes_price_dollars"":""0.3200""}"
KXETH15M-26APR272115-15,bf1597f3-b6ae-64bf-652d-89e96a0a403f,1777338175,0.32,2.0,yes,"{""count_fp"":""2.00"",""created_time"":""2026-04-28T01:02:55.371909Z"",""no_price_dollars"":""0.6800"",""taker_side"":""yes"",""ticker"":""KXETH15M-26APR272115-15"",""trade_id"":""bf1597f3-b6ae-64bf-652d-89e96a0a403f"",""yes_price_dollars"":""0.3200""}"
KXETH15M-26APR272115-15,c1550f9e-8394-6807-21e2-695d49af9c3f,1777338177,0.37,2.0,no,"{""count_fp"":""2.00"",""created_time"":""2026-04-28T01:02:57.765187Z"",""no_price_dollars"":""0.6300"",""taker_side"":""no"",""ticker"":""KXETH15M-26APR272115-15"",""trade_id"":""c1550f9e-8394-6807-21e2-695d49af9c3f"",""yes_price_dollars"":""0.3700""}"
KXETH15M-26APR272115-15,ad6bc122-6d02-514a-f6d4-8939999cc268,1777338182,0.45,15.0,yes,"{""count_fp"":""15.00"",""created_time"":""2026-04-28T01:03:02.062841Z"",""no_price_dollars"":""0.5500"",""taker_side"":""yes"",""ticker"":""KXETH15M-26APR272115-15"",""trade_id"":""ad6bc122-6d02-514a-f6d4-8939999cc268"",""yes_price_dollars"":""0.4500""}"
KXETH15M-26APR272115-15,60f0d269-de28-5945-d3fd-79ce9b2eb268,1777338182,0.45,5.0,yes,"{""count_fp"":""5.00"",""created_time"":""2026-04-28T01:03:02.062841Z"",""no_price_dollars"":""0.5500"",""taker_side"":""yes"",""ticker"":""KXETH15M-26APR272115-15"",""trade_id"":""60f0d269-de28-5945-d3fd-79ce9b2eb268"",""yes_price_dollars"":""0.4500""}"
KXETH15M-26APR272115-15,2cd4e6d2-8965-5f4f-f535-029918ebc37d,1777338182,0.39,2.0,yes,"{""count_fp"":""2.00"",""created_time"":""2026-04-28T01:03:02.062841Z"",""no_price_dollars"":""0.6100"",""taker_side"":""yes"",""ticker"":""KXETH15M-26APR272115-15"",""trade_id"":""2cd4e6d2-8965-5f4f-f535-029918ebc37d"",""yes_price_dollars"":""0.3900""}"
KXETH15M-26APR272115-15,2b3fc6bb-4bef-54b3-ee5b-98337a52da72,1777338182,0.44,10.0,yes,"{""count_fp"":""10.00"",""created_time"":""2026-04-28T01:03:02.062841Z"",""no_price_dollars"":""0.5600"",""taker_side"":""yes"",""ticker"":""KXETH15M-26APR272115-15"",""trade_id"":""2b3fc6bb-4bef-54b3-ee5b-98337a52da72"",""yes_price_dollars"":""0.4400""}"
KXETH15M-26APR272115-15,12cf8b51-1602-5fc6-e141-aeba7e297d59,1777338182,0.48,8.03,yes,"{""count_fp"":""8.03"",""created_time"":""2026-04-28T01:03:02.062841Z"",""no_price_dollars"":""0.5200"",""taker_side"":""yes"",""ticker"":""KXETH15M-26APR272115-15"",""trade_id"":""12cf8b51-1602-5fc6-e141-aeba7e297d59"",""yes_price_dollars"":""0.4800""}"
KXETH15M-26APR272115-15,06f075df-0610-5eb2-d836-0643ac29a961,1777338182,0.38,1.0,yes,"{""count_fp"":""1.00"",""created_time"":""2026-04-28T01:03:02.062841Z"",""no_price_dollars"":""0.6200"",""taker_side"":""yes"",""ticker"":""KXETH15M-26APR272115-15"",""trade_id"":""06f075df-0610-5eb2-d836-0643ac29a961"",""yes_price_dollars"":""0.3800""}"
KXETH15M-26APR272115-15,72cf329a-d1da-6059-7481-d0e5f1f11126,1777338184,0.51,11.0,yes,"{""count_fp"":""11.00"",""created_time"":""2026-04-28T01:03:04.945047Z"",""no_price_dollars"":""0.4900"",""taker_side"":""yes"",""ticker"":""KXETH15M-26APR272115-15"",""trade_id"":""72cf329a-d1da-6059-7481-d0e5f1f11126"",""yes_price_dollars"":""0.5100""}"
KXETH15M-26APR272115-15,7290d44f-a800-7d75-4ddd-1efc4b36bc76,1777338184,0.49,1.0,yes,"{""count_fp"":""1.00"",""created_time"":""2026-04-28T01:03:04.929807Z"",""no_price_dollars"":""0.5100"",""taker_side"":""yes"",""ticker"":""KXETH15M-26APR272115-15"",""trade_id"":""7290d44f-a800-7d75-4ddd-1efc4b36bc76"",""yes_price_dollars"":""0.4900""}"
KXETH15M-26APR272115-15,51cd7bdf-aa4b-7af1-4c18-2f8bf110ea8c,1777338184,0.5,10.0,yes,"{""count_fp"":""10.00"",""created_time"":""2026-04-28T01:03:04.929807Z"",""no_price_dollars"":""0.5000"",""taker_side"":""yes"",""ticker"":""KXETH15M-26APR272115-15"",""trade_id"":""51cd7bdf-aa4b-7af1-4c18-2f8bf110ea8c"",""yes_price_dollars"":""0.5000""}"
KXETH15M-26APR272115-15,cb717c94-c732-70a6-8970-2ab1953a5859,1777338184,0.48,10.0,yes,"{""count_fp"":""10.00"",""created_time"":""2026-04-28T01:03:04.771638Z"",""no_price_dollars"":""0.5200"",""taker_side"":""yes"",""ticker"":""KXETH15M-26APR272115-15"",""trade_id"":""cb717c94-c732-70a6-8970-2ab1953a5859"",""yes_price_dollars"":""0.4800""}"
KXETH15M-26APR272115-15,096629c7-cc2c-7553-972d-ff057ad090a7,1777338184,0.48,10.0,yes,"{""count_fp"":""10.00"",""created_time"":""2026-04-28T01:03:04.771638Z"",""no_price_dollars"":""0.5200"",""taker_side"":""yes"",""ticker"":""KXETH15M-26APR272115-15"",""trade_id"":""096629c7-cc2c-7553-972d-ff057ad090a7"",""yes_price_dollars"":""0.4800""}"
KXETH15M-26APR272115-15,6a0788dc-013a-55e6-6e47-4ada74983e28,1777338185,0.51,24.0,no,"{""count_fp"":""24.00"",""created_time"":""2026-04-28T01:03:05.113183Z"",""no_price_dollars"":""0.4900"",""taker_side"":""no"",""ticker"":""KXETH15M-26APR272115-15"",""trade_id"":""6a0788dc-013a-55e6-6e47-4ada74983e28"",""yes_price_dollars"":""0.5100""}"
KXETH15M-26APR272115-15,94dcbf0d-dfd6-5046-d1d9-42fed0a71108,1777338193,0.51,2.0,no,"{""count_fp"":""2.00"",""created_time"":""2026-04-28T01:03:13.876889Z"",""no_price_dollars"":""0.4900"",""taker_side"":""no"",""ticker"":""KXETH15M-26APR272115-15"",""trade_id"":""94dcbf0d-dfd6-5046-d1d9-42fed0a71108"",""yes_price_dollars"":""0.5100""}"
KXETH15M-26APR272115-15,d9633d83-6136-5746-9ce4-35fff095bf70,1777338193,0.51,0.53,no,"{""count_fp"":""0.53"",""created_time"":""2026-04-28T01:03:13.671877Z"",""no_price_dollars"":""0.4900"",""taker_side"":""no"",""ticker"":""KXETH15M-26APR272115-15"",""trade_id"":""d9633d83-6136-5746-9ce4-35fff095bf70"",""yes_price_dollars"":""0.5100""}"
KXETH15M-26APR272115-15,31def621-fe52-7b34-8511-c6440d82e088,1777338198,0.53,1.0,yes,"{""count_fp"":""1.00"",""created_time"":""2026-04-28T01:03:18.714653Z"",""no_price_dollars"":""0.4700"",""taker_side"":""yes"",""ticker"":""KXETH15M-26APR272115-15"",""trade_id"":""31def621-fe52-7b34-8511-c6440d82e088"",""yes_price_dollars"":""0.5300""}"
KXETH15M-26APR272115-15,ba61eff1-7ba7-6369-9d16-b0d20be2f0f3,1777338198,0.5,1.0,no,"{""count_fp"":""1.00"",""created_time"":""2026-04-28T01:03:18.252277Z"",""no_price_dollars"":""0.5000"",""taker_side"":""no"",""ticker"":""KXETH15M-26APR272115-15"",""trade_id"":""ba61eff1-7ba7-6369-9d16-b0d20be2f0f3"",""yes_price_dollars"":""0.5000""}"
KXETH15M-26APR272115-15,d81c3d6b-3feb-4661-5d59-a4bc283aeda3,1777338198,0.5,2.0,no,"{""count_fp"":""2.00"",""created_time"":""2026-04-28T01:03:18.217447Z"",""no_price_dollars"":""0.5000"",""taker_side"":""no"",""ticker"":""KXETH15M-26APR272115-15"",""trade_id"":""d81c3d6b-3feb-4661-5d59-a4bc283aeda3"",""yes_price_dollars"":""0.5000""}"
KXETH15M-26APR272115-15,964b0122-76e7-6364-aaa3-208c7f1a0770,1777338199,0.49,11.31,no,"{""count_fp"":""11.31"",""created_time"":""2026-04-28T01:03:19.617475Z"",""no_price_dollars"":""0.5100"",""taker_side"":""no"",""ticker"":""KXETH15M-26APR272115-15"",""trade_id"":""964b0122-76e7-6364-aaa3-208c7f1a0770"",""yes_price_dollars"":""0.4900""}"
KXETH15M-26APR272115-15,187c2c34-8b6a-6b7f-cd0b-c259e54ecd80,1777338201,0.49,4.0,no,"{""count_fp"":""4.00"",""created_time"":""2026-04-28T01:03:21.167894Z"",""no_price_dollars"":""0.5100"",""taker_side"":""no"",""ticker"":""KXETH15M-26APR272115-15"",""trade_id"":""187c2c34-8b6a-6b7f-cd0b-c259e54ecd80"",""yes_price_dollars"":""0.4900""}"
KXETH15M-26APR272115-15,5ad31815-b5c9-4f28-2b16-c84dbbab761f,1777338202,0.52,0.36,yes,"{""count_fp"":""0.36"",""created_time"":""2026-04-28T01:03:22.218775Z"",""no_price_dollars"":""0.4800"",""taker_side"":""yes"",""ticker"":""KXETH15M-26APR272115-15"",""trade_id"":""5ad31815-b5c9-4f28-2b16-c84dbbab761f"",""yes_price_dollars"":""0.5200""}"
KXETH15M-26APR272115-15,1b75aa90-9cc6-7dc9-2a05-b23028565cb7,1777338203,0.49,2.0,yes,"{""count_fp"":""2.00"",""created_time"":""2026-04-28T01:03:23.235328Z"",""no_price_dollars"":""0.5100"",""taker_side"":""yes"",""ticker"":""KXETH15M-26APR272115-15"",""trade_id"":""1b75aa90-9cc6-7dc9-2a05-b23028565cb7"",""yes_price_dollars"":""0.4900""}"
KXETH15M-26APR272115-15,8ad118e3-32fe-4191-ac9a-8631e3972012,1777338205,0.51,71.68,yes,"{""count_fp"":""71.68"",""created_time"":""2026-04-28T01:03:25.843594Z"",""no_price_dollars"":""0.4900"",""taker_side"":""yes"",""ticker"":""KXETH15M-26APR272115-15"",""trade_id"":""8ad118e3-32fe-4191-ac9a-8631e3972012"",""yes_price_dollars"":""0.5100""}"
KXETH15M-26APR272115-15,81542f4a-b226-4231-bd7a-34f35aae77f2,1777338205,0.51,19.65,yes,"{""count_fp"":""19.65"",""created_time"":""2026-04-28T01:03:25.843594Z"",""no_price_dollars"":""0.4900"",""taker_side"":""yes"",""ticker"":""KXETH15M-26APR272115-15"",""trade_id"":""81542f4a-b226-4231-bd7a-34f35aae77f2"",""yes_price_dollars"":""0.5100""}"
KXETH15M-26APR272115-15,422d6afd-50d7-7e44-83db-063770076728,1777338212,0.48,16.44,no,"{""count_fp"":""16.44"",""created_time"":""2026-04-28T01:03:32.945603Z"",""no_price_dollars"":""0.5200"",""taker_side"":""no"",""ticker"":""KXETH15M-26APR272115-15"",""trade_id"":""422d6afd-50d7-7e44-83db-063770076728"",""yes_price_dollars"":""0.4800""}"
KXETH15M-26APR272115-15,2854091f-cdcc-73b0-00e8-24babb0fe1f5,1777338212,0.49,10.0,yes,"{""count_fp"":""10.00"",""created_time"":""2026-04-28T01:03:32.674307Z"",""no_price_dollars"":""0.5100"",""taker_side"":""yes"",""ticker"":""KXETH15M-26APR272115-15"",""trade_id"":""2854091f-cdcc-73b0-00e8-24babb0fe1f5"",""yes_price_dollars"":""0.4900""}"
KXETH15M-26APR272115-15,5a5266ad-5c47-5040-1b88-cd9b95f80104,1777338215,0.51,13.52,no,"{""count_fp"":""13.52"",""created_time"":""2026-04-28T01:03:35.817513Z"",""no_price_dollars"":""0.4900"",""taker_side"":""no"",""ticker"":""KXETH15M-26APR272115-15"",""trade_id"":""5a5266ad-5c47-5040-1b88-cd9b95f80104"",""yes_price_dollars"":""0.5100""}"
KXETH15M-26APR272115-15,4bee5e05-0a9b-4508-e0a2-8f135a83bc70,1777338216,0.54,2.0,no,"{""count_fp"":""2.00"",""created_time"":""2026-04-28T01:03:36.455643Z"",""no_price_dollars"":""0.4600"",""taker_side"":""no"",""ticker"":""KXETH15M-26APR272115-15"",""trade_id"":""4bee5e05-0a9b-4508-e0a2-8f135a83bc70"",""yes_price_dollars"":""0.5400""}"
KXETH15M-26APR272115-15,de570054-ea0e-51d4-3b14-5ca938f5b3b7,1777338219,0.56,3.0,yes,"{""count_fp"":""3.00"",""created_time"":""2026-04-28T01:03:39.775215Z"",""no_price_dollars"":""0.4400"",""taker_side"":""yes"",""ticker"":""KXETH15M-26APR272115-15"",""trade_id"":""de570054-ea0e-51d4-3b14-5ca938f5b3b7"",""yes_price_dollars"":""0.5600""}"
KXETH15M-26APR272115-15,0d46b795-b67c-6592-d791-709f797fe0ea,1777338223,0.54,1.0,no,"{""count_fp"":""1.00"",""created_time"":""2026-04-28T01:03:43.153287Z"",""no_price_dollars"":""0.4600"",""taker_side"":""no"",""ticker"":""KXETH15M-26APR272115-15"",""trade_id"":""0d46b795-b67c-6592-d791-709f797fe0ea"",""yes_price_dollars"":""0.5400""}"
KXETH15M-26APR272115-15,9c1b9e42-f38b-5496-5253-28df4af634a8,1777338224,0.5,1.93,no,"{""count_fp"":""1.93"",""created_time"":""2026-04-28T01:03:44.655628Z"",""no_price_dollars"":""0.5000"",""taker_side"":""no"",""ticker"":""KXETH15M-26APR272115-15"",""trade_id"":""9c1b9e42-f38b-5496-5253-28df4af634a8"",""yes_price_dollars"":""0.5000""}"
KXETH15M-26APR272115-15,ff04ce39-69a3-72b4-3929-ef60c4a21388,1777338227,0.48,1.0,no,"{""count_fp"":""1.00"",""created_time"":""2026-04-28T01:03:47.879017Z"",""no_price_dollars"":""0.5200"",""taker_side"":""no"",""ticker"":""KXETH15M-26APR272115-15"",""trade_id"":""ff04ce39-69a3-72b4-3929-ef60c4a21388"",""yes_price_dollars"":""0.4800""}"
KXETH15M-26APR272115-15,04440404-6e6f-6d24-5012-ae77fe126020,1777338231,0.51,5.58,no,"{""count_fp"":""5.58"",""created_time"":""2026-04-28T01:03:51.343855Z"",""no_price_dollars"":""0.4900"",""taker_side"":""no"",""ticker"":""KXETH15M-26APR272115-15"",""trade_id"":""04440404-6e6f-6d24-5012-ae77fe126020"",""yes_price_dollars"":""0.5100""}"
KXETH15M-26APR272115-15,01c3a28f-3641-4019-f871-6d1236fe6cb0,1777338232,0.54,10.0,yes,"{""count_fp"":""10.00"",""created_time"":""2026-04-28T01:03:52.894894Z"",""no_price_dollars"":""0.4600"",""taker_side"":""yes"",""ticker"":""KXETH15M-26APR272115-15"",""trade_id"":""01c3a28f-3641-4019-f871-6d1236fe6cb0"",""yes_price_dollars"":""0.5400""}"
KXETH15M-26APR272115-15,2b6f4f23-f51b-5244-c95a-f480771ea894,1777338232,0.52,3.0,no,"{""count_fp"":""3.00"",""created_time"":""2026-04-28T01:03:52.030305Z"",""no_price_dollars"":""0.4800"",""taker_side"":""no"",""ticker"":""KXETH15M-26APR272115-15"",""trade_id"":""2b6f4f23-f51b-5244-c95a-f480771ea894"",""yes_price_dollars"":""0.5200""}"
KXETH15M-26APR272115-15,d71681ac-ae91-702a-1583-edf7683e07f8,1777338240,0.54,5.38,yes,"{""count_fp"":""5.38"",""created_time"":""2026-04-28T01:04:00.421169Z"",""no_price_dollars"":""0.4600"",""taker_side"":""yes"",""ticker"":""KXETH15M-26APR272115-15"",""trade_id"":""d71681ac-ae91-702a-1583-edf7683e07f8"",""yes_price_dollars"":""0.5400""}"
KXETH15M-26APR272115-15,73e8614e-b5de-4a5a-e081-241aa3b6a58c,1777338240,0.51,4.0,no,"{""count_fp"":""4.00"",""created_time"":""2026-04-28T01:04:00.061065Z"",""no_price_dollars"":""0.4900"",""taker_side"":""no"",""ticker"":""KXETH15M-26APR272115-15"",""trade_id"":""73e8614e-b5de-4a5a-e081-241aa3b6a58c"",""yes_price_dollars"":""0.5100""}"
KXETH15M-26APR272115-15,682c7b9f-21f9-4657-fcd0-c4a2aaaaf41e,1777338240,0.51,10.0,no,"{""count_fp"":""10.00"",""created_time"":""2026-04-28T01:04:00.061065Z"",""no_price_dollars"":""0.4900"",""taker_side"":""no"",""ticker"":""KXETH15M-26APR272115-15"",""trade_id"":""682c7b9f-21f9-4657-fcd0-c4a2aaaaf41e"",""yes_price_dollars"":""0.5100""}"
KXETH15M-26APR272115-15,0ed3119d-3289-4bdb-edbb-5a39e1899329,1777338240,0.51,6.0,no,"{""count_fp"":""6.00"",""created_time"":""2026-04-28T01:04:00.061065Z"",""no_price_dollars"":""0.4900"",""taker_side"":""no"",""ticker"":""KXETH15M-26APR272115-15"",""trade_id"":""0ed3119d-3289-4bdb-edbb-5a39e1899329"",""yes_price_dollars"":""0.5100""}"
KXETH15M-26APR272115-15,4524061c-4db1-4c51-df2a-d55799b7ab9a,1777338240,0.54,5.0,yes,"{""count_fp"":""5.00"",""created_time"":""2026-04-28T01:04:00.022455Z"",""no_price_dollars"":""0.4600"",""taker_side"":""yes"",""ticker"":""KXETH15M-26APR272115-15"",""trade_id"":""4524061c-4db1-4c51-df2a-d55799b7ab9a"",""yes_price_dollars"":""0.5400""}"
KXETH15M-26APR272115-15,12f86460-275b-6640-cd42-9fcf2a59cce8,1777338245,0.52,2.0,no,"{""count_fp"":""2.00"",""created_time"":""2026-04-28T01:04:05.997519Z"",""no_price_dollars"":""0.4800"",""taker_side"":""no"",""ticker"":""KXETH15M-26APR272115-15"",""trade_id"":""12f86460-275b-6640-cd42-9fcf2a59cce8"",""yes_price_dollars"":""0.5200""}"
KXETH15M-26APR272115-15,71c1c0a1-ae5b-6ddc-dcc9-a976a00ebd40,1777338247,0.52,10.05,no,"{""count_fp"":""10.05"",""created_time"":""2026-04-28T01:04:07.276831Z"",""no_price_dollars"":""0.4800"",""taker_side"":""no"",""ticker"":""KXETH15M-26APR272115-15"",""trade_id"":""71c1c0a1-ae5b-6ddc-dcc9-a976a00ebd40"",""yes_price_dollars"":""0.5200""}"
KXETH15M-26APR272115-15,cca05af1-a064-7173-1ac2-bf2fee0f6887,1777338249,0.54,1.76,yes,"{""count_fp"":""1.76"",""created_time"":""2026-04-28T01:04:09.236893Z"",""no_price_dollars"":""0.4600"",""taker_side"":""yes"",""ticker"":""KXETH15M-26APR272115-15"",""trade_id"":""cca05af1-a064-7173-1ac2-bf2fee0f6887"",""yes_price_dollars"":""0.5400""}"
KXETH15M-26APR272115-15,af764a1f-7460-4574-c661-44fbe9fb60ad,1777338253,0.54,5.0,yes,"{""count_fp"":""5.00"",""created_time"":""2026-04-28T01:04:13.127853Z"",""no_price_dollars"":""0.4600"",""taker_side"":""yes"",""ticker"":""KXETH15M-26APR272115-15"",""trade_id"":""af764a1f-7460-4574-c661-44fbe9fb60ad"",""yes_price_dollars"":""0.5400""}"
KXETH15M-26APR272115-15,3f803dea-d890-4bed-e45e-82ee2cfed525,1777338253,0.54,10.0,yes,"{""count_fp"":""10.00"",""created_time"":""2026-04-28T01:04:13.127853Z"",""no_price_dollars"":""0.4600"",""taker_side"":""yes"",""ticker"":""KXETH15M-26APR272115-15"",""trade_id"":""3f803dea-d890-4bed-e45e-82ee2cfed525"",""yes_price_dollars"":""0.5400""}"
KXETH15M-26APR272115-15,e7ce88dd-6b47-405a-ec13-193246e8726c,1777338255,0.57,3.37,yes,"{""count_fp"":""3.37"",""created_time"":""2026-04-28T01:04:15.954429Z"",""no_price_dollars"":""0.4300"",""taker_side"":""yes"",""ticker"":""KXETH15M-26APR272115-15"",""trade_id"":""e7ce88dd-6b47-405a-ec13-193246e8726c"",""yes_price_dollars"":""0.5700""}"
KXETH15M-26APR272115-15,2468ddef-20ef-5708-a9f0-058b2122087c,1777338256,0.56,1.0,no,"{""count_fp"":""1.00"",""created_time"":""2026-04-28T01:04:16.172783Z"",""no_price_dollars"":""0.4400"",""taker_side"":""no"",""ticker"":""KXETH15M-26APR272115-15"",""trade_id"":""2468ddef-20ef-5708-a9f0-058b2122087c"",""yes_price_dollars"":""0.5600""}"
KXETH15M-26APR272115-15,6d8f7f78-302e-5f60-0de1-88e307f44c97,1777338258,0.57,1.0,yes,"{""count_fp"":""1.00"",""created_time"":""2026-04-28T01:04:18.566897Z"",""no_price_dollars"":""0.4300"",""taker_side"":""yes"",""ticker"":""KXETH15M-26APR272115-15"",""trade_id"":""6d8f7f78-302e-5f60-0de1-88e307f44c97"",""yes_price_dollars"":""0.5700""}"
KXETH15M-26APR272115-15,c18bde1b-bef7-62cc-2b6e-79c0240460f4,1777338260,0.54,228.8,no,"{""count_fp"":""228.80"",""created_time"":""2026-04-28T01:04:20.983873Z"",""no_price_dollars"":""0.4600"",""taker_side"":""no"",""ticker"":""KXETH15M-26APR272115-15"",""trade_id"":""c18bde1b-bef7-62cc-2b6e-79c0240460f4"",""yes_price_dollars"":""0.5400""}"
KXETH15M-26APR272115-15,c56486a6-9e9c-46e7-ffc5-673fd3877150,1777338265,0.58,10.0,yes,"{""count_fp"":""10.00"",""created_time"":""2026-04-28T01:04:25.958404Z"",""no_price_dollars"":""0.4200"",""taker_side"":""yes"",""ticker"":""KXETH15M-26APR272115-15"",""trade_id"":""c56486a6-9e9c-46e7-ffc5-673fd3877150"",""yes_price_dollars"":""0.5800""}"
KXETH15M-26APR272115-15,728a50c8-3b22-5a98-0c05-c9ae1f3a793f,1777338267,0.63,12.0,yes,"{""count_fp"":""12.00"",""created_time"":""2026-04-28T01:04:27.175419Z"",""no_price_dollars"":""0.3700"",""taker_side"":""yes"",""ticker"":""KXETH15M-26APR272115-15"",""trade_id"":""728a50c8-3b22-5a98-0c05-c9ae1f3a793f"",""yes_price_dollars"":""0.6300""}"
KXETH15M-26APR272115-15,c9cd7775-c73e-5324-7db5-332749de7e13,1777338267,0.63,25.05,yes,"{""count_fp"":""25.05"",""created_time"":""2026-04-28T01:04:27.146925Z"",""no_price_dollars"":""0.3700"",""taker_side"":""yes"",""ticker"":""KXETH15M-26APR272115-15"",""trade_id"":""c9cd7775-c73e-5324-7db5-332749de7e13"",""yes_price_dollars"":""0.6300""}"
KXETH15M-26APR272115-15,41417d10-5575-793a-1ef9-b51cadbb4c7f,1777338267,0.63,11.68,yes,"{""count_fp"":""11.68"",""created_time"":""2026-04-28T01:04:27.091975Z"",""no_price_dollars"":""0.3700"",""taker_side"":""yes"",""ticker"":""KXETH15M-26APR272115-15"",""trade_id"":""41417d10-5575-793a-1ef9-b51cadbb4c7f"",""yes_price_dollars"":""0.6300""}"
KXETH15M-26APR272115-15,21202292-7162-7288-1367-2d45f7da1ca9,1777338267,0.63,10.0,yes,"{""count_fp"":""10.00"",""created_time"":""2026-04-28T01:04:27.091975Z"",""no_price_dollars"":""0.3700"",""taker_side"":""yes"",""ticker"":""KXETH15M-26APR272115-15"",""trade_id"":""21202292-7162-7288-1367-2d45f7da1ca9"",""yes_price_dollars"":""0.6300""}"
KXETH15M-26APR272115-15,91295385-0346-489f-d355-007aba493bc0,1777338269,0.63,1.0,yes,"{""count_fp"":""1.00"",""created_time"":""2026-04-28T01:04:29.718225Z"",""no_price_dollars"":""0.3700"",""taker_side"":""yes"",""ticker"":""KXETH15M-26APR272115-15"",""trade_id"":""91295385-0346-489f-d355-007aba493bc0"",""yes_price_dollars"":""0.6300""}"
KXETH15M-26APR272115-15,8d13099a-1603-5d90-5fa5-97844d939148,1777338270,0.62,0.36,no,"{""count_fp"":""0.36"",""created_time"":""2026-04-28T01:04:30.002657Z"",""no_price_dollars"":""0.3800"",""taker_side"":""no"",""ticker"":""KXETH15M-26APR272115-15"",""trade_id"":""8d13099a-1603-5d90-5fa5-97844d939148"",""yes_price_dollars"":""0.6200""}"
KXETH15M-26APR272115-15,7f5d2180-06e1-4b5f-66e9-b966095c87a3,1777338276,0.63,1.0,yes,"{""count_fp"":""1.00"",""created_time"":""2026-04-28T01:04:36.341616Z"",""no_price_dollars"":""0.3700"",""taker_side"":""yes"",""ticker"":""KXETH15M-26APR272115-15"",""trade_id"":""7f5d2180-06e1-4b5f-66e9-b966095c87a3"",""yes_price_dollars"":""0.6300""}"
KXETH15M-26APR272115-15,ced89e4b-f46a-5be2-b09a-1c90c3bc9950,1777338278,0.61,10.0,no,"{""count_fp"":""10.00"",""created_time"":""2026-04-28T01:04:38.094969Z"",""no_price_dollars"":""0.3900"",""taker_side"":""no"",""ticker"":""KXETH15M-26APR272115-15"",""trade_id"":""ced89e4b-f46a-5be2-b09a-1c90c3bc9950"",""yes_price_dollars"":""0.6100""}"
KXETH15M-26APR272115-15,c9b00860-e9f3-5f14-ad50-cf677afada1c,1777338278,0.61,63.77,no,"{""count_fp"":""63.77"",""created_time"":""2026-04-28T01:04:38.094969Z"",""no_price_dollars"":""0.3900"",""taker_side"":""no"",""ticker"":""KXETH15M-26APR272115-15"",""trade_id"":""c9b00860-e9f3-5f14-ad50-cf677afada1c"",""yes_price_dollars"":""0.6100""}"
KXETH15M-26APR272115-15,ce5c4454-4c75-745f-08ea-4c29f5ec931f,1777338279,0.63,1.54,yes,"{""count_fp"":""1.54"",""created_time"":""2026-04-28T01:04:39.444321Z"",""no_price_dollars"":""0.3700"",""taker_side"":""yes"",""ticker"":""KXETH15M-26APR272115-15"",""trade_id"":""ce5c4454-4c75-745f-08ea-4c29f5ec931f"",""yes_price_dollars"":""0.6300""}"
KXETH15M-26APR272115-15,6d438032-99c8-7d4e-0926-533557028fe6,1777338282,0.6,3.0,yes,"{""count_fp"":""3.00"",""created_time"":""2026-04-28T01:04:42.826439Z"",""no_price_dollars"":""0.4000"",""taker_side"":""yes"",""ticker"":""KXETH15M-26APR272115-15"",""trade_id"":""6d438032-99c8-7d4e-0926-533557028fe6"",""yes_price_dollars"":""0.6000""}"
KXETH15M-26APR272115-15,45329283-6495-71fa-0c04-dccce9246d08,1777338282,0.62,74.36,yes,"{""count_fp"":""74.36"",""created_time"":""2026-04-28T01:04:42.826439Z"",""no_price_dollars"":""0.3800"",""taker_side"":""yes"",""ticker"":""KXETH15M-26APR272115-15"",""trade_id"":""45329283-6495-71fa-0c04-dccce9246d08"",""yes_price_dollars"":""0.6200""}"
KXETH15M-26APR272115-15,46d97b7e-2bfe-4908-81d2-44c5a216fc62,1777338282,0.58,0.47,no,"{""count_fp"":""0.47"",""created_time"":""2026-04-28T01:04:42.773576Z"",""no_price_dollars"":""0.4200"",""taker_side"":""no"",""ticker"":""KXETH15M-26APR272115-15"",""trade_id"":""46d97b7e-2bfe-4908-81d2-44c5a216fc62"",""yes_price_dollars"":""0.5800""}"
KXETH15M-26APR272115-15,e31401ec-4034-6d01-0b68-5ce40bad0eea,1777338292,0.57,5.02,yes,"{""count_fp"":""5.02"",""created_time"":""2026-04-28T01:04:52.234401Z"",""no_price_dollars"":""0.4300"",""taker_side"":""yes"",""ticker"":""KXETH15M-26APR272115-15"",""trade_id"":""e31401ec-4034-6d01-0b68-5ce40bad0eea"",""yes_price_dollars"":""0.5700""}"
KXETH15M-26APR272115-15,71ea81e1-5e07-7900-fe48-25c928b7f400,1777338299,0.56,40.25,no,"{""count_fp"":""40.25"",""created_time"":""2026-04-28T01:04:59.824115Z"",""no_price_dollars"":""0.4400"",""taker_side"":""no"",""ticker"":""KXETH15M-26APR272115-15"",""trade_id"":""71ea81e1-5e07-7900-fe48-25c928b7f400"",""yes_price_dollars"":""0.5600""}"
KXETH15M-26APR272115-15,26544fef-4904-7018-f35b-0079a7825115,1777338299,0.56,10.0,no,"{""count_fp"":""10.00"",""created_time"":""2026-04-28T01:04:59.824115Z"",""no_price_dollars"":""0.4400"",""taker_side"":""no"",""ticker"":""KXETH15M-26APR272115-15"",""trade_id"":""26544fef-4904-7018-f35b-0079a7825115"",""yes_price_dollars"":""0.5600""}"
KXETH15M-26APR272115-15,4606d506-118b-48c1-fc2a-2dbbf317b378,1777338300,0.6,68.73,yes,"{""count_fp"":""68.73"",""created_time"":""2026-04-28T01:05:00.772751Z"",""no_price_dollars"":""0.4000"",""taker_side"":""yes"",""ticker"":""KXETH15M-26APR272115-15"",""trade_id"":""4606d506-118b-48c1-fc2a-2dbbf317b378"",""yes_price_dollars"":""0.6000""}"
KXETH15M-26APR272115-15,0d077687-121f-57ff-4113-6334db0ee112,1777338300,0.59,10.0,yes,"{""count_fp"":""10.00"",""created_time"":""2026-04-28T01:05:00.714786Z"",""no_price_dollars"":""0.4100"",""taker_side"":""yes"",""ticker"":""KXETH15M-26APR272115-15"",""trade_id"":""0d077687-121f-57ff-4113-6334db0ee112"",""yes_price_dollars"":""0.5900""}"
KXETH15M-26APR272115-15,6b9d087c-07d0-7829-eb40-be733b091418,1777338304,0.62,1.0,yes,"{""count_fp"":""1.00"",""created_time"":""2026-04-28T01:05:04.714671Z"",""no_price_dollars"":""0.3800"",""taker_side"":""yes"",""ticker"":""KXETH15M-26APR272115-15"",""trade_id"":""6b9d087c-07d0-7829-eb40-be733b091418"",""yes_price_dollars"":""0.6200""}"
KXETH15M-26APR272115-15,b8f71cfb-98bf-554c-50aa-cb974de91328,1777338306,0.6,64.77,no,"{""count_fp"":""64.77"",""created_time"":""2026-04-28T01:05:06.935706Z"",""no_price_dollars"":""0.4000"",""taker_side"":""no"",""ticker"":""KXETH15M-26APR272115-15"",""trade_id"":""b8f71cfb-98bf-554c-50aa-cb974de91328"",""yes_price_dollars"":""0.6000""}"
KXETH15M-26APR272115-15,0b194092-c958-6f39-1a06-a75e5ff69cd4,1777338309,0.62,7.85,yes,"{""count_fp"":""7.85"",""created_time"":""2026-04-28T01:05:09.900686Z"",""no_price_dollars"":""0.3800"",""taker_side"":""yes"",""ticker"":""KXETH15M-26APR272115-15"",""trade_id"":""0b194092-c958-6f39-1a06-a75e5ff69cd4"",""yes_price_dollars"":""0.6200""}"
KXETH15M-26APR272115-15,32cc8f87-481f-4b65-f006-a3c2874407f5,1777338310,0.62,10.0,yes,"{""count_fp"":""10.00"",""created_time"":""2026-04-28T01:05:10.693628Z"",""no_price_dollars"":""0.3800"",""taker_side"":""yes"",""ticker"":""KXETH15M-26APR272115-15"",""trade_id"":""32cc8f87-481f-4b65-f006-a3c2874407f5"",""yes_price_dollars"":""0.6200""}"
KXETH15M-26APR272115-15,ac1e1154-d9ad-56eb-d242-4d45e552badf,1777338312,0.63,1.46,yes,"{""count_fp"":""1.46"",""created_time"":""2026-04-28T01:05:12.392163Z"",""no_price_dollars"":""0.3700"",""taker_side"":""yes"",""ticker"":""KXETH15M-26APR272115-15"",""trade_id"":""ac1e1154-d9ad-56eb-d242-4d45e552badf"",""yes_price_dollars"":""0.6300""}"
KXETH15M-26APR272115-15,73260161-8824-5e7f-e0d5-d59f5210ce12,1777338312,0.63,0.25,yes,"{""count_fp"":""0.25"",""created_time"":""2026-04-28T01:05:12.392163Z"",""no_price_dollars"":""0.3700"",""taker_side"":""yes"",""ticker"":""KXETH15M-26APR272115-15"",""trade_id"":""73260161-8824-5e7f-e0d5-d59f5210ce12"",""yes_price_dollars"":""0.6300""}"
KXETH15M-26APR272115-15,c9227102-18d4-660f-b65f-a422d3028052,1777338313,0.63,1.0,yes,"{""count_fp"":""1.00"",""created_time"":""2026-04-28T01:05:13.108512Z"",""no_price_dollars"":""0.3700"",""taker_side"":""yes"",""ticker"":""KXETH15M-26APR272115-15"",""trade_id"":""c9227102-18d4-660f-b65f-a422d3028052"",""yes_price_dollars"":""0.6300""}"
KXETH15M-26APR272115-15,9fdc7d56-c54d-45a2-87bc-22f7c2945e38,1777338314,0.61,1.0,no,"{""count_fp"":""1.00"",""created_time"":""2026-04-28T01:05:14.775255Z"",""no_price_dollars"":""0.3900"",""taker_side"":""no"",""ticker"":""KXETH15M-26APR272115-15"",""trade_id"":""9fdc7d56-c54d-45a2-87bc-22f7c2945e38"",""yes_price_dollars"":""0.6100""}"
KXETH15M-26APR272115-15,d2d79bdb-6e21-6a4a-f994-27d385f6c3e8,1777338320,0.6,100.0,yes,"{""count_fp"":""100.00"",""created_time"":""2026-04-28T01:05:20.997178Z"",""no_price_dollars"":""0.4000"",""taker_side"":""yes"",""ticker"":""KXETH15M-26APR272115-15"",""trade_id"":""d2d79bdb-6e21-6a4a-f994-27d385f6c3e8"",""yes_price_dollars"":""0.6000""}"
KXETH15M-26APR272115-15,cf109512-16f3-6019-a954-8c17ab39bcb6,1777338321,0.6,7.89,yes,"{""count_fp"":""7.89"",""created_time"":""2026-04-28T01:05:21.396697Z"",""no_price_dollars"":""0.4000"",""taker_side"":""yes"",""ticker"":""KXETH15M-26APR272115-15"",""trade_id"":""cf109512-16f3-6019-a954-8c17ab39bcb6"",""yes_price_dollars"":""0.6000""}"
KXETH15M-26APR272115-15,682959b7-8865-64ec-90f6-c0891837e114,1777338321,0.6,0.21,yes,"{""count_fp"":""0.21"",""created_time"":""2026-04-28T01:05:21.396697Z"",""no_price_dollars"":""0.4000"",""taker_side"":""yes"",""ticker"":""KXETH15M-26APR272115-15"",""trade_id"":""682959b7-8865-64ec-90f6-c0891837e114"",""yes_price_dollars"":""0.6000""}"
KXETH15M-26APR272115-15,58c7b37f-5384-7143-6be0-ed561adc8867,1777338327,0.56,10.0,no,"{""count_fp"":""10.00"",""created_time"":""2026-04-28T01:05:27.980005Z"",""no_price_dollars"":""0.4400"",""taker_side"":""no"",""ticker"":""KXETH15M-26APR272115-15"",""trade_id"":""58c7b37f-5384-7143-6be0-ed561adc8867"",""yes_price_dollars"":""0.5600""}"
KXETH15M-26APR272115-15,721b1db5-b3ae-667f-4551-29ee509985c8,1777338327,0.59,1.0,no,"{""count_fp"":""1.00"",""created_time"":""2026-04-28T01:05:27.758772Z"",""no_price_dollars"":""0.4100"",""taker_side"":""no"",""ticker"":""KXETH15M-26APR272115-15"",""trade_id"":""721b1db5-b3ae-667f-4551-29ee509985c8"",""yes_price_dollars"":""0.5900""}"
KXETH15M-26APR272115-15,b7f18502-fc39-7654-8e21-dff338240899,1777338332,0.56,8.66,yes,"{""count_fp"":""8.66"",""created_time"":""2026-04-28T01:05:32.898759Z"",""no_price_dollars"":""0.4400"",""taker_side"":""yes"",""ticker"":""KXETH15M-26APR272115-15"",""trade_id"":""b7f18502-fc39-7654-8e21-dff338240899"",""yes_price_dollars"":""0.5600""}"
KXETH15M-26APR272115-15,84ca0927-db4e-5068-ac7d-896f340df55d,1777338333,0.59,3.0,no,"{""count_fp"":""3.00"",""created_time"":""2026-04-28T01:05:33.815Z"",""no_price_dollars"":""0.4100"",""taker_side"":""no"",""ticker"":""KXETH15M-26APR272115-15"",""trade_id"":""84ca0927-db4e-5068-ac7d-896f340df55d"",""yes_price_dollars"":""0.5900""}"
KXETH15M-26APR272115-15,521e1590-0d5a-465c-3456-776d325b7a77,1777338333,0.6,19.95,yes,"{""count_fp"":""19.95"",""created_time"":""2026-04-28T01:05:33.270626Z"",""no_price_dollars"":""0.4000"",""taker_side"":""yes"",""ticker"":""KXETH15M-26APR272115-15"",""trade_id"":""521e1590-0d5a-465c-3456-776d325b7a77"",""yes_price_dollars"":""0.6000""}"
KXETH15M-26APR272115-15,15c660c0-cb09-6210-21c7-7ac768d181f5,1777338333,0.56,0.34,yes,"{""count_fp"":""0.34"",""created_time"":""2026-04-28T01:05:33.206362Z"",""no_price_dollars"":""0.4400"",""taker_side"":""yes"",""ticker"":""KXETH15M-26APR272115-15"",""trade_id"":""15c660c0-cb09-6210-21c7-7ac768d181f5"",""yes_price_dollars"":""0.5600""}"
KXETH15M-26APR272115-15,a9f8f3f0-6d1d-70c8-5c1b-ea649739ff7d,1777338333,0.56,112.0,yes,"{""count_fp"":""112.00"",""created_time"":""2026-04-28T01:05:33.203226Z"",""no_price_dollars"":""0.4400"",""taker_side"":""yes"",""ticker"":""KXETH15M-26APR272115-15"",""trade_id"":""a9f8f3f0-6d1d-70c8-5c1b-ea649739ff7d"",""yes_price_dollars"":""0.5600""}"
KXETH15M-26APR272115-15,dcccf4d8-76df-47f4-5bb9-5acae9ca75a8,1777338334,0.58,39.4,no,"{""count_fp"":""39.40"",""created_time"":""2026-04-28T01:05:34.919886Z"",""no_price_dollars"":""0.4200"",""taker_side"":""no"",""ticker"":""KXETH15M-26APR272115-15"",""trade_id"":""dcccf4d8-76df-47f4-5bb9-5acae9ca75a8"",""yes_price_dollars"":""0.5800""}"
KXETH15M-26APR272115-15,c7d2f737-6bc4-4a61-3bbc-ce2a9729c87c,1777338335,0.62,0.15,yes,"{""count_fp"":""0.15"",""created_time"":""2026-04-28T01:05:35.649865Z"",""no_price_dollars"":""0.3800"",""taker_side"":""yes"",""ticker"":""KXETH15M-26APR272115-15"",""trade_id"":""c7d2f737-6bc4-4a61-3bbc-ce2a9729c87c"",""yes_price_dollars"":""0.6200""}"
KXETH15M-26APR272115-15,d4f5ff81-5414-764d-6c6b-2da16027b80d,1777338345,0.56,0.43,no,"{""count_fp"":""0.43"",""created_time"":""2026-04-28T01:05:45.199142Z"",""no_price_dollars"":""0.4400"",""taker_side"":""no"",""ticker"":""KXETH15M-26APR272115-15"",""trade_id"":""d4f5ff81-5414-764d-6c6b-2da16027b80d"",""yes_price_dollars"":""0.5600""}"
KXETH15M-26APR272115-15,0ff443a7-8301-65c8-d5d2-d8e0cf5c3074,1777338346,0.57,1.0,yes,"{""count_fp"":""1.00"",""created_time"":""2026-04-28T01:05:46.337695Z"",""no_price_dollars"":""0.4300"",""taker_side"":""yes"",""ticker"":""KXETH15M-26APR272115-15"",""trade_id"":""0ff443a7-8301-65c8-d5d2-d8e0cf5c3074"",""yes_price_dollars"":""0.5700""}"
KXETH15M-26APR272115-15,966bf223-165d-6599-8f65-ce6991cc773f,1777338347,0.54,9.43,no,"{""count_fp"":""9.43"",""created_time"":""2026-04-28T01:05:47.325146Z"",""no_price_dollars"":""0.4600"",""taker_side"":""no"",""ticker"":""KXETH15M-26APR272115-15"",""trade_id"":""966bf223-165d-6599-8f65-ce6991cc773f"",""yes_price_dollars"":""0.5400""}"
KXETH15M-26APR272115-15,0bf7691e-9e88-6209-b945-f48bc6b2ac71,1777338347,0.56,99.57,no,"{""count_fp"":""99.57"",""created_time"":""2026-04-28T01:05:47.325146Z"",""no_price_dollars"":""0.4400"",""taker_side"":""no"",""ticker"":""KXETH15M-26APR272115-15"",""trade_id"":""0bf7691e-9e88-6209-b945-f48bc6b2ac71"",""yes_price_dollars"":""0.5600""}"
KXETH15M-26APR272115-15,2f7dd3b5-dc2a-7aad-405e-c3f771083fb5,1777338354,0.56,1.03,yes,"{""count_fp"":""1.03"",""created_time"":""2026-04-28T01:05:54.542134Z"",""no_price_dollars"":""0.4400"",""taker_side"":""yes"",""ticker"":""KXETH15M-26APR272115-15"",""trade_id"":""2f7dd3b5-dc2a-7aad-405e-c3f771083fb5"",""yes_price_dollars"":""0.5600""}"
KXETH15M-26APR272115-15,fa76bb35-43d3-5f54-6dcf-ef12707a5148,1777338355,0.54,3.0,no,"{""count_fp"":""3.00"",""created_time"":""2026-04-28T01:05:55.171445Z"",""no_price_dollars"":""0.4600"",""taker_side"":""no"",""ticker"":""KXETH15M-26APR272115-15"",""trade_id"":""fa76bb35-43d3-5f54-6dcf-ef12707a5148"",""yes_price_dollars"":""0.5400""}"
KXETH15M-26APR272115-15,00c43b7b-08a9-58c5-6f9a-4b7cb5081d00,1777338360,0.53,21.0,no,"{""count_fp"":""21.00"",""created_time"":""2026-04-28T01:06:00.685324Z"",""no_price_dollars"":""0.4700"",""taker_side"":""no"",""ticker"":""KXETH15M-26APR272115-15"",""trade_id"":""00c43b7b-08a9-58c5-6f9a-4b7cb5081d00"",""yes_price_dollars"":""0.5300""}"
KXETH15M-26APR272115-15,aa3ca6e4-b94d-51a6-c6a7-4e41f5056168,1777338365,0.55,3.52,yes,"{""count_fp"":""3.52"",""created_time"":""2026-04-28T01:06:05.862206Z"",""no_price_dollars"":""0.4500"",""taker_side"":""yes"",""ticker"":""KXETH15M-26APR272115-15"",""trade_id"":""aa3ca6e4-b94d-51a6-c6a7-4e41f5056168"",""yes_price_dollars"":""0.5500""}"
KXETH15M-26APR272115-15,e63f57c9-dc79-59c1-5320-bb3071679f48,1777338366,0.53,9.0,no,"{""count_fp"":""9.00"",""created_time"":""2026-04-28T01:06:06.663653Z"",""no_price_dollars"":""0.4700"",""taker_side"":""no"",""ticker"":""KXETH15M-26APR272115-15"",""trade_id"":""e63f57c9-dc79-59c1-5320-bb3071679f48"",""yes_price_dollars"":""0.5300""}"
KXETH15M-26APR272115-15,7bb005a4-1df5-623a-2805-e382eaddaf50,1777338367,0.53,8.37,yes,"{""count_fp"":""8.37"",""created_time"":""2026-04-28T01:06:07.484991Z"",""no_price_dollars"":""0.4700"",""taker_side"":""yes"",""ticker"":""KXETH15M-26APR272115-15"",""trade_id"":""7bb005a4-1df5-623a-2805-e382eaddaf50"",""yes_price_dollars"":""0.5300""}"
KXETH15M-26APR272115-15,f3ab72a6-656d-642c-6184-d9ffb67798e8,1777338369,0.53,5.0,yes,"{""count_fp"":""5.00"",""created_time"":""2026-04-28T01:06:09.251928Z"",""no_price_dollars"":""0.4700"",""taker_side"":""yes"",""ticker"":""KXETH15M-26APR272115-15"",""trade_id"":""f3ab72a6-656d-642c-6184-d9ffb67798e8"",""yes_price_dollars"":""0.5300""}"
KXETH15M-26APR272115-15,a1e759ec-6702-61a6-6707-3b80d5a7702e,1777338369,0.53,10.0,yes,"{""count_fp"":""10.00"",""created_time"":""2026-04-28T01:06:09.251928Z"",""no_price_dollars"":""0.4700"",""taker_side"":""yes"",""ticker"":""KXETH15M-26APR272115-15"",""trade_id"":""a1e759ec-6702-61a6-6707-3b80d5a7702e"",""yes_price_dollars"":""0.5300""}"
KXETH15M-26APR272115-15,af643b03-f135-7804-4bde-eb2fdd2f34c4,1777338370,0.53,5.0,yes,"{""count_fp"":""5.00"",""created_time"":""2026-04-28T01:06:10.592102Z"",""no_price_dollars"":""0.4700"",""taker_side"":""yes"",""ticker"":""KXETH15M-26APR272115-15"",""trade_id"":""af643b03-f135-7804-4bde-eb2fdd2f34c4"",""yes_price_dollars"":""0.5300""}"
KXETH15M-26APR272115-15,397930c1-a119-789a-269c-7f25c7aa6691,1777338375,0.53,1.0,yes,"{""count_fp"":""1.00"",""created_time"":""2026-04-28T01:06:15.215791Z"",""no_price_dollars"":""0.4700"",""taker_side"":""yes"",""ticker"":""KXETH15M-26APR272115-15"",""trade_id"":""397930c1-a119-789a-269c-7f25c7aa6691"",""yes_price_dollars"":""0.5300""}"
KXETH15M-26APR272115-15,0a7b9201-9858-7a6b-d8ba-3f6aacd6674d,1777338375,0.5,2.0,no,"{""count_fp"":""2.00"",""created_time"":""2026-04-28T01:06:15.127685Z"",""no_price_dollars"":""0.5000"",""taker_side"":""no"",""ticker"":""KXETH15M-26APR272115-15"",""trade_id"":""0a7b9201-9858-7a6b-d8ba-3f6aacd6674d"",""yes_price_dollars"":""0.5000""}"
KXETH15M-26APR272115-15,ae03f520-6cc9-658e-8468-8e3321f3335c,1777338385,0.48,9.47,yes,"{""count_fp"":""9.47"",""created_time"":""2026-04-28T01:06:25.343845Z"",""no_price_dollars"":""0.5200"",""taker_side"":""yes"",""ticker"":""KXETH15M-26APR272115-15"",""trade_id"":""ae03f520-6cc9-658e-8468-8e3321f3335c"",""yes_price_dollars"":""0.4800""}"
KXETH15M-26APR272115-15,28cdc6b6-e8c0-502b-ed9d-7fa0f397fae0,1777338387,0.44,10.0,no,"{""count_fp"":""10.00"",""created_time"":""2026-04-28T01:06:27.869043Z"",""no_price_dollars"":""0.5600"",""taker_side"":""no"",""ticker"":""KXETH15M-26APR272115-15"",""trade_id"":""28cdc6b6-e8c0-502b-ed9d-7fa0f397fae0"",""yes_price_dollars"":""0.4400""}"
KXETH15M-26APR272115-15,ee0a0079-98b9-47f7-af0a-ff919aa66161,1777338387,0.46,1.0,no,"{""count_fp"":""1.00"",""created_time"":""2026-04-28T01:06:27.816782Z"",""no_price_dollars"":""0.5400"",""taker_side"":""no"",""ticker"":""KXETH15M-26APR272115-15"",""trade_id"":""ee0a0079-98b9-47f7-af0a-ff919aa66161"",""yes_price_dollars"":""0.4600""}"
KXETH15M-26APR272115-15,54dbf99e-89d5-4e74-cea2-9c6579255372,1777338388,0.4,1.0,no,"{""count_fp"":""1.00"",""created_time"":""2026-04-28T01:06:28.333715Z"",""no_price_dollars"":""0.6000"",""taker_side"":""no"",""ticker"":""KXETH15M-26APR272115-15"",""trade_id"":""54dbf99e-89d5-4e74-cea2-9c6579255372"",""yes_price_dollars"":""0.4000""}"
KXETH15M-26APR272115-15,9f570a56-7a5d-6b90-0836-dc8017c07d80,1777338390,0.44,13.02,yes,"{""count_fp"":""13.02"",""created_time"":""2026-04-28T01:06:30.614757Z"",""no_price_dollars"":""0.5600"",""taker_side"":""yes"",""ticker"":""KXETH15M-26APR272115-15"",""trade_id"":""9f570a56-7a5d-6b90-0836-dc8017c07d80"",""yes_price_dollars"":""0.4400""}"
KXETH15M-26APR272115-15,57a1c27b-407f-772c-17b0-5633b354d3b4,1777338393,0.54,34.67,no,"{""count_fp"":""34.67"",""created_time"":""2026-04-28T01:06:33.956437Z"",""no_price_dollars"":""0.4600"",""taker_side"":""no"",""ticker"":""KXETH15M-26APR272115-15"",""trade_id"":""57a1c27b-407f-772c-17b0-5633b354d3b4"",""yes_price_dollars"":""0.5400""}"
KXETH15M-26APR272115-15,61a10593-e03c-4fbf-b482-b7d999ae6da5,1777338393,0.54,10.0,yes,"{""count_fp"":""10.00"",""created_time"":""2026-04-28T01:06:33.753054Z"",""no_price_dollars"":""0.4600"",""taker_side"":""yes"",""ticker"":""KXETH15M-26APR272115-15"",""trade_id"":""61a10593-e03c-4fbf-b482-b7d999ae6da5"",""yes_price_dollars"":""0.5400""}"
KXETH15M-26APR272115-15,d0903c93-1d40-7b80-2265-27d64d1ef15a,1777338393,0.54,13.0,yes,"{""count_fp"":""13.00"",""created_time"":""2026-04-28T01:06:33.499871Z"",""no_price_dollars"":""0.4600"",""taker_side"":""yes"",""ticker"":""KXETH15M-26APR272115-15"",""trade_id"":""d0903c93-1d40-7b80-2265-27d64d1ef15a"",""yes_price_dollars"":""0.5400""}"
KXETH15M-26APR272115-15,cd41674c-2511-725e-335d-ff1893916630,1777338393,0.55,34.77,yes,"{""count_fp"":""34.77"",""created_time"":""2026-04-28T01:06:33.499871Z"",""no_price_dollars"":""0.4500"",""taker_side"":""yes"",""ticker"":""KXETH15M-26APR272115-15"",""trade_id"":""cd41674c-2511-725e-335d-ff1893916630"",""yes_price_dollars"":""0.5500""}"
KXETH15M-26APR272115-15,c1be0958-9450-7bf9-28e8-4c01e796cdc0,1777338393,0.54,10.0,yes,"{""count_fp"":""10.00"",""created_time"":""2026-04-28T01:06:33.499871Z"",""no_price_dollars"":""0.4600"",""taker_side"":""yes"",""ticker"":""KXETH15M-26APR272115-15"",""trade_id"":""c1be0958-9450-7bf9-28e8-4c01e796cdc0"",""yes_price_dollars"":""0.5400""}"
KXETH15M-26APR272115-15,b62656d2-20cf-7895-36f8-95b62ed1cf88,1777338393,0.54,5.0,yes,"{""count_fp"":""5.00"",""created_time"":""2026-04-28T01:06:33.499871Z"",""no_price_dollars"":""0.4600"",""taker_side"":""yes"",""ticker"":""KXETH15M-26APR272115-15"",""trade_id"":""b62656d2-20cf-7895-36f8-95b62ed1cf88"",""yes_price_dollars"":""0.5400""}"
KXETH15M-26APR272115-15,4baa713a-c208-71b2-3deb-cf52ab6cae53,1777338393,0.54,2.0,yes,"{""count_fp"":""2.00"",""created_time"":""2026-04-28T01:06:33.499871Z"",""no_price_dollars"":""0.4600"",""taker_side"":""yes"",""ticker"":""KXETH15M-26APR272115-15"",""trade_id"":""4baa713a-c208-71b2-3deb-cf52ab6cae53"",""yes_price_dollars"":""0.5400""}"
KXETH15M-26APR272115-15,c48a822d-8f4e-5d3d-5e03-42f84c3c670d,1777338393,0.49,10.2,no,"{""count_fp"":""10.20"",""created_time"":""2026-04-28T01:06:33.145295Z"",""no_price_dollars"":""0.5100"",""taker_side"":""no"",""ticker"":""KXETH15M-26APR272115-15"",""trade_id"":""c48a822d-8f4e-5d3d-5e03-42f84c3c670d"",""yes_price_dollars"":""0.4900""}"
KXETH15M-26APR272115-15,81f721e9-1bd3-5b08-5475-fbabb890c0a7,1777338393,0.49,9.11,no,"{""count_fp"":""9.11"",""created_time"":""2026-04-28T01:06:33.145295Z"",""no_price_dollars"":""0.5100"",""taker_side"":""no"",""ticker"":""KXETH15M-26APR272115-15"",""trade_id"":""81f721e9-1bd3-5b08-5475-fbabb890c0a7"",""yes_price_dollars"":""0.4900""}"
KXETH15M-26APR272115-15,3d797327-93c7-5ae5-56cb-516edfd8d57b,1777338393,0.5,5.0,no,"{""count_fp"":""5.00"",""created_time"":""2026-04-28T01:06:33.145295Z"",""no_price_dollars"":""0.5000"",""taker_side"":""no"",""ticker"":""KXETH15M-26APR272115-15"",""trade_id"":""3d797327-93c7-5ae5-56cb-516edfd8d57b"",""yes_price_dollars"":""0.5000""}"
KXETH15M-26APR272115-15,dbe9c0d4-16fb-5de7-719b-985f75156e3a,1777338405,0.56,10.0,yes,"{""count_fp"":""10.00"",""created_time"":""2026-04-28T01:06:45.964949Z"",""no_price_dollars"":""0.4400"",""taker_side"":""yes"",""ticker"":""KXETH15M-26APR272115-15"",""trade_id"":""dbe9c0d4-16fb-5de7-719b-985f75156e3a"",""yes_price_dollars"":""0.5600""}"
KXETH15M-26APR272115-15,a22033ce-8dbe-6777-c924-9bd592a29f0d,1777338405,0.55,10.0,no,"{""count_fp"":""10.00"",""created_time"":""2026-04-28T01:06:45.217205Z"",""no_price_dollars"":""0.4500"",""taker_side"":""no"",""ticker"":""KXETH15M-26APR272115-15"",""trade_id"":""a22033ce-8dbe-6777-c924-9bd592a29f0d"",""yes_price_dollars"":""0.5500""}"
KXETH15M-26APR272115-15,76683536-92a2-4bd7-99ff-0a9c0d95c692,1777338406,0.64,85.32,yes,"{""count_fp"":""85.32"",""created_time"":""2026-04-28T01:06:46.840675Z"",""no_price_dollars"":""0.3600"",""taker_side"":""yes"",""ticker"":""KXETH15M-26APR272115-15"",""trade_id"":""76683536-92a2-4bd7-99ff-0a9c0d95c692"",""yes_price_dollars"":""0.6400""}"
KXETH15M-26APR272115-15,7225ec44-98f3-600a-b580-4d87164c8ef4,1777338406,0.63,10.0,yes,"{""count_fp"":""10.00"",""created_time"":""2026-04-28T01:06:46.740461Z"",""no_price_dollars"":""0.3700"",""taker_side"":""yes"",""ticker"":""KXETH15M-26APR272115-15"",""trade_id"":""7225ec44-98f3-600a-b580-4d87164c8ef4"",""yes_price_dollars"":""0.6300""}"
KXETH15M-26APR272115-15,cd1d9d9c-1034-554f-d735-c75b101c97bc,1777338406,0.58,3.0,yes,"{""count_fp"":""3.00"",""created_time"":""2026-04-28T01:06:46.378031Z"",""no_price_dollars"":""0.4200"",""taker_side"":""yes"",""ticker"":""KXETH15M-26APR272115-15"",""trade_id"":""cd1d9d9c-1034-554f-d735-c75b101c97bc"",""yes_price_dollars"":""0.5800""}"
KXETH15M-26APR272115-15,c1cc9502-b0a6-5d5b-c4eb-9b75c5f5bec4,1777338406,0.59,10.0,yes,"{""count_fp"":""10.00"",""created_time"":""2026-04-28T01:06:46.378031Z"",""no_price_dollars"":""0.4100"",""taker_side"":""yes"",""ticker"":""KXETH15M-26APR272115-15"",""trade_id"":""c1cc9502-b0a6-5d5b-c4eb-9b75c5f5bec4"",""yes_price_dollars"":""0.5900""}"
KXETH15M-26APR272115-15,f0bd153b-34f3-6738-4e34-1895b2cc507c,1777338407,0.63,1.0,no,"{""count_fp"":""1.00"",""created_time"":""2026-04-28T01:06:47.714533Z"",""no_price_dollars"":""0.3700"",""taker_side"":""no"",""ticker"":""KXETH15M-26APR272115-15"",""trade_id"":""f0bd153b-34f3-6738-4e34-1895b2cc507c"",""yes_price_dollars"":""0.6300""}"
KXETH15M-26APR272115-15,18d62a16-184b-6030-ab65-b82ff38ddf18,1777338411,0.66,15.0,no,"{""count_fp"":""15.00"",""created_time"":""2026-04-28T01:06:51.794737Z"",""no_price_dollars"":""0.3400"",""taker_side"":""no"",""ticker"":""KXETH15M-26APR272115-15"",""trade_id"":""18d62a16-184b-6030-ab65-b82ff38ddf18"",""yes_price_dollars"":""0.6600""}"
KXETH15M-26APR272115-15,fc7c7b0d-2d58-66d0-500d-6fd278e67f21,1777338411,0.69,1.0,yes,"{""count_fp"":""1.00"",""created_time"":""2026-04-28T01:06:51.790666Z"",""no_price_dollars"":""0.3100"",""taker_side"":""yes"",""ticker"":""KXETH15M-26APR272115-15"",""trade_id"":""fc7c7b0d-2d58-66d0-500d-6fd278e67f21"",""yes_price_dollars"":""0.6900""}"
KXETH15M-26APR272115-15,ddd09930-cf93-445c-4ab5-198a8e4d35ac,1777338411,0.66,4.0,no,"{""count_fp"":""4.00"",""created_time"":""2026-04-28T01:06:51.644439Z"",""no_price_dollars"":""0.3400"",""taker_side"":""no"",""ticker"":""KXETH15M-26APR272115-15"",""trade_id"":""ddd09930-cf93-445c-4ab5-198a8e4d35ac"",""yes_price_dollars"":""0.6600""}"
KXETH15M-26APR272115-15,e013d895-3939-5d56-ef63-79577a3c912c,1777338412,0.7,0.9,yes,"{""count_fp"":""0.90"",""created_time"":""2026-04-28T01:06:52.881956Z"",""no_price_dollars"":""0.3000"",""taker_side"":""yes"",""ticker"":""KXETH15M-26APR272115-15"",""trade_id"":""e013d895-3939-5d56-ef63-79577a3c912c"",""yes_price_dollars"":""0.7000""}"
KXETH15M-26APR272115-15,c54acb06-f404-6247-1f83-846b98f4876f,1777338415,0.68,5.0,yes,"{""count_fp"":""5.00"",""created_time"":""2026-04-28T01:06:55.099221Z"",""no_price_dollars"":""0.3200"",""taker_side"":""yes"",""ticker"":""KXETH15M-26APR272115-15"",""trade_id"":""c54acb06-f404-6247-1f83-846b98f4876f"",""yes_price_dollars"":""0.6800""}"
KXETH15M-26APR272115-15,52c84711-90d5-6eb2-12bd-5452f6e0ab98,1777338415,0.7,15.98,yes,"{""count_fp"":""15.98"",""created_time"":""2026-04-28T01:06:55.099221Z"",""no_price_dollars"":""0.3000"",""taker_side"":""yes"",""ticker"":""KXETH15M-26APR272115-15"",""trade_id"":""52c84711-90d5-6eb2-12bd-5452f6e0ab98"",""yes_price_dollars"":""0.7000""}"
KXETH15M-26APR272115-15,d878d28d-5679-593b-375c-e7b32f2d83cb,1777338417,0.68,2.0,no,"{""count_fp"":""2.00"",""created_time"":""2026-04-28T01:06:57.587966Z"",""no_price_dollars"":""0.3200"",""taker_side"":""no"",""ticker"":""KXETH15M-26APR272115-15"",""trade_id"":""d878d28d-5679-593b-375c-e7b32f2d83cb"",""yes_price_dollars"":""0.6800""}"
KXETH15M-26APR272115-15,4dafdff5-d42a-614e-c5c8-87e666e74586,1777338421,0.73,0.27,yes,"{""count_fp"":""0.27"",""created_time"":""2026-04-28T01:07:01.201012Z"",""no_price_dollars"":""0.2700"",""taker_side"":""yes"",""ticker"":""KXETH15M-26APR272115-15"",""trade_id"":""4dafdff5-d42a-614e-c5c8-87e666e74586"",""yes_price_dollars"":""0.7300""}"
KXETH15M-26APR272115-15,0059e5ee-201e-5449-a7f3-961e1a4f620c,1777338421,0.71,60.0,yes,"{""count_fp"":""60.00"",""created_time"":""2026-04-28T01:07:01.186282Z"",""no_price_dollars"":""0.2900"",""taker_side"":""yes"",""ticker"":""KXETH15M-26APR272115-15"",""trade_id"":""0059e5ee-201e-5449-a7f3-961e1a4f620c"",""yes_price_dollars"":""0.7100""}"
KXETH15M-26APR272115-15,525c7646-4ce8-49d8-9a22-1f2bfd7ac37a,1777338421,0.7,10.0,yes,"{""count_fp"":""10.00"",""created_time"":""2026-04-28T01:07:01.164811Z"",""no_price_dollars"":""0.3000"",""taker_side"":""yes"",""ticker"":""KXETH15M-26APR272115-15"",""trade_id"":""525c7646-4ce8-49d8-9a22-1f2bfd7ac37a"",""yes_price_dollars"":""0.7000""}"
KXETH15M-26APR272115-15,caa2b8ca-8cf0-702a-e0f9-a43ec7d77126,1777338422,0.74,60.0,yes,"{""count_fp"":""60.00"",""created_time"":""2026-04-28T01:07:02.832811Z"",""no_price_dollars"":""0.2600"",""taker_side"":""yes"",""ticker"":""KXETH15M-26APR272115-15"",""trade_id"":""caa2b8ca-8cf0-702a-e0f9-a43ec7d77126"",""yes_price_dollars"":""0.7400""}"
KXETH15M-26APR272115-15,083c733f-4f08-7d8b-f006-8a31f9931e60,1777338422,0.74,3.0,yes,"{""count_fp"":""3.00"",""created_time"":""2026-04-28T01:07:02.832811Z"",""no_price_dollars"":""0.2600"",""taker_side"":""yes"",""ticker"":""KXETH15M-26APR272115-15"",""trade_id"":""083c733f-4f08-7d8b-f006-8a31f9931e60"",""yes_price_dollars"":""0.7400""}"
KXETH15M-26APR272115-15,c8475cf9-ffef-53a4-1a8e-b538333213a8,1777338422,0.71,0.88,no,"{""count_fp"":""0.88"",""created_time"":""2026-04-28T01:07:02.282634Z"",""no_price_dollars"":""0.2900"",""taker_side"":""no"",""ticker"":""KXETH15M-26APR272115-15"",""trade_id"":""c8475cf9-ffef-53a4-1a8e-b538333213a8"",""yes_price_dollars"":""0.7100""}"
KXETH15M-26APR272115-15,c6c342ea-7488-6552-a66f-bc5c4d9ad70a,1777338423,0.78,12.0,yes,"{""count_fp"":""12.00"",""created_time"":""2026-04-28T01:07:03.374053Z"",""no_price_dollars"":""0.2200"",""taker_side"":""yes"",""ticker"":""KXETH15M-26APR272115-15"",""trade_id"":""c6c342ea-7488-6552-a66f-bc5c4d9ad70a"",""yes_price_dollars"":""0.7800""}"
KXETH15M-26APR272115-15,33054e99-3ebf-6ae4-e324-46f79d96ad1c,1777338424,0.74,0.38,no,"{""count_fp"":""0.38"",""created_time"":""2026-04-28T01:07:04.350057Z"",""no_price_dollars"":""0.2600"",""taker_side"":""no"",""ticker"":""KXETH15M-26APR272115-15"",""trade_id"":""33054e99-3ebf-6ae4-e324-46f79d96ad1c"",""yes_price_dollars"":""0.7400""}"
KXETH15M-26APR272115-15,ad9b0a24-e251-5c03-6fb1-5b1c08c08129,1777338425,0.75,3.0,no,"{""count_fp"":""3.00"",""created_time"":""2026-04-28T01:07:05.217495Z"",""no_price_dollars"":""0.2500"",""taker_side"":""no"",""ticker"":""KXETH15M-26APR272115-15"",""trade_id"":""ad9b0a24-e251-5c03-6fb1-5b1c08c08129"",""yes_price_dollars"":""0.7500""}"
KXETH15M-26APR272115-15,35078f39-eeef-568c-61b3-bb095e29384c,1777338425,0.74,4.04,no,"{""count_fp"":""4.04"",""created_time"":""2026-04-28T01:07:05.217495Z"",""no_price_dollars"":""0.2600"",""taker_side"":""no"",""ticker"":""KXETH15M-26APR272115-15"",""trade_id"":""35078f39-eeef-568c-61b3-bb095e29384c"",""yes_price_dollars"":""0.7400""}"
KXETH15M-26APR272115-15,f40a0ef5-e64f-62e8-5a72-ec7f5f53ad1c,1777338426,0.74,146.26,no,"{""count_fp"":""146.26"",""created_time"":""2026-04-28T01:07:06.571579Z"",""no_price_dollars"":""0.2600"",""taker_side"":""no"",""ticker"":""KXETH15M-26APR272115-15"",""trade_id"":""f40a0ef5-e64f-62e8-5a72-ec7f5f53ad1c"",""yes_price_dollars"":""0.7400""}"
KXETH15M-26APR272115-15,bb561f20-48e7-40a8-0bdc-ba0b79fa7c77,1777338428,0.78,6.0,yes,"{""count_fp"":""6.00"",""created_time"":""2026-04-28T01:07:08.189563Z"",""no_price_dollars"":""0.2200"",""taker_side"":""yes"",""ticker"":""KXETH15M-26APR272115-15"",""trade_id"":""bb561f20-48e7-40a8-0bdc-ba0b79fa7c77"",""yes_price_dollars"":""0.7800""}"
KXETH15M-26APR272115-15,f16c710d-dcac-7cb4-17d7-c8aa59c49105,1777338429,0.78,10.0,yes,"{""count_fp"":""10.00"",""created_time"":""2026-04-28T01:07:09.965445Z"",""no_price_dollars"":""0.2200"",""taker_side"":""yes"",""ticker"":""KXETH15M-26APR272115-15"",""trade_id"":""f16c710d-dcac-7cb4-17d7-c8aa59c49105"",""yes_price_dollars"":""0.7800""}"
KXETH15M-26APR272115-15,15864827-69f9-7f88-3520-9c03030ecbc0,1777338429,0.78,7.32,yes,"{""count_fp"":""7.32"",""created_time"":""2026-04-28T01:07:09.965445Z"",""no_price_dollars"":""0.2200"",""taker_side"":""yes"",""ticker"":""KXETH15M-26APR272115-15"",""trade_id"":""15864827-69f9-7f88-3520-9c03030ecbc0"",""yes_price_dollars"":""0.7800""}"
KXETH15M-26APR272115-15,33070fe1-e261-6e84-630b-569fa7436ac0,1777338430,0.77,1.0,yes,"{""count_fp"":""1.00"",""created_time"":""2026-04-28T01:07:10.098034Z"",""no_price_dollars"":""0.2300"",""taker_side"":""yes"",""ticker"":""KXETH15M-26APR272115-15"",""trade_id"":""33070fe1-e261-6e84-630b-569fa7436ac0"",""yes_price_dollars"":""0.7700""}"
KXETH15M-26APR272115-15,1f2c8a10-4ca9-52bc-4999-e6fe2d912bcc,1777338432,0.68,0.25,yes,"{""count_fp"":""0.25"",""created_time"":""2026-04-28T01:07:12.756672Z"",""no_price_dollars"":""0.3200"",""taker_side"":""yes"",""ticker"":""KXETH15M-26APR272115-15"",""trade_id"":""1f2c8a10-4ca9-52bc-4999-e6fe2d912bcc"",""yes_price_dollars"":""0.6800""}"
KXETH15M-26APR272115-15,8d394a4f-d4b1-6c78-ae1a-e3d6e3bf6460,1777338432,0.72,10.05,yes,"{""count_fp"":""10.05"",""created_time"":""2026-04-28T01:07:12.673856Z"",""no_price_dollars"":""0.2800"",""taker_side"":""yes"",""ticker"":""KXETH15M-26APR272115-15"",""trade_id"":""8d394a4f-d4b1-6c78-ae1a-e3d6e3bf6460"",""yes_price_dollars"":""0.7200""}"
KXETH15M-26APR272115-15,4f78898b-ec93-70f4-b7b3-94c30a8d37df,1777338432,0.7,8.0,no,"{""count_fp"":""8.00"",""created_time"":""2026-04-28T01:07:12.651248Z"",""no_price_dollars"":""0.3000"",""taker_side"":""no"",""ticker"":""KXETH15M-26APR272115-15"",""trade_id"":""4f78898b-ec93-70f4-b7b3-94c30a8d37df"",""yes_price_dollars"":""0.7000""}"
KXETH15M-26APR272115-15,1a2bb3c2-9a35-7382-bd57-25f66f7c1338,1777338432,0.69,4.0,no,"{""count_fp"":""4.00"",""created_time"":""2026-04-28T01:07:12.651248Z"",""no_price_dollars"":""0.3100"",""taker_side"":""no"",""ticker"":""KXETH15M-26APR272115-15"",""trade_id"":""1a2bb3c2-9a35-7382-bd57-25f66f7c1338"",""yes_price_dollars"":""0.6900""}"
KXETH15M-26APR272115-15,3b8cfe63-083e-4343-a561-25d0df075614,1777338432,0.71,1.0,no,"{""count_fp"":""1.00"",""created_time"":""2026-04-28T01:07:12.622312Z"",""no_price_dollars"":""0.2900"",""taker_side"":""no"",""ticker"":""KXETH15M-26APR272115-15"",""trade_id"":""3b8cfe63-083e-4343-a561-25d0df075614"",""yes_price_dollars"":""0.7100""}"
KXETH15M-26APR272115-15,0ee71c79-ad95-4544-a986-9e2a847b5a6e,1777338432,0.71,10.0,no,"{""count_fp"":""10.00"",""created_time"":""2026-04-28T01:07:12.622312Z"",""no_price_dollars"":""0.2900"",""taker_side"":""no"",""ticker"":""KXETH15M-26APR272115-15"",""trade_id"":""0ee71c79-ad95-4544-a986-9e2a847b5a6e"",""yes_price_dollars"":""0.7100""}"
KXETH15M-26APR272115-15,f09b1522-7b6c-4596-0cdf-313df2aaa107,1777338435,0.72,10.0,yes,"{""count_fp"":""10.00"",""created_time"":""2026-04-28T01:07:15.728273Z"",""no_price_dollars"":""0.2800"",""taker_side"":""yes"",""ticker"":""KXETH15M-26APR272115-15"",""trade_id"":""f09b1522-7b6c-4596-0cdf-313df2aaa107"",""yes_price_dollars"":""0.7200""}"
KXETH15M-26APR272115-15,eeff9057-1f56-438b-2424-63d48c884bc6,1777338435,0.68,9.68,yes,"{""count_fp"":""9.68"",""created_time"":""2026-04-28T01:07:15.728273Z"",""no_price_dollars"":""0.3200"",""taker_side"":""yes"",""ticker"":""KXETH15M-26APR272115-15"",""trade_id"":""eeff9057-1f56-438b-2424-63d48c884bc6"",""yes_price_dollars"":""0.6800""}"
KXETH15M-26APR272115-15,cef8d36a-add8-44ea-2708-e8611a80e2d6,1777338435,0.76,5.0,yes,"{""count_fp"":""5.00"",""created_time"":""2026-04-28T01:07:15.728273Z"",""no_price_dollars"":""0.2400"",""taker_side"":""yes"",""ticker"":""KXETH15M-26APR272115-15"",""trade_id"":""cef8d36a-add8-44ea-2708-e8611a80e2d6"",""yes_price_dollars"":""0.7600""}"
KXETH15M-26APR272115-15,cbcf34fb-511b-494d-3ef3-0d2c12a98549,1777338435,0.74,60.0,yes,"{""count_fp"":""60.00"",""created_time"":""2026-04-28T01:07:15.728273Z"",""no_price_dollars"":""0.2600"",""taker_side"":""yes"",""ticker"":""KXETH15M-26APR272115-15"",""trade_id"":""cbcf34fb-511b-494d-3ef3-0d2c12a98549"",""yes_price_dollars"":""0.7400""}"
KXETH15M-26APR272115-15,c44ca23f-b809-4f15-2a9d-99b9dec8eb29,1777338435,0.67,10.0,yes,"{""count_fp"":""10.00"",""created_time"":""2026-04-28T01:07:15.728273Z"",""no_price_dollars"":""0.3300"",""taker_side"":""yes"",""ticker"":""KXETH15M-26APR272115-15"",""trade_id"":""c44ca23f-b809-4f15-2a9d-99b9dec8eb29"",""yes_price_dollars"":""0.6700""}"
KXETH15M-26APR272115-15,7b436f69-4276-4729-1bdc-205ad42db911,1777338435,0.74,5.0,yes,"{""count_fp"":""5.00"",""created_time"":""2026-04-28T01:07:15.728273Z"",""no_price_dollars"":""0.2600"",""taker_side"":""yes"",""ticker"":""KXETH15M-26APR272115-15"",""trade_id"":""7b436f69-4276-4729-1bdc-205ad42db911"",""yes_price_dollars"":""0.7400""}"
KXETH15M-26APR272115-15,2ba7a94c-2c95-44a4-3bb0-7bab9a5aba64,1777338435,0.73,825.49,yes,"{""count_fp"":""825.49"",""created_time"":""2026-04-28T01:07:15.728273Z"",""no_price_dollars"":""0.2700"",""taker_side"":""yes"",""ticker"":""KXETH15M-26APR272115-15"",""trade_id"":""2ba7a94c-2c95-44a4-3bb0-7bab9a5aba64"",""yes_price_dollars"":""0.7300""}"
KXETH15M-26APR272115-15,245feda0-d43b-4e82-3e52-9ee1ef01c5fb,1777338435,0.72,50.0,yes,"{""count_fp"":""50.00"",""created_time"":""2026-04-28T01:07:15.728273Z"",""no_price_dollars"":""0.2800"",""taker_side"":""yes"",""ticker"":""KXETH15M-26APR272115-15"",""trade_id"":""245feda0-d43b-4e82-3e52-9ee1ef01c5fb"",""yes_price_dollars"":""0.7200""}"
KXETH15M-26APR272115-15,2fe16257-cdce-41fc-04eb-d973ab643acc,1777338436,0.66,3.0,no,"{""count_fp"":""3.00"",""created_time"":""2026-04-28T01:07:16.022276Z"",""no_price_dollars"":""0.3400"",""taker_side"":""no"",""ticker"":""KXETH15M-26APR272115-15"",""trade_id"":""2fe16257-cdce-41fc-04eb-d973ab643acc"",""yes_price_dollars"":""0.6600""}"
KXETH15M-26APR272115-15,b3f2f303-abc7-5f22-62ed-4a379061a1a2,1777338437,0.74,1.0,yes,"{""count_fp"":""1.00"",""created_time"":""2026-04-28T01:07:17.644887Z"",""no_price_dollars"":""0.2600"",""taker_side"":""yes"",""ticker"":""KXETH15M-26APR272115-15"",""trade_id"":""b3f2f303-abc7-5f22-62ed-4a379061a1a2"",""yes_price_dollars"":""0.7400""}"
KXETH15M-26APR272115-15,a3f7738c-f7e7-6347-3629-3aeb9c126cca,1777338438,0.73,6.0,yes,"{""count_fp"":""6.00"",""created_time"":""2026-04-28T01:07:18.995387Z"",""no_price_dollars"":""0.2700"",""taker_side"":""yes"",""ticker"":""KXETH15M-26APR272115-15"",""trade_id"":""a3f7738c-f7e7-6347-3629-3aeb9c126cca"",""yes_price_dollars"":""0.7300""}"
KXETH15M-26APR272115-15,e7738a17-1ec9-4431-6d0b-20f3a03665e1,1777338438,0.72,10.0,no,"{""count_fp"":""10.00"",""created_time"":""2026-04-28T01:07:18.360428Z"",""no_price_dollars"":""0.2800"",""taker_side"":""no"",""ticker"":""KXETH15M-26APR272115-15"",""trade_id"":""e7738a17-1ec9-4431-6d0b-20f3a03665e1"",""yes_price_dollars"":""0.7200""}"
KXETH15M-26APR272115-15,da8cb31c-1f61-4b80-56e9-87407c91703d,1777338438,0.71,56.62,no,"{""count_fp"":""56.62"",""created_time"":""2026-04-28T01:07:18.360428Z"",""no_price_dollars"":""0.2900"",""taker_side"":""no"",""ticker"":""KXETH15M-26APR272115-15"",""trade_id"":""da8cb31c-1f61-4b80-56e9-87407c91703d"",""yes_price_dollars"":""0.7100""}"
KXETH15M-26APR272115-15,affdd3d3-b913-4c99-6521-b61cdfa60a73,1777338438,0.71,7.0,no,"{""count_fp"":""7.00"",""created_time"":""2026-04-28T01:07:18.360428Z"",""no_price_dollars"":""0.2900"",""taker_side"":""no"",""ticker"":""KXETH15M-26APR272115-15"",""trade_id"":""affdd3d3-b913-4c99-6521-b61cdfa60a73"",""yes_price_dollars"":""0.7100""}"
KXETH15M-26APR272115-15,fe0e96c4-6a79-5ab8-b8e2-d46be015428d,1777338438,0.69,115.11,no,"{""count_fp"":""115.11"",""created_time"":""2026-04-28T01:07:18.060247Z"",""no_price_dollars"":""0.3100"",""taker_side"":""no"",""ticker"":""KXETH15M-26APR272115-15"",""trade_id"":""fe0e96c4-6a79-5ab8-b8e2-d46be015428d"",""yes_price_dollars"":""0.6900""}"
KXETH15M-26APR272115-15,d4ac742e-d73f-5ede-a38b-140d94732735,1777338438,0.71,3.0,no,"{""count_fp"":""3.00"",""created_time"":""2026-04-28T01:07:18.060247Z"",""no_price_dollars"":""0.2900"",""taker_side"":""no"",""ticker"":""KXETH15M-26APR272115-15"",""trade_id"":""d4ac742e-d73f-5ede-a38b-140d94732735"",""yes_price_dollars"":""0.7100""}"
KXETH15M-26APR272115-15,a8d0ce76-8e7d-5c6b-9354-b5522f909dab,1777338438,0.7,10.0,no,"{""count_fp"":""10.00"",""created_time"":""2026-04-28T01:07:18.060247Z"",""no_price_dollars"":""0.3000"",""taker_side"":""no"",""ticker"":""KXETH15M-26APR272115-15"",""trade_id"":""a8d0ce76-8e7d-5c6b-9354-b5522f909dab"",""yes_price_dollars"":""0.7000""}"
KXETH15M-26APR272115-15,2869eaf6-9ba1-4e4c-89f7-bf452edbadad,1777338442,0.72,1.0,no,"{""count_fp"":""1.00"",""created_time"":""2026-04-28T01:07:22.058858Z"",""no_price_dollars"":""0.2800"",""taker_side"":""no"",""ticker"":""KXETH15M-26APR272115-15"",""trade_id"":""2869eaf6-9ba1-4e4c-89f7-bf452edbadad"",""yes_price_dollars"":""0.7200""}"
KXETH15M-26APR272115-15,fc456914-9135-4db8-0231-32b743c5b301,1777338444,0.72,1.0,no,"{""count_fp"":""1.00"",""created_time"":""2026-04-28T01:07:24.727408Z"",""no_price_dollars"":""0.2800"",""taker_side"":""no"",""ticker"":""KXETH15M-26APR272115-15"",""trade_id"":""fc456914-9135-4db8-0231-32b743c5b301"",""yes_price_dollars"":""0.7200""}"
KXETH15M-26APR272115-15,5b0dd37b-0b99-6a10-f9b2-e06551111291,1777338444,0.72,15.47,no,"{""count_fp"":""15.47"",""created_time"":""2026-04-28T01:07:24.038435Z"",""no_price_dollars"":""0.2800"",""taker_side"":""no"",""ticker"":""KXETH15M-26APR272115-15"",""trade_id"":""5b0dd37b-0b99-6a10-f9b2-e06551111291"",""yes_price_dollars"":""0.7200""}"
KXETH15M-26APR272115-15,89baf3e8-f3f0-4f2c-7bcc-69b906203a5d,1777338449,0.73,1.0,yes,"{""count_fp"":""1.00"",""created_time"":""2026-04-28T01:07:29.009949Z"",""no_price_dollars"":""0.2700"",""taker_side"":""yes"",""ticker"":""KXETH15M-26APR272115-15"",""trade_id"":""89baf3e8-f3f0-4f2c-7bcc-69b906203a5d"",""yes_price_dollars"":""0.7300""}"
KXETH15M-26APR272115-15,63da07cf-295b-6a06-4e65-9e1d044dc3ca,1777338456,0.7,4.0,no,"{""count_fp"":""4.00"",""created_time"":""2026-04-28T01:07:36.986996Z"",""no_price_dollars"":""0.3000"",""taker_side"":""no"",""ticker"":""KXETH15M-26APR272115-15"",""trade_id"":""63da07cf-295b-6a06-4e65-9e1d044dc3ca"",""yes_price_dollars"":""0.7000""}"
KXETH15M-26APR272115-15,886c2ae2-5b0a-6006-8d95-7fc79d471a09,1777338456,0.7,10.0,no,"{""count_fp"":""10.00"",""created_time"":""2026-04-28T01:07:36.952777Z"",""no_price_dollars"":""0.3000"",""taker_side"":""no"",""ticker"":""KXETH15M-26APR272115-15"",""trade_id"":""886c2ae2-5b0a-6006-8d95-7fc79d471a09"",""yes_price_dollars"":""0.7000""}"
KXETH15M-26APR272115-15,85de3934-5327-64b6-b3b1-6c25bbf27dce,1777338456,0.7,5.88,no,"{""count_fp"":""5.88"",""created_time"":""2026-04-28T01:07:36.952777Z"",""no_price_dollars"":""0.3000"",""taker_side"":""no"",""ticker"":""KXETH15M-26APR272115-15"",""trade_id"":""85de3934-5327-64b6-b3b1-6c25bbf27dce"",""yes_price_dollars"":""0.7000""}"
KXETH15M-26APR272115-15,48d51e17-1887-7a31-64af-dd07e1f4d1e7,1777338456,0.73,6.0,yes,"{""count_fp"":""6.00"",""created_time"":""2026-04-28T01:07:36.329907Z"",""no_price_dollars"":""0.2700"",""taker_side"":""yes"",""ticker"":""KXETH15M-26APR272115-15"",""trade_id"":""48d51e17-1887-7a31-64af-dd07e1f4d1e7"",""yes_price_dollars"":""0.7300""}"
KXETH15M-26APR272115-15,7976c390-10f6-6b7e-8367-2030c7153f2f,1777338460,0.72,0.66,yes,"{""count_fp"":""0.66"",""created_time"":""2026-04-28T01:07:40.290334Z"",""no_price_dollars"":""0.2800"",""taker_side"":""yes"",""ticker"":""KXETH15M-26APR272115-15"",""trade_id"":""7976c390-10f6-6b7e-8367-2030c7153f2f"",""yes_price_dollars"":""0.7200""}"
KXETH15M-26APR272115-15,f635cdf0-4768-6b77-e44e-0c37180c3406,1777338461,0.72,1.36,yes,"{""count_fp"":""1.36"",""created_time"":""2026-04-28T01:07:41.679013Z"",""no_price_dollars"":""0.2800"",""taker_side"":""yes"",""ticker"":""KXETH15M-26APR272115-15"",""trade_id"":""f635cdf0-4768-6b77-e44e-0c37180c3406"",""yes_price_dollars"":""0.7200""}"
KXETH15M-26APR272115-15,de184021-4eb3-676d-30c1-f003b92e5dfc,1777338462,0.68,4.0,no,"{""count_fp"":""4.00"",""created_time"":""2026-04-28T01:07:42.423284Z"",""no_price_dollars"":""0.3200"",""taker_side"":""no"",""ticker"":""KXETH15M-26APR272115-15"",""trade_id"":""de184021-4eb3-676d-30c1-f003b92e5dfc"",""yes_price_dollars"":""0.6800""}"
KXETH15M-26APR272115-15,920b3c58-6395-60e3-308c-3b6f022d953c,1777338463,0.66,5.0,no,"{""count_fp"":""5.00"",""created_time"":""2026-04-28T01:07:43.568578Z"",""no_price_dollars"":""0.3400"",""taker_side"":""no"",""ticker"":""KXETH15M-26APR272115-15"",""trade_id"":""920b3c58-6395-60e3-308c-3b6f022d953c"",""yes_price_dollars"":""0.6600""}"
KXETH15M-26APR272115-15,7bbf8d63-e5bf-6be6-29e0-6b816e075c52,1777338463,0.66,10.0,no,"{""count_fp"":""10.00"",""created_time"":""2026-04-28T01:07:43.568578Z"",""no_price_dollars"":""0.3400"",""taker_side"":""no"",""ticker"":""KXETH15M-26APR272115-15"",""trade_id"":""7bbf8d63-e5bf-6be6-29e0-6b816e075c52"",""yes_price_dollars"":""0.6600""}"
KXETH15M-26APR272115-15,1f9c2877-9cd1-567f-7e78-e7b6cc5285ca,1777338463,0.68,0.8,no,"{""count_fp"":""0.80"",""created_time"":""2026-04-28T01:07:43.537783Z"",""no_price_dollars"":""0.3200"",""taker_side"":""no"",""ticker"":""KXETH15M-26APR272115-15"",""trade_id"":""1f9c2877-9cd1-567f-7e78-e7b6cc5285ca"",""yes_price_dollars"":""0.6800""}"
KXETH15M-26APR272115-15,7feb8b7c-fca5-53e0-6088-61eb13e8bb89,1777338463,0.68,825.8,no,"{""count_fp"":""825.80"",""created_time"":""2026-04-28T01:07:43.502066Z"",""no_price_dollars"":""0.3200"",""taker_side"":""no"",""ticker"":""KXETH15M-26APR272115-15"",""trade_id"":""7feb8b7c-fca5-53e0-6088-61eb13e8bb89"",""yes_price_dollars"":""0.6800""}"
KXETH15M-26APR272115-15,668c29be-8f93-5169-6e8a-2c322b74dcf4,1777338463,0.68,1.0,no,"{""count_fp"":""1.00"",""created_time"":""2026-04-28T01:07:43.502066Z"",""no_price_dollars"":""0.3200"",""taker_side"":""no"",""ticker"":""KXETH15M-26APR272115-15"",""trade_id"":""668c29be-8f93-5169-6e8a-2c322b74dcf4"",""yes_price_dollars"":""0.6800""}"
KXETH15M-26APR272115-15,406fc4fc-bf09-5a0b-7e31-ccffe11f6e66,1777338463,0.68,9.2,no,"{""count_fp"":""9.20"",""created_time"":""2026-04-28T01:07:43.502066Z"",""no_price_dollars"":""0.3200"",""taker_side"":""no"",""ticker"":""KXETH15M-26APR272115-15"",""trade_id"":""406fc4fc-bf09-5a0b-7e31-ccffe11f6e66"",""yes_price_dollars"":""0.6800""}"
KXETH15M-26APR272115-15,13e85d3a-652b-48d2-75ea-2ae4933cb78a,1777338464,0.67,23.96,yes,"{""count_fp"":""23.96"",""created_time"":""2026-04-28T01:07:44.137247Z"",""no_price_dollars"":""0.3300"",""taker_side"":""yes"",""ticker"":""KXETH15M-26APR272115-15"",""trade_id"":""13e85d3a-652b-48d2-75ea-2ae4933cb78a"",""yes_price_dollars"":""0.6700""}"
KXETH15M-26APR272115-15,82e8bea1-faeb-6e16-1afd-2cb008f6b3fa,1777338464,0.67,31.86,yes,"{""count_fp"":""31.86"",""created_time"":""2026-04-28T01:07:44.109464Z"",""no_price_dollars"":""0.3300"",""taker_side"":""yes"",""ticker"":""KXETH15M-26APR272115-15"",""trade_id"":""82e8bea1-faeb-6e16-1afd-2cb008f6b3fa"",""yes_price_dollars"":""0.6700""}"
KXETH15M-26APR272115-15,7adc59c7-0908-6e3d-3f32-31e2b294afed,1777338467,0.67,4.18,yes,"{""count_fp"":""4.18"",""created_time"":""2026-04-28T01:07:47.111412Z"",""no_price_dollars"":""0.3300"",""taker_side"":""yes"",""ticker"":""KXETH15M-26APR272115-15"",""trade_id"":""7adc59c7-0908-6e3d-3f32-31e2b294afed"",""yes_price_dollars"":""0.6700""}"
KXETH15M-26APR272115-15,ec52a15e-c3ac-55e3-e2f3-7ccc38377e96,1777338468,0.69,1.0,yes,"{""count_fp"":""1.00"",""created_time"":""2026-04-28T01:07:48.272787Z"",""no_price_dollars"":""0.3100"",""taker_side"":""yes"",""ticker"":""KXETH15M-26APR272115-15"",""trade_id"":""ec52a15e-c3ac-55e3-e2f3-7ccc38377e96"",""yes_price_dollars"":""0.6900""}"
KXETH15M-26APR272115-15,aceb693f-bef7-6070-a6f0-64d083ec0304,1777338472,0.62,10.0,no,"{""count_fp"":""10.00"",""created_time"":""2026-04-28T01:07:52.504738Z"",""no_price_dollars"":""0.3800"",""taker_side"":""no"",""ticker"":""KXETH15M-26APR272115-15"",""trade_id"":""aceb693f-bef7-6070-a6f0-64d083ec0304"",""yes_price_dollars"":""0.6200""}"
KXETH15M-26APR272115-15,008ea833-b854-6910-8d32-fef2e33d5572,1777338472,0.63,10.0,no,"{""count_fp"":""10.00"",""created_time"":""2026-04-28T01:07:52.504738Z"",""no_price_dollars"":""0.3700"",""taker_side"":""no"",""ticker"":""KXETH15M-26APR272115-15"",""trade_id"":""008ea833-b854-6910-8d32-fef2e33d5572"",""yes_price_dollars"":""0.6300""}"
KXETH15M-26APR272115-15,3b5a38db-f0a2-78a8-ae00-941dcf8046ab,1777338472,0.64,10.0,no,"{""count_fp"":""10.00"",""created_time"":""2026-04-28T01:07:52.141364Z"",""no_price_dollars"":""0.3600"",""taker_side"":""no"",""ticker"":""KXETH15M-26APR272115-15"",""trade_id"":""3b5a38db-f0a2-78a8-ae00-941dcf8046ab"",""yes_price_dollars"":""0.6400""}"
KXETH15M-26APR272115-15,1f4695d4-d666-5d89-228c-3f7914de44cc,1777338473,0.57,14.0,no,"{""count_fp"":""14.00"",""created_time"":""2026-04-28T01:07:53.096578Z"",""no_price_dollars"":""0.4300"",""taker_side"":""no"",""ticker"":""KXETH15M-26APR272115-15"",""trade_id"":""1f4695d4-d666-5d89-228c-3f7914de44cc"",""yes_price_dollars"":""0.5700""}"
KXETH15M-26APR272115-15,0391b634-8e7f-5004-42ee-00641feeea26,1777338475,0.6,8.1,yes,"{""count_fp"":""8.10"",""created_time"":""2026-04-28T01:07:55.732327Z"",""no_price_dollars"":""0.4000"",""taker_side"":""yes"",""ticker"":""KXETH15M-26APR272115-15"",""trade_id"":""0391b634-8e7f-5004-42ee-00641feeea26"",""yes_price_dollars"":""0.6000""}"
KXETH15M-26APR272115-15,70a91f4d-8212-6b3e-f8a6-a33029ea9551,1777338483,0.54,2.0,no,"{""count_fp"":""2.00"",""created_time"":""2026-04-28T01:08:03.232796Z"",""no_price_dollars"":""0.4600"",""taker_side"":""no"",""ticker"":""KXETH15M-26APR272115-15"",""trade_id"":""70a91f4d-8212-6b3e-f8a6-a33029ea9551"",""yes_price_dollars"":""0.5400""}"
KXETH15M-26APR272115-15,2d8ac1f0-eccc-6ba7-d1ba-af1cd4bca1ff,1777338483,0.54,10.0,no,"{""count_fp"":""10.00"",""created_time"":""2026-04-28T01:08:03.232796Z"",""no_price_dollars"":""0.4600"",""taker_side"":""no"",""ticker"":""KXETH15M-26APR272115-15"",""trade_id"":""2d8ac1f0-eccc-6ba7-d1ba-af1cd4bca1ff"",""yes_price_dollars"":""0.5400""}"
KXETH15M-26APR272115-15,69ac3ade-81ff-7982-1bc7-df90400b6cae,1777338484,0.56,70.0,yes,"{""count_fp"":""70.00"",""created_time"":""2026-04-28T01:08:04.732835Z"",""no_price_dollars"":""0.4400"",""taker_side"":""yes"",""ticker"":""KXETH15M-26APR272115-15"",""trade_id"":""69ac3ade-81ff-7982-1bc7-df90400b6cae"",""yes_price_dollars"":""0.5600""}"
KXETH15M-26APR272115-15,5a670e99-2d45-6739-ee1b-5ddc06488ac1,1777338485,0.56,0.52,no,"{""count_fp"":""0.52"",""created_time"":""2026-04-28T01:08:05.624843Z"",""no_price_dollars"":""0.4400"",""taker_side"":""no"",""ticker"":""KXETH15M-26APR272115-15"",""trade_id"":""5a670e99-2d45-6739-ee1b-5ddc06488ac1"",""yes_price_dollars"":""0.5600""}"
KXETH15M-26APR272115-15,2953ebee-07ae-6d53-69fc-5a84d03a036a,1777338486,0.58,10.0,no,"{""count_fp"":""10.00"",""created_time"":""2026-04-28T01:08:06.965614Z"",""no_price_dollars"":""0.4200"",""taker_side"":""no"",""ticker"":""KXETH15M-26APR272115-15"",""trade_id"":""2953ebee-07ae-6d53-69fc-5a84d03a036a"",""yes_price_dollars"":""0.5800""}"
KXETH15M-26APR272115-15,03e0c281-90d5-6293-5b86-e2e660f46a6f,1777338486,0.57,293.88,no,"{""count_fp"":""293.88"",""created_time"":""2026-04-28T01:08:06.965614Z"",""no_price_dollars"":""0.4300"",""taker_side"":""no"",""ticker"":""KXETH15M-26APR272115-15"",""trade_id"":""03e0c281-90d5-6293-5b86-e2e660f46a6f"",""yes_price_dollars"":""0.5700""}"
KXETH15M-26APR272115-15,ca9446b5-ed27-7a0d-eb75-571c892e2103,1777338486,0.58,10.0,yes,"{""count_fp"":""10.00"",""created_time"":""2026-04-28T01:08:06.709413Z"",""no_price_dollars"":""0.4200"",""taker_side"":""yes"",""ticker"":""KXETH15M-26APR272115-15"",""trade_id"":""ca9446b5-ed27-7a0d-eb75-571c892e2103"",""yes_price_dollars"":""0.5800""}"
KXETH15M-26APR272115-15,16d271ae-8a71-6bb5-f49e-5cb1b249fa51,1777338486,0.56,1.03,no,"{""count_fp"":""1.03"",""created_time"":""2026-04-28T01:08:06.021416Z"",""no_price_dollars"":""0.4400"",""taker_side"":""no"",""ticker"":""KXETH15M-26APR272115-15"",""trade_id"":""16d271ae-8a71-6bb5-f49e-5cb1b249fa51"",""yes_price_dollars"":""0.5600""}"
KXETH15M-26APR272115-15,6b943d81-539f-6271-0354-6bd3a19174c9,1777338487,0.58,4.02,no,"{""count_fp"":""4.02"",""created_time"":""2026-04-28T01:08:07.179173Z"",""no_price_dollars"":""0.4200"",""taker_side"":""no"",""ticker"":""KXETH15M-26APR272115-15"",""trade_id"":""6b943d81-539f-6271-0354-6bd3a19174c9"",""yes_price_dollars"":""0.5800""}"
KXETH15M-26APR272115-15,d33664ae-62aa-6045-83e7-74af0b652718,1777338491,0.65,10.0,yes,"{""count_fp"":""10.00"",""created_time"":""2026-04-28T01:08:11.408827Z"",""no_price_dollars"":""0.3500"",""taker_side"":""yes"",""ticker"":""KXETH15M-26APR272115-15"",""trade_id"":""d33664ae-62aa-6045-83e7-74af0b652718"",""yes_price_dollars"":""0.6500""}"
KXETH15M-26APR272115-15,d200903f-0774-680a-beeb-723917649f97,1777338491,0.65,4.0,yes,"{""count_fp"":""4.00"",""created_time"":""2026-04-28T01:08:11.408827Z"",""no_price_dollars"":""0.3500"",""taker_side"":""yes"",""ticker"":""KXETH15M-26APR272115-15"",""trade_id"":""d200903f-0774-680a-beeb-723917649f97"",""yes_price_dollars"":""0.6500""}"
KXETH15M-26APR272115-15,2bbd0798-22db-6094-b773-b2d76b6660f9,1777338491,0.65,10.0,yes,"{""count_fp"":""10.00"",""created_time"":""2026-04-28T01:08:11.408827Z"",""no_price_dollars"":""0.3500"",""taker_side"":""yes"",""ticker"":""KXETH15M-26APR272115-15"",""trade_id"":""2bbd0798-22db-6094-b773-b2d76b6660f9"",""yes_price_dollars"":""0.6500""}"
KXETH15M-26APR272115-15,c37d2f5a-90d6-5806-a95c-6054b7f310be,1777338491,0.6,2.39,no,"{""count_fp"":""2.39"",""created_time"":""2026-04-28T01:08:11.132241Z"",""no_price_dollars"":""0.4000"",""taker_side"":""no"",""ticker"":""KXETH15M-26APR272115-15"",""trade_id"":""c37d2f5a-90d6-5806-a95c-6054b7f310be"",""yes_price_dollars"":""0.6000""}"
KXETH15M-26APR272115-15,61f5be27-2b67-7463-615b-4b71bcbf7fa1,1777338494,0.66,10.0,yes,"{""count_fp"":""10.00"",""created_time"":""2026-04-28T01:08:14.360082Z"",""no_price_dollars"":""0.3400"",""taker_side"":""yes"",""ticker"":""KXETH15M-26APR272115-15"",""trade_id"":""61f5be27-2b67-7463-615b-4b71bcbf7fa1"",""yes_price_dollars"":""0.6600""}"
KXETH15M-26APR272115-15,0f532247-be73-72bc-56f5-ed428bf139e1,1777338494,0.66,5.0,yes,"{""count_fp"":""5.00"",""created_time"":""2026-04-28T01:08:14.360082Z"",""no_price_dollars"":""0.3400"",""taker_side"":""yes"",""ticker"":""KXETH15M-26APR272115-15"",""trade_id"":""0f532247-be73-72bc-56f5-ed428bf139e1"",""yes_price_dollars"":""0.6600""}"
KXETH15M-26APR272115-15,0798cb04-a303-701d-794f-020400c701c8,1777338494,0.66,20.0,yes,"{""count_fp"":""20.00"",""created_time"":""2026-04-28T01:08:14.360082Z"",""no_price_dollars"":""0.3400"",""taker_side"":""yes"",""ticker"":""KXETH15M-26APR272115-15"",""trade_id"":""0798cb04-a303-701d-794f-020400c701c8"",""yes_price_dollars"":""0.6600""}"
KXETH15M-26APR272115-15,e36de48b-224c-648f-82b2-066ba72408fd,1777338495,0.69,10.0,yes,"{""count_fp"":""10.00"",""created_time"":""2026-04-28T01:08:15.968057Z"",""no_price_dollars"":""0.3100"",""taker_side"":""yes"",""ticker"":""KXETH15M-26APR272115-15"",""trade_id"":""e36de48b-224c-648f-82b2-066ba72408fd"",""yes_price_dollars"":""0.6900""}"
KXETH15M-26APR272115-15,18c14e01-3d95-6263-a2f6-759bee94d0f8,1777338495,0.68,5.0,yes,"{""count_fp"":""5.00"",""created_time"":""2026-04-28T01:08:15.968057Z"",""no_price_dollars"":""0.3200"",""taker_side"":""yes"",""ticker"":""KXETH15M-26APR272115-15"",""trade_id"":""18c14e01-3d95-6263-a2f6-759bee94d0f8"",""yes_price_dollars"":""0.6800""}"
KXETH15M-26APR272115-15,8aebc66d-eee9-5e8f-6c2d-43ecb7b9e44b,1777338496,0.69,2.81,no,"{""count_fp"":""2.81"",""created_time"":""2026-04-28T01:08:16.801878Z"",""no_price_dollars"":""0.3100"",""taker_side"":""no"",""ticker"":""KXETH15M-26APR272115-15"",""trade_id"":""8aebc66d-eee9-5e8f-6c2d-43ecb7b9e44b"",""yes_price_dollars"":""0.6900""}"
KXETH15M-26APR272115-15,7c4d2fca-adce-647f-c5ec-2b1a9f0a4751,1777338497,0.73,10.0,yes,"{""count_fp"":""10.00"",""created_time"":""2026-04-28T01:08:17.426986Z"",""no_price_dollars"":""0.2700"",""taker_side"":""yes"",""ticker"":""KXETH15M-26APR272115-15"",""trade_id"":""7c4d2fca-adce-647f-c5ec-2b1a9f0a4751"",""yes_price_dollars"":""0.7300""}"
KXETH15M-26APR272115-15,403c0101-9de5-6274-ce2c-7f0052900950,1777338497,0.73,5.0,yes,"{""count_fp"":""5.00"",""created_time"":""2026-04-28T01:08:17.426986Z"",""no_price_dollars"":""0.2700"",""taker_side"":""yes"",""ticker"":""KXETH15M-26APR272115-15"",""trade_id"":""403c0101-9de5-6274-ce2c-7f0052900950"",""yes_price_dollars"":""0.7300""}"
KXETH15M-26APR272115-15,3a96ddb9-0ee3-6ebb-e9ad-db068a2da9bc,1777338497,0.73,4.0,yes,"{""count_fp"":""4.00"",""created_time"":""2026-04-28T01:08:17.426986Z"",""no_price_dollars"":""0.2700"",""taker_side"":""yes"",""ticker"":""KXETH15M-26APR272115-15"",""trade_id"":""3a96ddb9-0ee3-6ebb-e9ad-db068a2da9bc"",""yes_price_dollars"":""0.7300""}"
KXETH15M-26APR272115-15,fcac7dc0-40c2-761b-3de8-fd3702dd5727,1777338502,0.7,15.0,no,"{""count_fp"":""15.00"",""created_time"":""2026-04-28T01:08:22.692897Z"",""no_price_dollars"":""0.3000"",""taker_side"":""no"",""ticker"":""KXETH15M-26APR272115-15"",""trade_id"":""fcac7dc0-40c2-761b-3de8-fd3702dd5727"",""yes_price_dollars"":""0.7000""}"
KXETH15M-26APR272115-15,cefb85ec-84ab-7b04-2716-6fa9f0b89c35,1777338502,0.7,10.0,no,"{""count_fp"":""10.00"",""created_time"":""2026-04-28T01:08:22.692897Z"",""no_price_dollars"":""0.3000"",""taker_side"":""no"",""ticker"":""KXETH15M-26APR272115-15"",""trade_id"":""cefb85ec-84ab-7b04-2716-6fa9f0b89c35"",""yes_price_dollars"":""0.7000""}"
KXETH15M-26APR272115-15,39f8ec9d-0be1-7293-39ed-7b200a6ddedc,1777338502,0.7,5.0,no,"{""count_fp"":""5.00"",""created_time"":""2026-04-28T01:08:22.692897Z"",""no_price_dollars"":""0.3000"",""taker_side"":""no"",""ticker"":""KXETH15M-26APR272115-15"",""trade_id"":""39f8ec9d-0be1-7293-39ed-7b200a6ddedc"",""yes_price_dollars"":""0.7000""}"
KXETH15M-26APR272115-15,f109a7f8-e713-7c29-cab9-4cedb1f7b737,1777338504,0.66,2.0,no,"{""count_fp"":""2.00"",""created_time"":""2026-04-28T01:08:24.525685Z"",""no_price_dollars"":""0.3400"",""taker_side"":""no"",""ticker"":""KXETH15M-26APR272115-15"",""trade_id"":""f109a7f8-e713-7c29-cab9-4cedb1f7b737"",""yes_price_dollars"":""0.6600""}"
KXETH15M-26APR272115-15,51423118-53d3-5761-eac1-ee25f3dafbff,1777338510,0.65,8.19,no,"{""count_fp"":""8.19"",""created_time"":""2026-04-28T01:08:30.769463Z"",""no_price_dollars"":""0.3500"",""taker_side"":""no"",""ticker"":""KXETH15M-26APR272115-15"",""trade_id"":""51423118-53d3-5761-eac1-ee25f3dafbff"",""yes_price_dollars"":""0.6500""}"
KXETH15M-26APR272115-15,b91e23a6-fd18-426d-4210-886799188e84,1777338511,0.68,7.0,yes,"{""count_fp"":""7.00"",""created_time"":""2026-04-28T01:08:31.544992Z"",""no_price_dollars"":""0.3200"",""taker_side"":""yes"",""ticker"":""KXETH15M-26APR272115-15"",""trade_id"":""b91e23a6-fd18-426d-4210-886799188e84"",""yes_price_dollars"":""0.6800""}"
