ticker,trade_id,ts,yes_price,count,taker_side,raw_json
KXETH15M-26APR271815-15,5a03485a-12c6-775b-f971-9db5f53dead1,1777327211,0.35,22.13,no,"{""count_fp"":""22.13"",""created_time"":""2026-04-27T22:00:11.031996Z"",""no_price_dollars"":""0.6500"",""taker_side"":""no"",""ticker"":""KXETH15M-26APR271815-15"",""trade_id"":""5a03485a-12c6-775b-f971-9db5f53dead1"",""yes_price_dollars"":""0.3500""}"
KXETH15M-26APR271815-15,18feb612-0493-7acc-dc9d-983c1ac2ece9,1777327211,0.41,5.0,no,"{""count_fp"":""5.00"",""created_time"":""2026-04-27T22:00:11.031996Z"",""no_price_dollars"":""0.5900"",""taker_side"":""no"",""ticker"":""KXETH15M-26APR271815-15"",""trade_id"":""18feb612-0493-7acc-dc9d-983c1ac2ece9"",""yes_price_dollars"":""0.4100""}"
KXETH15M-26APR271815-15,0e64e71d-60ce-7063-70d8-837bd835399f,1777327212,0.44,50.0,yes,"{""count_fp"":""50.00"",""created_time"":""2026-04-27T22:00:12.493857Z"",""no_price_dollars"":""0.5600"",""taker_side"":""yes"",""ticker"":""KXETH15M-26APR271815-15"",""trade_id"":""0e64e71d-60ce-7063-70d8-837bd835399f"",""yes_price_dollars"":""0.4400""}"
KXETH15M-26APR271815-15,f3bc43e6-da3f-6c58-07c3-0827793fff43,1777327217,0.44,9.06,yes,"{""count_fp"":""9.06"",""created_time"":""2026-04-27T22:00:17.406224Z"",""no_price_dollars"":""0.5600"",""taker_side"":""yes"",""ticker"":""KXETH15M-26APR271815-15"",""trade_id"":""f3bc43e6-da3f-6c58-07c3-0827793fff43"",""yes_price_dollars"":""0.4400""}"
KXETH15M-26APR271815-15,b082691c-f797-6616-2811-b95b8effc64a,1777327217,0.43,1.0,yes,"{""count_fp"":""1.00"",""created_time"":""2026-04-27T22:00:17.406224Z"",""no_price_dollars"":""0.5700"",""taker_side"":""yes"",""ticker"":""KXETH15M-26APR271815-15"",""trade_id"":""b082691c-f797-6616-2811-b95b8effc64a"",""yes_price_dollars"":""0.4300""}"
KXETH15M-26APR271815-15,9fa5a412-0392-59eb-afb0-1e0ee22ff614,1777327219,0.43,1.0,yes,"{""count_fp"":""1.00"",""created_time"":""2026-04-27T22:00:19.941744Z"",""no_price_dollars"":""0.5700"",""taker_side"":""yes"",""ticker"":""KXETH15M-26APR271815-15"",""trade_id"":""9fa5a412-0392-59eb-afb0-1e0ee22ff614"",""yes_price_dollars"":""0.4300""}"
KXETH15M-26APR271815-15,81ee031b-c727-59ec-8236-13a9c5c35877,1777327219,0.44,40.0,yes,"{""count_fp"":""40.00"",""created_time"":""2026-04-27T22:00:19.941744Z"",""no_price_dollars"":""0.5600"",""taker_side"":""yes"",""ticker"":""KXETH15M-26APR271815-15"",""trade_id"":""81ee031b-c727-59ec-8236-13a9c5c35877"",""yes_price_dollars"":""0.4400""}"
KXETH15M-26APR271815-15,de57fac0-6e52-5683-fd5b-bdd2694a1366,1777327221,0.42,5.0,no,"{""count_fp"":""5.00"",""created_time"":""2026-04-27T22:00:21.272255Z"",""no_price_dollars"":""0.5800"",""taker_side"":""no"",""ticker"":""KXETH15M-26APR271815-15"",""trade_id"":""de57fac0-6e52-5683-fd5b-bdd2694a1366"",""yes_price_dollars"":""0.4200""}"
KXETH15M-26APR271815-15,4e367a93-33cf-6082-c979-9ce059c81c00,1777327222,0.45,1.0,no,"{""count_fp"":""1.00"",""created_time"":""2026-04-27T22:00:22.806788Z"",""no_price_dollars"":""0.5500"",""taker_side"":""no"",""ticker"":""KXETH15M-26APR271815-15"",""trade_id"":""4e367a93-33cf-6082-c979-9ce059c81c00"",""yes_price_dollars"":""0.4500""}"
KXETH15M-26APR271815-15,cd6bc745-4da8-4cec-035b-ac6eac4531f0,1777327222,0.43,1.0,yes,"{""count_fp"":""1.00"",""created_time"":""2026-04-27T22:00:22.345157Z"",""no_price_dollars"":""0.5700"",""taker_side"":""yes"",""ticker"":""KXETH15M-26APR271815-15"",""trade_id"":""cd6bc745-4da8-4cec-035b-ac6eac4531f0"",""yes_price_dollars"":""0.4300""}"
KXETH15M-26APR271815-15,32a4f97d-10fa-4e73-15cd-9b874dffa854,1777327222,0.45,7.16,yes,"{""count_fp"":""7.16"",""created_time"":""2026-04-27T22:00:22.345157Z"",""no_price_dollars"":""0.5500"",""taker_side"":""yes"",""ticker"":""KXETH15M-26APR271815-15"",""trade_id"":""32a4f97d-10fa-4e73-15cd-9b874dffa854"",""yes_price_dollars"":""0.4500""}"
KXETH15M-26APR271815-15,572bf6ea-ddde-72ab-1b35-da588ec8a8fa,1777327223,0.33,200.0,no,"{""count_fp"":""200.00"",""created_time"":""2026-04-27T22:00:23.878315Z"",""no_price_dollars"":""0.6700"",""taker_side"":""no"",""ticker"":""KXETH15M-26APR271815-15"",""trade_id"":""572bf6ea-ddde-72ab-1b35-da588ec8a8fa"",""yes_price_dollars"":""0.3300""}"
KXETH15M-26APR271815-15,27108e1a-32ac-40b2-8957-6352d92f8166,1777327224,0.38,2.0,yes,"{""count_fp"":""2.00"",""created_time"":""2026-04-27T22:00:24.158847Z"",""no_price_dollars"":""0.6200"",""taker_side"":""yes"",""ticker"":""KXETH15M-26APR271815-15"",""trade_id"":""27108e1a-32ac-40b2-8957-6352d92f8166"",""yes_price_dollars"":""0.3800""}"
KXETH15M-26APR271815-15,f27216a6-1b30-5900-d4a5-fa3d7e28b075,1777327227,0.4,5.0,yes,"{""count_fp"":""5.00"",""created_time"":""2026-04-27T22:00:27.612465Z"",""no_price_dollars"":""0.6000"",""taker_side"":""yes"",""ticker"":""KXETH15M-26APR271815-15"",""trade_id"":""f27216a6-1b30-5900-d4a5-fa3d7e28b075"",""yes_price_dollars"":""0.4000""}"
KXETH15M-26APR271815-15,293c8694-aef5-690a-a353-50f8c1504f61,1777327229,0.5,1.0,yes,"{""count_fp"":""1.00"",""created_time"":""2026-04-27T22:00:29.284864Z"",""no_price_dollars"":""0.5000"",""taker_side"":""yes"",""ticker"":""KXETH15M-26APR271815-15"",""trade_id"":""293c8694-aef5-690a-a353-50f8c1504f61"",""yes_price_dollars"":""0.5000""}"
KXETH15M-26APR271815-15,c46335f3-5aa6-5a97-4c98-2c60709e234e,1777327229,0.47,60.0,no,"{""count_fp"":""60.00"",""created_time"":""2026-04-27T22:00:29.234575Z"",""no_price_dollars"":""0.5300"",""taker_side"":""no"",""ticker"":""KXETH15M-26APR271815-15"",""trade_id"":""c46335f3-5aa6-5a97-4c98-2c60709e234e"",""yes_price_dollars"":""0.4700""}"
KXETH15M-26APR271815-15,286541c4-93a0-55fa-c0b4-3b9d50a73a92,1777327229,0.43,50.0,yes,"{""count_fp"":""50.00"",""created_time"":""2026-04-27T22:00:29.123686Z"",""no_price_dollars"":""0.5700"",""taker_side"":""yes"",""ticker"":""KXETH15M-26APR271815-15"",""trade_id"":""286541c4-93a0-55fa-c0b4-3b9d50a73a92"",""yes_price_dollars"":""0.4300""}"
KXETH15M-26APR271815-15,9a2de4e1-4cb2-5e9f-5a91-491588968656,1777327229,0.39,3.14,no,"{""count_fp"":""3.14"",""created_time"":""2026-04-27T22:00:29.104156Z"",""no_price_dollars"":""0.6100"",""taker_side"":""no"",""ticker"":""KXETH15M-26APR271815-15"",""trade_id"":""9a2de4e1-4cb2-5e9f-5a91-491588968656"",""yes_price_dollars"":""0.3900""}"
KXETH15M-26APR271815-15,dc92aa5f-4538-680e-716e-2315f43ab012,1777327229,0.43,10.0,yes,"{""count_fp"":""10.00"",""created_time"":""2026-04-27T22:00:29.100684Z"",""no_price_dollars"":""0.5700"",""taker_side"":""yes"",""ticker"":""KXETH15M-26APR271815-15"",""trade_id"":""dc92aa5f-4538-680e-716e-2315f43ab012"",""yes_price_dollars"":""0.4300""}"
KXETH15M-26APR271815-15,77fb0943-1f72-6da0-40ec-534efeb6dc23,1777327229,0.43,5.0,yes,"{""count_fp"":""5.00"",""created_time"":""2026-04-27T22:00:29.100684Z"",""no_price_dollars"":""0.5700"",""taker_side"":""yes"",""ticker"":""KXETH15M-26APR271815-15"",""trade_id"":""77fb0943-1f72-6da0-40ec-534efeb6dc23"",""yes_price_dollars"":""0.4300""}"
KXETH15M-26APR271815-15,df0281f3-d878-770c-ac57-d1cb60eb3a6c,1777327229,0.42,0.94,yes,"{""count_fp"":""0.94"",""created_time"":""2026-04-27T22:00:29.088307Z"",""no_price_dollars"":""0.5800"",""taker_side"":""yes"",""ticker"":""KXETH15M-26APR271815-15"",""trade_id"":""df0281f3-d878-770c-ac57-d1cb60eb3a6c"",""yes_price_dollars"":""0.4200""}"
KXETH15M-26APR271815-15,d2bdb5d0-7633-48a0-2a8e-75d1c3f571ca,1777327229,0.42,5.0,yes,"{""count_fp"":""5.00"",""created_time"":""2026-04-27T22:00:29.083029Z"",""no_price_dollars"":""0.5800"",""taker_side"":""yes"",""ticker"":""KXETH15M-26APR271815-15"",""trade_id"":""d2bdb5d0-7633-48a0-2a8e-75d1c3f571ca"",""yes_price_dollars"":""0.4200""}"
KXETH15M-26APR271815-15,c231eeeb-aa58-48cc-2c6c-0380d78c8a54,1777327229,0.42,6.06,yes,"{""count_fp"":""6.06"",""created_time"":""2026-04-27T22:00:29.083029Z"",""no_price_dollars"":""0.5800"",""taker_side"":""yes"",""ticker"":""KXETH15M-26APR271815-15"",""trade_id"":""c231eeeb-aa58-48cc-2c6c-0380d78c8a54"",""yes_price_dollars"":""0.4200""}"
KXETH15M-26APR271815-15,62a0c145-5ce8-464c-0339-395c757e3585,1777327229,0.4,3.0,yes,"{""count_fp"":""3.00"",""created_time"":""2026-04-27T22:00:29.083029Z"",""no_price_dollars"":""0.6000"",""taker_side"":""yes"",""ticker"":""KXETH15M-26APR271815-15"",""trade_id"":""62a0c145-5ce8-464c-0339-395c757e3585"",""yes_price_dollars"":""0.4000""}"
KXETH15M-26APR271815-15,5c23187a-d73f-4570-0c38-ecaf0a1fbd33,1777327229,0.4,0.94,yes,"{""count_fp"":""0.94"",""created_time"":""2026-04-27T22:00:29.083029Z"",""no_price_dollars"":""0.6000"",""taker_side"":""yes"",""ticker"":""KXETH15M-26APR271815-15"",""trade_id"":""5c23187a-d73f-4570-0c38-ecaf0a1fbd33"",""yes_price_dollars"":""0.4000""}"
KXETH15M-26APR271815-15,0ebaa050-a6e0-5d91-ba6f-bd2b89a8d2d9,1777327230,0.58,5.0,no,"{""count_fp"":""5.00"",""created_time"":""2026-04-27T22:00:30.906488Z"",""no_price_dollars"":""0.4200"",""taker_side"":""no"",""ticker"":""KXETH15M-26APR271815-15"",""trade_id"":""0ebaa050-a6e0-5d91-ba6f-bd2b89a8d2d9"",""yes_price_dollars"":""0.5800""}"
KXETH15M-26APR271815-15,1d1a5061-d8ce-487a-5cba-6ac99bbe3df3,1777327230,0.53,1.0,yes,"{""count_fp"":""1.00"",""created_time"":""2026-04-27T22:00:30.130601Z"",""no_price_dollars"":""0.4700"",""taker_side"":""yes"",""ticker"":""KXETH15M-26APR271815-15"",""trade_id"":""1d1a5061-d8ce-487a-5cba-6ac99bbe3df3"",""yes_price_dollars"":""0.5300""}"
KXETH15M-26APR271815-15,32f7589c-a9ac-52c9-ecee-be02e43f54a5,1777327231,0.53,0.35,no,"{""count_fp"":""0.35"",""created_time"":""2026-04-27T22:00:31.485092Z"",""no_price_dollars"":""0.4700"",""taker_side"":""no"",""ticker"":""KXETH15M-26APR271815-15"",""trade_id"":""32f7589c-a9ac-52c9-ecee-be02e43f54a5"",""yes_price_dollars"":""0.5300""}"
KXETH15M-26APR271815-15,87cc92de-7064-71ad-27b2-509c9f347e7d,1777327237,0.49,7.0,no,"{""count_fp"":""7.00"",""created_time"":""2026-04-27T22:00:37.259196Z"",""no_price_dollars"":""0.5100"",""taker_side"":""no"",""ticker"":""KXETH15M-26APR271815-15"",""trade_id"":""87cc92de-7064-71ad-27b2-509c9f347e7d"",""yes_price_dollars"":""0.4900""}"
KXETH15M-26APR271815-15,8149d279-4553-556a-0471-a24340cdfdf8,1777327241,0.51,1.0,yes,"{""count_fp"":""1.00"",""created_time"":""2026-04-27T22:00:41.309494Z"",""no_price_dollars"":""0.4900"",""taker_side"":""yes"",""ticker"":""KXETH15M-26APR271815-15"",""trade_id"":""8149d279-4553-556a-0471-a24340cdfdf8"",""yes_price_dollars"":""0.5100""}"
KXETH15M-26APR271815-15,ace5e21a-f464-55c9-389a-a9c37af7b00c,1777327247,0.53,6.0,yes,"{""count_fp"":""6.00"",""created_time"":""2026-04-27T22:00:47.824057Z"",""no_price_dollars"":""0.4700"",""taker_side"":""yes"",""ticker"":""KXETH15M-26APR271815-15"",""trade_id"":""ace5e21a-f464-55c9-389a-a9c37af7b00c"",""yes_price_dollars"":""0.5300""}"
KXETH15M-26APR271815-15,a6dc3ec6-d974-5793-2e9d-88e3e80ce9a3,1777327247,0.51,1.0,yes,"{""count_fp"":""1.00"",""created_time"":""2026-04-27T22:00:47.824057Z"",""no_price_dollars"":""0.4900"",""taker_side"":""yes"",""ticker"":""KXETH15M-26APR271815-15"",""trade_id"":""a6dc3ec6-d974-5793-2e9d-88e3e80ce9a3"",""yes_price_dollars"":""0.5100""}"
KXETH15M-26APR271815-15,f5bbd3d0-0d87-78a6-86d6-1d7919713c6a,1777327249,0.48,100.0,no,"{""count_fp"":""100.00"",""created_time"":""2026-04-27T22:00:49.784806Z"",""no_price_dollars"":""0.5200"",""taker_side"":""no"",""ticker"":""KXETH15M-26APR271815-15"",""trade_id"":""f5bbd3d0-0d87-78a6-86d6-1d7919713c6a"",""yes_price_dollars"":""0.4800""}"
KXETH15M-26APR271815-15,d7ffeb39-28d9-5bd7-600a-708d6449a5a3,1777327249,0.5,10.0,no,"{""count_fp"":""10.00"",""created_time"":""2026-04-27T22:00:49.784458Z"",""no_price_dollars"":""0.5000"",""taker_side"":""no"",""ticker"":""KXETH15M-26APR271815-15"",""trade_id"":""d7ffeb39-28d9-5bd7-600a-708d6449a5a3"",""yes_price_dollars"":""0.5000""}"
KXETH15M-26APR271815-15,0984ac80-7192-5a09-711b-3b136f52b58e,1777327249,0.5,1.0,no,"{""count_fp"":""1.00"",""created_time"":""2026-04-27T22:00:49.784458Z"",""no_price_dollars"":""0.5000"",""taker_side"":""no"",""ticker"":""KXETH15M-26APR271815-15"",""trade_id"":""0984ac80-7192-5a09-711b-3b136f52b58e"",""yes_price_dollars"":""0.5000""}"
KXETH15M-26APR271815-15,bf7cb959-a4dc-4d2f-a7b8-e2b1e4e7a8e8,1777327249,0.53,8.16,yes,"{""count_fp"":""8.16"",""created_time"":""2026-04-27T22:00:49.042505Z"",""no_price_dollars"":""0.4700"",""taker_side"":""yes"",""ticker"":""KXETH15M-26APR271815-15"",""trade_id"":""bf7cb959-a4dc-4d2f-a7b8-e2b1e4e7a8e8"",""yes_price_dollars"":""0.5300""}"
KXETH15M-26APR271815-15,b432ce77-61a5-4c65-a02e-a040e5525ea6,1777327249,0.51,1.0,yes,"{""count_fp"":""1.00"",""created_time"":""2026-04-27T22:00:49.042505Z"",""no_price_dollars"":""0.4900"",""taker_side"":""yes"",""ticker"":""KXETH15M-26APR271815-15"",""trade_id"":""b432ce77-61a5-4c65-a02e-a040e5525ea6"",""yes_price_dollars"":""0.5100""}"
KXETH15M-26APR271815-15,ea769594-acb2-6044-e8a3-0ddb4e14ffdd,1777327252,0.45,0.35,yes,"{""count_fp"":""0.35"",""created_time"":""2026-04-27T22:00:52.665337Z"",""no_price_dollars"":""0.5500"",""taker_side"":""yes"",""ticker"":""KXETH15M-26APR271815-15"",""trade_id"":""ea769594-acb2-6044-e8a3-0ddb4e14ffdd"",""yes_price_dollars"":""0.4500""}"
KXETH15M-26APR271815-15,57cc8a4e-2254-5115-28f0-0d0e82afa92c,1777327254,0.47,10.25,yes,"{""count_fp"":""10.25"",""created_time"":""2026-04-27T22:00:54.022951Z"",""no_price_dollars"":""0.5300"",""taker_side"":""yes"",""ticker"":""KXETH15M-26APR271815-15"",""trade_id"":""57cc8a4e-2254-5115-28f0-0d0e82afa92c"",""yes_price_dollars"":""0.4700""}"
KXETH15M-26APR271815-15,254b0c56-6c18-42de-35bb-5142e91850b9,1777327256,0.46,10.0,yes,"{""count_fp"":""10.00"",""created_time"":""2026-04-27T22:00:56.871824Z"",""no_price_dollars"":""0.5400"",""taker_side"":""yes"",""ticker"":""KXETH15M-26APR271815-15"",""trade_id"":""254b0c56-6c18-42de-35bb-5142e91850b9"",""yes_price_dollars"":""0.4600""}"
KXETH15M-26APR271815-15,09c4000e-1eda-4579-1f33-da6fcc175226,1777327256,0.46,0.25,yes,"{""count_fp"":""0.25"",""created_time"":""2026-04-27T22:00:56.871824Z"",""no_price_dollars"":""0.5400"",""taker_side"":""yes"",""ticker"":""KXETH15M-26APR271815-15"",""trade_id"":""09c4000e-1eda-4579-1f33-da6fcc175226"",""yes_price_dollars"":""0.4600""}"
KXETH15M-26APR271815-15,387eaa37-7cdc-789a-388e-12c083463ba1,1777327260,0.44,2.0,no,"{""count_fp"":""2.00"",""created_time"":""2026-04-27T22:01:00.939812Z"",""no_price_dollars"":""0.5600"",""taker_side"":""no"",""ticker"":""KXETH15M-26APR271815-15"",""trade_id"":""387eaa37-7cdc-789a-388e-12c083463ba1"",""yes_price_dollars"":""0.4400""}"
KXETH15M-26APR271815-15,b8dfe30b-79f0-6127-fccd-6a7857ec3b76,1777327260,0.45,45.0,no,"{""count_fp"":""45.00"",""created_time"":""2026-04-27T22:01:00.473841Z"",""no_price_dollars"":""0.5500"",""taker_side"":""no"",""ticker"":""KXETH15M-26APR271815-15"",""trade_id"":""b8dfe30b-79f0-6127-fccd-6a7857ec3b76"",""yes_price_dollars"":""0.4500""}"
KXETH15M-26APR271815-15,2f1e5dd1-f046-674e-e5af-883424288013,1777327260,0.46,1.0,no,"{""count_fp"":""1.00"",""created_time"":""2026-04-27T22:01:00.473841Z"",""no_price_dollars"":""0.5400"",""taker_side"":""no"",""ticker"":""KXETH15M-26APR271815-15"",""trade_id"":""2f1e5dd1-f046-674e-e5af-883424288013"",""yes_price_dollars"":""0.4600""}"
KXETH15M-26APR271815-15,7b11a6be-b47e-7516-7132-8a51ef2f24e2,1777327266,0.48,1.0,no,"{""count_fp"":""1.00"",""created_time"":""2026-04-27T22:01:06.656691Z"",""no_price_dollars"":""0.5200"",""taker_side"":""no"",""ticker"":""KXETH15M-26APR271815-15"",""trade_id"":""7b11a6be-b47e-7516-7132-8a51ef2f24e2"",""yes_price_dollars"":""0.4800""}"
KXETH15M-26APR271815-15,c5df6d8d-f374-4057-5808-c7132c68a916,1777327266,0.49,2.0,yes,"{""count_fp"":""2.00"",""created_time"":""2026-04-27T22:01:06.630011Z"",""no_price_dollars"":""0.5100"",""taker_side"":""yes"",""ticker"":""KXETH15M-26APR271815-15"",""trade_id"":""c5df6d8d-f374-4057-5808-c7132c68a916"",""yes_price_dollars"":""0.4900""}"
KXETH15M-26APR271815-15,a8f08331-5a4e-4249-35c7-86e8b041ffec,1777327269,0.5,1.0,yes,"{""count_fp"":""1.00"",""created_time"":""2026-04-27T22:01:09.268941Z"",""no_price_dollars"":""0.5000"",""taker_side"":""yes"",""ticker"":""KXETH15M-26APR271815-15"",""trade_id"":""a8f08331-5a4e-4249-35c7-86e8b041ffec"",""yes_price_dollars"":""0.5000""}"
KXETH15M-26APR271815-15,85ac2306-5818-75c3-380b-5d0cad4a793d,1777327270,0.51,9.87,no,"{""count_fp"":""9.87"",""created_time"":""2026-04-27T22:01:10.433963Z"",""no_price_dollars"":""0.4900"",""taker_side"":""no"",""ticker"":""KXETH15M-26APR271815-15"",""trade_id"":""85ac2306-5818-75c3-380b-5d0cad4a793d"",""yes_price_dollars"":""0.5100""}"
KXETH15M-26APR271815-15,278a322f-8c48-7064-3732-dd9a6fe57b1d,1777327270,0.51,10.98,no,"{""count_fp"":""10.98"",""created_time"":""2026-04-27T22:01:10.433963Z"",""no_price_dollars"":""0.4900"",""taker_side"":""no"",""ticker"":""KXETH15M-26APR271815-15"",""trade_id"":""278a322f-8c48-7064-3732-dd9a6fe57b1d"",""yes_price_dollars"":""0.5100""}"
KXETH15M-26APR271815-15,bcc1e452-eae7-6ca0-dc1f-63ad94a5d626,1777327270,0.55,1.0,yes,"{""count_fp"":""1.00"",""created_time"":""2026-04-27T22:01:10.352402Z"",""no_price_dollars"":""0.4500"",""taker_side"":""yes"",""ticker"":""KXETH15M-26APR271815-15"",""trade_id"":""bcc1e452-eae7-6ca0-dc1f-63ad94a5d626"",""yes_price_dollars"":""0.5500""}"
KXETH15M-26APR271815-15,90b0d901-40a7-458b-e2fe-9a42638ade9b,1777327271,0.54,1.0,yes,"{""count_fp"":""1.00"",""created_time"":""2026-04-27T22:01:11.892454Z"",""no_price_dollars"":""0.4600"",""taker_side"":""yes"",""ticker"":""KXETH15M-26APR271815-15"",""trade_id"":""90b0d901-40a7-458b-e2fe-9a42638ade9b"",""yes_price_dollars"":""0.5400""}"
KXETH15M-26APR271815-15,3f57f80d-dcfc-4ac9-de26-0d2b26fff6fd,1777327271,0.56,25.01,yes,"{""count_fp"":""25.01"",""created_time"":""2026-04-27T22:01:11.892454Z"",""no_price_dollars"":""0.4400"",""taker_side"":""yes"",""ticker"":""KXETH15M-26APR271815-15"",""trade_id"":""3f57f80d-dcfc-4ac9-de26-0d2b26fff6fd"",""yes_price_dollars"":""0.5600""}"
KXETH15M-26APR271815-15,83e2f609-9377-5a7c-b383-8ee489ba9bc5,1777327271,0.52,10.76,no,"{""count_fp"":""10.76"",""created_time"":""2026-04-27T22:01:11.378429Z"",""no_price_dollars"":""0.4800"",""taker_side"":""no"",""ticker"":""KXETH15M-26APR271815-15"",""trade_id"":""83e2f609-9377-5a7c-b383-8ee489ba9bc5"",""yes_price_dollars"":""0.5200""}"
KXETH15M-26APR271815-15,1bc662be-4113-5d12-90d1-b9730044a336,1777327271,0.52,10.0,no,"{""count_fp"":""10.00"",""created_time"":""2026-04-27T22:01:11.378429Z"",""no_price_dollars"":""0.4800"",""taker_side"":""no"",""ticker"":""KXETH15M-26APR271815-15"",""trade_id"":""1bc662be-4113-5d12-90d1-b9730044a336"",""yes_price_dollars"":""0.5200""}"
KXETH15M-26APR271815-15,10361c2e-0ce9-547a-ac47-f8e95bfe58c4,1777327271,0.51,77.24,no,"{""count_fp"":""77.24"",""created_time"":""2026-04-27T22:01:11.378429Z"",""no_price_dollars"":""0.4900"",""taker_side"":""no"",""ticker"":""KXETH15M-26APR271815-15"",""trade_id"":""10361c2e-0ce9-547a-ac47-f8e95bfe58c4"",""yes_price_dollars"":""0.5100""}"
KXETH15M-26APR271815-15,071b8ad1-a029-63ea-15a8-5fe42a7ff10c,1777327275,0.54,3.01,no,"{""count_fp"":""3.01"",""created_time"":""2026-04-27T22:01:15.762097Z"",""no_price_dollars"":""0.4600"",""taker_side"":""no"",""ticker"":""KXETH15M-26APR271815-15"",""trade_id"":""071b8ad1-a029-63ea-15a8-5fe42a7ff10c"",""yes_price_dollars"":""0.5400""}"
KXETH15M-26APR271815-15,8b7187db-ccdb-4ab2-e04c-d980a26492f7,1777327276,0.59,1.0,yes,"{""count_fp"":""1.00"",""created_time"":""2026-04-27T22:01:16.185267Z"",""no_price_dollars"":""0.4100"",""taker_side"":""yes"",""ticker"":""KXETH15M-26APR271815-15"",""trade_id"":""8b7187db-ccdb-4ab2-e04c-d980a26492f7"",""yes_price_dollars"":""0.5900""}"
KXETH15M-26APR271815-15,320076d1-39b8-43ad-ef90-882e20ea13d8,1777327276,0.58,16.75,yes,"{""count_fp"":""16.75"",""created_time"":""2026-04-27T22:01:16.058539Z"",""no_price_dollars"":""0.4200"",""taker_side"":""yes"",""ticker"":""KXETH15M-26APR271815-15"",""trade_id"":""320076d1-39b8-43ad-ef90-882e20ea13d8"",""yes_price_dollars"":""0.5800""}"
KXETH15M-26APR271815-15,f2ef986c-5f88-530d-96a8-82e5482f0f74,1777327276,0.58,11.0,yes,"{""count_fp"":""11.00"",""created_time"":""2026-04-27T22:01:16.019228Z"",""no_price_dollars"":""0.4200"",""taker_side"":""yes"",""ticker"":""KXETH15M-26APR271815-15"",""trade_id"":""f2ef986c-5f88-530d-96a8-82e5482f0f74"",""yes_price_dollars"":""0.5800""}"
KXETH15M-26APR271815-15,84916589-c4c5-7a6f-d0fd-f5a2efe0c796,1777327276,0.57,10.0,yes,"{""count_fp"":""10.00"",""created_time"":""2026-04-27T22:01:16.018187Z"",""no_price_dollars"":""0.4300"",""taker_side"":""yes"",""ticker"":""KXETH15M-26APR271815-15"",""trade_id"":""84916589-c4c5-7a6f-d0fd-f5a2efe0c796"",""yes_price_dollars"":""0.5700""}"
KXETH15M-26APR271815-15,7e6cd95a-eac8-708e-d6d0-fc2afffec4f7,1777327276,0.56,1.0,yes,"{""count_fp"":""1.00"",""created_time"":""2026-04-27T22:01:16.018187Z"",""no_price_dollars"":""0.4400"",""taker_side"":""yes"",""ticker"":""KXETH15M-26APR271815-15"",""trade_id"":""7e6cd95a-eac8-708e-d6d0-fc2afffec4f7"",""yes_price_dollars"":""0.5600""}"
KXETH15M-26APR271815-15,01328813-9b6b-5067-7634-6974e7dbee58,1777327277,0.58,10.0,no,"{""count_fp"":""10.00"",""created_time"":""2026-04-27T22:01:17.632301Z"",""no_price_dollars"":""0.4200"",""taker_side"":""no"",""ticker"":""KXETH15M-26APR271815-15"",""trade_id"":""01328813-9b6b-5067-7634-6974e7dbee58"",""yes_price_dollars"":""0.5800""}"
KXETH15M-26APR271815-15,f39e5370-e8bf-7e69-27f3-030ccbdd7b19,1777327286,0.56,10.0,no,"{""count_fp"":""10.00"",""created_time"":""2026-04-27T22:01:26.291977Z"",""no_price_dollars"":""0.4400"",""taker_side"":""no"",""ticker"":""KXETH15M-26APR271815-15"",""trade_id"":""f39e5370-e8bf-7e69-27f3-030ccbdd7b19"",""yes_price_dollars"":""0.5600""}"
KXETH15M-26APR271815-15,ab94982f-2b60-7c45-db6b-3f2f1a19fdc5,1777327287,0.56,1.71,yes,"{""count_fp"":""1.71"",""created_time"":""2026-04-27T22:01:27.693254Z"",""no_price_dollars"":""0.4400"",""taker_side"":""yes"",""ticker"":""KXETH15M-26APR271815-15"",""trade_id"":""ab94982f-2b60-7c45-db6b-3f2f1a19fdc5"",""yes_price_dollars"":""0.5600""}"
KXETH15M-26APR271815-15,41d0ad4e-cbbb-7dce-93dd-633be3c08e04,1777327295,0.56,1.0,no,"{""count_fp"":""1.00"",""created_time"":""2026-04-27T22:01:35.811896Z"",""no_price_dollars"":""0.4400"",""taker_side"":""no"",""ticker"":""KXETH15M-26APR271815-15"",""trade_id"":""41d0ad4e-cbbb-7dce-93dd-633be3c08e04"",""yes_price_dollars"":""0.5600""}"
KXETH15M-26APR271815-15,e7fc1cef-33d3-4ad9-a1cd-dc41407ca92b,1777327295,0.58,6.67,yes,"{""count_fp"":""6.67"",""created_time"":""2026-04-27T22:01:35.797086Z"",""no_price_dollars"":""0.4200"",""taker_side"":""yes"",""ticker"":""KXETH15M-26APR271815-15"",""trade_id"":""e7fc1cef-33d3-4ad9-a1cd-dc41407ca92b"",""yes_price_dollars"":""0.5800""}"
KXETH15M-26APR271815-15,c1c568f7-d6bb-54ca-beff-4068d7d2a154,1777327301,0.56,9.0,no,"{""count_fp"":""9.00"",""created_time"":""2026-04-27T22:01:41.574286Z"",""no_price_dollars"":""0.4400"",""taker_side"":""no"",""ticker"":""KXETH15M-26APR271815-15"",""trade_id"":""c1c568f7-d6bb-54ca-beff-4068d7d2a154"",""yes_price_dollars"":""0.5600""}"
KXETH15M-26APR271815-15,175638a0-e799-5446-92ee-f4fefc4152b8,1777327301,0.56,1.06,no,"{""count_fp"":""1.06"",""created_time"":""2026-04-27T22:01:41.574286Z"",""no_price_dollars"":""0.4400"",""taker_side"":""no"",""ticker"":""KXETH15M-26APR271815-15"",""trade_id"":""175638a0-e799-5446-92ee-f4fefc4152b8"",""yes_price_dollars"":""0.5600""}"
KXETH15M-26APR271815-15,dc395579-1e4d-57e6-17f5-18d265769f38,1777327302,0.56,10.93,no,"{""count_fp"":""10.93"",""created_time"":""2026-04-27T22:01:42.579412Z"",""no_price_dollars"":""0.4400"",""taker_side"":""no"",""ticker"":""KXETH15M-26APR271815-15"",""trade_id"":""dc395579-1e4d-57e6-17f5-18d265769f38"",""yes_price_dollars"":""0.5600""}"
KXETH15M-26APR271815-15,cbf00505-f84d-50fb-10af-45337d659c0a,1777327303,0.59,2.0,yes,"{""count_fp"":""2.00"",""created_time"":""2026-04-27T22:01:43.973932Z"",""no_price_dollars"":""0.4100"",""taker_side"":""yes"",""ticker"":""KXETH15M-26APR271815-15"",""trade_id"":""cbf00505-f84d-50fb-10af-45337d659c0a"",""yes_price_dollars"":""0.5900""}"
KXETH15M-26APR271815-15,756deee3-94ac-4a21-c2cb-3badcb66b429,1777327311,0.59,9.0,yes,"{""count_fp"":""9.00"",""created_time"":""2026-04-27T22:01:51.234214Z"",""no_price_dollars"":""0.4100"",""taker_side"":""yes"",""ticker"":""KXETH15M-26APR271815-15"",""trade_id"":""756deee3-94ac-4a21-c2cb-3badcb66b429"",""yes_price_dollars"":""0.5900""}"
KXETH15M-26APR271815-15,33d3dd5c-66f0-611d-5889-593bfb2163e5,1777327313,0.58,5.0,yes,"{""count_fp"":""5.00"",""created_time"":""2026-04-27T22:01:53.550735Z"",""no_price_dollars"":""0.4200"",""taker_side"":""yes"",""ticker"":""KXETH15M-26APR271815-15"",""trade_id"":""33d3dd5c-66f0-611d-5889-593bfb2163e5"",""yes_price_dollars"":""0.5800""}"
KXETH15M-26APR271815-15,424c1426-8212-742d-824e-84fff03eb1aa,1777327313,0.58,1.0,no,"{""count_fp"":""1.00"",""created_time"":""2026-04-27T22:01:53.347548Z"",""no_price_dollars"":""0.4200"",""taker_side"":""no"",""ticker"":""KXETH15M-26APR271815-15"",""trade_id"":""424c1426-8212-742d-824e-84fff03eb1aa"",""yes_price_dollars"":""0.5800""}"
KXETH15M-26APR271815-15,d4744b67-1084-5c7d-8985-ac76f777b34d,1777327314,0.58,3.0,yes,"{""count_fp"":""3.00"",""created_time"":""2026-04-27T22:01:54.222764Z"",""no_price_dollars"":""0.4200"",""taker_side"":""yes"",""ticker"":""KXETH15M-26APR271815-15"",""trade_id"":""d4744b67-1084-5c7d-8985-ac76f777b34d"",""yes_price_dollars"":""0.5800""}"
KXETH15M-26APR271815-15,c755f989-afb8-46d1-f163-1fbbe6b047b5,1777327317,0.58,16.74,yes,"{""count_fp"":""16.74"",""created_time"":""2026-04-27T22:01:57.218798Z"",""no_price_dollars"":""0.4200"",""taker_side"":""yes"",""ticker"":""KXETH15M-26APR271815-15"",""trade_id"":""c755f989-afb8-46d1-f163-1fbbe6b047b5"",""yes_price_dollars"":""0.5800""}"
KXETH15M-26APR271815-15,ccf967fb-1c9e-73ae-effa-a0721074f752,1777327319,0.55,0.89,no,"{""count_fp"":""0.89"",""created_time"":""2026-04-27T22:01:59.157835Z"",""no_price_dollars"":""0.4500"",""taker_side"":""no"",""ticker"":""KXETH15M-26APR271815-15"",""trade_id"":""ccf967fb-1c9e-73ae-effa-a0721074f752"",""yes_price_dollars"":""0.5500""}"
KXETH15M-26APR271815-15,620fffa2-1018-79f7-f9e4-4977e4522766,1777327319,0.56,10.0,no,"{""count_fp"":""10.00"",""created_time"":""2026-04-27T22:01:59.157835Z"",""no_price_dollars"":""0.4400"",""taker_side"":""no"",""ticker"":""KXETH15M-26APR271815-15"",""trade_id"":""620fffa2-1018-79f7-f9e4-4977e4522766"",""yes_price_dollars"":""0.5600""}"
KXETH15M-26APR271815-15,21cefb82-e6ea-6305-4a92-9a2b678cf649,1777327328,0.56,1.0,yes,"{""count_fp"":""1.00"",""created_time"":""2026-04-27T22:02:08.218222Z"",""no_price_dollars"":""0.4400"",""taker_side"":""yes"",""ticker"":""KXETH15M-26APR271815-15"",""trade_id"":""21cefb82-e6ea-6305-4a92-9a2b678cf649"",""yes_price_dollars"":""0.5600""}"
KXETH15M-26APR271815-15,aa9b2438-10f2-68e6-7305-79774cf12ac2,1777327331,0.55,0.11,no,"{""count_fp"":""0.11"",""created_time"":""2026-04-27T22:02:11.312465Z"",""no_price_dollars"":""0.4500"",""taker_side"":""no"",""ticker"":""KXETH15M-26APR271815-15"",""trade_id"":""aa9b2438-10f2-68e6-7305-79774cf12ac2"",""yes_price_dollars"":""0.5500""}"
KXETH15M-26APR271815-15,304c92bb-8003-678a-51f4-f67e341e76fb,1777327331,0.55,0.89,no,"{""count_fp"":""0.89"",""created_time"":""2026-04-27T22:02:11.312465Z"",""no_price_dollars"":""0.4500"",""taker_side"":""no"",""ticker"":""KXETH15M-26APR271815-15"",""trade_id"":""304c92bb-8003-678a-51f4-f67e341e76fb"",""yes_price_dollars"":""0.5500""}"
KXETH15M-26APR271815-15,d26e8f6f-bb39-777e-17d6-caa02cce608c,1777327334,0.58,1.0,yes,"{""count_fp"":""1.00"",""created_time"":""2026-04-27T22:02:14.245768Z"",""no_price_dollars"":""0.4200"",""taker_side"":""yes"",""ticker"":""KXETH15M-26APR271815-15"",""trade_id"":""d26e8f6f-bb39-777e-17d6-caa02cce608c"",""yes_price_dollars"":""0.5800""}"
KXETH15M-26APR271815-15,63f2f4f0-ace0-7c56-085f-979ca006d91e,1777327334,0.58,3.99,yes,"{""count_fp"":""3.99"",""created_time"":""2026-04-27T22:02:14.245768Z"",""no_price_dollars"":""0.4200"",""taker_side"":""yes"",""ticker"":""KXETH15M-26APR271815-15"",""trade_id"":""63f2f4f0-ace0-7c56-085f-979ca006d91e"",""yes_price_dollars"":""0.5800""}"
KXETH15M-26APR271815-15,45c9b0e2-a7cc-7d15-e913-afc7456f83ad,1777327341,0.58,1.67,yes,"{""count_fp"":""1.67"",""created_time"":""2026-04-27T22:02:21.485869Z"",""no_price_dollars"":""0.4200"",""taker_side"":""yes"",""ticker"":""KXETH15M-26APR271815-15"",""trade_id"":""45c9b0e2-a7cc-7d15-e913-afc7456f83ad"",""yes_price_dollars"":""0.5800""}"
KXETH15M-26APR271815-15,3f0e44bf-6a68-5176-d74a-c627dfe0c718,1777327343,0.55,1.0,no,"{""count_fp"":""1.00"",""created_time"":""2026-04-27T22:02:23.271013Z"",""no_price_dollars"":""0.4500"",""taker_side"":""no"",""ticker"":""KXETH15M-26APR271815-15"",""trade_id"":""3f0e44bf-6a68-5176-d74a-c627dfe0c718"",""yes_price_dollars"":""0.5500""}"
KXETH15M-26APR271815-15,580958f9-c118-44c9-fb3b-575af955a7be,1777327344,0.48,50.0,no,"{""count_fp"":""50.00"",""created_time"":""2026-04-27T22:02:24.428069Z"",""no_price_dollars"":""0.5200"",""taker_side"":""no"",""ticker"":""KXETH15M-26APR271815-15"",""trade_id"":""580958f9-c118-44c9-fb3b-575af955a7be"",""yes_price_dollars"":""0.4800""}"
KXETH15M-26APR271815-15,f7cb4a5b-87fd-6ead-4fdb-7f3d89f147ae,1777327344,0.49,65.0,no,"{""count_fp"":""65.00"",""created_time"":""2026-04-27T22:02:24.407488Z"",""no_price_dollars"":""0.5100"",""taker_side"":""no"",""ticker"":""KXETH15M-26APR271815-15"",""trade_id"":""f7cb4a5b-87fd-6ead-4fdb-7f3d89f147ae"",""yes_price_dollars"":""0.4900""}"
KXETH15M-26APR271815-15,71a85ae3-674a-63e4-2e1e-788facf4cd19,1777327344,0.52,10.0,no,"{""count_fp"":""10.00"",""created_time"":""2026-04-27T22:02:24.338669Z"",""no_price_dollars"":""0.4800"",""taker_side"":""no"",""ticker"":""KXETH15M-26APR271815-15"",""trade_id"":""71a85ae3-674a-63e4-2e1e-788facf4cd19"",""yes_price_dollars"":""0.5200""}"
KXETH15M-26APR271815-15,33c040e5-d1be-7d1c-55a8-b56f4d76afb0,1777327348,0.43,5.0,no,"{""count_fp"":""5.00"",""created_time"":""2026-04-27T22:02:28.413884Z"",""no_price_dollars"":""0.5700"",""taker_side"":""no"",""ticker"":""KXETH15M-26APR271815-15"",""trade_id"":""33c040e5-d1be-7d1c-55a8-b56f4d76afb0"",""yes_price_dollars"":""0.4300""}"
KXETH15M-26APR271815-15,3348b792-0c44-75da-f6c3-b5ebb2d200f9,1777327349,0.4,3.0,no,"{""count_fp"":""3.00"",""created_time"":""2026-04-27T22:02:29.681655Z"",""no_price_dollars"":""0.6000"",""taker_side"":""no"",""ticker"":""KXETH15M-26APR271815-15"",""trade_id"":""3348b792-0c44-75da-f6c3-b5ebb2d200f9"",""yes_price_dollars"":""0.4000""}"
KXETH15M-26APR271815-15,bc8ee0d7-24a4-79cd-0920-b7ee879396e1,1777327350,0.38,41.03,yes,"{""count_fp"":""41.03"",""created_time"":""2026-04-27T22:02:30.351936Z"",""no_price_dollars"":""0.6200"",""taker_side"":""yes"",""ticker"":""KXETH15M-26APR271815-15"",""trade_id"":""bc8ee0d7-24a4-79cd-0920-b7ee879396e1"",""yes_price_dollars"":""0.3800""}"
KXETH15M-26APR271815-15,a528d32c-ba07-7c4e-26ae-ec2882c0c51b,1777327350,0.35,1.0,no,"{""count_fp"":""1.00"",""created_time"":""2026-04-27T22:02:30.274712Z"",""no_price_dollars"":""0.6500"",""taker_side"":""no"",""ticker"":""KXETH15M-26APR271815-15"",""trade_id"":""a528d32c-ba07-7c4e-26ae-ec2882c0c51b"",""yes_price_dollars"":""0.3500""}"
KXETH15M-26APR271815-15,37684095-601b-7fa8-3165-708bb49d2abd,1777327350,0.38,5.0,no,"{""count_fp"":""5.00"",""created_time"":""2026-04-27T22:02:30.274712Z"",""no_price_dollars"":""0.6200"",""taker_side"":""no"",""ticker"":""KXETH15M-26APR271815-15"",""trade_id"":""37684095-601b-7fa8-3165-708bb49d2abd"",""yes_price_dollars"":""0.3800""}"
KXETH15M-26APR271815-15,1abba910-550c-5322-bec0-384024af6e51,1777327350,0.4,1.66,no,"{""count_fp"":""1.66"",""created_time"":""2026-04-27T22:02:30.085598Z"",""no_price_dollars"":""0.6000"",""taker_side"":""no"",""ticker"":""KXETH15M-26APR271815-15"",""trade_id"":""1abba910-550c-5322-bec0-384024af6e51"",""yes_price_dollars"":""0.4000""}"
KXETH15M-26APR271815-15,19db8fa4-ea94-6f3e-d9ae-588aadec6771,1777327350,0.4,0.34,no,"{""count_fp"":""0.34"",""created_time"":""2026-04-27T22:02:30.030554Z"",""no_price_dollars"":""0.6000"",""taker_side"":""no"",""ticker"":""KXETH15M-26APR271815-15"",""trade_id"":""19db8fa4-ea94-6f3e-d9ae-588aadec6771"",""yes_price_dollars"":""0.4000""}"
KXETH15M-26APR271815-15,1e40307e-ffc7-6d45-9837-4c83f4c3f54c,1777327351,0.36,10.0,yes,"{""count_fp"":""10.00"",""created_time"":""2026-04-27T22:02:31.245105Z"",""no_price_dollars"":""0.6400"",""taker_side"":""yes"",""ticker"":""KXETH15M-26APR271815-15"",""trade_id"":""1e40307e-ffc7-6d45-9837-4c83f4c3f54c"",""yes_price_dollars"":""0.3600""}"
KXETH15M-26APR271815-15,e1a5626d-f651-6916-faf2-77e826f32878,1777327351,0.34,1.0,no,"{""count_fp"":""1.00"",""created_time"":""2026-04-27T22:02:31.200327Z"",""no_price_dollars"":""0.6600"",""taker_side"":""no"",""ticker"":""KXETH15M-26APR271815-15"",""trade_id"":""e1a5626d-f651-6916-faf2-77e826f32878"",""yes_price_dollars"":""0.3400""}"
KXETH15M-26APR271815-15,e7742206-c972-5176-1cf6-34d5003ba001,1777327351,0.34,76.16,yes,"{""count_fp"":""76.16"",""created_time"":""2026-04-27T22:02:31.032088Z"",""no_price_dollars"":""0.6600"",""taker_side"":""yes"",""ticker"":""KXETH15M-26APR271815-15"",""trade_id"":""e7742206-c972-5176-1cf6-34d5003ba001"",""yes_price_dollars"":""0.3400""}"
KXETH15M-26APR271815-15,283c069b-73ce-5771-f061-01a0117cf5fe,1777327352,0.41,11.6,yes,"{""count_fp"":""11.60"",""created_time"":""2026-04-27T22:02:32.352241Z"",""no_price_dollars"":""0.5900"",""taker_side"":""yes"",""ticker"":""KXETH15M-26APR271815-15"",""trade_id"":""283c069b-73ce-5771-f061-01a0117cf5fe"",""yes_price_dollars"":""0.4100""}"
KXETH15M-26APR271815-15,36120627-8249-65e2-6a2b-b5e37b7049bc,1777327355,0.36,3.0,no,"{""count_fp"":""3.00"",""created_time"":""2026-04-27T22:02:35.369741Z"",""no_price_dollars"":""0.6400"",""taker_side"":""no"",""ticker"":""KXETH15M-26APR271815-15"",""trade_id"":""36120627-8249-65e2-6a2b-b5e37b7049bc"",""yes_price_dollars"":""0.3600""}"
KXETH15M-26APR271815-15,bec267c3-f025-6f22-0121-cc55a0bb1d50,1777327358,0.38,2.0,no,"{""count_fp"":""2.00"",""created_time"":""2026-04-27T22:02:38.822391Z"",""no_price_dollars"":""0.6200"",""taker_side"":""no"",""ticker"":""KXETH15M-26APR271815-15"",""trade_id"":""bec267c3-f025-6f22-0121-cc55a0bb1d50"",""yes_price_dollars"":""0.3800""}"
KXETH15M-26APR271815-15,f7a9a1dc-f426-71a2-9d2f-ef892ab95635,1777327359,0.42,44.72,yes,"{""count_fp"":""44.72"",""created_time"":""2026-04-27T22:02:39.520974Z"",""no_price_dollars"":""0.5800"",""taker_side"":""yes"",""ticker"":""KXETH15M-26APR271815-15"",""trade_id"":""f7a9a1dc-f426-71a2-9d2f-ef892ab95635"",""yes_price_dollars"":""0.4200""}"
KXETH15M-26APR271815-15,8c75b600-8bc9-76aa-0c45-e954df4fe833,1777327361,0.35,1.0,no,"{""count_fp"":""1.00"",""created_time"":""2026-04-27T22:02:41.848738Z"",""no_price_dollars"":""0.6500"",""taker_side"":""no"",""ticker"":""KXETH15M-26APR271815-15"",""trade_id"":""8c75b600-8bc9-76aa-0c45-e954df4fe833"",""yes_price_dollars"":""0.3500""}"
KXETH15M-26APR271815-15,9cda0bae-32b3-71e1-0dd9-0d77eef260eb,1777327361,0.35,1.0,no,"{""count_fp"":""1.00"",""created_time"":""2026-04-27T22:02:41.681276Z"",""no_price_dollars"":""0.6500"",""taker_side"":""no"",""ticker"":""KXETH15M-26APR271815-15"",""trade_id"":""9cda0bae-32b3-71e1-0dd9-0d77eef260eb"",""yes_price_dollars"":""0.3500""}"
KXETH15M-26APR271815-15,17b770e3-887c-76a5-025b-cb88046ee5d1,1777327361,0.34,2.0,no,"{""count_fp"":""2.00"",""created_time"":""2026-04-27T22:02:41.681276Z"",""no_price_dollars"":""0.6600"",""taker_side"":""no"",""ticker"":""KXETH15M-26APR271815-15"",""trade_id"":""17b770e3-887c-76a5-025b-cb88046ee5d1"",""yes_price_dollars"":""0.3400""}"
KXETH15M-26APR271815-15,54aa48cd-9092-684d-ffbc-9b1404af0712,1777327361,0.38,11.71,yes,"{""count_fp"":""11.71"",""created_time"":""2026-04-27T22:02:41.635534Z"",""no_price_dollars"":""0.6200"",""taker_side"":""yes"",""ticker"":""KXETH15M-26APR271815-15"",""trade_id"":""54aa48cd-9092-684d-ffbc-9b1404af0712"",""yes_price_dollars"":""0.3800""}"
KXETH15M-26APR271815-15,b2e9db71-f5fb-64b7-e728-f26b69e376e8,1777327363,0.36,10.46,yes,"{""count_fp"":""10.46"",""created_time"":""2026-04-27T22:02:43.925797Z"",""no_price_dollars"":""0.6400"",""taker_side"":""yes"",""ticker"":""KXETH15M-26APR271815-15"",""trade_id"":""b2e9db71-f5fb-64b7-e728-f26b69e376e8"",""yes_price_dollars"":""0.3600""}"
KXETH15M-26APR271815-15,163bc863-93c2-6915-d9d6-e9dd7d9be066,1777327363,0.37,2.38,yes,"{""count_fp"":""2.38"",""created_time"":""2026-04-27T22:02:43.925797Z"",""no_price_dollars"":""0.6300"",""taker_side"":""yes"",""ticker"":""KXETH15M-26APR271815-15"",""trade_id"":""163bc863-93c2-6915-d9d6-e9dd7d9be066"",""yes_price_dollars"":""0.3700""}"
KXETH15M-26APR271815-15,7ac4fcca-f3e0-54ea-1611-20779ba90495,1777327363,0.36,3.0,yes,"{""count_fp"":""3.00"",""created_time"":""2026-04-27T22:02:43.702222Z"",""no_price_dollars"":""0.6400"",""taker_side"":""yes"",""ticker"":""KXETH15M-26APR271815-15"",""trade_id"":""7ac4fcca-f3e0-54ea-1611-20779ba90495"",""yes_price_dollars"":""0.3600""}"
KXETH15M-26APR271815-15,a4d87b3d-8e71-590d-faa6-6999bf68de06,1777327363,0.34,2.0,yes,"{""count_fp"":""2.00"",""created_time"":""2026-04-27T22:02:43.024999Z"",""no_price_dollars"":""0.6600"",""taker_side"":""yes"",""ticker"":""KXETH15M-26APR271815-15"",""trade_id"":""a4d87b3d-8e71-590d-faa6-6999bf68de06"",""yes_price_dollars"":""0.3400""}"
KXETH15M-26APR271815-15,87f1c10f-2303-688b-0062-31774be35b49,1777327364,0.33,1.0,no,"{""count_fp"":""1.00"",""created_time"":""2026-04-27T22:02:44.939991Z"",""no_price_dollars"":""0.6700"",""taker_side"":""no"",""ticker"":""KXETH15M-26APR271815-15"",""trade_id"":""87f1c10f-2303-688b-0062-31774be35b49"",""yes_price_dollars"":""0.3300""}"
KXETH15M-26APR271815-15,f5413c13-cefb-5659-e037-0e43000817d6,1777327367,0.32,6.0,no,"{""count_fp"":""6.00"",""created_time"":""2026-04-27T22:02:47.750577Z"",""no_price_dollars"":""0.6800"",""taker_side"":""no"",""ticker"":""KXETH15M-26APR271815-15"",""trade_id"":""f5413c13-cefb-5659-e037-0e43000817d6"",""yes_price_dollars"":""0.3200""}"
KXETH15M-26APR271815-15,90bb9b6d-aee9-5ef1-df86-2f24eaa640da,1777327367,0.33,1.0,no,"{""count_fp"":""1.00"",""created_time"":""2026-04-27T22:02:47.750577Z"",""no_price_dollars"":""0.6700"",""taker_side"":""no"",""ticker"":""KXETH15M-26APR271815-15"",""trade_id"":""90bb9b6d-aee9-5ef1-df86-2f24eaa640da"",""yes_price_dollars"":""0.3300""}"
KXETH15M-26APR271815-15,3f74db51-bf57-65f5-6ddd-862a97640b3c,1777327370,0.32,0.29,no,"{""count_fp"":""0.29"",""created_time"":""2026-04-27T22:02:50.916869Z"",""no_price_dollars"":""0.6800"",""taker_side"":""no"",""ticker"":""KXETH15M-26APR271815-15"",""trade_id"":""3f74db51-bf57-65f5-6ddd-862a97640b3c"",""yes_price_dollars"":""0.3200""}"
KXETH15M-26APR271815-15,b0052ef2-8835-45e8-8b26-4d07465ad8c3,1777327370,0.32,1.0,no,"{""count_fp"":""1.00"",""created_time"":""2026-04-27T22:02:50.049097Z"",""no_price_dollars"":""0.6800"",""taker_side"":""no"",""ticker"":""KXETH15M-26APR271815-15"",""trade_id"":""b0052ef2-8835-45e8-8b26-4d07465ad8c3"",""yes_price_dollars"":""0.3200""}"
KXETH15M-26APR271815-15,6cd79b90-4eb3-438b-b83b-3422c288dce3,1777327370,0.31,1.0,no,"{""count_fp"":""1.00"",""created_time"":""2026-04-27T22:02:50.049097Z"",""no_price_dollars"":""0.6900"",""taker_side"":""no"",""ticker"":""KXETH15M-26APR271815-15"",""trade_id"":""6cd79b90-4eb3-438b-b83b-3422c288dce3"",""yes_price_dollars"":""0.3100""}"
KXETH15M-26APR271815-15,d405def4-4080-550b-bcbd-df8fbdf03c05,1777327371,0.32,55.74,no,"{""count_fp"":""55.74"",""created_time"":""2026-04-27T22:02:51.809006Z"",""no_price_dollars"":""0.6800"",""taker_side"":""no"",""ticker"":""KXETH15M-26APR271815-15"",""trade_id"":""d405def4-4080-550b-bcbd-df8fbdf03c05"",""yes_price_dollars"":""0.3200""}"
KXETH15M-26APR271815-15,6e3a0f54-1e27-5d2f-bf74-60b1d0580205,1777327371,0.34,1.0,no,"{""count_fp"":""1.00"",""created_time"":""2026-04-27T22:02:51.809006Z"",""no_price_dollars"":""0.6600"",""taker_side"":""no"",""ticker"":""KXETH15M-26APR271815-15"",""trade_id"":""6e3a0f54-1e27-5d2f-bf74-60b1d0580205"",""yes_price_dollars"":""0.3400""}"
KXETH15M-26APR271815-15,28c1c754-7fe5-609d-9be4-026ba84f40d9,1777327371,0.35,8.0,yes,"{""count_fp"":""8.00"",""created_time"":""2026-04-27T22:02:51.359335Z"",""no_price_dollars"":""0.6500"",""taker_side"":""yes"",""ticker"":""KXETH15M-26APR271815-15"",""trade_id"":""28c1c754-7fe5-609d-9be4-026ba84f40d9"",""yes_price_dollars"":""0.3500""}"
KXETH15M-26APR271815-15,6dcf1525-32a4-47f7-af08-00ccb7192439,1777327372,0.32,28.37,no,"{""count_fp"":""28.37"",""created_time"":""2026-04-27T22:02:52.003375Z"",""no_price_dollars"":""0.6800"",""taker_side"":""no"",""ticker"":""KXETH15M-26APR271815-15"",""trade_id"":""6dcf1525-32a4-47f7-af08-00ccb7192439"",""yes_price_dollars"":""0.3200""}"
KXETH15M-26APR271815-15,a01dc8c3-cf0e-499d-f89c-7f8a913c826e,1777327375,0.33,7.61,yes,"{""count_fp"":""7.61"",""created_time"":""2026-04-27T22:02:55.364124Z"",""no_price_dollars"":""0.6700"",""taker_side"":""yes"",""ticker"":""KXETH15M-26APR271815-15"",""trade_id"":""a01dc8c3-cf0e-499d-f89c-7f8a913c826e"",""yes_price_dollars"":""0.3300""}"
KXETH15M-26APR271815-15,64d67162-d75d-4595-e055-08283c9e319d,1777327375,0.33,5.0,yes,"{""count_fp"":""5.00"",""created_time"":""2026-04-27T22:02:55.364124Z"",""no_price_dollars"":""0.6700"",""taker_side"":""yes"",""ticker"":""KXETH15M-26APR271815-15"",""trade_id"":""64d67162-d75d-4595-e055-08283c9e319d"",""yes_price_dollars"":""0.3300""}"
KXETH15M-26APR271815-15,865d5246-13d2-476d-d20e-01f39ba2c706,1777327377,0.33,7.0,yes,"{""count_fp"":""7.00"",""created_time"":""2026-04-27T22:02:57.035899Z"",""no_price_dollars"":""0.6700"",""taker_side"":""yes"",""ticker"":""KXETH15M-26APR271815-15"",""trade_id"":""865d5246-13d2-476d-d20e-01f39ba2c706"",""yes_price_dollars"":""0.3300""}"
KXETH15M-26APR271815-15,4031777c-f4eb-4572-1751-1907608f1895,1777327378,0.3,1.0,no,"{""count_fp"":""1.00"",""created_time"":""2026-04-27T22:02:58.207273Z"",""no_price_dollars"":""0.7000"",""taker_side"":""no"",""ticker"":""KXETH15M-26APR271815-15"",""trade_id"":""4031777c-f4eb-4572-1751-1907608f1895"",""yes_price_dollars"":""0.3000""}"
KXETH15M-26APR271815-15,9e8b2fc8-a976-4d62-93b7-a1a1c1a3b0b1,1777327381,0.31,2.0,yes,"{""count_fp"":""2.00"",""created_time"":""2026-04-27T22:03:01.402158Z"",""no_price_dollars"":""0.6900"",""taker_side"":""yes"",""ticker"":""KXETH15M-26APR271815-15"",""trade_id"":""9e8b2fc8-a976-4d62-93b7-a1a1c1a3b0b1"",""yes_price_dollars"":""0.3100""}"
KXETH15M-26APR271815-15,23899ec6-eb8e-4801-a65d-225cc67c817e,1777327381,0.31,4.0,yes,"{""count_fp"":""4.00"",""created_time"":""2026-04-27T22:03:01.402158Z"",""no_price_dollars"":""0.6900"",""taker_side"":""yes"",""ticker"":""KXETH15M-26APR271815-15"",""trade_id"":""23899ec6-eb8e-4801-a65d-225cc67c817e"",""yes_price_dollars"":""0.3100""}"
KXETH15M-26APR271815-15,7cf4f039-2a7a-7ba3-0669-72fb980d153e,1777327382,0.3,9.0,yes,"{""count_fp"":""9.00"",""created_time"":""2026-04-27T22:03:02.798781Z"",""no_price_dollars"":""0.7000"",""taker_side"":""yes"",""ticker"":""KXETH15M-26APR271815-15"",""trade_id"":""7cf4f039-2a7a-7ba3-0669-72fb980d153e"",""yes_price_dollars"":""0.3000""}"
KXETH15M-26APR271815-15,dfb0055a-5ba2-5193-8a18-f40d3aeeb72f,1777327382,0.3,1.0,no,"{""count_fp"":""1.00"",""created_time"":""2026-04-27T22:03:02.753577Z"",""no_price_dollars"":""0.7000"",""taker_side"":""no"",""ticker"":""KXETH15M-26APR271815-15"",""trade_id"":""dfb0055a-5ba2-5193-8a18-f40d3aeeb72f"",""yes_price_dollars"":""0.3000""}"
KXETH15M-26APR271815-15,cf1da195-3f80-6c2f-ae87-59eba9889b1b,1777327382,0.31,1.49,yes,"{""count_fp"":""1.49"",""created_time"":""2026-04-27T22:03:02.605243Z"",""no_price_dollars"":""0.6900"",""taker_side"":""yes"",""ticker"":""KXETH15M-26APR271815-15"",""trade_id"":""cf1da195-3f80-6c2f-ae87-59eba9889b1b"",""yes_price_dollars"":""0.3100""}"
KXETH15M-26APR271815-15,55c55ac8-76ef-6671-b3f9-84274e48fa8e,1777327382,0.28,1.0,no,"{""count_fp"":""1.00"",""created_time"":""2026-04-27T22:03:02.188916Z"",""no_price_dollars"":""0.7200"",""taker_side"":""no"",""ticker"":""KXETH15M-26APR271815-15"",""trade_id"":""55c55ac8-76ef-6671-b3f9-84274e48fa8e"",""yes_price_dollars"":""0.2800""}"
KXETH15M-26APR271815-15,f1616103-019f-7866-663b-b1a4a7852887,1777327384,0.29,1.0,no,"{""count_fp"":""1.00"",""created_time"":""2026-04-27T22:03:04.924608Z"",""no_price_dollars"":""0.7100"",""taker_side"":""no"",""ticker"":""KXETH15M-26APR271815-15"",""trade_id"":""f1616103-019f-7866-663b-b1a4a7852887"",""yes_price_dollars"":""0.2900""}"
KXETH15M-26APR271815-15,a418f9ad-23ee-79d7-b5d7-613747a680e9,1777327386,0.29,1.0,no,"{""count_fp"":""1.00"",""created_time"":""2026-04-27T22:03:06.343002Z"",""no_price_dollars"":""0.7100"",""taker_side"":""no"",""ticker"":""KXETH15M-26APR271815-15"",""trade_id"":""a418f9ad-23ee-79d7-b5d7-613747a680e9"",""yes_price_dollars"":""0.2900""}"
KXETH15M-26APR271815-15,0eea0b61-8687-7b0a-9b94-18e25b9ce4ba,1777327386,0.28,1.64,no,"{""count_fp"":""1.64"",""created_time"":""2026-04-27T22:03:06.343002Z"",""no_price_dollars"":""0.7200"",""taker_side"":""no"",""ticker"":""KXETH15M-26APR271815-15"",""trade_id"":""0eea0b61-8687-7b0a-9b94-18e25b9ce4ba"",""yes_price_dollars"":""0.2800""}"
KXETH15M-26APR271815-15,fe81b8a0-3aa3-6590-f744-2f087592ec96,1777327390,0.31,8.0,yes,"{""count_fp"":""8.00"",""created_time"":""2026-04-27T22:03:10.425542Z"",""no_price_dollars"":""0.6900"",""taker_side"":""yes"",""ticker"":""KXETH15M-26APR271815-15"",""trade_id"":""fe81b8a0-3aa3-6590-f744-2f087592ec96"",""yes_price_dollars"":""0.3100""}"
KXETH15M-26APR271815-15,d1185192-127f-6e26-5134-2dff8f2198ca,1777327390,0.28,7.69,no,"{""count_fp"":""7.69"",""created_time"":""2026-04-27T22:03:10.350694Z"",""no_price_dollars"":""0.7200"",""taker_side"":""no"",""ticker"":""KXETH15M-26APR271815-15"",""trade_id"":""d1185192-127f-6e26-5134-2dff8f2198ca"",""yes_price_dollars"":""0.2800""}"
KXETH15M-26APR271815-15,52044cee-c3ab-6898-5c0a-447c37e87968,1777327390,0.29,5.0,no,"{""count_fp"":""5.00"",""created_time"":""2026-04-27T22:03:10.350694Z"",""no_price_dollars"":""0.7100"",""taker_side"":""no"",""ticker"":""KXETH15M-26APR271815-15"",""trade_id"":""52044cee-c3ab-6898-5c0a-447c37e87968"",""yes_price_dollars"":""0.2900""}"
KXETH15M-26APR271815-15,26c4eb4a-7bc8-64af-7024-2624bec64ba0,1777327390,0.29,1.0,no,"{""count_fp"":""1.00"",""created_time"":""2026-04-27T22:03:10.350694Z"",""no_price_dollars"":""0.7100"",""taker_side"":""no"",""ticker"":""KXETH15M-26APR271815-15"",""trade_id"":""26c4eb4a-7bc8-64af-7024-2624bec64ba0"",""yes_price_dollars"":""0.2900""}"
KXETH15M-26APR271815-15,bd53fee1-fa09-50b2-d994-a0d46860656c,1777327394,0.36,5.0,no,"{""count_fp"":""5.00"",""created_time"":""2026-04-27T22:03:14.249129Z"",""no_price_dollars"":""0.6400"",""taker_side"":""no"",""ticker"":""KXETH15M-26APR271815-15"",""trade_id"":""bd53fee1-fa09-50b2-d994-a0d46860656c"",""yes_price_dollars"":""0.3600""}"
KXETH15M-26APR271815-15,74d21843-54ee-5e30-d0ae-8f8ac3ceea99,1777327394,0.36,1.0,no,"{""count_fp"":""1.00"",""created_time"":""2026-04-27T22:03:14.249129Z"",""no_price_dollars"":""0.6400"",""taker_side"":""no"",""ticker"":""KXETH15M-26APR271815-15"",""trade_id"":""74d21843-54ee-5e30-d0ae-8f8ac3ceea99"",""yes_price_dollars"":""0.3600""}"
KXETH15M-26APR271815-15,e92fa548-c0e6-45fb-7ea8-acdad15bd267,1777327395,0.4,10.0,yes,"{""count_fp"":""10.00"",""created_time"":""2026-04-27T22:03:15.631448Z"",""no_price_dollars"":""0.6000"",""taker_side"":""yes"",""ticker"":""KXETH15M-26APR271815-15"",""trade_id"":""e92fa548-c0e6-45fb-7ea8-acdad15bd267"",""yes_price_dollars"":""0.4000""}"
KXETH15M-26APR271815-15,71ef33c7-48a0-486f-5eab-af42e675f234,1777327395,0.39,1.0,yes,"{""count_fp"":""1.00"",""created_time"":""2026-04-27T22:03:15.631448Z"",""no_price_dollars"":""0.6100"",""taker_side"":""yes"",""ticker"":""KXETH15M-26APR271815-15"",""trade_id"":""71ef33c7-48a0-486f-5eab-af42e675f234"",""yes_price_dollars"":""0.3900""}"
KXETH15M-26APR271815-15,df68ea29-e565-6120-1b5e-167f58d3102e,1777327399,0.41,6.0,yes,"{""count_fp"":""6.00"",""created_time"":""2026-04-27T22:03:19.149671Z"",""no_price_dollars"":""0.5900"",""taker_side"":""yes"",""ticker"":""KXETH15M-26APR271815-15"",""trade_id"":""df68ea29-e565-6120-1b5e-167f58d3102e"",""yes_price_dollars"":""0.4100""}"
KXETH15M-26APR271815-15,9b770dd5-c109-60d3-322d-6e6859c8e282,1777327399,0.4,1.0,yes,"{""count_fp"":""1.00"",""created_time"":""2026-04-27T22:03:19.149671Z"",""no_price_dollars"":""0.6000"",""taker_side"":""yes"",""ticker"":""KXETH15M-26APR271815-15"",""trade_id"":""9b770dd5-c109-60d3-322d-6e6859c8e282"",""yes_price_dollars"":""0.4000""}"
KXETH15M-26APR271815-15,477439fd-22c9-70ee-53c4-dae327219d90,1777327400,0.38,156.23,no,"{""count_fp"":""156.23"",""created_time"":""2026-04-27T22:03:20.874799Z"",""no_price_dollars"":""0.6200"",""taker_side"":""no"",""ticker"":""KXETH15M-26APR271815-15"",""trade_id"":""477439fd-22c9-70ee-53c4-dae327219d90"",""yes_price_dollars"":""0.3800""}"
KXETH15M-26APR271815-15,7d9f1c53-358d-4d02-ee88-1dadcd5b4a28,1777327401,0.4,1.0,yes,"{""count_fp"":""1.00"",""created_time"":""2026-04-27T22:03:21.686036Z"",""no_price_dollars"":""0.6000"",""taker_side"":""yes"",""ticker"":""KXETH15M-26APR271815-15"",""trade_id"":""7d9f1c53-358d-4d02-ee88-1dadcd5b4a28"",""yes_price_dollars"":""0.4000""}"
KXETH15M-26APR271815-15,3e99dab1-0c5d-4014-e03e-cf0c1f130f36,1777327401,0.41,3.7,yes,"{""count_fp"":""3.70"",""created_time"":""2026-04-27T22:03:21.686036Z"",""no_price_dollars"":""0.5900"",""taker_side"":""yes"",""ticker"":""KXETH15M-26APR271815-15"",""trade_id"":""3e99dab1-0c5d-4014-e03e-cf0c1f130f36"",""yes_price_dollars"":""0.4100""}"
KXETH15M-26APR271815-15,aebd71c9-2dbf-4124-6360-51a82ae2f0d4,1777327403,0.4,1.0,yes,"{""count_fp"":""1.00"",""created_time"":""2026-04-27T22:03:23.573483Z"",""no_price_dollars"":""0.6000"",""taker_side"":""yes"",""ticker"":""KXETH15M-26APR271815-15"",""trade_id"":""aebd71c9-2dbf-4124-6360-51a82ae2f0d4"",""yes_price_dollars"":""0.4000""}"
KXETH15M-26APR271815-15,b9e06c9a-70e9-46f9-dc0c-69eb3dc68771,1777327404,0.38,5.0,yes,"{""count_fp"":""5.00"",""created_time"":""2026-04-27T22:03:24.375205Z"",""no_price_dollars"":""0.6200"",""taker_side"":""yes"",""ticker"":""KXETH15M-26APR271815-15"",""trade_id"":""b9e06c9a-70e9-46f9-dc0c-69eb3dc68771"",""yes_price_dollars"":""0.3800""}"
KXETH15M-26APR271815-15,12f39bf9-aed8-7f21-a9e7-db63c53d09b9,1777327404,0.34,4.0,yes,"{""count_fp"":""4.00"",""created_time"":""2026-04-27T22:03:24.362075Z"",""no_price_dollars"":""0.6600"",""taker_side"":""yes"",""ticker"":""KXETH15M-26APR271815-15"",""trade_id"":""12f39bf9-aed8-7f21-a9e7-db63c53d09b9"",""yes_price_dollars"":""0.3400""}"
KXETH15M-26APR271815-15,1122dc8f-43de-784d-9e64-81177a9cd2c0,1777327404,0.37,1.0,yes,"{""count_fp"":""1.00"",""created_time"":""2026-04-27T22:03:24.362075Z"",""no_price_dollars"":""0.6300"",""taker_side"":""yes"",""ticker"":""KXETH15M-26APR271815-15"",""trade_id"":""1122dc8f-43de-784d-9e64-81177a9cd2c0"",""yes_price_dollars"":""0.3700""}"
KXETH15M-26APR271815-15,96525641-bbdc-637f-5c08-42c469d982e1,1777327404,0.35,19.0,no,"{""count_fp"":""19.00"",""created_time"":""2026-04-27T22:03:24.107431Z"",""no_price_dollars"":""0.6500"",""taker_side"":""no"",""ticker"":""KXETH15M-26APR271815-15"",""trade_id"":""96525641-bbdc-637f-5c08-42c469d982e1"",""yes_price_dollars"":""0.3500""}"
KXETH15M-26APR271815-15,6b2be3b5-cb17-6ab3-626a-07931bb9cbb0,1777327404,0.37,10.0,no,"{""count_fp"":""10.00"",""created_time"":""2026-04-27T22:03:24.107431Z"",""no_price_dollars"":""0.6300"",""taker_side"":""no"",""ticker"":""KXETH15M-26APR271815-15"",""trade_id"":""6b2be3b5-cb17-6ab3-626a-07931bb9cbb0"",""yes_price_dollars"":""0.3700""}"
KXETH15M-26APR271815-15,481e2693-04e1-6c2b-5f78-4875393c8cdf,1777327404,0.35,1.0,no,"{""count_fp"":""1.00"",""created_time"":""2026-04-27T22:03:24.107431Z"",""no_price_dollars"":""0.6500"",""taker_side"":""no"",""ticker"":""KXETH15M-26APR271815-15"",""trade_id"":""481e2693-04e1-6c2b-5f78-4875393c8cdf"",""yes_price_dollars"":""0.3500""}"
KXETH15M-26APR271815-15,1a11a2a3-1343-722a-4901-d6e2729fd701,1777327404,0.4,1.0,no,"{""count_fp"":""1.00"",""created_time"":""2026-04-27T22:03:24.096599Z"",""no_price_dollars"":""0.6000"",""taker_side"":""no"",""ticker"":""KXETH15M-26APR271815-15"",""trade_id"":""1a11a2a3-1343-722a-4901-d6e2729fd701"",""yes_price_dollars"":""0.4000""}"
KXETH15M-26APR271815-15,f2c18e4a-d4aa-6a83-8a6d-f50a2ab116ce,1777327409,0.33,8.0,yes,"{""count_fp"":""8.00"",""created_time"":""2026-04-27T22:03:29.679222Z"",""no_price_dollars"":""0.6700"",""taker_side"":""yes"",""ticker"":""KXETH15M-26APR271815-15"",""trade_id"":""f2c18e4a-d4aa-6a83-8a6d-f50a2ab116ce"",""yes_price_dollars"":""0.3300""}"
KXETH15M-26APR271815-15,d0043cea-b662-4b5c-8f54-de0e9db09184,1777327410,0.3,26.98,no,"{""count_fp"":""26.98"",""created_time"":""2026-04-27T22:03:30.539364Z"",""no_price_dollars"":""0.7000"",""taker_side"":""no"",""ticker"":""KXETH15M-26APR271815-15"",""trade_id"":""d0043cea-b662-4b5c-8f54-de0e9db09184"",""yes_price_dollars"":""0.3000""}"
KXETH15M-26APR271815-15,48a60e95-fabd-440c-968c-e8a56389377f,1777327410,0.32,1.0,no,"{""count_fp"":""1.00"",""created_time"":""2026-04-27T22:03:30.539364Z"",""no_price_dollars"":""0.6800"",""taker_side"":""no"",""ticker"":""KXETH15M-26APR271815-15"",""trade_id"":""48a60e95-fabd-440c-968c-e8a56389377f"",""yes_price_dollars"":""0.3200""}"
KXETH15M-26APR271815-15,a824c9cf-7ada-5b21-569b-a8a81920eda3,1777327412,0.35,10.0,yes,"{""count_fp"":""10.00"",""created_time"":""2026-04-27T22:03:32.405966Z"",""no_price_dollars"":""0.6500"",""taker_side"":""yes"",""ticker"":""KXETH15M-26APR271815-15"",""trade_id"":""a824c9cf-7ada-5b21-569b-a8a81920eda3"",""yes_price_dollars"":""0.3500""}"
KXETH15M-26APR271815-15,9743fb19-a2f5-5d5b-5494-7bb71d0d1370,1777327412,0.37,26.47,yes,"{""count_fp"":""26.47"",""created_time"":""2026-04-27T22:03:32.405966Z"",""no_price_dollars"":""0.6300"",""taker_side"":""yes"",""ticker"":""KXETH15M-26APR271815-15"",""trade_id"":""9743fb19-a2f5-5d5b-5494-7bb71d0d1370"",""yes_price_dollars"":""0.3700""}"
KXETH15M-26APR271815-15,832ed0f5-930f-61bc-0396-d89e1f5ee39c,1777327414,0.32,0.53,no,"{""count_fp"":""0.53"",""created_time"":""2026-04-27T22:03:34.962824Z"",""no_price_dollars"":""0.6800"",""taker_side"":""no"",""ticker"":""KXETH15M-26APR271815-15"",""trade_id"":""832ed0f5-930f-61bc-0396-d89e1f5ee39c"",""yes_price_dollars"":""0.3200""}"
KXETH15M-26APR271815-15,7d59a815-54de-71d3-bc6c-5c8ca715f1ee,1777327417,0.35,5.31,yes,"{""count_fp"":""5.31"",""created_time"":""2026-04-27T22:03:37.965849Z"",""no_price_dollars"":""0.6500"",""taker_side"":""yes"",""ticker"":""KXETH15M-26APR271815-15"",""trade_id"":""7d59a815-54de-71d3-bc6c-5c8ca715f1ee"",""yes_price_dollars"":""0.3500""}"
KXETH15M-26APR271815-15,0645860e-6bf6-46bd-5e5c-8e2e9a999c7e,1777327419,0.34,1.43,no,"{""count_fp"":""1.43"",""created_time"":""2026-04-27T22:03:39.595034Z"",""no_price_dollars"":""0.6600"",""taker_side"":""no"",""ticker"":""KXETH15M-26APR271815-15"",""trade_id"":""0645860e-6bf6-46bd-5e5c-8e2e9a999c7e"",""yes_price_dollars"":""0.3400""}"
KXETH15M-26APR271815-15,f379ad9c-3c42-4215-fc12-22216c1bb77e,1777327419,0.36,17.16,yes,"{""count_fp"":""17.16"",""created_time"":""2026-04-27T22:03:39.328424Z"",""no_price_dollars"":""0.6400"",""taker_side"":""yes"",""ticker"":""KXETH15M-26APR271815-15"",""trade_id"":""f379ad9c-3c42-4215-fc12-22216c1bb77e"",""yes_price_dollars"":""0.3600""}"
KXETH15M-26APR271815-15,97d55d26-25ee-4f3c-f491-31632583e367,1777327419,0.36,1.0,yes,"{""count_fp"":""1.00"",""created_time"":""2026-04-27T22:03:39.328424Z"",""no_price_dollars"":""0.6400"",""taker_side"":""yes"",""ticker"":""KXETH15M-26APR271815-15"",""trade_id"":""97d55d26-25ee-4f3c-f491-31632583e367"",""yes_price_dollars"":""0.3600""}"
KXETH15M-26APR271815-15,94369cc9-3554-41c8-da5c-682bcde7cc57,1777327419,0.36,1.0,yes,"{""count_fp"":""1.00"",""created_time"":""2026-04-27T22:03:39.328424Z"",""no_price_dollars"":""0.6400"",""taker_side"":""yes"",""ticker"":""KXETH15M-26APR271815-15"",""trade_id"":""94369cc9-3554-41c8-da5c-682bcde7cc57"",""yes_price_dollars"":""0.3600""}"
KXETH15M-26APR271815-15,0e0229c4-57c9-4a17-fccf-27015fa98a60,1777327419,0.36,100.0,yes,"{""count_fp"":""100.00"",""created_time"":""2026-04-27T22:03:39.328424Z"",""no_price_dollars"":""0.6400"",""taker_side"":""yes"",""ticker"":""KXETH15M-26APR271815-15"",""trade_id"":""0e0229c4-57c9-4a17-fccf-27015fa98a60"",""yes_price_dollars"":""0.3600""}"
KXETH15M-26APR271815-15,7ef87bb7-f78b-6ebe-e7c8-88cfe9958515,1777327423,0.35,3.56,yes,"{""count_fp"":""3.56"",""created_time"":""2026-04-27T22:03:43.229704Z"",""no_price_dollars"":""0.6500"",""taker_side"":""yes"",""ticker"":""KXETH15M-26APR271815-15"",""trade_id"":""7ef87bb7-f78b-6ebe-e7c8-88cfe9958515"",""yes_price_dollars"":""0.3500""}"
KXETH15M-26APR271815-15,54afdf47-97eb-65f9-ffd4-1dbab99c015d,1777327423,0.35,10.0,yes,"{""count_fp"":""10.00"",""created_time"":""2026-04-27T22:03:43.229704Z"",""no_price_dollars"":""0.6500"",""taker_side"":""yes"",""ticker"":""KXETH15M-26APR271815-15"",""trade_id"":""54afdf47-97eb-65f9-ffd4-1dbab99c015d"",""yes_price_dollars"":""0.3500""}"
KXETH15M-26APR271815-15,f9798b7c-6942-5f51-4534-d6e078912312,1777327424,0.35,2.36,yes,"{""count_fp"":""2.36"",""created_time"":""2026-04-27T22:03:44.628865Z"",""no_price_dollars"":""0.6500"",""taker_side"":""yes"",""ticker"":""KXETH15M-26APR271815-15"",""trade_id"":""f9798b7c-6942-5f51-4534-d6e078912312"",""yes_price_dollars"":""0.3500""}"
KXETH15M-26APR271815-15,c3b74d15-802f-55ba-57f2-0019a35b4ef1,1777327424,0.35,6.74,yes,"{""count_fp"":""6.74"",""created_time"":""2026-04-27T22:03:44.628865Z"",""no_price_dollars"":""0.6500"",""taker_side"":""yes"",""ticker"":""KXETH15M-26APR271815-15"",""trade_id"":""c3b74d15-802f-55ba-57f2-0019a35b4ef1"",""yes_price_dollars"":""0.3500""}"
KXETH15M-26APR271815-15,a3445edb-71b4-516b-4109-3430bd851cc7,1777327424,0.35,1.0,yes,"{""count_fp"":""1.00"",""created_time"":""2026-04-27T22:03:44.628865Z"",""no_price_dollars"":""0.6500"",""taker_side"":""yes"",""ticker"":""KXETH15M-26APR271815-15"",""trade_id"":""a3445edb-71b4-516b-4109-3430bd851cc7"",""yes_price_dollars"":""0.3500""}"
KXETH15M-26APR271815-15,3224a85c-7796-56d4-71ec-8a3129f31172,1777327424,0.35,3.56,yes,"{""count_fp"":""3.56"",""created_time"":""2026-04-27T22:03:44.628865Z"",""no_price_dollars"":""0.6500"",""taker_side"":""yes"",""ticker"":""KXETH15M-26APR271815-15"",""trade_id"":""3224a85c-7796-56d4-71ec-8a3129f31172"",""yes_price_dollars"":""0.3500""}"
KXETH15M-26APR271815-15,b4e2d044-de87-7f79-2080-ed24d9532f0b,1777327430,0.31,10.0,no,"{""count_fp"":""10.00"",""created_time"":""2026-04-27T22:03:50.558129Z"",""no_price_dollars"":""0.6900"",""taker_side"":""no"",""ticker"":""KXETH15M-26APR271815-15"",""trade_id"":""b4e2d044-de87-7f79-2080-ed24d9532f0b"",""yes_price_dollars"":""0.3100""}"
KXETH15M-26APR271815-15,af2e2f01-c73e-7565-1be9-54b45a2e8e02,1777327430,0.34,3.57,no,"{""count_fp"":""3.57"",""created_time"":""2026-04-27T22:03:50.558129Z"",""no_price_dollars"":""0.6600"",""taker_side"":""no"",""ticker"":""KXETH15M-26APR271815-15"",""trade_id"":""af2e2f01-c73e-7565-1be9-54b45a2e8e02"",""yes_price_dollars"":""0.3400""}"
KXETH15M-26APR271815-15,25d24f60-ba29-729a-074b-431e93379d6d,1777327430,0.31,1.0,no,"{""count_fp"":""1.00"",""created_time"":""2026-04-27T22:03:50.558129Z"",""no_price_dollars"":""0.6900"",""taker_side"":""no"",""ticker"":""KXETH15M-26APR271815-15"",""trade_id"":""25d24f60-ba29-729a-074b-431e93379d6d"",""yes_price_dollars"":""0.3100""}"
KXETH15M-26APR271815-15,0c3b7633-eee2-743c-3403-03ac9ba734a6,1777327430,0.3,125.67,no,"{""count_fp"":""125.67"",""created_time"":""2026-04-27T22:03:50.558129Z"",""no_price_dollars"":""0.7000"",""taker_side"":""no"",""ticker"":""KXETH15M-26APR271815-15"",""trade_id"":""0c3b7633-eee2-743c-3403-03ac9ba734a6"",""yes_price_dollars"":""0.3000""}"
KXETH15M-26APR271815-15,d9944e64-a39f-6237-eec9-39c5e8c9fec9,1777327433,0.29,1.0,no,"{""count_fp"":""1.00"",""created_time"":""2026-04-27T22:03:53.650481Z"",""no_price_dollars"":""0.7100"",""taker_side"":""no"",""ticker"":""KXETH15M-26APR271815-15"",""trade_id"":""d9944e64-a39f-6237-eec9-39c5e8c9fec9"",""yes_price_dollars"":""0.2900""}"
KXETH15M-26APR271815-15,78edaeb8-41e6-6d1e-eccd-fc8d8eaa595e,1777327433,0.29,19.0,no,"{""count_fp"":""19.00"",""created_time"":""2026-04-27T22:03:53.650481Z"",""no_price_dollars"":""0.7100"",""taker_side"":""no"",""ticker"":""KXETH15M-26APR271815-15"",""trade_id"":""78edaeb8-41e6-6d1e-eccd-fc8d8eaa595e"",""yes_price_dollars"":""0.2900""}"
KXETH15M-26APR271815-15,98d6ff33-049d-7f09-97cc-b84b587f1fc4,1777327434,0.28,8.0,no,"{""count_fp"":""8.00"",""created_time"":""2026-04-27T22:03:54.730751Z"",""no_price_dollars"":""0.7200"",""taker_side"":""no"",""ticker"":""KXETH15M-26APR271815-15"",""trade_id"":""98d6ff33-049d-7f09-97cc-b84b587f1fc4"",""yes_price_dollars"":""0.2800""}"
KXETH15M-26APR271815-15,271d29b7-8932-611e-6a5c-b2ba33e403a0,1777327434,0.29,1.0,no,"{""count_fp"":""1.00"",""created_time"":""2026-04-27T22:03:54.419762Z"",""no_price_dollars"":""0.7100"",""taker_side"":""no"",""ticker"":""KXETH15M-26APR271815-15"",""trade_id"":""271d29b7-8932-611e-6a5c-b2ba33e403a0"",""yes_price_dollars"":""0.2900""}"
KXETH15M-26APR271815-15,d5d402da-e99e-4a7a-1e9d-854185a74cbe,1777327437,0.29,10.0,yes,"{""count_fp"":""10.00"",""created_time"":""2026-04-27T22:03:57.422712Z"",""no_price_dollars"":""0.7100"",""taker_side"":""yes"",""ticker"":""KXETH15M-26APR271815-15"",""trade_id"":""d5d402da-e99e-4a7a-1e9d-854185a74cbe"",""yes_price_dollars"":""0.2900""}"
KXETH15M-26APR271815-15,13821f6d-b28a-46ed-19a0-f0138216c662,1777327437,0.3,10.85,yes,"{""count_fp"":""10.85"",""created_time"":""2026-04-27T22:03:57.422712Z"",""no_price_dollars"":""0.7000"",""taker_side"":""yes"",""ticker"":""KXETH15M-26APR271815-15"",""trade_id"":""13821f6d-b28a-46ed-19a0-f0138216c662"",""yes_price_dollars"":""0.3000""}"
KXETH15M-26APR271815-15,32b3faa0-9bc6-6b4d-9d88-e7c6f31a653a,1777327438,0.3,27.59,yes,"{""count_fp"":""27.59"",""created_time"":""2026-04-27T22:03:58.902873Z"",""no_price_dollars"":""0.7000"",""taker_side"":""yes"",""ticker"":""KXETH15M-26APR271815-15"",""trade_id"":""32b3faa0-9bc6-6b4d-9d88-e7c6f31a653a"",""yes_price_dollars"":""0.3000""}"
KXETH15M-26APR271815-15,e45e366d-61b2-6c06-e39e-555808e9567e,1777327440,0.29,0.28,yes,"{""count_fp"":""0.28"",""created_time"":""2026-04-27T22:04:00.769012Z"",""no_price_dollars"":""0.7100"",""taker_side"":""yes"",""ticker"":""KXETH15M-26APR271815-15"",""trade_id"":""e45e366d-61b2-6c06-e39e-555808e9567e"",""yes_price_dollars"":""0.2900""}"
KXETH15M-26APR271815-15,a9d4ca3b-f6fe-5e52-fff8-bcc5c6630c3e,1777327440,0.29,10.0,yes,"{""count_fp"":""10.00"",""created_time"":""2026-04-27T22:04:00.757087Z"",""no_price_dollars"":""0.7100"",""taker_side"":""yes"",""ticker"":""KXETH15M-26APR271815-15"",""trade_id"":""a9d4ca3b-f6fe-5e52-fff8-bcc5c6630c3e"",""yes_price_dollars"":""0.2900""}"
KXETH15M-26APR271815-15,5a65d627-6811-5bbe-da27-9e1e945b093f,1777327440,0.28,1.0,yes,"{""count_fp"":""1.00"",""created_time"":""2026-04-27T22:04:00.757087Z"",""no_price_dollars"":""0.7200"",""taker_side"":""yes"",""ticker"":""KXETH15M-26APR271815-15"",""trade_id"":""5a65d627-6811-5bbe-da27-9e1e945b093f"",""yes_price_dollars"":""0.2800""}"
KXETH15M-26APR271815-15,5698e3d0-80c0-58c8-dbb6-5e5ce4b071f7,1777327440,0.29,10.0,yes,"{""count_fp"":""10.00"",""created_time"":""2026-04-27T22:04:00.757087Z"",""no_price_dollars"":""0.7100"",""taker_side"":""yes"",""ticker"":""KXETH15M-26APR271815-15"",""trade_id"":""5698e3d0-80c0-58c8-dbb6-5e5ce4b071f7"",""yes_price_dollars"":""0.2900""}"
KXETH15M-26APR271815-15,6706e274-2acc-7d6f-3723-774d4bdef549,1777327440,0.28,1.0,no,"{""count_fp"":""1.00"",""created_time"":""2026-04-27T22:04:00.107285Z"",""no_price_dollars"":""0.7200"",""taker_side"":""no"",""ticker"":""KXETH15M-26APR271815-15"",""trade_id"":""6706e274-2acc-7d6f-3723-774d4bdef549"",""yes_price_dollars"":""0.2800""}"
KXETH15M-26APR271815-15,f9cab65b-5695-5b43-07f9-b90dfa985776,1777327441,0.37,1.0,yes,"{""count_fp"":""1.00"",""created_time"":""2026-04-27T22:04:01.266572Z"",""no_price_dollars"":""0.6300"",""taker_side"":""yes"",""ticker"":""KXETH15M-26APR271815-15"",""trade_id"":""f9cab65b-5695-5b43-07f9-b90dfa985776"",""yes_price_dollars"":""0.3700""}"
KXETH15M-26APR271815-15,9915fa34-9ec1-602f-076f-4fa526c18531,1777327442,0.4,550.0,yes,"{""count_fp"":""550.00"",""created_time"":""2026-04-27T22:04:02.471359Z"",""no_price_dollars"":""0.6000"",""taker_side"":""yes"",""ticker"":""KXETH15M-26APR271815-15"",""trade_id"":""9915fa34-9ec1-602f-076f-4fa526c18531"",""yes_price_dollars"":""0.4000""}"
KXETH15M-26APR271815-15,9619f0d2-7da0-660d-2cf6-c723a0729256,1777327442,0.42,5.0,yes,"{""count_fp"":""5.00"",""created_time"":""2026-04-27T22:04:02.471359Z"",""no_price_dollars"":""0.5800"",""taker_side"":""yes"",""ticker"":""KXETH15M-26APR271815-15"",""trade_id"":""9619f0d2-7da0-660d-2cf6-c723a0729256"",""yes_price_dollars"":""0.4200""}"
KXETH15M-26APR271815-15,1b52e585-31ae-60c8-3496-1a168401ba44,1777327442,0.4,5.0,yes,"{""count_fp"":""5.00"",""created_time"":""2026-04-27T22:04:02.471359Z"",""no_price_dollars"":""0.6000"",""taker_side"":""yes"",""ticker"":""KXETH15M-26APR271815-15"",""trade_id"":""1b52e585-31ae-60c8-3496-1a168401ba44"",""yes_price_dollars"":""0.4000""}"
KXETH15M-26APR271815-15,a50e2eb0-1162-6d11-dd3b-839579d238b6,1777327442,0.39,825.7,yes,"{""count_fp"":""825.70"",""created_time"":""2026-04-27T22:04:02.466764Z"",""no_price_dollars"":""0.6100"",""taker_side"":""yes"",""ticker"":""KXETH15M-26APR271815-15"",""trade_id"":""a50e2eb0-1162-6d11-dd3b-839579d238b6"",""yes_price_dollars"":""0.3900""}"
KXETH15M-26APR271815-15,21a13ad8-924b-62a6-e471-241d6ccb3993,1777327442,0.38,0.8,yes,"{""count_fp"":""0.80"",""created_time"":""2026-04-27T22:04:02.466764Z"",""no_price_dollars"":""0.6200"",""taker_side"":""yes"",""ticker"":""KXETH15M-26APR271815-15"",""trade_id"":""21a13ad8-924b-62a6-e471-241d6ccb3993"",""yes_price_dollars"":""0.3800""}"
KXETH15M-26APR271815-15,218d82f1-a5d1-6d1b-5fae-6ce8d2807ca4,1777327442,0.38,1.0,yes,"{""count_fp"":""1.00"",""created_time"":""2026-04-27T22:04:02.465806Z"",""no_price_dollars"":""0.6200"",""taker_side"":""yes"",""ticker"":""KXETH15M-26APR271815-15"",""trade_id"":""218d82f1-a5d1-6d1b-5fae-6ce8d2807ca4"",""yes_price_dollars"":""0.3800""}"
KXETH15M-26APR271815-15,0d494f0e-53d3-62e6-6d9f-ddb4ba200d1f,1777327442,0.38,10.0,yes,"{""count_fp"":""10.00"",""created_time"":""2026-04-27T22:04:02.465806Z"",""no_price_dollars"":""0.6200"",""taker_side"":""yes"",""ticker"":""KXETH15M-26APR271815-15"",""trade_id"":""0d494f0e-53d3-62e6-6d9f-ddb4ba200d1f"",""yes_price_dollars"":""0.3800""}"
KXETH15M-26APR271815-15,cd1745c1-39a6-5a4c-0d1b-dd855fc57191,1777327443,0.48,10.0,yes,"{""count_fp"":""10.00"",""created_time"":""2026-04-27T22:04:03.603793Z"",""no_price_dollars"":""0.5200"",""taker_side"":""yes"",""ticker"":""KXETH15M-26APR271815-15"",""trade_id"":""cd1745c1-39a6-5a4c-0d1b-dd855fc57191"",""yes_price_dollars"":""0.4800""}"
KXETH15M-26APR271815-15,697cd2a5-a9c0-6e39-5907-26d1023353d9,1777327443,0.46,1158.0,yes,"{""count_fp"":""1158.00"",""created_time"":""2026-04-27T22:04:03.565203Z"",""no_price_dollars"":""0.5400"",""taker_side"":""yes"",""ticker"":""KXETH15M-26APR271815-15"",""trade_id"":""697cd2a5-a9c0-6e39-5907-26d1023353d9"",""yes_price_dollars"":""0.4600""}"
KXETH15M-26APR271815-15,19825d90-5878-69b2-5873-f36f28d0ad0c,1777327443,0.45,825.0,yes,"{""count_fp"":""825.00"",""created_time"":""2026-04-27T22:04:03.565203Z"",""no_price_dollars"":""0.5500"",""taker_side"":""yes"",""ticker"":""KXETH15M-26APR271815-15"",""trade_id"":""19825d90-5878-69b2-5873-f36f28d0ad0c"",""yes_price_dollars"":""0.4500""}"
KXETH15M-26APR271815-15,34554dcb-e9d5-4a32-fa2f-f88c32a46488,1777327444,0.49,45.0,no,"{""count_fp"":""45.00"",""created_time"":""2026-04-27T22:04:04.134439Z"",""no_price_dollars"":""0.5100"",""taker_side"":""no"",""ticker"":""KXETH15M-26APR271815-15"",""trade_id"":""34554dcb-e9d5-4a32-fa2f-f88c32a46488"",""yes_price_dollars"":""0.4900""}"
KXETH15M-26APR271815-15,a2cfc49c-2185-48fe-29e8-1f82d77b84fc,1777327445,0.49,5.0,no,"{""count_fp"":""5.00"",""created_time"":""2026-04-27T22:04:05.736322Z"",""no_price_dollars"":""0.5100"",""taker_side"":""no"",""ticker"":""KXETH15M-26APR271815-15"",""trade_id"":""a2cfc49c-2185-48fe-29e8-1f82d77b84fc"",""yes_price_dollars"":""0.4900""}"
KXETH15M-26APR271815-15,f9b36bfe-14c1-7e2d-cf74-2431d2b22d56,1777327445,0.5,1.0,yes,"{""count_fp"":""1.00"",""created_time"":""2026-04-27T22:04:05.679781Z"",""no_price_dollars"":""0.5000"",""taker_side"":""yes"",""ticker"":""KXETH15M-26APR271815-15"",""trade_id"":""f9b36bfe-14c1-7e2d-cf74-2431d2b22d56"",""yes_price_dollars"":""0.5000""}"
KXETH15M-26APR271815-15,e7b25618-11a2-7f6e-eb7e-85f7bca1bdd9,1777327445,0.52,111.0,yes,"{""count_fp"":""111.00"",""created_time"":""2026-04-27T22:04:05.679781Z"",""no_price_dollars"":""0.4800"",""taker_side"":""yes"",""ticker"":""KXETH15M-26APR271815-15"",""trade_id"":""e7b25618-11a2-7f6e-eb7e-85f7bca1bdd9"",""yes_price_dollars"":""0.5200""}"
KXETH15M-26APR271815-15,36e59f5c-08fe-7e5d-fd60-abb50781925c,1777327445,0.5,5.0,yes,"{""count_fp"":""5.00"",""created_time"":""2026-04-27T22:04:05.679781Z"",""no_price_dollars"":""0.5000"",""taker_side"":""yes"",""ticker"":""KXETH15M-26APR271815-15"",""trade_id"":""36e59f5c-08fe-7e5d-fd60-abb50781925c"",""yes_price_dollars"":""0.5000""}"
KXETH15M-26APR271815-15,25428e54-05de-7824-e4c6-c2907fdf2e86,1777327445,0.52,5.0,yes,"{""count_fp"":""5.00"",""created_time"":""2026-04-27T22:04:05.679781Z"",""no_price_dollars"":""0.4800"",""taker_side"":""yes"",""ticker"":""KXETH15M-26APR271815-15"",""trade_id"":""25428e54-05de-7824-e4c6-c2907fdf2e86"",""yes_price_dollars"":""0.5200""}"
KXETH15M-26APR271815-15,dced5e8f-e9c3-65af-f915-a2c8ab16f277,1777327446,0.5,0.38,yes,"{""count_fp"":""0.38"",""created_time"":""2026-04-27T22:04:06.945812Z"",""no_price_dollars"":""0.5000"",""taker_side"":""yes"",""ticker"":""KXETH15M-26APR271815-15"",""trade_id"":""dced5e8f-e9c3-65af-f915-a2c8ab16f277"",""yes_price_dollars"":""0.5000""}"
KXETH15M-26APR271815-15,f23ad347-fbcd-5bba-3839-063ccd17afe0,1777327447,0.49,591.0,no,"{""count_fp"":""591.00"",""created_time"":""2026-04-27T22:04:07.894814Z"",""no_price_dollars"":""0.5100"",""taker_side"":""no"",""ticker"":""KXETH15M-26APR271815-15"",""trade_id"":""f23ad347-fbcd-5bba-3839-063ccd17afe0"",""yes_price_dollars"":""0.4900""}"
KXETH15M-26APR271815-15,aefcfedf-f323-77fa-a5b4-0907b4f3c122,1777327447,0.52,5.0,yes,"{""count_fp"":""5.00"",""created_time"":""2026-04-27T22:04:07.306425Z"",""no_price_dollars"":""0.4800"",""taker_side"":""yes"",""ticker"":""KXETH15M-26APR271815-15"",""trade_id"":""aefcfedf-f323-77fa-a5b4-0907b4f3c122"",""yes_price_dollars"":""0.5200""}"
KXETH15M-26APR271815-15,9f5108d1-23d5-798c-9d31-0c6cb9f3b6d8,1777327447,0.54,5.0,yes,"{""count_fp"":""5.00"",""created_time"":""2026-04-27T22:04:07.306425Z"",""no_price_dollars"":""0.4600"",""taker_side"":""yes"",""ticker"":""KXETH15M-26APR271815-15"",""trade_id"":""9f5108d1-23d5-798c-9d31-0c6cb9f3b6d8"",""yes_price_dollars"":""0.5400""}"
KXETH15M-26APR271815-15,97d5aaae-2a12-7eaf-bc3e-6155e3ce67e3,1777327447,0.54,3.38,yes,"{""count_fp"":""3.38"",""created_time"":""2026-04-27T22:04:07.306425Z"",""no_price_dollars"":""0.4600"",""taker_side"":""yes"",""ticker"":""KXETH15M-26APR271815-15"",""trade_id"":""97d5aaae-2a12-7eaf-bc3e-6155e3ce67e3"",""yes_price_dollars"":""0.5400""}"
KXETH15M-26APR271815-15,85956758-1184-72ab-9ebe-1368a0379f6e,1777327447,0.5,1.0,yes,"{""count_fp"":""1.00"",""created_time"":""2026-04-27T22:04:07.306425Z"",""no_price_dollars"":""0.5000"",""taker_side"":""yes"",""ticker"":""KXETH15M-26APR271815-15"",""trade_id"":""85956758-1184-72ab-9ebe-1368a0379f6e"",""yes_price_dollars"":""0.5000""}"
KXETH15M-26APR271815-15,5ce65fe0-145b-7f3f-818a-a22c1a3bf8bb,1777327447,0.5,4.62,yes,"{""count_fp"":""4.62"",""created_time"":""2026-04-27T22:04:07.306425Z"",""no_price_dollars"":""0.5000"",""taker_side"":""yes"",""ticker"":""KXETH15M-26APR271815-15"",""trade_id"":""5ce65fe0-145b-7f3f-818a-a22c1a3bf8bb"",""yes_price_dollars"":""0.5000""}"
KXETH15M-26APR271815-15,10c61be8-09fd-46da-3894-2ee8594d76c4,1777327447,0.49,3.04,no,"{""count_fp"":""3.04"",""created_time"":""2026-04-27T22:04:07.127874Z"",""no_price_dollars"":""0.5100"",""taker_side"":""no"",""ticker"":""KXETH15M-26APR271815-15"",""trade_id"":""10c61be8-09fd-46da-3894-2ee8594d76c4"",""yes_price_dollars"":""0.4900""}"
KXETH15M-26APR271815-15,5e2ddab0-1241-7aae-7ae3-5567d3018398,1777327447,0.49,46.58,no,"{""count_fp"":""46.58"",""created_time"":""2026-04-27T22:04:07.105646Z"",""no_price_dollars"":""0.5100"",""taker_side"":""no"",""ticker"":""KXETH15M-26APR271815-15"",""trade_id"":""5e2ddab0-1241-7aae-7ae3-5567d3018398"",""yes_price_dollars"":""0.4900""}"
KXETH15M-26APR271815-15,fe1d6559-68a1-5e0a-43ba-80d706598b0c,1777327448,0.44,32.0,no,"{""count_fp"":""32.00"",""created_time"":""2026-04-27T22:04:08.099425Z"",""no_price_dollars"":""0.5600"",""taker_side"":""no"",""ticker"":""KXETH15M-26APR271815-15"",""trade_id"":""fe1d6559-68a1-5e0a-43ba-80d706598b0c"",""yes_price_dollars"":""0.4400""}"
KXETH15M-26APR271815-15,af8654f3-4b51-5620-7cdf-fd3c9705ec5e,1777327448,0.48,10.0,no,"{""count_fp"":""10.00"",""created_time"":""2026-04-27T22:04:08.099425Z"",""no_price_dollars"":""0.5200"",""taker_side"":""no"",""ticker"":""KXETH15M-26APR271815-15"",""trade_id"":""af8654f3-4b51-5620-7cdf-fd3c9705ec5e"",""yes_price_dollars"":""0.4800""}"
KXETH15M-26APR271815-15,1438317e-d3a4-759b-43ea-7aac67588a38,1777327449,0.46,10.0,no,"{""count_fp"":""10.00"",""created_time"":""2026-04-27T22:04:09.737741Z"",""no_price_dollars"":""0.5400"",""taker_side"":""no"",""ticker"":""KXETH15M-26APR271815-15"",""trade_id"":""1438317e-d3a4-759b-43ea-7aac67588a38"",""yes_price_dollars"":""0.4600""}"
KXETH15M-26APR271815-15,050addeb-008f-7801-516d-b10ee9b77b64,1777327449,0.45,16.88,no,"{""count_fp"":""16.88"",""created_time"":""2026-04-27T22:04:09.737741Z"",""no_price_dollars"":""0.5500"",""taker_side"":""no"",""ticker"":""KXETH15M-26APR271815-15"",""trade_id"":""050addeb-008f-7801-516d-b10ee9b77b64"",""yes_price_dollars"":""0.4500""}"
KXETH15M-26APR271815-15,fa8958c2-88bf-554d-cd58-756fdc29c7d0,1777327452,0.5,1.71,no,"{""count_fp"":""1.71"",""created_time"":""2026-04-27T22:04:12.668003Z"",""no_price_dollars"":""0.5000"",""taker_side"":""no"",""ticker"":""KXETH15M-26APR271815-15"",""trade_id"":""fa8958c2-88bf-554d-cd58-756fdc29c7d0"",""yes_price_dollars"":""0.5000""}"
KXETH15M-26APR271815-15,ea5eec46-bc2f-502b-d50b-590adf69535c,1777327452,0.5,10.0,no,"{""count_fp"":""10.00"",""created_time"":""2026-04-27T22:04:12.668003Z"",""no_price_dollars"":""0.5000"",""taker_side"":""no"",""ticker"":""KXETH15M-26APR271815-15"",""trade_id"":""ea5eec46-bc2f-502b-d50b-590adf69535c"",""yes_price_dollars"":""0.5000""}"
KXETH15M-26APR271815-15,bb0c5e8f-ce16-46ce-4933-fd14414c1eea,1777327452,0.5,10.0,yes,"{""count_fp"":""10.00"",""created_time"":""2026-04-27T22:04:12.012012Z"",""no_price_dollars"":""0.5000"",""taker_side"":""yes"",""ticker"":""KXETH15M-26APR271815-15"",""trade_id"":""bb0c5e8f-ce16-46ce-4933-fd14414c1eea"",""yes_price_dollars"":""0.5000""}"
KXETH15M-26APR271815-15,10cb6b66-191b-4cd1-422e-95a06fce30fb,1777327452,0.5,1.0,yes,"{""count_fp"":""1.00"",""created_time"":""2026-04-27T22:04:12.012012Z"",""no_price_dollars"":""0.5000"",""taker_side"":""yes"",""ticker"":""KXETH15M-26APR271815-15"",""trade_id"":""10cb6b66-191b-4cd1-422e-95a06fce30fb"",""yes_price_dollars"":""0.5000""}"
KXETH15M-26APR271815-15,2ea2ae5f-5cb2-6c0c-a53e-1c1a17668a79,1777327453,0.53,1.0,yes,"{""count_fp"":""1.00"",""created_time"":""2026-04-27T22:04:13.998215Z"",""no_price_dollars"":""0.4700"",""taker_side"":""yes"",""ticker"":""KXETH15M-26APR271815-15"",""trade_id"":""2ea2ae5f-5cb2-6c0c-a53e-1c1a17668a79"",""yes_price_dollars"":""0.5300""}"
KXETH15M-26APR271815-15,e1cf97ce-5f77-4321-a8e6-7de0903ab808,1777327458,0.54,10.0,no,"{""count_fp"":""10.00"",""created_time"":""2026-04-27T22:04:18.881315Z"",""no_price_dollars"":""0.4600"",""taker_side"":""no"",""ticker"":""KXETH15M-26APR271815-15"",""trade_id"":""e1cf97ce-5f77-4321-a8e6-7de0903ab808"",""yes_price_dollars"":""0.5400""}"
KXETH15M-26APR271815-15,d78d3850-c4e3-5c4d-4b5b-10c07834479c,1777327458,0.54,10.0,no,"{""count_fp"":""10.00"",""created_time"":""2026-04-27T22:04:18.824245Z"",""no_price_dollars"":""0.4600"",""taker_side"":""no"",""ticker"":""KXETH15M-26APR271815-15"",""trade_id"":""d78d3850-c4e3-5c4d-4b5b-10c07834479c"",""yes_price_dollars"":""0.5400""}"
KXETH15M-26APR271815-15,6c03ba52-7767-5911-9e04-762bfb081994,1777327460,0.5,0.38,no,"{""count_fp"":""0.38"",""created_time"":""2026-04-27T22:04:20.594784Z"",""no_price_dollars"":""0.5000"",""taker_side"":""no"",""ticker"":""KXETH15M-26APR271815-15"",""trade_id"":""6c03ba52-7767-5911-9e04-762bfb081994"",""yes_price_dollars"":""0.5000""}"
KXETH15M-26APR271815-15,20ee6ea4-1b14-57cb-ff86-6911c9b8eef5,1777327461,0.5,1.0,yes,"{""count_fp"":""1.00"",""created_time"":""2026-04-27T22:04:21.446042Z"",""no_price_dollars"":""0.5000"",""taker_side"":""yes"",""ticker"":""KXETH15M-26APR271815-15"",""trade_id"":""20ee6ea4-1b14-57cb-ff86-6911c9b8eef5"",""yes_price_dollars"":""0.5000""}"
KXETH15M-26APR271815-15,e3865241-289e-568b-fc2d-d384734b8f6d,1777327461,0.51,10.0,no,"{""count_fp"":""10.00"",""created_time"":""2026-04-27T22:04:21.334508Z"",""no_price_dollars"":""0.4900"",""taker_side"":""no"",""ticker"":""KXETH15M-26APR271815-15"",""trade_id"":""e3865241-289e-568b-fc2d-d384734b8f6d"",""yes_price_dollars"":""0.5100""}"
KXETH15M-26APR271815-15,6ebfa507-edf3-4d43-995c-0b48114ddcd4,1777327462,0.51,1.0,yes,"{""count_fp"":""1.00"",""created_time"":""2026-04-27T22:04:22.915234Z"",""no_price_dollars"":""0.4900"",""taker_side"":""yes"",""ticker"":""KXETH15M-26APR271815-15"",""trade_id"":""6ebfa507-edf3-4d43-995c-0b48114ddcd4"",""yes_price_dollars"":""0.5100""}"
KXETH15M-26APR271815-15,813e1145-8c45-4ca3-9fae-34b953189225,1777327464,0.49,10.0,yes,"{""count_fp"":""10.00"",""created_time"":""2026-04-27T22:04:24.140875Z"",""no_price_dollars"":""0.5100"",""taker_side"":""yes"",""ticker"":""KXETH15M-26APR271815-15"",""trade_id"":""813e1145-8c45-4ca3-9fae-34b953189225"",""yes_price_dollars"":""0.4900""}"
KXETH15M-26APR271815-15,3ac1b9f8-5a06-4639-b1f2-b7a6bf945982,1777327464,0.49,23.5,yes,"{""count_fp"":""23.50"",""created_time"":""2026-04-27T22:04:24.140875Z"",""no_price_dollars"":""0.5100"",""taker_side"":""yes"",""ticker"":""KXETH15M-26APR271815-15"",""trade_id"":""3ac1b9f8-5a06-4639-b1f2-b7a6bf945982"",""yes_price_dollars"":""0.4900""}"
KXETH15M-26APR271815-15,9f2c3f4b-a5b3-74b5-c585-e53c2a81c8b3,1777327465,0.52,1.0,yes,"{""count_fp"":""1.00"",""created_time"":""2026-04-27T22:04:25.024225Z"",""no_price_dollars"":""0.4800"",""taker_side"":""yes"",""ticker"":""KXETH15M-26APR271815-15"",""trade_id"":""9f2c3f4b-a5b3-74b5-c585-e53c2a81c8b3"",""yes_price_dollars"":""0.5200""}"
KXETH15M-26APR271815-15,54cf5fe1-c012-7025-e605-0f4c3c789012,1777327465,0.52,37.0,yes,"{""count_fp"":""37.00"",""created_time"":""2026-04-27T22:04:25.024225Z"",""no_price_dollars"":""0.4800"",""taker_side"":""yes"",""ticker"":""KXETH15M-26APR271815-15"",""trade_id"":""54cf5fe1-c012-7025-e605-0f4c3c789012"",""yes_price_dollars"":""0.5200""}"
KXETH15M-26APR271815-15,8efd4654-6b0d-6e66-9708-a31ce2dbf5e4,1777327468,0.44,1.0,no,"{""count_fp"":""1.00"",""created_time"":""2026-04-27T22:04:28.723456Z"",""no_price_dollars"":""0.5600"",""taker_side"":""no"",""ticker"":""KXETH15M-26APR271815-15"",""trade_id"":""8efd4654-6b0d-6e66-9708-a31ce2dbf5e4"",""yes_price_dollars"":""0.4400""}"
KXETH15M-26APR271815-15,ecab1095-9930-7d5c-a60c-88dc0fbe4d5d,1777327468,0.46,75.0,no,"{""count_fp"":""75.00"",""created_time"":""2026-04-27T22:04:28.206771Z"",""no_price_dollars"":""0.5400"",""taker_side"":""no"",""ticker"":""KXETH15M-26APR271815-15"",""trade_id"":""ecab1095-9930-7d5c-a60c-88dc0fbe4d5d"",""yes_price_dollars"":""0.4600""}"
KXETH15M-26APR271815-15,15209456-6c90-6d92-3cde-fdac93fee664,1777327468,0.48,10.0,no,"{""count_fp"":""10.00"",""created_time"":""2026-04-27T22:04:28.154185Z"",""no_price_dollars"":""0.5200"",""taker_side"":""no"",""ticker"":""KXETH15M-26APR271815-15"",""trade_id"":""15209456-6c90-6d92-3cde-fdac93fee664"",""yes_price_dollars"":""0.4800""}"
KXETH15M-26APR271815-15,9788ab80-f998-6ae7-28cb-b8e97966fe5a,1777327470,0.48,10.0,yes,"{""count_fp"":""10.00"",""created_time"":""2026-04-27T22:04:30.582467Z"",""no_price_dollars"":""0.5200"",""taker_side"":""yes"",""ticker"":""KXETH15M-26APR271815-15"",""trade_id"":""9788ab80-f998-6ae7-28cb-b8e97966fe5a"",""yes_price_dollars"":""0.4800""}"
KXETH15M-26APR271815-15,28da8f97-3fbf-67d4-d066-19e77129a784,1777327471,0.48,0.41,yes,"{""count_fp"":""0.41"",""created_time"":""2026-04-27T22:04:31.747825Z"",""no_price_dollars"":""0.5200"",""taker_side"":""yes"",""ticker"":""KXETH15M-26APR271815-15"",""trade_id"":""28da8f97-3fbf-67d4-d066-19e77129a784"",""yes_price_dollars"":""0.4800""}"
KXETH15M-26APR271815-15,7c1d7cf8-a34e-5e7d-fde5-45ec715648aa,1777327474,0.42,5.0,yes,"{""count_fp"":""5.00"",""created_time"":""2026-04-27T22:04:34.911966Z"",""no_price_dollars"":""0.5800"",""taker_side"":""yes"",""ticker"":""KXETH15M-26APR271815-15"",""trade_id"":""7c1d7cf8-a34e-5e7d-fde5-45ec715648aa"",""yes_price_dollars"":""0.4200""}"
KXETH15M-26APR271815-15,3b5c161f-8269-58b6-d204-e1e904509604,1777327474,0.44,201.91,no,"{""count_fp"":""201.91"",""created_time"":""2026-04-27T22:04:34.751249Z"",""no_price_dollars"":""0.5600"",""taker_side"":""no"",""ticker"":""KXETH15M-26APR271815-15"",""trade_id"":""3b5c161f-8269-58b6-d204-e1e904509604"",""yes_price_dollars"":""0.4400""}"
KXETH15M-26APR271815-15,0da61d2f-b0de-5c22-c898-7480f490d552,1777327474,0.45,83.38,no,"{""count_fp"":""83.38"",""created_time"":""2026-04-27T22:04:34.751249Z"",""no_price_dollars"":""0.5500"",""taker_side"":""no"",""ticker"":""KXETH15M-26APR271815-15"",""trade_id"":""0da61d2f-b0de-5c22-c898-7480f490d552"",""yes_price_dollars"":""0.4500""}"
KXETH15M-26APR271815-15,6258f7d1-318d-610d-3aa2-1cec3592e2d4,1777327477,0.4,8.0,no,"{""count_fp"":""8.00"",""created_time"":""2026-04-27T22:04:37.290573Z"",""no_price_dollars"":""0.6000"",""taker_side"":""no"",""ticker"":""KXETH15M-26APR271815-15"",""trade_id"":""6258f7d1-318d-610d-3aa2-1cec3592e2d4"",""yes_price_dollars"":""0.4000""}"
KXETH15M-26APR271815-15,0a4624cd-a8aa-6171-f683-8f8215651c66,1777327479,0.35,0.62,yes,"{""count_fp"":""0.62"",""created_time"":""2026-04-27T22:04:39.126528Z"",""no_price_dollars"":""0.6500"",""taker_side"":""yes"",""ticker"":""KXETH15M-26APR271815-15"",""trade_id"":""0a4624cd-a8aa-6171-f683-8f8215651c66"",""yes_price_dollars"":""0.3500""}"
KXETH15M-26APR271815-15,a8444c47-beb7-57d4-308e-b64f7efb539c,1777327480,0.36,46.59,yes,"{""count_fp"":""46.59"",""created_time"":""2026-04-27T22:04:40.084254Z"",""no_price_dollars"":""0.6400"",""taker_side"":""yes"",""ticker"":""KXETH15M-26APR271815-15"",""trade_id"":""a8444c47-beb7-57d4-308e-b64f7efb539c"",""yes_price_dollars"":""0.3600""}"
KXETH15M-26APR271815-15,e408589d-ca41-598e-f55c-07ae7f7897ff,1777327480,0.35,10.0,yes,"{""count_fp"":""10.00"",""created_time"":""2026-04-27T22:04:40.081135Z"",""no_price_dollars"":""0.6500"",""taker_side"":""yes"",""ticker"":""KXETH15M-26APR271815-15"",""trade_id"":""e408589d-ca41-598e-f55c-07ae7f7897ff"",""yes_price_dollars"":""0.3500""}"
KXETH15M-26APR271815-15,7d4c4eb7-8e67-5821-3447-546a689aa070,1777327484,0.33,27.9,no,"{""count_fp"":""27.90"",""created_time"":""2026-04-27T22:04:44.807744Z"",""no_price_dollars"":""0.6700"",""taker_side"":""no"",""ticker"":""KXETH15M-26APR271815-15"",""trade_id"":""7d4c4eb7-8e67-5821-3447-546a689aa070"",""yes_price_dollars"":""0.3300""}"
KXETH15M-26APR271815-15,24a41ad2-fd10-5d18-08b5-1e3ad253d0c8,1777327484,0.34,1.0,no,"{""count_fp"":""1.00"",""created_time"":""2026-04-27T22:04:44.807744Z"",""no_price_dollars"":""0.6600"",""taker_side"":""no"",""ticker"":""KXETH15M-26APR271815-15"",""trade_id"":""24a41ad2-fd10-5d18-08b5-1e3ad253d0c8"",""yes_price_dollars"":""0.3400""}"
KXETH15M-26APR271815-15,f451c4be-7f5a-5f86-d14d-43970b081402,1777327484,0.33,1.0,no,"{""count_fp"":""1.00"",""created_time"":""2026-04-27T22:04:44.335764Z"",""no_price_dollars"":""0.6700"",""taker_side"":""no"",""ticker"":""KXETH15M-26APR271815-15"",""trade_id"":""f451c4be-7f5a-5f86-d14d-43970b081402"",""yes_price_dollars"":""0.3300""}"
KXETH15M-26APR271815-15,a7848e03-a2a6-5a04-cd12-42f731dff7dc,1777327484,0.33,15.7,no,"{""count_fp"":""15.70"",""created_time"":""2026-04-27T22:04:44.335764Z"",""no_price_dollars"":""0.6700"",""taker_side"":""no"",""ticker"":""KXETH15M-26APR271815-15"",""trade_id"":""a7848e03-a2a6-5a04-cd12-42f731dff7dc"",""yes_price_dollars"":""0.3300""}"
KXETH15M-26APR271815-15,81d90557-c785-5460-ee5e-81f56e547119,1777327484,0.34,5.0,no,"{""count_fp"":""5.00"",""created_time"":""2026-04-27T22:04:44.335764Z"",""no_price_dollars"":""0.6600"",""taker_side"":""no"",""ticker"":""KXETH15M-26APR271815-15"",""trade_id"":""81d90557-c785-5460-ee5e-81f56e547119"",""yes_price_dollars"":""0.3400""}"
KXETH15M-26APR271815-15,d58ea431-067a-6b39-ec8b-d793ad241066,1777327486,0.34,100.0,yes,"{""count_fp"":""100.00"",""created_time"":""2026-04-27T22:04:46.453712Z"",""no_price_dollars"":""0.6600"",""taker_side"":""yes"",""ticker"":""KXETH15M-26APR271815-15"",""trade_id"":""d58ea431-067a-6b39-ec8b-d793ad241066"",""yes_price_dollars"":""0.3400""}"
KXETH15M-26APR271815-15,69debc36-4b37-611c-e937-2af93a41bdbc,1777327486,0.35,59.52,yes,"{""count_fp"":""59.52"",""created_time"":""2026-04-27T22:04:46.453712Z"",""no_price_dollars"":""0.6500"",""taker_side"":""yes"",""ticker"":""KXETH15M-26APR271815-15"",""trade_id"":""69debc36-4b37-611c-e937-2af93a41bdbc"",""yes_price_dollars"":""0.3500""}"
KXETH15M-26APR271815-15,5223d223-beb2-5152-e17a-620e8400454d,1777327487,0.3,1.0,no,"{""count_fp"":""1.00"",""created_time"":""2026-04-27T22:04:47.886127Z"",""no_price_dollars"":""0.7000"",""taker_side"":""no"",""ticker"":""KXETH15M-26APR271815-15"",""trade_id"":""5223d223-beb2-5152-e17a-620e8400454d"",""yes_price_dollars"":""0.3000""}"
KXETH15M-26APR271815-15,8a80bd9d-158b-49bf-a112-9b182273e068,1777327488,0.3,5.0,no,"{""count_fp"":""5.00"",""created_time"":""2026-04-27T22:04:48.118815Z"",""no_price_dollars"":""0.7000"",""taker_side"":""no"",""ticker"":""KXETH15M-26APR271815-15"",""trade_id"":""8a80bd9d-158b-49bf-a112-9b182273e068"",""yes_price_dollars"":""0.3000""}"
KXETH15M-26APR271815-15,829cbbc2-66ee-6a62-5434-2198446af591,1777327488,0.3,99.0,no,"{""count_fp"":""99.00"",""created_time"":""2026-04-27T22:04:48.114615Z"",""no_price_dollars"":""0.7000"",""taker_side"":""no"",""ticker"":""KXETH15M-26APR271815-15"",""trade_id"":""829cbbc2-66ee-6a62-5434-2198446af591"",""yes_price_dollars"":""0.3000""}"
KXETH15M-26APR271815-15,5f4954b3-38eb-5e60-d0fd-70dc192edda8,1777327490,0.31,326.18,yes,"{""count_fp"":""326.18"",""created_time"":""2026-04-27T22:04:50.389866Z"",""no_price_dollars"":""0.6900"",""taker_side"":""yes"",""ticker"":""KXETH15M-26APR271815-15"",""trade_id"":""5f4954b3-38eb-5e60-d0fd-70dc192edda8"",""yes_price_dollars"":""0.3100""}"
KXETH15M-26APR271815-15,2cd1fb95-b6a9-74ae-41a2-be446ffe67a1,1777327491,0.3,0.84,no,"{""count_fp"":""0.84"",""created_time"":""2026-04-27T22:04:51.980567Z"",""no_price_dollars"":""0.7000"",""taker_side"":""no"",""ticker"":""KXETH15M-26APR271815-15"",""trade_id"":""2cd1fb95-b6a9-74ae-41a2-be446ffe67a1"",""yes_price_dollars"":""0.3000""}"
KXETH15M-26APR271815-15,e6dcf0d4-d4a1-78b6-2889-076b80062399,1777327491,0.3,22.0,no,"{""count_fp"":""22.00"",""created_time"":""2026-04-27T22:04:51.976885Z"",""no_price_dollars"":""0.7000"",""taker_side"":""no"",""ticker"":""KXETH15M-26APR271815-15"",""trade_id"":""e6dcf0d4-d4a1-78b6-2889-076b80062399"",""yes_price_dollars"":""0.3000""}"
KXETH15M-26APR271815-15,8339cc32-b255-481c-ad17-b3ef33f60872,1777327491,0.3,5.0,no,"{""count_fp"":""5.00"",""created_time"":""2026-04-27T22:04:51.094688Z"",""no_price_dollars"":""0.7000"",""taker_side"":""no"",""ticker"":""KXETH15M-26APR271815-15"",""trade_id"":""8339cc32-b255-481c-ad17-b3ef33f60872"",""yes_price_dollars"":""0.3000""}"
KXETH15M-26APR271815-15,070d65a6-9f55-4af2-aea8-9f7f92b9cedd,1777327491,0.3,12.16,no,"{""count_fp"":""12.16"",""created_time"":""2026-04-27T22:04:51.094688Z"",""no_price_dollars"":""0.7000"",""taker_side"":""no"",""ticker"":""KXETH15M-26APR271815-15"",""trade_id"":""070d65a6-9f55-4af2-aea8-9f7f92b9cedd"",""yes_price_dollars"":""0.3000""}"
KXETH15M-26APR271815-15,1340f844-d35c-68a6-ebd9-268387052139,1777327494,0.28,1.0,no,"{""count_fp"":""1.00"",""created_time"":""2026-04-27T22:04:54.647543Z"",""no_price_dollars"":""0.7200"",""taker_side"":""no"",""ticker"":""KXETH15M-26APR271815-15"",""trade_id"":""1340f844-d35c-68a6-ebd9-268387052139"",""yes_price_dollars"":""0.2800""}"
KXETH15M-26APR271815-15,466716dc-f7c7-6e58-c282-dba1c7a4f3c0,1777327495,0.29,4.0,yes,"{""count_fp"":""4.00"",""created_time"":""2026-04-27T22:04:55.359156Z"",""no_price_dollars"":""0.7100"",""taker_side"":""yes"",""ticker"":""KXETH15M-26APR271815-15"",""trade_id"":""466716dc-f7c7-6e58-c282-dba1c7a4f3c0"",""yes_price_dollars"":""0.2900""}"
KXETH15M-26APR271815-15,01b43fa6-3df8-4ae0-df08-3b70ed418462,1777327499,0.25,9.17,no,"{""count_fp"":""9.17"",""created_time"":""2026-04-27T22:04:59.558097Z"",""no_price_dollars"":""0.7500"",""taker_side"":""no"",""ticker"":""KXETH15M-26APR271815-15"",""trade_id"":""01b43fa6-3df8-4ae0-df08-3b70ed418462"",""yes_price_dollars"":""0.2500""}"
KXETH15M-26APR271815-15,80fe190b-fa67-5ce0-9394-cc3660ff2148,1777327500,0.28,3.42,yes,"{""count_fp"":""3.42"",""created_time"":""2026-04-27T22:05:00.006849Z"",""no_price_dollars"":""0.7200"",""taker_side"":""yes"",""ticker"":""KXETH15M-26APR271815-15"",""trade_id"":""80fe190b-fa67-5ce0-9394-cc3660ff2148"",""yes_price_dollars"":""0.2800""}"
KXETH15M-26APR271815-15,3efa0e2d-9fc3-5afa-9590-f383bbdebc13,1777327500,0.28,3.0,yes,"{""count_fp"":""3.00"",""created_time"":""2026-04-27T22:05:00.006849Z"",""no_price_dollars"":""0.7200"",""taker_side"":""yes"",""ticker"":""KXETH15M-26APR271815-15"",""trade_id"":""3efa0e2d-9fc3-5afa-9590-f383bbdebc13"",""yes_price_dollars"":""0.2800""}"
KXETH15M-26APR271815-15,3be61815-b0d5-5aac-998a-858349a99219,1777327500,0.28,10.0,yes,"{""count_fp"":""10.00"",""created_time"":""2026-04-27T22:05:00.006849Z"",""no_price_dollars"":""0.7200"",""taker_side"":""yes"",""ticker"":""KXETH15M-26APR271815-15"",""trade_id"":""3be61815-b0d5-5aac-998a-858349a99219"",""yes_price_dollars"":""0.2800""}"
KXETH15M-26APR271815-15,33ca02cf-8b44-5750-e4a1-01d7fee9cc66,1777327501,0.25,0.83,no,"{""count_fp"":""0.83"",""created_time"":""2026-04-27T22:05:01.380038Z"",""no_price_dollars"":""0.7500"",""taker_side"":""no"",""ticker"":""KXETH15M-26APR271815-15"",""trade_id"":""33ca02cf-8b44-5750-e4a1-01d7fee9cc66"",""yes_price_dollars"":""0.2500""}"
KXETH15M-26APR271815-15,27815359-890d-5b80-d8ef-efa771487f5e,1777327501,0.25,0.17,no,"{""count_fp"":""0.17"",""created_time"":""2026-04-27T22:05:01.380038Z"",""no_price_dollars"":""0.7500"",""taker_side"":""no"",""ticker"":""KXETH15M-26APR271815-15"",""trade_id"":""27815359-890d-5b80-d8ef-efa771487f5e"",""yes_price_dollars"":""0.2500""}"
KXETH15M-26APR271815-15,cb7c2311-ae2a-5e41-d07a-a26c31aeb964,1777327501,0.26,2.0,yes,"{""count_fp"":""2.00"",""created_time"":""2026-04-27T22:05:01.319462Z"",""no_price_dollars"":""0.7400"",""taker_side"":""yes"",""ticker"":""KXETH15M-26APR271815-15"",""trade_id"":""cb7c2311-ae2a-5e41-d07a-a26c31aeb964"",""yes_price_dollars"":""0.2600""}"
KXETH15M-26APR271815-15,28a77297-aae2-5df9-d39a-7842950bceac,1777327501,0.26,3.0,yes,"{""count_fp"":""3.00"",""created_time"":""2026-04-27T22:05:01.319462Z"",""no_price_dollars"":""0.7400"",""taker_side"":""yes"",""ticker"":""KXETH15M-26APR271815-15"",""trade_id"":""28a77297-aae2-5df9-d39a-7842950bceac"",""yes_price_dollars"":""0.2600""}"
KXETH15M-26APR271815-15,e41f2f75-7ef5-6b5c-4f2a-a408b488aac6,1777327502,0.25,0.83,no,"{""count_fp"":""0.83"",""created_time"":""2026-04-27T22:05:02.983889Z"",""no_price_dollars"":""0.7500"",""taker_side"":""no"",""ticker"":""KXETH15M-26APR271815-15"",""trade_id"":""e41f2f75-7ef5-6b5c-4f2a-a408b488aac6"",""yes_price_dollars"":""0.2500""}"
KXETH15M-26APR271815-15,aef75a22-412f-650e-5206-7bc6be9e2c07,1777327502,0.24,48.17,no,"{""count_fp"":""48.17"",""created_time"":""2026-04-27T22:05:02.983889Z"",""no_price_dollars"":""0.7600"",""taker_side"":""no"",""ticker"":""KXETH15M-26APR271815-15"",""trade_id"":""aef75a22-412f-650e-5206-7bc6be9e2c07"",""yes_price_dollars"":""0.2400""}"
KXETH15M-26APR271815-15,a6135791-f375-65cc-1298-934c208d134a,1777327502,0.25,49.0,no,"{""count_fp"":""49.00"",""created_time"":""2026-04-27T22:05:02.981449Z"",""no_price_dollars"":""0.7500"",""taker_side"":""no"",""ticker"":""KXETH15M-26APR271815-15"",""trade_id"":""a6135791-f375-65cc-1298-934c208d134a"",""yes_price_dollars"":""0.2500""}"
KXETH15M-26APR271815-15,a61cf3ca-e779-7bd7-e5d1-9f3546c1e06a,1777327503,0.19,37.0,no,"{""count_fp"":""37.00"",""created_time"":""2026-04-27T22:05:03.092161Z"",""no_price_dollars"":""0.8100"",""taker_side"":""no"",""ticker"":""KXETH15M-26APR271815-15"",""trade_id"":""a61cf3ca-e779-7bd7-e5d1-9f3546c1e06a"",""yes_price_dollars"":""0.1900""}"
KXETH15M-26APR271815-15,4e9c80e7-3035-7077-d705-b33bd185cb3d,1777327503,0.19,1.0,no,"{""count_fp"":""1.00"",""created_time"":""2026-04-27T22:05:03.092161Z"",""no_price_dollars"":""0.8100"",""taker_side"":""no"",""ticker"":""KXETH15M-26APR271815-15"",""trade_id"":""4e9c80e7-3035-7077-d705-b33bd185cb3d"",""yes_price_dollars"":""0.1900""}"
KXETH15M-26APR271815-15,b3d02cc8-41fa-455f-4ca7-7d5da2f408fd,1777327503,0.21,37.87,no,"{""count_fp"":""37.87"",""created_time"":""2026-04-27T22:05:03.076095Z"",""no_price_dollars"":""0.7900"",""taker_side"":""no"",""ticker"":""KXETH15M-26APR271815-15"",""trade_id"":""b3d02cc8-41fa-455f-4ca7-7d5da2f408fd"",""yes_price_dollars"":""0.2100""}"
KXETH15M-26APR271815-15,a225e0aa-2267-561f-5ddc-0c5b61d5972f,1777327503,0.23,1.0,no,"{""count_fp"":""1.00"",""created_time"":""2026-04-27T22:05:03.025052Z"",""no_price_dollars"":""0.7700"",""taker_side"":""no"",""ticker"":""KXETH15M-26APR271815-15"",""trade_id"":""a225e0aa-2267-561f-5ddc-0c5b61d5972f"",""yes_price_dollars"":""0.2300""}"
KXETH15M-26APR271815-15,f0b3493d-d9f3-4360-a329-ecd92f8e6428,1777327504,0.13,19.42,yes,"{""count_fp"":""19.42"",""created_time"":""2026-04-27T22:05:04.985554Z"",""no_price_dollars"":""0.8700"",""taker_side"":""yes"",""ticker"":""KXETH15M-26APR271815-15"",""trade_id"":""f0b3493d-d9f3-4360-a329-ecd92f8e6428"",""yes_price_dollars"":""0.1300""}"
KXETH15M-26APR271815-15,d8edf4b4-5845-4417-b073-a3f3ab1405fc,1777327504,0.13,10.0,yes,"{""count_fp"":""10.00"",""created_time"":""2026-04-27T22:05:04.985554Z"",""no_price_dollars"":""0.8700"",""taker_side"":""yes"",""ticker"":""KXETH15M-26APR271815-15"",""trade_id"":""d8edf4b4-5845-4417-b073-a3f3ab1405fc"",""yes_price_dollars"":""0.1300""}"
KXETH15M-26APR271815-15,67981046-7e73-4568-a432-64ce61025ecc,1777327504,0.14,40.84,yes,"{""count_fp"":""40.84"",""created_time"":""2026-04-27T22:05:04.985554Z"",""no_price_dollars"":""0.8600"",""taker_side"":""yes"",""ticker"":""KXETH15M-26APR271815-15"",""trade_id"":""67981046-7e73-4568-a432-64ce61025ecc"",""yes_price_dollars"":""0.1400""}"
KXETH15M-26APR271815-15,0c526560-93c4-4bea-ad02-da74b1178b75,1777327504,0.13,1.0,yes,"{""count_fp"":""1.00"",""created_time"":""2026-04-27T22:05:04.985554Z"",""no_price_dollars"":""0.8700"",""taker_side"":""yes"",""ticker"":""KXETH15M-26APR271815-15"",""trade_id"":""0c526560-93c4-4bea-ad02-da74b1178b75"",""yes_price_dollars"":""0.1300""}"
KXETH15M-26APR271815-15,f0c473df-7cc1-7cf3-5c5f-c437f31ee721,1777327504,0.13,4.0,no,"{""count_fp"":""4.00"",""created_time"":""2026-04-27T22:05:04.474059Z"",""no_price_dollars"":""0.8700"",""taker_side"":""no"",""ticker"":""KXETH15M-26APR271815-15"",""trade_id"":""f0c473df-7cc1-7cf3-5c5f-c437f31ee721"",""yes_price_dollars"":""0.1300""}"
KXETH15M-26APR271815-15,ee632897-4294-7f34-4e34-2139f3a82e0b,1777327504,0.13,1.0,no,"{""count_fp"":""1.00"",""created_time"":""2026-04-27T22:05:04.474059Z"",""no_price_dollars"":""0.8700"",""taker_side"":""no"",""ticker"":""KXETH15M-26APR271815-15"",""trade_id"":""ee632897-4294-7f34-4e34-2139f3a82e0b"",""yes_price_dollars"":""0.1300""}"
KXETH15M-26APR271815-15,c4f045e9-8f9f-7d46-5a48-fb4c37d99624,1777327504,0.12,95.0,no,"{""count_fp"":""95.00"",""created_time"":""2026-04-27T22:05:04.474059Z"",""no_price_dollars"":""0.8800"",""taker_side"":""no"",""ticker"":""KXETH15M-26APR271815-15"",""trade_id"":""c4f045e9-8f9f-7d46-5a48-fb4c37d99624"",""yes_price_dollars"":""0.1200""}"
KXETH15M-26APR271815-15,b66bc71c-540c-7d76-47e6-0c3596faf960,1777327504,0.13,35.0,no,"{""count_fp"":""35.00"",""created_time"":""2026-04-27T22:05:04.474059Z"",""no_price_dollars"":""0.8700"",""taker_side"":""no"",""ticker"":""KXETH15M-26APR271815-15"",""trade_id"":""b66bc71c-540c-7d76-47e6-0c3596faf960"",""yes_price_dollars"":""0.1300""}"
KXETH15M-26APR271815-15,416e59e7-4d6a-7bec-5b84-656980be6e05,1777327504,0.12,10.0,no,"{""count_fp"":""10.00"",""created_time"":""2026-04-27T22:05:04.474059Z"",""no_price_dollars"":""0.8800"",""taker_side"":""no"",""ticker"":""KXETH15M-26APR271815-15"",""trade_id"":""416e59e7-4d6a-7bec-5b84-656980be6e05"",""yes_price_dollars"":""0.1200""}"
KXETH15M-26APR271815-15,22513cc8-df5f-757c-7ef8-3a84179b9f21,1777327504,0.13,4.0,no,"{""count_fp"":""4.00"",""created_time"":""2026-04-27T22:05:04.474059Z"",""no_price_dollars"":""0.8700"",""taker_side"":""no"",""ticker"":""KXETH15M-26APR271815-15"",""trade_id"":""22513cc8-df5f-757c-7ef8-3a84179b9f21"",""yes_price_dollars"":""0.1300""}"
KXETH15M-26APR271815-15,bfbea27e-403c-54c3-922c-c80f972e5699,1777327504,0.16,1.0,no,"{""count_fp"":""1.00"",""created_time"":""2026-04-27T22:05:04.460649Z"",""no_price_dollars"":""0.8400"",""taker_side"":""no"",""ticker"":""KXETH15M-26APR271815-15"",""trade_id"":""bfbea27e-403c-54c3-922c-c80f972e5699"",""yes_price_dollars"":""0.1600""}"
KXETH15M-26APR271815-15,884a384b-cb80-5a24-90eb-569c676b46b2,1777327504,0.16,1.0,no,"{""count_fp"":""1.00"",""created_time"":""2026-04-27T22:05:04.460649Z"",""no_price_dollars"":""0.8400"",""taker_side"":""no"",""ticker"":""KXETH15M-26APR271815-15"",""trade_id"":""884a384b-cb80-5a24-90eb-569c676b46b2"",""yes_price_dollars"":""0.1600""}"
KXETH15M-26APR271815-15,0ff431c9-501c-5e32-90d8-ee2d06cbefde,1777327504,0.16,3.0,no,"{""count_fp"":""3.00"",""created_time"":""2026-04-27T22:05:04.460649Z"",""no_price_dollars"":""0.8400"",""taker_side"":""no"",""ticker"":""KXETH15M-26APR271815-15"",""trade_id"":""0ff431c9-501c-5e32-90d8-ee2d06cbefde"",""yes_price_dollars"":""0.1600""}"
KXETH15M-26APR271815-15,c801cbfa-14c2-7496-dd69-687ec1cc8c3d,1777327504,0.17,6.0,no,"{""count_fp"":""6.00"",""created_time"":""2026-04-27T22:05:04.266688Z"",""no_price_dollars"":""0.8300"",""taker_side"":""no"",""ticker"":""KXETH15M-26APR271815-15"",""trade_id"":""c801cbfa-14c2-7496-dd69-687ec1cc8c3d"",""yes_price_dollars"":""0.1700""}"
KXETH15M-26APR271815-15,5c735644-da8c-78b3-f10d-47c0392cdcc3,1777327504,0.17,23.0,no,"{""count_fp"":""23.00"",""created_time"":""2026-04-27T22:05:04.266688Z"",""no_price_dollars"":""0.8300"",""taker_side"":""no"",""ticker"":""KXETH15M-26APR271815-15"",""trade_id"":""5c735644-da8c-78b3-f10d-47c0392cdcc3"",""yes_price_dollars"":""0.1700""}"
KXETH15M-26APR271815-15,83708e59-568a-4fd9-5cd7-d0b55d7ae40f,1777327506,0.12,1.0,yes,"{""count_fp"":""1.00"",""created_time"":""2026-04-27T22:05:06.766937Z"",""no_price_dollars"":""0.8800"",""taker_side"":""yes"",""ticker"":""KXETH15M-26APR271815-15"",""trade_id"":""83708e59-568a-4fd9-5cd7-d0b55d7ae40f"",""yes_price_dollars"":""0.1200""}"
KXETH15M-26APR271815-15,22b492b0-3077-4544-66ec-474cfd0960f0,1777327506,0.14,139.24,yes,"{""count_fp"":""139.24"",""created_time"":""2026-04-27T22:05:06.766937Z"",""no_price_dollars"":""0.8600"",""taker_side"":""yes"",""ticker"":""KXETH15M-26APR271815-15"",""trade_id"":""22b492b0-3077-4544-66ec-474cfd0960f0"",""yes_price_dollars"":""0.1400""}"
