ticker,trade_id,ts,yes_price,count,taker_side,raw_json
KXETH15M-26APR272200-00,51d37f4e-e397-72be-7291-f38d21b92681,1777340707,0.51,1.0,no,"{""count_fp"":""1.00"",""created_time"":""2026-04-28T01:45:07.201493Z"",""no_price_dollars"":""0.4900"",""taker_side"":""no"",""ticker"":""KXETH15M-26APR272200-00"",""trade_id"":""51d37f4e-e397-72be-7291-f38d21b92681"",""yes_price_dollars"":""0.5100""}"
KXETH15M-26APR272200-00,c43d4667-b911-6f54-5ce8-5bdf9725737c,1777340714,0.64,1.51,yes,"{""count_fp"":""1.51"",""created_time"":""2026-04-28T01:45:14.850318Z"",""no_price_dollars"":""0.3600"",""taker_side"":""yes"",""ticker"":""KXETH15M-26APR272200-00"",""trade_id"":""c43d4667-b911-6f54-5ce8-5bdf9725737c"",""yes_price_dollars"":""0.6400""}"
KXETH15M-26APR272200-00,364d5f38-b55b-5b3c-e429-c9fd36b6a8fc,1777340717,0.64,5.0,yes,"{""count_fp"":""5.00"",""created_time"":""2026-04-28T01:45:17.159897Z"",""no_price_dollars"":""0.3600"",""taker_side"":""yes"",""ticker"":""KXETH15M-26APR272200-00"",""trade_id"":""364d5f38-b55b-5b3c-e429-c9fd36b6a8fc"",""yes_price_dollars"":""0.6400""}"
KXETH15M-26APR272200-00,770de3ba-5c10-66d1-3eb9-4b1ccf569405,1777340727,0.6,11.18,no,"{""count_fp"":""11.18"",""created_time"":""2026-04-28T01:45:27.113745Z"",""no_price_dollars"":""0.4000"",""taker_side"":""no"",""ticker"":""KXETH15M-26APR272200-00"",""trade_id"":""770de3ba-5c10-66d1-3eb9-4b1ccf569405"",""yes_price_dollars"":""0.6000""}"
KXETH15M-26APR272200-00,1785f4ad-56d8-7209-bdb1-bb0584cecffd,1777340728,0.6,0.82,no,"{""count_fp"":""0.82"",""created_time"":""2026-04-28T01:45:28.332716Z"",""no_price_dollars"":""0.4000"",""taker_side"":""no"",""ticker"":""KXETH15M-26APR272200-00"",""trade_id"":""1785f4ad-56d8-7209-bdb1-bb0584cecffd"",""yes_price_dollars"":""0.6000""}"
KXETH15M-26APR272200-00,9ff70097-ab98-58d9-bccf-df23015844e5,1777340728,0.6,28.0,no,"{""count_fp"":""28.00"",""created_time"":""2026-04-28T01:45:28.324141Z"",""no_price_dollars"":""0.4000"",""taker_side"":""no"",""ticker"":""KXETH15M-26APR272200-00"",""trade_id"":""9ff70097-ab98-58d9-bccf-df23015844e5"",""yes_price_dollars"":""0.6000""}"
KXETH15M-26APR272200-00,5e9d4ff3-796a-64d7-0af3-42e7e8af4233,1777340732,0.52,4.0,no,"{""count_fp"":""4.00"",""created_time"":""2026-04-28T01:45:32.907092Z"",""no_price_dollars"":""0.4800"",""taker_side"":""no"",""ticker"":""KXETH15M-26APR272200-00"",""trade_id"":""5e9d4ff3-796a-64d7-0af3-42e7e8af4233"",""yes_price_dollars"":""0.5200""}"
KXETH15M-26APR272200-00,6101ce9d-2885-7683-c2d6-95baae16026d,1777340741,0.52,54.8,yes,"{""count_fp"":""54.80"",""created_time"":""2026-04-28T01:45:41.308349Z"",""no_price_dollars"":""0.4800"",""taker_side"":""yes"",""ticker"":""KXETH15M-26APR272200-00"",""trade_id"":""6101ce9d-2885-7683-c2d6-95baae16026d"",""yes_price_dollars"":""0.5200""}"
KXETH15M-26APR272200-00,cfdee824-5021-4087-8777-a879a1175919,1777340747,0.51,3.62,yes,"{""count_fp"":""3.62"",""created_time"":""2026-04-28T01:45:47.263209Z"",""no_price_dollars"":""0.4900"",""taker_side"":""yes"",""ticker"":""KXETH15M-26APR272200-00"",""trade_id"":""cfdee824-5021-4087-8777-a879a1175919"",""yes_price_dollars"":""0.5100""}"
KXETH15M-26APR272200-00,3d78e7ea-7852-720d-88fa-8e5144d34ec2,1777340749,0.5,29.0,no,"{""count_fp"":""29.00"",""created_time"":""2026-04-28T01:45:49.629935Z"",""no_price_dollars"":""0.5000"",""taker_side"":""no"",""ticker"":""KXETH15M-26APR272200-00"",""trade_id"":""3d78e7ea-7852-720d-88fa-8e5144d34ec2"",""yes_price_dollars"":""0.5000""}"
KXETH15M-26APR272200-00,9b9b0439-9d7a-6cbb-e585-f90def25a0a7,1777340750,0.47,3.0,no,"{""count_fp"":""3.00"",""created_time"":""2026-04-28T01:45:50.128856Z"",""no_price_dollars"":""0.5300"",""taker_side"":""no"",""ticker"":""KXETH15M-26APR272200-00"",""trade_id"":""9b9b0439-9d7a-6cbb-e585-f90def25a0a7"",""yes_price_dollars"":""0.4700""}"
KXETH15M-26APR272200-00,0204f058-4e14-7b72-71a9-cd4785078f58,1777340752,0.48,2.01,yes,"{""count_fp"":""2.01"",""created_time"":""2026-04-28T01:45:52.163297Z"",""no_price_dollars"":""0.5200"",""taker_side"":""yes"",""ticker"":""KXETH15M-26APR272200-00"",""trade_id"":""0204f058-4e14-7b72-71a9-cd4785078f58"",""yes_price_dollars"":""0.4800""}"
KXETH15M-26APR272200-00,113c07b0-8405-665b-d6fa-52aa6c048593,1777340755,0.48,3.94,yes,"{""count_fp"":""3.94"",""created_time"":""2026-04-28T01:45:55.350216Z"",""no_price_dollars"":""0.5200"",""taker_side"":""yes"",""ticker"":""KXETH15M-26APR272200-00"",""trade_id"":""113c07b0-8405-665b-d6fa-52aa6c048593"",""yes_price_dollars"":""0.4800""}"
KXETH15M-26APR272200-00,a5f02947-048a-5aeb-8a36-eb3fa9093937,1777340762,0.44,1.0,no,"{""count_fp"":""1.00"",""created_time"":""2026-04-28T01:46:02.573086Z"",""no_price_dollars"":""0.5600"",""taker_side"":""no"",""ticker"":""KXETH15M-26APR272200-00"",""trade_id"":""a5f02947-048a-5aeb-8a36-eb3fa9093937"",""yes_price_dollars"":""0.4400""}"
KXETH15M-26APR272200-00,0187583d-023e-418b-4522-889e05bc10e3,1777340762,0.44,4.0,no,"{""count_fp"":""4.00"",""created_time"":""2026-04-28T01:46:02.425024Z"",""no_price_dollars"":""0.5600"",""taker_side"":""no"",""ticker"":""KXETH15M-26APR272200-00"",""trade_id"":""0187583d-023e-418b-4522-889e05bc10e3"",""yes_price_dollars"":""0.4400""}"
KXETH15M-26APR272200-00,a55b28bc-6222-7391-b6ad-29072ce1f075,1777340765,0.4,4.0,no,"{""count_fp"":""4.00"",""created_time"":""2026-04-28T01:46:05.344273Z"",""no_price_dollars"":""0.6000"",""taker_side"":""no"",""ticker"":""KXETH15M-26APR272200-00"",""trade_id"":""a55b28bc-6222-7391-b6ad-29072ce1f075"",""yes_price_dollars"":""0.4000""}"
KXETH15M-26APR272200-00,01566f84-2dee-5eef-c7b2-414ef9303d97,1777340766,0.4,1.0,no,"{""count_fp"":""1.00"",""created_time"":""2026-04-28T01:46:06.479999Z"",""no_price_dollars"":""0.6000"",""taker_side"":""no"",""ticker"":""KXETH15M-26APR272200-00"",""trade_id"":""01566f84-2dee-5eef-c7b2-414ef9303d97"",""yes_price_dollars"":""0.4000""}"
KXETH15M-26APR272200-00,ae0de804-0480-5f32-9008-2e221c0a610d,1777340767,0.42,8.0,yes,"{""count_fp"":""8.00"",""created_time"":""2026-04-28T01:46:07.066465Z"",""no_price_dollars"":""0.5800"",""taker_side"":""yes"",""ticker"":""KXETH15M-26APR272200-00"",""trade_id"":""ae0de804-0480-5f32-9008-2e221c0a610d"",""yes_price_dollars"":""0.4200""}"
KXETH15M-26APR272200-00,d01dfa66-24ad-6a5f-4849-cab9a34dd96d,1777340768,0.43,55.9,yes,"{""count_fp"":""55.90"",""created_time"":""2026-04-28T01:46:08.982539Z"",""no_price_dollars"":""0.5700"",""taker_side"":""yes"",""ticker"":""KXETH15M-26APR272200-00"",""trade_id"":""d01dfa66-24ad-6a5f-4849-cab9a34dd96d"",""yes_price_dollars"":""0.4300""}"
KXETH15M-26APR272200-00,b60e38a5-10b7-6485-ea3a-c7b997790f6f,1777340769,0.39,10.0,no,"{""count_fp"":""10.00"",""created_time"":""2026-04-28T01:46:09.433627Z"",""no_price_dollars"":""0.6100"",""taker_side"":""no"",""ticker"":""KXETH15M-26APR272200-00"",""trade_id"":""b60e38a5-10b7-6485-ea3a-c7b997790f6f"",""yes_price_dollars"":""0.3900""}"
KXETH15M-26APR272200-00,782a2355-7ccc-455d-91fa-a2cae8780847,1777340770,0.33,10.0,no,"{""count_fp"":""10.00"",""created_time"":""2026-04-28T01:46:10.016637Z"",""no_price_dollars"":""0.6700"",""taker_side"":""no"",""ticker"":""KXETH15M-26APR272200-00"",""trade_id"":""782a2355-7ccc-455d-91fa-a2cae8780847"",""yes_price_dollars"":""0.3300""}"
KXETH15M-26APR272200-00,28367b38-5ac6-4c7f-913d-9046c61b0e57,1777340770,0.32,190.0,no,"{""count_fp"":""190.00"",""created_time"":""2026-04-28T01:46:10.016637Z"",""no_price_dollars"":""0.6800"",""taker_side"":""no"",""ticker"":""KXETH15M-26APR272200-00"",""trade_id"":""28367b38-5ac6-4c7f-913d-9046c61b0e57"",""yes_price_dollars"":""0.3200""}"
KXETH15M-26APR272200-00,bb44d758-d92d-5d27-016d-7fd60c2449b6,1777340771,0.37,1.0,yes,"{""count_fp"":""1.00"",""created_time"":""2026-04-28T01:46:11.705885Z"",""no_price_dollars"":""0.6300"",""taker_side"":""yes"",""ticker"":""KXETH15M-26APR272200-00"",""trade_id"":""bb44d758-d92d-5d27-016d-7fd60c2449b6"",""yes_price_dollars"":""0.3700""}"
KXETH15M-26APR272200-00,b67d9fed-af8d-6fff-43f4-4265687d65ea,1777340771,0.37,4.0,yes,"{""count_fp"":""4.00"",""created_time"":""2026-04-28T01:46:11.516216Z"",""no_price_dollars"":""0.6300"",""taker_side"":""yes"",""ticker"":""KXETH15M-26APR272200-00"",""trade_id"":""b67d9fed-af8d-6fff-43f4-4265687d65ea"",""yes_price_dollars"":""0.3700""}"
KXETH15M-26APR272200-00,bd508466-4a9e-7007-1f0f-3e4ee4f349b7,1777340772,0.35,2.87,no,"{""count_fp"":""2.87"",""created_time"":""2026-04-28T01:46:12.432826Z"",""no_price_dollars"":""0.6500"",""taker_side"":""no"",""ticker"":""KXETH15M-26APR272200-00"",""trade_id"":""bd508466-4a9e-7007-1f0f-3e4ee4f349b7"",""yes_price_dollars"":""0.3500""}"
KXETH15M-26APR272200-00,0a34f483-0cd6-6b07-7bf6-33f6361b129f,1777340772,0.35,4.0,no,"{""count_fp"":""4.00"",""created_time"":""2026-04-28T01:46:12.247981Z"",""no_price_dollars"":""0.6500"",""taker_side"":""no"",""ticker"":""KXETH15M-26APR272200-00"",""trade_id"":""0a34f483-0cd6-6b07-7bf6-33f6361b129f"",""yes_price_dollars"":""0.3500""}"
KXETH15M-26APR272200-00,cb723646-2edc-7c96-3a36-b8af81972d36,1777340772,0.36,4.0,yes,"{""count_fp"":""4.00"",""created_time"":""2026-04-28T01:46:12.034199Z"",""no_price_dollars"":""0.6400"",""taker_side"":""yes"",""ticker"":""KXETH15M-26APR272200-00"",""trade_id"":""cb723646-2edc-7c96-3a36-b8af81972d36"",""yes_price_dollars"":""0.3600""}"
KXETH15M-26APR272200-00,d16008b1-ff4f-52a4-e94f-5dbc334a3169,1777340773,0.4,1.0,yes,"{""count_fp"":""1.00"",""created_time"":""2026-04-28T01:46:13.868031Z"",""no_price_dollars"":""0.6000"",""taker_side"":""yes"",""ticker"":""KXETH15M-26APR272200-00"",""trade_id"":""d16008b1-ff4f-52a4-e94f-5dbc334a3169"",""yes_price_dollars"":""0.4000""}"
KXETH15M-26APR272200-00,ad6028dd-4c56-47a3-0897-ec619d9c52b7,1777340773,0.38,0.37,no,"{""count_fp"":""0.37"",""created_time"":""2026-04-28T01:46:13.305319Z"",""no_price_dollars"":""0.6200"",""taker_side"":""no"",""ticker"":""KXETH15M-26APR272200-00"",""trade_id"":""ad6028dd-4c56-47a3-0897-ec619d9c52b7"",""yes_price_dollars"":""0.3800""}"
KXETH15M-26APR272200-00,5f498225-994d-7cbc-bc73-7e51b29045b4,1777340774,0.41,10.0,yes,"{""count_fp"":""10.00"",""created_time"":""2026-04-28T01:46:14.054872Z"",""no_price_dollars"":""0.5900"",""taker_side"":""yes"",""ticker"":""KXETH15M-26APR272200-00"",""trade_id"":""5f498225-994d-7cbc-bc73-7e51b29045b4"",""yes_price_dollars"":""0.4100""}"
KXETH15M-26APR272200-00,aa398d69-19a7-666c-e77d-72a7f779fdb5,1777340774,0.4,4.0,yes,"{""count_fp"":""4.00"",""created_time"":""2026-04-28T01:46:14.047571Z"",""no_price_dollars"":""0.6000"",""taker_side"":""yes"",""ticker"":""KXETH15M-26APR272200-00"",""trade_id"":""aa398d69-19a7-666c-e77d-72a7f779fdb5"",""yes_price_dollars"":""0.4000""}"
KXETH15M-26APR272200-00,e1edb690-06b2-6c0b-dd03-0151d05c8793,1777340776,0.42,1.57,no,"{""count_fp"":""1.57"",""created_time"":""2026-04-28T01:46:16.170522Z"",""no_price_dollars"":""0.5800"",""taker_side"":""no"",""ticker"":""KXETH15M-26APR272200-00"",""trade_id"":""e1edb690-06b2-6c0b-dd03-0151d05c8793"",""yes_price_dollars"":""0.4200""}"
KXETH15M-26APR272200-00,4d9a03f8-8169-654b-9831-262cffbe413a,1777340777,0.46,1.0,yes,"{""count_fp"":""1.00"",""created_time"":""2026-04-28T01:46:17.065442Z"",""no_price_dollars"":""0.5400"",""taker_side"":""yes"",""ticker"":""KXETH15M-26APR272200-00"",""trade_id"":""4d9a03f8-8169-654b-9831-262cffbe413a"",""yes_price_dollars"":""0.4600""}"
KXETH15M-26APR272200-00,3e6b9ff1-dd72-5927-50dd-adf4905d4d5b,1777340778,0.43,0.16,no,"{""count_fp"":""0.16"",""created_time"":""2026-04-28T01:46:18.563327Z"",""no_price_dollars"":""0.5700"",""taker_side"":""no"",""ticker"":""KXETH15M-26APR272200-00"",""trade_id"":""3e6b9ff1-dd72-5927-50dd-adf4905d4d5b"",""yes_price_dollars"":""0.4300""}"
KXETH15M-26APR272200-00,0b35896a-c086-66db-efe8-139980cbb7df,1777340779,0.43,1.0,no,"{""count_fp"":""1.00"",""created_time"":""2026-04-28T01:46:19.257564Z"",""no_price_dollars"":""0.5700"",""taker_side"":""no"",""ticker"":""KXETH15M-26APR272200-00"",""trade_id"":""0b35896a-c086-66db-efe8-139980cbb7df"",""yes_price_dollars"":""0.4300""}"
KXETH15M-26APR272200-00,3c292a5f-cf82-7a47-bc9f-86b4fa08d92b,1777340781,0.42,33.0,no,"{""count_fp"":""33.00"",""created_time"":""2026-04-28T01:46:21.430253Z"",""no_price_dollars"":""0.5800"",""taker_side"":""no"",""ticker"":""KXETH15M-26APR272200-00"",""trade_id"":""3c292a5f-cf82-7a47-bc9f-86b4fa08d92b"",""yes_price_dollars"":""0.4200""}"
KXETH15M-26APR272200-00,0e21834b-1d58-7452-97bd-ff606ee4c4ef,1777340781,0.42,10.0,no,"{""count_fp"":""10.00"",""created_time"":""2026-04-28T01:46:21.430253Z"",""no_price_dollars"":""0.5800"",""taker_side"":""no"",""ticker"":""KXETH15M-26APR272200-00"",""trade_id"":""0e21834b-1d58-7452-97bd-ff606ee4c4ef"",""yes_price_dollars"":""0.4200""}"
KXETH15M-26APR272200-00,2ddd34a7-0f37-6c5c-8d41-25d2adb71cc4,1777340790,0.37,10.0,yes,"{""count_fp"":""10.00"",""created_time"":""2026-04-28T01:46:30.538018Z"",""no_price_dollars"":""0.6300"",""taker_side"":""yes"",""ticker"":""KXETH15M-26APR272200-00"",""trade_id"":""2ddd34a7-0f37-6c5c-8d41-25d2adb71cc4"",""yes_price_dollars"":""0.3700""}"
KXETH15M-26APR272200-00,bce698fa-fd96-5407-d23b-76422f48313b,1777340792,0.39,89.86,no,"{""count_fp"":""89.86"",""created_time"":""2026-04-28T01:46:32.302192Z"",""no_price_dollars"":""0.6100"",""taker_side"":""no"",""ticker"":""KXETH15M-26APR272200-00"",""trade_id"":""bce698fa-fd96-5407-d23b-76422f48313b"",""yes_price_dollars"":""0.3900""}"
KXETH15M-26APR272200-00,ba0431ba-7ca8-5a6d-f0d3-3ba903e79200,1777340792,0.39,65.0,no,"{""count_fp"":""65.00"",""created_time"":""2026-04-28T01:46:32.302192Z"",""no_price_dollars"":""0.6100"",""taker_side"":""no"",""ticker"":""KXETH15M-26APR272200-00"",""trade_id"":""ba0431ba-7ca8-5a6d-f0d3-3ba903e79200"",""yes_price_dollars"":""0.3900""}"
KXETH15M-26APR272200-00,554040a0-59c6-7ea3-94e7-c271325f932b,1777340794,0.39,1.0,no,"{""count_fp"":""1.00"",""created_time"":""2026-04-28T01:46:34.931013Z"",""no_price_dollars"":""0.6100"",""taker_side"":""no"",""ticker"":""KXETH15M-26APR272200-00"",""trade_id"":""554040a0-59c6-7ea3-94e7-c271325f932b"",""yes_price_dollars"":""0.3900""}"
KXETH15M-26APR272200-00,7b2c9433-3dea-78e3-6075-dc2074c01c07,1777340794,0.39,1.0,no,"{""count_fp"":""1.00"",""created_time"":""2026-04-28T01:46:34.865115Z"",""no_price_dollars"":""0.6100"",""taker_side"":""no"",""ticker"":""KXETH15M-26APR272200-00"",""trade_id"":""7b2c9433-3dea-78e3-6075-dc2074c01c07"",""yes_price_dollars"":""0.3900""}"
KXETH15M-26APR272200-00,a8d103e3-0199-7fa7-194d-984714da6d1a,1777340795,0.41,1.0,yes,"{""count_fp"":""1.00"",""created_time"":""2026-04-28T01:46:35.503165Z"",""no_price_dollars"":""0.5900"",""taker_side"":""yes"",""ticker"":""KXETH15M-26APR272200-00"",""trade_id"":""a8d103e3-0199-7fa7-194d-984714da6d1a"",""yes_price_dollars"":""0.4100""}"
KXETH15M-26APR272200-00,b6659f6d-98fd-4910-5b0e-8a5e6c0f01fa,1777340797,0.42,16.7,yes,"{""count_fp"":""16.70"",""created_time"":""2026-04-28T01:46:37.632376Z"",""no_price_dollars"":""0.5800"",""taker_side"":""yes"",""ticker"":""KXETH15M-26APR272200-00"",""trade_id"":""b6659f6d-98fd-4910-5b0e-8a5e6c0f01fa"",""yes_price_dollars"":""0.4200""}"
KXETH15M-26APR272200-00,05c6af78-1089-4cf3-7e37-77ad27976526,1777340797,0.41,100.0,yes,"{""count_fp"":""100.00"",""created_time"":""2026-04-28T01:46:37.632376Z"",""no_price_dollars"":""0.5900"",""taker_side"":""yes"",""ticker"":""KXETH15M-26APR272200-00"",""trade_id"":""05c6af78-1089-4cf3-7e37-77ad27976526"",""yes_price_dollars"":""0.4100""}"
KXETH15M-26APR272200-00,c5c8d56c-a524-444a-0f67-f8cb1bebaa20,1777340798,0.41,1.0,yes,"{""count_fp"":""1.00"",""created_time"":""2026-04-28T01:46:38.199634Z"",""no_price_dollars"":""0.5900"",""taker_side"":""yes"",""ticker"":""KXETH15M-26APR272200-00"",""trade_id"":""c5c8d56c-a524-444a-0f67-f8cb1bebaa20"",""yes_price_dollars"":""0.4100""}"
KXETH15M-26APR272200-00,9176a2be-d7df-6419-1871-d7745446c478,1777340809,0.43,0.3,yes,"{""count_fp"":""0.30"",""created_time"":""2026-04-28T01:46:49.810888Z"",""no_price_dollars"":""0.5700"",""taker_side"":""yes"",""ticker"":""KXETH15M-26APR272200-00"",""trade_id"":""9176a2be-d7df-6419-1871-d7745446c478"",""yes_price_dollars"":""0.4300""}"
KXETH15M-26APR272200-00,c1c5b410-db4d-6ec0-0c96-4dad99e534a6,1777340809,0.42,5.3,yes,"{""count_fp"":""5.30"",""created_time"":""2026-04-28T01:46:49.791389Z"",""no_price_dollars"":""0.5800"",""taker_side"":""yes"",""ticker"":""KXETH15M-26APR272200-00"",""trade_id"":""c1c5b410-db4d-6ec0-0c96-4dad99e534a6"",""yes_price_dollars"":""0.4200""}"
KXETH15M-26APR272200-00,54e096cc-b1ff-6141-0591-47863b842370,1777340809,0.43,299.7,yes,"{""count_fp"":""299.70"",""created_time"":""2026-04-28T01:46:49.791389Z"",""no_price_dollars"":""0.5700"",""taker_side"":""yes"",""ticker"":""KXETH15M-26APR272200-00"",""trade_id"":""54e096cc-b1ff-6141-0591-47863b842370"",""yes_price_dollars"":""0.4300""}"
KXETH15M-26APR272200-00,0db6b843-1202-5f5f-9f61-af4b9f2fbd0f,1777340810,0.46,16.11,no,"{""count_fp"":""16.11"",""created_time"":""2026-04-28T01:46:50.619667Z"",""no_price_dollars"":""0.5400"",""taker_side"":""no"",""ticker"":""KXETH15M-26APR272200-00"",""trade_id"":""0db6b843-1202-5f5f-9f61-af4b9f2fbd0f"",""yes_price_dollars"":""0.4600""}"
KXETH15M-26APR272200-00,db946fae-53fd-4322-d425-bccf767a9c71,1777340810,0.47,10.0,yes,"{""count_fp"":""10.00"",""created_time"":""2026-04-28T01:46:50.215211Z"",""no_price_dollars"":""0.5300"",""taker_side"":""yes"",""ticker"":""KXETH15M-26APR272200-00"",""trade_id"":""db946fae-53fd-4322-d425-bccf767a9c71"",""yes_price_dollars"":""0.4700""}"
KXETH15M-26APR272200-00,ab999a12-efee-4b3d-e11f-0f93e366a81d,1777340810,0.47,1.0,yes,"{""count_fp"":""1.00"",""created_time"":""2026-04-28T01:46:50.215211Z"",""no_price_dollars"":""0.5300"",""taker_side"":""yes"",""ticker"":""KXETH15M-26APR272200-00"",""trade_id"":""ab999a12-efee-4b3d-e11f-0f93e366a81d"",""yes_price_dollars"":""0.4700""}"
KXETH15M-26APR272200-00,cf443767-e426-4fb3-b55c-cc6aeec748a7,1777340810,0.45,79.0,no,"{""count_fp"":""79.00"",""created_time"":""2026-04-28T01:46:50.203542Z"",""no_price_dollars"":""0.5500"",""taker_side"":""no"",""ticker"":""KXETH15M-26APR272200-00"",""trade_id"":""cf443767-e426-4fb3-b55c-cc6aeec748a7"",""yes_price_dollars"":""0.4500""}"
KXETH15M-26APR272200-00,79212c8f-1cbb-6a18-d158-b9a3cc7e7577,1777340811,0.5,1.0,yes,"{""count_fp"":""1.00"",""created_time"":""2026-04-28T01:46:51.780197Z"",""no_price_dollars"":""0.5000"",""taker_side"":""yes"",""ticker"":""KXETH15M-26APR272200-00"",""trade_id"":""79212c8f-1cbb-6a18-d158-b9a3cc7e7577"",""yes_price_dollars"":""0.5000""}"
KXETH15M-26APR272200-00,24bec23e-3e51-4391-8bcd-c96794cfebca,1777340817,0.47,1.0,no,"{""count_fp"":""1.00"",""created_time"":""2026-04-28T01:46:57.764615Z"",""no_price_dollars"":""0.5300"",""taker_side"":""no"",""ticker"":""KXETH15M-26APR272200-00"",""trade_id"":""24bec23e-3e51-4391-8bcd-c96794cfebca"",""yes_price_dollars"":""0.4700""}"
KXETH15M-26APR272200-00,15ee938a-b5c7-56a0-8937-fe55deee0f0f,1777340819,0.5,33.0,yes,"{""count_fp"":""33.00"",""created_time"":""2026-04-28T01:46:59.942196Z"",""no_price_dollars"":""0.5000"",""taker_side"":""yes"",""ticker"":""KXETH15M-26APR272200-00"",""trade_id"":""15ee938a-b5c7-56a0-8937-fe55deee0f0f"",""yes_price_dollars"":""0.5000""}"
KXETH15M-26APR272200-00,8ed2b241-6294-63f5-6931-4fe881c4676e,1777340821,0.5,1.0,no,"{""count_fp"":""1.00"",""created_time"":""2026-04-28T01:47:01.854648Z"",""no_price_dollars"":""0.5000"",""taker_side"":""no"",""ticker"":""KXETH15M-26APR272200-00"",""trade_id"":""8ed2b241-6294-63f5-6931-4fe881c4676e"",""yes_price_dollars"":""0.5000""}"
KXETH15M-26APR272200-00,6f905edd-b3c2-5fd9-b811-eedf12a72f7c,1777340824,0.53,10.56,no,"{""count_fp"":""10.56"",""created_time"":""2026-04-28T01:47:04.990926Z"",""no_price_dollars"":""0.4700"",""taker_side"":""no"",""ticker"":""KXETH15M-26APR272200-00"",""trade_id"":""6f905edd-b3c2-5fd9-b811-eedf12a72f7c"",""yes_price_dollars"":""0.5300""}"
KXETH15M-26APR272200-00,22de0f28-5e4e-59d7-9091-8203a6047b57,1777340824,0.53,7.54,no,"{""count_fp"":""7.54"",""created_time"":""2026-04-28T01:47:04.990926Z"",""no_price_dollars"":""0.4700"",""taker_side"":""no"",""ticker"":""KXETH15M-26APR272200-00"",""trade_id"":""22de0f28-5e4e-59d7-9091-8203a6047b57"",""yes_price_dollars"":""0.5300""}"
KXETH15M-26APR272200-00,6d47a8f4-5879-489e-e3a1-2f8fac022e63,1777340827,0.54,1.0,yes,"{""count_fp"":""1.00"",""created_time"":""2026-04-28T01:47:07.173699Z"",""no_price_dollars"":""0.4600"",""taker_side"":""yes"",""ticker"":""KXETH15M-26APR272200-00"",""trade_id"":""6d47a8f4-5879-489e-e3a1-2f8fac022e63"",""yes_price_dollars"":""0.5400""}"
KXETH15M-26APR272200-00,eaefb8aa-25df-6fa0-9865-616cb00a3950,1777340830,0.6,10.0,no,"{""count_fp"":""10.00"",""created_time"":""2026-04-28T01:47:10.708246Z"",""no_price_dollars"":""0.4000"",""taker_side"":""no"",""ticker"":""KXETH15M-26APR272200-00"",""trade_id"":""eaefb8aa-25df-6fa0-9865-616cb00a3950"",""yes_price_dollars"":""0.6000""}"
KXETH15M-26APR272200-00,77ed2540-9d9f-76f9-3538-655597f6da64,1777340831,0.58,1.0,yes,"{""count_fp"":""1.00"",""created_time"":""2026-04-28T01:47:11.698288Z"",""no_price_dollars"":""0.4200"",""taker_side"":""yes"",""ticker"":""KXETH15M-26APR272200-00"",""trade_id"":""77ed2540-9d9f-76f9-3538-655597f6da64"",""yes_price_dollars"":""0.5800""}"
KXETH15M-26APR272200-00,40fa6455-2d4e-7ef6-0cab-8a624a50820f,1777340832,0.58,1.0,yes,"{""count_fp"":""1.00"",""created_time"":""2026-04-28T01:47:12.698334Z"",""no_price_dollars"":""0.4200"",""taker_side"":""yes"",""ticker"":""KXETH15M-26APR272200-00"",""trade_id"":""40fa6455-2d4e-7ef6-0cab-8a624a50820f"",""yes_price_dollars"":""0.5800""}"
KXETH15M-26APR272200-00,42b452ef-bf37-6b67-eab1-7b1394ed6901,1777340837,0.57,1.0,yes,"{""count_fp"":""1.00"",""created_time"":""2026-04-28T01:47:17.959787Z"",""no_price_dollars"":""0.4300"",""taker_side"":""yes"",""ticker"":""KXETH15M-26APR272200-00"",""trade_id"":""42b452ef-bf37-6b67-eab1-7b1394ed6901"",""yes_price_dollars"":""0.5700""}"
KXETH15M-26APR272200-00,c2469c3e-b4ff-4fc3-c218-3c6ccf58c8b9,1777340837,0.57,8.51,yes,"{""count_fp"":""8.51"",""created_time"":""2026-04-28T01:47:17.925727Z"",""no_price_dollars"":""0.4300"",""taker_side"":""yes"",""ticker"":""KXETH15M-26APR272200-00"",""trade_id"":""c2469c3e-b4ff-4fc3-c218-3c6ccf58c8b9"",""yes_price_dollars"":""0.5700""}"
KXETH15M-26APR272200-00,1113311b-2c4a-6e54-5a1e-79d2ca295b32,1777340839,0.53,0.83,no,"{""count_fp"":""0.83"",""created_time"":""2026-04-28T01:47:19.431825Z"",""no_price_dollars"":""0.4700"",""taker_side"":""no"",""ticker"":""KXETH15M-26APR272200-00"",""trade_id"":""1113311b-2c4a-6e54-5a1e-79d2ca295b32"",""yes_price_dollars"":""0.5300""}"
KXETH15M-26APR272200-00,260fcff4-91cd-680f-2dde-548a4e1dd7c4,1777340850,0.56,2.81,no,"{""count_fp"":""2.81"",""created_time"":""2026-04-28T01:47:30.167438Z"",""no_price_dollars"":""0.4400"",""taker_side"":""no"",""ticker"":""KXETH15M-26APR272200-00"",""trade_id"":""260fcff4-91cd-680f-2dde-548a4e1dd7c4"",""yes_price_dollars"":""0.5600""}"
KXETH15M-26APR272200-00,75315e41-db07-7961-1eef-d729d38cfa7c,1777340855,0.61,1.0,yes,"{""count_fp"":""1.00"",""created_time"":""2026-04-28T01:47:35.467629Z"",""no_price_dollars"":""0.3900"",""taker_side"":""yes"",""ticker"":""KXETH15M-26APR272200-00"",""trade_id"":""75315e41-db07-7961-1eef-d729d38cfa7c"",""yes_price_dollars"":""0.6100""}"
KXETH15M-26APR272200-00,d8790afa-6e5f-6ac0-5c7a-adc8f95435b8,1777340856,0.6,9.57,yes,"{""count_fp"":""9.57"",""created_time"":""2026-04-28T01:47:36.585817Z"",""no_price_dollars"":""0.4000"",""taker_side"":""yes"",""ticker"":""KXETH15M-26APR272200-00"",""trade_id"":""d8790afa-6e5f-6ac0-5c7a-adc8f95435b8"",""yes_price_dollars"":""0.6000""}"
KXETH15M-26APR272200-00,a7ff2aa7-e44b-5eba-254a-244823b557c6,1777340863,0.57,10.0,no,"{""count_fp"":""10.00"",""created_time"":""2026-04-28T01:47:43.684565Z"",""no_price_dollars"":""0.4300"",""taker_side"":""no"",""ticker"":""KXETH15M-26APR272200-00"",""trade_id"":""a7ff2aa7-e44b-5eba-254a-244823b557c6"",""yes_price_dollars"":""0.5700""}"
KXETH15M-26APR272200-00,6aaca890-bda6-5592-205e-62dad11828e9,1777340863,0.57,10.0,no,"{""count_fp"":""10.00"",""created_time"":""2026-04-28T01:47:43.684565Z"",""no_price_dollars"":""0.4300"",""taker_side"":""no"",""ticker"":""KXETH15M-26APR272200-00"",""trade_id"":""6aaca890-bda6-5592-205e-62dad11828e9"",""yes_price_dollars"":""0.5700""}"
KXETH15M-26APR272200-00,d7c07023-1b01-73a1-ad83-9965786e03c6,1777340866,0.54,0.53,no,"{""count_fp"":""0.53"",""created_time"":""2026-04-28T01:47:46.810826Z"",""no_price_dollars"":""0.4600"",""taker_side"":""no"",""ticker"":""KXETH15M-26APR272200-00"",""trade_id"":""d7c07023-1b01-73a1-ad83-9965786e03c6"",""yes_price_dollars"":""0.5400""}"
KXETH15M-26APR272200-00,dc81bf28-2740-7cda-124c-16e0fce8cebe,1777340874,0.56,3.54,no,"{""count_fp"":""3.54"",""created_time"":""2026-04-28T01:47:54.913809Z"",""no_price_dollars"":""0.4400"",""taker_side"":""no"",""ticker"":""KXETH15M-26APR272200-00"",""trade_id"":""dc81bf28-2740-7cda-124c-16e0fce8cebe"",""yes_price_dollars"":""0.5600""}"
KXETH15M-26APR272200-00,37747588-f92c-59fe-f7d1-e171ef2f091e,1777340875,0.56,0.54,no,"{""count_fp"":""0.54"",""created_time"":""2026-04-28T01:47:55.563067Z"",""no_price_dollars"":""0.4400"",""taker_side"":""no"",""ticker"":""KXETH15M-26APR272200-00"",""trade_id"":""37747588-f92c-59fe-f7d1-e171ef2f091e"",""yes_price_dollars"":""0.5600""}"
KXETH15M-26APR272200-00,57c06f9d-fbf7-5ce8-307a-5f2b3c34b6e5,1777340879,0.57,3.0,yes,"{""count_fp"":""3.00"",""created_time"":""2026-04-28T01:47:59.572385Z"",""no_price_dollars"":""0.4300"",""taker_side"":""yes"",""ticker"":""KXETH15M-26APR272200-00"",""trade_id"":""57c06f9d-fbf7-5ce8-307a-5f2b3c34b6e5"",""yes_price_dollars"":""0.5700""}"
KXETH15M-26APR272200-00,c55211c5-3830-7726-cf10-4bc5257059c8,1777340882,0.59,100.0,yes,"{""count_fp"":""100.00"",""created_time"":""2026-04-28T01:48:02.509057Z"",""no_price_dollars"":""0.4100"",""taker_side"":""yes"",""ticker"":""KXETH15M-26APR272200-00"",""trade_id"":""c55211c5-3830-7726-cf10-4bc5257059c8"",""yes_price_dollars"":""0.5900""}"
KXETH15M-26APR272200-00,9c81dbf1-f057-7825-ed81-60e388fa1360,1777340882,0.59,10.0,yes,"{""count_fp"":""10.00"",""created_time"":""2026-04-28T01:48:02.509057Z"",""no_price_dollars"":""0.4100"",""taker_side"":""yes"",""ticker"":""KXETH15M-26APR272200-00"",""trade_id"":""9c81dbf1-f057-7825-ed81-60e388fa1360"",""yes_price_dollars"":""0.5900""}"
KXETH15M-26APR272200-00,8fde84ed-a9be-767e-cb31-4ae929ddbd52,1777340882,0.59,79.49,yes,"{""count_fp"":""79.49"",""created_time"":""2026-04-28T01:48:02.509057Z"",""no_price_dollars"":""0.4100"",""taker_side"":""yes"",""ticker"":""KXETH15M-26APR272200-00"",""trade_id"":""8fde84ed-a9be-767e-cb31-4ae929ddbd52"",""yes_price_dollars"":""0.5900""}"
KXETH15M-26APR272200-00,766ae4f0-22f3-71d1-fcdf-62fc0414db88,1777340882,0.58,0.43,yes,"{""count_fp"":""0.43"",""created_time"":""2026-04-28T01:48:02.509057Z"",""no_price_dollars"":""0.4200"",""taker_side"":""yes"",""ticker"":""KXETH15M-26APR272200-00"",""trade_id"":""766ae4f0-22f3-71d1-fcdf-62fc0414db88"",""yes_price_dollars"":""0.5800""}"
KXETH15M-26APR272200-00,aad33ca2-b99b-6568-52d2-2856e6a8792c,1777340882,0.58,22.43,yes,"{""count_fp"":""22.43"",""created_time"":""2026-04-28T01:48:02.502924Z"",""no_price_dollars"":""0.4200"",""taker_side"":""yes"",""ticker"":""KXETH15M-26APR272200-00"",""trade_id"":""aad33ca2-b99b-6568-52d2-2856e6a8792c"",""yes_price_dollars"":""0.5800""}"
KXETH15M-26APR272200-00,a4facb36-5741-6c0a-47a9-7e13176b49ff,1777340882,0.58,1.0,yes,"{""count_fp"":""1.00"",""created_time"":""2026-04-28T01:48:02.502924Z"",""no_price_dollars"":""0.4200"",""taker_side"":""yes"",""ticker"":""KXETH15M-26APR272200-00"",""trade_id"":""a4facb36-5741-6c0a-47a9-7e13176b49ff"",""yes_price_dollars"":""0.5800""}"
KXETH15M-26APR272200-00,7ae01868-cfbf-6c19-5e29-9e780ff89624,1777340882,0.58,9.57,yes,"{""count_fp"":""9.57"",""created_time"":""2026-04-28T01:48:02.502924Z"",""no_price_dollars"":""0.4200"",""taker_side"":""yes"",""ticker"":""KXETH15M-26APR272200-00"",""trade_id"":""7ae01868-cfbf-6c19-5e29-9e780ff89624"",""yes_price_dollars"":""0.5800""}"
KXETH15M-26APR272200-00,36975fb5-c553-5dfb-1bd9-c047b1ce42cf,1777340883,0.62,83.0,yes,"{""count_fp"":""83.00"",""created_time"":""2026-04-28T01:48:03.859021Z"",""no_price_dollars"":""0.3800"",""taker_side"":""yes"",""ticker"":""KXETH15M-26APR272200-00"",""trade_id"":""36975fb5-c553-5dfb-1bd9-c047b1ce42cf"",""yes_price_dollars"":""0.6200""}"
KXETH15M-26APR272200-00,aa46bbc5-e487-4757-dc02-346bb94211c7,1777340889,0.62,1.0,yes,"{""count_fp"":""1.00"",""created_time"":""2026-04-28T01:48:09.548787Z"",""no_price_dollars"":""0.3800"",""taker_side"":""yes"",""ticker"":""KXETH15M-26APR272200-00"",""trade_id"":""aa46bbc5-e487-4757-dc02-346bb94211c7"",""yes_price_dollars"":""0.6200""}"
KXETH15M-26APR272200-00,03bff7ba-3f0f-5e6f-dd04-113720b0469f,1777340891,0.62,407.0,yes,"{""count_fp"":""407.00"",""created_time"":""2026-04-28T01:48:11.532056Z"",""no_price_dollars"":""0.3800"",""taker_side"":""yes"",""ticker"":""KXETH15M-26APR272200-00"",""trade_id"":""03bff7ba-3f0f-5e6f-dd04-113720b0469f"",""yes_price_dollars"":""0.6200""}"
KXETH15M-26APR272200-00,ffa71754-30f3-739f-dc47-25ce1a09b95b,1777340891,0.62,3.1,yes,"{""count_fp"":""3.10"",""created_time"":""2026-04-28T01:48:11.170126Z"",""no_price_dollars"":""0.3800"",""taker_side"":""yes"",""ticker"":""KXETH15M-26APR272200-00"",""trade_id"":""ffa71754-30f3-739f-dc47-25ce1a09b95b"",""yes_price_dollars"":""0.6200""}"
KXETH15M-26APR272200-00,9de61789-5897-4d33-f63b-742afa7c87b7,1777340892,0.62,0.9,yes,"{""count_fp"":""0.90"",""created_time"":""2026-04-28T01:48:12.414768Z"",""no_price_dollars"":""0.3800"",""taker_side"":""yes"",""ticker"":""KXETH15M-26APR272200-00"",""trade_id"":""9de61789-5897-4d33-f63b-742afa7c87b7"",""yes_price_dollars"":""0.6200""}"
KXETH15M-26APR272200-00,6c539273-1014-7f60-42fa-ef92fea539cf,1777340896,0.61,100.0,no,"{""count_fp"":""100.00"",""created_time"":""2026-04-28T01:48:16.733595Z"",""no_price_dollars"":""0.3900"",""taker_side"":""no"",""ticker"":""KXETH15M-26APR272200-00"",""trade_id"":""6c539273-1014-7f60-42fa-ef92fea539cf"",""yes_price_dollars"":""0.6100""}"
KXETH15M-26APR272200-00,7a6a3129-5925-62fd-c153-0c48c4760e02,1777340896,0.62,10.0,no,"{""count_fp"":""10.00"",""created_time"":""2026-04-28T01:48:16.721861Z"",""no_price_dollars"":""0.3800"",""taker_side"":""no"",""ticker"":""KXETH15M-26APR272200-00"",""trade_id"":""7a6a3129-5925-62fd-c153-0c48c4760e02"",""yes_price_dollars"":""0.6200""}"
KXETH15M-26APR272200-00,0226d936-15d0-6b05-e40e-4627497aee28,1777340896,0.62,10.0,no,"{""count_fp"":""10.00"",""created_time"":""2026-04-28T01:48:16.721861Z"",""no_price_dollars"":""0.3800"",""taker_side"":""no"",""ticker"":""KXETH15M-26APR272200-00"",""trade_id"":""0226d936-15d0-6b05-e40e-4627497aee28"",""yes_price_dollars"":""0.6200""}"
KXETH15M-26APR272200-00,c069f4da-85db-6bc0-e44e-525550fa6237,1777340898,0.63,2.0,yes,"{""count_fp"":""2.00"",""created_time"":""2026-04-28T01:48:18.767338Z"",""no_price_dollars"":""0.3700"",""taker_side"":""yes"",""ticker"":""KXETH15M-26APR272200-00"",""trade_id"":""c069f4da-85db-6bc0-e44e-525550fa6237"",""yes_price_dollars"":""0.6300""}"
KXETH15M-26APR272200-00,11cd12c0-9ea8-75c2-647e-58414228d362,1777340898,0.6,1.0,yes,"{""count_fp"":""1.00"",""created_time"":""2026-04-28T01:48:18.182248Z"",""no_price_dollars"":""0.4000"",""taker_side"":""yes"",""ticker"":""KXETH15M-26APR272200-00"",""trade_id"":""11cd12c0-9ea8-75c2-647e-58414228d362"",""yes_price_dollars"":""0.6000""}"
KXETH15M-26APR272200-00,abb218d9-876b-4c54-5728-ee96551982d3,1777340905,0.57,2.0,no,"{""count_fp"":""2.00"",""created_time"":""2026-04-28T01:48:25.566011Z"",""no_price_dollars"":""0.4300"",""taker_side"":""no"",""ticker"":""KXETH15M-26APR272200-00"",""trade_id"":""abb218d9-876b-4c54-5728-ee96551982d3"",""yes_price_dollars"":""0.5700""}"
KXETH15M-26APR272200-00,4e89adc2-fd17-4d43-4983-26f924eb96c9,1777340905,0.57,0.21,no,"{""count_fp"":""0.21"",""created_time"":""2026-04-28T01:48:25.566011Z"",""no_price_dollars"":""0.4300"",""taker_side"":""no"",""ticker"":""KXETH15M-26APR272200-00"",""trade_id"":""4e89adc2-fd17-4d43-4983-26f924eb96c9"",""yes_price_dollars"":""0.5700""}"
KXETH15M-26APR272200-00,c84115fa-371e-6a2e-f26b-19dcbd9bf18c,1777340906,0.62,4.71,yes,"{""count_fp"":""4.71"",""created_time"":""2026-04-28T01:48:26.201192Z"",""no_price_dollars"":""0.3800"",""taker_side"":""yes"",""ticker"":""KXETH15M-26APR272200-00"",""trade_id"":""c84115fa-371e-6a2e-f26b-19dcbd9bf18c"",""yes_price_dollars"":""0.6200""}"
KXETH15M-26APR272200-00,675c534a-3c20-47d0-8075-93bf6754298f,1777340911,0.67,1.0,yes,"{""count_fp"":""1.00"",""created_time"":""2026-04-28T01:48:31.763049Z"",""no_price_dollars"":""0.3300"",""taker_side"":""yes"",""ticker"":""KXETH15M-26APR272200-00"",""trade_id"":""675c534a-3c20-47d0-8075-93bf6754298f"",""yes_price_dollars"":""0.6700""}"
KXETH15M-26APR272200-00,898ab7ee-d34e-4d7e-f694-d41946060ffc,1777340912,0.67,0.72,yes,"{""count_fp"":""0.72"",""created_time"":""2026-04-28T01:48:32.832386Z"",""no_price_dollars"":""0.3300"",""taker_side"":""yes"",""ticker"":""KXETH15M-26APR272200-00"",""trade_id"":""898ab7ee-d34e-4d7e-f694-d41946060ffc"",""yes_price_dollars"":""0.6700""}"
KXETH15M-26APR272200-00,41e473da-0b9a-5d48-d34a-f356780bdfb2,1777340918,0.69,1.0,no,"{""count_fp"":""1.00"",""created_time"":""2026-04-28T01:48:38.681422Z"",""no_price_dollars"":""0.3100"",""taker_side"":""no"",""ticker"":""KXETH15M-26APR272200-00"",""trade_id"":""41e473da-0b9a-5d48-d34a-f356780bdfb2"",""yes_price_dollars"":""0.6900""}"
KXETH15M-26APR272200-00,922994d0-5b73-62dc-4342-1d207438231e,1777340925,0.7,1.0,yes,"{""count_fp"":""1.00"",""created_time"":""2026-04-28T01:48:45.952483Z"",""no_price_dollars"":""0.3000"",""taker_side"":""yes"",""ticker"":""KXETH15M-26APR272200-00"",""trade_id"":""922994d0-5b73-62dc-4342-1d207438231e"",""yes_price_dollars"":""0.7000""}"
KXETH15M-26APR272200-00,8f761b17-e01a-628a-7ec4-314d66fec5cc,1777340925,0.72,10.0,yes,"{""count_fp"":""10.00"",""created_time"":""2026-04-28T01:48:45.952483Z"",""no_price_dollars"":""0.2800"",""taker_side"":""yes"",""ticker"":""KXETH15M-26APR272200-00"",""trade_id"":""8f761b17-e01a-628a-7ec4-314d66fec5cc"",""yes_price_dollars"":""0.7200""}"
KXETH15M-26APR272200-00,6560d759-2321-6925-5d02-1b419eda6de3,1777340925,0.73,8.36,yes,"{""count_fp"":""8.36"",""created_time"":""2026-04-28T01:48:45.952483Z"",""no_price_dollars"":""0.2700"",""taker_side"":""yes"",""ticker"":""KXETH15M-26APR272200-00"",""trade_id"":""6560d759-2321-6925-5d02-1b419eda6de3"",""yes_price_dollars"":""0.7300""}"
KXETH15M-26APR272200-00,1e45c65e-8168-6c18-5971-8e02c47cf910,1777340925,0.7,1.0,yes,"{""count_fp"":""1.00"",""created_time"":""2026-04-28T01:48:45.952483Z"",""no_price_dollars"":""0.3000"",""taker_side"":""yes"",""ticker"":""KXETH15M-26APR272200-00"",""trade_id"":""1e45c65e-8168-6c18-5971-8e02c47cf910"",""yes_price_dollars"":""0.7000""}"
KXETH15M-26APR272200-00,f8d4815d-cafe-7dd8-4261-beff45bb6357,1777340928,0.73,10.0,yes,"{""count_fp"":""10.00"",""created_time"":""2026-04-28T01:48:48.734922Z"",""no_price_dollars"":""0.2700"",""taker_side"":""yes"",""ticker"":""KXETH15M-26APR272200-00"",""trade_id"":""f8d4815d-cafe-7dd8-4261-beff45bb6357"",""yes_price_dollars"":""0.7300""}"
KXETH15M-26APR272200-00,9defeb6a-2aa3-7a42-72ce-2665da4f4f8d,1777340928,0.73,3.27,yes,"{""count_fp"":""3.27"",""created_time"":""2026-04-28T01:48:48.734922Z"",""no_price_dollars"":""0.2700"",""taker_side"":""yes"",""ticker"":""KXETH15M-26APR272200-00"",""trade_id"":""9defeb6a-2aa3-7a42-72ce-2665da4f4f8d"",""yes_price_dollars"":""0.7300""}"
KXETH15M-26APR272200-00,0d28d5e1-d548-6cd6-6d64-5bf77d02fae0,1777340929,0.69,3.07,no,"{""count_fp"":""3.07"",""created_time"":""2026-04-28T01:48:49.455178Z"",""no_price_dollars"":""0.3100"",""taker_side"":""no"",""ticker"":""KXETH15M-26APR272200-00"",""trade_id"":""0d28d5e1-d548-6cd6-6d64-5bf77d02fae0"",""yes_price_dollars"":""0.6900""}"
KXETH15M-26APR272200-00,903aa780-3f09-4e09-1664-85c7eee5c0b6,1777340933,0.69,10.0,no,"{""count_fp"":""10.00"",""created_time"":""2026-04-28T01:48:53.887274Z"",""no_price_dollars"":""0.3100"",""taker_side"":""no"",""ticker"":""KXETH15M-26APR272200-00"",""trade_id"":""903aa780-3f09-4e09-1664-85c7eee5c0b6"",""yes_price_dollars"":""0.6900""}"
KXETH15M-26APR272200-00,cd7ece31-6792-75d1-bbc4-d79fbbcd0c28,1777340937,0.69,3.62,no,"{""count_fp"":""3.62"",""created_time"":""2026-04-28T01:48:57.014136Z"",""no_price_dollars"":""0.3100"",""taker_side"":""no"",""ticker"":""KXETH15M-26APR272200-00"",""trade_id"":""cd7ece31-6792-75d1-bbc4-d79fbbcd0c28"",""yes_price_dollars"":""0.6900""}"
KXETH15M-26APR272200-00,fffcd814-bdac-60d6-a3b4-3f1e36c5bc30,1777340942,0.73,8.0,yes,"{""count_fp"":""8.00"",""created_time"":""2026-04-28T01:49:02.114554Z"",""no_price_dollars"":""0.2700"",""taker_side"":""yes"",""ticker"":""KXETH15M-26APR272200-00"",""trade_id"":""fffcd814-bdac-60d6-a3b4-3f1e36c5bc30"",""yes_price_dollars"":""0.7300""}"
KXETH15M-26APR272200-00,4c9333ce-503b-6519-8114-fed930053183,1777340942,0.73,10.0,yes,"{""count_fp"":""10.00"",""created_time"":""2026-04-28T01:49:02.114554Z"",""no_price_dollars"":""0.2700"",""taker_side"":""yes"",""ticker"":""KXETH15M-26APR272200-00"",""trade_id"":""4c9333ce-503b-6519-8114-fed930053183"",""yes_price_dollars"":""0.7300""}"
KXETH15M-26APR272200-00,cf8a2392-6eff-7bc4-7b93-4700a3eacbe8,1777340944,0.82,1.0,yes,"{""count_fp"":""1.00"",""created_time"":""2026-04-28T01:49:04.336199Z"",""no_price_dollars"":""0.1800"",""taker_side"":""yes"",""ticker"":""KXETH15M-26APR272200-00"",""trade_id"":""cf8a2392-6eff-7bc4-7b93-4700a3eacbe8"",""yes_price_dollars"":""0.8200""}"
KXETH15M-26APR272200-00,e0326432-a60a-659a-b042-c4e26a3d6f12,1777340947,0.81,5.0,yes,"{""count_fp"":""5.00"",""created_time"":""2026-04-28T01:49:07.510014Z"",""no_price_dollars"":""0.1900"",""taker_side"":""yes"",""ticker"":""KXETH15M-26APR272200-00"",""trade_id"":""e0326432-a60a-659a-b042-c4e26a3d6f12"",""yes_price_dollars"":""0.8100""}"
KXETH15M-26APR272200-00,83a54d33-c0ae-7b4e-2245-b72902831fda,1777340948,0.81,1.0,yes,"{""count_fp"":""1.00"",""created_time"":""2026-04-28T01:49:08.704502Z"",""no_price_dollars"":""0.1900"",""taker_side"":""yes"",""ticker"":""KXETH15M-26APR272200-00"",""trade_id"":""83a54d33-c0ae-7b4e-2245-b72902831fda"",""yes_price_dollars"":""0.8100""}"
KXETH15M-26APR272200-00,89785c75-4716-46e2-b721-20f73d1b05a6,1777340949,0.81,4.87,yes,"{""count_fp"":""4.87"",""created_time"":""2026-04-28T01:49:09.084758Z"",""no_price_dollars"":""0.1900"",""taker_side"":""yes"",""ticker"":""KXETH15M-26APR272200-00"",""trade_id"":""89785c75-4716-46e2-b721-20f73d1b05a6"",""yes_price_dollars"":""0.8100""}"
KXETH15M-26APR272200-00,2ec114a0-b013-61e7-62d5-ab4d9f7573c1,1777340950,0.78,5.0,no,"{""count_fp"":""5.00"",""created_time"":""2026-04-28T01:49:10.761167Z"",""no_price_dollars"":""0.2200"",""taker_side"":""no"",""ticker"":""KXETH15M-26APR272200-00"",""trade_id"":""2ec114a0-b013-61e7-62d5-ab4d9f7573c1"",""yes_price_dollars"":""0.7800""}"
KXETH15M-26APR272200-00,108dc33b-fca9-681f-7347-b4a02e9d4166,1777340950,0.78,5.0,no,"{""count_fp"":""5.00"",""created_time"":""2026-04-28T01:49:10.761167Z"",""no_price_dollars"":""0.2200"",""taker_side"":""no"",""ticker"":""KXETH15M-26APR272200-00"",""trade_id"":""108dc33b-fca9-681f-7347-b4a02e9d4166"",""yes_price_dollars"":""0.7800""}"
KXETH15M-26APR272200-00,1807c8d5-28e0-5430-a9f0-c5a5699fb2b9,1777340950,0.78,1.0,no,"{""count_fp"":""1.00"",""created_time"":""2026-04-28T01:49:10.137388Z"",""no_price_dollars"":""0.2200"",""taker_side"":""no"",""ticker"":""KXETH15M-26APR272200-00"",""trade_id"":""1807c8d5-28e0-5430-a9f0-c5a5699fb2b9"",""yes_price_dollars"":""0.7800""}"
KXETH15M-26APR272200-00,1ecb0e7e-96dc-5fa5-9757-dfffc6cd8f19,1777340951,0.68,10.0,yes,"{""count_fp"":""10.00"",""created_time"":""2026-04-28T01:49:11.772693Z"",""no_price_dollars"":""0.3200"",""taker_side"":""yes"",""ticker"":""KXETH15M-26APR272200-00"",""trade_id"":""1ecb0e7e-96dc-5fa5-9757-dfffc6cd8f19"",""yes_price_dollars"":""0.6800""}"
KXETH15M-26APR272200-00,8be707f9-c857-577f-a106-dfb3ddc871ae,1777340951,0.68,4.0,no,"{""count_fp"":""4.00"",""created_time"":""2026-04-28T01:49:11.674177Z"",""no_price_dollars"":""0.3200"",""taker_side"":""no"",""ticker"":""KXETH15M-26APR272200-00"",""trade_id"":""8be707f9-c857-577f-a106-dfb3ddc871ae"",""yes_price_dollars"":""0.6800""}"
KXETH15M-26APR272200-00,d591163e-5b37-6737-81e0-cf42a2123646,1777340951,0.69,2.0,no,"{""count_fp"":""2.00"",""created_time"":""2026-04-28T01:49:11.647524Z"",""no_price_dollars"":""0.3100"",""taker_side"":""no"",""ticker"":""KXETH15M-26APR272200-00"",""trade_id"":""d591163e-5b37-6737-81e0-cf42a2123646"",""yes_price_dollars"":""0.6900""}"
KXETH15M-26APR272200-00,75118913-0ab7-51ed-e5c3-d7d46ce6f978,1777340951,0.73,28.0,no,"{""count_fp"":""28.00"",""created_time"":""2026-04-28T01:49:11.463153Z"",""no_price_dollars"":""0.2700"",""taker_side"":""no"",""ticker"":""KXETH15M-26APR272200-00"",""trade_id"":""75118913-0ab7-51ed-e5c3-d7d46ce6f978"",""yes_price_dollars"":""0.7300""}"
KXETH15M-26APR272200-00,95e4894a-2d1b-5ea8-93b4-8c8925720354,1777340951,0.74,25.0,no,"{""count_fp"":""25.00"",""created_time"":""2026-04-28T01:49:11.430485Z"",""no_price_dollars"":""0.2600"",""taker_side"":""no"",""ticker"":""KXETH15M-26APR272200-00"",""trade_id"":""95e4894a-2d1b-5ea8-93b4-8c8925720354"",""yes_price_dollars"":""0.7400""}"
KXETH15M-26APR272200-00,28bee889-f9a6-4279-307b-57c5d193c4f0,1777340951,0.76,10.0,no,"{""count_fp"":""10.00"",""created_time"":""2026-04-28T01:49:11.377532Z"",""no_price_dollars"":""0.2400"",""taker_side"":""no"",""ticker"":""KXETH15M-26APR272200-00"",""trade_id"":""28bee889-f9a6-4279-307b-57c5d193c4f0"",""yes_price_dollars"":""0.7600""}"
KXETH15M-26APR272200-00,b77a6fb8-55a8-4e6b-5f6b-951bd2eff960,1777340952,0.64,10.0,no,"{""count_fp"":""10.00"",""created_time"":""2026-04-28T01:49:12.644795Z"",""no_price_dollars"":""0.3600"",""taker_side"":""no"",""ticker"":""KXETH15M-26APR272200-00"",""trade_id"":""b77a6fb8-55a8-4e6b-5f6b-951bd2eff960"",""yes_price_dollars"":""0.6400""}"
KXETH15M-26APR272200-00,b2eea901-d04e-4930-7b4a-e8be9f58e21a,1777340952,0.66,4.0,no,"{""count_fp"":""4.00"",""created_time"":""2026-04-28T01:49:12.644795Z"",""no_price_dollars"":""0.3400"",""taker_side"":""no"",""ticker"":""KXETH15M-26APR272200-00"",""trade_id"":""b2eea901-d04e-4930-7b4a-e8be9f58e21a"",""yes_price_dollars"":""0.6600""}"
KXETH15M-26APR272200-00,16d784ce-7eef-49df-469d-5770e28880d5,1777340952,0.64,97.7,no,"{""count_fp"":""97.70"",""created_time"":""2026-04-28T01:49:12.644795Z"",""no_price_dollars"":""0.3600"",""taker_side"":""no"",""ticker"":""KXETH15M-26APR272200-00"",""trade_id"":""16d784ce-7eef-49df-469d-5770e28880d5"",""yes_price_dollars"":""0.6400""}"
KXETH15M-26APR272200-00,0cc50c8b-335b-4fbc-60c4-93f6f5d773a5,1777340952,0.64,5.0,no,"{""count_fp"":""5.00"",""created_time"":""2026-04-28T01:49:12.644795Z"",""no_price_dollars"":""0.3600"",""taker_side"":""no"",""ticker"":""KXETH15M-26APR272200-00"",""trade_id"":""0cc50c8b-335b-4fbc-60c4-93f6f5d773a5"",""yes_price_dollars"":""0.6400""}"
KXETH15M-26APR272200-00,cd01731b-2a8e-6f7c-802a-8f97d5c6b93e,1777340952,0.66,1.0,no,"{""count_fp"":""1.00"",""created_time"":""2026-04-28T01:49:12.521345Z"",""no_price_dollars"":""0.3400"",""taker_side"":""no"",""ticker"":""KXETH15M-26APR272200-00"",""trade_id"":""cd01731b-2a8e-6f7c-802a-8f97d5c6b93e"",""yes_price_dollars"":""0.6600""}"
KXETH15M-26APR272200-00,e473c739-9f32-5534-82a4-7dfec2057627,1777340954,0.65,10.0,no,"{""count_fp"":""10.00"",""created_time"":""2026-04-28T01:49:14.287971Z"",""no_price_dollars"":""0.3500"",""taker_side"":""no"",""ticker"":""KXETH15M-26APR272200-00"",""trade_id"":""e473c739-9f32-5534-82a4-7dfec2057627"",""yes_price_dollars"":""0.6500""}"
KXETH15M-26APR272200-00,007becdd-2062-7632-a0e1-606bba5c026e,1777340959,0.62,1.0,no,"{""count_fp"":""1.00"",""created_time"":""2026-04-28T01:49:19.609168Z"",""no_price_dollars"":""0.3800"",""taker_side"":""no"",""ticker"":""KXETH15M-26APR272200-00"",""trade_id"":""007becdd-2062-7632-a0e1-606bba5c026e"",""yes_price_dollars"":""0.6200""}"
KXETH15M-26APR272200-00,214545b6-4b00-5abc-b214-62563a5ba4a6,1777340969,0.65,8.0,yes,"{""count_fp"":""8.00"",""created_time"":""2026-04-28T01:49:29.291699Z"",""no_price_dollars"":""0.3500"",""taker_side"":""yes"",""ticker"":""KXETH15M-26APR272200-00"",""trade_id"":""214545b6-4b00-5abc-b214-62563a5ba4a6"",""yes_price_dollars"":""0.6500""}"
KXETH15M-26APR272200-00,e3ee72a2-96b9-7b92-263f-c7469b52eb15,1777340971,0.64,1.0,yes,"{""count_fp"":""1.00"",""created_time"":""2026-04-28T01:49:31.200542Z"",""no_price_dollars"":""0.3600"",""taker_side"":""yes"",""ticker"":""KXETH15M-26APR272200-00"",""trade_id"":""e3ee72a2-96b9-7b92-263f-c7469b52eb15"",""yes_price_dollars"":""0.6400""}"
KXETH15M-26APR272200-00,d08ff5da-ba82-7080-3248-9350ab5191e7,1777340974,0.63,0.64,no,"{""count_fp"":""0.64"",""created_time"":""2026-04-28T01:49:34.411239Z"",""no_price_dollars"":""0.3700"",""taker_side"":""no"",""ticker"":""KXETH15M-26APR272200-00"",""trade_id"":""d08ff5da-ba82-7080-3248-9350ab5191e7"",""yes_price_dollars"":""0.6300""}"
KXETH15M-26APR272200-00,9babd2e5-2ffc-691a-84ea-0def1266b871,1777340980,0.64,3.0,yes,"{""count_fp"":""3.00"",""created_time"":""2026-04-28T01:49:40.021957Z"",""no_price_dollars"":""0.3600"",""taker_side"":""yes"",""ticker"":""KXETH15M-26APR272200-00"",""trade_id"":""9babd2e5-2ffc-691a-84ea-0def1266b871"",""yes_price_dollars"":""0.6400""}"
KXETH15M-26APR272200-00,6d3cde2a-44b3-7cda-46fa-638604ee896d,1777340984,0.64,10.0,yes,"{""count_fp"":""10.00"",""created_time"":""2026-04-28T01:49:44.954833Z"",""no_price_dollars"":""0.3600"",""taker_side"":""yes"",""ticker"":""KXETH15M-26APR272200-00"",""trade_id"":""6d3cde2a-44b3-7cda-46fa-638604ee896d"",""yes_price_dollars"":""0.6400""}"
KXETH15M-26APR272200-00,690a160f-8d8a-75ef-5a05-81fe495f9d4c,1777340984,0.64,10.0,yes,"{""count_fp"":""10.00"",""created_time"":""2026-04-28T01:49:44.954833Z"",""no_price_dollars"":""0.3600"",""taker_side"":""yes"",""ticker"":""KXETH15M-26APR272200-00"",""trade_id"":""690a160f-8d8a-75ef-5a05-81fe495f9d4c"",""yes_price_dollars"":""0.6400""}"
KXETH15M-26APR272200-00,f0f729bd-b72f-6d09-ea81-34aa48dfdc38,1777340984,0.62,1.0,no,"{""count_fp"":""1.00"",""created_time"":""2026-04-28T01:49:44.409475Z"",""no_price_dollars"":""0.3800"",""taker_side"":""no"",""ticker"":""KXETH15M-26APR272200-00"",""trade_id"":""f0f729bd-b72f-6d09-ea81-34aa48dfdc38"",""yes_price_dollars"":""0.6200""}"
KXETH15M-26APR272200-00,bf709694-a333-7960-149d-fb483f85d16f,1777340987,0.64,2.65,no,"{""count_fp"":""2.65"",""created_time"":""2026-04-28T01:49:47.665224Z"",""no_price_dollars"":""0.3600"",""taker_side"":""no"",""ticker"":""KXETH15M-26APR272200-00"",""trade_id"":""bf709694-a333-7960-149d-fb483f85d16f"",""yes_price_dollars"":""0.6400""}"
KXETH15M-26APR272200-00,e2f75dd1-30d8-6274-42c1-c0fc90786068,1777340992,0.66,4.02,no,"{""count_fp"":""4.02"",""created_time"":""2026-04-28T01:49:52.669712Z"",""no_price_dollars"":""0.3400"",""taker_side"":""no"",""ticker"":""KXETH15M-26APR272200-00"",""trade_id"":""e2f75dd1-30d8-6274-42c1-c0fc90786068"",""yes_price_dollars"":""0.6600""}"
KXETH15M-26APR272200-00,dd7103be-4d1b-654f-5796-7b17e0f0e41e,1777340992,0.66,10.0,no,"{""count_fp"":""10.00"",""created_time"":""2026-04-28T01:49:52.669712Z"",""no_price_dollars"":""0.3400"",""taker_side"":""no"",""ticker"":""KXETH15M-26APR272200-00"",""trade_id"":""dd7103be-4d1b-654f-5796-7b17e0f0e41e"",""yes_price_dollars"":""0.6600""}"
KXETH15M-26APR272200-00,f0fc24fd-10d4-7c96-e938-212e1230f905,1777340993,0.67,3.0,yes,"{""count_fp"":""3.00"",""created_time"":""2026-04-28T01:49:53.753287Z"",""no_price_dollars"":""0.3300"",""taker_side"":""yes"",""ticker"":""KXETH15M-26APR272200-00"",""trade_id"":""f0fc24fd-10d4-7c96-e938-212e1230f905"",""yes_price_dollars"":""0.6700""}"
KXETH15M-26APR272200-00,a369890e-5a84-71f2-f58f-1995d8150c89,1777340994,0.67,0.87,no,"{""count_fp"":""0.87"",""created_time"":""2026-04-28T01:49:54.639926Z"",""no_price_dollars"":""0.3300"",""taker_side"":""no"",""ticker"":""KXETH15M-26APR272200-00"",""trade_id"":""a369890e-5a84-71f2-f58f-1995d8150c89"",""yes_price_dollars"":""0.6700""}"
KXETH15M-26APR272200-00,5c83c36f-b45e-7347-f06d-39e8f2aa3396,1777340994,0.65,25.01,no,"{""count_fp"":""25.01"",""created_time"":""2026-04-28T01:49:54.639926Z"",""no_price_dollars"":""0.3500"",""taker_side"":""no"",""ticker"":""KXETH15M-26APR272200-00"",""trade_id"":""5c83c36f-b45e-7347-f06d-39e8f2aa3396"",""yes_price_dollars"":""0.6500""}"
KXETH15M-26APR272200-00,e5cc505f-bdcd-6bd2-68e6-23843c8a9833,1777340994,0.67,0.13,yes,"{""count_fp"":""0.13"",""created_time"":""2026-04-28T01:49:54.523317Z"",""no_price_dollars"":""0.3300"",""taker_side"":""yes"",""ticker"":""KXETH15M-26APR272200-00"",""trade_id"":""e5cc505f-bdcd-6bd2-68e6-23843c8a9833"",""yes_price_dollars"":""0.6700""}"
KXETH15M-26APR272200-00,c4491e36-848c-7145-e7fe-70a38c8297e4,1777341000,0.65,1.32,no,"{""count_fp"":""1.32"",""created_time"":""2026-04-28T01:50:00.733254Z"",""no_price_dollars"":""0.3500"",""taker_side"":""no"",""ticker"":""KXETH15M-26APR272200-00"",""trade_id"":""c4491e36-848c-7145-e7fe-70a38c8297e4"",""yes_price_dollars"":""0.6500""}"
KXETH15M-26APR272200-00,49e16018-9d1e-6117-38d6-b310f7f853e2,1777341001,0.65,1.97,no,"{""count_fp"":""1.97"",""created_time"":""2026-04-28T01:50:01.986247Z"",""no_price_dollars"":""0.3500"",""taker_side"":""no"",""ticker"":""KXETH15M-26APR272200-00"",""trade_id"":""49e16018-9d1e-6117-38d6-b310f7f853e2"",""yes_price_dollars"":""0.6500""}"
KXETH15M-26APR272200-00,35a57a57-14a8-6769-0934-a2c232a9f904,1777341001,0.65,0.68,no,"{""count_fp"":""0.68"",""created_time"":""2026-04-28T01:50:01.986247Z"",""no_price_dollars"":""0.3500"",""taker_side"":""no"",""ticker"":""KXETH15M-26APR272200-00"",""trade_id"":""35a57a57-14a8-6769-0934-a2c232a9f904"",""yes_price_dollars"":""0.6500""}"
KXETH15M-26APR272200-00,9819e8a9-2af5-5f61-0882-cdcfcff3e98c,1777341002,0.67,2.0,yes,"{""count_fp"":""2.00"",""created_time"":""2026-04-28T01:50:02.465352Z"",""no_price_dollars"":""0.3300"",""taker_side"":""yes"",""ticker"":""KXETH15M-26APR272200-00"",""trade_id"":""9819e8a9-2af5-5f61-0882-cdcfcff3e98c"",""yes_price_dollars"":""0.6700""}"
KXETH15M-26APR272200-00,4e98723a-b747-625b-27bb-3008770fad30,1777341002,0.64,10.0,no,"{""count_fp"":""10.00"",""created_time"":""2026-04-28T01:50:02.298433Z"",""no_price_dollars"":""0.3600"",""taker_side"":""no"",""ticker"":""KXETH15M-26APR272200-00"",""trade_id"":""4e98723a-b747-625b-27bb-3008770fad30"",""yes_price_dollars"":""0.6400""}"
KXETH15M-26APR272200-00,2536fab5-a30e-62cf-3357-361cb89bff9a,1777341002,0.64,41.04,no,"{""count_fp"":""41.04"",""created_time"":""2026-04-28T01:50:02.298433Z"",""no_price_dollars"":""0.3600"",""taker_side"":""no"",""ticker"":""KXETH15M-26APR272200-00"",""trade_id"":""2536fab5-a30e-62cf-3357-361cb89bff9a"",""yes_price_dollars"":""0.6400""}"
KXETH15M-26APR272200-00,0d94e2de-b731-6381-024d-dea720c96384,1777341002,0.65,1.0,no,"{""count_fp"":""1.00"",""created_time"":""2026-04-28T01:50:02.298433Z"",""no_price_dollars"":""0.3500"",""taker_side"":""no"",""ticker"":""KXETH15M-26APR272200-00"",""trade_id"":""0d94e2de-b731-6381-024d-dea720c96384"",""yes_price_dollars"":""0.6500""}"
KXETH15M-26APR272200-00,a1fb17ce-866e-7963-804e-ccdbc71a67f3,1777341003,0.68,9.0,yes,"{""count_fp"":""9.00"",""created_time"":""2026-04-28T01:50:03.765646Z"",""no_price_dollars"":""0.3200"",""taker_side"":""yes"",""ticker"":""KXETH15M-26APR272200-00"",""trade_id"":""a1fb17ce-866e-7963-804e-ccdbc71a67f3"",""yes_price_dollars"":""0.6800""}"
KXETH15M-26APR272200-00,07da3dc1-7760-7dad-9d97-89be955d0366,1777341003,0.68,1.0,yes,"{""count_fp"":""1.00"",""created_time"":""2026-04-28T01:50:03.765646Z"",""no_price_dollars"":""0.3200"",""taker_side"":""yes"",""ticker"":""KXETH15M-26APR272200-00"",""trade_id"":""07da3dc1-7760-7dad-9d97-89be955d0366"",""yes_price_dollars"":""0.6800""}"
KXETH15M-26APR272200-00,52646809-e0dd-5311-27e3-3e9043d15413,1777341003,0.67,10.0,yes,"{""count_fp"":""10.00"",""created_time"":""2026-04-28T01:50:03.764527Z"",""no_price_dollars"":""0.3300"",""taker_side"":""yes"",""ticker"":""KXETH15M-26APR272200-00"",""trade_id"":""52646809-e0dd-5311-27e3-3e9043d15413"",""yes_price_dollars"":""0.6700""}"
KXETH15M-26APR272200-00,392c7c2b-3bb3-5cfd-3180-a319cd61e3ec,1777341004,0.72,1.0,yes,"{""count_fp"":""1.00"",""created_time"":""2026-04-28T01:50:04.185881Z"",""no_price_dollars"":""0.2800"",""taker_side"":""yes"",""ticker"":""KXETH15M-26APR272200-00"",""trade_id"":""392c7c2b-3bb3-5cfd-3180-a319cd61e3ec"",""yes_price_dollars"":""0.7200""}"
KXETH15M-26APR272200-00,8d2488bf-453a-76df-ae5c-b808de76adea,1777341005,0.7,60.28,no,"{""count_fp"":""60.28"",""created_time"":""2026-04-28T01:50:05.291198Z"",""no_price_dollars"":""0.3000"",""taker_side"":""no"",""ticker"":""KXETH15M-26APR272200-00"",""trade_id"":""8d2488bf-453a-76df-ae5c-b808de76adea"",""yes_price_dollars"":""0.7000""}"
KXETH15M-26APR272200-00,3c20a4dc-cbea-7d67-8aa0-5b48eb8950da,1777341005,0.7,10.0,no,"{""count_fp"":""10.00"",""created_time"":""2026-04-28T01:50:05.291198Z"",""no_price_dollars"":""0.3000"",""taker_side"":""no"",""ticker"":""KXETH15M-26APR272200-00"",""trade_id"":""3c20a4dc-cbea-7d67-8aa0-5b48eb8950da"",""yes_price_dollars"":""0.7000""}"
KXETH15M-26APR272200-00,d96cb52d-f3c1-48d9-9123-1000af3480fc,1777341009,0.68,1.0,no,"{""count_fp"":""1.00"",""created_time"":""2026-04-28T01:50:09.499216Z"",""no_price_dollars"":""0.3200"",""taker_side"":""no"",""ticker"":""KXETH15M-26APR272200-00"",""trade_id"":""d96cb52d-f3c1-48d9-9123-1000af3480fc"",""yes_price_dollars"":""0.6800""}"
KXETH15M-26APR272200-00,b4197ac9-9ce9-45aa-a719-ff62f6924576,1777341009,0.67,4.0,no,"{""count_fp"":""4.00"",""created_time"":""2026-04-28T01:50:09.499216Z"",""no_price_dollars"":""0.3300"",""taker_side"":""no"",""ticker"":""KXETH15M-26APR272200-00"",""trade_id"":""b4197ac9-9ce9-45aa-a719-ff62f6924576"",""yes_price_dollars"":""0.6700""}"
KXETH15M-26APR272200-00,47350b78-d519-760e-98ff-a84266f3dc07,1777341010,0.7,1.0,yes,"{""count_fp"":""1.00"",""created_time"":""2026-04-28T01:50:10.789121Z"",""no_price_dollars"":""0.3000"",""taker_side"":""yes"",""ticker"":""KXETH15M-26APR272200-00"",""trade_id"":""47350b78-d519-760e-98ff-a84266f3dc07"",""yes_price_dollars"":""0.7000""}"
KXETH15M-26APR272200-00,de8ae451-189a-600e-0862-171fdd8845cb,1777341010,0.7,3.0,yes,"{""count_fp"":""3.00"",""created_time"":""2026-04-28T01:50:10.323079Z"",""no_price_dollars"":""0.3000"",""taker_side"":""yes"",""ticker"":""KXETH15M-26APR272200-00"",""trade_id"":""de8ae451-189a-600e-0862-171fdd8845cb"",""yes_price_dollars"":""0.7000""}"
KXETH15M-26APR272200-00,b426d51e-08dc-6899-2408-e486c5283561,1777341010,0.71,126.0,yes,"{""count_fp"":""126.00"",""created_time"":""2026-04-28T01:50:10.323079Z"",""no_price_dollars"":""0.2900"",""taker_side"":""yes"",""ticker"":""KXETH15M-26APR272200-00"",""trade_id"":""b426d51e-08dc-6899-2408-e486c5283561"",""yes_price_dollars"":""0.7100""}"
KXETH15M-26APR272200-00,788745fc-cc8b-63de-06a0-3119df2d2c7b,1777341010,0.68,10.0,yes,"{""count_fp"":""10.00"",""created_time"":""2026-04-28T01:50:10.323079Z"",""no_price_dollars"":""0.3200"",""taker_side"":""yes"",""ticker"":""KXETH15M-26APR272200-00"",""trade_id"":""788745fc-cc8b-63de-06a0-3119df2d2c7b"",""yes_price_dollars"":""0.6800""}"
KXETH15M-26APR272200-00,4d97c168-7852-6c87-09f8-3b58bffb9a4b,1777341010,0.69,51.0,yes,"{""count_fp"":""51.00"",""created_time"":""2026-04-28T01:50:10.323079Z"",""no_price_dollars"":""0.3100"",""taker_side"":""yes"",""ticker"":""KXETH15M-26APR272200-00"",""trade_id"":""4d97c168-7852-6c87-09f8-3b58bffb9a4b"",""yes_price_dollars"":""0.6900""}"
KXETH15M-26APR272200-00,3c554d7d-11d9-685d-03b9-0a578392ca14,1777341010,0.69,10.0,yes,"{""count_fp"":""10.00"",""created_time"":""2026-04-28T01:50:10.323079Z"",""no_price_dollars"":""0.3100"",""taker_side"":""yes"",""ticker"":""KXETH15M-26APR272200-00"",""trade_id"":""3c554d7d-11d9-685d-03b9-0a578392ca14"",""yes_price_dollars"":""0.6900""}"
KXETH15M-26APR272200-00,ab9bb3c9-82c5-733f-7e6d-9ad58db53b89,1777341012,0.7,0.33,yes,"{""count_fp"":""0.33"",""created_time"":""2026-04-28T01:50:12.503257Z"",""no_price_dollars"":""0.3000"",""taker_side"":""yes"",""ticker"":""KXETH15M-26APR272200-00"",""trade_id"":""ab9bb3c9-82c5-733f-7e6d-9ad58db53b89"",""yes_price_dollars"":""0.7000""}"
KXETH15M-26APR272200-00,4acf28a4-0491-490b-1649-fe635e893fd5,1777341012,0.7,59.67,yes,"{""count_fp"":""59.67"",""created_time"":""2026-04-28T01:50:12.498813Z"",""no_price_dollars"":""0.3000"",""taker_side"":""yes"",""ticker"":""KXETH15M-26APR272200-00"",""trade_id"":""4acf28a4-0491-490b-1649-fe635e893fd5"",""yes_price_dollars"":""0.7000""}"
KXETH15M-26APR272200-00,2b220142-f211-428a-0d3e-f21ee874f80b,1777341012,0.7,9.33,yes,"{""count_fp"":""9.33"",""created_time"":""2026-04-28T01:50:12.498813Z"",""no_price_dollars"":""0.3000"",""taker_side"":""yes"",""ticker"":""KXETH15M-26APR272200-00"",""trade_id"":""2b220142-f211-428a-0d3e-f21ee874f80b"",""yes_price_dollars"":""0.7000""}"
KXETH15M-26APR272200-00,678f4696-d0d7-50e1-fe75-93815741d2dc,1777341026,0.62,12.0,no,"{""count_fp"":""12.00"",""created_time"":""2026-04-28T01:50:26.859569Z"",""no_price_dollars"":""0.3800"",""taker_side"":""no"",""ticker"":""KXETH15M-26APR272200-00"",""trade_id"":""678f4696-d0d7-50e1-fe75-93815741d2dc"",""yes_price_dollars"":""0.6200""}"
KXETH15M-26APR272200-00,977f3b28-4758-4b48-c7cb-46d5922eb3d5,1777341028,0.58,10.0,no,"{""count_fp"":""10.00"",""created_time"":""2026-04-28T01:50:28.105091Z"",""no_price_dollars"":""0.4200"",""taker_side"":""no"",""ticker"":""KXETH15M-26APR272200-00"",""trade_id"":""977f3b28-4758-4b48-c7cb-46d5922eb3d5"",""yes_price_dollars"":""0.5800""}"
KXETH15M-26APR272200-00,c64eb84a-0573-4b7c-6399-959d41d0750f,1777341029,0.59,7.19,yes,"{""count_fp"":""7.19"",""created_time"":""2026-04-28T01:50:29.831667Z"",""no_price_dollars"":""0.4100"",""taker_side"":""yes"",""ticker"":""KXETH15M-26APR272200-00"",""trade_id"":""c64eb84a-0573-4b7c-6399-959d41d0750f"",""yes_price_dollars"":""0.5900""}"
KXETH15M-26APR272200-00,e3578833-e95d-53ac-bd80-e1c7fb4b62b2,1777341030,0.51,10.0,no,"{""count_fp"":""10.00"",""created_time"":""2026-04-28T01:50:30.432081Z"",""no_price_dollars"":""0.4900"",""taker_side"":""no"",""ticker"":""KXETH15M-26APR272200-00"",""trade_id"":""e3578833-e95d-53ac-bd80-e1c7fb4b62b2"",""yes_price_dollars"":""0.5100""}"
KXETH15M-26APR272200-00,513f2eba-e494-4d17-2adc-d3e9b3094200,1777341030,0.49,50.0,no,"{""count_fp"":""50.00"",""created_time"":""2026-04-28T01:50:30.352496Z"",""no_price_dollars"":""0.5100"",""taker_side"":""no"",""ticker"":""KXETH15M-26APR272200-00"",""trade_id"":""513f2eba-e494-4d17-2adc-d3e9b3094200"",""yes_price_dollars"":""0.4900""}"
KXETH15M-26APR272200-00,e2e687d6-973d-7962-7943-925a127933e0,1777341030,0.5,10.0,no,"{""count_fp"":""10.00"",""created_time"":""2026-04-28T01:50:30.349958Z"",""no_price_dollars"":""0.5000"",""taker_side"":""no"",""ticker"":""KXETH15M-26APR272200-00"",""trade_id"":""e2e687d6-973d-7962-7943-925a127933e0"",""yes_price_dollars"":""0.5000""}"
KXETH15M-26APR272200-00,e24a1cc3-4fb1-7b35-59b8-a57f4c8d42cd,1777341030,0.5,1.0,no,"{""count_fp"":""1.00"",""created_time"":""2026-04-28T01:50:30.349958Z"",""no_price_dollars"":""0.5000"",""taker_side"":""no"",""ticker"":""KXETH15M-26APR272200-00"",""trade_id"":""e24a1cc3-4fb1-7b35-59b8-a57f4c8d42cd"",""yes_price_dollars"":""0.5000""}"
KXETH15M-26APR272200-00,46336594-7558-7787-42e6-12124c5b1a3e,1777341030,0.5,40.0,no,"{""count_fp"":""40.00"",""created_time"":""2026-04-28T01:50:30.349958Z"",""no_price_dollars"":""0.5000"",""taker_side"":""no"",""ticker"":""KXETH15M-26APR272200-00"",""trade_id"":""46336594-7558-7787-42e6-12124c5b1a3e"",""yes_price_dollars"":""0.5000""}"
KXETH15M-26APR272200-00,229b3f66-d27b-4f4e-11c9-0e44c66c4ae0,1777341030,0.54,46.0,no,"{""count_fp"":""46.00"",""created_time"":""2026-04-28T01:50:30.296785Z"",""no_price_dollars"":""0.4600"",""taker_side"":""no"",""ticker"":""KXETH15M-26APR272200-00"",""trade_id"":""229b3f66-d27b-4f4e-11c9-0e44c66c4ae0"",""yes_price_dollars"":""0.5400""}"
KXETH15M-26APR272200-00,45679348-f89f-7de6-ade7-877301851fe8,1777341030,0.55,11.55,no,"{""count_fp"":""11.55"",""created_time"":""2026-04-28T01:50:30.272997Z"",""no_price_dollars"":""0.4500"",""taker_side"":""no"",""ticker"":""KXETH15M-26APR272200-00"",""trade_id"":""45679348-f89f-7de6-ade7-877301851fe8"",""yes_price_dollars"":""0.5500""}"
KXETH15M-26APR272200-00,e8c7a476-2a43-50b8-9ac0-5d8c7c487406,1777341030,0.55,10.0,no,"{""count_fp"":""10.00"",""created_time"":""2026-04-28T01:50:30.231915Z"",""no_price_dollars"":""0.4500"",""taker_side"":""no"",""ticker"":""KXETH15M-26APR272200-00"",""trade_id"":""e8c7a476-2a43-50b8-9ac0-5d8c7c487406"",""yes_price_dollars"":""0.5500""}"
KXETH15M-26APR272200-00,89a4e993-190f-5a5e-8811-64f54b260cac,1777341030,0.55,42.45,no,"{""count_fp"":""42.45"",""created_time"":""2026-04-28T01:50:30.231915Z"",""no_price_dollars"":""0.4500"",""taker_side"":""no"",""ticker"":""KXETH15M-26APR272200-00"",""trade_id"":""89a4e993-190f-5a5e-8811-64f54b260cac"",""yes_price_dollars"":""0.5500""}"
KXETH15M-26APR272200-00,5d94ed9d-ce8b-72b5-e170-b761300ad154,1777341030,0.56,6.0,no,"{""count_fp"":""6.00"",""created_time"":""2026-04-28T01:50:30.200088Z"",""no_price_dollars"":""0.4400"",""taker_side"":""no"",""ticker"":""KXETH15M-26APR272200-00"",""trade_id"":""5d94ed9d-ce8b-72b5-e170-b761300ad154"",""yes_price_dollars"":""0.5600""}"
KXETH15M-26APR272200-00,2f70a7bc-4c34-768a-1c89-c909ef55ac7b,1777341031,0.47,10.0,yes,"{""count_fp"":""10.00"",""created_time"":""2026-04-28T01:50:31.296203Z"",""no_price_dollars"":""0.5300"",""taker_side"":""yes"",""ticker"":""KXETH15M-26APR272200-00"",""trade_id"":""2f70a7bc-4c34-768a-1c89-c909ef55ac7b"",""yes_price_dollars"":""0.4700""}"
KXETH15M-26APR272200-00,a78341c1-bf74-7e16-7fbd-a3f9b14e2e9a,1777341033,0.55,1.0,yes,"{""count_fp"":""1.00"",""created_time"":""2026-04-28T01:50:33.833979Z"",""no_price_dollars"":""0.4500"",""taker_side"":""yes"",""ticker"":""KXETH15M-26APR272200-00"",""trade_id"":""a78341c1-bf74-7e16-7fbd-a3f9b14e2e9a"",""yes_price_dollars"":""0.5500""}"
KXETH15M-26APR272200-00,396c3ab5-bdbc-7630-d44d-3dc2ae3f4dc0,1777341033,0.51,14.0,no,"{""count_fp"":""14.00"",""created_time"":""2026-04-28T01:50:33.710627Z"",""no_price_dollars"":""0.4900"",""taker_side"":""no"",""ticker"":""KXETH15M-26APR272200-00"",""trade_id"":""396c3ab5-bdbc-7630-d44d-3dc2ae3f4dc0"",""yes_price_dollars"":""0.5100""}"
KXETH15M-26APR272200-00,0c6719e9-79cd-4384-9c18-2c171e664ad0,1777341033,0.48,10.0,yes,"{""count_fp"":""10.00"",""created_time"":""2026-04-28T01:50:33.455329Z"",""no_price_dollars"":""0.5200"",""taker_side"":""yes"",""ticker"":""KXETH15M-26APR272200-00"",""trade_id"":""0c6719e9-79cd-4384-9c18-2c171e664ad0"",""yes_price_dollars"":""0.4800""}"
KXETH15M-26APR272200-00,dc583987-5220-7f76-b3e7-385e582cd4b2,1777341034,0.55,9.0,yes,"{""count_fp"":""9.00"",""created_time"":""2026-04-28T01:50:34.539264Z"",""no_price_dollars"":""0.4500"",""taker_side"":""yes"",""ticker"":""KXETH15M-26APR272200-00"",""trade_id"":""dc583987-5220-7f76-b3e7-385e582cd4b2"",""yes_price_dollars"":""0.5500""}"
KXETH15M-26APR272200-00,fd187eb5-8d1c-5aa4-1a3d-831da56681f0,1777341036,0.55,4.0,no,"{""count_fp"":""4.00"",""created_time"":""2026-04-28T01:50:36.885465Z"",""no_price_dollars"":""0.4500"",""taker_side"":""no"",""ticker"":""KXETH15M-26APR272200-00"",""trade_id"":""fd187eb5-8d1c-5aa4-1a3d-831da56681f0"",""yes_price_dollars"":""0.5500""}"
KXETH15M-26APR272200-00,e849a3b7-85f1-4749-b381-8cb44cb96c4f,1777341041,0.54,3.0,no,"{""count_fp"":""3.00"",""created_time"":""2026-04-28T01:50:41.261675Z"",""no_price_dollars"":""0.4600"",""taker_side"":""no"",""ticker"":""KXETH15M-26APR272200-00"",""trade_id"":""e849a3b7-85f1-4749-b381-8cb44cb96c4f"",""yes_price_dollars"":""0.5400""}"
KXETH15M-26APR272200-00,50f79513-6579-5cb1-6134-2c23aff67d3b,1777341043,0.55,58.0,no,"{""count_fp"":""58.00"",""created_time"":""2026-04-28T01:50:43.309698Z"",""no_price_dollars"":""0.4500"",""taker_side"":""no"",""ticker"":""KXETH15M-26APR272200-00"",""trade_id"":""50f79513-6579-5cb1-6134-2c23aff67d3b"",""yes_price_dollars"":""0.5500""}"
KXETH15M-26APR272200-00,f4c94e7e-2314-499a-d044-d662811f9e33,1777341045,0.54,70.28,yes,"{""count_fp"":""70.28"",""created_time"":""2026-04-28T01:50:45.077655Z"",""no_price_dollars"":""0.4600"",""taker_side"":""yes"",""ticker"":""KXETH15M-26APR272200-00"",""trade_id"":""f4c94e7e-2314-499a-d044-d662811f9e33"",""yes_price_dollars"":""0.5400""}"
KXETH15M-26APR272200-00,541fb6f1-fb44-4388-5955-08157bca8349,1777341049,0.5,10.0,no,"{""count_fp"":""10.00"",""created_time"":""2026-04-28T01:50:49.390712Z"",""no_price_dollars"":""0.5000"",""taker_side"":""no"",""ticker"":""KXETH15M-26APR272200-00"",""trade_id"":""541fb6f1-fb44-4388-5955-08157bca8349"",""yes_price_dollars"":""0.5000""}"
KXETH15M-26APR272200-00,3c31c014-e524-43c8-6540-1c410aa55978,1777341049,0.5,10.0,no,"{""count_fp"":""10.00"",""created_time"":""2026-04-28T01:50:49.390712Z"",""no_price_dollars"":""0.5000"",""taker_side"":""no"",""ticker"":""KXETH15M-26APR272200-00"",""trade_id"":""3c31c014-e524-43c8-6540-1c410aa55978"",""yes_price_dollars"":""0.5000""}"
KXETH15M-26APR272200-00,f22bcafb-3968-4e8a-6c07-338d00e155c3,1777341050,0.51,0.71,yes,"{""count_fp"":""0.71"",""created_time"":""2026-04-28T01:50:50.256577Z"",""no_price_dollars"":""0.4900"",""taker_side"":""yes"",""ticker"":""KXETH15M-26APR272200-00"",""trade_id"":""f22bcafb-3968-4e8a-6c07-338d00e155c3"",""yes_price_dollars"":""0.5100""}"
KXETH15M-26APR272200-00,eb562f01-82a2-42c2-af55-4f7f3bfef0bb,1777341053,0.53,10.0,yes,"{""count_fp"":""10.00"",""created_time"":""2026-04-28T01:50:53.722399Z"",""no_price_dollars"":""0.4700"",""taker_side"":""yes"",""ticker"":""KXETH15M-26APR272200-00"",""trade_id"":""eb562f01-82a2-42c2-af55-4f7f3bfef0bb"",""yes_price_dollars"":""0.5300""}"
KXETH15M-26APR272200-00,9121b184-bdbf-6b5e-254a-356a7c0624f9,1777341054,0.54,5.58,no,"{""count_fp"":""5.58"",""created_time"":""2026-04-28T01:50:54.555876Z"",""no_price_dollars"":""0.4600"",""taker_side"":""no"",""ticker"":""KXETH15M-26APR272200-00"",""trade_id"":""9121b184-bdbf-6b5e-254a-356a7c0624f9"",""yes_price_dollars"":""0.5400""}"
KXETH15M-26APR272200-00,7261600e-f08a-400b-e58c-6e260a32039c,1777341057,0.58,10.0,yes,"{""count_fp"":""10.00"",""created_time"":""2026-04-28T01:50:57.680453Z"",""no_price_dollars"":""0.4200"",""taker_side"":""yes"",""ticker"":""KXETH15M-26APR272200-00"",""trade_id"":""7261600e-f08a-400b-e58c-6e260a32039c"",""yes_price_dollars"":""0.5800""}"
KXETH15M-26APR272200-00,52500552-6655-4c68-e297-00eda08133fd,1777341057,0.58,5.0,yes,"{""count_fp"":""5.00"",""created_time"":""2026-04-28T01:50:57.680453Z"",""no_price_dollars"":""0.4200"",""taker_side"":""yes"",""ticker"":""KXETH15M-26APR272200-00"",""trade_id"":""52500552-6655-4c68-e297-00eda08133fd"",""yes_price_dollars"":""0.5800""}"
KXETH15M-26APR272200-00,a6936343-b184-5201-2ced-455c31689182,1777341058,0.62,5.0,yes,"{""count_fp"":""5.00"",""created_time"":""2026-04-28T01:50:58.509667Z"",""no_price_dollars"":""0.3800"",""taker_side"":""yes"",""ticker"":""KXETH15M-26APR272200-00"",""trade_id"":""a6936343-b184-5201-2ced-455c31689182"",""yes_price_dollars"":""0.6200""}"
KXETH15M-26APR272200-00,96ba6084-05c7-506f-2933-6c35fa146d25,1777341058,0.62,10.0,yes,"{""count_fp"":""10.00"",""created_time"":""2026-04-28T01:50:58.509667Z"",""no_price_dollars"":""0.3800"",""taker_side"":""yes"",""ticker"":""KXETH15M-26APR272200-00"",""trade_id"":""96ba6084-05c7-506f-2933-6c35fa146d25"",""yes_price_dollars"":""0.6200""}"
KXETH15M-26APR272200-00,ff9b0497-7ea5-67c0-acc1-b49967d24c00,1777341058,0.61,10.0,yes,"{""count_fp"":""10.00"",""created_time"":""2026-04-28T01:50:58.508985Z"",""no_price_dollars"":""0.3900"",""taker_side"":""yes"",""ticker"":""KXETH15M-26APR272200-00"",""trade_id"":""ff9b0497-7ea5-67c0-acc1-b49967d24c00"",""yes_price_dollars"":""0.6100""}"
KXETH15M-26APR272200-00,94e29eb0-c931-6d1f-a383-3ee76bdc20dc,1777341058,0.6,5.0,yes,"{""count_fp"":""5.00"",""created_time"":""2026-04-28T01:50:58.508985Z"",""no_price_dollars"":""0.4000"",""taker_side"":""yes"",""ticker"":""KXETH15M-26APR272200-00"",""trade_id"":""94e29eb0-c931-6d1f-a383-3ee76bdc20dc"",""yes_price_dollars"":""0.6000""}"
KXETH15M-26APR272200-00,25902801-3240-5d5d-ec34-f4c51ebcf542,1777341061,0.63,9.0,no,"{""count_fp"":""9.00"",""created_time"":""2026-04-28T01:51:01.321835Z"",""no_price_dollars"":""0.3700"",""taker_side"":""no"",""ticker"":""KXETH15M-26APR272200-00"",""trade_id"":""25902801-3240-5d5d-ec34-f4c51ebcf542"",""yes_price_dollars"":""0.6300""}"
KXETH15M-26APR272200-00,5d69e423-9028-446c-ce62-5d464f0487c8,1777341062,0.64,6.0,no,"{""count_fp"":""6.00"",""created_time"":""2026-04-28T01:51:02.369294Z"",""no_price_dollars"":""0.3600"",""taker_side"":""no"",""ticker"":""KXETH15M-26APR272200-00"",""trade_id"":""5d69e423-9028-446c-ce62-5d464f0487c8"",""yes_price_dollars"":""0.6400""}"
KXETH15M-26APR272200-00,4622098b-4064-4384-0434-73ce8effbd40,1777341064,0.65,1.0,no,"{""count_fp"":""1.00"",""created_time"":""2026-04-28T01:51:04.580521Z"",""no_price_dollars"":""0.3500"",""taker_side"":""no"",""ticker"":""KXETH15M-26APR272200-00"",""trade_id"":""4622098b-4064-4384-0434-73ce8effbd40"",""yes_price_dollars"":""0.6500""}"
KXETH15M-26APR272200-00,8d04fec9-3843-621c-5db8-346355be0970,1777341065,0.66,1.0,yes,"{""count_fp"":""1.00"",""created_time"":""2026-04-28T01:51:05.403145Z"",""no_price_dollars"":""0.3400"",""taker_side"":""yes"",""ticker"":""KXETH15M-26APR272200-00"",""trade_id"":""8d04fec9-3843-621c-5db8-346355be0970"",""yes_price_dollars"":""0.6600""}"
KXETH15M-26APR272200-00,5c2a8fac-959f-42c8-cb08-3d69a51678b0,1777341065,0.66,1.0,yes,"{""count_fp"":""1.00"",""created_time"":""2026-04-28T01:51:05.352674Z"",""no_price_dollars"":""0.3400"",""taker_side"":""yes"",""ticker"":""KXETH15M-26APR272200-00"",""trade_id"":""5c2a8fac-959f-42c8-cb08-3d69a51678b0"",""yes_price_dollars"":""0.6600""}"
KXETH15M-26APR272200-00,37576a14-c8d4-7064-461a-0df13d0d8d77,1777341069,0.61,10.0,no,"{""count_fp"":""10.00"",""created_time"":""2026-04-28T01:51:09.880951Z"",""no_price_dollars"":""0.3900"",""taker_side"":""no"",""ticker"":""KXETH15M-26APR272200-00"",""trade_id"":""37576a14-c8d4-7064-461a-0df13d0d8d77"",""yes_price_dollars"":""0.6100""}"
KXETH15M-26APR272200-00,07e8697f-6a0c-75a4-6601-485100082c0c,1777341069,0.61,14.59,no,"{""count_fp"":""14.59"",""created_time"":""2026-04-28T01:51:09.880951Z"",""no_price_dollars"":""0.3900"",""taker_side"":""no"",""ticker"":""KXETH15M-26APR272200-00"",""trade_id"":""07e8697f-6a0c-75a4-6601-485100082c0c"",""yes_price_dollars"":""0.6100""}"
KXETH15M-26APR272200-00,32007e5d-64cd-4437-a0f5-a63157c006d2,1777341071,0.63,1.0,yes,"{""count_fp"":""1.00"",""created_time"":""2026-04-28T01:51:11.311053Z"",""no_price_dollars"":""0.3700"",""taker_side"":""yes"",""ticker"":""KXETH15M-26APR272200-00"",""trade_id"":""32007e5d-64cd-4437-a0f5-a63157c006d2"",""yes_price_dollars"":""0.6300""}"
KXETH15M-26APR272200-00,90bece08-4f80-7d60-7912-261e22b16d14,1777341074,0.62,1.0,no,"{""count_fp"":""1.00"",""created_time"":""2026-04-28T01:51:14.999652Z"",""no_price_dollars"":""0.3800"",""taker_side"":""no"",""ticker"":""KXETH15M-26APR272200-00"",""trade_id"":""90bece08-4f80-7d60-7912-261e22b16d14"",""yes_price_dollars"":""0.6200""}"
KXETH15M-26APR272200-00,4ab3d7bf-772d-48e6-80a1-09830bb38516,1777341074,0.63,1.0,yes,"{""count_fp"":""1.00"",""created_time"":""2026-04-28T01:51:14.200355Z"",""no_price_dollars"":""0.3700"",""taker_side"":""yes"",""ticker"":""KXETH15M-26APR272200-00"",""trade_id"":""4ab3d7bf-772d-48e6-80a1-09830bb38516"",""yes_price_dollars"":""0.6300""}"
KXETH15M-26APR272200-00,e7ad2b96-fefc-50a8-c24c-2f932fee18fc,1777341082,0.67,257.11,no,"{""count_fp"":""257.11"",""created_time"":""2026-04-28T01:51:22.412001Z"",""no_price_dollars"":""0.3300"",""taker_side"":""no"",""ticker"":""KXETH15M-26APR272200-00"",""trade_id"":""e7ad2b96-fefc-50a8-c24c-2f932fee18fc"",""yes_price_dollars"":""0.6700""}"
KXETH15M-26APR272200-00,ca29a2be-e99e-7077-e963-4a46ad473da2,1777341083,0.68,10.0,yes,"{""count_fp"":""10.00"",""created_time"":""2026-04-28T01:51:23.438654Z"",""no_price_dollars"":""0.3200"",""taker_side"":""yes"",""ticker"":""KXETH15M-26APR272200-00"",""trade_id"":""ca29a2be-e99e-7077-e963-4a46ad473da2"",""yes_price_dollars"":""0.6800""}"
KXETH15M-26APR272200-00,7e160b90-df7c-7f2d-e5e7-da633c14cc62,1777341083,0.69,10.0,yes,"{""count_fp"":""10.00"",""created_time"":""2026-04-28T01:51:23.438654Z"",""no_price_dollars"":""0.3100"",""taker_side"":""yes"",""ticker"":""KXETH15M-26APR272200-00"",""trade_id"":""7e160b90-df7c-7f2d-e5e7-da633c14cc62"",""yes_price_dollars"":""0.6900""}"
KXETH15M-26APR272200-00,3a71c678-3c1d-7e81-f2b5-8a7d8905515b,1777341083,0.71,32.04,yes,"{""count_fp"":""32.04"",""created_time"":""2026-04-28T01:51:23.438654Z"",""no_price_dollars"":""0.2900"",""taker_side"":""yes"",""ticker"":""KXETH15M-26APR272200-00"",""trade_id"":""3a71c678-3c1d-7e81-f2b5-8a7d8905515b"",""yes_price_dollars"":""0.7100""}"
KXETH15M-26APR272200-00,4fe9f5bc-2a3b-626b-d362-92e2308032b5,1777341084,0.68,7.0,yes,"{""count_fp"":""7.00"",""created_time"":""2026-04-28T01:51:24.859277Z"",""no_price_dollars"":""0.3200"",""taker_side"":""yes"",""ticker"":""KXETH15M-26APR272200-00"",""trade_id"":""4fe9f5bc-2a3b-626b-d362-92e2308032b5"",""yes_price_dollars"":""0.6800""}"
KXETH15M-26APR272200-00,fe0688bd-fc30-5a10-a94f-f879fbd0cce8,1777341086,0.67,2.82,no,"{""count_fp"":""2.82"",""created_time"":""2026-04-28T01:51:26.475159Z"",""no_price_dollars"":""0.3300"",""taker_side"":""no"",""ticker"":""KXETH15M-26APR272200-00"",""trade_id"":""fe0688bd-fc30-5a10-a94f-f879fbd0cce8"",""yes_price_dollars"":""0.6700""}"
KXETH15M-26APR272200-00,abeb7089-44ec-4804-faff-06957d4254dc,1777341087,0.67,2.89,no,"{""count_fp"":""2.89"",""created_time"":""2026-04-28T01:51:27.212722Z"",""no_price_dollars"":""0.3300"",""taker_side"":""no"",""ticker"":""KXETH15M-26APR272200-00"",""trade_id"":""abeb7089-44ec-4804-faff-06957d4254dc"",""yes_price_dollars"":""0.6700""}"
KXETH15M-26APR272200-00,12d11c4f-0c57-7a07-02a3-80502da6f485,1777341096,0.68,1.32,yes,"{""count_fp"":""1.32"",""created_time"":""2026-04-28T01:51:36.655997Z"",""no_price_dollars"":""0.3200"",""taker_side"":""yes"",""ticker"":""KXETH15M-26APR272200-00"",""trade_id"":""12d11c4f-0c57-7a07-02a3-80502da6f485"",""yes_price_dollars"":""0.6800""}"
KXETH15M-26APR272200-00,cfe7fe7a-1b8b-59e3-8a16-59e711ebb755,1777341100,0.68,1.68,yes,"{""count_fp"":""1.68"",""created_time"":""2026-04-28T01:51:40.542377Z"",""no_price_dollars"":""0.3200"",""taker_side"":""yes"",""ticker"":""KXETH15M-26APR272200-00"",""trade_id"":""cfe7fe7a-1b8b-59e3-8a16-59e711ebb755"",""yes_price_dollars"":""0.6800""}"
KXETH15M-26APR272200-00,9e0b5fe3-be87-59f4-ac35-0b655812b82b,1777341100,0.7,100.0,yes,"{""count_fp"":""100.00"",""created_time"":""2026-04-28T01:51:40.542377Z"",""no_price_dollars"":""0.3000"",""taker_side"":""yes"",""ticker"":""KXETH15M-26APR272200-00"",""trade_id"":""9e0b5fe3-be87-59f4-ac35-0b655812b82b"",""yes_price_dollars"":""0.7000""}"
KXETH15M-26APR272200-00,903f661a-c3b0-5056-8151-8d308b160a3f,1777341100,0.72,675.45,yes,"{""count_fp"":""675.45"",""created_time"":""2026-04-28T01:51:40.542377Z"",""no_price_dollars"":""0.2800"",""taker_side"":""yes"",""ticker"":""KXETH15M-26APR272200-00"",""trade_id"":""903f661a-c3b0-5056-8151-8d308b160a3f"",""yes_price_dollars"":""0.7200""}"
KXETH15M-26APR272200-00,6407b754-3542-535e-9563-cf8edb99fc62,1777341100,0.7,10.0,yes,"{""count_fp"":""10.00"",""created_time"":""2026-04-28T01:51:40.542377Z"",""no_price_dollars"":""0.3000"",""taker_side"":""yes"",""ticker"":""KXETH15M-26APR272200-00"",""trade_id"":""6407b754-3542-535e-9563-cf8edb99fc62"",""yes_price_dollars"":""0.7000""}"
KXETH15M-26APR272200-00,5a7022f6-3988-5405-b63d-7b07d1de7831,1777341100,0.71,10.0,yes,"{""count_fp"":""10.00"",""created_time"":""2026-04-28T01:51:40.542377Z"",""no_price_dollars"":""0.2900"",""taker_side"":""yes"",""ticker"":""KXETH15M-26APR272200-00"",""trade_id"":""5a7022f6-3988-5405-b63d-7b07d1de7831"",""yes_price_dollars"":""0.7100""}"
KXETH15M-26APR272200-00,286f7079-3bcd-5249-952d-06ef438da133,1777341100,0.71,17.96,yes,"{""count_fp"":""17.96"",""created_time"":""2026-04-28T01:51:40.542377Z"",""no_price_dollars"":""0.2900"",""taker_side"":""yes"",""ticker"":""KXETH15M-26APR272200-00"",""trade_id"":""286f7079-3bcd-5249-952d-06ef438da133"",""yes_price_dollars"":""0.7100""}"
KXETH15M-26APR272200-00,007d53bb-e256-5ceb-b5de-ce9abf09ac4d,1777341100,0.71,60.0,yes,"{""count_fp"":""60.00"",""created_time"":""2026-04-28T01:51:40.542377Z"",""no_price_dollars"":""0.2900"",""taker_side"":""yes"",""ticker"":""KXETH15M-26APR272200-00"",""trade_id"":""007d53bb-e256-5ceb-b5de-ce9abf09ac4d"",""yes_price_dollars"":""0.7100""}"
KXETH15M-26APR272200-00,f467cc36-ee19-6989-dc39-df8a5d3a9fd8,1777341106,0.68,0.69,yes,"{""count_fp"":""0.69"",""created_time"":""2026-04-28T01:51:46.525701Z"",""no_price_dollars"":""0.3200"",""taker_side"":""yes"",""ticker"":""KXETH15M-26APR272200-00"",""trade_id"":""f467cc36-ee19-6989-dc39-df8a5d3a9fd8"",""yes_price_dollars"":""0.6800""}"
KXETH15M-26APR272200-00,c39b0fb8-2f64-54c0-512f-6b21c5100c05,1777341110,0.68,10.0,no,"{""count_fp"":""10.00"",""created_time"":""2026-04-28T01:51:50.912093Z"",""no_price_dollars"":""0.3200"",""taker_side"":""no"",""ticker"":""KXETH15M-26APR272200-00"",""trade_id"":""c39b0fb8-2f64-54c0-512f-6b21c5100c05"",""yes_price_dollars"":""0.6800""}"
KXETH15M-26APR272200-00,64f3b5a5-8809-5922-7ba8-b2baefedf7e0,1777341110,0.68,5.0,no,"{""count_fp"":""5.00"",""created_time"":""2026-04-28T01:51:50.912093Z"",""no_price_dollars"":""0.3200"",""taker_side"":""no"",""ticker"":""KXETH15M-26APR272200-00"",""trade_id"":""64f3b5a5-8809-5922-7ba8-b2baefedf7e0"",""yes_price_dollars"":""0.6800""}"
KXETH15M-26APR272200-00,6d6b44ae-2562-7820-ecc4-ae76ca06cd52,1777341115,0.67,2.39,yes,"{""count_fp"":""2.39"",""created_time"":""2026-04-28T01:51:55.219948Z"",""no_price_dollars"":""0.3300"",""taker_side"":""yes"",""ticker"":""KXETH15M-26APR272200-00"",""trade_id"":""6d6b44ae-2562-7820-ecc4-ae76ca06cd52"",""yes_price_dollars"":""0.6700""}"
KXETH15M-26APR272200-00,7f44fd2b-83b9-586a-4459-287b789e85a3,1777341115,0.64,5.0,no,"{""count_fp"":""5.00"",""created_time"":""2026-04-28T01:51:55.048827Z"",""no_price_dollars"":""0.3600"",""taker_side"":""no"",""ticker"":""KXETH15M-26APR272200-00"",""trade_id"":""7f44fd2b-83b9-586a-4459-287b789e85a3"",""yes_price_dollars"":""0.6400""}"
KXETH15M-26APR272200-00,67426988-a8b9-5509-7778-221deca34086,1777341115,0.63,10.0,no,"{""count_fp"":""10.00"",""created_time"":""2026-04-28T01:51:55.048827Z"",""no_price_dollars"":""0.3700"",""taker_side"":""no"",""ticker"":""KXETH15M-26APR272200-00"",""trade_id"":""67426988-a8b9-5509-7778-221deca34086"",""yes_price_dollars"":""0.6300""}"
KXETH15M-26APR272200-00,2a05122e-4686-524c-5e0d-5507cb6e23d0,1777341115,0.64,10.0,no,"{""count_fp"":""10.00"",""created_time"":""2026-04-28T01:51:55.048827Z"",""no_price_dollars"":""0.3600"",""taker_side"":""no"",""ticker"":""KXETH15M-26APR272200-00"",""trade_id"":""2a05122e-4686-524c-5e0d-5507cb6e23d0"",""yes_price_dollars"":""0.6400""}"
KXETH15M-26APR272200-00,25d07680-5580-522c-6c6f-3054c11648a4,1777341115,0.62,87.61,no,"{""count_fp"":""87.61"",""created_time"":""2026-04-28T01:51:55.048827Z"",""no_price_dollars"":""0.3800"",""taker_side"":""no"",""ticker"":""KXETH15M-26APR272200-00"",""trade_id"":""25d07680-5580-522c-6c6f-3054c11648a4"",""yes_price_dollars"":""0.6200""}"
KXETH15M-26APR272200-00,0f9134ec-8d3b-5f70-76da-45b598315207,1777341115,0.65,2.0,no,"{""count_fp"":""2.00"",""created_time"":""2026-04-28T01:51:55.048827Z"",""no_price_dollars"":""0.3500"",""taker_side"":""no"",""ticker"":""KXETH15M-26APR272200-00"",""trade_id"":""0f9134ec-8d3b-5f70-76da-45b598315207"",""yes_price_dollars"":""0.6500""}"
KXETH15M-26APR272200-00,ef9817d5-2868-7b4b-4991-715b17ebfc04,1777341118,0.67,7.29,yes,"{""count_fp"":""7.29"",""created_time"":""2026-04-28T01:51:58.183938Z"",""no_price_dollars"":""0.3300"",""taker_side"":""yes"",""ticker"":""KXETH15M-26APR272200-00"",""trade_id"":""ef9817d5-2868-7b4b-4991-715b17ebfc04"",""yes_price_dollars"":""0.6700""}"
KXETH15M-26APR272200-00,9e7b3326-0202-541b-353f-2efd7b2298af,1777341120,0.66,1.0,yes,"{""count_fp"":""1.00"",""created_time"":""2026-04-28T01:52:00.072928Z"",""no_price_dollars"":""0.3400"",""taker_side"":""yes"",""ticker"":""KXETH15M-26APR272200-00"",""trade_id"":""9e7b3326-0202-541b-353f-2efd7b2298af"",""yes_price_dollars"":""0.6600""}"
KXETH15M-26APR272200-00,69ffdc1e-ed39-79ba-48a1-c38752cf3eee,1777341129,0.61,3.0,yes,"{""count_fp"":""3.00"",""created_time"":""2026-04-28T01:52:09.020476Z"",""no_price_dollars"":""0.3900"",""taker_side"":""yes"",""ticker"":""KXETH15M-26APR272200-00"",""trade_id"":""69ffdc1e-ed39-79ba-48a1-c38752cf3eee"",""yes_price_dollars"":""0.6100""}"
KXETH15M-26APR272200-00,50754d96-1ecc-4cd6-31a4-22ba54c006f7,1777341132,0.63,4.72,yes,"{""count_fp"":""4.72"",""created_time"":""2026-04-28T01:52:12.256102Z"",""no_price_dollars"":""0.3700"",""taker_side"":""yes"",""ticker"":""KXETH15M-26APR272200-00"",""trade_id"":""50754d96-1ecc-4cd6-31a4-22ba54c006f7"",""yes_price_dollars"":""0.6300""}"
KXETH15M-26APR272200-00,48f14759-5b82-4fbf-0be3-3441eec41151,1777341132,0.62,0.28,yes,"{""count_fp"":""0.28"",""created_time"":""2026-04-28T01:52:12.256102Z"",""no_price_dollars"":""0.3800"",""taker_side"":""yes"",""ticker"":""KXETH15M-26APR272200-00"",""trade_id"":""48f14759-5b82-4fbf-0be3-3441eec41151"",""yes_price_dollars"":""0.6200""}"
KXETH15M-26APR272200-00,9762438e-999a-6827-dfce-b82ec68b2009,1777341132,0.62,3.0,yes,"{""count_fp"":""3.00"",""created_time"":""2026-04-28T01:52:12.254894Z"",""no_price_dollars"":""0.3800"",""taker_side"":""yes"",""ticker"":""KXETH15M-26APR272200-00"",""trade_id"":""9762438e-999a-6827-dfce-b82ec68b2009"",""yes_price_dollars"":""0.6200""}"
KXETH15M-26APR272200-00,341b1d7d-1566-6a56-d849-bdb7abff0f17,1777341132,0.62,10.0,yes,"{""count_fp"":""10.00"",""created_time"":""2026-04-28T01:52:12.254894Z"",""no_price_dollars"":""0.3800"",""taker_side"":""yes"",""ticker"":""KXETH15M-26APR272200-00"",""trade_id"":""341b1d7d-1566-6a56-d849-bdb7abff0f17"",""yes_price_dollars"":""0.6200""}"
KXETH15M-26APR272200-00,68122e96-8142-453e-01db-d8bab87a9559,1777341137,0.63,1.0,no,"{""count_fp"":""1.00"",""created_time"":""2026-04-28T01:52:17.880307Z"",""no_price_dollars"":""0.3700"",""taker_side"":""no"",""ticker"":""KXETH15M-26APR272200-00"",""trade_id"":""68122e96-8142-453e-01db-d8bab87a9559"",""yes_price_dollars"":""0.6300""}"
KXETH15M-26APR272200-00,817135f2-736a-5f7e-fb08-63e1b4c3b33d,1777341138,0.63,2.32,no,"{""count_fp"":""2.32"",""created_time"":""2026-04-28T01:52:18.464701Z"",""no_price_dollars"":""0.3700"",""taker_side"":""no"",""ticker"":""KXETH15M-26APR272200-00"",""trade_id"":""817135f2-736a-5f7e-fb08-63e1b4c3b33d"",""yes_price_dollars"":""0.6300""}"
KXETH15M-26APR272200-00,64a84bc6-ed81-6aad-7749-b8bc923c3819,1777341139,0.63,0.68,no,"{""count_fp"":""0.68"",""created_time"":""2026-04-28T01:52:19.541082Z"",""no_price_dollars"":""0.3700"",""taker_side"":""no"",""ticker"":""KXETH15M-26APR272200-00"",""trade_id"":""64a84bc6-ed81-6aad-7749-b8bc923c3819"",""yes_price_dollars"":""0.6300""}"
KXETH15M-26APR272200-00,97e6b44e-e945-6a99-7456-e78b37da7655,1777341139,0.63,9.32,no,"{""count_fp"":""9.32"",""created_time"":""2026-04-28T01:52:19.535502Z"",""no_price_dollars"":""0.3700"",""taker_side"":""no"",""ticker"":""KXETH15M-26APR272200-00"",""trade_id"":""97e6b44e-e945-6a99-7456-e78b37da7655"",""yes_price_dollars"":""0.6300""}"
KXETH15M-26APR272200-00,5f7eb5c5-6936-667a-6726-2ba93c946705,1777341139,0.63,21.68,no,"{""count_fp"":""21.68"",""created_time"":""2026-04-28T01:52:19.535502Z"",""no_price_dollars"":""0.3700"",""taker_side"":""no"",""ticker"":""KXETH15M-26APR272200-00"",""trade_id"":""5f7eb5c5-6936-667a-6726-2ba93c946705"",""yes_price_dollars"":""0.6300""}"
KXETH15M-26APR272200-00,a8e6228f-8fb9-591d-79bf-2ae3576cf968,1777341139,0.64,7.39,yes,"{""count_fp"":""7.39"",""created_time"":""2026-04-28T01:52:19.324522Z"",""no_price_dollars"":""0.3600"",""taker_side"":""yes"",""ticker"":""KXETH15M-26APR272200-00"",""trade_id"":""a8e6228f-8fb9-591d-79bf-2ae3576cf968"",""yes_price_dollars"":""0.6400""}"
KXETH15M-26APR272200-00,693a6f19-42d4-7035-3897-e0c539a04750,1777341140,0.6,5.0,no,"{""count_fp"":""5.00"",""created_time"":""2026-04-28T01:52:20.045119Z"",""no_price_dollars"":""0.4000"",""taker_side"":""no"",""ticker"":""KXETH15M-26APR272200-00"",""trade_id"":""693a6f19-42d4-7035-3897-e0c539a04750"",""yes_price_dollars"":""0.6000""}"
KXETH15M-26APR272200-00,571e2bfe-0f85-7945-378d-8f88e1304801,1777341140,0.6,10.0,no,"{""count_fp"":""10.00"",""created_time"":""2026-04-28T01:52:20.045119Z"",""no_price_dollars"":""0.4000"",""taker_side"":""no"",""ticker"":""KXETH15M-26APR272200-00"",""trade_id"":""571e2bfe-0f85-7945-378d-8f88e1304801"",""yes_price_dollars"":""0.6000""}"
KXETH15M-26APR272200-00,ec0a1266-37d2-4cff-c045-a353d8fb1df5,1777341146,0.52,3.0,no,"{""count_fp"":""3.00"",""created_time"":""2026-04-28T01:52:26.568885Z"",""no_price_dollars"":""0.4800"",""taker_side"":""no"",""ticker"":""KXETH15M-26APR272200-00"",""trade_id"":""ec0a1266-37d2-4cff-c045-a353d8fb1df5"",""yes_price_dollars"":""0.5200""}"
KXETH15M-26APR272200-00,2c6993e4-208f-5b1c-ea78-298b0e24d70f,1777341149,0.53,1.41,no,"{""count_fp"":""1.41"",""created_time"":""2026-04-28T01:52:29.884327Z"",""no_price_dollars"":""0.4700"",""taker_side"":""no"",""ticker"":""KXETH15M-26APR272200-00"",""trade_id"":""2c6993e4-208f-5b1c-ea78-298b0e24d70f"",""yes_price_dollars"":""0.5300""}"
KXETH15M-26APR272200-00,9e2641ab-cf95-6fc6-560f-f89858adc684,1777341160,0.51,10.0,yes,"{""count_fp"":""10.00"",""created_time"":""2026-04-28T01:52:40.611921Z"",""no_price_dollars"":""0.4900"",""taker_side"":""yes"",""ticker"":""KXETH15M-26APR272200-00"",""trade_id"":""9e2641ab-cf95-6fc6-560f-f89858adc684"",""yes_price_dollars"":""0.5100""}"
KXETH15M-26APR272200-00,fd63417b-4105-6410-2abd-f75d67798bdc,1777341161,0.54,5.0,yes,"{""count_fp"":""5.00"",""created_time"":""2026-04-28T01:52:41.779105Z"",""no_price_dollars"":""0.4600"",""taker_side"":""yes"",""ticker"":""KXETH15M-26APR272200-00"",""trade_id"":""fd63417b-4105-6410-2abd-f75d67798bdc"",""yes_price_dollars"":""0.5400""}"
KXETH15M-26APR272200-00,8e8be50c-fe8d-60b9-1341-052536997b4d,1777341161,0.54,5.0,yes,"{""count_fp"":""5.00"",""created_time"":""2026-04-28T01:52:41.779105Z"",""no_price_dollars"":""0.4600"",""taker_side"":""yes"",""ticker"":""KXETH15M-26APR272200-00"",""trade_id"":""8e8be50c-fe8d-60b9-1341-052536997b4d"",""yes_price_dollars"":""0.5400""}"
KXETH15M-26APR272200-00,a3ad92a7-41c8-7489-1b8b-1a693a94e094,1777341162,0.55,0.98,no,"{""count_fp"":""0.98"",""created_time"":""2026-04-28T01:52:42.996901Z"",""no_price_dollars"":""0.4500"",""taker_side"":""no"",""ticker"":""KXETH15M-26APR272200-00"",""trade_id"":""a3ad92a7-41c8-7489-1b8b-1a693a94e094"",""yes_price_dollars"":""0.5500""}"
KXETH15M-26APR272200-00,5dee6388-d378-4b70-9a6a-4088b41f0a7c,1777341166,0.55,0.53,no,"{""count_fp"":""0.53"",""created_time"":""2026-04-28T01:52:46.623664Z"",""no_price_dollars"":""0.4500"",""taker_side"":""no"",""ticker"":""KXETH15M-26APR272200-00"",""trade_id"":""5dee6388-d378-4b70-9a6a-4088b41f0a7c"",""yes_price_dollars"":""0.5500""}"
KXETH15M-26APR272200-00,c946ba00-86b0-4575-1b26-bb9d0a4f400f,1777341167,0.6,5.0,yes,"{""count_fp"":""5.00"",""created_time"":""2026-04-28T01:52:47.525561Z"",""no_price_dollars"":""0.4000"",""taker_side"":""yes"",""ticker"":""KXETH15M-26APR272200-00"",""trade_id"":""c946ba00-86b0-4575-1b26-bb9d0a4f400f"",""yes_price_dollars"":""0.6000""}"
KXETH15M-26APR272200-00,7238949c-6fd7-4bdb-28bf-45f64ff7e305,1777341167,0.6,10.0,yes,"{""count_fp"":""10.00"",""created_time"":""2026-04-28T01:52:47.525561Z"",""no_price_dollars"":""0.4000"",""taker_side"":""yes"",""ticker"":""KXETH15M-26APR272200-00"",""trade_id"":""7238949c-6fd7-4bdb-28bf-45f64ff7e305"",""yes_price_dollars"":""0.6000""}"
KXETH15M-26APR272200-00,1dc5e2ba-0514-6da5-4313-a4174df0d5f8,1777341167,0.58,5.0,yes,"{""count_fp"":""5.00"",""created_time"":""2026-04-28T01:52:47.033426Z"",""no_price_dollars"":""0.4200"",""taker_side"":""yes"",""ticker"":""KXETH15M-26APR272200-00"",""trade_id"":""1dc5e2ba-0514-6da5-4313-a4174df0d5f8"",""yes_price_dollars"":""0.5800""}"
KXETH15M-26APR272200-00,15b0bdfd-517c-6516-58f2-28ae6eb8fa4c,1777341167,0.56,1.0,yes,"{""count_fp"":""1.00"",""created_time"":""2026-04-28T01:52:47.033426Z"",""no_price_dollars"":""0.4400"",""taker_side"":""yes"",""ticker"":""KXETH15M-26APR272200-00"",""trade_id"":""15b0bdfd-517c-6516-58f2-28ae6eb8fa4c"",""yes_price_dollars"":""0.5600""}"
KXETH15M-26APR272200-00,e055595c-7843-779a-cc12-8f4ab18af6a0,1777341175,0.66,10.0,yes,"{""count_fp"":""10.00"",""created_time"":""2026-04-28T01:52:55.851001Z"",""no_price_dollars"":""0.3400"",""taker_side"":""yes"",""ticker"":""KXETH15M-26APR272200-00"",""trade_id"":""e055595c-7843-779a-cc12-8f4ab18af6a0"",""yes_price_dollars"":""0.6600""}"
KXETH15M-26APR272200-00,1fe8feff-d18c-7b3a-cff7-1dc0b493e46f,1777341175,0.67,18.84,yes,"{""count_fp"":""18.84"",""created_time"":""2026-04-28T01:52:55.851001Z"",""no_price_dollars"":""0.3300"",""taker_side"":""yes"",""ticker"":""KXETH15M-26APR272200-00"",""trade_id"":""1fe8feff-d18c-7b3a-cff7-1dc0b493e46f"",""yes_price_dollars"":""0.6700""}"
KXETH15M-26APR272200-00,0c36ed87-845a-465b-72ea-5722d0f9ad95,1777341177,0.61,10.0,no,"{""count_fp"":""10.00"",""created_time"":""2026-04-28T01:52:57.166485Z"",""no_price_dollars"":""0.3900"",""taker_side"":""no"",""ticker"":""KXETH15M-26APR272200-00"",""trade_id"":""0c36ed87-845a-465b-72ea-5722d0f9ad95"",""yes_price_dollars"":""0.6100""}"
KXETH15M-26APR272200-00,0cf15f7d-f6f8-551c-d9d1-13f153bdb2d4,1777341180,0.62,1.0,no,"{""count_fp"":""1.00"",""created_time"":""2026-04-28T01:53:00.686003Z"",""no_price_dollars"":""0.3800"",""taker_side"":""no"",""ticker"":""KXETH15M-26APR272200-00"",""trade_id"":""0cf15f7d-f6f8-551c-d9d1-13f153bdb2d4"",""yes_price_dollars"":""0.6200""}"
KXETH15M-26APR272200-00,7a820c89-f804-7a00-2d14-f9a2ab9d09c4,1777341183,0.63,1.0,no,"{""count_fp"":""1.00"",""created_time"":""2026-04-28T01:53:03.703241Z"",""no_price_dollars"":""0.3700"",""taker_side"":""no"",""ticker"":""KXETH15M-26APR272200-00"",""trade_id"":""7a820c89-f804-7a00-2d14-f9a2ab9d09c4"",""yes_price_dollars"":""0.6300""}"
KXETH15M-26APR272200-00,f9eaf953-c8ec-4de8-fe3b-0cda9203bbb0,1777341183,0.62,0.25,no,"{""count_fp"":""0.25"",""created_time"":""2026-04-28T01:53:03.387441Z"",""no_price_dollars"":""0.3800"",""taker_side"":""no"",""ticker"":""KXETH15M-26APR272200-00"",""trade_id"":""f9eaf953-c8ec-4de8-fe3b-0cda9203bbb0"",""yes_price_dollars"":""0.6200""}"
KXETH15M-26APR272200-00,159be7b5-4150-7b70-d261-b295cf74e99c,1777341185,0.65,5.0,no,"{""count_fp"":""5.00"",""created_time"":""2026-04-28T01:53:05.264835Z"",""no_price_dollars"":""0.3500"",""taker_side"":""no"",""ticker"":""KXETH15M-26APR272200-00"",""trade_id"":""159be7b5-4150-7b70-d261-b295cf74e99c"",""yes_price_dollars"":""0.6500""}"
KXETH15M-26APR272200-00,d358def5-e43e-685b-6527-2d15e5750e80,1777341194,0.56,10.0,no,"{""count_fp"":""10.00"",""created_time"":""2026-04-28T01:53:14.822182Z"",""no_price_dollars"":""0.4400"",""taker_side"":""no"",""ticker"":""KXETH15M-26APR272200-00"",""trade_id"":""d358def5-e43e-685b-6527-2d15e5750e80"",""yes_price_dollars"":""0.5600""}"
KXETH15M-26APR272200-00,5aa939f4-c704-6841-46eb-a8957fa98d84,1777341194,0.56,15.0,no,"{""count_fp"":""15.00"",""created_time"":""2026-04-28T01:53:14.822182Z"",""no_price_dollars"":""0.4400"",""taker_side"":""no"",""ticker"":""KXETH15M-26APR272200-00"",""trade_id"":""5aa939f4-c704-6841-46eb-a8957fa98d84"",""yes_price_dollars"":""0.5600""}"
KXETH15M-26APR272200-00,17ffe1af-6f9d-73cd-9297-8237f783daac,1777341195,0.56,7.97,yes,"{""count_fp"":""7.97"",""created_time"":""2026-04-28T01:53:15.113199Z"",""no_price_dollars"":""0.4400"",""taker_side"":""yes"",""ticker"":""KXETH15M-26APR272200-00"",""trade_id"":""17ffe1af-6f9d-73cd-9297-8237f783daac"",""yes_price_dollars"":""0.5600""}"
KXETH15M-26APR272200-00,87fbd79c-0406-53eb-f7bb-33435b238feb,1777341200,0.56,10.0,yes,"{""count_fp"":""10.00"",""created_time"":""2026-04-28T01:53:20.701733Z"",""no_price_dollars"":""0.4400"",""taker_side"":""yes"",""ticker"":""KXETH15M-26APR272200-00"",""trade_id"":""87fbd79c-0406-53eb-f7bb-33435b238feb"",""yes_price_dollars"":""0.5600""}"
KXETH15M-26APR272200-00,4b1b0f7c-ca1e-5ba9-f8ba-ecf7d6e68385,1777341200,0.55,10.0,yes,"{""count_fp"":""10.00"",""created_time"":""2026-04-28T01:53:20.701733Z"",""no_price_dollars"":""0.4500"",""taker_side"":""yes"",""ticker"":""KXETH15M-26APR272200-00"",""trade_id"":""4b1b0f7c-ca1e-5ba9-f8ba-ecf7d6e68385"",""yes_price_dollars"":""0.5500""}"
KXETH15M-26APR272200-00,a134a856-289a-68c3-f9d3-4ff8cb2d9deb,1777341202,0.56,5.0,yes,"{""count_fp"":""5.00"",""created_time"":""2026-04-28T01:53:22.842675Z"",""no_price_dollars"":""0.4400"",""taker_side"":""yes"",""ticker"":""KXETH15M-26APR272200-00"",""trade_id"":""a134a856-289a-68c3-f9d3-4ff8cb2d9deb"",""yes_price_dollars"":""0.5600""}"
KXETH15M-26APR272200-00,16a66d05-6ad7-743c-83ab-5a02933b0d89,1777341203,0.6,10.0,yes,"{""count_fp"":""10.00"",""created_time"":""2026-04-28T01:53:23.973615Z"",""no_price_dollars"":""0.4000"",""taker_side"":""yes"",""ticker"":""KXETH15M-26APR272200-00"",""trade_id"":""16a66d05-6ad7-743c-83ab-5a02933b0d89"",""yes_price_dollars"":""0.6000""}"
KXETH15M-26APR272200-00,eaf0dd75-2fec-563e-71d3-c9c68a1633c7,1777341203,0.62,107.11,yes,"{""count_fp"":""107.11"",""created_time"":""2026-04-28T01:53:23.320301Z"",""no_price_dollars"":""0.3800"",""taker_side"":""yes"",""ticker"":""KXETH15M-26APR272200-00"",""trade_id"":""eaf0dd75-2fec-563e-71d3-c9c68a1633c7"",""yes_price_dollars"":""0.6200""}"
KXETH15M-26APR272200-00,e9acf756-d5fd-5d95-4884-e26a514a9ab8,1777341203,0.61,100.0,yes,"{""count_fp"":""100.00"",""created_time"":""2026-04-28T01:53:23.320301Z"",""no_price_dollars"":""0.3900"",""taker_side"":""yes"",""ticker"":""KXETH15M-26APR272200-00"",""trade_id"":""e9acf756-d5fd-5d95-4884-e26a514a9ab8"",""yes_price_dollars"":""0.6100""}"
KXETH15M-26APR272200-00,7d703a54-b92e-5a07-7ec2-70c2af62e6bb,1777341203,0.61,50.0,yes,"{""count_fp"":""50.00"",""created_time"":""2026-04-28T01:53:23.320301Z"",""no_price_dollars"":""0.3900"",""taker_side"":""yes"",""ticker"":""KXETH15M-26APR272200-00"",""trade_id"":""7d703a54-b92e-5a07-7ec2-70c2af62e6bb"",""yes_price_dollars"":""0.6100""}"
KXETH15M-26APR272200-00,daf58ffd-c781-73bc-53a6-69221d6f86f6,1777341204,0.59,36.66,no,"{""count_fp"":""36.66"",""created_time"":""2026-04-28T01:53:24.490006Z"",""no_price_dollars"":""0.4100"",""taker_side"":""no"",""ticker"":""KXETH15M-26APR272200-00"",""trade_id"":""daf58ffd-c781-73bc-53a6-69221d6f86f6"",""yes_price_dollars"":""0.5900""}"
KXETH15M-26APR272200-00,d9bbc47b-ef3f-7d63-5236-756c278e0043,1777341204,0.6,5.0,no,"{""count_fp"":""5.00"",""created_time"":""2026-04-28T01:53:24.490006Z"",""no_price_dollars"":""0.4000"",""taker_side"":""no"",""ticker"":""KXETH15M-26APR272200-00"",""trade_id"":""d9bbc47b-ef3f-7d63-5236-756c278e0043"",""yes_price_dollars"":""0.6000""}"
KXETH15M-26APR272200-00,9f16b504-943e-579e-a157-5754dbd54255,1777341206,0.64,10.0,yes,"{""count_fp"":""10.00"",""created_time"":""2026-04-28T01:53:26.056595Z"",""no_price_dollars"":""0.3600"",""taker_side"":""yes"",""ticker"":""KXETH15M-26APR272200-00"",""trade_id"":""9f16b504-943e-579e-a157-5754dbd54255"",""yes_price_dollars"":""0.6400""}"
KXETH15M-26APR272200-00,891876a6-2a5d-5140-8593-92e9440e2340,1777341206,0.64,5.0,yes,"{""count_fp"":""5.00"",""created_time"":""2026-04-28T01:53:26.056595Z"",""no_price_dollars"":""0.3600"",""taker_side"":""yes"",""ticker"":""KXETH15M-26APR272200-00"",""trade_id"":""891876a6-2a5d-5140-8593-92e9440e2340"",""yes_price_dollars"":""0.6400""}"
KXETH15M-26APR272200-00,45545715-143d-67a4-9c0a-b48efd94c9f6,1777341207,0.62,25.22,no,"{""count_fp"":""25.22"",""created_time"":""2026-04-28T01:53:27.886886Z"",""no_price_dollars"":""0.3800"",""taker_side"":""no"",""ticker"":""KXETH15M-26APR272200-00"",""trade_id"":""45545715-143d-67a4-9c0a-b48efd94c9f6"",""yes_price_dollars"":""0.6200""}"
KXETH15M-26APR272200-00,ea4e88a9-d679-4268-ee59-0d92b3ccc4da,1777341211,0.57,158.0,no,"{""count_fp"":""158.00"",""created_time"":""2026-04-28T01:53:31.934271Z"",""no_price_dollars"":""0.4300"",""taker_side"":""no"",""ticker"":""KXETH15M-26APR272200-00"",""trade_id"":""ea4e88a9-d679-4268-ee59-0d92b3ccc4da"",""yes_price_dollars"":""0.5700""}"
KXETH15M-26APR272200-00,b99511ab-ca08-6a9e-a6d9-e62ba16065ee,1777341211,0.6,5.0,no,"{""count_fp"":""5.00"",""created_time"":""2026-04-28T01:53:31.845458Z"",""no_price_dollars"":""0.4000"",""taker_side"":""no"",""ticker"":""KXETH15M-26APR272200-00"",""trade_id"":""b99511ab-ca08-6a9e-a6d9-e62ba16065ee"",""yes_price_dollars"":""0.6000""}"
KXETH15M-26APR272200-00,9fa3e842-af1a-65ae-ab46-41b8350592ca,1777341211,0.6,10.0,no,"{""count_fp"":""10.00"",""created_time"":""2026-04-28T01:53:31.845458Z"",""no_price_dollars"":""0.4000"",""taker_side"":""no"",""ticker"":""KXETH15M-26APR272200-00"",""trade_id"":""9fa3e842-af1a-65ae-ab46-41b8350592ca"",""yes_price_dollars"":""0.6000""}"
KXETH15M-26APR272200-00,38d82a85-ef25-6d18-bfb9-9454873284dd,1777341211,0.6,10.0,no,"{""count_fp"":""10.00"",""created_time"":""2026-04-28T01:53:31.845458Z"",""no_price_dollars"":""0.4000"",""taker_side"":""no"",""ticker"":""KXETH15M-26APR272200-00"",""trade_id"":""38d82a85-ef25-6d18-bfb9-9454873284dd"",""yes_price_dollars"":""0.6000""}"
KXETH15M-26APR272200-00,006895f4-4928-641d-b652-827676653dec,1777341211,0.58,100.0,no,"{""count_fp"":""100.00"",""created_time"":""2026-04-28T01:53:31.845458Z"",""no_price_dollars"":""0.4200"",""taker_side"":""no"",""ticker"":""KXETH15M-26APR272200-00"",""trade_id"":""006895f4-4928-641d-b652-827676653dec"",""yes_price_dollars"":""0.5800""}"
KXETH15M-26APR272200-00,17a2fd51-b334-60c2-06be-dc8c8853573b,1777341212,0.59,36.0,yes,"{""count_fp"":""36.00"",""created_time"":""2026-04-28T01:53:32.725906Z"",""no_price_dollars"":""0.4100"",""taker_side"":""yes"",""ticker"":""KXETH15M-26APR272200-00"",""trade_id"":""17a2fd51-b334-60c2-06be-dc8c8853573b"",""yes_price_dollars"":""0.5900""}"
KXETH15M-26APR272200-00,ce116f02-b79d-47ee-2cb6-3bdb010474de,1777341216,0.57,0.44,yes,"{""count_fp"":""0.44"",""created_time"":""2026-04-28T01:53:36.804837Z"",""no_price_dollars"":""0.4300"",""taker_side"":""yes"",""ticker"":""KXETH15M-26APR272200-00"",""trade_id"":""ce116f02-b79d-47ee-2cb6-3bdb010474de"",""yes_price_dollars"":""0.5700""}"
KXETH15M-26APR272200-00,901908d7-eee9-6316-c413-11a6fc013cfa,1777341216,0.57,1.0,yes,"{""count_fp"":""1.00"",""created_time"":""2026-04-28T01:53:36.652181Z"",""no_price_dollars"":""0.4300"",""taker_side"":""yes"",""ticker"":""KXETH15M-26APR272200-00"",""trade_id"":""901908d7-eee9-6316-c413-11a6fc013cfa"",""yes_price_dollars"":""0.5700""}"
KXETH15M-26APR272200-00,d749d417-3ec6-75aa-7563-a239b76f4b92,1777341216,0.55,10.0,no,"{""count_fp"":""10.00"",""created_time"":""2026-04-28T01:53:36.469937Z"",""no_price_dollars"":""0.4500"",""taker_side"":""no"",""ticker"":""KXETH15M-26APR272200-00"",""trade_id"":""d749d417-3ec6-75aa-7563-a239b76f4b92"",""yes_price_dollars"":""0.5500""}"
KXETH15M-26APR272200-00,c981eb37-428c-7e92-7f99-0488f4256289,1777341216,0.52,1.86,no,"{""count_fp"":""1.86"",""created_time"":""2026-04-28T01:53:36.469937Z"",""no_price_dollars"":""0.4800"",""taker_side"":""no"",""ticker"":""KXETH15M-26APR272200-00"",""trade_id"":""c981eb37-428c-7e92-7f99-0488f4256289"",""yes_price_dollars"":""0.5200""}"
KXETH15M-26APR272200-00,6583632b-255d-7c01-4b8b-f664d9bc18cb,1777341216,0.54,5.0,no,"{""count_fp"":""5.00"",""created_time"":""2026-04-28T01:53:36.469937Z"",""no_price_dollars"":""0.4600"",""taker_side"":""no"",""ticker"":""KXETH15M-26APR272200-00"",""trade_id"":""6583632b-255d-7c01-4b8b-f664d9bc18cb"",""yes_price_dollars"":""0.5400""}"
