ticker,trade_id,ts,yes_price,count,taker_side,raw_json
KXETH15M-26APR272045-45,daf67da0-9856-7e02-e679-560fe5477249,1777336220,0.53,10.0,yes,"{""count_fp"":""10.00"",""created_time"":""2026-04-28T00:30:20.858256Z"",""no_price_dollars"":""0.4700"",""taker_side"":""yes"",""ticker"":""KXETH15M-26APR272045-45"",""trade_id"":""daf67da0-9856-7e02-e679-560fe5477249"",""yes_price_dollars"":""0.5300""}"
KXETH15M-26APR272045-45,2c6c98bb-8bfb-7cee-c3ef-4844f4c62769,1777336220,0.54,7.62,yes,"{""count_fp"":""7.62"",""created_time"":""2026-04-28T00:30:20.858256Z"",""no_price_dollars"":""0.4600"",""taker_side"":""yes"",""ticker"":""KXETH15M-26APR272045-45"",""trade_id"":""2c6c98bb-8bfb-7cee-c3ef-4844f4c62769"",""yes_price_dollars"":""0.5400""}"
KXETH15M-26APR272045-45,07739543-9981-45b1-e3c4-1b2303d2e106,1777336221,0.51,40.0,no,"{""count_fp"":""40.00"",""created_time"":""2026-04-28T00:30:21.003232Z"",""no_price_dollars"":""0.4900"",""taker_side"":""no"",""ticker"":""KXETH15M-26APR272045-45"",""trade_id"":""07739543-9981-45b1-e3c4-1b2303d2e106"",""yes_price_dollars"":""0.5100""}"
KXETH15M-26APR272045-45,c188b841-204b-4198-b517-786d0a67054e,1777336229,0.55,17.62,yes,"{""count_fp"":""17.62"",""created_time"":""2026-04-28T00:30:29.184825Z"",""no_price_dollars"":""0.4500"",""taker_side"":""yes"",""ticker"":""KXETH15M-26APR272045-45"",""trade_id"":""c188b841-204b-4198-b517-786d0a67054e"",""yes_price_dollars"":""0.5500""}"
KXETH15M-26APR272045-45,5673a040-d521-4489-20e6-1f3fb2170fc2,1777336245,0.49,11.0,no,"{""count_fp"":""11.00"",""created_time"":""2026-04-28T00:30:45.662949Z"",""no_price_dollars"":""0.5100"",""taker_side"":""no"",""ticker"":""KXETH15M-26APR272045-45"",""trade_id"":""5673a040-d521-4489-20e6-1f3fb2170fc2"",""yes_price_dollars"":""0.4900""}"
KXETH15M-26APR272045-45,2bcfa9e1-5a3e-4c32-11a4-895a114ef560,1777336245,0.49,39.0,no,"{""count_fp"":""39.00"",""created_time"":""2026-04-28T00:30:45.662949Z"",""no_price_dollars"":""0.5100"",""taker_side"":""no"",""ticker"":""KXETH15M-26APR272045-45"",""trade_id"":""2bcfa9e1-5a3e-4c32-11a4-895a114ef560"",""yes_price_dollars"":""0.4900""}"
KXETH15M-26APR272045-45,f6b3a089-c85a-606a-c2aa-ab7ed0ab4640,1777336245,0.49,1.0,no,"{""count_fp"":""1.00"",""created_time"":""2026-04-28T00:30:45.453177Z"",""no_price_dollars"":""0.5100"",""taker_side"":""no"",""ticker"":""KXETH15M-26APR272045-45"",""trade_id"":""f6b3a089-c85a-606a-c2aa-ab7ed0ab4640"",""yes_price_dollars"":""0.4900""}"
KXETH15M-26APR272045-45,ede494f1-ee53-5c18-cf0d-ca26a288c812,1777336245,0.5,12.52,yes,"{""count_fp"":""12.52"",""created_time"":""2026-04-28T00:30:45.069716Z"",""no_price_dollars"":""0.5000"",""taker_side"":""yes"",""ticker"":""KXETH15M-26APR272045-45"",""trade_id"":""ede494f1-ee53-5c18-cf0d-ca26a288c812"",""yes_price_dollars"":""0.5000""}"
KXETH15M-26APR272045-45,44417150-c15a-557a-e507-15579d1543a1,1777336245,0.5,1.0,yes,"{""count_fp"":""1.00"",""created_time"":""2026-04-28T00:30:45.069716Z"",""no_price_dollars"":""0.5000"",""taker_side"":""yes"",""ticker"":""KXETH15M-26APR272045-45"",""trade_id"":""44417150-c15a-557a-e507-15579d1543a1"",""yes_price_dollars"":""0.5000""}"
KXETH15M-26APR272045-45,708b1578-6ea6-6064-d631-55e5a53b732a,1777336250,0.5,9.66,yes,"{""count_fp"":""9.66"",""created_time"":""2026-04-28T00:30:50.401054Z"",""no_price_dollars"":""0.5000"",""taker_side"":""yes"",""ticker"":""KXETH15M-26APR272045-45"",""trade_id"":""708b1578-6ea6-6064-d631-55e5a53b732a"",""yes_price_dollars"":""0.5000""}"
KXETH15M-26APR272045-45,24a66824-ce07-6f5f-df48-0f7d4463904b,1777336251,0.47,9.09,no,"{""count_fp"":""9.09"",""created_time"":""2026-04-28T00:30:51.957403Z"",""no_price_dollars"":""0.5300"",""taker_side"":""no"",""ticker"":""KXETH15M-26APR272045-45"",""trade_id"":""24a66824-ce07-6f5f-df48-0f7d4463904b"",""yes_price_dollars"":""0.4700""}"
KXETH15M-26APR272045-45,c023b05b-48cc-4960-6548-3c8829d15612,1777336257,0.49,1.0,yes,"{""count_fp"":""1.00"",""created_time"":""2026-04-28T00:30:57.646628Z"",""no_price_dollars"":""0.5100"",""taker_side"":""yes"",""ticker"":""KXETH15M-26APR272045-45"",""trade_id"":""c023b05b-48cc-4960-6548-3c8829d15612"",""yes_price_dollars"":""0.4900""}"
KXETH15M-26APR272045-45,27c80ae2-6783-459d-5cb6-cbe2c54dfd47,1777336257,0.5,10.0,yes,"{""count_fp"":""10.00"",""created_time"":""2026-04-28T00:30:57.646628Z"",""no_price_dollars"":""0.5000"",""taker_side"":""yes"",""ticker"":""KXETH15M-26APR272045-45"",""trade_id"":""27c80ae2-6783-459d-5cb6-cbe2c54dfd47"",""yes_price_dollars"":""0.5000""}"
KXETH15M-26APR272045-45,9635e496-9c95-7695-5854-7d51d2cb1c78,1777336265,0.5,4.0,yes,"{""count_fp"":""4.00"",""created_time"":""2026-04-28T00:31:05.857893Z"",""no_price_dollars"":""0.5000"",""taker_side"":""yes"",""ticker"":""KXETH15M-26APR272045-45"",""trade_id"":""9635e496-9c95-7695-5854-7d51d2cb1c78"",""yes_price_dollars"":""0.5000""}"
KXETH15M-26APR272045-45,81f97c45-dbed-5159-3a17-de87a26e9b6a,1777336267,0.49,4.0,no,"{""count_fp"":""4.00"",""created_time"":""2026-04-28T00:31:07.242405Z"",""no_price_dollars"":""0.5100"",""taker_side"":""no"",""ticker"":""KXETH15M-26APR272045-45"",""trade_id"":""81f97c45-dbed-5159-3a17-de87a26e9b6a"",""yes_price_dollars"":""0.4900""}"
KXETH15M-26APR272045-45,17a31d9f-a45e-5342-3de2-7a0de52c668d,1777336267,0.49,1.0,no,"{""count_fp"":""1.00"",""created_time"":""2026-04-28T00:31:07.242405Z"",""no_price_dollars"":""0.5100"",""taker_side"":""no"",""ticker"":""KXETH15M-26APR272045-45"",""trade_id"":""17a31d9f-a45e-5342-3de2-7a0de52c668d"",""yes_price_dollars"":""0.4900""}"
KXETH15M-26APR272045-45,57db1ef6-6eed-4191-917a-daad92328a4a,1777336268,0.5,10.0,no,"{""count_fp"":""10.00"",""created_time"":""2026-04-28T00:31:08.048029Z"",""no_price_dollars"":""0.5000"",""taker_side"":""no"",""ticker"":""KXETH15M-26APR272045-45"",""trade_id"":""57db1ef6-6eed-4191-917a-daad92328a4a"",""yes_price_dollars"":""0.5000""}"
KXETH15M-26APR272045-45,29e637c6-6719-6da1-81b3-1c0af92f40c6,1777336272,0.5,13.52,no,"{""count_fp"":""13.52"",""created_time"":""2026-04-28T00:31:12.808305Z"",""no_price_dollars"":""0.5000"",""taker_side"":""no"",""ticker"":""KXETH15M-26APR272045-45"",""trade_id"":""29e637c6-6719-6da1-81b3-1c0af92f40c6"",""yes_price_dollars"":""0.5000""}"
KXETH15M-26APR272045-45,a0733259-3d6f-70e6-7074-231bba81c4bd,1777336276,0.56,52.38,yes,"{""count_fp"":""52.38"",""created_time"":""2026-04-28T00:31:16.360519Z"",""no_price_dollars"":""0.4400"",""taker_side"":""yes"",""ticker"":""KXETH15M-26APR272045-45"",""trade_id"":""a0733259-3d6f-70e6-7074-231bba81c4bd"",""yes_price_dollars"":""0.5600""}"
KXETH15M-26APR272045-45,53016cc2-9610-7813-6d14-4e22f5fef625,1777336276,0.56,24.39,yes,"{""count_fp"":""24.39"",""created_time"":""2026-04-28T00:31:16.360519Z"",""no_price_dollars"":""0.4400"",""taker_side"":""yes"",""ticker"":""KXETH15M-26APR272045-45"",""trade_id"":""53016cc2-9610-7813-6d14-4e22f5fef625"",""yes_price_dollars"":""0.5600""}"
KXETH15M-26APR272045-45,26b43428-38e8-7e6e-5b6d-206926a46d8b,1777336276,0.55,10.0,yes,"{""count_fp"":""10.00"",""created_time"":""2026-04-28T00:31:16.360519Z"",""no_price_dollars"":""0.4500"",""taker_side"":""yes"",""ticker"":""KXETH15M-26APR272045-45"",""trade_id"":""26b43428-38e8-7e6e-5b6d-206926a46d8b"",""yes_price_dollars"":""0.5500""}"
KXETH15M-26APR272045-45,5629c045-e811-6391-e2c5-d316a1c0cd32,1777336278,0.54,1.0,no,"{""count_fp"":""1.00"",""created_time"":""2026-04-28T00:31:18.705043Z"",""no_price_dollars"":""0.4600"",""taker_side"":""no"",""ticker"":""KXETH15M-26APR272045-45"",""trade_id"":""5629c045-e811-6391-e2c5-d316a1c0cd32"",""yes_price_dollars"":""0.5400""}"
KXETH15M-26APR272045-45,8a86db79-6285-6879-0185-45f688d33ff6,1777336279,0.54,1.0,no,"{""count_fp"":""1.00"",""created_time"":""2026-04-28T00:31:19.919973Z"",""no_price_dollars"":""0.4600"",""taker_side"":""no"",""ticker"":""KXETH15M-26APR272045-45"",""trade_id"":""8a86db79-6285-6879-0185-45f688d33ff6"",""yes_price_dollars"":""0.5400""}"
KXETH15M-26APR272045-45,ab5509f0-011a-57b4-d459-28a8f53791e2,1777336279,0.56,3.46,yes,"{""count_fp"":""3.46"",""created_time"":""2026-04-28T00:31:19.455551Z"",""no_price_dollars"":""0.4400"",""taker_side"":""yes"",""ticker"":""KXETH15M-26APR272045-45"",""trade_id"":""ab5509f0-011a-57b4-d459-28a8f53791e2"",""yes_price_dollars"":""0.5600""}"
KXETH15M-26APR272045-45,20cc789c-7cbb-6ca4-9d3c-261a81c01922,1777336280,0.56,77.95,yes,"{""count_fp"":""77.95"",""created_time"":""2026-04-28T00:31:20.990494Z"",""no_price_dollars"":""0.4400"",""taker_side"":""yes"",""ticker"":""KXETH15M-26APR272045-45"",""trade_id"":""20cc789c-7cbb-6ca4-9d3c-261a81c01922"",""yes_price_dollars"":""0.5600""}"
KXETH15M-26APR272045-45,61a7b39e-0302-5827-c5fa-2da8dfbf1c20,1777336282,0.56,17.32,yes,"{""count_fp"":""17.32"",""created_time"":""2026-04-28T00:31:22.013507Z"",""no_price_dollars"":""0.4400"",""taker_side"":""yes"",""ticker"":""KXETH15M-26APR272045-45"",""trade_id"":""61a7b39e-0302-5827-c5fa-2da8dfbf1c20"",""yes_price_dollars"":""0.5600""}"
KXETH15M-26APR272045-45,f1c46f51-bdb9-7819-7901-f60a62a27392,1777336283,0.54,367.14,no,"{""count_fp"":""367.14"",""created_time"":""2026-04-28T00:31:23.681872Z"",""no_price_dollars"":""0.4600"",""taker_side"":""no"",""ticker"":""KXETH15M-26APR272045-45"",""trade_id"":""f1c46f51-bdb9-7819-7901-f60a62a27392"",""yes_price_dollars"":""0.5400""}"
KXETH15M-26APR272045-45,46dcc8f7-85cd-7835-bb8a-9a98139f6876,1777336284,0.54,2.08,no,"{""count_fp"":""2.08"",""created_time"":""2026-04-28T00:31:24.125645Z"",""no_price_dollars"":""0.4600"",""taker_side"":""no"",""ticker"":""KXETH15M-26APR272045-45"",""trade_id"":""46dcc8f7-85cd-7835-bb8a-9a98139f6876"",""yes_price_dollars"":""0.5400""}"
KXETH15M-26APR272045-45,fb903e40-df31-6771-1814-c69981c60e6e,1777336286,0.54,1.04,no,"{""count_fp"":""1.04"",""created_time"":""2026-04-28T00:31:26.631219Z"",""no_price_dollars"":""0.4600"",""taker_side"":""no"",""ticker"":""KXETH15M-26APR272045-45"",""trade_id"":""fb903e40-df31-6771-1814-c69981c60e6e"",""yes_price_dollars"":""0.5400""}"
KXETH15M-26APR272045-45,39f51200-21cc-7717-b2b5-8d7e4e369523,1777336286,0.56,3.46,yes,"{""count_fp"":""3.46"",""created_time"":""2026-04-28T00:31:26.566522Z"",""no_price_dollars"":""0.4400"",""taker_side"":""yes"",""ticker"":""KXETH15M-26APR272045-45"",""trade_id"":""39f51200-21cc-7717-b2b5-8d7e4e369523"",""yes_price_dollars"":""0.5600""}"
KXETH15M-26APR272045-45,a02e2f99-334a-547b-c4dc-dc6b349f84e8,1777336288,0.58,1.66,yes,"{""count_fp"":""1.66"",""created_time"":""2026-04-28T00:31:28.395888Z"",""no_price_dollars"":""0.4200"",""taker_side"":""yes"",""ticker"":""KXETH15M-26APR272045-45"",""trade_id"":""a02e2f99-334a-547b-c4dc-dc6b349f84e8"",""yes_price_dollars"":""0.5800""}"
KXETH15M-26APR272045-45,88f205cb-60ff-4d46-e766-0d8964661830,1777336290,0.58,8.0,yes,"{""count_fp"":""8.00"",""created_time"":""2026-04-28T00:31:30.550308Z"",""no_price_dollars"":""0.4200"",""taker_side"":""yes"",""ticker"":""KXETH15M-26APR272045-45"",""trade_id"":""88f205cb-60ff-4d46-e766-0d8964661830"",""yes_price_dollars"":""0.5800""}"
KXETH15M-26APR272045-45,85f15f0f-8c1b-6e24-e80c-b0aa47183c9f,1777336293,0.56,1.0,no,"{""count_fp"":""1.00"",""created_time"":""2026-04-28T00:31:33.592044Z"",""no_price_dollars"":""0.4400"",""taker_side"":""no"",""ticker"":""KXETH15M-26APR272045-45"",""trade_id"":""85f15f0f-8c1b-6e24-e80c-b0aa47183c9f"",""yes_price_dollars"":""0.5600""}"
KXETH15M-26APR272045-45,4e2823e5-80e7-6e70-e955-99d3bac865ff,1777336293,0.56,10.0,no,"{""count_fp"":""10.00"",""created_time"":""2026-04-28T00:31:33.592044Z"",""no_price_dollars"":""0.4400"",""taker_side"":""no"",""ticker"":""KXETH15M-26APR272045-45"",""trade_id"":""4e2823e5-80e7-6e70-e955-99d3bac865ff"",""yes_price_dollars"":""0.5600""}"
KXETH15M-26APR272045-45,2c9ad952-336d-62b1-d0fe-78cdc36f6a92,1777336293,0.56,31.14,no,"{""count_fp"":""31.14"",""created_time"":""2026-04-28T00:31:33.592044Z"",""no_price_dollars"":""0.4400"",""taker_side"":""no"",""ticker"":""KXETH15M-26APR272045-45"",""trade_id"":""2c9ad952-336d-62b1-d0fe-78cdc36f6a92"",""yes_price_dollars"":""0.5600""}"
KXETH15M-26APR272045-45,eaf4ebba-9c88-560b-fe1c-902eb191995e,1777336295,0.59,3.0,yes,"{""count_fp"":""3.00"",""created_time"":""2026-04-28T00:31:35.288158Z"",""no_price_dollars"":""0.4100"",""taker_side"":""yes"",""ticker"":""KXETH15M-26APR272045-45"",""trade_id"":""eaf4ebba-9c88-560b-fe1c-902eb191995e"",""yes_price_dollars"":""0.5900""}"
KXETH15M-26APR272045-45,e5766a88-397d-45a3-05ba-67205a5a387b,1777336297,0.61,15.95,yes,"{""count_fp"":""15.95"",""created_time"":""2026-04-28T00:31:37.268629Z"",""no_price_dollars"":""0.3900"",""taker_side"":""yes"",""ticker"":""KXETH15M-26APR272045-45"",""trade_id"":""e5766a88-397d-45a3-05ba-67205a5a387b"",""yes_price_dollars"":""0.6100""}"
KXETH15M-26APR272045-45,643b941c-7768-6f92-cb5b-4f75cb1b3a0b,1777336298,0.6,3.19,yes,"{""count_fp"":""3.19"",""created_time"":""2026-04-28T00:31:38.703601Z"",""no_price_dollars"":""0.4000"",""taker_side"":""yes"",""ticker"":""KXETH15M-26APR272045-45"",""trade_id"":""643b941c-7768-6f92-cb5b-4f75cb1b3a0b"",""yes_price_dollars"":""0.6000""}"
KXETH15M-26APR272045-45,306453ce-b74b-5e53-35ae-8ea187117454,1777336306,0.63,1.0,yes,"{""count_fp"":""1.00"",""created_time"":""2026-04-28T00:31:46.665959Z"",""no_price_dollars"":""0.3700"",""taker_side"":""yes"",""ticker"":""KXETH15M-26APR272045-45"",""trade_id"":""306453ce-b74b-5e53-35ae-8ea187117454"",""yes_price_dollars"":""0.6300""}"
KXETH15M-26APR272045-45,837abdeb-ccc9-4175-6a13-81fbc333afe3,1777336311,0.65,22.52,yes,"{""count_fp"":""22.52"",""created_time"":""2026-04-28T00:31:51.920863Z"",""no_price_dollars"":""0.3500"",""taker_side"":""yes"",""ticker"":""KXETH15M-26APR272045-45"",""trade_id"":""837abdeb-ccc9-4175-6a13-81fbc333afe3"",""yes_price_dollars"":""0.6500""}"
KXETH15M-26APR272045-45,60cc9511-7771-5b01-b117-9dfd93482eaf,1777336311,0.65,3.0,yes,"{""count_fp"":""3.00"",""created_time"":""2026-04-28T00:31:51.029464Z"",""no_price_dollars"":""0.3500"",""taker_side"":""yes"",""ticker"":""KXETH15M-26APR272045-45"",""trade_id"":""60cc9511-7771-5b01-b117-9dfd93482eaf"",""yes_price_dollars"":""0.6500""}"
KXETH15M-26APR272045-45,9ded3caf-dfe1-4a0d-413d-520ef9f53e63,1777336312,0.65,3.0,yes,"{""count_fp"":""3.00"",""created_time"":""2026-04-28T00:31:52.458613Z"",""no_price_dollars"":""0.3500"",""taker_side"":""yes"",""ticker"":""KXETH15M-26APR272045-45"",""trade_id"":""9ded3caf-dfe1-4a0d-413d-520ef9f53e63"",""yes_price_dollars"":""0.6500""}"
KXETH15M-26APR272045-45,b78cf4d1-715d-7bcd-f96b-b31712d9bcce,1777336313,0.63,17.62,no,"{""count_fp"":""17.62"",""created_time"":""2026-04-28T00:31:53.784845Z"",""no_price_dollars"":""0.3700"",""taker_side"":""no"",""ticker"":""KXETH15M-26APR272045-45"",""trade_id"":""b78cf4d1-715d-7bcd-f96b-b31712d9bcce"",""yes_price_dollars"":""0.6300""}"
KXETH15M-26APR272045-45,e5aa095e-71ad-77ed-765e-9813a1eea6ff,1777336314,0.65,37.54,yes,"{""count_fp"":""37.54"",""created_time"":""2026-04-28T00:31:54.830908Z"",""no_price_dollars"":""0.3500"",""taker_side"":""yes"",""ticker"":""KXETH15M-26APR272045-45"",""trade_id"":""e5aa095e-71ad-77ed-765e-9813a1eea6ff"",""yes_price_dollars"":""0.6500""}"
KXETH15M-26APR272045-45,7a469400-9585-4e6d-c3cf-64645d3ecbde,1777336314,0.63,2.58,no,"{""count_fp"":""2.58"",""created_time"":""2026-04-28T00:31:54.280533Z"",""no_price_dollars"":""0.3700"",""taker_side"":""no"",""ticker"":""KXETH15M-26APR272045-45"",""trade_id"":""7a469400-9585-4e6d-c3cf-64645d3ecbde"",""yes_price_dollars"":""0.6300""}"
KXETH15M-26APR272045-45,62d22b46-283a-691c-f95e-1835b49b810e,1777336315,0.64,5.0,yes,"{""count_fp"":""5.00"",""created_time"":""2026-04-28T00:31:55.724319Z"",""no_price_dollars"":""0.3600"",""taker_side"":""yes"",""ticker"":""KXETH15M-26APR272045-45"",""trade_id"":""62d22b46-283a-691c-f95e-1835b49b810e"",""yes_price_dollars"":""0.6400""}"
KXETH15M-26APR272045-45,2f967526-6b05-43d9-06bb-9ef0147ec0d3,1777336315,0.65,10.51,yes,"{""count_fp"":""10.51"",""created_time"":""2026-04-28T00:31:55.318139Z"",""no_price_dollars"":""0.3500"",""taker_side"":""yes"",""ticker"":""KXETH15M-26APR272045-45"",""trade_id"":""2f967526-6b05-43d9-06bb-9ef0147ec0d3"",""yes_price_dollars"":""0.6500""}"
KXETH15M-26APR272045-45,92840475-5d2d-6709-9a9c-c271cc24d35f,1777336320,0.65,12.43,yes,"{""count_fp"":""12.43"",""created_time"":""2026-04-28T00:32:00.946132Z"",""no_price_dollars"":""0.3500"",""taker_side"":""yes"",""ticker"":""KXETH15M-26APR272045-45"",""trade_id"":""92840475-5d2d-6709-9a9c-c271cc24d35f"",""yes_price_dollars"":""0.6500""}"
KXETH15M-26APR272045-45,59133f05-8f0e-6c52-ad2f-ff6c44573977,1777336320,0.65,4.57,yes,"{""count_fp"":""4.57"",""created_time"":""2026-04-28T00:32:00.946132Z"",""no_price_dollars"":""0.3500"",""taker_side"":""yes"",""ticker"":""KXETH15M-26APR272045-45"",""trade_id"":""59133f05-8f0e-6c52-ad2f-ff6c44573977"",""yes_price_dollars"":""0.6500""}"
KXETH15M-26APR272045-45,74873b4e-32e9-6aa5-1ac1-2919106a4c9e,1777336320,0.64,1.0,no,"{""count_fp"":""1.00"",""created_time"":""2026-04-28T00:32:00.688827Z"",""no_price_dollars"":""0.3600"",""taker_side"":""no"",""ticker"":""KXETH15M-26APR272045-45"",""trade_id"":""74873b4e-32e9-6aa5-1ac1-2919106a4c9e"",""yes_price_dollars"":""0.6400""}"
KXETH15M-26APR272045-45,ff4c0a97-a5af-4b85-8d94-a6836bc4b024,1777336321,0.68,2.0,yes,"{""count_fp"":""2.00"",""created_time"":""2026-04-28T00:32:01.479622Z"",""no_price_dollars"":""0.3200"",""taker_side"":""yes"",""ticker"":""KXETH15M-26APR272045-45"",""trade_id"":""ff4c0a97-a5af-4b85-8d94-a6836bc4b024"",""yes_price_dollars"":""0.6800""}"
KXETH15M-26APR272045-45,31378d58-b216-438a-a376-4c14d58767e3,1777336321,0.65,0.43,yes,"{""count_fp"":""0.43"",""created_time"":""2026-04-28T00:32:01.479622Z"",""no_price_dollars"":""0.3500"",""taker_side"":""yes"",""ticker"":""KXETH15M-26APR272045-45"",""trade_id"":""31378d58-b216-438a-a376-4c14d58767e3"",""yes_price_dollars"":""0.6500""}"
KXETH15M-26APR272045-45,191a8ad6-bb31-4ba8-a4bd-4f8538e9fc05,1777336321,0.69,2.57,yes,"{""count_fp"":""2.57"",""created_time"":""2026-04-28T00:32:01.479622Z"",""no_price_dollars"":""0.3100"",""taker_side"":""yes"",""ticker"":""KXETH15M-26APR272045-45"",""trade_id"":""191a8ad6-bb31-4ba8-a4bd-4f8538e9fc05"",""yes_price_dollars"":""0.6900""}"
KXETH15M-26APR272045-45,d1624f35-be3d-5c89-59d4-19c12a9f38e6,1777336322,0.65,6.47,no,"{""count_fp"":""6.47"",""created_time"":""2026-04-28T00:32:02.021102Z"",""no_price_dollars"":""0.3500"",""taker_side"":""no"",""ticker"":""KXETH15M-26APR272045-45"",""trade_id"":""d1624f35-be3d-5c89-59d4-19c12a9f38e6"",""yes_price_dollars"":""0.6500""}"
KXETH15M-26APR272045-45,ace1853e-6c7c-49ec-09c3-b3dc2b32ba93,1777336325,0.68,1.0,yes,"{""count_fp"":""1.00"",""created_time"":""2026-04-28T00:32:05.510709Z"",""no_price_dollars"":""0.3200"",""taker_side"":""yes"",""ticker"":""KXETH15M-26APR272045-45"",""trade_id"":""ace1853e-6c7c-49ec-09c3-b3dc2b32ba93"",""yes_price_dollars"":""0.6800""}"
KXETH15M-26APR272045-45,553529b8-e096-73b8-e25a-f77393b83aee,1777336328,0.69,3.0,yes,"{""count_fp"":""3.00"",""created_time"":""2026-04-28T00:32:08.907249Z"",""no_price_dollars"":""0.3100"",""taker_side"":""yes"",""ticker"":""KXETH15M-26APR272045-45"",""trade_id"":""553529b8-e096-73b8-e25a-f77393b83aee"",""yes_price_dollars"":""0.6900""}"
KXETH15M-26APR272045-45,5d24b41c-24ba-5700-5295-d517a72e6852,1777336330,0.69,2.79,yes,"{""count_fp"":""2.79"",""created_time"":""2026-04-28T00:32:10.007492Z"",""no_price_dollars"":""0.3100"",""taker_side"":""yes"",""ticker"":""KXETH15M-26APR272045-45"",""trade_id"":""5d24b41c-24ba-5700-5295-d517a72e6852"",""yes_price_dollars"":""0.6900""}"
KXETH15M-26APR272045-45,1ade21be-ab05-5ea9-3c56-c42a57d0d40e,1777336337,0.66,100.0,no,"{""count_fp"":""100.00"",""created_time"":""2026-04-28T00:32:17.253813Z"",""no_price_dollars"":""0.3400"",""taker_side"":""no"",""ticker"":""KXETH15M-26APR272045-45"",""trade_id"":""1ade21be-ab05-5ea9-3c56-c42a57d0d40e"",""yes_price_dollars"":""0.6600""}"
KXETH15M-26APR272045-45,5e65b2fa-335c-7e16-8b2c-a97ee9941459,1777336343,0.69,2.0,yes,"{""count_fp"":""2.00"",""created_time"":""2026-04-28T00:32:23.697451Z"",""no_price_dollars"":""0.3100"",""taker_side"":""yes"",""ticker"":""KXETH15M-26APR272045-45"",""trade_id"":""5e65b2fa-335c-7e16-8b2c-a97ee9941459"",""yes_price_dollars"":""0.6900""}"
KXETH15M-26APR272045-45,59dd782a-a8bd-40e9-1746-f91e80ffa3aa,1777336346,0.66,10.0,no,"{""count_fp"":""10.00"",""created_time"":""2026-04-28T00:32:26.239844Z"",""no_price_dollars"":""0.3400"",""taker_side"":""no"",""ticker"":""KXETH15M-26APR272045-45"",""trade_id"":""59dd782a-a8bd-40e9-1746-f91e80ffa3aa"",""yes_price_dollars"":""0.6600""}"
KXETH15M-26APR272045-45,c24df0e5-6681-5637-93b8-75459ee5fdf2,1777336349,0.67,6.0,yes,"{""count_fp"":""6.00"",""created_time"":""2026-04-28T00:32:29.107602Z"",""no_price_dollars"":""0.3300"",""taker_side"":""yes"",""ticker"":""KXETH15M-26APR272045-45"",""trade_id"":""c24df0e5-6681-5637-93b8-75459ee5fdf2"",""yes_price_dollars"":""0.6700""}"
KXETH15M-26APR272045-45,cb6b377e-552d-6a83-dc97-de736cc42e13,1777336355,0.67,6.04,yes,"{""count_fp"":""6.04"",""created_time"":""2026-04-28T00:32:35.266686Z"",""no_price_dollars"":""0.3300"",""taker_side"":""yes"",""ticker"":""KXETH15M-26APR272045-45"",""trade_id"":""cb6b377e-552d-6a83-dc97-de736cc42e13"",""yes_price_dollars"":""0.6700""}"
KXETH15M-26APR272045-45,68d98767-3c83-60d5-ed2b-8872b2e26d7c,1777336355,0.67,10.0,yes,"{""count_fp"":""10.00"",""created_time"":""2026-04-28T00:32:35.266686Z"",""no_price_dollars"":""0.3300"",""taker_side"":""yes"",""ticker"":""KXETH15M-26APR272045-45"",""trade_id"":""68d98767-3c83-60d5-ed2b-8872b2e26d7c"",""yes_price_dollars"":""0.6700""}"
KXETH15M-26APR272045-45,ce6a6507-c18f-62b6-2583-f82c73311375,1777336358,0.66,2.79,no,"{""count_fp"":""2.79"",""created_time"":""2026-04-28T00:32:38.412635Z"",""no_price_dollars"":""0.3400"",""taker_side"":""no"",""ticker"":""KXETH15M-26APR272045-45"",""trade_id"":""ce6a6507-c18f-62b6-2583-f82c73311375"",""yes_price_dollars"":""0.6600""}"
KXETH15M-26APR272045-45,2747a350-73a4-5cee-2b3d-40f55c6cf037,1777336359,0.72,66.0,yes,"{""count_fp"":""66.00"",""created_time"":""2026-04-28T00:32:39.693389Z"",""no_price_dollars"":""0.2800"",""taker_side"":""yes"",""ticker"":""KXETH15M-26APR272045-45"",""trade_id"":""2747a350-73a4-5cee-2b3d-40f55c6cf037"",""yes_price_dollars"":""0.7200""}"
KXETH15M-26APR272045-45,c3cd4976-db9c-79e3-a67b-a236645e8951,1777336359,0.7,1.0,yes,"{""count_fp"":""1.00"",""created_time"":""2026-04-28T00:32:39.676456Z"",""no_price_dollars"":""0.3000"",""taker_side"":""yes"",""ticker"":""KXETH15M-26APR272045-45"",""trade_id"":""c3cd4976-db9c-79e3-a67b-a236645e8951"",""yes_price_dollars"":""0.7000""}"
KXETH15M-26APR272045-45,ada4bf51-de75-73af-9549-760118c20697,1777336359,0.7,38.01,yes,"{""count_fp"":""38.01"",""created_time"":""2026-04-28T00:32:39.676456Z"",""no_price_dollars"":""0.3000"",""taker_side"":""yes"",""ticker"":""KXETH15M-26APR272045-45"",""trade_id"":""ada4bf51-de75-73af-9549-760118c20697"",""yes_price_dollars"":""0.7000""}"
KXETH15M-26APR272045-45,5324a3a6-2942-5b2f-72d6-77b5a62f659b,1777336359,0.68,5.0,yes,"{""count_fp"":""5.00"",""created_time"":""2026-04-28T00:32:39.648046Z"",""no_price_dollars"":""0.3200"",""taker_side"":""yes"",""ticker"":""KXETH15M-26APR272045-45"",""trade_id"":""5324a3a6-2942-5b2f-72d6-77b5a62f659b"",""yes_price_dollars"":""0.6800""}"
KXETH15M-26APR272045-45,e826d631-dc53-4f91-71a2-67e8b5bd8f49,1777336359,0.67,10.0,yes,"{""count_fp"":""10.00"",""created_time"":""2026-04-28T00:32:39.623132Z"",""no_price_dollars"":""0.3300"",""taker_side"":""yes"",""ticker"":""KXETH15M-26APR272045-45"",""trade_id"":""e826d631-dc53-4f91-71a2-67e8b5bd8f49"",""yes_price_dollars"":""0.6700""}"
KXETH15M-26APR272045-45,8f49744b-1ea8-7876-ab1f-690c5258b7cd,1777336360,0.75,1.0,yes,"{""count_fp"":""1.00"",""created_time"":""2026-04-28T00:32:40.943881Z"",""no_price_dollars"":""0.2500"",""taker_side"":""yes"",""ticker"":""KXETH15M-26APR272045-45"",""trade_id"":""8f49744b-1ea8-7876-ab1f-690c5258b7cd"",""yes_price_dollars"":""0.7500""}"
KXETH15M-26APR272045-45,db3e2172-42d9-6762-81fc-3b7264eca743,1777336362,0.74,1.0,yes,"{""count_fp"":""1.00"",""created_time"":""2026-04-28T00:32:42.520295Z"",""no_price_dollars"":""0.2600"",""taker_side"":""yes"",""ticker"":""KXETH15M-26APR272045-45"",""trade_id"":""db3e2172-42d9-6762-81fc-3b7264eca743"",""yes_price_dollars"":""0.7400""}"
KXETH15M-26APR272045-45,5a93dd27-93f7-6253-8f78-1729474c905f,1777336363,0.72,10.0,no,"{""count_fp"":""10.00"",""created_time"":""2026-04-28T00:32:43.439784Z"",""no_price_dollars"":""0.2800"",""taker_side"":""no"",""ticker"":""KXETH15M-26APR272045-45"",""trade_id"":""5a93dd27-93f7-6253-8f78-1729474c905f"",""yes_price_dollars"":""0.7200""}"
KXETH15M-26APR272045-45,3462b3ed-93f7-6801-be36-d3576d94d64a,1777336363,0.72,0.51,no,"{""count_fp"":""0.51"",""created_time"":""2026-04-28T00:32:43.439784Z"",""no_price_dollars"":""0.2800"",""taker_side"":""no"",""ticker"":""KXETH15M-26APR272045-45"",""trade_id"":""3462b3ed-93f7-6801-be36-d3576d94d64a"",""yes_price_dollars"":""0.7200""}"
KXETH15M-26APR272045-45,5b20a9ae-f85d-7a1e-2d44-77dad3197903,1777336364,0.74,1.0,yes,"{""count_fp"":""1.00"",""created_time"":""2026-04-28T00:32:44.651348Z"",""no_price_dollars"":""0.2600"",""taker_side"":""yes"",""ticker"":""KXETH15M-26APR272045-45"",""trade_id"":""5b20a9ae-f85d-7a1e-2d44-77dad3197903"",""yes_price_dollars"":""0.7400""}"
KXETH15M-26APR272045-45,7b774dfc-90ec-6cca-03a1-896dfbb8f685,1777336367,0.75,7.0,yes,"{""count_fp"":""7.00"",""created_time"":""2026-04-28T00:32:47.916912Z"",""no_price_dollars"":""0.2500"",""taker_side"":""yes"",""ticker"":""KXETH15M-26APR272045-45"",""trade_id"":""7b774dfc-90ec-6cca-03a1-896dfbb8f685"",""yes_price_dollars"":""0.7500""}"
KXETH15M-26APR272045-45,3159dbc2-1d79-61cb-1ae1-1bb5675cae3e,1777336367,0.75,3.0,yes,"{""count_fp"":""3.00"",""created_time"":""2026-04-28T00:32:47.916912Z"",""no_price_dollars"":""0.2500"",""taker_side"":""yes"",""ticker"":""KXETH15M-26APR272045-45"",""trade_id"":""3159dbc2-1d79-61cb-1ae1-1bb5675cae3e"",""yes_price_dollars"":""0.7500""}"
KXETH15M-26APR272045-45,5beffa8a-7698-4327-0091-631f7d166f7f,1777336367,0.71,2.0,no,"{""count_fp"":""2.00"",""created_time"":""2026-04-28T00:32:47.653651Z"",""no_price_dollars"":""0.2900"",""taker_side"":""no"",""ticker"":""KXETH15M-26APR272045-45"",""trade_id"":""5beffa8a-7698-4327-0091-631f7d166f7f"",""yes_price_dollars"":""0.7100""}"
KXETH15M-26APR272045-45,0113d5f6-ccf7-4b29-1c49-c4cd06d2881e,1777336367,0.71,1.0,no,"{""count_fp"":""1.00"",""created_time"":""2026-04-28T00:32:47.653651Z"",""no_price_dollars"":""0.2900"",""taker_side"":""no"",""ticker"":""KXETH15M-26APR272045-45"",""trade_id"":""0113d5f6-ccf7-4b29-1c49-c4cd06d2881e"",""yes_price_dollars"":""0.7100""}"
KXETH15M-26APR272045-45,21de6bb4-2bec-6e2e-36e9-b0b677245aa1,1777336367,0.75,1.0,yes,"{""count_fp"":""1.00"",""created_time"":""2026-04-28T00:32:47.483171Z"",""no_price_dollars"":""0.2500"",""taker_side"":""yes"",""ticker"":""KXETH15M-26APR272045-45"",""trade_id"":""21de6bb4-2bec-6e2e-36e9-b0b677245aa1"",""yes_price_dollars"":""0.7500""}"
KXETH15M-26APR272045-45,c777bdcf-0867-770e-09f3-fd465761ee69,1777336373,0.71,2.0,no,"{""count_fp"":""2.00"",""created_time"":""2026-04-28T00:32:53.963503Z"",""no_price_dollars"":""0.2900"",""taker_side"":""no"",""ticker"":""KXETH15M-26APR272045-45"",""trade_id"":""c777bdcf-0867-770e-09f3-fd465761ee69"",""yes_price_dollars"":""0.7100""}"
KXETH15M-26APR272045-45,f84e9ee4-11fc-6e84-838d-706fbdddaa74,1777336373,0.74,4.0,yes,"{""count_fp"":""4.00"",""created_time"":""2026-04-28T00:32:53.622946Z"",""no_price_dollars"":""0.2600"",""taker_side"":""yes"",""ticker"":""KXETH15M-26APR272045-45"",""trade_id"":""f84e9ee4-11fc-6e84-838d-706fbdddaa74"",""yes_price_dollars"":""0.7400""}"
KXETH15M-26APR272045-45,82abee9d-c8d1-61f3-a5d9-ae97fc8d78f7,1777336373,0.74,2.0,yes,"{""count_fp"":""2.00"",""created_time"":""2026-04-28T00:32:53.622946Z"",""no_price_dollars"":""0.2600"",""taker_side"":""yes"",""ticker"":""KXETH15M-26APR272045-45"",""trade_id"":""82abee9d-c8d1-61f3-a5d9-ae97fc8d78f7"",""yes_price_dollars"":""0.7400""}"
KXETH15M-26APR272045-45,80281394-a10d-5081-7cf7-7a65376aabf2,1777336376,0.72,16.42,no,"{""count_fp"":""16.42"",""created_time"":""2026-04-28T00:32:56.771063Z"",""no_price_dollars"":""0.2800"",""taker_side"":""no"",""ticker"":""KXETH15M-26APR272045-45"",""trade_id"":""80281394-a10d-5081-7cf7-7a65376aabf2"",""yes_price_dollars"":""0.7200""}"
KXETH15M-26APR272045-45,5bde925d-b264-4c38-1137-7c443b0bd49a,1777336376,0.72,3.3,no,"{""count_fp"":""3.30"",""created_time"":""2026-04-28T00:32:56.502945Z"",""no_price_dollars"":""0.2800"",""taker_side"":""no"",""ticker"":""KXETH15M-26APR272045-45"",""trade_id"":""5bde925d-b264-4c38-1137-7c443b0bd49a"",""yes_price_dollars"":""0.7200""}"
KXETH15M-26APR272045-45,bc83bcdb-270c-5b3b-eb37-7ea0bc38f869,1777336377,0.75,0.36,yes,"{""count_fp"":""0.36"",""created_time"":""2026-04-28T00:32:57.401769Z"",""no_price_dollars"":""0.2500"",""taker_side"":""yes"",""ticker"":""KXETH15M-26APR272045-45"",""trade_id"":""bc83bcdb-270c-5b3b-eb37-7ea0bc38f869"",""yes_price_dollars"":""0.7500""}"
KXETH15M-26APR272045-45,2a546634-72d0-427a-5833-3a41220ddf92,1777336381,0.75,1.0,yes,"{""count_fp"":""1.00"",""created_time"":""2026-04-28T00:33:01.886637Z"",""no_price_dollars"":""0.2500"",""taker_side"":""yes"",""ticker"":""KXETH15M-26APR272045-45"",""trade_id"":""2a546634-72d0-427a-5833-3a41220ddf92"",""yes_price_dollars"":""0.7500""}"
KXETH15M-26APR272045-45,314b063e-94b9-773b-5c8f-0ed063903339,1777336386,0.72,4.07,yes,"{""count_fp"":""4.07"",""created_time"":""2026-04-28T00:33:06.205253Z"",""no_price_dollars"":""0.2800"",""taker_side"":""yes"",""ticker"":""KXETH15M-26APR272045-45"",""trade_id"":""314b063e-94b9-773b-5c8f-0ed063903339"",""yes_price_dollars"":""0.7200""}"
KXETH15M-26APR272045-45,cfed5a9c-4977-7fe3-e259-fa2ba970c563,1777336390,0.7,10.0,no,"{""count_fp"":""10.00"",""created_time"":""2026-04-28T00:33:10.837752Z"",""no_price_dollars"":""0.3000"",""taker_side"":""no"",""ticker"":""KXETH15M-26APR272045-45"",""trade_id"":""cfed5a9c-4977-7fe3-e259-fa2ba970c563"",""yes_price_dollars"":""0.7000""}"
KXETH15M-26APR272045-45,2cddcb79-1c7a-7fc9-db6f-3664d0023cd5,1777336390,0.7,10.0,no,"{""count_fp"":""10.00"",""created_time"":""2026-04-28T00:33:10.837752Z"",""no_price_dollars"":""0.3000"",""taker_side"":""no"",""ticker"":""KXETH15M-26APR272045-45"",""trade_id"":""2cddcb79-1c7a-7fc9-db6f-3664d0023cd5"",""yes_price_dollars"":""0.7000""}"
KXETH15M-26APR272045-45,0dcc1aad-05af-7531-da39-7df984610452,1777336390,0.7,11.77,no,"{""count_fp"":""11.77"",""created_time"":""2026-04-28T00:33:10.837752Z"",""no_price_dollars"":""0.3000"",""taker_side"":""no"",""ticker"":""KXETH15M-26APR272045-45"",""trade_id"":""0dcc1aad-05af-7531-da39-7df984610452"",""yes_price_dollars"":""0.7000""}"
KXETH15M-26APR272045-45,e8a4eec6-8f8d-51a3-b7b8-6621581eb09f,1777336392,0.71,1.0,yes,"{""count_fp"":""1.00"",""created_time"":""2026-04-28T00:33:12.362138Z"",""no_price_dollars"":""0.2900"",""taker_side"":""yes"",""ticker"":""KXETH15M-26APR272045-45"",""trade_id"":""e8a4eec6-8f8d-51a3-b7b8-6621581eb09f"",""yes_price_dollars"":""0.7100""}"
KXETH15M-26APR272045-45,e4b6bd42-6638-7732-d53e-d71dc7ec114e,1777336399,0.71,10.0,yes,"{""count_fp"":""10.00"",""created_time"":""2026-04-28T00:33:19.904846Z"",""no_price_dollars"":""0.2900"",""taker_side"":""yes"",""ticker"":""KXETH15M-26APR272045-45"",""trade_id"":""e4b6bd42-6638-7732-d53e-d71dc7ec114e"",""yes_price_dollars"":""0.7100""}"
KXETH15M-26APR272045-45,56d784fd-b3f7-74f8-fd22-c6924187efdf,1777336399,0.71,2.0,yes,"{""count_fp"":""2.00"",""created_time"":""2026-04-28T00:33:19.904846Z"",""no_price_dollars"":""0.2900"",""taker_side"":""yes"",""ticker"":""KXETH15M-26APR272045-45"",""trade_id"":""56d784fd-b3f7-74f8-fd22-c6924187efdf"",""yes_price_dollars"":""0.7100""}"
KXETH15M-26APR272045-45,a8504d2b-bdfc-685d-cd57-75f74aaeba2c,1777336401,0.7,2.0,no,"{""count_fp"":""2.00"",""created_time"":""2026-04-28T00:33:21.936418Z"",""no_price_dollars"":""0.3000"",""taker_side"":""no"",""ticker"":""KXETH15M-26APR272045-45"",""trade_id"":""a8504d2b-bdfc-685d-cd57-75f74aaeba2c"",""yes_price_dollars"":""0.7000""}"
KXETH15M-26APR272045-45,2c38c43c-2321-7df5-7e9d-8dfcff99cdb6,1777336401,0.71,13.0,no,"{""count_fp"":""13.00"",""created_time"":""2026-04-28T00:33:21.906711Z"",""no_price_dollars"":""0.2900"",""taker_side"":""no"",""ticker"":""KXETH15M-26APR272045-45"",""trade_id"":""2c38c43c-2321-7df5-7e9d-8dfcff99cdb6"",""yes_price_dollars"":""0.7100""}"
KXETH15M-26APR272045-45,d6056a08-b483-7621-c880-5350e905aa9d,1777336402,0.65,40.0,no,"{""count_fp"":""40.00"",""created_time"":""2026-04-28T00:33:22.979056Z"",""no_price_dollars"":""0.3500"",""taker_side"":""no"",""ticker"":""KXETH15M-26APR272045-45"",""trade_id"":""d6056a08-b483-7621-c880-5350e905aa9d"",""yes_price_dollars"":""0.6500""}"
KXETH15M-26APR272045-45,210aef2e-fbb7-42c5-3f6b-2ea96be45902,1777336402,0.66,11.0,no,"{""count_fp"":""11.00"",""created_time"":""2026-04-28T00:33:22.056064Z"",""no_price_dollars"":""0.3400"",""taker_side"":""no"",""ticker"":""KXETH15M-26APR272045-45"",""trade_id"":""210aef2e-fbb7-42c5-3f6b-2ea96be45902"",""yes_price_dollars"":""0.6600""}"
KXETH15M-26APR272045-45,d71f3d13-c61b-59dd-55ad-2be216f47382,1777336402,0.66,11.0,no,"{""count_fp"":""11.00"",""created_time"":""2026-04-28T00:33:22.041465Z"",""no_price_dollars"":""0.3400"",""taker_side"":""no"",""ticker"":""KXETH15M-26APR272045-45"",""trade_id"":""d71f3d13-c61b-59dd-55ad-2be216f47382"",""yes_price_dollars"":""0.6600""}"
KXETH15M-26APR272045-45,dd066f45-ffcb-51f5-6a61-722a6909b502,1777336402,0.66,9.79,no,"{""count_fp"":""9.79"",""created_time"":""2026-04-28T00:33:22.038597Z"",""no_price_dollars"":""0.3400"",""taker_side"":""no"",""ticker"":""KXETH15M-26APR272045-45"",""trade_id"":""dd066f45-ffcb-51f5-6a61-722a6909b502"",""yes_price_dollars"":""0.6600""}"
KXETH15M-26APR272045-45,a0fd6495-5693-529a-489c-4f0af45e4d0d,1777336402,0.66,1.21,no,"{""count_fp"":""1.21"",""created_time"":""2026-04-28T00:33:22.038597Z"",""no_price_dollars"":""0.3400"",""taker_side"":""no"",""ticker"":""KXETH15M-26APR272045-45"",""trade_id"":""a0fd6495-5693-529a-489c-4f0af45e4d0d"",""yes_price_dollars"":""0.6600""}"
KXETH15M-26APR272045-45,aa5b051a-ca7f-795d-8c4f-992e28f590b1,1777336406,0.61,4.91,no,"{""count_fp"":""4.91"",""created_time"":""2026-04-28T00:33:26.407083Z"",""no_price_dollars"":""0.3900"",""taker_side"":""no"",""ticker"":""KXETH15M-26APR272045-45"",""trade_id"":""aa5b051a-ca7f-795d-8c4f-992e28f590b1"",""yes_price_dollars"":""0.6100""}"
KXETH15M-26APR272045-45,4ac6ea7c-b67b-7f32-cc9b-25dbbb376934,1777336408,0.61,4.57,no,"{""count_fp"":""4.57"",""created_time"":""2026-04-28T00:33:28.137337Z"",""no_price_dollars"":""0.3900"",""taker_side"":""no"",""ticker"":""KXETH15M-26APR272045-45"",""trade_id"":""4ac6ea7c-b67b-7f32-cc9b-25dbbb376934"",""yes_price_dollars"":""0.6100""}"
KXETH15M-26APR272045-45,2d448fc4-4a7f-7981-dcec-49e4c84d120d,1777336408,0.61,5.09,no,"{""count_fp"":""5.09"",""created_time"":""2026-04-28T00:33:28.137337Z"",""no_price_dollars"":""0.3900"",""taker_side"":""no"",""ticker"":""KXETH15M-26APR272045-45"",""trade_id"":""2d448fc4-4a7f-7981-dcec-49e4c84d120d"",""yes_price_dollars"":""0.6100""}"
KXETH15M-26APR272045-45,87b5fe80-aa5d-5503-e639-5b6e81cffeb6,1777336409,0.65,2.44,yes,"{""count_fp"":""2.44"",""created_time"":""2026-04-28T00:33:29.072007Z"",""no_price_dollars"":""0.3500"",""taker_side"":""yes"",""ticker"":""KXETH15M-26APR272045-45"",""trade_id"":""87b5fe80-aa5d-5503-e639-5b6e81cffeb6"",""yes_price_dollars"":""0.6500""}"
KXETH15M-26APR272045-45,5db61868-ecb0-57fa-fe03-57c56a76672d,1777336409,0.64,7.56,yes,"{""count_fp"":""7.56"",""created_time"":""2026-04-28T00:33:29.072007Z"",""no_price_dollars"":""0.3600"",""taker_side"":""yes"",""ticker"":""KXETH15M-26APR272045-45"",""trade_id"":""5db61868-ecb0-57fa-fe03-57c56a76672d"",""yes_price_dollars"":""0.6400""}"
KXETH15M-26APR272045-45,06db655d-d285-5799-e871-8859ce4f378b,1777336409,0.64,10.0,yes,"{""count_fp"":""10.00"",""created_time"":""2026-04-28T00:33:29.072007Z"",""no_price_dollars"":""0.3600"",""taker_side"":""yes"",""ticker"":""KXETH15M-26APR272045-45"",""trade_id"":""06db655d-d285-5799-e871-8859ce4f378b"",""yes_price_dollars"":""0.6400""}"
KXETH15M-26APR272045-45,ea0a2261-d653-6cfe-2e22-196678e086d8,1777336412,0.59,10.0,no,"{""count_fp"":""10.00"",""created_time"":""2026-04-28T00:33:32.345082Z"",""no_price_dollars"":""0.4100"",""taker_side"":""no"",""ticker"":""KXETH15M-26APR272045-45"",""trade_id"":""ea0a2261-d653-6cfe-2e22-196678e086d8"",""yes_price_dollars"":""0.5900""}"
KXETH15M-26APR272045-45,c3d2ec79-1867-6c15-0692-f93a8d3eb7ae,1777336412,0.61,100.0,no,"{""count_fp"":""100.00"",""created_time"":""2026-04-28T00:33:32.345082Z"",""no_price_dollars"":""0.3900"",""taker_side"":""no"",""ticker"":""KXETH15M-26APR272045-45"",""trade_id"":""c3d2ec79-1867-6c15-0692-f93a8d3eb7ae"",""yes_price_dollars"":""0.6100""}"
KXETH15M-26APR272045-45,9e712867-eb89-6a0d-1d0a-9b11c3427462,1777336412,0.58,2.26,no,"{""count_fp"":""2.26"",""created_time"":""2026-04-28T00:33:32.345082Z"",""no_price_dollars"":""0.4200"",""taker_side"":""no"",""ticker"":""KXETH15M-26APR272045-45"",""trade_id"":""9e712867-eb89-6a0d-1d0a-9b11c3427462"",""yes_price_dollars"":""0.5800""}"
KXETH15M-26APR272045-45,357d9acb-86ee-636d-19eb-e21112c24da8,1777336412,0.61,10.0,no,"{""count_fp"":""10.00"",""created_time"":""2026-04-28T00:33:32.345082Z"",""no_price_dollars"":""0.3900"",""taker_side"":""no"",""ticker"":""KXETH15M-26APR272045-45"",""trade_id"":""357d9acb-86ee-636d-19eb-e21112c24da8"",""yes_price_dollars"":""0.6100""}"
KXETH15M-26APR272045-45,c3a1e29a-460b-7cc8-f14f-f7786f91e889,1777336413,0.61,2.79,no,"{""count_fp"":""2.79"",""created_time"":""2026-04-28T00:33:33.623039Z"",""no_price_dollars"":""0.3900"",""taker_side"":""no"",""ticker"":""KXETH15M-26APR272045-45"",""trade_id"":""c3a1e29a-460b-7cc8-f14f-f7786f91e889"",""yes_price_dollars"":""0.6100""}"
KXETH15M-26APR272045-45,6f07c13d-bce1-4771-af26-e1aba49cd43a,1777336417,0.61,0.36,no,"{""count_fp"":""0.36"",""created_time"":""2026-04-28T00:33:37.040786Z"",""no_price_dollars"":""0.3900"",""taker_side"":""no"",""ticker"":""KXETH15M-26APR272045-45"",""trade_id"":""6f07c13d-bce1-4771-af26-e1aba49cd43a"",""yes_price_dollars"":""0.6100""}"
KXETH15M-26APR272045-45,b414c426-d3e7-5b19-7d1d-941e8de7131a,1777336418,0.65,10.0,yes,"{""count_fp"":""10.00"",""created_time"":""2026-04-28T00:33:38.214097Z"",""no_price_dollars"":""0.3500"",""taker_side"":""yes"",""ticker"":""KXETH15M-26APR272045-45"",""trade_id"":""b414c426-d3e7-5b19-7d1d-941e8de7131a"",""yes_price_dollars"":""0.6500""}"
KXETH15M-26APR272045-45,34fcb1eb-f5be-5890-7516-373f40963806,1777336418,0.64,10.0,yes,"{""count_fp"":""10.00"",""created_time"":""2026-04-28T00:33:38.214097Z"",""no_price_dollars"":""0.3600"",""taker_side"":""yes"",""ticker"":""KXETH15M-26APR272045-45"",""trade_id"":""34fcb1eb-f5be-5890-7516-373f40963806"",""yes_price_dollars"":""0.6400""}"
KXETH15M-26APR272045-45,7211b305-78e1-6f6b-64ce-def547e2178a,1777336420,0.66,10.35,yes,"{""count_fp"":""10.35"",""created_time"":""2026-04-28T00:33:40.772701Z"",""no_price_dollars"":""0.3400"",""taker_side"":""yes"",""ticker"":""KXETH15M-26APR272045-45"",""trade_id"":""7211b305-78e1-6f6b-64ce-def547e2178a"",""yes_price_dollars"":""0.6600""}"
KXETH15M-26APR272045-45,9e7d08e1-daee-6a08-3fea-890f48f7b961,1777336420,0.65,1.0,no,"{""count_fp"":""1.00"",""created_time"":""2026-04-28T00:33:40.674122Z"",""no_price_dollars"":""0.3500"",""taker_side"":""no"",""ticker"":""KXETH15M-26APR272045-45"",""trade_id"":""9e7d08e1-daee-6a08-3fea-890f48f7b961"",""yes_price_dollars"":""0.6500""}"
KXETH15M-26APR272045-45,e1cbea28-ad0e-7adc-f1ec-11d1e2d63d89,1777336421,0.65,4.91,no,"{""count_fp"":""4.91"",""created_time"":""2026-04-28T00:33:41.793428Z"",""no_price_dollars"":""0.3500"",""taker_side"":""no"",""ticker"":""KXETH15M-26APR272045-45"",""trade_id"":""e1cbea28-ad0e-7adc-f1ec-11d1e2d63d89"",""yes_price_dollars"":""0.6500""}"
KXETH15M-26APR272045-45,e8793d1f-0542-6190-fce8-5dc4747ee779,1777336425,0.65,0.56,no,"{""count_fp"":""0.56"",""created_time"":""2026-04-28T00:33:45.762937Z"",""no_price_dollars"":""0.3500"",""taker_side"":""no"",""ticker"":""KXETH15M-26APR272045-45"",""trade_id"":""e8793d1f-0542-6190-fce8-5dc4747ee779"",""yes_price_dollars"":""0.6500""}"
KXETH15M-26APR272045-45,bec26618-118e-55a0-203e-b9cbb02595ed,1777336425,0.65,2.0,no,"{""count_fp"":""2.00"",""created_time"":""2026-04-28T00:33:45.732697Z"",""no_price_dollars"":""0.3500"",""taker_side"":""no"",""ticker"":""KXETH15M-26APR272045-45"",""trade_id"":""bec26618-118e-55a0-203e-b9cbb02595ed"",""yes_price_dollars"":""0.6500""}"
KXETH15M-26APR272045-45,a5985eb8-5f51-7ba3-0f4d-f827217e764a,1777336428,0.67,1.0,yes,"{""count_fp"":""1.00"",""created_time"":""2026-04-28T00:33:48.361326Z"",""no_price_dollars"":""0.3300"",""taker_side"":""yes"",""ticker"":""KXETH15M-26APR272045-45"",""trade_id"":""a5985eb8-5f51-7ba3-0f4d-f827217e764a"",""yes_price_dollars"":""0.6700""}"
KXETH15M-26APR272045-45,ae5d571b-dca0-6c77-1fdd-22967d806539,1777336428,0.67,10.0,yes,"{""count_fp"":""10.00"",""created_time"":""2026-04-28T00:33:48.075963Z"",""no_price_dollars"":""0.3300"",""taker_side"":""yes"",""ticker"":""KXETH15M-26APR272045-45"",""trade_id"":""ae5d571b-dca0-6c77-1fdd-22967d806539"",""yes_price_dollars"":""0.6700""}"
KXETH15M-26APR272045-45,865d0006-fa04-7e72-730a-eb7fa7ed3dfd,1777336430,0.67,10.5,no,"{""count_fp"":""10.50"",""created_time"":""2026-04-28T00:33:50.915019Z"",""no_price_dollars"":""0.3300"",""taker_side"":""no"",""ticker"":""KXETH15M-26APR272045-45"",""trade_id"":""865d0006-fa04-7e72-730a-eb7fa7ed3dfd"",""yes_price_dollars"":""0.6700""}"
KXETH15M-26APR272045-45,24afb7a0-baeb-7510-779c-0bbb924989d9,1777336430,0.67,14.0,no,"{""count_fp"":""14.00"",""created_time"":""2026-04-28T00:33:50.915019Z"",""no_price_dollars"":""0.3300"",""taker_side"":""no"",""ticker"":""KXETH15M-26APR272045-45"",""trade_id"":""24afb7a0-baeb-7510-779c-0bbb924989d9"",""yes_price_dollars"":""0.6700""}"
KXETH15M-26APR272045-45,06f6d955-e480-6b7c-c22d-c5dbf437b69d,1777336431,0.66,8.43,no,"{""count_fp"":""8.43"",""created_time"":""2026-04-28T00:33:51.526155Z"",""no_price_dollars"":""0.3400"",""taker_side"":""no"",""ticker"":""KXETH15M-26APR272045-45"",""trade_id"":""06f6d955-e480-6b7c-c22d-c5dbf437b69d"",""yes_price_dollars"":""0.6600""}"
KXETH15M-26APR272045-45,e3c40b97-0a61-43eb-fbe5-631a69d1d2ea,1777336432,0.71,10.0,yes,"{""count_fp"":""10.00"",""created_time"":""2026-04-28T00:33:52.590452Z"",""no_price_dollars"":""0.2900"",""taker_side"":""yes"",""ticker"":""KXETH15M-26APR272045-45"",""trade_id"":""e3c40b97-0a61-43eb-fbe5-631a69d1d2ea"",""yes_price_dollars"":""0.7100""}"
KXETH15M-26APR272045-45,6b65ddd1-f18a-4cd2-e6c7-7cbaf68ea446,1777336432,0.7,2.0,yes,"{""count_fp"":""2.00"",""created_time"":""2026-04-28T00:33:52.590452Z"",""no_price_dollars"":""0.3000"",""taker_side"":""yes"",""ticker"":""KXETH15M-26APR272045-45"",""trade_id"":""6b65ddd1-f18a-4cd2-e6c7-7cbaf68ea446"",""yes_price_dollars"":""0.7000""}"
KXETH15M-26APR272045-45,0400195f-f7f7-464c-f2e8-2164ae4bbba1,1777336432,0.71,8.7,yes,"{""count_fp"":""8.70"",""created_time"":""2026-04-28T00:33:52.590452Z"",""no_price_dollars"":""0.2900"",""taker_side"":""yes"",""ticker"":""KXETH15M-26APR272045-45"",""trade_id"":""0400195f-f7f7-464c-f2e8-2164ae4bbba1"",""yes_price_dollars"":""0.7100""}"
KXETH15M-26APR272045-45,c4dc7d96-08a6-5a68-799a-99bb62ca6f39,1777336446,0.65,2.73,no,"{""count_fp"":""2.73"",""created_time"":""2026-04-28T00:34:06.457488Z"",""no_price_dollars"":""0.3500"",""taker_side"":""no"",""ticker"":""KXETH15M-26APR272045-45"",""trade_id"":""c4dc7d96-08a6-5a68-799a-99bb62ca6f39"",""yes_price_dollars"":""0.6500""}"
KXETH15M-26APR272045-45,ede9e48f-d846-7ca0-7fc7-74a17e6b88ed,1777336447,0.65,2.73,no,"{""count_fp"":""2.73"",""created_time"":""2026-04-28T00:34:07.734827Z"",""no_price_dollars"":""0.3500"",""taker_side"":""no"",""ticker"":""KXETH15M-26APR272045-45"",""trade_id"":""ede9e48f-d846-7ca0-7fc7-74a17e6b88ed"",""yes_price_dollars"":""0.6500""}"
KXETH15M-26APR272045-45,8b7378bf-6dfd-4298-e61e-d02eef4a37f5,1777336452,0.65,7.59,no,"{""count_fp"":""7.59"",""created_time"":""2026-04-28T00:34:12.718547Z"",""no_price_dollars"":""0.3500"",""taker_side"":""no"",""ticker"":""KXETH15M-26APR272045-45"",""trade_id"":""8b7378bf-6dfd-4298-e61e-d02eef4a37f5"",""yes_price_dollars"":""0.6500""}"
KXETH15M-26APR272045-45,831c4600-566e-4e2c-fda2-04275cbc7055,1777336452,0.65,6.07,no,"{""count_fp"":""6.07"",""created_time"":""2026-04-28T00:34:12.718547Z"",""no_price_dollars"":""0.3500"",""taker_side"":""no"",""ticker"":""KXETH15M-26APR272045-45"",""trade_id"":""831c4600-566e-4e2c-fda2-04275cbc7055"",""yes_price_dollars"":""0.6500""}"
KXETH15M-26APR272045-45,cd68785c-0e67-74ae-3181-8bfc4cda5c53,1777336452,0.67,1.0,yes,"{""count_fp"":""1.00"",""created_time"":""2026-04-28T00:34:12.584539Z"",""no_price_dollars"":""0.3300"",""taker_side"":""yes"",""ticker"":""KXETH15M-26APR272045-45"",""trade_id"":""cd68785c-0e67-74ae-3181-8bfc4cda5c53"",""yes_price_dollars"":""0.6700""}"
KXETH15M-26APR272045-45,5dabd537-09e0-4372-89c8-03fd37a727ee,1777336459,0.62,10.0,no,"{""count_fp"":""10.00"",""created_time"":""2026-04-28T00:34:19.450478Z"",""no_price_dollars"":""0.3800"",""taker_side"":""no"",""ticker"":""KXETH15M-26APR272045-45"",""trade_id"":""5dabd537-09e0-4372-89c8-03fd37a727ee"",""yes_price_dollars"":""0.6200""}"
KXETH15M-26APR272045-45,43a29cad-38d1-49c4-b55a-a9a7de3c157d,1777336459,0.62,0.35,no,"{""count_fp"":""0.35"",""created_time"":""2026-04-28T00:34:19.450478Z"",""no_price_dollars"":""0.3800"",""taker_side"":""no"",""ticker"":""KXETH15M-26APR272045-45"",""trade_id"":""43a29cad-38d1-49c4-b55a-a9a7de3c157d"",""yes_price_dollars"":""0.6200""}"
KXETH15M-26APR272045-45,cc4f94f7-1ae0-6496-2d55-4d735e77b3a0,1777336462,0.62,2.0,yes,"{""count_fp"":""2.00"",""created_time"":""2026-04-28T00:34:22.549052Z"",""no_price_dollars"":""0.3800"",""taker_side"":""yes"",""ticker"":""KXETH15M-26APR272045-45"",""trade_id"":""cc4f94f7-1ae0-6496-2d55-4d735e77b3a0"",""yes_price_dollars"":""0.6200""}"
KXETH15M-26APR272045-45,cef6b7ce-22d3-43bf-340c-b8a72b29e881,1777336464,0.58,2.0,yes,"{""count_fp"":""2.00"",""created_time"":""2026-04-28T00:34:24.905165Z"",""no_price_dollars"":""0.4200"",""taker_side"":""yes"",""ticker"":""KXETH15M-26APR272045-45"",""trade_id"":""cef6b7ce-22d3-43bf-340c-b8a72b29e881"",""yes_price_dollars"":""0.5800""}"
KXETH15M-26APR272045-45,1c061254-7473-4341-c237-f6c9d48fa6a5,1777336464,0.58,4.0,no,"{""count_fp"":""4.00"",""created_time"":""2026-04-28T00:34:24.116198Z"",""no_price_dollars"":""0.4200"",""taker_side"":""no"",""ticker"":""KXETH15M-26APR272045-45"",""trade_id"":""1c061254-7473-4341-c237-f6c9d48fa6a5"",""yes_price_dollars"":""0.5800""}"
KXETH15M-26APR272045-45,7df51f77-4716-6b7f-331f-a0902949d1be,1777336465,0.59,1.62,yes,"{""count_fp"":""1.62"",""created_time"":""2026-04-28T00:34:25.564213Z"",""no_price_dollars"":""0.4100"",""taker_side"":""yes"",""ticker"":""KXETH15M-26APR272045-45"",""trade_id"":""7df51f77-4716-6b7f-331f-a0902949d1be"",""yes_price_dollars"":""0.5900""}"
KXETH15M-26APR272045-45,d98f6e3b-75ae-55a7-0fd8-2013ada4c842,1777336469,0.57,1.7,yes,"{""count_fp"":""1.70"",""created_time"":""2026-04-28T00:34:29.557687Z"",""no_price_dollars"":""0.4300"",""taker_side"":""yes"",""ticker"":""KXETH15M-26APR272045-45"",""trade_id"":""d98f6e3b-75ae-55a7-0fd8-2013ada4c842"",""yes_price_dollars"":""0.5700""}"
KXETH15M-26APR272045-45,eafa88fe-00c7-4c18-08fa-b506c73447ed,1777336471,0.55,6.0,no,"{""count_fp"":""6.00"",""created_time"":""2026-04-28T00:34:31.422156Z"",""no_price_dollars"":""0.4500"",""taker_side"":""no"",""ticker"":""KXETH15M-26APR272045-45"",""trade_id"":""eafa88fe-00c7-4c18-08fa-b506c73447ed"",""yes_price_dollars"":""0.5500""}"
KXETH15M-26APR272045-45,03ebba86-ac9d-4848-1515-e68ddbcff1e1,1777336471,0.55,10.0,no,"{""count_fp"":""10.00"",""created_time"":""2026-04-28T00:34:31.422156Z"",""no_price_dollars"":""0.4500"",""taker_side"":""no"",""ticker"":""KXETH15M-26APR272045-45"",""trade_id"":""03ebba86-ac9d-4848-1515-e68ddbcff1e1"",""yes_price_dollars"":""0.5500""}"
KXETH15M-26APR272045-45,89672577-fe2d-5937-9120-54dd6698cef4,1777336472,0.53,32.0,no,"{""count_fp"":""32.00"",""created_time"":""2026-04-28T00:34:32.647066Z"",""no_price_dollars"":""0.4700"",""taker_side"":""no"",""ticker"":""KXETH15M-26APR272045-45"",""trade_id"":""89672577-fe2d-5937-9120-54dd6698cef4"",""yes_price_dollars"":""0.5300""}"
KXETH15M-26APR272045-45,7bb1c17d-ea10-431b-dfcc-f730078ed77b,1777336473,0.51,10.0,no,"{""count_fp"":""10.00"",""created_time"":""2026-04-28T00:34:33.373718Z"",""no_price_dollars"":""0.4900"",""taker_side"":""no"",""ticker"":""KXETH15M-26APR272045-45"",""trade_id"":""7bb1c17d-ea10-431b-dfcc-f730078ed77b"",""yes_price_dollars"":""0.5100""}"
KXETH15M-26APR272045-45,5e2ade6e-aa54-5633-a594-67c87d698b19,1777336476,0.46,4.07,no,"{""count_fp"":""4.07"",""created_time"":""2026-04-28T00:34:36.961923Z"",""no_price_dollars"":""0.5400"",""taker_side"":""no"",""ticker"":""KXETH15M-26APR272045-45"",""trade_id"":""5e2ade6e-aa54-5633-a594-67c87d698b19"",""yes_price_dollars"":""0.4600""}"
KXETH15M-26APR272045-45,c6409fdf-d83c-55c7-a0ca-ce204566df69,1777336477,0.46,10.0,no,"{""count_fp"":""10.00"",""created_time"":""2026-04-28T00:34:37.784801Z"",""no_price_dollars"":""0.5400"",""taker_side"":""no"",""ticker"":""KXETH15M-26APR272045-45"",""trade_id"":""c6409fdf-d83c-55c7-a0ca-ce204566df69"",""yes_price_dollars"":""0.4600""}"
KXETH15M-26APR272045-45,944aa6cc-d870-5851-a097-b27b6b8962b7,1777336477,0.45,10.0,no,"{""count_fp"":""10.00"",""created_time"":""2026-04-28T00:34:37.784801Z"",""no_price_dollars"":""0.5500"",""taker_side"":""no"",""ticker"":""KXETH15M-26APR272045-45"",""trade_id"":""944aa6cc-d870-5851-a097-b27b6b8962b7"",""yes_price_dollars"":""0.4500""}"
KXETH15M-26APR272045-45,8a9cc7fb-11ad-5a60-83c2-a1a6860333a6,1777336477,0.45,5.41,no,"{""count_fp"":""5.41"",""created_time"":""2026-04-28T00:34:37.784801Z"",""no_price_dollars"":""0.5500"",""taker_side"":""no"",""ticker"":""KXETH15M-26APR272045-45"",""trade_id"":""8a9cc7fb-11ad-5a60-83c2-a1a6860333a6"",""yes_price_dollars"":""0.4500""}"
KXETH15M-26APR272045-45,0510be41-9cef-5f51-99b2-6ba072653bc0,1777336477,0.46,10.0,no,"{""count_fp"":""10.00"",""created_time"":""2026-04-28T00:34:37.784801Z"",""no_price_dollars"":""0.5400"",""taker_side"":""no"",""ticker"":""KXETH15M-26APR272045-45"",""trade_id"":""0510be41-9cef-5f51-99b2-6ba072653bc0"",""yes_price_dollars"":""0.4600""}"
KXETH15M-26APR272045-45,2bc432f5-f8d2-59de-93e8-9f10397bafc2,1777336477,0.47,16.42,yes,"{""count_fp"":""16.42"",""created_time"":""2026-04-28T00:34:37.657116Z"",""no_price_dollars"":""0.5300"",""taker_side"":""yes"",""ticker"":""KXETH15M-26APR272045-45"",""trade_id"":""2bc432f5-f8d2-59de-93e8-9f10397bafc2"",""yes_price_dollars"":""0.4700""}"
KXETH15M-26APR272045-45,3db9eed7-99fa-6462-5995-48ab6ad4d50e,1777336480,0.47,0.56,yes,"{""count_fp"":""0.56"",""created_time"":""2026-04-28T00:34:40.311464Z"",""no_price_dollars"":""0.5300"",""taker_side"":""yes"",""ticker"":""KXETH15M-26APR272045-45"",""trade_id"":""3db9eed7-99fa-6462-5995-48ab6ad4d50e"",""yes_price_dollars"":""0.4700""}"
KXETH15M-26APR272045-45,c6e1c1aa-dda8-7cb9-4327-e86deaaba82a,1777336484,0.45,3.24,no,"{""count_fp"":""3.24"",""created_time"":""2026-04-28T00:34:44.990938Z"",""no_price_dollars"":""0.5500"",""taker_side"":""no"",""ticker"":""KXETH15M-26APR272045-45"",""trade_id"":""c6e1c1aa-dda8-7cb9-4327-e86deaaba82a"",""yes_price_dollars"":""0.4500""}"
KXETH15M-26APR272045-45,26001a67-ef6e-7e44-45c7-f0638759f644,1777336484,0.43,0.27,no,"{""count_fp"":""0.27"",""created_time"":""2026-04-28T00:34:44.990938Z"",""no_price_dollars"":""0.5700"",""taker_side"":""no"",""ticker"":""KXETH15M-26APR272045-45"",""trade_id"":""26001a67-ef6e-7e44-45c7-f0638759f644"",""yes_price_dollars"":""0.4300""}"
KXETH15M-26APR272045-45,a7d3c2d4-faea-4404-58d3-a14a4d69bfc1,1777336485,0.42,1.0,no,"{""count_fp"":""1.00"",""created_time"":""2026-04-28T00:34:45.406803Z"",""no_price_dollars"":""0.5800"",""taker_side"":""no"",""ticker"":""KXETH15M-26APR272045-45"",""trade_id"":""a7d3c2d4-faea-4404-58d3-a14a4d69bfc1"",""yes_price_dollars"":""0.4200""}"
KXETH15M-26APR272045-45,b7e1e6ae-7fca-4958-0c0c-9d823acd1d59,1777336487,0.43,16.36,no,"{""count_fp"":""16.36"",""created_time"":""2026-04-28T00:34:47.799532Z"",""no_price_dollars"":""0.5700"",""taker_side"":""no"",""ticker"":""KXETH15M-26APR272045-45"",""trade_id"":""b7e1e6ae-7fca-4958-0c0c-9d823acd1d59"",""yes_price_dollars"":""0.4300""}"
KXETH15M-26APR272045-45,ae28df6d-f548-76e0-c171-98243e2944c3,1777336489,0.42,9.88,no,"{""count_fp"":""9.88"",""created_time"":""2026-04-28T00:34:49.030159Z"",""no_price_dollars"":""0.5800"",""taker_side"":""no"",""ticker"":""KXETH15M-26APR272045-45"",""trade_id"":""ae28df6d-f548-76e0-c171-98243e2944c3"",""yes_price_dollars"":""0.4200""}"
KXETH15M-26APR272045-45,2de8e5a6-9a1f-797a-a73c-71dafcb9c33f,1777336491,0.43,5.0,no,"{""count_fp"":""5.00"",""created_time"":""2026-04-28T00:34:51.927904Z"",""no_price_dollars"":""0.5700"",""taker_side"":""no"",""ticker"":""KXETH15M-26APR272045-45"",""trade_id"":""2de8e5a6-9a1f-797a-a73c-71dafcb9c33f"",""yes_price_dollars"":""0.4300""}"
KXETH15M-26APR272045-45,74617829-aa33-48b3-64c4-35a8f23bb10a,1777336492,0.42,10.0,no,"{""count_fp"":""10.00"",""created_time"":""2026-04-28T00:34:52.750988Z"",""no_price_dollars"":""0.5800"",""taker_side"":""no"",""ticker"":""KXETH15M-26APR272045-45"",""trade_id"":""74617829-aa33-48b3-64c4-35a8f23bb10a"",""yes_price_dollars"":""0.4200""}"
KXETH15M-26APR272045-45,528add73-62f6-4410-4989-12787841cd25,1777336492,0.42,6.74,no,"{""count_fp"":""6.74"",""created_time"":""2026-04-28T00:34:52.750988Z"",""no_price_dollars"":""0.5800"",""taker_side"":""no"",""ticker"":""KXETH15M-26APR272045-45"",""trade_id"":""528add73-62f6-4410-4989-12787841cd25"",""yes_price_dollars"":""0.4200""}"
KXETH15M-26APR272045-45,9124321b-8026-7c6e-2906-b0755b12402e,1777336492,0.43,100.0,yes,"{""count_fp"":""100.00"",""created_time"":""2026-04-28T00:34:52.437209Z"",""no_price_dollars"":""0.5700"",""taker_side"":""yes"",""ticker"":""KXETH15M-26APR272045-45"",""trade_id"":""9124321b-8026-7c6e-2906-b0755b12402e"",""yes_price_dollars"":""0.4300""}"
KXETH15M-26APR272045-45,05311608-2af2-5570-38bf-d0ec1d5bac49,1777336492,0.42,5.0,no,"{""count_fp"":""5.00"",""created_time"":""2026-04-28T00:34:52.150129Z"",""no_price_dollars"":""0.5800"",""taker_side"":""no"",""ticker"":""KXETH15M-26APR272045-45"",""trade_id"":""05311608-2af2-5570-38bf-d0ec1d5bac49"",""yes_price_dollars"":""0.4200""}"
KXETH15M-26APR272045-45,35de54c6-25ad-70b2-79d8-f04ade139d66,1777336494,0.45,1.0,no,"{""count_fp"":""1.00"",""created_time"":""2026-04-28T00:34:54.574892Z"",""no_price_dollars"":""0.5500"",""taker_side"":""no"",""ticker"":""KXETH15M-26APR272045-45"",""trade_id"":""35de54c6-25ad-70b2-79d8-f04ade139d66"",""yes_price_dollars"":""0.4500""}"
KXETH15M-26APR272045-45,6ffbab5d-87b8-62b3-db46-5431524f2127,1777336494,0.44,1.0,yes,"{""count_fp"":""1.00"",""created_time"":""2026-04-28T00:34:54.130386Z"",""no_price_dollars"":""0.5600"",""taker_side"":""yes"",""ticker"":""KXETH15M-26APR272045-45"",""trade_id"":""6ffbab5d-87b8-62b3-db46-5431524f2127"",""yes_price_dollars"":""0.4400""}"
KXETH15M-26APR272045-45,99ef55f5-2add-4c54-acbe-a3fe5a3ac32f,1777336498,0.46,100.0,yes,"{""count_fp"":""100.00"",""created_time"":""2026-04-28T00:34:58.617325Z"",""no_price_dollars"":""0.5400"",""taker_side"":""yes"",""ticker"":""KXETH15M-26APR272045-45"",""trade_id"":""99ef55f5-2add-4c54-acbe-a3fe5a3ac32f"",""yes_price_dollars"":""0.4600""}"
KXETH15M-26APR272045-45,64821523-2d5f-49f8-97a7-168118038601,1777336498,0.46,10.0,yes,"{""count_fp"":""10.00"",""created_time"":""2026-04-28T00:34:58.617325Z"",""no_price_dollars"":""0.5400"",""taker_side"":""yes"",""ticker"":""KXETH15M-26APR272045-45"",""trade_id"":""64821523-2d5f-49f8-97a7-168118038601"",""yes_price_dollars"":""0.4600""}"
KXETH15M-26APR272045-45,0d236a19-7fa3-435c-b39b-dbfa0d1ceedf,1777336498,0.46,5.0,yes,"{""count_fp"":""5.00"",""created_time"":""2026-04-28T00:34:58.617325Z"",""no_price_dollars"":""0.5400"",""taker_side"":""yes"",""ticker"":""KXETH15M-26APR272045-45"",""trade_id"":""0d236a19-7fa3-435c-b39b-dbfa0d1ceedf"",""yes_price_dollars"":""0.4600""}"
KXETH15M-26APR272045-45,fc2c1a9b-afc9-79d8-d943-fd505eec3f3e,1777336500,0.46,2.0,no,"{""count_fp"":""2.00"",""created_time"":""2026-04-28T00:35:00.267637Z"",""no_price_dollars"":""0.5400"",""taker_side"":""no"",""ticker"":""KXETH15M-26APR272045-45"",""trade_id"":""fc2c1a9b-afc9-79d8-d943-fd505eec3f3e"",""yes_price_dollars"":""0.4600""}"
KXETH15M-26APR272045-45,4683d54f-db0f-684e-e221-f31d0dadfadd,1777336503,0.52,10.0,yes,"{""count_fp"":""10.00"",""created_time"":""2026-04-28T00:35:03.965056Z"",""no_price_dollars"":""0.4800"",""taker_side"":""yes"",""ticker"":""KXETH15M-26APR272045-45"",""trade_id"":""4683d54f-db0f-684e-e221-f31d0dadfadd"",""yes_price_dollars"":""0.5200""}"
KXETH15M-26APR272045-45,3ae1251b-5501-765f-cbae-6ca68740d2fe,1777336503,0.5,10.0,yes,"{""count_fp"":""10.00"",""created_time"":""2026-04-28T00:35:03.820977Z"",""no_price_dollars"":""0.5000"",""taker_side"":""yes"",""ticker"":""KXETH15M-26APR272045-45"",""trade_id"":""3ae1251b-5501-765f-cbae-6ca68740d2fe"",""yes_price_dollars"":""0.5000""}"
KXETH15M-26APR272045-45,a9a80f28-b16e-6373-613a-bdfc843a73ed,1777336503,0.48,5.0,yes,"{""count_fp"":""5.00"",""created_time"":""2026-04-28T00:35:03.254692Z"",""no_price_dollars"":""0.5200"",""taker_side"":""yes"",""ticker"":""KXETH15M-26APR272045-45"",""trade_id"":""a9a80f28-b16e-6373-613a-bdfc843a73ed"",""yes_price_dollars"":""0.4800""}"
KXETH15M-26APR272045-45,8b984c46-6885-6bc6-5cc1-84a8fb6c2e49,1777336503,0.5,3.85,yes,"{""count_fp"":""3.85"",""created_time"":""2026-04-28T00:35:03.254692Z"",""no_price_dollars"":""0.5000"",""taker_side"":""yes"",""ticker"":""KXETH15M-26APR272045-45"",""trade_id"":""8b984c46-6885-6bc6-5cc1-84a8fb6c2e49"",""yes_price_dollars"":""0.5000""}"
KXETH15M-26APR272045-45,04de8579-bb20-678f-4645-420cf0418094,1777336503,0.5,1.0,yes,"{""count_fp"":""1.00"",""created_time"":""2026-04-28T00:35:03.254692Z"",""no_price_dollars"":""0.5000"",""taker_side"":""yes"",""ticker"":""KXETH15M-26APR272045-45"",""trade_id"":""04de8579-bb20-678f-4645-420cf0418094"",""yes_price_dollars"":""0.5000""}"
KXETH15M-26APR272045-45,a835f1b0-1886-6734-06fc-d9802fa9be1b,1777336504,0.53,17.0,yes,"{""count_fp"":""17.00"",""created_time"":""2026-04-28T00:35:04.500885Z"",""no_price_dollars"":""0.4700"",""taker_side"":""yes"",""ticker"":""KXETH15M-26APR272045-45"",""trade_id"":""a835f1b0-1886-6734-06fc-d9802fa9be1b"",""yes_price_dollars"":""0.5300""}"
KXETH15M-26APR272045-45,47e35546-400a-5027-3ac4-1d295e1e6335,1777336504,0.52,45.0,no,"{""count_fp"":""45.00"",""created_time"":""2026-04-28T00:35:04.401408Z"",""no_price_dollars"":""0.4800"",""taker_side"":""no"",""ticker"":""KXETH15M-26APR272045-45"",""trade_id"":""47e35546-400a-5027-3ac4-1d295e1e6335"",""yes_price_dollars"":""0.5200""}"
KXETH15M-26APR272045-45,7becbeb5-612a-40d7-791d-c64371d5143d,1777336504,0.52,9.0,no,"{""count_fp"":""9.00"",""created_time"":""2026-04-28T00:35:04.322981Z"",""no_price_dollars"":""0.4800"",""taker_side"":""no"",""ticker"":""KXETH15M-26APR272045-45"",""trade_id"":""7becbeb5-612a-40d7-791d-c64371d5143d"",""yes_price_dollars"":""0.5200""}"
KXETH15M-26APR272045-45,14c637c5-489c-4c12-e598-3ae10bde741f,1777336513,0.56,4.91,yes,"{""count_fp"":""4.91"",""created_time"":""2026-04-28T00:35:13.660748Z"",""no_price_dollars"":""0.4400"",""taker_side"":""yes"",""ticker"":""KXETH15M-26APR272045-45"",""trade_id"":""14c637c5-489c-4c12-e598-3ae10bde741f"",""yes_price_dollars"":""0.5600""}"
KXETH15M-26APR272045-45,54dd60ad-f402-5219-13dd-35d7354501fb,1777336513,0.56,0.67,yes,"{""count_fp"":""0.67"",""created_time"":""2026-04-28T00:35:13.181696Z"",""no_price_dollars"":""0.4400"",""taker_side"":""yes"",""ticker"":""KXETH15M-26APR272045-45"",""trade_id"":""54dd60ad-f402-5219-13dd-35d7354501fb"",""yes_price_dollars"":""0.5600""}"
KXETH15M-26APR272045-45,c26c3680-4b88-4dc8-be69-274fa0d5139b,1777336515,0.54,10.0,no,"{""count_fp"":""10.00"",""created_time"":""2026-04-28T00:35:15.216783Z"",""no_price_dollars"":""0.4600"",""taker_side"":""no"",""ticker"":""KXETH15M-26APR272045-45"",""trade_id"":""c26c3680-4b88-4dc8-be69-274fa0d5139b"",""yes_price_dollars"":""0.5400""}"
KXETH15M-26APR272045-45,bd28aa97-8e3f-49ee-8fe2-b0842acac5c8,1777336515,0.54,2.5,no,"{""count_fp"":""2.50"",""created_time"":""2026-04-28T00:35:15.216783Z"",""no_price_dollars"":""0.4600"",""taker_side"":""no"",""ticker"":""KXETH15M-26APR272045-45"",""trade_id"":""bd28aa97-8e3f-49ee-8fe2-b0842acac5c8"",""yes_price_dollars"":""0.5400""}"
KXETH15M-26APR272045-45,7141cd95-0445-7fb3-7100-b5a6910d7d8f,1777336517,0.56,3.46,yes,"{""count_fp"":""3.46"",""created_time"":""2026-04-28T00:35:17.185657Z"",""no_price_dollars"":""0.4400"",""taker_side"":""yes"",""ticker"":""KXETH15M-26APR272045-45"",""trade_id"":""7141cd95-0445-7fb3-7100-b5a6910d7d8f"",""yes_price_dollars"":""0.5600""}"
KXETH15M-26APR272045-45,f807ee04-d6ad-41df-d2c0-5a0c83805fda,1777336522,0.52,10.0,no,"{""count_fp"":""10.00"",""created_time"":""2026-04-28T00:35:22.735543Z"",""no_price_dollars"":""0.4800"",""taker_side"":""no"",""ticker"":""KXETH15M-26APR272045-45"",""trade_id"":""f807ee04-d6ad-41df-d2c0-5a0c83805fda"",""yes_price_dollars"":""0.5200""}"
KXETH15M-26APR272045-45,06d03e55-a5d6-4467-dadb-f694a0982489,1777336522,0.52,96.0,no,"{""count_fp"":""96.00"",""created_time"":""2026-04-28T00:35:22.735543Z"",""no_price_dollars"":""0.4800"",""taker_side"":""no"",""ticker"":""KXETH15M-26APR272045-45"",""trade_id"":""06d03e55-a5d6-4467-dadb-f694a0982489"",""yes_price_dollars"":""0.5200""}"
KXETH15M-26APR272045-45,838caf3b-fc45-79a4-6d2e-0563df0cc8f7,1777336523,0.52,12.04,no,"{""count_fp"":""12.04"",""created_time"":""2026-04-28T00:35:23.159264Z"",""no_price_dollars"":""0.4800"",""taker_side"":""no"",""ticker"":""KXETH15M-26APR272045-45"",""trade_id"":""838caf3b-fc45-79a4-6d2e-0563df0cc8f7"",""yes_price_dollars"":""0.5200""}"
KXETH15M-26APR272045-45,aabafcb7-bd1c-7902-ddef-11e648333b7a,1777336528,0.53,3.64,yes,"{""count_fp"":""3.64"",""created_time"":""2026-04-28T00:35:28.600907Z"",""no_price_dollars"":""0.4700"",""taker_side"":""yes"",""ticker"":""KXETH15M-26APR272045-45"",""trade_id"":""aabafcb7-bd1c-7902-ddef-11e648333b7a"",""yes_price_dollars"":""0.5300""}"
KXETH15M-26APR272045-45,5eb3175a-4186-4759-f0a8-fe900ac6936c,1777336529,0.5,3.0,no,"{""count_fp"":""3.00"",""created_time"":""2026-04-28T00:35:29.289144Z"",""no_price_dollars"":""0.5000"",""taker_side"":""no"",""ticker"":""KXETH15M-26APR272045-45"",""trade_id"":""5eb3175a-4186-4759-f0a8-fe900ac6936c"",""yes_price_dollars"":""0.5000""}"
KXETH15M-26APR272045-45,f25bead3-2eae-5455-f6c6-5b35ee64e3fc,1777336531,0.5,13.76,no,"{""count_fp"":""13.76"",""created_time"":""2026-04-28T00:35:31.297328Z"",""no_price_dollars"":""0.5000"",""taker_side"":""no"",""ticker"":""KXETH15M-26APR272045-45"",""trade_id"":""f25bead3-2eae-5455-f6c6-5b35ee64e3fc"",""yes_price_dollars"":""0.5000""}"
KXETH15M-26APR272045-45,43055779-9376-5974-d471-070e29ebe986,1777336531,0.5,10.0,no,"{""count_fp"":""10.00"",""created_time"":""2026-04-28T00:35:31.297328Z"",""no_price_dollars"":""0.5000"",""taker_side"":""no"",""ticker"":""KXETH15M-26APR272045-45"",""trade_id"":""43055779-9376-5974-d471-070e29ebe986"",""yes_price_dollars"":""0.5000""}"
KXETH15M-26APR272045-45,d7715d6d-c6fa-4a78-bb5e-2425db87f226,1777336538,0.51,0.24,yes,"{""count_fp"":""0.24"",""created_time"":""2026-04-28T00:35:38.466306Z"",""no_price_dollars"":""0.4900"",""taker_side"":""yes"",""ticker"":""KXETH15M-26APR272045-45"",""trade_id"":""d7715d6d-c6fa-4a78-bb5e-2425db87f226"",""yes_price_dollars"":""0.5100""}"
KXETH15M-26APR272045-45,e332ad7a-dbc4-7241-c2b6-4e6fbaf6d9ef,1777336538,0.5,1.24,yes,"{""count_fp"":""1.24"",""created_time"":""2026-04-28T00:35:38.450004Z"",""no_price_dollars"":""0.5000"",""taker_side"":""yes"",""ticker"":""KXETH15M-26APR272045-45"",""trade_id"":""e332ad7a-dbc4-7241-c2b6-4e6fbaf6d9ef"",""yes_price_dollars"":""0.5000""}"
KXETH15M-26APR272045-45,abc76184-eb7e-79d0-c059-553f585a67da,1777336538,0.51,9.76,yes,"{""count_fp"":""9.76"",""created_time"":""2026-04-28T00:35:38.450004Z"",""no_price_dollars"":""0.4900"",""taker_side"":""yes"",""ticker"":""KXETH15M-26APR272045-45"",""trade_id"":""abc76184-eb7e-79d0-c059-553f585a67da"",""yes_price_dollars"":""0.5100""}"
KXETH15M-26APR272045-45,74205987-0ce6-7bf1-c91f-2df97c0fa9aa,1777336538,0.51,5.0,yes,"{""count_fp"":""5.00"",""created_time"":""2026-04-28T00:35:38.450004Z"",""no_price_dollars"":""0.4900"",""taker_side"":""yes"",""ticker"":""KXETH15M-26APR272045-45"",""trade_id"":""74205987-0ce6-7bf1-c91f-2df97c0fa9aa"",""yes_price_dollars"":""0.5100""}"
KXETH15M-26APR272045-45,7e1ea7f5-65e6-548b-ed55-b93730daea3d,1777336538,0.49,9.0,yes,"{""count_fp"":""9.00"",""created_time"":""2026-04-28T00:35:38.249001Z"",""no_price_dollars"":""0.5100"",""taker_side"":""yes"",""ticker"":""KXETH15M-26APR272045-45"",""trade_id"":""7e1ea7f5-65e6-548b-ed55-b93730daea3d"",""yes_price_dollars"":""0.4900""}"
KXETH15M-26APR272045-45,6da615ee-d882-78d1-1f5f-7b8c95227f5f,1777336540,0.55,24.5,yes,"{""count_fp"":""24.50"",""created_time"":""2026-04-28T00:35:40.167672Z"",""no_price_dollars"":""0.4500"",""taker_side"":""yes"",""ticker"":""KXETH15M-26APR272045-45"",""trade_id"":""6da615ee-d882-78d1-1f5f-7b8c95227f5f"",""yes_price_dollars"":""0.5500""}"
KXETH15M-26APR272045-45,d3670059-22e8-644a-d992-f3d04410e486,1777336545,0.57,3.4,yes,"{""count_fp"":""3.40"",""created_time"":""2026-04-28T00:35:45.806423Z"",""no_price_dollars"":""0.4300"",""taker_side"":""yes"",""ticker"":""KXETH15M-26APR272045-45"",""trade_id"":""d3670059-22e8-644a-d992-f3d04410e486"",""yes_price_dollars"":""0.5700""}"
KXETH15M-26APR272045-45,d7a48351-2322-7593-9830-170691e20df1,1777336545,0.54,20.94,no,"{""count_fp"":""20.94"",""created_time"":""2026-04-28T00:35:45.181907Z"",""no_price_dollars"":""0.4600"",""taker_side"":""no"",""ticker"":""KXETH15M-26APR272045-45"",""trade_id"":""d7a48351-2322-7593-9830-170691e20df1"",""yes_price_dollars"":""0.5400""}"
KXETH15M-26APR272045-45,448a46e9-abba-53f1-bb64-0f4015f82caf,1777336550,0.57,9.88,yes,"{""count_fp"":""9.88"",""created_time"":""2026-04-28T00:35:50.566568Z"",""no_price_dollars"":""0.4300"",""taker_side"":""yes"",""ticker"":""KXETH15M-26APR272045-45"",""trade_id"":""448a46e9-abba-53f1-bb64-0f4015f82caf"",""yes_price_dollars"":""0.5700""}"
KXETH15M-26APR272045-45,63320c0f-0c27-5e0e-b30f-6c3cae74b527,1777336561,0.6,1.0,no,"{""count_fp"":""1.00"",""created_time"":""2026-04-28T00:36:01.865167Z"",""no_price_dollars"":""0.4000"",""taker_side"":""no"",""ticker"":""KXETH15M-26APR272045-45"",""trade_id"":""63320c0f-0c27-5e0e-b30f-6c3cae74b527"",""yes_price_dollars"":""0.6000""}"
KXETH15M-26APR272045-45,e52dde99-6e01-73c8-d7fb-743a699071b4,1777336564,0.59,10.0,no,"{""count_fp"":""10.00"",""created_time"":""2026-04-28T00:36:04.953172Z"",""no_price_dollars"":""0.4100"",""taker_side"":""no"",""ticker"":""KXETH15M-26APR272045-45"",""trade_id"":""e52dde99-6e01-73c8-d7fb-743a699071b4"",""yes_price_dollars"":""0.5900""}"
KXETH15M-26APR272045-45,144f58b2-733e-7187-c4e3-b446daf2e2ad,1777336564,0.59,36.42,no,"{""count_fp"":""36.42"",""created_time"":""2026-04-28T00:36:04.953172Z"",""no_price_dollars"":""0.4100"",""taker_side"":""no"",""ticker"":""KXETH15M-26APR272045-45"",""trade_id"":""144f58b2-733e-7187-c4e3-b446daf2e2ad"",""yes_price_dollars"":""0.5900""}"
KXETH15M-26APR272045-45,ba1ebb6a-d0f0-5607-6378-01dfb1fdf8fe,1777336566,0.63,6.18,yes,"{""count_fp"":""6.18"",""created_time"":""2026-04-28T00:36:06.990487Z"",""no_price_dollars"":""0.3700"",""taker_side"":""yes"",""ticker"":""KXETH15M-26APR272045-45"",""trade_id"":""ba1ebb6a-d0f0-5607-6378-01dfb1fdf8fe"",""yes_price_dollars"":""0.6300""}"
KXETH15M-26APR272045-45,b1a42dee-0d16-696b-8e28-a4be3af13db2,1777336568,0.63,15.47,yes,"{""count_fp"":""15.47"",""created_time"":""2026-04-28T00:36:08.122209Z"",""no_price_dollars"":""0.3700"",""taker_side"":""yes"",""ticker"":""KXETH15M-26APR272045-45"",""trade_id"":""b1a42dee-0d16-696b-8e28-a4be3af13db2"",""yes_price_dollars"":""0.6300""}"
KXETH15M-26APR272045-45,611a98a7-a446-67a7-fd46-67c67b4470bd,1777336570,0.62,56.0,no,"{""count_fp"":""56.00"",""created_time"":""2026-04-28T00:36:10.840128Z"",""no_price_dollars"":""0.3800"",""taker_side"":""no"",""ticker"":""KXETH15M-26APR272045-45"",""trade_id"":""611a98a7-a446-67a7-fd46-67c67b4470bd"",""yes_price_dollars"":""0.6200""}"
KXETH15M-26APR272045-45,3e39ce49-1e73-6ff7-f2fe-212b63b9d356,1777336570,0.63,3.0,no,"{""count_fp"":""3.00"",""created_time"":""2026-04-28T00:36:10.840128Z"",""no_price_dollars"":""0.3700"",""taker_side"":""no"",""ticker"":""KXETH15M-26APR272045-45"",""trade_id"":""3e39ce49-1e73-6ff7-f2fe-212b63b9d356"",""yes_price_dollars"":""0.6300""}"
KXETH15M-26APR272045-45,c75af12a-5cc3-6f0b-e86f-0f69cdf3503e,1777336570,0.63,2.0,no,"{""count_fp"":""2.00"",""created_time"":""2026-04-28T00:36:10.170551Z"",""no_price_dollars"":""0.3700"",""taker_side"":""no"",""ticker"":""KXETH15M-26APR272045-45"",""trade_id"":""c75af12a-5cc3-6f0b-e86f-0f69cdf3503e"",""yes_price_dollars"":""0.6300""}"
KXETH15M-26APR272045-45,6423148f-973b-5194-da40-c08040c682e0,1777336571,0.64,1.0,yes,"{""count_fp"":""1.00"",""created_time"":""2026-04-28T00:36:11.111721Z"",""no_price_dollars"":""0.3600"",""taker_side"":""yes"",""ticker"":""KXETH15M-26APR272045-45"",""trade_id"":""6423148f-973b-5194-da40-c08040c682e0"",""yes_price_dollars"":""0.6400""}"
KXETH15M-26APR272045-45,ece37025-db34-6d14-9fe9-e593311dc8cc,1777336572,0.67,22.75,yes,"{""count_fp"":""22.75"",""created_time"":""2026-04-28T00:36:12.679467Z"",""no_price_dollars"":""0.3300"",""taker_side"":""yes"",""ticker"":""KXETH15M-26APR272045-45"",""trade_id"":""ece37025-db34-6d14-9fe9-e593311dc8cc"",""yes_price_dollars"":""0.6700""}"
KXETH15M-26APR272045-45,4cea498a-a9fc-4630-4313-c8a30c250124,1777336572,0.67,33.25,yes,"{""count_fp"":""33.25"",""created_time"":""2026-04-28T00:36:12.653181Z"",""no_price_dollars"":""0.3300"",""taker_side"":""yes"",""ticker"":""KXETH15M-26APR272045-45"",""trade_id"":""4cea498a-a9fc-4630-4313-c8a30c250124"",""yes_price_dollars"":""0.6700""}"
KXETH15M-26APR272045-45,2370fc4f-68d7-45e2-53b9-36a76d5eed7a,1777336572,0.67,10.0,yes,"{""count_fp"":""10.00"",""created_time"":""2026-04-28T00:36:12.653181Z"",""no_price_dollars"":""0.3300"",""taker_side"":""yes"",""ticker"":""KXETH15M-26APR272045-45"",""trade_id"":""2370fc4f-68d7-45e2-53b9-36a76d5eed7a"",""yes_price_dollars"":""0.6700""}"
KXETH15M-26APR272045-45,a3e96ba1-efce-44d3-ba09-f2f38009600a,1777336573,0.69,3.0,yes,"{""count_fp"":""3.00"",""created_time"":""2026-04-28T00:36:13.760269Z"",""no_price_dollars"":""0.3100"",""taker_side"":""yes"",""ticker"":""KXETH15M-26APR272045-45"",""trade_id"":""a3e96ba1-efce-44d3-ba09-f2f38009600a"",""yes_price_dollars"":""0.6900""}"
KXETH15M-26APR272045-45,73b83a49-02b6-5b73-9ce9-d64aa2996065,1777336575,0.66,1.62,no,"{""count_fp"":""1.62"",""created_time"":""2026-04-28T00:36:15.041141Z"",""no_price_dollars"":""0.3400"",""taker_side"":""no"",""ticker"":""KXETH15M-26APR272045-45"",""trade_id"":""73b83a49-02b6-5b73-9ce9-d64aa2996065"",""yes_price_dollars"":""0.6600""}"
KXETH15M-26APR272045-45,8161b464-620e-763f-4c33-fa9f2d4a4d4e,1777336576,0.69,1.41,yes,"{""count_fp"":""1.41"",""created_time"":""2026-04-28T00:36:16.703419Z"",""no_price_dollars"":""0.3100"",""taker_side"":""yes"",""ticker"":""KXETH15M-26APR272045-45"",""trade_id"":""8161b464-620e-763f-4c33-fa9f2d4a4d4e"",""yes_price_dollars"":""0.6900""}"
KXETH15M-26APR272045-45,3ecd2227-3456-7db3-7666-78cd045c59fd,1777336580,0.66,15.47,no,"{""count_fp"":""15.47"",""created_time"":""2026-04-28T00:36:20.948934Z"",""no_price_dollars"":""0.3400"",""taker_side"":""no"",""ticker"":""KXETH15M-26APR272045-45"",""trade_id"":""3ecd2227-3456-7db3-7666-78cd045c59fd"",""yes_price_dollars"":""0.6600""}"
KXETH15M-26APR272045-45,1f81c564-94ee-605b-0055-53561ac28b3b,1777336583,0.72,1.0,yes,"{""count_fp"":""1.00"",""created_time"":""2026-04-28T00:36:23.350037Z"",""no_price_dollars"":""0.2800"",""taker_side"":""yes"",""ticker"":""KXETH15M-26APR272045-45"",""trade_id"":""1f81c564-94ee-605b-0055-53561ac28b3b"",""yes_price_dollars"":""0.7200""}"
KXETH15M-26APR272045-45,ebc4cf99-3578-7a5e-2511-58c26c4f1f4e,1777336587,0.75,1.31,yes,"{""count_fp"":""1.31"",""created_time"":""2026-04-28T00:36:27.640199Z"",""no_price_dollars"":""0.2500"",""taker_side"":""yes"",""ticker"":""KXETH15M-26APR272045-45"",""trade_id"":""ebc4cf99-3578-7a5e-2511-58c26c4f1f4e"",""yes_price_dollars"":""0.7500""}"
KXETH15M-26APR272045-45,6ef531ba-7914-5c82-2714-472013ae86ce,1777336590,0.75,2.0,yes,"{""count_fp"":""2.00"",""created_time"":""2026-04-28T00:36:30.706291Z"",""no_price_dollars"":""0.2500"",""taker_side"":""yes"",""ticker"":""KXETH15M-26APR272045-45"",""trade_id"":""6ef531ba-7914-5c82-2714-472013ae86ce"",""yes_price_dollars"":""0.7500""}"
KXETH15M-26APR272045-45,f3a7d350-8a60-50aa-95fe-88abfc9943fe,1777336591,0.75,0.33,yes,"{""count_fp"":""0.33"",""created_time"":""2026-04-28T00:36:31.150025Z"",""no_price_dollars"":""0.2500"",""taker_side"":""yes"",""ticker"":""KXETH15M-26APR272045-45"",""trade_id"":""f3a7d350-8a60-50aa-95fe-88abfc9943fe"",""yes_price_dollars"":""0.7500""}"
KXETH15M-26APR272045-45,44d470e2-e9e3-58a8-a602-9e4ab37cb632,1777336591,0.75,1.72,yes,"{""count_fp"":""1.72"",""created_time"":""2026-04-28T00:36:31.150025Z"",""no_price_dollars"":""0.2500"",""taker_side"":""yes"",""ticker"":""KXETH15M-26APR272045-45"",""trade_id"":""44d470e2-e9e3-58a8-a602-9e4ab37cb632"",""yes_price_dollars"":""0.7500""}"
KXETH15M-26APR272045-45,4f046ce1-927e-5225-3f09-148b1910650f,1777336592,0.73,7.61,no,"{""count_fp"":""7.61"",""created_time"":""2026-04-28T00:36:32.001148Z"",""no_price_dollars"":""0.2700"",""taker_side"":""no"",""ticker"":""KXETH15M-26APR272045-45"",""trade_id"":""4f046ce1-927e-5225-3f09-148b1910650f"",""yes_price_dollars"":""0.7300""}"
KXETH15M-26APR272045-45,0c37a5a6-5dfe-531b-24e2-4afa62d7398b,1777336592,0.73,10.0,no,"{""count_fp"":""10.00"",""created_time"":""2026-04-28T00:36:32.001148Z"",""no_price_dollars"":""0.2700"",""taker_side"":""no"",""ticker"":""KXETH15M-26APR272045-45"",""trade_id"":""0c37a5a6-5dfe-531b-24e2-4afa62d7398b"",""yes_price_dollars"":""0.7300""}"
KXETH15M-26APR272045-45,0c2516ce-411e-43f4-e8d5-231aa82970b8,1777336594,0.7,1.0,no,"{""count_fp"":""1.00"",""created_time"":""2026-04-28T00:36:34.497242Z"",""no_price_dollars"":""0.3000"",""taker_side"":""no"",""ticker"":""KXETH15M-26APR272045-45"",""trade_id"":""0c2516ce-411e-43f4-e8d5-231aa82970b8"",""yes_price_dollars"":""0.7000""}"
KXETH15M-26APR272045-45,47d767f0-4f32-605f-36b5-7f69fb6e0936,1777336596,0.74,6.55,yes,"{""count_fp"":""6.55"",""created_time"":""2026-04-28T00:36:36.920279Z"",""no_price_dollars"":""0.2600"",""taker_side"":""yes"",""ticker"":""KXETH15M-26APR272045-45"",""trade_id"":""47d767f0-4f32-605f-36b5-7f69fb6e0936"",""yes_price_dollars"":""0.7400""}"
KXETH15M-26APR272045-45,d0390732-9925-49d5-a089-a0c630d1a4a1,1777336597,0.71,10.0,no,"{""count_fp"":""10.00"",""created_time"":""2026-04-28T00:36:37.807713Z"",""no_price_dollars"":""0.2900"",""taker_side"":""no"",""ticker"":""KXETH15M-26APR272045-45"",""trade_id"":""d0390732-9925-49d5-a089-a0c630d1a4a1"",""yes_price_dollars"":""0.7100""}"
KXETH15M-26APR272045-45,0f60c7d3-a72a-4ba5-ad84-c73dfba16b4f,1777336597,0.71,6.42,no,"{""count_fp"":""6.42"",""created_time"":""2026-04-28T00:36:37.807713Z"",""no_price_dollars"":""0.2900"",""taker_side"":""no"",""ticker"":""KXETH15M-26APR272045-45"",""trade_id"":""0f60c7d3-a72a-4ba5-ad84-c73dfba16b4f"",""yes_price_dollars"":""0.7100""}"
KXETH15M-26APR272045-45,584a2740-20e6-7c07-373a-4d07f1f1c9ff,1777336610,0.73,10.0,yes,"{""count_fp"":""10.00"",""created_time"":""2026-04-28T00:36:50.618681Z"",""no_price_dollars"":""0.2700"",""taker_side"":""yes"",""ticker"":""KXETH15M-26APR272045-45"",""trade_id"":""584a2740-20e6-7c07-373a-4d07f1f1c9ff"",""yes_price_dollars"":""0.7300""}"
KXETH15M-26APR272045-45,51d4c1f4-4d6b-6013-4167-dbf48da6a389,1777336611,0.73,0.25,yes,"{""count_fp"":""0.25"",""created_time"":""2026-04-28T00:36:51.046042Z"",""no_price_dollars"":""0.2700"",""taker_side"":""yes"",""ticker"":""KXETH15M-26APR272045-45"",""trade_id"":""51d4c1f4-4d6b-6013-4167-dbf48da6a389"",""yes_price_dollars"":""0.7300""}"
KXETH15M-26APR272045-45,5771e8a7-b103-641f-6d64-468fceb462e1,1777336611,0.73,9.0,yes,"{""count_fp"":""9.00"",""created_time"":""2026-04-28T00:36:51.021949Z"",""no_price_dollars"":""0.2700"",""taker_side"":""yes"",""ticker"":""KXETH15M-26APR272045-45"",""trade_id"":""5771e8a7-b103-641f-6d64-468fceb462e1"",""yes_price_dollars"":""0.7300""}"
KXETH15M-26APR272045-45,257c3f00-e016-6ec7-f1ea-3f8a629e5a86,1777336613,0.78,16.74,yes,"{""count_fp"":""16.74"",""created_time"":""2026-04-28T00:36:53.266406Z"",""no_price_dollars"":""0.2200"",""taker_side"":""yes"",""ticker"":""KXETH15M-26APR272045-45"",""trade_id"":""257c3f00-e016-6ec7-f1ea-3f8a629e5a86"",""yes_price_dollars"":""0.7800""}"
KXETH15M-26APR272045-45,1db8aed5-ac59-64b6-cf2c-1d4877350bfe,1777336619,0.79,1.0,yes,"{""count_fp"":""1.00"",""created_time"":""2026-04-28T00:36:59.222424Z"",""no_price_dollars"":""0.2100"",""taker_side"":""yes"",""ticker"":""KXETH15M-26APR272045-45"",""trade_id"":""1db8aed5-ac59-64b6-cf2c-1d4877350bfe"",""yes_price_dollars"":""0.7900""}"
KXETH15M-26APR272045-45,83354549-9d48-56d5-787b-9eb022ef3fea,1777336620,0.8,10.0,yes,"{""count_fp"":""10.00"",""created_time"":""2026-04-28T00:37:00.324615Z"",""no_price_dollars"":""0.2000"",""taker_side"":""yes"",""ticker"":""KXETH15M-26APR272045-45"",""trade_id"":""83354549-9d48-56d5-787b-9eb022ef3fea"",""yes_price_dollars"":""0.8000""}"
KXETH15M-26APR272045-45,341dee00-fc86-5c97-6eb7-154ee76d9dda,1777336620,0.8,2.0,yes,"{""count_fp"":""2.00"",""created_time"":""2026-04-28T00:37:00.324615Z"",""no_price_dollars"":""0.2000"",""taker_side"":""yes"",""ticker"":""KXETH15M-26APR272045-45"",""trade_id"":""341dee00-fc86-5c97-6eb7-154ee76d9dda"",""yes_price_dollars"":""0.8000""}"
KXETH15M-26APR272045-45,55d14958-7ef6-7da3-a4ea-d88075bffdfa,1777336621,0.8,1.0,yes,"{""count_fp"":""1.00"",""created_time"":""2026-04-28T00:37:01.802842Z"",""no_price_dollars"":""0.2000"",""taker_side"":""yes"",""ticker"":""KXETH15M-26APR272045-45"",""trade_id"":""55d14958-7ef6-7da3-a4ea-d88075bffdfa"",""yes_price_dollars"":""0.8000""}"
KXETH15M-26APR272045-45,4b8608da-9ada-5fda-770c-2226958d3cc5,1777336622,0.81,60.0,yes,"{""count_fp"":""60.00"",""created_time"":""2026-04-28T00:37:02.452394Z"",""no_price_dollars"":""0.1900"",""taker_side"":""yes"",""ticker"":""KXETH15M-26APR272045-45"",""trade_id"":""4b8608da-9ada-5fda-770c-2226958d3cc5"",""yes_price_dollars"":""0.8100""}"
KXETH15M-26APR272045-45,e288a1c2-ad2b-5477-6092-07f18e4259ea,1777336623,0.82,1.0,no,"{""count_fp"":""1.00"",""created_time"":""2026-04-28T00:37:03.741467Z"",""no_price_dollars"":""0.1800"",""taker_side"":""no"",""ticker"":""KXETH15M-26APR272045-45"",""trade_id"":""e288a1c2-ad2b-5477-6092-07f18e4259ea"",""yes_price_dollars"":""0.8200""}"
KXETH15M-26APR272045-45,98abc155-e2f6-52c3-ae90-836cc4ecce42,1777336624,0.85,18.63,yes,"{""count_fp"":""18.63"",""created_time"":""2026-04-28T00:37:04.142768Z"",""no_price_dollars"":""0.1500"",""taker_side"":""yes"",""ticker"":""KXETH15M-26APR272045-45"",""trade_id"":""98abc155-e2f6-52c3-ae90-836cc4ecce42"",""yes_price_dollars"":""0.8500""}"
KXETH15M-26APR272045-45,db377ffa-6d55-5158-1f1a-e65fb60a881c,1777336629,0.87,5.0,yes,"{""count_fp"":""5.00"",""created_time"":""2026-04-28T00:37:09.530224Z"",""no_price_dollars"":""0.1300"",""taker_side"":""yes"",""ticker"":""KXETH15M-26APR272045-45"",""trade_id"":""db377ffa-6d55-5158-1f1a-e65fb60a881c"",""yes_price_dollars"":""0.8700""}"
KXETH15M-26APR272045-45,08e46070-a6a7-6adb-176d-6a4c01628f2a,1777336631,0.86,1.31,no,"{""count_fp"":""1.31"",""created_time"":""2026-04-28T00:37:11.038548Z"",""no_price_dollars"":""0.1400"",""taker_side"":""no"",""ticker"":""KXETH15M-26APR272045-45"",""trade_id"":""08e46070-a6a7-6adb-176d-6a4c01628f2a"",""yes_price_dollars"":""0.8600""}"
KXETH15M-26APR272045-45,814f059b-ca76-5487-5b06-a9eabb272006,1777336632,0.87,489.76,yes,"{""count_fp"":""489.76"",""created_time"":""2026-04-28T00:37:12.217784Z"",""no_price_dollars"":""0.1300"",""taker_side"":""yes"",""ticker"":""KXETH15M-26APR272045-45"",""trade_id"":""814f059b-ca76-5487-5b06-a9eabb272006"",""yes_price_dollars"":""0.8700""}"
KXETH15M-26APR272045-45,4d859d69-3312-542e-4620-528b473574f9,1777336632,0.87,8.0,yes,"{""count_fp"":""8.00"",""created_time"":""2026-04-28T00:37:12.217784Z"",""no_price_dollars"":""0.1300"",""taker_side"":""yes"",""ticker"":""KXETH15M-26APR272045-45"",""trade_id"":""4d859d69-3312-542e-4620-528b473574f9"",""yes_price_dollars"":""0.8700""}"
KXETH15M-26APR272045-45,ec3fb257-5dce-5517-4cbd-f5641fdf4176,1777336636,0.87,103.0,yes,"{""count_fp"":""103.00"",""created_time"":""2026-04-28T00:37:16.108322Z"",""no_price_dollars"":""0.1300"",""taker_side"":""yes"",""ticker"":""KXETH15M-26APR272045-45"",""trade_id"":""ec3fb257-5dce-5517-4cbd-f5641fdf4176"",""yes_price_dollars"":""0.8700""}"
KXETH15M-26APR272045-45,3624abb2-2259-487d-bfee-e5ae797db6fe,1777336637,0.89,10.0,no,"{""count_fp"":""10.00"",""created_time"":""2026-04-28T00:37:17.681909Z"",""no_price_dollars"":""0.1100"",""taker_side"":""no"",""ticker"":""KXETH15M-26APR272045-45"",""trade_id"":""3624abb2-2259-487d-bfee-e5ae797db6fe"",""yes_price_dollars"":""0.8900""}"
KXETH15M-26APR272045-45,9a48b393-f862-6ee9-4376-5dd9058a258f,1777336637,0.9,1.0,yes,"{""count_fp"":""1.00"",""created_time"":""2026-04-28T00:37:17.427409Z"",""no_price_dollars"":""0.1000"",""taker_side"":""yes"",""ticker"":""KXETH15M-26APR272045-45"",""trade_id"":""9a48b393-f862-6ee9-4376-5dd9058a258f"",""yes_price_dollars"":""0.9000""}"
KXETH15M-26APR272045-45,59507525-4e0d-626b-4a14-2e18e85cb2cd,1777336637,0.9,9.0,yes,"{""count_fp"":""9.00"",""created_time"":""2026-04-28T00:37:17.427409Z"",""no_price_dollars"":""0.1000"",""taker_side"":""yes"",""ticker"":""KXETH15M-26APR272045-45"",""trade_id"":""59507525-4e0d-626b-4a14-2e18e85cb2cd"",""yes_price_dollars"":""0.9000""}"
KXETH15M-26APR272045-45,9dfdbb96-bf5b-4bb3-308b-c308a0cb844a,1777336637,0.88,5.0,no,"{""count_fp"":""5.00"",""created_time"":""2026-04-28T00:37:17.253296Z"",""no_price_dollars"":""0.1200"",""taker_side"":""no"",""ticker"":""KXETH15M-26APR272045-45"",""trade_id"":""9dfdbb96-bf5b-4bb3-308b-c308a0cb844a"",""yes_price_dollars"":""0.8800""}"
KXETH15M-26APR272045-45,bb9d6916-e70b-5ccc-ae37-a2f84d01e0d2,1777336637,0.89,10.0,no,"{""count_fp"":""10.00"",""created_time"":""2026-04-28T00:37:17.000828Z"",""no_price_dollars"":""0.1100"",""taker_side"":""no"",""ticker"":""KXETH15M-26APR272045-45"",""trade_id"":""bb9d6916-e70b-5ccc-ae37-a2f84d01e0d2"",""yes_price_dollars"":""0.8900""}"
KXETH15M-26APR272045-45,d5b92208-24d2-78d7-0049-6a753559945a,1777336638,0.9,10.0,yes,"{""count_fp"":""10.00"",""created_time"":""2026-04-28T00:37:18.782323Z"",""no_price_dollars"":""0.1000"",""taker_side"":""yes"",""ticker"":""KXETH15M-26APR272045-45"",""trade_id"":""d5b92208-24d2-78d7-0049-6a753559945a"",""yes_price_dollars"":""0.9000""}"
KXETH15M-26APR272045-45,6c167022-4536-40eb-85f7-eadaa231e50e,1777336638,0.9,1.1,yes,"{""count_fp"":""1.10"",""created_time"":""2026-04-28T00:37:18.762105Z"",""no_price_dollars"":""0.1000"",""taker_side"":""yes"",""ticker"":""KXETH15M-26APR272045-45"",""trade_id"":""6c167022-4536-40eb-85f7-eadaa231e50e"",""yes_price_dollars"":""0.9000""}"
KXETH15M-26APR272045-45,f459477e-1ef6-6d15-7459-8c0355f1e44d,1777336638,0.9,3.0,yes,"{""count_fp"":""3.00"",""created_time"":""2026-04-28T00:37:18.114165Z"",""no_price_dollars"":""0.1000"",""taker_side"":""yes"",""ticker"":""KXETH15M-26APR272045-45"",""trade_id"":""f459477e-1ef6-6d15-7459-8c0355f1e44d"",""yes_price_dollars"":""0.9000""}"
KXETH15M-26APR272045-45,d8868404-3fd4-64cf-7c61-f290946c058c,1777336638,0.9,1.0,yes,"{""count_fp"":""1.00"",""created_time"":""2026-04-28T00:37:18.114165Z"",""no_price_dollars"":""0.1000"",""taker_side"":""yes"",""ticker"":""KXETH15M-26APR272045-45"",""trade_id"":""d8868404-3fd4-64cf-7c61-f290946c058c"",""yes_price_dollars"":""0.9000""}"
KXETH15M-26APR272045-45,a7ac5331-eae6-6633-71ab-51ecd28f52be,1777336638,0.9,6.0,yes,"{""count_fp"":""6.00"",""created_time"":""2026-04-28T00:37:18.114165Z"",""no_price_dollars"":""0.1000"",""taker_side"":""yes"",""ticker"":""KXETH15M-26APR272045-45"",""trade_id"":""a7ac5331-eae6-6633-71ab-51ecd28f52be"",""yes_price_dollars"":""0.9000""}"
KXETH15M-26APR272045-45,95f3d461-5b0d-7d62-bbc9-ddb9122cc697,1777336640,0.87,10.0,no,"{""count_fp"":""10.00"",""created_time"":""2026-04-28T00:37:20.381779Z"",""no_price_dollars"":""0.1300"",""taker_side"":""no"",""ticker"":""KXETH15M-26APR272045-45"",""trade_id"":""95f3d461-5b0d-7d62-bbc9-ddb9122cc697"",""yes_price_dollars"":""0.8700""}"
KXETH15M-26APR272045-45,2bad5a33-8c72-7df1-8352-38eaea07ff03,1777336640,0.87,100.0,no,"{""count_fp"":""100.00"",""created_time"":""2026-04-28T00:37:20.381779Z"",""no_price_dollars"":""0.1300"",""taker_side"":""no"",""ticker"":""KXETH15M-26APR272045-45"",""trade_id"":""2bad5a33-8c72-7df1-8352-38eaea07ff03"",""yes_price_dollars"":""0.8700""}"
KXETH15M-26APR272045-45,ac1d31f4-aaca-65b7-bd22-00b543b2ed48,1777336642,0.86,1.0,no,"{""count_fp"":""1.00"",""created_time"":""2026-04-28T00:37:22.170208Z"",""no_price_dollars"":""0.1400"",""taker_side"":""no"",""ticker"":""KXETH15M-26APR272045-45"",""trade_id"":""ac1d31f4-aaca-65b7-bd22-00b543b2ed48"",""yes_price_dollars"":""0.8600""}"
KXETH15M-26APR272045-45,bf4b43bb-971e-72a7-e5a0-b57872419216,1777336643,0.88,5.0,yes,"{""count_fp"":""5.00"",""created_time"":""2026-04-28T00:37:23.712691Z"",""no_price_dollars"":""0.1200"",""taker_side"":""yes"",""ticker"":""KXETH15M-26APR272045-45"",""trade_id"":""bf4b43bb-971e-72a7-e5a0-b57872419216"",""yes_price_dollars"":""0.8800""}"
KXETH15M-26APR272045-45,c6b0bb21-c02a-57e3-4a50-4efd67882b3a,1777336643,0.88,1.0,yes,"{""count_fp"":""1.00"",""created_time"":""2026-04-28T00:37:23.252868Z"",""no_price_dollars"":""0.1200"",""taker_side"":""yes"",""ticker"":""KXETH15M-26APR272045-45"",""trade_id"":""c6b0bb21-c02a-57e3-4a50-4efd67882b3a"",""yes_price_dollars"":""0.8800""}"
KXETH15M-26APR272045-45,60eec7f2-9332-7e5f-7e18-61b6de1c8e12,1777336645,0.88,413.56,yes,"{""count_fp"":""413.56"",""created_time"":""2026-04-28T00:37:25.445244Z"",""no_price_dollars"":""0.1200"",""taker_side"":""yes"",""ticker"":""KXETH15M-26APR272045-45"",""trade_id"":""60eec7f2-9332-7e5f-7e18-61b6de1c8e12"",""yes_price_dollars"":""0.8800""}"
KXETH15M-26APR272045-45,ca2cdfa8-33e5-6ccd-75a2-df463fa3526a,1777336646,0.87,10.0,no,"{""count_fp"":""10.00"",""created_time"":""2026-04-28T00:37:26.575908Z"",""no_price_dollars"":""0.1300"",""taker_side"":""no"",""ticker"":""KXETH15M-26APR272045-45"",""trade_id"":""ca2cdfa8-33e5-6ccd-75a2-df463fa3526a"",""yes_price_dollars"":""0.8700""}"
KXETH15M-26APR272045-45,b328f1b6-bd35-6790-637c-b78333a5b30e,1777336646,0.87,114.0,no,"{""count_fp"":""114.00"",""created_time"":""2026-04-28T00:37:26.575908Z"",""no_price_dollars"":""0.1300"",""taker_side"":""no"",""ticker"":""KXETH15M-26APR272045-45"",""trade_id"":""b328f1b6-bd35-6790-637c-b78333a5b30e"",""yes_price_dollars"":""0.8700""}"
KXETH15M-26APR272045-45,b1b6470b-8859-6181-650c-e2008185748e,1777336646,0.87,100.0,no,"{""count_fp"":""100.00"",""created_time"":""2026-04-28T00:37:26.575908Z"",""no_price_dollars"":""0.1300"",""taker_side"":""no"",""ticker"":""KXETH15M-26APR272045-45"",""trade_id"":""b1b6470b-8859-6181-650c-e2008185748e"",""yes_price_dollars"":""0.8700""}"
KXETH15M-26APR272045-45,28c4cab0-93ae-4cef-9f07-7f6937ca6bb2,1777336646,0.88,19.0,yes,"{""count_fp"":""19.00"",""created_time"":""2026-04-28T00:37:26.417487Z"",""no_price_dollars"":""0.1200"",""taker_side"":""yes"",""ticker"":""KXETH15M-26APR272045-45"",""trade_id"":""28c4cab0-93ae-4cef-9f07-7f6937ca6bb2"",""yes_price_dollars"":""0.8800""}"
KXETH15M-26APR272045-45,da731a69-0f2b-609f-1ea2-ed378872ce72,1777336647,0.85,10.0,no,"{""count_fp"":""10.00"",""created_time"":""2026-04-28T00:37:27.976708Z"",""no_price_dollars"":""0.1500"",""taker_side"":""no"",""ticker"":""KXETH15M-26APR272045-45"",""trade_id"":""da731a69-0f2b-609f-1ea2-ed378872ce72"",""yes_price_dollars"":""0.8500""}"
KXETH15M-26APR272045-45,a1ed0a44-a7f3-682d-3279-185fcde9fab7,1777336647,0.85,50.0,no,"{""count_fp"":""50.00"",""created_time"":""2026-04-28T00:37:27.976708Z"",""no_price_dollars"":""0.1500"",""taker_side"":""no"",""ticker"":""KXETH15M-26APR272045-45"",""trade_id"":""a1ed0a44-a7f3-682d-3279-185fcde9fab7"",""yes_price_dollars"":""0.8500""}"
KXETH15M-26APR272045-45,ac57fe28-98be-6ddf-2977-0df67704f4f8,1777336647,0.86,16.0,no,"{""count_fp"":""16.00"",""created_time"":""2026-04-28T00:37:27.300126Z"",""no_price_dollars"":""0.1400"",""taker_side"":""no"",""ticker"":""KXETH15M-26APR272045-45"",""trade_id"":""ac57fe28-98be-6ddf-2977-0df67704f4f8"",""yes_price_dollars"":""0.8600""}"
KXETH15M-26APR272045-45,a6617f0f-b1d8-42be-9bcc-9d1c270f513e,1777336647,0.87,1.0,yes,"{""count_fp"":""1.00"",""created_time"":""2026-04-28T00:37:27.284555Z"",""no_price_dollars"":""0.1300"",""taker_side"":""yes"",""ticker"":""KXETH15M-26APR272045-45"",""trade_id"":""a6617f0f-b1d8-42be-9bcc-9d1c270f513e"",""yes_price_dollars"":""0.8700""}"
KXETH15M-26APR272045-45,b45d847f-5607-66c8-5176-320d170b65b8,1777336651,0.84,1.0,yes,"{""count_fp"":""1.00"",""created_time"":""2026-04-28T00:37:31.808617Z"",""no_price_dollars"":""0.1600"",""taker_side"":""yes"",""ticker"":""KXETH15M-26APR272045-45"",""trade_id"":""b45d847f-5607-66c8-5176-320d170b65b8"",""yes_price_dollars"":""0.8400""}"
KXETH15M-26APR272045-45,5c45e3ff-c6df-47b8-ecba-7b6107d8dd68,1777336654,0.83,5.0,yes,"{""count_fp"":""5.00"",""created_time"":""2026-04-28T00:37:34.566537Z"",""no_price_dollars"":""0.1700"",""taker_side"":""yes"",""ticker"":""KXETH15M-26APR272045-45"",""trade_id"":""5c45e3ff-c6df-47b8-ecba-7b6107d8dd68"",""yes_price_dollars"":""0.8300""}"
KXETH15M-26APR272045-45,e697da0e-e438-6380-2181-f6799a6b0ff7,1777336656,0.84,10.0,yes,"{""count_fp"":""10.00"",""created_time"":""2026-04-28T00:37:36.495672Z"",""no_price_dollars"":""0.1600"",""taker_side"":""yes"",""ticker"":""KXETH15M-26APR272045-45"",""trade_id"":""e697da0e-e438-6380-2181-f6799a6b0ff7"",""yes_price_dollars"":""0.8400""}"
KXETH15M-26APR272045-45,548daa5c-41a6-62ff-39ba-e41b17607536,1777336656,0.84,5.0,yes,"{""count_fp"":""5.00"",""created_time"":""2026-04-28T00:37:36.495672Z"",""no_price_dollars"":""0.1600"",""taker_side"":""yes"",""ticker"":""KXETH15M-26APR272045-45"",""trade_id"":""548daa5c-41a6-62ff-39ba-e41b17607536"",""yes_price_dollars"":""0.8400""}"
KXETH15M-26APR272045-45,f0987511-3a2a-5df2-5ad1-522cdbb3c930,1777336660,0.85,70.0,yes,"{""count_fp"":""70.00"",""created_time"":""2026-04-28T00:37:40.112494Z"",""no_price_dollars"":""0.1500"",""taker_side"":""yes"",""ticker"":""KXETH15M-26APR272045-45"",""trade_id"":""f0987511-3a2a-5df2-5ad1-522cdbb3c930"",""yes_price_dollars"":""0.8500""}"
KXETH15M-26APR272045-45,dd5e9837-14fa-502b-28e9-8b548d837132,1777336664,0.89,34.0,yes,"{""count_fp"":""34.00"",""created_time"":""2026-04-28T00:37:44.694545Z"",""no_price_dollars"":""0.1100"",""taker_side"":""yes"",""ticker"":""KXETH15M-26APR272045-45"",""trade_id"":""dd5e9837-14fa-502b-28e9-8b548d837132"",""yes_price_dollars"":""0.8900""}"
KXETH15M-26APR272045-45,d77b5494-b993-547c-1b61-5bcecf3ea094,1777336664,0.88,10.0,yes,"{""count_fp"":""10.00"",""created_time"":""2026-04-28T00:37:44.694545Z"",""no_price_dollars"":""0.1200"",""taker_side"":""yes"",""ticker"":""KXETH15M-26APR272045-45"",""trade_id"":""d77b5494-b993-547c-1b61-5bcecf3ea094"",""yes_price_dollars"":""0.8800""}"
KXETH15M-26APR272045-45,f9656fee-3006-64ac-dacc-d3bcd59270f6,1777336665,0.86,10.0,no,"{""count_fp"":""10.00"",""created_time"":""2026-04-28T00:37:45.807295Z"",""no_price_dollars"":""0.1400"",""taker_side"":""no"",""ticker"":""KXETH15M-26APR272045-45"",""trade_id"":""f9656fee-3006-64ac-dacc-d3bcd59270f6"",""yes_price_dollars"":""0.8600""}"
KXETH15M-26APR272045-45,f8edc5bf-2aae-6133-dcb2-e723aaf9decd,1777336665,0.84,159.23,no,"{""count_fp"":""159.23"",""created_time"":""2026-04-28T00:37:45.807295Z"",""no_price_dollars"":""0.1600"",""taker_side"":""no"",""ticker"":""KXETH15M-26APR272045-45"",""trade_id"":""f8edc5bf-2aae-6133-dcb2-e723aaf9decd"",""yes_price_dollars"":""0.8400""}"
KXETH15M-26APR272045-45,aa980498-cc37-6608-ceb2-f1299ef07735,1777336665,0.85,10.0,no,"{""count_fp"":""10.00"",""created_time"":""2026-04-28T00:37:45.807295Z"",""no_price_dollars"":""0.1500"",""taker_side"":""no"",""ticker"":""KXETH15M-26APR272045-45"",""trade_id"":""aa980498-cc37-6608-ceb2-f1299ef07735"",""yes_price_dollars"":""0.8500""}"
KXETH15M-26APR272045-45,31fca266-3ae5-6f6e-d865-795ad8f66d73,1777336665,0.86,100.0,no,"{""count_fp"":""100.00"",""created_time"":""2026-04-28T00:37:45.807295Z"",""no_price_dollars"":""0.1400"",""taker_side"":""no"",""ticker"":""KXETH15M-26APR272045-45"",""trade_id"":""31fca266-3ae5-6f6e-d865-795ad8f66d73"",""yes_price_dollars"":""0.8600""}"
KXETH15M-26APR272045-45,179ae71e-82ce-560b-6248-3bce4fca2855,1777336666,0.84,6.18,no,"{""count_fp"":""6.18"",""created_time"":""2026-04-28T00:37:46.432262Z"",""no_price_dollars"":""0.1600"",""taker_side"":""no"",""ticker"":""KXETH15M-26APR272045-45"",""trade_id"":""179ae71e-82ce-560b-6248-3bce4fca2855"",""yes_price_dollars"":""0.8400""}"
KXETH15M-26APR272045-45,5972fa5b-3d5e-7747-a703-140b384fdf11,1777336668,0.84,59.02,no,"{""count_fp"":""59.02"",""created_time"":""2026-04-28T00:37:48.613009Z"",""no_price_dollars"":""0.1600"",""taker_side"":""no"",""ticker"":""KXETH15M-26APR272045-45"",""trade_id"":""5972fa5b-3d5e-7747-a703-140b384fdf11"",""yes_price_dollars"":""0.8400""}"
KXETH15M-26APR272045-45,28d2beaa-7d1d-7a4f-8a17-1586fd13e609,1777336672,0.88,5.63,yes,"{""count_fp"":""5.63"",""created_time"":""2026-04-28T00:37:52.272201Z"",""no_price_dollars"":""0.1200"",""taker_side"":""yes"",""ticker"":""KXETH15M-26APR272045-45"",""trade_id"":""28d2beaa-7d1d-7a4f-8a17-1586fd13e609"",""yes_price_dollars"":""0.8800""}"
KXETH15M-26APR272045-45,60b55ecf-620b-717a-906b-2337e82f9597,1777336683,0.86,1.0,yes,"{""count_fp"":""1.00"",""created_time"":""2026-04-28T00:38:03.149151Z"",""no_price_dollars"":""0.1400"",""taker_side"":""yes"",""ticker"":""KXETH15M-26APR272045-45"",""trade_id"":""60b55ecf-620b-717a-906b-2337e82f9597"",""yes_price_dollars"":""0.8600""}"
KXETH15M-26APR272045-45,33a410ab-2406-783c-95ed-647be34bcd1d,1777336683,0.86,4.0,yes,"{""count_fp"":""4.00"",""created_time"":""2026-04-28T00:38:03.149151Z"",""no_price_dollars"":""0.1400"",""taker_side"":""yes"",""ticker"":""KXETH15M-26APR272045-45"",""trade_id"":""33a410ab-2406-783c-95ed-647be34bcd1d"",""yes_price_dollars"":""0.8600""}"
KXETH15M-26APR272045-45,29e03506-cf12-7faf-b4ec-59447f1bd346,1777336685,0.88,3.0,yes,"{""count_fp"":""3.00"",""created_time"":""2026-04-28T00:38:05.618692Z"",""no_price_dollars"":""0.1200"",""taker_side"":""yes"",""ticker"":""KXETH15M-26APR272045-45"",""trade_id"":""29e03506-cf12-7faf-b4ec-59447f1bd346"",""yes_price_dollars"":""0.8800""}"
KXETH15M-26APR272045-45,6f23e190-ff15-433a-5eea-9a2d92b6ea53,1777336687,0.87,10.0,no,"{""count_fp"":""10.00"",""created_time"":""2026-04-28T00:38:07.660949Z"",""no_price_dollars"":""0.1300"",""taker_side"":""no"",""ticker"":""KXETH15M-26APR272045-45"",""trade_id"":""6f23e190-ff15-433a-5eea-9a2d92b6ea53"",""yes_price_dollars"":""0.8700""}"
KXETH15M-26APR272045-45,41e3b17c-f7a8-4c1a-587a-4c642bad6d86,1777336687,0.87,100.0,no,"{""count_fp"":""100.00"",""created_time"":""2026-04-28T00:38:07.660949Z"",""no_price_dollars"":""0.1300"",""taker_side"":""no"",""ticker"":""KXETH15M-26APR272045-45"",""trade_id"":""41e3b17c-f7a8-4c1a-587a-4c642bad6d86"",""yes_price_dollars"":""0.8700""}"
KXETH15M-26APR272045-45,18aec10c-5c17-4448-562b-dadb83c70fb2,1777336687,0.86,53.06,no,"{""count_fp"":""53.06"",""created_time"":""2026-04-28T00:38:07.660949Z"",""no_price_dollars"":""0.1400"",""taker_side"":""no"",""ticker"":""KXETH15M-26APR272045-45"",""trade_id"":""18aec10c-5c17-4448-562b-dadb83c70fb2"",""yes_price_dollars"":""0.8600""}"
KXETH15M-26APR272045-45,ff14567b-14c7-4d3c-3a3d-3bff3add9376,1777336689,0.86,3.4,no,"{""count_fp"":""3.40"",""created_time"":""2026-04-28T00:38:09.256573Z"",""no_price_dollars"":""0.1400"",""taker_side"":""no"",""ticker"":""KXETH15M-26APR272045-45"",""trade_id"":""ff14567b-14c7-4d3c-3a3d-3bff3add9376"",""yes_price_dollars"":""0.8600""}"
KXETH15M-26APR272045-45,d49327e7-74de-7e06-3c57-3a9f5bcafe58,1777336696,0.91,1.0,yes,"{""count_fp"":""1.00"",""created_time"":""2026-04-28T00:38:16.969244Z"",""no_price_dollars"":""0.0900"",""taker_side"":""yes"",""ticker"":""KXETH15M-26APR272045-45"",""trade_id"":""d49327e7-74de-7e06-3c57-3a9f5bcafe58"",""yes_price_dollars"":""0.9100""}"
KXETH15M-26APR272045-45,40853855-91da-7f8c-0df0-1201be54a348,1777336696,0.91,0.06,yes,"{""count_fp"":""0.06"",""created_time"":""2026-04-28T00:38:16.969244Z"",""no_price_dollars"":""0.0900"",""taker_side"":""yes"",""ticker"":""KXETH15M-26APR272045-45"",""trade_id"":""40853855-91da-7f8c-0df0-1201be54a348"",""yes_price_dollars"":""0.9100""}"
KXETH15M-26APR272045-45,4e489c68-76fe-61ee-9fab-fbe0877e2bd0,1777336697,0.89,1.1,no,"{""count_fp"":""1.10"",""created_time"":""2026-04-28T00:38:17.807519Z"",""no_price_dollars"":""0.1100"",""taker_side"":""no"",""ticker"":""KXETH15M-26APR272045-45"",""trade_id"":""4e489c68-76fe-61ee-9fab-fbe0877e2bd0"",""yes_price_dollars"":""0.8900""}"
KXETH15M-26APR272045-45,d24b3a2b-f05e-5e75-077d-9baf771cfb37,1777336700,0.87,1.0,no,"{""count_fp"":""1.00"",""created_time"":""2026-04-28T00:38:20.215189Z"",""no_price_dollars"":""0.1300"",""taker_side"":""no"",""ticker"":""KXETH15M-26APR272045-45"",""trade_id"":""d24b3a2b-f05e-5e75-077d-9baf771cfb37"",""yes_price_dollars"":""0.8700""}"
KXETH15M-26APR272045-45,7a5aaba2-91e7-54af-4adc-7ad556dafff1,1777336703,0.89,3.0,yes,"{""count_fp"":""3.00"",""created_time"":""2026-04-28T00:38:23.084826Z"",""no_price_dollars"":""0.1100"",""taker_side"":""yes"",""ticker"":""KXETH15M-26APR272045-45"",""trade_id"":""7a5aaba2-91e7-54af-4adc-7ad556dafff1"",""yes_price_dollars"":""0.8900""}"
KXETH15M-26APR272045-45,95e9570c-8cf2-6418-8223-3d9dd0cdebbb,1777336705,0.9,7.84,no,"{""count_fp"":""7.84"",""created_time"":""2026-04-28T00:38:25.842586Z"",""no_price_dollars"":""0.1000"",""taker_side"":""no"",""ticker"":""KXETH15M-26APR272045-45"",""trade_id"":""95e9570c-8cf2-6418-8223-3d9dd0cdebbb"",""yes_price_dollars"":""0.9000""}"
KXETH15M-26APR272045-45,dc8e3851-0148-48fe-2355-4419a8c83369,1777336707,0.92,44.37,yes,"{""count_fp"":""44.37"",""created_time"":""2026-04-28T00:38:27.243813Z"",""no_price_dollars"":""0.0800"",""taker_side"":""yes"",""ticker"":""KXETH15M-26APR272045-45"",""trade_id"":""dc8e3851-0148-48fe-2355-4419a8c83369"",""yes_price_dollars"":""0.9200""}"
KXETH15M-26APR272045-45,c0b64451-1e43-465f-26c0-a2ed3a215383,1777336707,0.918,20.0,yes,"{""count_fp"":""20.00"",""created_time"":""2026-04-28T00:38:27.243813Z"",""no_price_dollars"":""0.0820"",""taker_side"":""yes"",""ticker"":""KXETH15M-26APR272045-45"",""trade_id"":""c0b64451-1e43-465f-26c0-a2ed3a215383"",""yes_price_dollars"":""0.9180""}"
KXETH15M-26APR272045-45,941c5e5b-d866-4909-037a-4e1e4cada1ee,1777336707,0.92,1.0,yes,"{""count_fp"":""1.00"",""created_time"":""2026-04-28T00:38:27.243813Z"",""no_price_dollars"":""0.0800"",""taker_side"":""yes"",""ticker"":""KXETH15M-26APR272045-45"",""trade_id"":""941c5e5b-d866-4909-037a-4e1e4cada1ee"",""yes_price_dollars"":""0.9200""}"
