ticker,trade_id,ts,yes_price,count,taker_side,raw_json
KXETH15M-26APR271615-15,39eaf5f7-2407-6bcc-77f2-9602f0d4a2f9,1777320001,0.5,1.0,no,"{""count_fp"":""1.00"",""created_time"":""2026-04-27T20:00:01.395536Z"",""no_price_dollars"":""0.5000"",""taker_side"":""no"",""ticker"":""KXETH15M-26APR271615-15"",""trade_id"":""39eaf5f7-2407-6bcc-77f2-9602f0d4a2f9"",""yes_price_dollars"":""0.5000""}"
KXETH15M-26APR271615-15,5dd44289-6a3d-7b8c-ccda-3ac389288759,1777320012,0.5,4.0,yes,"{""count_fp"":""4.00"",""created_time"":""2026-04-27T20:00:12.782235Z"",""no_price_dollars"":""0.5000"",""taker_side"":""yes"",""ticker"":""KXETH15M-26APR271615-15"",""trade_id"":""5dd44289-6a3d-7b8c-ccda-3ac389288759"",""yes_price_dollars"":""0.5000""}"
KXETH15M-26APR271615-15,9ed2c75f-6135-68c4-5e0b-4f7455323879,1777320012,0.5,1.0,yes,"{""count_fp"":""1.00"",""created_time"":""2026-04-27T20:00:12.771722Z"",""no_price_dollars"":""0.5000"",""taker_side"":""yes"",""ticker"":""KXETH15M-26APR271615-15"",""trade_id"":""9ed2c75f-6135-68c4-5e0b-4f7455323879"",""yes_price_dollars"":""0.5000""}"
KXETH15M-26APR271615-15,d32349fc-d488-6462-5ca6-2476e2cf9344,1777320012,0.5,2.0,yes,"{""count_fp"":""2.00"",""created_time"":""2026-04-27T20:00:12.606811Z"",""no_price_dollars"":""0.5000"",""taker_side"":""yes"",""ticker"":""KXETH15M-26APR271615-15"",""trade_id"":""d32349fc-d488-6462-5ca6-2476e2cf9344"",""yes_price_dollars"":""0.5000""}"
KXETH15M-26APR271615-15,be63e3d4-1bbf-6986-664c-9a0c0e0acb45,1777320012,0.49,1.0,yes,"{""count_fp"":""1.00"",""created_time"":""2026-04-27T20:00:12.606811Z"",""no_price_dollars"":""0.5100"",""taker_side"":""yes"",""ticker"":""KXETH15M-26APR271615-15"",""trade_id"":""be63e3d4-1bbf-6986-664c-9a0c0e0acb45"",""yes_price_dollars"":""0.4900""}"
KXETH15M-26APR271615-15,30d18809-4b8c-72d9-268c-c0324c8ccd35,1777320013,0.74,1.0,yes,"{""count_fp"":""1.00"",""created_time"":""2026-04-27T20:00:13.363517Z"",""no_price_dollars"":""0.2600"",""taker_side"":""yes"",""ticker"":""KXETH15M-26APR271615-15"",""trade_id"":""30d18809-4b8c-72d9-268c-c0324c8ccd35"",""yes_price_dollars"":""0.7400""}"
KXETH15M-26APR271615-15,2df60673-4430-7aa4-2bdd-6508a30e986c,1777320013,0.7,4.0,yes,"{""count_fp"":""4.00"",""created_time"":""2026-04-27T20:00:13.363517Z"",""no_price_dollars"":""0.3000"",""taker_side"":""yes"",""ticker"":""KXETH15M-26APR271615-15"",""trade_id"":""2df60673-4430-7aa4-2bdd-6508a30e986c"",""yes_price_dollars"":""0.7000""}"
KXETH15M-26APR271615-15,e855ea57-5f64-7ee3-06b6-de4a521fcb76,1777320015,0.69,1.0,no,"{""count_fp"":""1.00"",""created_time"":""2026-04-27T20:00:15.883154Z"",""no_price_dollars"":""0.3100"",""taker_side"":""no"",""ticker"":""KXETH15M-26APR271615-15"",""trade_id"":""e855ea57-5f64-7ee3-06b6-de4a521fcb76"",""yes_price_dollars"":""0.6900""}"
KXETH15M-26APR271615-15,c8882928-945f-71a5-3a63-185463d03a84,1777320015,0.68,4.0,no,"{""count_fp"":""4.00"",""created_time"":""2026-04-27T20:00:15.883154Z"",""no_price_dollars"":""0.3200"",""taker_side"":""no"",""ticker"":""KXETH15M-26APR271615-15"",""trade_id"":""c8882928-945f-71a5-3a63-185463d03a84"",""yes_price_dollars"":""0.6800""}"
KXETH15M-26APR271615-15,cb6ddc72-d1bf-591d-4a05-67b0db8b7778,1777320016,0.68,37.0,no,"{""count_fp"":""37.00"",""created_time"":""2026-04-27T20:00:16.107271Z"",""no_price_dollars"":""0.3200"",""taker_side"":""no"",""ticker"":""KXETH15M-26APR271615-15"",""trade_id"":""cb6ddc72-d1bf-591d-4a05-67b0db8b7778"",""yes_price_dollars"":""0.6800""}"
KXETH15M-26APR271615-15,96d26631-6702-5982-7a4e-33e7d339eaa8,1777320016,0.69,1.0,no,"{""count_fp"":""1.00"",""created_time"":""2026-04-27T20:00:16.107271Z"",""no_price_dollars"":""0.3100"",""taker_side"":""no"",""ticker"":""KXETH15M-26APR271615-15"",""trade_id"":""96d26631-6702-5982-7a4e-33e7d339eaa8"",""yes_price_dollars"":""0.6900""}"
KXETH15M-26APR271615-15,a0fa73a0-cbd7-4553-fc2f-d19d0e532209,1777320017,0.69,22.86,no,"{""count_fp"":""22.86"",""created_time"":""2026-04-27T20:00:17.714121Z"",""no_price_dollars"":""0.3100"",""taker_side"":""no"",""ticker"":""KXETH15M-26APR271615-15"",""trade_id"":""a0fa73a0-cbd7-4553-fc2f-d19d0e532209"",""yes_price_dollars"":""0.6900""}"
KXETH15M-26APR271615-15,0188688d-3ca2-4b69-e357-27f46cdbb52d,1777320017,0.69,1.0,no,"{""count_fp"":""1.00"",""created_time"":""2026-04-27T20:00:17.714121Z"",""no_price_dollars"":""0.3100"",""taker_side"":""no"",""ticker"":""KXETH15M-26APR271615-15"",""trade_id"":""0188688d-3ca2-4b69-e357-27f46cdbb52d"",""yes_price_dollars"":""0.6900""}"
KXETH15M-26APR271615-15,10b21a37-3c04-57ee-49ca-e142351450e6,1777320018,0.69,1.0,no,"{""count_fp"":""1.00"",""created_time"":""2026-04-27T20:00:18.175505Z"",""no_price_dollars"":""0.3100"",""taker_side"":""no"",""ticker"":""KXETH15M-26APR271615-15"",""trade_id"":""10b21a37-3c04-57ee-49ca-e142351450e6"",""yes_price_dollars"":""0.6900""}"
KXETH15M-26APR271615-15,f462c081-f0f7-6d4b-6e83-e518544e2cd9,1777320019,0.68,1.56,no,"{""count_fp"":""1.56"",""created_time"":""2026-04-27T20:00:19.536035Z"",""no_price_dollars"":""0.3200"",""taker_side"":""no"",""ticker"":""KXETH15M-26APR271615-15"",""trade_id"":""f462c081-f0f7-6d4b-6e83-e518544e2cd9"",""yes_price_dollars"":""0.6800""}"
KXETH15M-26APR271615-15,ccecddfa-5041-672b-5924-651bf3f216d8,1777320019,0.68,12.44,no,"{""count_fp"":""12.44"",""created_time"":""2026-04-27T20:00:19.536035Z"",""no_price_dollars"":""0.3200"",""taker_side"":""no"",""ticker"":""KXETH15M-26APR271615-15"",""trade_id"":""ccecddfa-5041-672b-5924-651bf3f216d8"",""yes_price_dollars"":""0.6800""}"
KXETH15M-26APR271615-15,55bdf830-4763-4c2d-c057-a47dcbdcd0dc,1777320020,0.67,2.89,no,"{""count_fp"":""2.89"",""created_time"":""2026-04-27T20:00:20.628389Z"",""no_price_dollars"":""0.3300"",""taker_side"":""no"",""ticker"":""KXETH15M-26APR271615-15"",""trade_id"":""55bdf830-4763-4c2d-c057-a47dcbdcd0dc"",""yes_price_dollars"":""0.6700""}"
KXETH15M-26APR271615-15,96f88a58-9f73-4827-35a9-816bccdc9531,1777320021,0.69,2.0,no,"{""count_fp"":""2.00"",""created_time"":""2026-04-27T20:00:21.634198Z"",""no_price_dollars"":""0.3100"",""taker_side"":""no"",""ticker"":""KXETH15M-26APR271615-15"",""trade_id"":""96f88a58-9f73-4827-35a9-816bccdc9531"",""yes_price_dollars"":""0.6900""}"
KXETH15M-26APR271615-15,14bd1f86-e3af-4602-27e9-79700bd84f9c,1777320021,0.69,1.0,no,"{""count_fp"":""1.00"",""created_time"":""2026-04-27T20:00:21.634198Z"",""no_price_dollars"":""0.3100"",""taker_side"":""no"",""ticker"":""KXETH15M-26APR271615-15"",""trade_id"":""14bd1f86-e3af-4602-27e9-79700bd84f9c"",""yes_price_dollars"":""0.6900""}"
KXETH15M-26APR271615-15,eb335442-91c4-687f-66ee-6915c94d543f,1777320025,0.74,1.0,no,"{""count_fp"":""1.00"",""created_time"":""2026-04-27T20:00:25.463759Z"",""no_price_dollars"":""0.2600"",""taker_side"":""no"",""ticker"":""KXETH15M-26APR271615-15"",""trade_id"":""eb335442-91c4-687f-66ee-6915c94d543f"",""yes_price_dollars"":""0.7400""}"
KXETH15M-26APR271615-15,c98cb6a3-0bb2-6e46-0e42-ce366d666fd8,1777320027,0.7,28.0,no,"{""count_fp"":""28.00"",""created_time"":""2026-04-27T20:00:27.263607Z"",""no_price_dollars"":""0.3000"",""taker_side"":""no"",""ticker"":""KXETH15M-26APR271615-15"",""trade_id"":""c98cb6a3-0bb2-6e46-0e42-ce366d666fd8"",""yes_price_dollars"":""0.7000""}"
KXETH15M-26APR271615-15,55a77429-cff3-62bb-0f68-8ac2c4af108d,1777320027,0.7,9.84,no,"{""count_fp"":""9.84"",""created_time"":""2026-04-27T20:00:27.263607Z"",""no_price_dollars"":""0.3000"",""taker_side"":""no"",""ticker"":""KXETH15M-26APR271615-15"",""trade_id"":""55a77429-cff3-62bb-0f68-8ac2c4af108d"",""yes_price_dollars"":""0.7000""}"
KXETH15M-26APR271615-15,1dc55ace-32c7-6b58-7c6e-bbad06cbf0ce,1777320032,0.74,1.0,no,"{""count_fp"":""1.00"",""created_time"":""2026-04-27T20:00:32.526013Z"",""no_price_dollars"":""0.2600"",""taker_side"":""no"",""ticker"":""KXETH15M-26APR271615-15"",""trade_id"":""1dc55ace-32c7-6b58-7c6e-bbad06cbf0ce"",""yes_price_dollars"":""0.7400""}"
KXETH15M-26APR271615-15,05c64956-3577-6713-4c8b-773915279e71,1777320032,0.74,8.0,no,"{""count_fp"":""8.00"",""created_time"":""2026-04-27T20:00:32.526013Z"",""no_price_dollars"":""0.2600"",""taker_side"":""no"",""ticker"":""KXETH15M-26APR271615-15"",""trade_id"":""05c64956-3577-6713-4c8b-773915279e71"",""yes_price_dollars"":""0.7400""}"
KXETH15M-26APR271615-15,1904467f-e96f-653d-5e9c-2c5ef915db28,1777320035,0.72,6.8,no,"{""count_fp"":""6.80"",""created_time"":""2026-04-27T20:00:35.373701Z"",""no_price_dollars"":""0.2800"",""taker_side"":""no"",""ticker"":""KXETH15M-26APR271615-15"",""trade_id"":""1904467f-e96f-653d-5e9c-2c5ef915db28"",""yes_price_dollars"":""0.7200""}"
KXETH15M-26APR271615-15,ddb5adf1-4241-5a45-494e-012d930b1730,1777320040,0.73,1.0,no,"{""count_fp"":""1.00"",""created_time"":""2026-04-27T20:00:40.850262Z"",""no_price_dollars"":""0.2700"",""taker_side"":""no"",""ticker"":""KXETH15M-26APR271615-15"",""trade_id"":""ddb5adf1-4241-5a45-494e-012d930b1730"",""yes_price_dollars"":""0.7300""}"
KXETH15M-26APR271615-15,0478c939-deab-5163-4c36-3e0df9860a45,1777320040,0.73,62.42,no,"{""count_fp"":""62.42"",""created_time"":""2026-04-27T20:00:40.850262Z"",""no_price_dollars"":""0.2700"",""taker_side"":""no"",""ticker"":""KXETH15M-26APR271615-15"",""trade_id"":""0478c939-deab-5163-4c36-3e0df9860a45"",""yes_price_dollars"":""0.7300""}"
KXETH15M-26APR271615-15,56ce1e74-b45c-72e1-fe8f-d38d3c322fa5,1777320041,0.73,4.99,no,"{""count_fp"":""4.99"",""created_time"":""2026-04-27T20:00:41.262086Z"",""no_price_dollars"":""0.2700"",""taker_side"":""no"",""ticker"":""KXETH15M-26APR271615-15"",""trade_id"":""56ce1e74-b45c-72e1-fe8f-d38d3c322fa5"",""yes_price_dollars"":""0.7300""}"
KXETH15M-26APR271615-15,2ba9a957-6d61-7944-ddbf-bc36a9ad9e69,1777320041,0.73,1.0,no,"{""count_fp"":""1.00"",""created_time"":""2026-04-27T20:00:41.262086Z"",""no_price_dollars"":""0.2700"",""taker_side"":""no"",""ticker"":""KXETH15M-26APR271615-15"",""trade_id"":""2ba9a957-6d61-7944-ddbf-bc36a9ad9e69"",""yes_price_dollars"":""0.7300""}"
KXETH15M-26APR271615-15,2e8c4408-0213-640d-4caa-099123f92c80,1777320047,0.72,0.34,no,"{""count_fp"":""0.34"",""created_time"":""2026-04-27T20:00:47.257192Z"",""no_price_dollars"":""0.2800"",""taker_side"":""no"",""ticker"":""KXETH15M-26APR271615-15"",""trade_id"":""2e8c4408-0213-640d-4caa-099123f92c80"",""yes_price_dollars"":""0.7200""}"
KXETH15M-26APR271615-15,6d26d9a9-37f8-4567-1ef2-601f7cf13ec7,1777320048,0.73,10.0,no,"{""count_fp"":""10.00"",""created_time"":""2026-04-27T20:00:48.567231Z"",""no_price_dollars"":""0.2700"",""taker_side"":""no"",""ticker"":""KXETH15M-26APR271615-15"",""trade_id"":""6d26d9a9-37f8-4567-1ef2-601f7cf13ec7"",""yes_price_dollars"":""0.7300""}"
KXETH15M-26APR271615-15,64996fe4-2440-4381-3f2e-4204496214a1,1777320048,0.73,100.0,no,"{""count_fp"":""100.00"",""created_time"":""2026-04-27T20:00:48.567231Z"",""no_price_dollars"":""0.2700"",""taker_side"":""no"",""ticker"":""KXETH15M-26APR271615-15"",""trade_id"":""64996fe4-2440-4381-3f2e-4204496214a1"",""yes_price_dollars"":""0.7300""}"
KXETH15M-26APR271615-15,51570097-5e20-6494-bbb0-e310f6144039,1777320060,0.67,3.0,yes,"{""count_fp"":""3.00"",""created_time"":""2026-04-27T20:01:00.889986Z"",""no_price_dollars"":""0.3300"",""taker_side"":""yes"",""ticker"":""KXETH15M-26APR271615-15"",""trade_id"":""51570097-5e20-6494-bbb0-e310f6144039"",""yes_price_dollars"":""0.6700""}"
KXETH15M-26APR271615-15,5518bf95-fdec-7909-85fd-f83ff3c96df1,1777320060,0.66,2.0,yes,"{""count_fp"":""2.00"",""created_time"":""2026-04-27T20:01:00.880423Z"",""no_price_dollars"":""0.3400"",""taker_side"":""yes"",""ticker"":""KXETH15M-26APR271615-15"",""trade_id"":""5518bf95-fdec-7909-85fd-f83ff3c96df1"",""yes_price_dollars"":""0.6600""}"
KXETH15M-26APR271615-15,9bbbcaa3-c1cc-4765-6699-62509948ca1d,1777320060,0.66,36.0,yes,"{""count_fp"":""36.00"",""created_time"":""2026-04-27T20:01:00.810696Z"",""no_price_dollars"":""0.3400"",""taker_side"":""yes"",""ticker"":""KXETH15M-26APR271615-15"",""trade_id"":""9bbbcaa3-c1cc-4765-6699-62509948ca1d"",""yes_price_dollars"":""0.6600""}"
KXETH15M-26APR271615-15,157c17e9-13c5-4876-77d3-1776df89b7ab,1777320060,0.66,1.0,yes,"{""count_fp"":""1.00"",""created_time"":""2026-04-27T20:01:00.810696Z"",""no_price_dollars"":""0.3400"",""taker_side"":""yes"",""ticker"":""KXETH15M-26APR271615-15"",""trade_id"":""157c17e9-13c5-4876-77d3-1776df89b7ab"",""yes_price_dollars"":""0.6600""}"
KXETH15M-26APR271615-15,427e3cd2-c138-599d-2371-8f193cf694fd,1777320061,0.67,7.61,yes,"{""count_fp"":""7.61"",""created_time"":""2026-04-27T20:01:01.417926Z"",""no_price_dollars"":""0.3300"",""taker_side"":""yes"",""ticker"":""KXETH15M-26APR271615-15"",""trade_id"":""427e3cd2-c138-599d-2371-8f193cf694fd"",""yes_price_dollars"":""0.6700""}"
KXETH15M-26APR271615-15,10b85618-9cd2-5073-2a19-e2e1c6ee0b0c,1777320061,0.67,9.39,yes,"{""count_fp"":""9.39"",""created_time"":""2026-04-27T20:01:01.417926Z"",""no_price_dollars"":""0.3300"",""taker_side"":""yes"",""ticker"":""KXETH15M-26APR271615-15"",""trade_id"":""10b85618-9cd2-5073-2a19-e2e1c6ee0b0c"",""yes_price_dollars"":""0.6700""}"
KXETH15M-26APR271615-15,0248fe5e-3e3d-5241-1f17-49b757c51b16,1777320061,0.65,1.0,yes,"{""count_fp"":""1.00"",""created_time"":""2026-04-27T20:01:01.417926Z"",""no_price_dollars"":""0.3500"",""taker_side"":""yes"",""ticker"":""KXETH15M-26APR271615-15"",""trade_id"":""0248fe5e-3e3d-5241-1f17-49b757c51b16"",""yes_price_dollars"":""0.6500""}"
KXETH15M-26APR271615-15,4e098ea5-b3cf-6c35-18b0-ff0acb9897a0,1777320063,0.68,27.0,no,"{""count_fp"":""27.00"",""created_time"":""2026-04-27T20:01:03.723207Z"",""no_price_dollars"":""0.3200"",""taker_side"":""no"",""ticker"":""KXETH15M-26APR271615-15"",""trade_id"":""4e098ea5-b3cf-6c35-18b0-ff0acb9897a0"",""yes_price_dollars"":""0.6800""}"
KXETH15M-26APR271615-15,cf3131c3-a261-61a7-1c2b-58c3a72012b7,1777320063,0.67,10.0,yes,"{""count_fp"":""10.00"",""created_time"":""2026-04-27T20:01:03.333546Z"",""no_price_dollars"":""0.3300"",""taker_side"":""yes"",""ticker"":""KXETH15M-26APR271615-15"",""trade_id"":""cf3131c3-a261-61a7-1c2b-58c3a72012b7"",""yes_price_dollars"":""0.6700""}"
KXETH15M-26APR271615-15,60a842f7-5d4b-633f-2610-33641d5e210a,1777320063,0.67,9.39,yes,"{""count_fp"":""9.39"",""created_time"":""2026-04-27T20:01:03.333546Z"",""no_price_dollars"":""0.3300"",""taker_side"":""yes"",""ticker"":""KXETH15M-26APR271615-15"",""trade_id"":""60a842f7-5d4b-633f-2610-33641d5e210a"",""yes_price_dollars"":""0.6700""}"
KXETH15M-26APR271615-15,1f8a6066-27eb-6c14-18ae-ecb41fabb675,1777320063,0.65,1.0,yes,"{""count_fp"":""1.00"",""created_time"":""2026-04-27T20:01:03.333546Z"",""no_price_dollars"":""0.3500"",""taker_side"":""yes"",""ticker"":""KXETH15M-26APR271615-15"",""trade_id"":""1f8a6066-27eb-6c14-18ae-ecb41fabb675"",""yes_price_dollars"":""0.6500""}"
KXETH15M-26APR271615-15,5ab2b29c-d10f-5ec5-8e23-ecef00c14f28,1777320066,0.69,12.0,no,"{""count_fp"":""12.00"",""created_time"":""2026-04-27T20:01:06.632238Z"",""no_price_dollars"":""0.3100"",""taker_side"":""no"",""ticker"":""KXETH15M-26APR271615-15"",""trade_id"":""5ab2b29c-d10f-5ec5-8e23-ecef00c14f28"",""yes_price_dollars"":""0.6900""}"
KXETH15M-26APR271615-15,a739f1a2-b00e-5833-c4e4-b1f8912e0ece,1777320067,0.71,2.0,yes,"{""count_fp"":""2.00"",""created_time"":""2026-04-27T20:01:07.542571Z"",""no_price_dollars"":""0.2900"",""taker_side"":""yes"",""ticker"":""KXETH15M-26APR271615-15"",""trade_id"":""a739f1a2-b00e-5833-c4e4-b1f8912e0ece"",""yes_price_dollars"":""0.7100""}"
KXETH15M-26APR271615-15,87ac5e0f-e98f-5312-fd75-d5628fc105e2,1777320067,0.7,1.0,yes,"{""count_fp"":""1.00"",""created_time"":""2026-04-27T20:01:07.542571Z"",""no_price_dollars"":""0.3000"",""taker_side"":""yes"",""ticker"":""KXETH15M-26APR271615-15"",""trade_id"":""87ac5e0f-e98f-5312-fd75-d5628fc105e2"",""yes_price_dollars"":""0.7000""}"
KXETH15M-26APR271615-15,5b690999-e20b-68df-261e-d65f145b5bac,1777320069,0.7,0.36,no,"{""count_fp"":""0.36"",""created_time"":""2026-04-27T20:01:09.889151Z"",""no_price_dollars"":""0.3000"",""taker_side"":""no"",""ticker"":""KXETH15M-26APR271615-15"",""trade_id"":""5b690999-e20b-68df-261e-d65f145b5bac"",""yes_price_dollars"":""0.7000""}"
KXETH15M-26APR271615-15,f555e37b-9487-44b9-c592-a1c08829c76c,1777320069,0.68,2.94,no,"{""count_fp"":""2.94"",""created_time"":""2026-04-27T20:01:09.129062Z"",""no_price_dollars"":""0.3200"",""taker_side"":""no"",""ticker"":""KXETH15M-26APR271615-15"",""trade_id"":""f555e37b-9487-44b9-c592-a1c08829c76c"",""yes_price_dollars"":""0.6800""}"
KXETH15M-26APR271615-15,bbbe093e-f1ff-6c48-2675-ff96d36ca677,1777320071,0.71,10.0,yes,"{""count_fp"":""10.00"",""created_time"":""2026-04-27T20:01:11.603511Z"",""no_price_dollars"":""0.2900"",""taker_side"":""yes"",""ticker"":""KXETH15M-26APR271615-15"",""trade_id"":""bbbe093e-f1ff-6c48-2675-ff96d36ca677"",""yes_price_dollars"":""0.7100""}"
KXETH15M-26APR271615-15,8a6294c1-4272-66e3-1abd-5224df5dcffe,1777320071,0.71,8.0,yes,"{""count_fp"":""8.00"",""created_time"":""2026-04-27T20:01:11.603511Z"",""no_price_dollars"":""0.2900"",""taker_side"":""yes"",""ticker"":""KXETH15M-26APR271615-15"",""trade_id"":""8a6294c1-4272-66e3-1abd-5224df5dcffe"",""yes_price_dollars"":""0.7100""}"
KXETH15M-26APR271615-15,4f2b3515-d40d-6b78-3dd8-b67f92d1d404,1777320071,0.72,2.0,yes,"{""count_fp"":""2.00"",""created_time"":""2026-04-27T20:01:11.603511Z"",""no_price_dollars"":""0.2800"",""taker_side"":""yes"",""ticker"":""KXETH15M-26APR271615-15"",""trade_id"":""4f2b3515-d40d-6b78-3dd8-b67f92d1d404"",""yes_price_dollars"":""0.7200""}"
KXETH15M-26APR271615-15,f28cf35f-563b-6f19-1756-936df4444e5c,1777320071,0.69,6.15,no,"{""count_fp"":""6.15"",""created_time"":""2026-04-27T20:01:11.060324Z"",""no_price_dollars"":""0.3100"",""taker_side"":""no"",""ticker"":""KXETH15M-26APR271615-15"",""trade_id"":""f28cf35f-563b-6f19-1756-936df4444e5c"",""yes_price_dollars"":""0.6900""}"
KXETH15M-26APR271615-15,ddc5a788-da25-4728-747f-a90b3f57e52c,1777320073,0.72,18.0,yes,"{""count_fp"":""18.00"",""created_time"":""2026-04-27T20:01:13.674123Z"",""no_price_dollars"":""0.2800"",""taker_side"":""yes"",""ticker"":""KXETH15M-26APR271615-15"",""trade_id"":""ddc5a788-da25-4728-747f-a90b3f57e52c"",""yes_price_dollars"":""0.7200""}"
KXETH15M-26APR271615-15,a7b339a2-7a2d-472e-4a6f-09a816b3d553,1777320073,0.72,16.0,yes,"{""count_fp"":""16.00"",""created_time"":""2026-04-27T20:01:13.674123Z"",""no_price_dollars"":""0.2800"",""taker_side"":""yes"",""ticker"":""KXETH15M-26APR271615-15"",""trade_id"":""a7b339a2-7a2d-472e-4a6f-09a816b3d553"",""yes_price_dollars"":""0.7200""}"
KXETH15M-26APR271615-15,0740cb0e-3321-4d5b-752a-3946b4de907a,1777320073,0.73,1.0,yes,"{""count_fp"":""1.00"",""created_time"":""2026-04-27T20:01:13.674123Z"",""no_price_dollars"":""0.2700"",""taker_side"":""yes"",""ticker"":""KXETH15M-26APR271615-15"",""trade_id"":""0740cb0e-3321-4d5b-752a-3946b4de907a"",""yes_price_dollars"":""0.7300""}"
KXETH15M-26APR271615-15,f4cdec7d-e062-5f3e-8b5c-154b48e6b56c,1777320074,0.75,1.0,yes,"{""count_fp"":""1.00"",""created_time"":""2026-04-27T20:01:14.508553Z"",""no_price_dollars"":""0.2500"",""taker_side"":""yes"",""ticker"":""KXETH15M-26APR271615-15"",""trade_id"":""f4cdec7d-e062-5f3e-8b5c-154b48e6b56c"",""yes_price_dollars"":""0.7500""}"
KXETH15M-26APR271615-15,5f1ce7df-8cca-74d7-a626-59767b2ecd23,1777320074,0.74,0.61,yes,"{""count_fp"":""0.61"",""created_time"":""2026-04-27T20:01:14.301955Z"",""no_price_dollars"":""0.2600"",""taker_side"":""yes"",""ticker"":""KXETH15M-26APR271615-15"",""trade_id"":""5f1ce7df-8cca-74d7-a626-59767b2ecd23"",""yes_price_dollars"":""0.7400""}"
KXETH15M-26APR271615-15,7d35d2b3-9082-764f-9bc9-0287d0f221eb,1777320074,0.74,9.0,yes,"{""count_fp"":""9.00"",""created_time"":""2026-04-27T20:01:14.292836Z"",""no_price_dollars"":""0.2600"",""taker_side"":""yes"",""ticker"":""KXETH15M-26APR271615-15"",""trade_id"":""7d35d2b3-9082-764f-9bc9-0287d0f221eb"",""yes_price_dollars"":""0.7400""}"
KXETH15M-26APR271615-15,28c90f01-2db8-7ee0-820e-2d4b432981cf,1777320074,0.74,1.0,yes,"{""count_fp"":""1.00"",""created_time"":""2026-04-27T20:01:14.292836Z"",""no_price_dollars"":""0.2600"",""taker_side"":""yes"",""ticker"":""KXETH15M-26APR271615-15"",""trade_id"":""28c90f01-2db8-7ee0-820e-2d4b432981cf"",""yes_price_dollars"":""0.7400""}"
KXETH15M-26APR271615-15,6a333f6d-3aa6-63ca-2aba-2e4357cb881c,1777320075,0.75,1.0,yes,"{""count_fp"":""1.00"",""created_time"":""2026-04-27T20:01:15.449712Z"",""no_price_dollars"":""0.2500"",""taker_side"":""yes"",""ticker"":""KXETH15M-26APR271615-15"",""trade_id"":""6a333f6d-3aa6-63ca-2aba-2e4357cb881c"",""yes_price_dollars"":""0.7500""}"
KXETH15M-26APR271615-15,e87f3019-3212-7bda-2717-ee5dce60d530,1777320075,0.75,200.0,yes,"{""count_fp"":""200.00"",""created_time"":""2026-04-27T20:01:15.335004Z"",""no_price_dollars"":""0.2500"",""taker_side"":""yes"",""ticker"":""KXETH15M-26APR271615-15"",""trade_id"":""e87f3019-3212-7bda-2717-ee5dce60d530"",""yes_price_dollars"":""0.7500""}"
KXETH15M-26APR271615-15,c7ceb8c3-94d0-5c0d-834e-b54c6eda3da6,1777320076,0.75,10.0,yes,"{""count_fp"":""10.00"",""created_time"":""2026-04-27T20:01:16.209728Z"",""no_price_dollars"":""0.2500"",""taker_side"":""yes"",""ticker"":""KXETH15M-26APR271615-15"",""trade_id"":""c7ceb8c3-94d0-5c0d-834e-b54c6eda3da6"",""yes_price_dollars"":""0.7500""}"
KXETH15M-26APR271615-15,c6927360-1e5e-5913-a0ce-4e1237ba7785,1777320076,0.75,25.0,yes,"{""count_fp"":""25.00"",""created_time"":""2026-04-27T20:01:16.209728Z"",""no_price_dollars"":""0.2500"",""taker_side"":""yes"",""ticker"":""KXETH15M-26APR271615-15"",""trade_id"":""c6927360-1e5e-5913-a0ce-4e1237ba7785"",""yes_price_dollars"":""0.7500""}"
KXETH15M-26APR271615-15,a1db3b3d-ab6e-528a-82fd-803b23711d28,1777320076,0.75,298.0,yes,"{""count_fp"":""298.00"",""created_time"":""2026-04-27T20:01:16.209728Z"",""no_price_dollars"":""0.2500"",""taker_side"":""yes"",""ticker"":""KXETH15M-26APR271615-15"",""trade_id"":""a1db3b3d-ab6e-528a-82fd-803b23711d28"",""yes_price_dollars"":""0.7500""}"
KXETH15M-26APR271615-15,ab311c5e-b751-4212-abf9-0d5abc19ec4c,1777320077,0.8,1.0,yes,"{""count_fp"":""1.00"",""created_time"":""2026-04-27T20:01:17.963787Z"",""no_price_dollars"":""0.2000"",""taker_side"":""yes"",""ticker"":""KXETH15M-26APR271615-15"",""trade_id"":""ab311c5e-b751-4212-abf9-0d5abc19ec4c"",""yes_price_dollars"":""0.8000""}"
KXETH15M-26APR271615-15,d105ca53-1547-6ff5-53c3-61b1ebf3ff73,1777320078,0.78,8.51,no,"{""count_fp"":""8.51"",""created_time"":""2026-04-27T20:01:18.598177Z"",""no_price_dollars"":""0.2200"",""taker_side"":""no"",""ticker"":""KXETH15M-26APR271615-15"",""trade_id"":""d105ca53-1547-6ff5-53c3-61b1ebf3ff73"",""yes_price_dollars"":""0.7800""}"
KXETH15M-26APR271615-15,6e3855cc-b70d-6322-6c12-e34698dc49cd,1777320082,0.81,3.65,yes,"{""count_fp"":""3.65"",""created_time"":""2026-04-27T20:01:22.975309Z"",""no_price_dollars"":""0.1900"",""taker_side"":""yes"",""ticker"":""KXETH15M-26APR271615-15"",""trade_id"":""6e3855cc-b70d-6322-6c12-e34698dc49cd"",""yes_price_dollars"":""0.8100""}"
KXETH15M-26APR271615-15,cbfd37c1-99d5-6d4e-f41a-094cb18409ca,1777320084,0.79,10.0,no,"{""count_fp"":""10.00"",""created_time"":""2026-04-27T20:01:24.529148Z"",""no_price_dollars"":""0.2100"",""taker_side"":""no"",""ticker"":""KXETH15M-26APR271615-15"",""trade_id"":""cbfd37c1-99d5-6d4e-f41a-094cb18409ca"",""yes_price_dollars"":""0.7900""}"
KXETH15M-26APR271615-15,b5e6ce10-d0f1-54a5-5080-612d75526080,1777320084,0.79,10.0,no,"{""count_fp"":""10.00"",""created_time"":""2026-04-27T20:01:24.528805Z"",""no_price_dollars"":""0.2100"",""taker_side"":""no"",""ticker"":""KXETH15M-26APR271615-15"",""trade_id"":""b5e6ce10-d0f1-54a5-5080-612d75526080"",""yes_price_dollars"":""0.7900""}"
KXETH15M-26APR271615-15,b043e0ce-5229-51e6-68d5-42477bdd0ac2,1777320084,0.79,16.0,no,"{""count_fp"":""16.00"",""created_time"":""2026-04-27T20:01:24.528805Z"",""no_price_dollars"":""0.2100"",""taker_side"":""no"",""ticker"":""KXETH15M-26APR271615-15"",""trade_id"":""b043e0ce-5229-51e6-68d5-42477bdd0ac2"",""yes_price_dollars"":""0.7900""}"
KXETH15M-26APR271615-15,6c456e56-4741-46af-8f86-ef4d76c369f2,1777320086,0.81,8.0,yes,"{""count_fp"":""8.00"",""created_time"":""2026-04-27T20:01:26.759899Z"",""no_price_dollars"":""0.1900"",""taker_side"":""yes"",""ticker"":""KXETH15M-26APR271615-15"",""trade_id"":""6c456e56-4741-46af-8f86-ef4d76c369f2"",""yes_price_dollars"":""0.8100""}"
KXETH15M-26APR271615-15,491c65de-2468-4b9e-b005-00c012b90615,1777320086,0.81,19.0,yes,"{""count_fp"":""19.00"",""created_time"":""2026-04-27T20:01:26.759899Z"",""no_price_dollars"":""0.1900"",""taker_side"":""yes"",""ticker"":""KXETH15M-26APR271615-15"",""trade_id"":""491c65de-2468-4b9e-b005-00c012b90615"",""yes_price_dollars"":""0.8100""}"
KXETH15M-26APR271615-15,83ad84a9-385b-7705-d8ab-0b6c06c442e0,1777320089,0.76,80.54,no,"{""count_fp"":""80.54"",""created_time"":""2026-04-27T20:01:29.175248Z"",""no_price_dollars"":""0.2400"",""taker_side"":""no"",""ticker"":""KXETH15M-26APR271615-15"",""trade_id"":""83ad84a9-385b-7705-d8ab-0b6c06c442e0"",""yes_price_dollars"":""0.7600""}"
KXETH15M-26APR271615-15,41ab6d71-4844-7702-aa7d-9b45c1db218f,1777320089,0.8,4.0,yes,"{""count_fp"":""4.00"",""created_time"":""2026-04-27T20:01:29.135665Z"",""no_price_dollars"":""0.2000"",""taker_side"":""yes"",""ticker"":""KXETH15M-26APR271615-15"",""trade_id"":""41ab6d71-4844-7702-aa7d-9b45c1db218f"",""yes_price_dollars"":""0.8000""}"
KXETH15M-26APR271615-15,23a7c3d6-3086-77ca-b08b-18385b47a3a5,1777320089,0.8,1.0,yes,"{""count_fp"":""1.00"",""created_time"":""2026-04-27T20:01:29.135665Z"",""no_price_dollars"":""0.2000"",""taker_side"":""yes"",""ticker"":""KXETH15M-26APR271615-15"",""trade_id"":""23a7c3d6-3086-77ca-b08b-18385b47a3a5"",""yes_price_dollars"":""0.8000""}"
KXETH15M-26APR271615-15,ead38559-8132-4e56-ec75-1aa3f2c8fa6b,1777320090,0.81,2.43,yes,"{""count_fp"":""2.43"",""created_time"":""2026-04-27T20:01:30.814786Z"",""no_price_dollars"":""0.1900"",""taker_side"":""yes"",""ticker"":""KXETH15M-26APR271615-15"",""trade_id"":""ead38559-8132-4e56-ec75-1aa3f2c8fa6b"",""yes_price_dollars"":""0.8100""}"
KXETH15M-26APR271615-15,a1a1da86-ca5e-72b2-516f-9c204215af77,1777320090,0.81,5.0,yes,"{""count_fp"":""5.00"",""created_time"":""2026-04-27T20:01:30.506549Z"",""no_price_dollars"":""0.1900"",""taker_side"":""yes"",""ticker"":""KXETH15M-26APR271615-15"",""trade_id"":""a1a1da86-ca5e-72b2-516f-9c204215af77"",""yes_price_dollars"":""0.8100""}"
KXETH15M-26APR271615-15,ca43a865-7cb3-5671-b53c-9bd13a98e379,1777320091,0.8,10.0,no,"{""count_fp"":""10.00"",""created_time"":""2026-04-27T20:01:31.332728Z"",""no_price_dollars"":""0.2000"",""taker_side"":""no"",""ticker"":""KXETH15M-26APR271615-15"",""trade_id"":""ca43a865-7cb3-5671-b53c-9bd13a98e379"",""yes_price_dollars"":""0.8000""}"
KXETH15M-26APR271615-15,77b3e155-8205-51d2-9788-9621703ce90a,1777320091,0.8,12.68,no,"{""count_fp"":""12.68"",""created_time"":""2026-04-27T20:01:31.332728Z"",""no_price_dollars"":""0.2000"",""taker_side"":""no"",""ticker"":""KXETH15M-26APR271615-15"",""trade_id"":""77b3e155-8205-51d2-9788-9621703ce90a"",""yes_price_dollars"":""0.8000""}"
KXETH15M-26APR271615-15,8d76c456-6f76-6c19-d295-50ec0d3f334a,1777320092,0.82,1.0,yes,"{""count_fp"":""1.00"",""created_time"":""2026-04-27T20:01:32.552215Z"",""no_price_dollars"":""0.1800"",""taker_side"":""yes"",""ticker"":""KXETH15M-26APR271615-15"",""trade_id"":""8d76c456-6f76-6c19-d295-50ec0d3f334a"",""yes_price_dollars"":""0.8200""}"
KXETH15M-26APR271615-15,733f0bcc-85a8-5f90-f882-b1fd275a81c9,1777320095,0.82,6.02,yes,"{""count_fp"":""6.02"",""created_time"":""2026-04-27T20:01:35.050172Z"",""no_price_dollars"":""0.1800"",""taker_side"":""yes"",""ticker"":""KXETH15M-26APR271615-15"",""trade_id"":""733f0bcc-85a8-5f90-f882-b1fd275a81c9"",""yes_price_dollars"":""0.8200""}"
KXETH15M-26APR271615-15,558c7b3d-28a3-665c-4695-3407129cdaa1,1777320100,0.82,0.63,no,"{""count_fp"":""0.63"",""created_time"":""2026-04-27T20:01:40.874527Z"",""no_price_dollars"":""0.1800"",""taker_side"":""no"",""ticker"":""KXETH15M-26APR271615-15"",""trade_id"":""558c7b3d-28a3-665c-4695-3407129cdaa1"",""yes_price_dollars"":""0.8200""}"
KXETH15M-26APR271615-15,44a7fbd9-4d79-550d-9e09-71bcd752c469,1777320101,0.82,1.0,no,"{""count_fp"":""1.00"",""created_time"":""2026-04-27T20:01:41.612576Z"",""no_price_dollars"":""0.1800"",""taker_side"":""no"",""ticker"":""KXETH15M-26APR271615-15"",""trade_id"":""44a7fbd9-4d79-550d-9e09-71bcd752c469"",""yes_price_dollars"":""0.8200""}"
KXETH15M-26APR271615-15,3a613727-bfc1-54ea-9ece-dbf67b426676,1777320101,0.81,99.0,no,"{""count_fp"":""99.00"",""created_time"":""2026-04-27T20:01:41.612576Z"",""no_price_dollars"":""0.1900"",""taker_side"":""no"",""ticker"":""KXETH15M-26APR271615-15"",""trade_id"":""3a613727-bfc1-54ea-9ece-dbf67b426676"",""yes_price_dollars"":""0.8100""}"
KXETH15M-26APR271615-15,e0205460-8f22-4f6c-2979-957a5241b940,1777320109,0.82,95.07,no,"{""count_fp"":""95.07"",""created_time"":""2026-04-27T20:01:49.238949Z"",""no_price_dollars"":""0.1800"",""taker_side"":""no"",""ticker"":""KXETH15M-26APR271615-15"",""trade_id"":""e0205460-8f22-4f6c-2979-957a5241b940"",""yes_price_dollars"":""0.8200""}"
KXETH15M-26APR271615-15,05f2d841-84c7-49e5-39a4-de6300900f11,1777320109,0.82,10.0,no,"{""count_fp"":""10.00"",""created_time"":""2026-04-27T20:01:49.238949Z"",""no_price_dollars"":""0.1800"",""taker_side"":""no"",""ticker"":""KXETH15M-26APR271615-15"",""trade_id"":""05f2d841-84c7-49e5-39a4-de6300900f11"",""yes_price_dollars"":""0.8200""}"
KXETH15M-26APR271615-15,cbecefbc-d583-7d29-c552-44d585eb4c01,1777320113,0.79,1.0,no,"{""count_fp"":""1.00"",""created_time"":""2026-04-27T20:01:53.803066Z"",""no_price_dollars"":""0.2100"",""taker_side"":""no"",""ticker"":""KXETH15M-26APR271615-15"",""trade_id"":""cbecefbc-d583-7d29-c552-44d585eb4c01"",""yes_price_dollars"":""0.7900""}"
KXETH15M-26APR271615-15,3df1edff-28da-7244-e744-d4e00918de40,1777320113,0.79,32.59,no,"{""count_fp"":""32.59"",""created_time"":""2026-04-27T20:01:53.803066Z"",""no_price_dollars"":""0.2100"",""taker_side"":""no"",""ticker"":""KXETH15M-26APR271615-15"",""trade_id"":""3df1edff-28da-7244-e744-d4e00918de40"",""yes_price_dollars"":""0.7900""}"
KXETH15M-26APR271615-15,0af1928c-2288-7cbb-c76f-e5ef3105920e,1777320113,0.79,10.0,no,"{""count_fp"":""10.00"",""created_time"":""2026-04-27T20:01:53.803066Z"",""no_price_dollars"":""0.2100"",""taker_side"":""no"",""ticker"":""KXETH15M-26APR271615-15"",""trade_id"":""0af1928c-2288-7cbb-c76f-e5ef3105920e"",""yes_price_dollars"":""0.7900""}"
KXETH15M-26APR271615-15,702f45d1-3281-5786-e494-ed610a142988,1777320121,0.8,1.0,yes,"{""count_fp"":""1.00"",""created_time"":""2026-04-27T20:02:01.923312Z"",""no_price_dollars"":""0.2000"",""taker_side"":""yes"",""ticker"":""KXETH15M-26APR271615-15"",""trade_id"":""702f45d1-3281-5786-e494-ed610a142988"",""yes_price_dollars"":""0.8000""}"
KXETH15M-26APR271615-15,18d20969-0ec0-5a39-0b5f-f21e5f21048f,1777320121,0.81,100.0,no,"{""count_fp"":""100.00"",""created_time"":""2026-04-27T20:02:01.710541Z"",""no_price_dollars"":""0.1900"",""taker_side"":""no"",""ticker"":""KXETH15M-26APR271615-15"",""trade_id"":""18d20969-0ec0-5a39-0b5f-f21e5f21048f"",""yes_price_dollars"":""0.8100""}"
KXETH15M-26APR271615-15,618dc6f7-5295-635a-f902-0478bae68785,1777320122,0.82,0.34,yes,"{""count_fp"":""0.34"",""created_time"":""2026-04-27T20:02:02.906923Z"",""no_price_dollars"":""0.1800"",""taker_side"":""yes"",""ticker"":""KXETH15M-26APR271615-15"",""trade_id"":""618dc6f7-5295-635a-f902-0478bae68785"",""yes_price_dollars"":""0.8200""}"
KXETH15M-26APR271615-15,129a12df-7ec7-5d90-2643-49e2a9ad0d9f,1777320122,0.81,1.0,yes,"{""count_fp"":""1.00"",""created_time"":""2026-04-27T20:02:02.781363Z"",""no_price_dollars"":""0.1900"",""taker_side"":""yes"",""ticker"":""KXETH15M-26APR271615-15"",""trade_id"":""129a12df-7ec7-5d90-2643-49e2a9ad0d9f"",""yes_price_dollars"":""0.8100""}"
KXETH15M-26APR271615-15,d287b306-71d5-62be-d0be-6f3db6514ff9,1777320122,0.82,11.04,yes,"{""count_fp"":""11.04"",""created_time"":""2026-04-27T20:02:02.501072Z"",""no_price_dollars"":""0.1800"",""taker_side"":""yes"",""ticker"":""KXETH15M-26APR271615-15"",""trade_id"":""d287b306-71d5-62be-d0be-6f3db6514ff9"",""yes_price_dollars"":""0.8200""}"
KXETH15M-26APR271615-15,2cd36a68-c08d-612d-e761-f90822e12451,1777320122,0.81,1.0,yes,"{""count_fp"":""1.00"",""created_time"":""2026-04-27T20:02:02.501072Z"",""no_price_dollars"":""0.1900"",""taker_side"":""yes"",""ticker"":""KXETH15M-26APR271615-15"",""trade_id"":""2cd36a68-c08d-612d-e761-f90822e12451"",""yes_price_dollars"":""0.8100""}"
KXETH15M-26APR271615-15,cacdb829-7a36-6fd9-db40-a9cbdf861d9d,1777320123,0.81,1.0,yes,"{""count_fp"":""1.00"",""created_time"":""2026-04-27T20:02:03.012516Z"",""no_price_dollars"":""0.1900"",""taker_side"":""yes"",""ticker"":""KXETH15M-26APR271615-15"",""trade_id"":""cacdb829-7a36-6fd9-db40-a9cbdf861d9d"",""yes_price_dollars"":""0.8100""}"
KXETH15M-26APR271615-15,72a96df0-2856-5db1-8ecf-becb0ccbd76b,1777320125,0.8,8.0,yes,"{""count_fp"":""8.00"",""created_time"":""2026-04-27T20:02:05.806658Z"",""no_price_dollars"":""0.2000"",""taker_side"":""yes"",""ticker"":""KXETH15M-26APR271615-15"",""trade_id"":""72a96df0-2856-5db1-8ecf-becb0ccbd76b"",""yes_price_dollars"":""0.8000""}"
KXETH15M-26APR271615-15,6c68771e-5bce-5d24-a750-9a9c429e1a3b,1777320125,0.81,10.38,yes,"{""count_fp"":""10.38"",""created_time"":""2026-04-27T20:02:05.806658Z"",""no_price_dollars"":""0.1900"",""taker_side"":""yes"",""ticker"":""KXETH15M-26APR271615-15"",""trade_id"":""6c68771e-5bce-5d24-a750-9a9c429e1a3b"",""yes_price_dollars"":""0.8100""}"
KXETH15M-26APR271615-15,57561d6d-624a-7235-89e0-0999844f0c87,1777320125,0.8,1.0,yes,"{""count_fp"":""1.00"",""created_time"":""2026-04-27T20:02:05.663457Z"",""no_price_dollars"":""0.2000"",""taker_side"":""yes"",""ticker"":""KXETH15M-26APR271615-15"",""trade_id"":""57561d6d-624a-7235-89e0-0999844f0c87"",""yes_price_dollars"":""0.8000""}"
KXETH15M-26APR271615-15,d7d866d3-4502-7924-2d36-c1eb702fb173,1777320126,0.81,182.0,yes,"{""count_fp"":""182.00"",""created_time"":""2026-04-27T20:02:06.140357Z"",""no_price_dollars"":""0.1900"",""taker_side"":""yes"",""ticker"":""KXETH15M-26APR271615-15"",""trade_id"":""d7d866d3-4502-7924-2d36-c1eb702fb173"",""yes_price_dollars"":""0.8100""}"
KXETH15M-26APR271615-15,76c896e9-bcd5-6c40-aa35-a891f6fd1c30,1777320127,0.82,10.0,no,"{""count_fp"":""10.00"",""created_time"":""2026-04-27T20:02:07.493178Z"",""no_price_dollars"":""0.1800"",""taker_side"":""no"",""ticker"":""KXETH15M-26APR271615-15"",""trade_id"":""76c896e9-bcd5-6c40-aa35-a891f6fd1c30"",""yes_price_dollars"":""0.8200""}"
KXETH15M-26APR271615-15,2e6aee9d-4fba-6a92-9b3e-09f414f85331,1777320127,0.82,100.0,no,"{""count_fp"":""100.00"",""created_time"":""2026-04-27T20:02:07.493178Z"",""no_price_dollars"":""0.1800"",""taker_side"":""no"",""ticker"":""KXETH15M-26APR271615-15"",""trade_id"":""2e6aee9d-4fba-6a92-9b3e-09f414f85331"",""yes_price_dollars"":""0.8200""}"
KXETH15M-26APR271615-15,301059d7-9339-71d2-f330-860039b0bc95,1777320130,0.82,1.0,yes,"{""count_fp"":""1.00"",""created_time"":""2026-04-27T20:02:10.810401Z"",""no_price_dollars"":""0.1800"",""taker_side"":""yes"",""ticker"":""KXETH15M-26APR271615-15"",""trade_id"":""301059d7-9339-71d2-f330-860039b0bc95"",""yes_price_dollars"":""0.8200""}"
KXETH15M-26APR271615-15,4078bf35-93ed-7366-3fb9-364b10ceb95d,1777320132,0.82,1.0,yes,"{""count_fp"":""1.00"",""created_time"":""2026-04-27T20:02:12.765085Z"",""no_price_dollars"":""0.1800"",""taker_side"":""yes"",""ticker"":""KXETH15M-26APR271615-15"",""trade_id"":""4078bf35-93ed-7366-3fb9-364b10ceb95d"",""yes_price_dollars"":""0.8200""}"
KXETH15M-26APR271615-15,eb7a9d87-0c1f-6d7c-617d-e378f519f0b2,1777320133,0.79,1.0,no,"{""count_fp"":""1.00"",""created_time"":""2026-04-27T20:02:13.272273Z"",""no_price_dollars"":""0.2100"",""taker_side"":""no"",""ticker"":""KXETH15M-26APR271615-15"",""trade_id"":""eb7a9d87-0c1f-6d7c-617d-e378f519f0b2"",""yes_price_dollars"":""0.7900""}"
KXETH15M-26APR271615-15,e04c4917-1b04-6210-4b6d-b0c3f0eaccb1,1777320133,0.79,10.0,no,"{""count_fp"":""10.00"",""created_time"":""2026-04-27T20:02:13.272273Z"",""no_price_dollars"":""0.2100"",""taker_side"":""no"",""ticker"":""KXETH15M-26APR271615-15"",""trade_id"":""e04c4917-1b04-6210-4b6d-b0c3f0eaccb1"",""yes_price_dollars"":""0.7900""}"
KXETH15M-26APR271615-15,b27bbe45-c76d-66f0-561b-ecd83be14a8d,1777320133,0.79,100.0,no,"{""count_fp"":""100.00"",""created_time"":""2026-04-27T20:02:13.272273Z"",""no_price_dollars"":""0.2100"",""taker_side"":""no"",""ticker"":""KXETH15M-26APR271615-15"",""trade_id"":""b27bbe45-c76d-66f0-561b-ecd83be14a8d"",""yes_price_dollars"":""0.7900""}"
KXETH15M-26APR271615-15,acf7be24-fa8e-6703-40ad-3c7a4fa5f3fb,1777320133,0.77,50.0,no,"{""count_fp"":""50.00"",""created_time"":""2026-04-27T20:02:13.272273Z"",""no_price_dollars"":""0.2300"",""taker_side"":""no"",""ticker"":""KXETH15M-26APR271615-15"",""trade_id"":""acf7be24-fa8e-6703-40ad-3c7a4fa5f3fb"",""yes_price_dollars"":""0.7700""}"
KXETH15M-26APR271615-15,9b079ffc-4d17-63a9-68a3-da86818d7aa4,1777320133,0.76,350.79,no,"{""count_fp"":""350.79"",""created_time"":""2026-04-27T20:02:13.272273Z"",""no_price_dollars"":""0.2400"",""taker_side"":""no"",""ticker"":""KXETH15M-26APR271615-15"",""trade_id"":""9b079ffc-4d17-63a9-68a3-da86818d7aa4"",""yes_price_dollars"":""0.7600""}"
KXETH15M-26APR271615-15,34c0db3e-d76b-5985-e16d-a3469a246be6,1777320138,0.8,0.94,no,"{""count_fp"":""0.94"",""created_time"":""2026-04-27T20:02:18.232742Z"",""no_price_dollars"":""0.2000"",""taker_side"":""no"",""ticker"":""KXETH15M-26APR271615-15"",""trade_id"":""34c0db3e-d76b-5985-e16d-a3469a246be6"",""yes_price_dollars"":""0.8000""}"
KXETH15M-26APR271615-15,de75b67b-6e43-791d-ac0b-aa37f2f19101,1777320144,0.82,1.0,no,"{""count_fp"":""1.00"",""created_time"":""2026-04-27T20:02:24.782802Z"",""no_price_dollars"":""0.1800"",""taker_side"":""no"",""ticker"":""KXETH15M-26APR271615-15"",""trade_id"":""de75b67b-6e43-791d-ac0b-aa37f2f19101"",""yes_price_dollars"":""0.8200""}"
KXETH15M-26APR271615-15,dca05746-9223-7f4d-8de1-a1c1bab709ac,1777320144,0.78,362.54,no,"{""count_fp"":""362.54"",""created_time"":""2026-04-27T20:02:24.782802Z"",""no_price_dollars"":""0.2200"",""taker_side"":""no"",""ticker"":""KXETH15M-26APR271615-15"",""trade_id"":""dca05746-9223-7f4d-8de1-a1c1bab709ac"",""yes_price_dollars"":""0.7800""}"
KXETH15M-26APR271615-15,065f5d0a-492b-758c-b7c7-37b193bc54d4,1777320144,0.82,100.0,no,"{""count_fp"":""100.00"",""created_time"":""2026-04-27T20:02:24.782802Z"",""no_price_dollars"":""0.1800"",""taker_side"":""no"",""ticker"":""KXETH15M-26APR271615-15"",""trade_id"":""065f5d0a-492b-758c-b7c7-37b193bc54d4"",""yes_price_dollars"":""0.8200""}"
KXETH15M-26APR271615-15,02c529ae-4e85-7059-8d16-29d1abd55092,1777320144,0.81,2.0,no,"{""count_fp"":""2.00"",""created_time"":""2026-04-27T20:02:24.782802Z"",""no_price_dollars"":""0.1900"",""taker_side"":""no"",""ticker"":""KXETH15M-26APR271615-15"",""trade_id"":""02c529ae-4e85-7059-8d16-29d1abd55092"",""yes_price_dollars"":""0.8100""}"
KXETH15M-26APR271615-15,01dd16f8-457d-7be0-aaa9-c47a88374af6,1777320144,0.79,12.6,no,"{""count_fp"":""12.60"",""created_time"":""2026-04-27T20:02:24.782802Z"",""no_price_dollars"":""0.2100"",""taker_side"":""no"",""ticker"":""KXETH15M-26APR271615-15"",""trade_id"":""01dd16f8-457d-7be0-aaa9-c47a88374af6"",""yes_price_dollars"":""0.7900""}"
KXETH15M-26APR271615-15,4351215f-d784-63cb-c1b4-589459cec879,1777320145,0.83,3.0,yes,"{""count_fp"":""3.00"",""created_time"":""2026-04-27T20:02:25.967733Z"",""no_price_dollars"":""0.1700"",""taker_side"":""yes"",""ticker"":""KXETH15M-26APR271615-15"",""trade_id"":""4351215f-d784-63cb-c1b4-589459cec879"",""yes_price_dollars"":""0.8300""}"
KXETH15M-26APR271615-15,3b93232a-bd93-6f66-e50a-d38331a2a8f7,1777320145,0.83,12.0,yes,"{""count_fp"":""12.00"",""created_time"":""2026-04-27T20:02:25.967733Z"",""no_price_dollars"":""0.1700"",""taker_side"":""yes"",""ticker"":""KXETH15M-26APR271615-15"",""trade_id"":""3b93232a-bd93-6f66-e50a-d38331a2a8f7"",""yes_price_dollars"":""0.8300""}"
KXETH15M-26APR271615-15,10e72a86-dbe2-62e8-e172-e1a0b40cad3f,1777320145,0.83,35.0,yes,"{""count_fp"":""35.00"",""created_time"":""2026-04-27T20:02:25.967733Z"",""no_price_dollars"":""0.1700"",""taker_side"":""yes"",""ticker"":""KXETH15M-26APR271615-15"",""trade_id"":""10e72a86-dbe2-62e8-e172-e1a0b40cad3f"",""yes_price_dollars"":""0.8300""}"
KXETH15M-26APR271615-15,fddfebc0-e5ff-7d6a-5905-f73564254e2b,1777320146,0.83,1.0,yes,"{""count_fp"":""1.00"",""created_time"":""2026-04-27T20:02:26.498123Z"",""no_price_dollars"":""0.1700"",""taker_side"":""yes"",""ticker"":""KXETH15M-26APR271615-15"",""trade_id"":""fddfebc0-e5ff-7d6a-5905-f73564254e2b"",""yes_price_dollars"":""0.8300""}"
KXETH15M-26APR271615-15,c3c9e1d7-c6ff-41be-4c96-119ce776414b,1777320148,0.83,10.9,yes,"{""count_fp"":""10.90"",""created_time"":""2026-04-27T20:02:28.981355Z"",""no_price_dollars"":""0.1700"",""taker_side"":""yes"",""ticker"":""KXETH15M-26APR271615-15"",""trade_id"":""c3c9e1d7-c6ff-41be-4c96-119ce776414b"",""yes_price_dollars"":""0.8300""}"
KXETH15M-26APR271615-15,1f2a4005-27be-4569-483c-60fd3fc43823,1777320148,0.81,1.0,yes,"{""count_fp"":""1.00"",""created_time"":""2026-04-27T20:02:28.981355Z"",""no_price_dollars"":""0.1900"",""taker_side"":""yes"",""ticker"":""KXETH15M-26APR271615-15"",""trade_id"":""1f2a4005-27be-4569-483c-60fd3fc43823"",""yes_price_dollars"":""0.8100""}"
KXETH15M-26APR271615-15,d91f5d29-9f47-5f06-e506-3405cf143d27,1777320148,0.83,43.59,yes,"{""count_fp"":""43.59"",""created_time"":""2026-04-27T20:02:28.474475Z"",""no_price_dollars"":""0.1700"",""taker_side"":""yes"",""ticker"":""KXETH15M-26APR271615-15"",""trade_id"":""d91f5d29-9f47-5f06-e506-3405cf143d27"",""yes_price_dollars"":""0.8300""}"
KXETH15M-26APR271615-15,db00e144-40b3-6d85-ec4e-a2abf09fda17,1777320148,0.82,1.05,no,"{""count_fp"":""1.05"",""created_time"":""2026-04-27T20:02:28.238595Z"",""no_price_dollars"":""0.1800"",""taker_side"":""no"",""ticker"":""KXETH15M-26APR271615-15"",""trade_id"":""db00e144-40b3-6d85-ec4e-a2abf09fda17"",""yes_price_dollars"":""0.8200""}"
KXETH15M-26APR271615-15,6dc07307-da8e-75d6-20d6-cc3fc6e4978d,1777320156,0.81,10.0,no,"{""count_fp"":""10.00"",""created_time"":""2026-04-27T20:02:36.383594Z"",""no_price_dollars"":""0.1900"",""taker_side"":""no"",""ticker"":""KXETH15M-26APR271615-15"",""trade_id"":""6dc07307-da8e-75d6-20d6-cc3fc6e4978d"",""yes_price_dollars"":""0.8100""}"
KXETH15M-26APR271615-15,341a766b-0e2c-7854-2a90-90873861fbf9,1777320156,0.81,14.9,no,"{""count_fp"":""14.90"",""created_time"":""2026-04-27T20:02:36.383594Z"",""no_price_dollars"":""0.1900"",""taker_side"":""no"",""ticker"":""KXETH15M-26APR271615-15"",""trade_id"":""341a766b-0e2c-7854-2a90-90873861fbf9"",""yes_price_dollars"":""0.8100""}"
KXETH15M-26APR271615-15,a8c4414d-3f1d-4680-3d7c-0a3ee7ea3ae7,1777320157,0.81,1.0,no,"{""count_fp"":""1.00"",""created_time"":""2026-04-27T20:02:37.829739Z"",""no_price_dollars"":""0.1900"",""taker_side"":""no"",""ticker"":""KXETH15M-26APR271615-15"",""trade_id"":""a8c4414d-3f1d-4680-3d7c-0a3ee7ea3ae7"",""yes_price_dollars"":""0.8100""}"
KXETH15M-26APR271615-15,5e108dcc-87b4-4878-363f-b5836126910d,1777320157,0.81,80.12,no,"{""count_fp"":""80.12"",""created_time"":""2026-04-27T20:02:37.829739Z"",""no_price_dollars"":""0.1900"",""taker_side"":""no"",""ticker"":""KXETH15M-26APR271615-15"",""trade_id"":""5e108dcc-87b4-4878-363f-b5836126910d"",""yes_price_dollars"":""0.8100""}"
KXETH15M-26APR271615-15,5ec629e3-e6dc-5750-f615-b4bcabb2cf11,1777320157,0.81,4.98,no,"{""count_fp"":""4.98"",""created_time"":""2026-04-27T20:02:37.584192Z"",""no_price_dollars"":""0.1900"",""taker_side"":""no"",""ticker"":""KXETH15M-26APR271615-15"",""trade_id"":""5ec629e3-e6dc-5750-f615-b4bcabb2cf11"",""yes_price_dollars"":""0.8100""}"
KXETH15M-26APR271615-15,01393786-1cf8-5fa8-34f6-efdea5ee04a2,1777320163,0.8,52.66,no,"{""count_fp"":""52.66"",""created_time"":""2026-04-27T20:02:43.997734Z"",""no_price_dollars"":""0.2000"",""taker_side"":""no"",""ticker"":""KXETH15M-26APR271615-15"",""trade_id"":""01393786-1cf8-5fa8-34f6-efdea5ee04a2"",""yes_price_dollars"":""0.8000""}"
KXETH15M-26APR271615-15,54c068e4-31f0-73cc-98d1-2775225cf592,1777320163,0.8,47.34,no,"{""count_fp"":""47.34"",""created_time"":""2026-04-27T20:02:43.456389Z"",""no_price_dollars"":""0.2000"",""taker_side"":""no"",""ticker"":""KXETH15M-26APR271615-15"",""trade_id"":""54c068e4-31f0-73cc-98d1-2775225cf592"",""yes_price_dollars"":""0.8000""}"
KXETH15M-26APR271615-15,d442c66c-3549-59ec-3510-3558ceb8dd6c,1777320168,0.8,38.34,no,"{""count_fp"":""38.34"",""created_time"":""2026-04-27T20:02:48.739727Z"",""no_price_dollars"":""0.2000"",""taker_side"":""no"",""ticker"":""KXETH15M-26APR271615-15"",""trade_id"":""d442c66c-3549-59ec-3510-3558ceb8dd6c"",""yes_price_dollars"":""0.8000""}"
KXETH15M-26APR271615-15,750e8c6f-e375-54a8-04f0-66889ef3e9c6,1777320168,0.8,9.0,no,"{""count_fp"":""9.00"",""created_time"":""2026-04-27T20:02:48.739727Z"",""no_price_dollars"":""0.2000"",""taker_side"":""no"",""ticker"":""KXETH15M-26APR271615-15"",""trade_id"":""750e8c6f-e375-54a8-04f0-66889ef3e9c6"",""yes_price_dollars"":""0.8000""}"
KXETH15M-26APR271615-15,cc2e504c-3503-6ad6-4f39-62954fddab74,1777320171,0.8,4.47,no,"{""count_fp"":""4.47"",""created_time"":""2026-04-27T20:02:51.883133Z"",""no_price_dollars"":""0.2000"",""taker_side"":""no"",""ticker"":""KXETH15M-26APR271615-15"",""trade_id"":""cc2e504c-3503-6ad6-4f39-62954fddab74"",""yes_price_dollars"":""0.8000""}"
KXETH15M-26APR271615-15,4cc46196-38d6-5d04-83cd-a446d31f9d11,1777320175,0.82,1.0,no,"{""count_fp"":""1.00"",""created_time"":""2026-04-27T20:02:55.495277Z"",""no_price_dollars"":""0.1800"",""taker_side"":""no"",""ticker"":""KXETH15M-26APR271615-15"",""trade_id"":""4cc46196-38d6-5d04-83cd-a446d31f9d11"",""yes_price_dollars"":""0.8200""}"
KXETH15M-26APR271615-15,306b6c01-1f81-5ec0-9755-c0640c4e6b40,1777320175,0.82,8.02,no,"{""count_fp"":""8.02"",""created_time"":""2026-04-27T20:02:55.495277Z"",""no_price_dollars"":""0.1800"",""taker_side"":""no"",""ticker"":""KXETH15M-26APR271615-15"",""trade_id"":""306b6c01-1f81-5ec0-9755-c0640c4e6b40"",""yes_price_dollars"":""0.8200""}"
KXETH15M-26APR271615-15,e312f142-a579-681f-55f5-a08303bb25aa,1777320178,0.86,29.0,yes,"{""count_fp"":""29.00"",""created_time"":""2026-04-27T20:02:58.496053Z"",""no_price_dollars"":""0.1400"",""taker_side"":""yes"",""ticker"":""KXETH15M-26APR271615-15"",""trade_id"":""e312f142-a579-681f-55f5-a08303bb25aa"",""yes_price_dollars"":""0.8600""}"
KXETH15M-26APR271615-15,fb729c89-b113-5269-7bb5-cc07f55174f4,1777320178,0.85,12.0,yes,"{""count_fp"":""12.00"",""created_time"":""2026-04-27T20:02:58.399571Z"",""no_price_dollars"":""0.1500"",""taker_side"":""yes"",""ticker"":""KXETH15M-26APR271615-15"",""trade_id"":""fb729c89-b113-5269-7bb5-cc07f55174f4"",""yes_price_dollars"":""0.8500""}"
KXETH15M-26APR271615-15,406fe6b6-2eac-5e18-547a-ea2c31fb15d7,1777320178,0.85,5.0,yes,"{""count_fp"":""5.00"",""created_time"":""2026-04-27T20:02:58.399571Z"",""no_price_dollars"":""0.1500"",""taker_side"":""yes"",""ticker"":""KXETH15M-26APR271615-15"",""trade_id"":""406fe6b6-2eac-5e18-547a-ea2c31fb15d7"",""yes_price_dollars"":""0.8500""}"
KXETH15M-26APR271615-15,6e1e0263-8792-6320-0039-8a896998aa66,1777320178,0.84,0.51,yes,"{""count_fp"":""0.51"",""created_time"":""2026-04-27T20:02:58.357908Z"",""no_price_dollars"":""0.1600"",""taker_side"":""yes"",""ticker"":""KXETH15M-26APR271615-15"",""trade_id"":""6e1e0263-8792-6320-0039-8a896998aa66"",""yes_price_dollars"":""0.8400""}"
KXETH15M-26APR271615-15,d3d4d16c-8451-5bb1-2009-73659f9a0ea6,1777320178,0.83,0.51,yes,"{""count_fp"":""0.51"",""created_time"":""2026-04-27T20:02:58.353322Z"",""no_price_dollars"":""0.1700"",""taker_side"":""yes"",""ticker"":""KXETH15M-26APR271615-15"",""trade_id"":""d3d4d16c-8451-5bb1-2009-73659f9a0ea6"",""yes_price_dollars"":""0.8300""}"
KXETH15M-26APR271615-15,c8122eb6-d08f-5664-366e-3cba06fc0290,1777320178,0.84,35.0,yes,"{""count_fp"":""35.00"",""created_time"":""2026-04-27T20:02:58.353322Z"",""no_price_dollars"":""0.1600"",""taker_side"":""yes"",""ticker"":""KXETH15M-26APR271615-15"",""trade_id"":""c8122eb6-d08f-5664-366e-3cba06fc0290"",""yes_price_dollars"":""0.8400""}"
KXETH15M-26APR271615-15,2997e05b-3d66-5d70-0358-88340513d626,1777320178,0.84,0.49,yes,"{""count_fp"":""0.49"",""created_time"":""2026-04-27T20:02:58.353322Z"",""no_price_dollars"":""0.1600"",""taker_side"":""yes"",""ticker"":""KXETH15M-26APR271615-15"",""trade_id"":""2997e05b-3d66-5d70-0358-88340513d626"",""yes_price_dollars"":""0.8400""}"
KXETH15M-26APR271615-15,07bdc547-3c75-567a-329f-2e3ff0500e0a,1777320178,0.84,4.0,yes,"{""count_fp"":""4.00"",""created_time"":""2026-04-27T20:02:58.353322Z"",""no_price_dollars"":""0.1600"",""taker_side"":""yes"",""ticker"":""KXETH15M-26APR271615-15"",""trade_id"":""07bdc547-3c75-567a-329f-2e3ff0500e0a"",""yes_price_dollars"":""0.8400""}"
KXETH15M-26APR271615-15,38263fc7-9775-5f50-68e2-96e616f64570,1777320178,0.82,4.51,no,"{""count_fp"":""4.51"",""created_time"":""2026-04-27T20:02:58.316033Z"",""no_price_dollars"":""0.1800"",""taker_side"":""no"",""ticker"":""KXETH15M-26APR271615-15"",""trade_id"":""38263fc7-9775-5f50-68e2-96e616f64570"",""yes_price_dollars"":""0.8200""}"
KXETH15M-26APR271615-15,548b03ff-baa1-7260-0782-7f693ab323a0,1777320180,0.85,2.04,no,"{""count_fp"":""2.04"",""created_time"":""2026-04-27T20:03:00.608301Z"",""no_price_dollars"":""0.1500"",""taker_side"":""no"",""ticker"":""KXETH15M-26APR271615-15"",""trade_id"":""548b03ff-baa1-7260-0782-7f693ab323a0"",""yes_price_dollars"":""0.8500""}"
KXETH15M-26APR271615-15,231614d9-c7e0-7b7a-13d0-d84178176d3b,1777320180,0.85,10.0,no,"{""count_fp"":""10.00"",""created_time"":""2026-04-27T20:03:00.608301Z"",""no_price_dollars"":""0.1500"",""taker_side"":""no"",""ticker"":""KXETH15M-26APR271615-15"",""trade_id"":""231614d9-c7e0-7b7a-13d0-d84178176d3b"",""yes_price_dollars"":""0.8500""}"
KXETH15M-26APR271615-15,e531d529-893d-4d04-b683-2330bec1c12c,1777320189,0.85,6.29,no,"{""count_fp"":""6.29"",""created_time"":""2026-04-27T20:03:09.430507Z"",""no_price_dollars"":""0.1500"",""taker_side"":""no"",""ticker"":""KXETH15M-26APR271615-15"",""trade_id"":""e531d529-893d-4d04-b683-2330bec1c12c"",""yes_price_dollars"":""0.8500""}"
KXETH15M-26APR271615-15,f533067b-6879-5227-a26a-51a6e4bbe342,1777320193,0.86,21.0,yes,"{""count_fp"":""21.00"",""created_time"":""2026-04-27T20:03:13.265212Z"",""no_price_dollars"":""0.1400"",""taker_side"":""yes"",""ticker"":""KXETH15M-26APR271615-15"",""trade_id"":""f533067b-6879-5227-a26a-51a6e4bbe342"",""yes_price_dollars"":""0.8600""}"
KXETH15M-26APR271615-15,ca3166f2-5a19-538e-f7d5-9fe4770df9d3,1777320194,0.86,6.0,no,"{""count_fp"":""6.00"",""created_time"":""2026-04-27T20:03:14.334629Z"",""no_price_dollars"":""0.1400"",""taker_side"":""no"",""ticker"":""KXETH15M-26APR271615-15"",""trade_id"":""ca3166f2-5a19-538e-f7d5-9fe4770df9d3"",""yes_price_dollars"":""0.8600""}"
KXETH15M-26APR271615-15,114480ac-1a0d-71ae-8504-3487c2e7012f,1777320194,0.86,0.31,no,"{""count_fp"":""0.31"",""created_time"":""2026-04-27T20:03:14.297403Z"",""no_price_dollars"":""0.1400"",""taker_side"":""no"",""ticker"":""KXETH15M-26APR271615-15"",""trade_id"":""114480ac-1a0d-71ae-8504-3487c2e7012f"",""yes_price_dollars"":""0.8600""}"
KXETH15M-26APR271615-15,cd92c77a-d7a0-6dc2-4607-caf051ba91f4,1777320199,0.87,1.0,yes,"{""count_fp"":""1.00"",""created_time"":""2026-04-27T20:03:19.868994Z"",""no_price_dollars"":""0.1300"",""taker_side"":""yes"",""ticker"":""KXETH15M-26APR271615-15"",""trade_id"":""cd92c77a-d7a0-6dc2-4607-caf051ba91f4"",""yes_price_dollars"":""0.8700""}"
KXETH15M-26APR271615-15,1940db4b-c750-7906-5a0d-defe4a801e5c,1777320199,0.87,2.0,yes,"{""count_fp"":""2.00"",""created_time"":""2026-04-27T20:03:19.335776Z"",""no_price_dollars"":""0.1300"",""taker_side"":""yes"",""ticker"":""KXETH15M-26APR271615-15"",""trade_id"":""1940db4b-c750-7906-5a0d-defe4a801e5c"",""yes_price_dollars"":""0.8700""}"
KXETH15M-26APR271615-15,37f26317-00bc-4c03-9dee-b04e27c0fcb3,1777320203,0.88,25.0,yes,"{""count_fp"":""25.00"",""created_time"":""2026-04-27T20:03:23.407726Z"",""no_price_dollars"":""0.1200"",""taker_side"":""yes"",""ticker"":""KXETH15M-26APR271615-15"",""trade_id"":""37f26317-00bc-4c03-9dee-b04e27c0fcb3"",""yes_price_dollars"":""0.8800""}"
KXETH15M-26APR271615-15,16ae7c25-4e9a-4582-9fb3-ea2bfb03eed5,1777320203,0.87,2.0,yes,"{""count_fp"":""2.00"",""created_time"":""2026-04-27T20:03:23.407726Z"",""no_price_dollars"":""0.1300"",""taker_side"":""yes"",""ticker"":""KXETH15M-26APR271615-15"",""trade_id"":""16ae7c25-4e9a-4582-9fb3-ea2bfb03eed5"",""yes_price_dollars"":""0.8700""}"
KXETH15M-26APR271615-15,23c81a24-55c9-6f9a-ae4e-efb55b1b6737,1777320208,0.86,20.0,no,"{""count_fp"":""20.00"",""created_time"":""2026-04-27T20:03:28.640324Z"",""no_price_dollars"":""0.1400"",""taker_side"":""no"",""ticker"":""KXETH15M-26APR271615-15"",""trade_id"":""23c81a24-55c9-6f9a-ae4e-efb55b1b6737"",""yes_price_dollars"":""0.8600""}"
KXETH15M-26APR271615-15,aed89f0f-b5e1-5315-13c3-d5f1b989a93e,1777320208,0.87,10.0,no,"{""count_fp"":""10.00"",""created_time"":""2026-04-27T20:03:28.443968Z"",""no_price_dollars"":""0.1300"",""taker_side"":""no"",""ticker"":""KXETH15M-26APR271615-15"",""trade_id"":""aed89f0f-b5e1-5315-13c3-d5f1b989a93e"",""yes_price_dollars"":""0.8700""}"
KXETH15M-26APR271615-15,763eb32b-6995-5ba0-25c7-f581fdb70630,1777320208,0.87,0.87,no,"{""count_fp"":""0.87"",""created_time"":""2026-04-27T20:03:28.443968Z"",""no_price_dollars"":""0.1300"",""taker_side"":""no"",""ticker"":""KXETH15M-26APR271615-15"",""trade_id"":""763eb32b-6995-5ba0-25c7-f581fdb70630"",""yes_price_dollars"":""0.8700""}"
KXETH15M-26APR271615-15,b4efc11e-d1c3-78c5-b144-57b9a925d984,1777320208,0.88,11.72,yes,"{""count_fp"":""11.72"",""created_time"":""2026-04-27T20:03:28.035288Z"",""no_price_dollars"":""0.1200"",""taker_side"":""yes"",""ticker"":""KXETH15M-26APR271615-15"",""trade_id"":""b4efc11e-d1c3-78c5-b144-57b9a925d984"",""yes_price_dollars"":""0.8800""}"
KXETH15M-26APR271615-15,360928eb-ae3c-7dd9-abaf-9ff3101cdc47,1777320208,0.88,1.0,yes,"{""count_fp"":""1.00"",""created_time"":""2026-04-27T20:03:28.035288Z"",""no_price_dollars"":""0.1200"",""taker_side"":""yes"",""ticker"":""KXETH15M-26APR271615-15"",""trade_id"":""360928eb-ae3c-7dd9-abaf-9ff3101cdc47"",""yes_price_dollars"":""0.8800""}"
KXETH15M-26APR271615-15,1b71bf42-9082-7b93-a20f-24b8b476ea5d,1777320208,0.89,12.18,yes,"{""count_fp"":""12.18"",""created_time"":""2026-04-27T20:03:28.035288Z"",""no_price_dollars"":""0.1100"",""taker_side"":""yes"",""ticker"":""KXETH15M-26APR271615-15"",""trade_id"":""1b71bf42-9082-7b93-a20f-24b8b476ea5d"",""yes_price_dollars"":""0.8900""}"
KXETH15M-26APR271615-15,e6d5c2f0-d4b7-6891-e223-2b59a8e2a008,1777320214,0.89,5.0,yes,"{""count_fp"":""5.00"",""created_time"":""2026-04-27T20:03:34.898511Z"",""no_price_dollars"":""0.1100"",""taker_side"":""yes"",""ticker"":""KXETH15M-26APR271615-15"",""trade_id"":""e6d5c2f0-d4b7-6891-e223-2b59a8e2a008"",""yes_price_dollars"":""0.8900""}"
KXETH15M-26APR271615-15,dd5956c3-1b41-6d5c-da49-da719e2149c1,1777320214,0.89,44.0,yes,"{""count_fp"":""44.00"",""created_time"":""2026-04-27T20:03:34.898511Z"",""no_price_dollars"":""0.1100"",""taker_side"":""yes"",""ticker"":""KXETH15M-26APR271615-15"",""trade_id"":""dd5956c3-1b41-6d5c-da49-da719e2149c1"",""yes_price_dollars"":""0.8900""}"
KXETH15M-26APR271615-15,43c9846b-a97b-6368-eacb-2aa79ea0d1f5,1777320214,0.88,1.0,yes,"{""count_fp"":""1.00"",""created_time"":""2026-04-27T20:03:34.898511Z"",""no_price_dollars"":""0.1200"",""taker_side"":""yes"",""ticker"":""KXETH15M-26APR271615-15"",""trade_id"":""43c9846b-a97b-6368-eacb-2aa79ea0d1f5"",""yes_price_dollars"":""0.8800""}"
KXETH15M-26APR271615-15,abf113fd-4945-7ed8-f67b-88877e25c0f4,1777320214,0.87,22.26,no,"{""count_fp"":""22.26"",""created_time"":""2026-04-27T20:03:34.048818Z"",""no_price_dollars"":""0.1300"",""taker_side"":""no"",""ticker"":""KXETH15M-26APR271615-15"",""trade_id"":""abf113fd-4945-7ed8-f67b-88877e25c0f4"",""yes_price_dollars"":""0.8700""}"
KXETH15M-26APR271615-15,34ec7e54-f8fc-73d9-e11e-e56b1f482f03,1777320214,0.87,10.0,no,"{""count_fp"":""10.00"",""created_time"":""2026-04-27T20:03:34.048818Z"",""no_price_dollars"":""0.1300"",""taker_side"":""no"",""ticker"":""KXETH15M-26APR271615-15"",""trade_id"":""34ec7e54-f8fc-73d9-e11e-e56b1f482f03"",""yes_price_dollars"":""0.8700""}"
KXETH15M-26APR271615-15,018efdee-8646-7ef4-d2a3-91959736a696,1777320214,0.87,1.0,no,"{""count_fp"":""1.00"",""created_time"":""2026-04-27T20:03:34.048818Z"",""no_price_dollars"":""0.1300"",""taker_side"":""no"",""ticker"":""KXETH15M-26APR271615-15"",""trade_id"":""018efdee-8646-7ef4-d2a3-91959736a696"",""yes_price_dollars"":""0.8700""}"
KXETH15M-26APR271615-15,a32525ef-4052-4082-0787-d875f60b09f9,1777320215,0.87,10.0,no,"{""count_fp"":""10.00"",""created_time"":""2026-04-27T20:03:35.585088Z"",""no_price_dollars"":""0.1300"",""taker_side"":""no"",""ticker"":""KXETH15M-26APR271615-15"",""trade_id"":""a32525ef-4052-4082-0787-d875f60b09f9"",""yes_price_dollars"":""0.8700""}"
KXETH15M-26APR271615-15,e50bb430-cb1d-606a-e5a0-c7aca641b65f,1777320219,0.86,0.8,no,"{""count_fp"":""0.80"",""created_time"":""2026-04-27T20:03:39.946315Z"",""no_price_dollars"":""0.1400"",""taker_side"":""no"",""ticker"":""KXETH15M-26APR271615-15"",""trade_id"":""e50bb430-cb1d-606a-e5a0-c7aca641b65f"",""yes_price_dollars"":""0.8600""}"
KXETH15M-26APR271615-15,ed500fb3-c702-6a67-6c2a-338c982d89c1,1777320222,0.84,439.0,no,"{""count_fp"":""439.00"",""created_time"":""2026-04-27T20:03:42.533802Z"",""no_price_dollars"":""0.1600"",""taker_side"":""no"",""ticker"":""KXETH15M-26APR271615-15"",""trade_id"":""ed500fb3-c702-6a67-6c2a-338c982d89c1"",""yes_price_dollars"":""0.8400""}"
KXETH15M-26APR271615-15,0eda8da5-16ba-5155-960c-d50a0af5d612,1777320222,0.86,0.89,no,"{""count_fp"":""0.89"",""created_time"":""2026-04-27T20:03:42.390796Z"",""no_price_dollars"":""0.1400"",""taker_side"":""no"",""ticker"":""KXETH15M-26APR271615-15"",""trade_id"":""0eda8da5-16ba-5155-960c-d50a0af5d612"",""yes_price_dollars"":""0.8600""}"
KXETH15M-26APR271615-15,ab00fcd4-7cdc-7572-d4bc-afb4b18b45e7,1777320222,0.86,10.0,no,"{""count_fp"":""10.00"",""created_time"":""2026-04-27T20:03:42.385559Z"",""no_price_dollars"":""0.1400"",""taker_side"":""no"",""ticker"":""KXETH15M-26APR271615-15"",""trade_id"":""ab00fcd4-7cdc-7572-d4bc-afb4b18b45e7"",""yes_price_dollars"":""0.8600""}"
KXETH15M-26APR271615-15,7ed02305-d32d-7996-e49e-0820c47f704f,1777320222,0.86,67.89,no,"{""count_fp"":""67.89"",""created_time"":""2026-04-27T20:03:42.385559Z"",""no_price_dollars"":""0.1400"",""taker_side"":""no"",""ticker"":""KXETH15M-26APR271615-15"",""trade_id"":""7ed02305-d32d-7996-e49e-0820c47f704f"",""yes_price_dollars"":""0.8600""}"
KXETH15M-26APR271615-15,567bd841-b8e2-7a53-c75a-a1f3ed233b12,1777320222,0.86,3.0,no,"{""count_fp"":""3.00"",""created_time"":""2026-04-27T20:03:42.385559Z"",""no_price_dollars"":""0.1400"",""taker_side"":""no"",""ticker"":""KXETH15M-26APR271615-15"",""trade_id"":""567bd841-b8e2-7a53-c75a-a1f3ed233b12"",""yes_price_dollars"":""0.8600""}"
KXETH15M-26APR271615-15,47460ac3-bb76-74b7-fb13-247fa0b37d0a,1777320222,0.86,1.0,no,"{""count_fp"":""1.00"",""created_time"":""2026-04-27T20:03:42.385559Z"",""no_price_dollars"":""0.1400"",""taker_side"":""no"",""ticker"":""KXETH15M-26APR271615-15"",""trade_id"":""47460ac3-bb76-74b7-fb13-247fa0b37d0a"",""yes_price_dollars"":""0.8600""}"
KXETH15M-26APR271615-15,35676806-1f3e-7131-c266-4a6c8da2e3e6,1777320222,0.86,99.11,no,"{""count_fp"":""99.11"",""created_time"":""2026-04-27T20:03:42.385559Z"",""no_price_dollars"":""0.1400"",""taker_side"":""no"",""ticker"":""KXETH15M-26APR271615-15"",""trade_id"":""35676806-1f3e-7131-c266-4a6c8da2e3e6"",""yes_price_dollars"":""0.8600""}"
KXETH15M-26APR271615-15,43ad7e31-d400-6c7e-3868-7c8d97045127,1777320223,0.85,1.0,yes,"{""count_fp"":""1.00"",""created_time"":""2026-04-27T20:03:43.116961Z"",""no_price_dollars"":""0.1500"",""taker_side"":""yes"",""ticker"":""KXETH15M-26APR271615-15"",""trade_id"":""43ad7e31-d400-6c7e-3868-7c8d97045127"",""yes_price_dollars"":""0.8500""}"
KXETH15M-26APR271615-15,d7987af3-3fda-483f-0611-b37cbc4afd88,1777320226,0.86,17.38,no,"{""count_fp"":""17.38"",""created_time"":""2026-04-27T20:03:46.726113Z"",""no_price_dollars"":""0.1400"",""taker_side"":""no"",""ticker"":""KXETH15M-26APR271615-15"",""trade_id"":""d7987af3-3fda-483f-0611-b37cbc4afd88"",""yes_price_dollars"":""0.8600""}"
KXETH15M-26APR271615-15,41ca3a59-ef59-4c0d-20c8-0c12a65ba113,1777320226,0.86,1.0,no,"{""count_fp"":""1.00"",""created_time"":""2026-04-27T20:03:46.726113Z"",""no_price_dollars"":""0.1400"",""taker_side"":""no"",""ticker"":""KXETH15M-26APR271615-15"",""trade_id"":""41ca3a59-ef59-4c0d-20c8-0c12a65ba113"",""yes_price_dollars"":""0.8600""}"
KXETH15M-26APR271615-15,73b078b3-bdc5-4d05-d97b-793a69aa21e1,1777320226,0.88,4.0,yes,"{""count_fp"":""4.00"",""created_time"":""2026-04-27T20:03:46.590261Z"",""no_price_dollars"":""0.1200"",""taker_side"":""yes"",""ticker"":""KXETH15M-26APR271615-15"",""trade_id"":""73b078b3-bdc5-4d05-d97b-793a69aa21e1"",""yes_price_dollars"":""0.8800""}"
KXETH15M-26APR271615-15,f300d246-fbeb-43d4-326b-86b40e6f01f0,1777320226,0.89,10.15,yes,"{""count_fp"":""10.15"",""created_time"":""2026-04-27T20:03:46.035083Z"",""no_price_dollars"":""0.1100"",""taker_side"":""yes"",""ticker"":""KXETH15M-26APR271615-15"",""trade_id"":""f300d246-fbeb-43d4-326b-86b40e6f01f0"",""yes_price_dollars"":""0.8900""}"
KXETH15M-26APR271615-15,4d4e99f1-36ec-43dc-15cf-6cd27e28f1c6,1777320226,0.88,1.0,yes,"{""count_fp"":""1.00"",""created_time"":""2026-04-27T20:03:46.035083Z"",""no_price_dollars"":""0.1200"",""taker_side"":""yes"",""ticker"":""KXETH15M-26APR271615-15"",""trade_id"":""4d4e99f1-36ec-43dc-15cf-6cd27e28f1c6"",""yes_price_dollars"":""0.8800""}"
KXETH15M-26APR271615-15,3e600e68-352e-7a9f-4fb2-9d351864b394,1777320227,0.86,6.73,no,"{""count_fp"":""6.73"",""created_time"":""2026-04-27T20:03:47.876608Z"",""no_price_dollars"":""0.1400"",""taker_side"":""no"",""ticker"":""KXETH15M-26APR271615-15"",""trade_id"":""3e600e68-352e-7a9f-4fb2-9d351864b394"",""yes_price_dollars"":""0.8600""}"
KXETH15M-26APR271615-15,713053ea-2db0-64cb-3036-a930e0d8a7c8,1777320227,0.88,1.0,yes,"{""count_fp"":""1.00"",""created_time"":""2026-04-27T20:03:47.812734Z"",""no_price_dollars"":""0.1200"",""taker_side"":""yes"",""ticker"":""KXETH15M-26APR271615-15"",""trade_id"":""713053ea-2db0-64cb-3036-a930e0d8a7c8"",""yes_price_dollars"":""0.8800""}"
KXETH15M-26APR271615-15,f7437340-61ca-686b-1163-485be57b8b90,1777320228,0.86,6.71,no,"{""count_fp"":""6.71"",""created_time"":""2026-04-27T20:03:48.238259Z"",""no_price_dollars"":""0.1400"",""taker_side"":""no"",""ticker"":""KXETH15M-26APR271615-15"",""trade_id"":""f7437340-61ca-686b-1163-485be57b8b90"",""yes_price_dollars"":""0.8600""}"
KXETH15M-26APR271615-15,7721abd9-c33d-5daf-8570-2efe59378b3d,1777320229,0.87,0.8,no,"{""count_fp"":""0.80"",""created_time"":""2026-04-27T20:03:49.905393Z"",""no_price_dollars"":""0.1300"",""taker_side"":""no"",""ticker"":""KXETH15M-26APR271615-15"",""trade_id"":""7721abd9-c33d-5daf-8570-2efe59378b3d"",""yes_price_dollars"":""0.8700""}"
KXETH15M-26APR271615-15,b7f1a660-912e-6047-57df-faed102ab0b4,1777320236,0.89,5.02,no,"{""count_fp"":""5.02"",""created_time"":""2026-04-27T20:03:56.078333Z"",""no_price_dollars"":""0.1100"",""taker_side"":""no"",""ticker"":""KXETH15M-26APR271615-15"",""trade_id"":""b7f1a660-912e-6047-57df-faed102ab0b4"",""yes_price_dollars"":""0.8900""}"
KXETH15M-26APR271615-15,3adb13d6-e98f-6f16-735f-c40fb9942be3,1777320236,0.89,1.0,no,"{""count_fp"":""1.00"",""created_time"":""2026-04-27T20:03:56.078333Z"",""no_price_dollars"":""0.1100"",""taker_side"":""no"",""ticker"":""KXETH15M-26APR271615-15"",""trade_id"":""3adb13d6-e98f-6f16-735f-c40fb9942be3"",""yes_price_dollars"":""0.8900""}"
KXETH15M-26APR271615-15,d3f4cdce-276e-5e76-e64b-cdaccba429a2,1777320238,0.9,1.0,yes,"{""count_fp"":""1.00"",""created_time"":""2026-04-27T20:03:58.429711Z"",""no_price_dollars"":""0.1000"",""taker_side"":""yes"",""ticker"":""KXETH15M-26APR271615-15"",""trade_id"":""d3f4cdce-276e-5e76-e64b-cdaccba429a2"",""yes_price_dollars"":""0.9000""}"
KXETH15M-26APR271615-15,bb1a7c6c-98a9-5e5c-eb69-087985732091,1777320238,0.9,19.0,yes,"{""count_fp"":""19.00"",""created_time"":""2026-04-27T20:03:58.429711Z"",""no_price_dollars"":""0.1000"",""taker_side"":""yes"",""ticker"":""KXETH15M-26APR271615-15"",""trade_id"":""bb1a7c6c-98a9-5e5c-eb69-087985732091"",""yes_price_dollars"":""0.9000""}"
KXETH15M-26APR271615-15,82c644bb-ea6e-5787-c1b0-cb23a418a0b5,1777320238,0.9,3.0,yes,"{""count_fp"":""3.00"",""created_time"":""2026-04-27T20:03:58.429711Z"",""no_price_dollars"":""0.1000"",""taker_side"":""yes"",""ticker"":""KXETH15M-26APR271615-15"",""trade_id"":""82c644bb-ea6e-5787-c1b0-cb23a418a0b5"",""yes_price_dollars"":""0.9000""}"
KXETH15M-26APR271615-15,380e65d5-222e-5b74-fc0e-7dc1818387ee,1777320238,0.9,4.0,yes,"{""count_fp"":""4.00"",""created_time"":""2026-04-27T20:03:58.429711Z"",""no_price_dollars"":""0.1000"",""taker_side"":""yes"",""ticker"":""KXETH15M-26APR271615-15"",""trade_id"":""380e65d5-222e-5b74-fc0e-7dc1818387ee"",""yes_price_dollars"":""0.9000""}"
KXETH15M-26APR271615-15,1a8a6b5e-d4c1-560e-f9fd-5d38b1faef05,1777320238,0.9,2.0,yes,"{""count_fp"":""2.00"",""created_time"":""2026-04-27T20:03:58.429711Z"",""no_price_dollars"":""0.1000"",""taker_side"":""yes"",""ticker"":""KXETH15M-26APR271615-15"",""trade_id"":""1a8a6b5e-d4c1-560e-f9fd-5d38b1faef05"",""yes_price_dollars"":""0.9000""}"
KXETH15M-26APR271615-15,b7d575b0-0b87-4420-819a-bbf8cd2d9f6f,1777320240,0.9,1.0,yes,"{""count_fp"":""1.00"",""created_time"":""2026-04-27T20:04:00.082324Z"",""no_price_dollars"":""0.1000"",""taker_side"":""yes"",""ticker"":""KXETH15M-26APR271615-15"",""trade_id"":""b7d575b0-0b87-4420-819a-bbf8cd2d9f6f"",""yes_price_dollars"":""0.9000""}"
KXETH15M-26APR271615-15,da77ba38-e9c0-6052-16ca-a17d1db3ee2f,1777320241,0.91,2.0,yes,"{""count_fp"":""2.00"",""created_time"":""2026-04-27T20:04:01.173661Z"",""no_price_dollars"":""0.0900"",""taker_side"":""yes"",""ticker"":""KXETH15M-26APR271615-15"",""trade_id"":""da77ba38-e9c0-6052-16ca-a17d1db3ee2f"",""yes_price_dollars"":""0.9100""}"
KXETH15M-26APR271615-15,8410537b-ad5f-61ca-1e33-8dd28fee239c,1777320241,0.91,1.0,yes,"{""count_fp"":""1.00"",""created_time"":""2026-04-27T20:04:01.173661Z"",""no_price_dollars"":""0.0900"",""taker_side"":""yes"",""ticker"":""KXETH15M-26APR271615-15"",""trade_id"":""8410537b-ad5f-61ca-1e33-8dd28fee239c"",""yes_price_dollars"":""0.9100""}"
KXETH15M-26APR271615-15,d48713b9-91fc-4166-32d7-50c5cddf5f23,1777320243,0.91,2.0,yes,"{""count_fp"":""2.00"",""created_time"":""2026-04-27T20:04:03.662471Z"",""no_price_dollars"":""0.0900"",""taker_side"":""yes"",""ticker"":""KXETH15M-26APR271615-15"",""trade_id"":""d48713b9-91fc-4166-32d7-50c5cddf5f23"",""yes_price_dollars"":""0.9100""}"
KXETH15M-26APR271615-15,2de834df-58bb-4f12-0a6d-c0be7ea5f660,1777320243,0.91,3.0,yes,"{""count_fp"":""3.00"",""created_time"":""2026-04-27T20:04:03.662471Z"",""no_price_dollars"":""0.0900"",""taker_side"":""yes"",""ticker"":""KXETH15M-26APR271615-15"",""trade_id"":""2de834df-58bb-4f12-0a6d-c0be7ea5f660"",""yes_price_dollars"":""0.9100""}"
KXETH15M-26APR271615-15,a3b9b3ac-121b-538b-7c1c-2927eea052ff,1777320246,0.913,8.55,no,"{""count_fp"":""8.55"",""created_time"":""2026-04-27T20:04:06.074735Z"",""no_price_dollars"":""0.0870"",""taker_side"":""no"",""ticker"":""KXETH15M-26APR271615-15"",""trade_id"":""a3b9b3ac-121b-538b-7c1c-2927eea052ff"",""yes_price_dollars"":""0.9130""}"
KXETH15M-26APR271615-15,1c82230d-132c-557f-4150-56ae796548eb,1777320246,0.919,1.0,no,"{""count_fp"":""1.00"",""created_time"":""2026-04-27T20:04:06.074735Z"",""no_price_dollars"":""0.0810"",""taker_side"":""no"",""ticker"":""KXETH15M-26APR271615-15"",""trade_id"":""1c82230d-132c-557f-4150-56ae796548eb"",""yes_price_dollars"":""0.9190""}"
KXETH15M-26APR271615-15,7ea79802-baa6-487b-60da-46381540d428,1777320248,0.912,89.0,no,"{""count_fp"":""89.00"",""created_time"":""2026-04-27T20:04:08.174076Z"",""no_price_dollars"":""0.0880"",""taker_side"":""no"",""ticker"":""KXETH15M-26APR271615-15"",""trade_id"":""7ea79802-baa6-487b-60da-46381540d428"",""yes_price_dollars"":""0.9120""}"
KXETH15M-26APR271615-15,279607eb-57b6-4e22-4f60-34ce2d30d2d6,1777320248,0.913,10.0,no,"{""count_fp"":""10.00"",""created_time"":""2026-04-27T20:04:08.174076Z"",""no_price_dollars"":""0.0870"",""taker_side"":""no"",""ticker"":""KXETH15M-26APR271615-15"",""trade_id"":""279607eb-57b6-4e22-4f60-34ce2d30d2d6"",""yes_price_dollars"":""0.9130""}"
KXETH15M-26APR271615-15,10cb226c-3809-4f12-75d6-dc5097b02ee5,1777320248,0.919,1.0,no,"{""count_fp"":""1.00"",""created_time"":""2026-04-27T20:04:08.174076Z"",""no_price_dollars"":""0.0810"",""taker_side"":""no"",""ticker"":""KXETH15M-26APR271615-15"",""trade_id"":""10cb226c-3809-4f12-75d6-dc5097b02ee5"",""yes_price_dollars"":""0.9190""}"
KXETH15M-26APR271615-15,e558f424-7c26-73b0-1c33-adfc0962006d,1777320249,0.915,1.0,no,"{""count_fp"":""1.00"",""created_time"":""2026-04-27T20:04:09.427149Z"",""no_price_dollars"":""0.0850"",""taker_side"":""no"",""ticker"":""KXETH15M-26APR271615-15"",""trade_id"":""e558f424-7c26-73b0-1c33-adfc0962006d"",""yes_price_dollars"":""0.9150""}"
KXETH15M-26APR271615-15,44024acb-f036-78a0-2f0e-3e7fcd52c989,1777320249,0.912,82.58,no,"{""count_fp"":""82.58"",""created_time"":""2026-04-27T20:04:09.427149Z"",""no_price_dollars"":""0.0880"",""taker_side"":""no"",""ticker"":""KXETH15M-26APR271615-15"",""trade_id"":""44024acb-f036-78a0-2f0e-3e7fcd52c989"",""yes_price_dollars"":""0.9120""}"
KXETH15M-26APR271615-15,3b96ed5d-a702-7d17-09c4-35347904bfa9,1777320249,0.913,12.3,no,"{""count_fp"":""12.30"",""created_time"":""2026-04-27T20:04:09.427149Z"",""no_price_dollars"":""0.0870"",""taker_side"":""no"",""ticker"":""KXETH15M-26APR271615-15"",""trade_id"":""3b96ed5d-a702-7d17-09c4-35347904bfa9"",""yes_price_dollars"":""0.9130""}"
KXETH15M-26APR271615-15,84067bff-b381-41a9-6376-6833b5de67ff,1777320251,0.92,1.0,yes,"{""count_fp"":""1.00"",""created_time"":""2026-04-27T20:04:11.424547Z"",""no_price_dollars"":""0.0800"",""taker_side"":""yes"",""ticker"":""KXETH15M-26APR271615-15"",""trade_id"":""84067bff-b381-41a9-6376-6833b5de67ff"",""yes_price_dollars"":""0.9200""}"
KXETH15M-26APR271615-15,f3c82e05-a8a2-42b8-d251-07e5d45f68dd,1777320253,0.912,0.31,no,"{""count_fp"":""0.31"",""created_time"":""2026-04-27T20:04:13.679961Z"",""no_price_dollars"":""0.0880"",""taker_side"":""no"",""ticker"":""KXETH15M-26APR271615-15"",""trade_id"":""f3c82e05-a8a2-42b8-d251-07e5d45f68dd"",""yes_price_dollars"":""0.9120""}"
KXETH15M-26APR271615-15,c3e8315f-e662-7d28-0568-2fbaff909111,1777320253,0.912,5.0,no,"{""count_fp"":""5.00"",""created_time"":""2026-04-27T20:04:13.258821Z"",""no_price_dollars"":""0.0880"",""taker_side"":""no"",""ticker"":""KXETH15M-26APR271615-15"",""trade_id"":""c3e8315f-e662-7d28-0568-2fbaff909111"",""yes_price_dollars"":""0.9120""}"
KXETH15M-26APR271615-15,f9d98495-a564-5e6f-2c60-dad43516c014,1777320253,0.93,4.0,yes,"{""count_fp"":""4.00"",""created_time"":""2026-04-27T20:04:13.036993Z"",""no_price_dollars"":""0.0700"",""taker_side"":""yes"",""ticker"":""KXETH15M-26APR271615-15"",""trade_id"":""f9d98495-a564-5e6f-2c60-dad43516c014"",""yes_price_dollars"":""0.9300""}"
KXETH15M-26APR271615-15,ec665123-735f-5108-0cf7-7cdf9882f7e7,1777320253,0.93,8.0,yes,"{""count_fp"":""8.00"",""created_time"":""2026-04-27T20:04:13.036993Z"",""no_price_dollars"":""0.0700"",""taker_side"":""yes"",""ticker"":""KXETH15M-26APR271615-15"",""trade_id"":""ec665123-735f-5108-0cf7-7cdf9882f7e7"",""yes_price_dollars"":""0.9300""}"
KXETH15M-26APR271615-15,e8ebd18c-dead-5711-0f78-b661359f5cec,1777320253,0.93,1.0,yes,"{""count_fp"":""1.00"",""created_time"":""2026-04-27T20:04:13.036993Z"",""no_price_dollars"":""0.0700"",""taker_side"":""yes"",""ticker"":""KXETH15M-26APR271615-15"",""trade_id"":""e8ebd18c-dead-5711-0f78-b661359f5cec"",""yes_price_dollars"":""0.9300""}"
KXETH15M-26APR271615-15,e8c8675d-0da3-5212-3c2c-c7b9fa6b7928,1777320253,0.93,12.0,yes,"{""count_fp"":""12.00"",""created_time"":""2026-04-27T20:04:13.036993Z"",""no_price_dollars"":""0.0700"",""taker_side"":""yes"",""ticker"":""KXETH15M-26APR271615-15"",""trade_id"":""e8c8675d-0da3-5212-3c2c-c7b9fa6b7928"",""yes_price_dollars"":""0.9300""}"
KXETH15M-26APR271615-15,d7b6c289-0fd4-5f2c-05f3-2e1d02f6a757,1777320253,0.93,10.0,yes,"{""count_fp"":""10.00"",""created_time"":""2026-04-27T20:04:13.036993Z"",""no_price_dollars"":""0.0700"",""taker_side"":""yes"",""ticker"":""KXETH15M-26APR271615-15"",""trade_id"":""d7b6c289-0fd4-5f2c-05f3-2e1d02f6a757"",""yes_price_dollars"":""0.9300""}"
KXETH15M-26APR271615-15,ce81b9ce-fbee-5460-2cf6-e823853feef7,1777320253,0.92,3.0,yes,"{""count_fp"":""3.00"",""created_time"":""2026-04-27T20:04:13.036993Z"",""no_price_dollars"":""0.0800"",""taker_side"":""yes"",""ticker"":""KXETH15M-26APR271615-15"",""trade_id"":""ce81b9ce-fbee-5460-2cf6-e823853feef7"",""yes_price_dollars"":""0.9200""}"
KXETH15M-26APR271615-15,b0aafa61-a434-5012-3868-1a5de3d64caa,1777320253,0.93,3.0,yes,"{""count_fp"":""3.00"",""created_time"":""2026-04-27T20:04:13.036993Z"",""no_price_dollars"":""0.0700"",""taker_side"":""yes"",""ticker"":""KXETH15M-26APR271615-15"",""trade_id"":""b0aafa61-a434-5012-3868-1a5de3d64caa"",""yes_price_dollars"":""0.9300""}"
KXETH15M-26APR271615-15,a8f3d614-f5f8-5f7e-1221-ac2a8a24f6fa,1777320253,0.929,10.0,yes,"{""count_fp"":""10.00"",""created_time"":""2026-04-27T20:04:13.036993Z"",""no_price_dollars"":""0.0710"",""taker_side"":""yes"",""ticker"":""KXETH15M-26APR271615-15"",""trade_id"":""a8f3d614-f5f8-5f7e-1221-ac2a8a24f6fa"",""yes_price_dollars"":""0.9290""}"
KXETH15M-26APR271615-15,6cc67e3c-e29e-53bf-220b-cddda723c8c4,1777320253,0.92,6.0,yes,"{""count_fp"":""6.00"",""created_time"":""2026-04-27T20:04:13.036993Z"",""no_price_dollars"":""0.0800"",""taker_side"":""yes"",""ticker"":""KXETH15M-26APR271615-15"",""trade_id"":""6cc67e3c-e29e-53bf-220b-cddda723c8c4"",""yes_price_dollars"":""0.9200""}"
KXETH15M-26APR271615-15,5c5867f1-2c97-5505-3624-004a1da3f8d0,1777320253,0.93,29.0,yes,"{""count_fp"":""29.00"",""created_time"":""2026-04-27T20:04:13.036993Z"",""no_price_dollars"":""0.0700"",""taker_side"":""yes"",""ticker"":""KXETH15M-26APR271615-15"",""trade_id"":""5c5867f1-2c97-5505-3624-004a1da3f8d0"",""yes_price_dollars"":""0.9300""}"
KXETH15M-26APR271615-15,1abe597f-f480-5535-26c3-573d7a38ed6b,1777320253,0.92,12.0,yes,"{""count_fp"":""12.00"",""created_time"":""2026-04-27T20:04:13.036993Z"",""no_price_dollars"":""0.0800"",""taker_side"":""yes"",""ticker"":""KXETH15M-26APR271615-15"",""trade_id"":""1abe597f-f480-5535-26c3-573d7a38ed6b"",""yes_price_dollars"":""0.9200""}"
KXETH15M-26APR271615-15,131a6c31-8f0c-5c41-14ea-a40ff53d9de7,1777320253,0.932,96.24,yes,"{""count_fp"":""96.24"",""created_time"":""2026-04-27T20:04:13.036993Z"",""no_price_dollars"":""0.0680"",""taker_side"":""yes"",""ticker"":""KXETH15M-26APR271615-15"",""trade_id"":""131a6c31-8f0c-5c41-14ea-a40ff53d9de7"",""yes_price_dollars"":""0.9320""}"
KXETH15M-26APR271615-15,0144249a-21c4-5d92-31b1-37a842847f46,1777320253,0.92,7.0,yes,"{""count_fp"":""7.00"",""created_time"":""2026-04-27T20:04:13.036993Z"",""no_price_dollars"":""0.0800"",""taker_side"":""yes"",""ticker"":""KXETH15M-26APR271615-15"",""trade_id"":""0144249a-21c4-5d92-31b1-37a842847f46"",""yes_price_dollars"":""0.9200""}"
KXETH15M-26APR271615-15,54db5e87-c65e-4990-dbc6-13feaf10fbb1,1777320258,0.912,53.35,no,"{""count_fp"":""53.35"",""created_time"":""2026-04-27T20:04:18.901946Z"",""no_price_dollars"":""0.0880"",""taker_side"":""no"",""ticker"":""KXETH15M-26APR271615-15"",""trade_id"":""54db5e87-c65e-4990-dbc6-13feaf10fbb1"",""yes_price_dollars"":""0.9120""}"
KXETH15M-26APR271615-15,3be5a942-9534-736a-f800-962c7c62510f,1777320267,0.912,1.21,no,"{""count_fp"":""1.21"",""created_time"":""2026-04-27T20:04:27.354339Z"",""no_price_dollars"":""0.0880"",""taker_side"":""no"",""ticker"":""KXETH15M-26APR271615-15"",""trade_id"":""3be5a942-9534-736a-f800-962c7c62510f"",""yes_price_dollars"":""0.9120""}"
KXETH15M-26APR271615-15,c9512a31-5eac-5bbc-1a2e-a7a562a299a9,1777320267,0.916,1.0,no,"{""count_fp"":""1.00"",""created_time"":""2026-04-27T20:04:27.295774Z"",""no_price_dollars"":""0.0840"",""taker_side"":""no"",""ticker"":""KXETH15M-26APR271615-15"",""trade_id"":""c9512a31-5eac-5bbc-1a2e-a7a562a299a9"",""yes_price_dollars"":""0.9160""}"
KXETH15M-26APR271615-15,80e49015-2158-5a1e-11de-23981ed1222f,1777320267,0.912,40.16,no,"{""count_fp"":""40.16"",""created_time"":""2026-04-27T20:04:27.295774Z"",""no_price_dollars"":""0.0880"",""taker_side"":""no"",""ticker"":""KXETH15M-26APR271615-15"",""trade_id"":""80e49015-2158-5a1e-11de-23981ed1222f"",""yes_price_dollars"":""0.9120""}"
KXETH15M-26APR271615-15,7b76328e-6fa8-588e-0b38-2e27d20fb7d7,1777320267,0.913,12.3,no,"{""count_fp"":""12.30"",""created_time"":""2026-04-27T20:04:27.295774Z"",""no_price_dollars"":""0.0870"",""taker_side"":""no"",""ticker"":""KXETH15M-26APR271615-15"",""trade_id"":""7b76328e-6fa8-588e-0b38-2e27d20fb7d7"",""yes_price_dollars"":""0.9130""}"
KXETH15M-26APR271615-15,ffbd528f-7508-6153-32c7-5f9ef7e208c4,1777320287,0.94,1.0,yes,"{""count_fp"":""1.00"",""created_time"":""2026-04-27T20:04:47.880101Z"",""no_price_dollars"":""0.0600"",""taker_side"":""yes"",""ticker"":""KXETH15M-26APR271615-15"",""trade_id"":""ffbd528f-7508-6153-32c7-5f9ef7e208c4"",""yes_price_dollars"":""0.9400""}"
KXETH15M-26APR271615-15,fdd61884-81c9-6809-0758-c3b48fa509e7,1777320287,0.939,6.09,yes,"{""count_fp"":""6.09"",""created_time"":""2026-04-27T20:04:47.880101Z"",""no_price_dollars"":""0.0610"",""taker_side"":""yes"",""ticker"":""KXETH15M-26APR271615-15"",""trade_id"":""fdd61884-81c9-6809-0758-c3b48fa509e7"",""yes_price_dollars"":""0.9390""}"
KXETH15M-26APR271615-15,b8d9753a-5d50-6b84-3dbe-3f261fe965cb,1777320287,0.94,1.0,yes,"{""count_fp"":""1.00"",""created_time"":""2026-04-27T20:04:47.880101Z"",""no_price_dollars"":""0.0600"",""taker_side"":""yes"",""ticker"":""KXETH15M-26APR271615-15"",""trade_id"":""b8d9753a-5d50-6b84-3dbe-3f261fe965cb"",""yes_price_dollars"":""0.9400""}"
KXETH15M-26APR271615-15,af946b21-2731-6917-2178-fff461c28173,1777320287,0.94,12.0,yes,"{""count_fp"":""12.00"",""created_time"":""2026-04-27T20:04:47.880101Z"",""no_price_dollars"":""0.0600"",""taker_side"":""yes"",""ticker"":""KXETH15M-26APR271615-15"",""trade_id"":""af946b21-2731-6917-2178-fff461c28173"",""yes_price_dollars"":""0.9400""}"
KXETH15M-26APR271615-15,8896e1f3-49c4-63e3-27e1-0d65693a2d7a,1777320287,0.94,3.0,yes,"{""count_fp"":""3.00"",""created_time"":""2026-04-27T20:04:47.880101Z"",""no_price_dollars"":""0.0600"",""taker_side"":""yes"",""ticker"":""KXETH15M-26APR271615-15"",""trade_id"":""8896e1f3-49c4-63e3-27e1-0d65693a2d7a"",""yes_price_dollars"":""0.9400""}"
KXETH15M-26APR271615-15,7c5112de-7492-6b9f-2e82-1eca48c52933,1777320287,0.94,8.0,yes,"{""count_fp"":""8.00"",""created_time"":""2026-04-27T20:04:47.880101Z"",""no_price_dollars"":""0.0600"",""taker_side"":""yes"",""ticker"":""KXETH15M-26APR271615-15"",""trade_id"":""7c5112de-7492-6b9f-2e82-1eca48c52933"",""yes_price_dollars"":""0.9400""}"
KXETH15M-26APR271615-15,34df3995-04b9-6ec2-113b-605bf2404ebb,1777320287,0.94,0.91,yes,"{""count_fp"":""0.91"",""created_time"":""2026-04-27T20:04:47.880101Z"",""no_price_dollars"":""0.0600"",""taker_side"":""yes"",""ticker"":""KXETH15M-26APR271615-15"",""trade_id"":""34df3995-04b9-6ec2-113b-605bf2404ebb"",""yes_price_dollars"":""0.9400""}"
KXETH15M-26APR271615-15,1da32acf-40d5-6a7b-1e7f-bd61d4d2f3e8,1777320287,0.939,20.0,yes,"{""count_fp"":""20.00"",""created_time"":""2026-04-27T20:04:47.880101Z"",""no_price_dollars"":""0.0610"",""taker_side"":""yes"",""ticker"":""KXETH15M-26APR271615-15"",""trade_id"":""1da32acf-40d5-6a7b-1e7f-bd61d4d2f3e8"",""yes_price_dollars"":""0.9390""}"
KXETH15M-26APR271615-15,3c76f163-0798-69da-153a-38d0bcdc88f3,1777320292,0.932,1.0,no,"{""count_fp"":""1.00"",""created_time"":""2026-04-27T20:04:52.311986Z"",""no_price_dollars"":""0.0680"",""taker_side"":""no"",""ticker"":""KXETH15M-26APR271615-15"",""trade_id"":""3c76f163-0798-69da-153a-38d0bcdc88f3"",""yes_price_dollars"":""0.9320""}"
KXETH15M-26APR271615-15,9492be04-1c50-6ffe-6440-a50bd818c9ff,1777320296,0.932,2.32,no,"{""count_fp"":""2.32"",""created_time"":""2026-04-27T20:04:56.562354Z"",""no_price_dollars"":""0.0680"",""taker_side"":""no"",""ticker"":""KXETH15M-26APR271615-15"",""trade_id"":""9492be04-1c50-6ffe-6440-a50bd818c9ff"",""yes_price_dollars"":""0.9320""}"
KXETH15M-26APR271615-15,22dd5870-b36f-6569-7573-545b26b53aad,1777320296,0.938,1.0,no,"{""count_fp"":""1.00"",""created_time"":""2026-04-27T20:04:56.562354Z"",""no_price_dollars"":""0.0620"",""taker_side"":""no"",""ticker"":""KXETH15M-26APR271615-15"",""trade_id"":""22dd5870-b36f-6569-7573-545b26b53aad"",""yes_price_dollars"":""0.9380""}"
KXETH15M-26APR271615-15,13b5bc5d-904e-646a-77d8-4cce75b8e22b,1777320296,0.933,16.68,no,"{""count_fp"":""16.68"",""created_time"":""2026-04-27T20:04:56.562354Z"",""no_price_dollars"":""0.0670"",""taker_side"":""no"",""ticker"":""KXETH15M-26APR271615-15"",""trade_id"":""13b5bc5d-904e-646a-77d8-4cce75b8e22b"",""yes_price_dollars"":""0.9330""}"
KXETH15M-26APR271615-15,1db3cf52-9cf4-7806-bf15-90b746693003,1777320301,0.932,11.27,no,"{""count_fp"":""11.27"",""created_time"":""2026-04-27T20:05:01.236462Z"",""no_price_dollars"":""0.0680"",""taker_side"":""no"",""ticker"":""KXETH15M-26APR271615-15"",""trade_id"":""1db3cf52-9cf4-7806-bf15-90b746693003"",""yes_price_dollars"":""0.9320""}"
KXETH15M-26APR271615-15,eedfc566-c406-4e11-9c1b-aa41cebf12bc,1777320304,0.94,20.91,yes,"{""count_fp"":""20.91"",""created_time"":""2026-04-27T20:05:04.131403Z"",""no_price_dollars"":""0.0600"",""taker_side"":""yes"",""ticker"":""KXETH15M-26APR271615-15"",""trade_id"":""eedfc566-c406-4e11-9c1b-aa41cebf12bc"",""yes_price_dollars"":""0.9400""}"
KXETH15M-26APR271615-15,d64163c3-5d79-4f76-931a-3a633d64aa97,1777320304,0.94,0.09,yes,"{""count_fp"":""0.09"",""created_time"":""2026-04-27T20:05:04.131403Z"",""no_price_dollars"":""0.0600"",""taker_side"":""yes"",""ticker"":""KXETH15M-26APR271615-15"",""trade_id"":""d64163c3-5d79-4f76-931a-3a633d64aa97"",""yes_price_dollars"":""0.9400""}"
KXETH15M-26APR271615-15,5ccdad75-082e-699d-4a2b-ef3e423975fc,1777320305,0.94,1.0,yes,"{""count_fp"":""1.00"",""created_time"":""2026-04-27T20:05:05.182959Z"",""no_price_dollars"":""0.0600"",""taker_side"":""yes"",""ticker"":""KXETH15M-26APR271615-15"",""trade_id"":""5ccdad75-082e-699d-4a2b-ef3e423975fc"",""yes_price_dollars"":""0.9400""}"
KXETH15M-26APR271615-15,83a96b44-8346-49e5-8d0f-421bc8929084,1777320307,0.94,0.31,yes,"{""count_fp"":""0.31"",""created_time"":""2026-04-27T20:05:07.680059Z"",""no_price_dollars"":""0.0600"",""taker_side"":""yes"",""ticker"":""KXETH15M-26APR271615-15"",""trade_id"":""83a96b44-8346-49e5-8d0f-421bc8929084"",""yes_price_dollars"":""0.9400""}"
KXETH15M-26APR271615-15,59da11df-453f-4575-0198-673aaeea67de,1777320307,0.933,1.28,no,"{""count_fp"":""1.28"",""created_time"":""2026-04-27T20:05:07.325027Z"",""no_price_dollars"":""0.0670"",""taker_side"":""no"",""ticker"":""KXETH15M-26APR271615-15"",""trade_id"":""59da11df-453f-4575-0198-673aaeea67de"",""yes_price_dollars"":""0.9330""}"
KXETH15M-26APR271615-15,9f15c768-add3-4e39-f881-e2732f3b4fbe,1777320313,0.933,700.37,no,"{""count_fp"":""700.37"",""created_time"":""2026-04-27T20:05:13.501113Z"",""no_price_dollars"":""0.0670"",""taker_side"":""no"",""ticker"":""KXETH15M-26APR271615-15"",""trade_id"":""9f15c768-add3-4e39-f881-e2732f3b4fbe"",""yes_price_dollars"":""0.9330""}"
KXETH15M-26APR271615-15,ef44e3d9-a896-6a4d-8b66-da9de3c4edb8,1777320316,0.94,171.78,yes,"{""count_fp"":""171.78"",""created_time"":""2026-04-27T20:05:16.689647Z"",""no_price_dollars"":""0.0600"",""taker_side"":""yes"",""ticker"":""KXETH15M-26APR271615-15"",""trade_id"":""ef44e3d9-a896-6a4d-8b66-da9de3c4edb8"",""yes_price_dollars"":""0.9400""}"
KXETH15M-26APR271615-15,8084d9c8-db1a-75dd-e61c-4c8e3f78321c,1777320316,0.94,406.0,yes,"{""count_fp"":""406.00"",""created_time"":""2026-04-27T20:05:16.660839Z"",""no_price_dollars"":""0.0600"",""taker_side"":""yes"",""ticker"":""KXETH15M-26APR271615-15"",""trade_id"":""8084d9c8-db1a-75dd-e61c-4c8e3f78321c"",""yes_price_dollars"":""0.9400""}"
KXETH15M-26APR271615-15,a420699c-8b8c-4412-0447-e9a80e0540d7,1777320316,0.932,0.43,no,"{""count_fp"":""0.43"",""created_time"":""2026-04-27T20:05:16.250099Z"",""no_price_dollars"":""0.0680"",""taker_side"":""no"",""ticker"":""KXETH15M-26APR271615-15"",""trade_id"":""a420699c-8b8c-4412-0447-e9a80e0540d7"",""yes_price_dollars"":""0.9320""}"
KXETH15M-26APR271615-15,73dc7bcf-f1dd-4708-18c9-669f23997d61,1777320316,0.939,1.0,no,"{""count_fp"":""1.00"",""created_time"":""2026-04-27T20:05:16.250099Z"",""no_price_dollars"":""0.0610"",""taker_side"":""no"",""ticker"":""KXETH15M-26APR271615-15"",""trade_id"":""73dc7bcf-f1dd-4708-18c9-669f23997d61"",""yes_price_dollars"":""0.9390""}"
KXETH15M-26APR271615-15,2e72bc78-4ab0-4e9e-1f38-7ff1bbb61684,1777320316,0.933,10.0,no,"{""count_fp"":""10.00"",""created_time"":""2026-04-27T20:05:16.250099Z"",""no_price_dollars"":""0.0670"",""taker_side"":""no"",""ticker"":""KXETH15M-26APR271615-15"",""trade_id"":""2e72bc78-4ab0-4e9e-1f38-7ff1bbb61684"",""yes_price_dollars"":""0.9330""}"
KXETH15M-26APR271615-15,bc48e74f-a868-6982-4282-b2cfb7dd61ea,1777320323,0.941,1.0,yes,"{""count_fp"":""1.00"",""created_time"":""2026-04-27T20:05:23.379391Z"",""no_price_dollars"":""0.0590"",""taker_side"":""yes"",""ticker"":""KXETH15M-26APR271615-15"",""trade_id"":""bc48e74f-a868-6982-4282-b2cfb7dd61ea"",""yes_price_dollars"":""0.9410""}"
KXETH15M-26APR271615-15,f87245b4-fbd0-5518-9e22-df7842867c14,1777320324,0.94,1.0,no,"{""count_fp"":""1.00"",""created_time"":""2026-04-27T20:05:24.810264Z"",""no_price_dollars"":""0.0600"",""taker_side"":""no"",""ticker"":""KXETH15M-26APR271615-15"",""trade_id"":""f87245b4-fbd0-5518-9e22-df7842867c14"",""yes_price_dollars"":""0.9400""}"
KXETH15M-26APR271615-15,7f0b6616-52e1-59bd-c5eb-d9a5c73b897f,1777320328,0.942,14.9,no,"{""count_fp"":""14.90"",""created_time"":""2026-04-27T20:05:28.764023Z"",""no_price_dollars"":""0.0580"",""taker_side"":""no"",""ticker"":""KXETH15M-26APR271615-15"",""trade_id"":""7f0b6616-52e1-59bd-c5eb-d9a5c73b897f"",""yes_price_dollars"":""0.9420""}"
KXETH15M-26APR271615-15,b68c8902-52c9-7a9d-28c3-31e4e3f75ba7,1777320329,0.942,80.71,no,"{""count_fp"":""80.71"",""created_time"":""2026-04-27T20:05:29.883043Z"",""no_price_dollars"":""0.0580"",""taker_side"":""no"",""ticker"":""KXETH15M-26APR271615-15"",""trade_id"":""b68c8902-52c9-7a9d-28c3-31e4e3f75ba7"",""yes_price_dollars"":""0.9420""}"
KXETH15M-26APR271615-15,9368ae26-616d-7d59-d927-de538b8abad7,1777320335,0.95,20.0,yes,"{""count_fp"":""20.00"",""created_time"":""2026-04-27T20:05:35.944233Z"",""no_price_dollars"":""0.0500"",""taker_side"":""yes"",""ticker"":""KXETH15M-26APR271615-15"",""trade_id"":""9368ae26-616d-7d59-d927-de538b8abad7"",""yes_price_dollars"":""0.9500""}"
KXETH15M-26APR271615-15,8efa563f-2b48-7554-d283-1608497be5a4,1777320335,0.95,1.0,yes,"{""count_fp"":""1.00"",""created_time"":""2026-04-27T20:05:35.944233Z"",""no_price_dollars"":""0.0500"",""taker_side"":""yes"",""ticker"":""KXETH15M-26APR271615-15"",""trade_id"":""8efa563f-2b48-7554-d283-1608497be5a4"",""yes_price_dollars"":""0.9500""}"
KXETH15M-26APR271615-15,865e7819-39b6-7d12-ca0e-33dc7316e80a,1777320335,0.95,3.0,yes,"{""count_fp"":""3.00"",""created_time"":""2026-04-27T20:05:35.944233Z"",""no_price_dollars"":""0.0500"",""taker_side"":""yes"",""ticker"":""KXETH15M-26APR271615-15"",""trade_id"":""865e7819-39b6-7d12-ca0e-33dc7316e80a"",""yes_price_dollars"":""0.9500""}"
KXETH15M-26APR271615-15,8363dc69-3c20-7088-d6ac-289f1fc881a7,1777320335,0.95,10.0,yes,"{""count_fp"":""10.00"",""created_time"":""2026-04-27T20:05:35.944233Z"",""no_price_dollars"":""0.0500"",""taker_side"":""yes"",""ticker"":""KXETH15M-26APR271615-15"",""trade_id"":""8363dc69-3c20-7088-d6ac-289f1fc881a7"",""yes_price_dollars"":""0.9500""}"
KXETH15M-26APR271615-15,50a0c6dc-03b1-5a75-9d5a-79bae5954d27,1777320336,0.952,63.01,no,"{""count_fp"":""63.01"",""created_time"":""2026-04-27T20:05:36.266035Z"",""no_price_dollars"":""0.0480"",""taker_side"":""no"",""ticker"":""KXETH15M-26APR271615-15"",""trade_id"":""50a0c6dc-03b1-5a75-9d5a-79bae5954d27"",""yes_price_dollars"":""0.9520""}"
KXETH15M-26APR271615-15,3f2780f5-4dfb-5a01-9c2d-b7ee27d72187,1777320336,0.959,1.0,no,"{""count_fp"":""1.00"",""created_time"":""2026-04-27T20:05:36.266035Z"",""no_price_dollars"":""0.0410"",""taker_side"":""no"",""ticker"":""KXETH15M-26APR271615-15"",""trade_id"":""3f2780f5-4dfb-5a01-9c2d-b7ee27d72187"",""yes_price_dollars"":""0.9590""}"
KXETH15M-26APR271615-15,f812c44b-4e27-77b5-98bd-361e7b0d539f,1777320339,0.96,1.0,yes,"{""count_fp"":""1.00"",""created_time"":""2026-04-27T20:05:39.980296Z"",""no_price_dollars"":""0.0400"",""taker_side"":""yes"",""ticker"":""KXETH15M-26APR271615-15"",""trade_id"":""f812c44b-4e27-77b5-98bd-361e7b0d539f"",""yes_price_dollars"":""0.9600""}"
KXETH15M-26APR271615-15,7284862e-52c4-764a-942b-6ba7ac7ab331,1777320339,0.96,10.0,yes,"{""count_fp"":""10.00"",""created_time"":""2026-04-27T20:05:39.980296Z"",""no_price_dollars"":""0.0400"",""taker_side"":""yes"",""ticker"":""KXETH15M-26APR271615-15"",""trade_id"":""7284862e-52c4-764a-942b-6ba7ac7ab331"",""yes_price_dollars"":""0.9600""}"
KXETH15M-26APR271615-15,5f4331f4-7b91-7f04-9f0f-016ae8118831,1777320339,0.96,1.0,yes,"{""count_fp"":""1.00"",""created_time"":""2026-04-27T20:05:39.980296Z"",""no_price_dollars"":""0.0400"",""taker_side"":""yes"",""ticker"":""KXETH15M-26APR271615-15"",""trade_id"":""5f4331f4-7b91-7f04-9f0f-016ae8118831"",""yes_price_dollars"":""0.9600""}"
KXETH15M-26APR271615-15,12b0367a-65f7-7a99-a26c-4b4fd31a3fca,1777320339,0.959,13.29,yes,"{""count_fp"":""13.29"",""created_time"":""2026-04-27T20:05:39.980296Z"",""no_price_dollars"":""0.0410"",""taker_side"":""yes"",""ticker"":""KXETH15M-26APR271615-15"",""trade_id"":""12b0367a-65f7-7a99-a26c-4b4fd31a3fca"",""yes_price_dollars"":""0.9590""}"
KXETH15M-26APR271615-15,4eca10cb-05c3-7ccd-70b5-b17416629162,1777320339,0.959,6.71,yes,"{""count_fp"":""6.71"",""created_time"":""2026-04-27T20:05:39.315701Z"",""no_price_dollars"":""0.0410"",""taker_side"":""yes"",""ticker"":""KXETH15M-26APR271615-15"",""trade_id"":""4eca10cb-05c3-7ccd-70b5-b17416629162"",""yes_price_dollars"":""0.9590""}"
KXETH15M-26APR271615-15,f4e97dbe-0bf5-4c98-7d2f-b3ee0d57f3a2,1777320343,0.968,10.0,yes,"{""count_fp"":""10.00"",""created_time"":""2026-04-27T20:05:43.987424Z"",""no_price_dollars"":""0.0320"",""taker_side"":""yes"",""ticker"":""KXETH15M-26APR271615-15"",""trade_id"":""f4e97dbe-0bf5-4c98-7d2f-b3ee0d57f3a2"",""yes_price_dollars"":""0.9680""}"
KXETH15M-26APR271615-15,e65d04c1-7f44-4533-75a2-4f26e36f9580,1777320343,0.967,11.27,yes,"{""count_fp"":""11.27"",""created_time"":""2026-04-27T20:05:43.987424Z"",""no_price_dollars"":""0.0330"",""taker_side"":""yes"",""ticker"":""KXETH15M-26APR271615-15"",""trade_id"":""e65d04c1-7f44-4533-75a2-4f26e36f9580"",""yes_price_dollars"":""0.9670""}"
KXETH15M-26APR271615-15,bcffeb24-a1e6-4ffc-7e6e-27507d218ee0,1777320343,0.968,21.73,yes,"{""count_fp"":""21.73"",""created_time"":""2026-04-27T20:05:43.987424Z"",""no_price_dollars"":""0.0320"",""taker_side"":""yes"",""ticker"":""KXETH15M-26APR271615-15"",""trade_id"":""bcffeb24-a1e6-4ffc-7e6e-27507d218ee0"",""yes_price_dollars"":""0.9680""}"
KXETH15M-26APR271615-15,3b3f12a3-5114-4bf5-7ff7-684fb64ffb3b,1777320343,0.967,1.0,yes,"{""count_fp"":""1.00"",""created_time"":""2026-04-27T20:05:43.987424Z"",""no_price_dollars"":""0.0330"",""taker_side"":""yes"",""ticker"":""KXETH15M-26APR271615-15"",""trade_id"":""3b3f12a3-5114-4bf5-7ff7-684fb64ffb3b"",""yes_price_dollars"":""0.9670""}"
KXETH15M-26APR271615-15,e34c5d92-0102-4774-addc-759cf30a907a,1777320350,0.969,3.0,yes,"{""count_fp"":""3.00"",""created_time"":""2026-04-27T20:05:50.506681Z"",""no_price_dollars"":""0.0310"",""taker_side"":""yes"",""ticker"":""KXETH15M-26APR271615-15"",""trade_id"":""e34c5d92-0102-4774-addc-759cf30a907a"",""yes_price_dollars"":""0.9690""}"
KXETH15M-26APR271615-15,580470b2-6ae1-6b20-1dee-90ede162719a,1777320356,0.962,1.0,no,"{""count_fp"":""1.00"",""created_time"":""2026-04-27T20:05:56.310798Z"",""no_price_dollars"":""0.0380"",""taker_side"":""no"",""ticker"":""KXETH15M-26APR271615-15"",""trade_id"":""580470b2-6ae1-6b20-1dee-90ede162719a"",""yes_price_dollars"":""0.9620""}"
KXETH15M-26APR271615-15,c803d0de-3365-64b0-debd-cbcb27fb927b,1777320359,0.97,1.0,yes,"{""count_fp"":""1.00"",""created_time"":""2026-04-27T20:05:59.299734Z"",""no_price_dollars"":""0.0300"",""taker_side"":""yes"",""ticker"":""KXETH15M-26APR271615-15"",""trade_id"":""c803d0de-3365-64b0-debd-cbcb27fb927b"",""yes_price_dollars"":""0.9700""}"
KXETH15M-26APR271615-15,990709c7-6a22-63d5-f011-5c46a920d262,1777320359,0.969,12.0,yes,"{""count_fp"":""12.00"",""created_time"":""2026-04-27T20:05:59.299734Z"",""no_price_dollars"":""0.0310"",""taker_side"":""yes"",""ticker"":""KXETH15M-26APR271615-15"",""trade_id"":""990709c7-6a22-63d5-f011-5c46a920d262"",""yes_price_dollars"":""0.9690""}"
KXETH15M-26APR271615-15,5d524ed1-a740-6aba-d467-0a49cc9fd09c,1777320359,0.97,1.0,yes,"{""count_fp"":""1.00"",""created_time"":""2026-04-27T20:05:59.299734Z"",""no_price_dollars"":""0.0300"",""taker_side"":""yes"",""ticker"":""KXETH15M-26APR271615-15"",""trade_id"":""5d524ed1-a740-6aba-d467-0a49cc9fd09c"",""yes_price_dollars"":""0.9700""}"
KXETH15M-26APR271615-15,36183968-679c-6cf9-fb73-2a5368be6ace,1777320359,0.97,1.0,yes,"{""count_fp"":""1.00"",""created_time"":""2026-04-27T20:05:59.299734Z"",""no_price_dollars"":""0.0300"",""taker_side"":""yes"",""ticker"":""KXETH15M-26APR271615-15"",""trade_id"":""36183968-679c-6cf9-fb73-2a5368be6ace"",""yes_price_dollars"":""0.9700""}"
KXETH15M-26APR271615-15,21d613a3-db3d-6848-cf6a-c4e99251ace9,1777320359,0.969,10.0,yes,"{""count_fp"":""10.00"",""created_time"":""2026-04-27T20:05:59.299734Z"",""no_price_dollars"":""0.0310"",""taker_side"":""yes"",""ticker"":""KXETH15M-26APR271615-15"",""trade_id"":""21d613a3-db3d-6848-cf6a-c4e99251ace9"",""yes_price_dollars"":""0.9690""}"
KXETH15M-26APR271615-15,2116fb5d-957e-6675-c6a1-e902f011f498,1777320359,0.97,15.0,yes,"{""count_fp"":""15.00"",""created_time"":""2026-04-27T20:05:59.299734Z"",""no_price_dollars"":""0.0300"",""taker_side"":""yes"",""ticker"":""KXETH15M-26APR271615-15"",""trade_id"":""2116fb5d-957e-6675-c6a1-e902f011f498"",""yes_price_dollars"":""0.9700""}"
KXETH15M-26APR271615-15,0397fe8e-3941-6d30-e2b4-b2ce150f5cf5,1777320359,0.97,3.0,yes,"{""count_fp"":""3.00"",""created_time"":""2026-04-27T20:05:59.299734Z"",""no_price_dollars"":""0.0300"",""taker_side"":""yes"",""ticker"":""KXETH15M-26APR271615-15"",""trade_id"":""0397fe8e-3941-6d30-e2b4-b2ce150f5cf5"",""yes_price_dollars"":""0.9700""}"
KXETH15M-26APR271615-15,a050fef4-8a11-4775-a211-0fd89b942ebf,1777320360,0.97,58.0,yes,"{""count_fp"":""58.00"",""created_time"":""2026-04-27T20:06:00.984949Z"",""no_price_dollars"":""0.0300"",""taker_side"":""yes"",""ticker"":""KXETH15M-26APR271615-15"",""trade_id"":""a050fef4-8a11-4775-a211-0fd89b942ebf"",""yes_price_dollars"":""0.9700""}"
KXETH15M-26APR271615-15,83553194-2735-79e0-d276-331ee32d1736,1777320361,0.962,17.06,no,"{""count_fp"":""17.06"",""created_time"":""2026-04-27T20:06:01.295545Z"",""no_price_dollars"":""0.0380"",""taker_side"":""no"",""ticker"":""KXETH15M-26APR271615-15"",""trade_id"":""83553194-2735-79e0-d276-331ee32d1736"",""yes_price_dollars"":""0.9620""}"
KXETH15M-26APR271615-15,f3fc9e02-03ba-6628-df8b-4b7b35c8e002,1777320366,0.958,1.0,no,"{""count_fp"":""1.00"",""created_time"":""2026-04-27T20:06:06.756306Z"",""no_price_dollars"":""0.0420"",""taker_side"":""no"",""ticker"":""KXETH15M-26APR271615-15"",""trade_id"":""f3fc9e02-03ba-6628-df8b-4b7b35c8e002"",""yes_price_dollars"":""0.9580""}"
KXETH15M-26APR271615-15,bcd189bb-207d-65ce-d54d-21d1a1f6f598,1777320366,0.959,215.25,no,"{""count_fp"":""215.25"",""created_time"":""2026-04-27T20:06:06.756306Z"",""no_price_dollars"":""0.0410"",""taker_side"":""no"",""ticker"":""KXETH15M-26APR271615-15"",""trade_id"":""bcd189bb-207d-65ce-d54d-21d1a1f6f598"",""yes_price_dollars"":""0.9590""}"
KXETH15M-26APR271615-15,b1592abb-ea55-60c0-fc15-33f3dacb4d86,1777320366,0.962,81.94,no,"{""count_fp"":""81.94"",""created_time"":""2026-04-27T20:06:06.756306Z"",""no_price_dollars"":""0.0380"",""taker_side"":""no"",""ticker"":""KXETH15M-26APR271615-15"",""trade_id"":""b1592abb-ea55-60c0-fc15-33f3dacb4d86"",""yes_price_dollars"":""0.9620""}"
KXETH15M-26APR271615-15,7da11b84-9bd0-6521-e36d-c8bd29a76065,1777320366,0.951,836.64,no,"{""count_fp"":""836.64"",""created_time"":""2026-04-27T20:06:06.756306Z"",""no_price_dollars"":""0.0490"",""taker_side"":""no"",""ticker"":""KXETH15M-26APR271615-15"",""trade_id"":""7da11b84-9bd0-6521-e36d-c8bd29a76065"",""yes_price_dollars"":""0.9510""}"
KXETH15M-26APR271615-15,3384cd78-0c31-6fd7-c212-c66c103c3841,1777320366,0.96,1.0,no,"{""count_fp"":""1.00"",""created_time"":""2026-04-27T20:06:06.756306Z"",""no_price_dollars"":""0.0400"",""taker_side"":""no"",""ticker"":""KXETH15M-26APR271615-15"",""trade_id"":""3384cd78-0c31-6fd7-c212-c66c103c3841"",""yes_price_dollars"":""0.9600""}"
KXETH15M-26APR271615-15,0a8006a0-5a72-6c22-cb22-e45445f344b5,1777320366,0.96,46.0,no,"{""count_fp"":""46.00"",""created_time"":""2026-04-27T20:06:06.756306Z"",""no_price_dollars"":""0.0400"",""taker_side"":""no"",""ticker"":""KXETH15M-26APR271615-15"",""trade_id"":""0a8006a0-5a72-6c22-cb22-e45445f344b5"",""yes_price_dollars"":""0.9600""}"
KXETH15M-26APR271615-15,0a2fb827-fafa-63e3-e27f-7da7a07410f5,1777320366,0.969,84.0,no,"{""count_fp"":""84.00"",""created_time"":""2026-04-27T20:06:06.756306Z"",""no_price_dollars"":""0.0310"",""taker_side"":""no"",""ticker"":""KXETH15M-26APR271615-15"",""trade_id"":""0a2fb827-fafa-63e3-e27f-7da7a07410f5"",""yes_price_dollars"":""0.9690""}"
KXETH15M-26APR271615-15,e3478ca5-0ba2-68e3-6c30-4af4db3c6ce1,1777320366,0.969,16.0,no,"{""count_fp"":""16.00"",""created_time"":""2026-04-27T20:06:06.748643Z"",""no_price_dollars"":""0.0310"",""taker_side"":""no"",""ticker"":""KXETH15M-26APR271615-15"",""trade_id"":""e3478ca5-0ba2-68e3-6c30-4af4db3c6ce1"",""yes_price_dollars"":""0.9690""}"
KXETH15M-26APR271615-15,fdf01dc9-6d5f-5507-b11f-99ddbc0950f0,1777320371,0.953,16.33,no,"{""count_fp"":""16.33"",""created_time"":""2026-04-27T20:06:11.701663Z"",""no_price_dollars"":""0.0470"",""taker_side"":""no"",""ticker"":""KXETH15M-26APR271615-15"",""trade_id"":""fdf01dc9-6d5f-5507-b11f-99ddbc0950f0"",""yes_price_dollars"":""0.9530""}"
KXETH15M-26APR271615-15,79f56f51-b419-58eb-81ab-057a275dceed,1777320371,0.952,2.34,no,"{""count_fp"":""2.34"",""created_time"":""2026-04-27T20:06:11.701663Z"",""no_price_dollars"":""0.0480"",""taker_side"":""no"",""ticker"":""KXETH15M-26APR271615-15"",""trade_id"":""79f56f51-b419-58eb-81ab-057a275dceed"",""yes_price_dollars"":""0.9520""}"
KXETH15M-26APR271615-15,00ca75a9-3522-5ce9-b670-4839596758ef,1777320371,0.955,1.0,no,"{""count_fp"":""1.00"",""created_time"":""2026-04-27T20:06:11.701663Z"",""no_price_dollars"":""0.0450"",""taker_side"":""no"",""ticker"":""KXETH15M-26APR271615-15"",""trade_id"":""00ca75a9-3522-5ce9-b670-4839596758ef"",""yes_price_dollars"":""0.9550""}"
KXETH15M-26APR271615-15,b76a7022-8fc0-524c-a509-75b58a92927f,1777320372,0.969,200.0,yes,"{""count_fp"":""200.00"",""created_time"":""2026-04-27T20:06:12.037929Z"",""no_price_dollars"":""0.0310"",""taker_side"":""yes"",""ticker"":""KXETH15M-26APR271615-15"",""trade_id"":""b76a7022-8fc0-524c-a509-75b58a92927f"",""yes_price_dollars"":""0.9690""}"
