ticker,trade_id,ts,yes_price,count,taker_side,raw_json
KXETH15M-26APR281245-45,9383217b-9603-4f09-55ca-f236d2a38cf0,1777393810,0.31,14.17,no,"{""count_fp"":""14.17"",""created_time"":""2026-04-28T16:30:10.446043Z"",""no_price_dollars"":""0.6900"",""taker_side"":""no"",""ticker"":""KXETH15M-26APR281245-45"",""trade_id"":""9383217b-9603-4f09-55ca-f236d2a38cf0"",""yes_price_dollars"":""0.3100""}"
KXETH15M-26APR281245-45,711f8cf9-ab8a-6bd8-845b-3ef62df41e8b,1777393812,0.46,35.88,no,"{""count_fp"":""35.88"",""created_time"":""2026-04-28T16:30:12.971546Z"",""no_price_dollars"":""0.5400"",""taker_side"":""no"",""ticker"":""KXETH15M-26APR281245-45"",""trade_id"":""711f8cf9-ab8a-6bd8-845b-3ef62df41e8b"",""yes_price_dollars"":""0.4600""}"
KXETH15M-26APR281245-45,14f78cd3-e16e-4fe4-88c0-d1cc28be0e93,1777393814,0.49,17.92,no,"{""count_fp"":""17.92"",""created_time"":""2026-04-28T16:30:14.553575Z"",""no_price_dollars"":""0.5100"",""taker_side"":""no"",""ticker"":""KXETH15M-26APR281245-45"",""trade_id"":""14f78cd3-e16e-4fe4-88c0-d1cc28be0e93"",""yes_price_dollars"":""0.4900""}"
KXETH15M-26APR281245-45,f7eeb7e9-88d6-4400-e828-e8219aefc773,1777393816,0.51,1.0,no,"{""count_fp"":""1.00"",""created_time"":""2026-04-28T16:30:16.125632Z"",""no_price_dollars"":""0.4900"",""taker_side"":""no"",""ticker"":""KXETH15M-26APR281245-45"",""trade_id"":""f7eeb7e9-88d6-4400-e828-e8219aefc773"",""yes_price_dollars"":""0.5100""}"
KXETH15M-26APR281245-45,f84bf3b0-a685-61ee-9267-42905efdf136,1777393831,0.57,1.0,no,"{""count_fp"":""1.00"",""created_time"":""2026-04-28T16:30:31.110464Z"",""no_price_dollars"":""0.4300"",""taker_side"":""no"",""ticker"":""KXETH15M-26APR281245-45"",""trade_id"":""f84bf3b0-a685-61ee-9267-42905efdf136"",""yes_price_dollars"":""0.5700""}"
KXETH15M-26APR281245-45,147855c0-171f-6c3b-9122-fe3c29a06ede,1777393831,0.56,0.74,no,"{""count_fp"":""0.74"",""created_time"":""2026-04-28T16:30:31.110464Z"",""no_price_dollars"":""0.4400"",""taker_side"":""no"",""ticker"":""KXETH15M-26APR281245-45"",""trade_id"":""147855c0-171f-6c3b-9122-fe3c29a06ede"",""yes_price_dollars"":""0.5600""}"
KXETH15M-26APR281245-45,d7bcb8da-f215-4068-e95b-0debbe83cc46,1777393831,0.57,1.0,yes,"{""count_fp"":""1.00"",""created_time"":""2026-04-28T16:30:31.102473Z"",""no_price_dollars"":""0.4300"",""taker_side"":""yes"",""ticker"":""KXETH15M-26APR281245-45"",""trade_id"":""d7bcb8da-f215-4068-e95b-0debbe83cc46"",""yes_price_dollars"":""0.5700""}"
KXETH15M-26APR281245-45,c9376d5b-959b-4b1b-ca02-19822539b22a,1777393831,0.57,3.0,yes,"{""count_fp"":""3.00"",""created_time"":""2026-04-28T16:30:31.102473Z"",""no_price_dollars"":""0.4300"",""taker_side"":""yes"",""ticker"":""KXETH15M-26APR281245-45"",""trade_id"":""c9376d5b-959b-4b1b-ca02-19822539b22a"",""yes_price_dollars"":""0.5700""}"
KXETH15M-26APR281245-45,9911ea8f-cdd3-732f-63bd-7afb3583bfb0,1777393835,0.62,8.97,yes,"{""count_fp"":""8.97"",""created_time"":""2026-04-28T16:30:35.677733Z"",""no_price_dollars"":""0.3800"",""taker_side"":""yes"",""ticker"":""KXETH15M-26APR281245-45"",""trade_id"":""9911ea8f-cdd3-732f-63bd-7afb3583bfb0"",""yes_price_dollars"":""0.6200""}"
KXETH15M-26APR281245-45,274eb3b9-2254-78ad-4dfa-240a7cb4c899,1777393835,0.61,2.0,yes,"{""count_fp"":""2.00"",""created_time"":""2026-04-28T16:30:35.677733Z"",""no_price_dollars"":""0.3900"",""taker_side"":""yes"",""ticker"":""KXETH15M-26APR281245-45"",""trade_id"":""274eb3b9-2254-78ad-4dfa-240a7cb4c899"",""yes_price_dollars"":""0.6100""}"
KXETH15M-26APR281245-45,4eb28640-4830-750f-f3e3-1c93a7335d40,1777393841,0.6,7.97,yes,"{""count_fp"":""7.97"",""created_time"":""2026-04-28T16:30:41.119212Z"",""no_price_dollars"":""0.4000"",""taker_side"":""yes"",""ticker"":""KXETH15M-26APR281245-45"",""trade_id"":""4eb28640-4830-750f-f3e3-1c93a7335d40"",""yes_price_dollars"":""0.6000""}"
KXETH15M-26APR281245-45,62f1d021-f886-6283-8b30-fbc8def402f3,1777393844,0.59,2.0,yes,"{""count_fp"":""2.00"",""created_time"":""2026-04-28T16:30:44.264681Z"",""no_price_dollars"":""0.4100"",""taker_side"":""yes"",""ticker"":""KXETH15M-26APR281245-45"",""trade_id"":""62f1d021-f886-6283-8b30-fbc8def402f3"",""yes_price_dollars"":""0.5900""}"
KXETH15M-26APR281245-45,eb08d687-9f03-7db7-6d6c-29b620ea312c,1777393846,0.59,1.0,no,"{""count_fp"":""1.00"",""created_time"":""2026-04-28T16:30:46.783541Z"",""no_price_dollars"":""0.4100"",""taker_side"":""no"",""ticker"":""KXETH15M-26APR281245-45"",""trade_id"":""eb08d687-9f03-7db7-6d6c-29b620ea312c"",""yes_price_dollars"":""0.5900""}"
KXETH15M-26APR281245-45,271e037c-0735-7371-4135-796dbe3e7976,1777393846,0.58,2.0,no,"{""count_fp"":""2.00"",""created_time"":""2026-04-28T16:30:46.783541Z"",""no_price_dollars"":""0.4200"",""taker_side"":""no"",""ticker"":""KXETH15M-26APR281245-45"",""trade_id"":""271e037c-0735-7371-4135-796dbe3e7976"",""yes_price_dollars"":""0.5800""}"
KXETH15M-26APR281245-45,a2f4373e-dac3-6156-0795-6e9eae02e9d3,1777393851,0.55,42.22,no,"{""count_fp"":""42.22"",""created_time"":""2026-04-28T16:30:51.346189Z"",""no_price_dollars"":""0.4500"",""taker_side"":""no"",""ticker"":""KXETH15M-26APR281245-45"",""trade_id"":""a2f4373e-dac3-6156-0795-6e9eae02e9d3"",""yes_price_dollars"":""0.5500""}"
KXETH15M-26APR281245-45,766cd093-b530-619a-0761-90b5db9f3902,1777393851,0.55,10.0,no,"{""count_fp"":""10.00"",""created_time"":""2026-04-28T16:30:51.346189Z"",""no_price_dollars"":""0.4500"",""taker_side"":""no"",""ticker"":""KXETH15M-26APR281245-45"",""trade_id"":""766cd093-b530-619a-0761-90b5db9f3902"",""yes_price_dollars"":""0.5500""}"
KXETH15M-26APR281245-45,5869ce8e-d323-67f0-2bd1-ef8400373eed,1777393851,0.55,10.0,no,"{""count_fp"":""10.00"",""created_time"":""2026-04-28T16:30:51.346189Z"",""no_price_dollars"":""0.4500"",""taker_side"":""no"",""ticker"":""KXETH15M-26APR281245-45"",""trade_id"":""5869ce8e-d323-67f0-2bd1-ef8400373eed"",""yes_price_dollars"":""0.5500""}"
KXETH15M-26APR281245-45,44c53e80-c18e-6c0a-29f6-4f7c5e81b8c0,1777393851,0.56,2.0,no,"{""count_fp"":""2.00"",""created_time"":""2026-04-28T16:30:51.346189Z"",""no_price_dollars"":""0.4400"",""taker_side"":""no"",""ticker"":""KXETH15M-26APR281245-45"",""trade_id"":""44c53e80-c18e-6c0a-29f6-4f7c5e81b8c0"",""yes_price_dollars"":""0.5600""}"
KXETH15M-26APR281245-45,e6409ecb-fa90-61db-169b-f8e2d58ef26c,1777393853,0.6,22.34,yes,"{""count_fp"":""22.34"",""created_time"":""2026-04-28T16:30:53.699352Z"",""no_price_dollars"":""0.4000"",""taker_side"":""yes"",""ticker"":""KXETH15M-26APR281245-45"",""trade_id"":""e6409ecb-fa90-61db-169b-f8e2d58ef26c"",""yes_price_dollars"":""0.6000""}"
KXETH15M-26APR281245-45,b4aa6cd6-5521-6c73-1f8d-bffe5b387326,1777393853,0.59,2.0,yes,"{""count_fp"":""2.00"",""created_time"":""2026-04-28T16:30:53.699352Z"",""no_price_dollars"":""0.4100"",""taker_side"":""yes"",""ticker"":""KXETH15M-26APR281245-45"",""trade_id"":""b4aa6cd6-5521-6c73-1f8d-bffe5b387326"",""yes_price_dollars"":""0.5900""}"
KXETH15M-26APR281245-45,f10a8285-5daf-76db-de3e-141a2d28231c,1777393855,0.6,10.0,yes,"{""count_fp"":""10.00"",""created_time"":""2026-04-28T16:30:55.659219Z"",""no_price_dollars"":""0.4000"",""taker_side"":""yes"",""ticker"":""KXETH15M-26APR281245-45"",""trade_id"":""f10a8285-5daf-76db-de3e-141a2d28231c"",""yes_price_dollars"":""0.6000""}"
KXETH15M-26APR281245-45,ed83cbb3-dec5-7242-c3e6-006fea7feade,1777393855,0.6,27.68,yes,"{""count_fp"":""27.68"",""created_time"":""2026-04-28T16:30:55.659219Z"",""no_price_dollars"":""0.4000"",""taker_side"":""yes"",""ticker"":""KXETH15M-26APR281245-45"",""trade_id"":""ed83cbb3-dec5-7242-c3e6-006fea7feade"",""yes_price_dollars"":""0.6000""}"
KXETH15M-26APR281245-45,96065036-89a1-78e6-ea32-efbf74f53407,1777393855,0.6,10.0,yes,"{""count_fp"":""10.00"",""created_time"":""2026-04-28T16:30:55.659219Z"",""no_price_dollars"":""0.4000"",""taker_side"":""yes"",""ticker"":""KXETH15M-26APR281245-45"",""trade_id"":""96065036-89a1-78e6-ea32-efbf74f53407"",""yes_price_dollars"":""0.6000""}"
KXETH15M-26APR281245-45,9a05002a-835d-527a-7d80-fd608dbddba1,1777393859,0.57,1.0,no,"{""count_fp"":""1.00"",""created_time"":""2026-04-28T16:30:59.893361Z"",""no_price_dollars"":""0.4300"",""taker_side"":""no"",""ticker"":""KXETH15M-26APR281245-45"",""trade_id"":""9a05002a-835d-527a-7d80-fd608dbddba1"",""yes_price_dollars"":""0.5700""}"
KXETH15M-26APR281245-45,9e4b0f66-934a-4c04-7fe8-9eaf287dee03,1777393860,0.59,1.0,yes,"{""count_fp"":""1.00"",""created_time"":""2026-04-28T16:31:00.868224Z"",""no_price_dollars"":""0.4100"",""taker_side"":""yes"",""ticker"":""KXETH15M-26APR281245-45"",""trade_id"":""9e4b0f66-934a-4c04-7fe8-9eaf287dee03"",""yes_price_dollars"":""0.5900""}"
KXETH15M-26APR281245-45,b82fc907-1ffc-410b-a81d-6f9dcd061b8c,1777393864,0.6,10.25,yes,"{""count_fp"":""10.25"",""created_time"":""2026-04-28T16:31:04.695215Z"",""no_price_dollars"":""0.4000"",""taker_side"":""yes"",""ticker"":""KXETH15M-26APR281245-45"",""trade_id"":""b82fc907-1ffc-410b-a81d-6f9dcd061b8c"",""yes_price_dollars"":""0.6000""}"
KXETH15M-26APR281245-45,817684c8-0a85-448a-b2ed-6cc13f4b8b7b,1777393864,0.59,9.75,yes,"{""count_fp"":""9.75"",""created_time"":""2026-04-28T16:31:04.695215Z"",""no_price_dollars"":""0.4100"",""taker_side"":""yes"",""ticker"":""KXETH15M-26APR281245-45"",""trade_id"":""817684c8-0a85-448a-b2ed-6cc13f4b8b7b"",""yes_price_dollars"":""0.5900""}"
KXETH15M-26APR281245-45,6942963b-71da-4281-894d-abea8510dca9,1777393864,0.6,2.0,yes,"{""count_fp"":""2.00"",""created_time"":""2026-04-28T16:31:04.695215Z"",""no_price_dollars"":""0.4000"",""taker_side"":""yes"",""ticker"":""KXETH15M-26APR281245-45"",""trade_id"":""6942963b-71da-4281-894d-abea8510dca9"",""yes_price_dollars"":""0.6000""}"
KXETH15M-26APR281245-45,b4e7589b-6903-7fd2-4a55-e70c564c00cc,1777393865,0.56,0.22,no,"{""count_fp"":""0.22"",""created_time"":""2026-04-28T16:31:05.868088Z"",""no_price_dollars"":""0.4400"",""taker_side"":""no"",""ticker"":""KXETH15M-26APR281245-45"",""trade_id"":""b4e7589b-6903-7fd2-4a55-e70c564c00cc"",""yes_price_dollars"":""0.5600""}"
KXETH15M-26APR281245-45,6fa8b772-948f-5f15-78bc-bd2445106fff,1777393866,0.56,0.54,yes,"{""count_fp"":""0.54"",""created_time"":""2026-04-28T16:31:06.565034Z"",""no_price_dollars"":""0.4400"",""taker_side"":""yes"",""ticker"":""KXETH15M-26APR281245-45"",""trade_id"":""6fa8b772-948f-5f15-78bc-bd2445106fff"",""yes_price_dollars"":""0.5600""}"
KXETH15M-26APR281245-45,7c0f8ee5-0dbb-5e01-7b22-21e465b7e82d,1777393867,0.55,10.0,no,"{""count_fp"":""10.00"",""created_time"":""2026-04-28T16:31:07.709614Z"",""no_price_dollars"":""0.4500"",""taker_side"":""no"",""ticker"":""KXETH15M-26APR281245-45"",""trade_id"":""7c0f8ee5-0dbb-5e01-7b22-21e465b7e82d"",""yes_price_dollars"":""0.5500""}"
KXETH15M-26APR281245-45,9a4d67c5-8d15-48c2-2cbf-b91cfc8d8836,1777393868,0.56,2.0,no,"{""count_fp"":""2.00"",""created_time"":""2026-04-28T16:31:08.876937Z"",""no_price_dollars"":""0.4400"",""taker_side"":""no"",""ticker"":""KXETH15M-26APR281245-45"",""trade_id"":""9a4d67c5-8d15-48c2-2cbf-b91cfc8d8836"",""yes_price_dollars"":""0.5600""}"
KXETH15M-26APR281245-45,c1ffc11e-eddf-7725-d0e2-ec0bf9e2e944,1777393870,0.58,9.52,yes,"{""count_fp"":""9.52"",""created_time"":""2026-04-28T16:31:10.500356Z"",""no_price_dollars"":""0.4200"",""taker_side"":""yes"",""ticker"":""KXETH15M-26APR281245-45"",""trade_id"":""c1ffc11e-eddf-7725-d0e2-ec0bf9e2e944"",""yes_price_dollars"":""0.5800""}"
KXETH15M-26APR281245-45,82cf92f4-341c-788f-e2e8-8ba081c4ded4,1777393870,0.59,30.65,yes,"{""count_fp"":""30.65"",""created_time"":""2026-04-28T16:31:10.500356Z"",""no_price_dollars"":""0.4100"",""taker_side"":""yes"",""ticker"":""KXETH15M-26APR281245-45"",""trade_id"":""82cf92f4-341c-788f-e2e8-8ba081c4ded4"",""yes_price_dollars"":""0.5900""}"
KXETH15M-26APR281245-45,635e6acd-18a2-73a2-dc1f-a8b61e734b8b,1777393870,0.58,0.36,yes,"{""count_fp"":""0.36"",""created_time"":""2026-04-28T16:31:10.500356Z"",""no_price_dollars"":""0.4200"",""taker_side"":""yes"",""ticker"":""KXETH15M-26APR281245-45"",""trade_id"":""635e6acd-18a2-73a2-dc1f-a8b61e734b8b"",""yes_price_dollars"":""0.5800""}"
KXETH15M-26APR281245-45,ec67a210-8525-7954-e78f-f4994d4f9ca2,1777393870,0.55,2.0,no,"{""count_fp"":""2.00"",""created_time"":""2026-04-28T16:31:10.366802Z"",""no_price_dollars"":""0.4500"",""taker_side"":""no"",""ticker"":""KXETH15M-26APR281245-45"",""trade_id"":""ec67a210-8525-7954-e78f-f4994d4f9ca2"",""yes_price_dollars"":""0.5500""}"
KXETH15M-26APR281245-45,90db6c38-f2bb-78e5-fd52-59dbeb6fab10,1777393870,0.55,8.45,no,"{""count_fp"":""8.45"",""created_time"":""2026-04-28T16:31:10.366802Z"",""no_price_dollars"":""0.4500"",""taker_side"":""no"",""ticker"":""KXETH15M-26APR281245-45"",""trade_id"":""90db6c38-f2bb-78e5-fd52-59dbeb6fab10"",""yes_price_dollars"":""0.5500""}"
KXETH15M-26APR281245-45,8eb2f513-9b8a-7adb-e8c5-3b7b3cbc5fa3,1777393874,0.6,3.24,yes,"{""count_fp"":""3.24"",""created_time"":""2026-04-28T16:31:14.617542Z"",""no_price_dollars"":""0.4000"",""taker_side"":""yes"",""ticker"":""KXETH15M-26APR281245-45"",""trade_id"":""8eb2f513-9b8a-7adb-e8c5-3b7b3cbc5fa3"",""yes_price_dollars"":""0.6000""}"
KXETH15M-26APR281245-45,b819620e-c6f5-59fe-ff38-996626f09af7,1777393874,0.6,1.62,yes,"{""count_fp"":""1.62"",""created_time"":""2026-04-28T16:31:14.140324Z"",""no_price_dollars"":""0.4000"",""taker_side"":""yes"",""ticker"":""KXETH15M-26APR281245-45"",""trade_id"":""b819620e-c6f5-59fe-ff38-996626f09af7"",""yes_price_dollars"":""0.6000""}"
KXETH15M-26APR281245-45,d19e3ce2-bcd8-4a63-1674-ae56b2fc101c,1777393877,0.59,0.16,yes,"{""count_fp"":""0.16"",""created_time"":""2026-04-28T16:31:17.998281Z"",""no_price_dollars"":""0.4100"",""taker_side"":""yes"",""ticker"":""KXETH15M-26APR281245-45"",""trade_id"":""d19e3ce2-bcd8-4a63-1674-ae56b2fc101c"",""yes_price_dollars"":""0.5900""}"
KXETH15M-26APR281245-45,781fe23b-a727-5232-252b-38a3c594573b,1777393881,0.56,19.34,no,"{""count_fp"":""19.34"",""created_time"":""2026-04-28T16:31:21.600798Z"",""no_price_dollars"":""0.4400"",""taker_side"":""no"",""ticker"":""KXETH15M-26APR281245-45"",""trade_id"":""781fe23b-a727-5232-252b-38a3c594573b"",""yes_price_dollars"":""0.5600""}"
KXETH15M-26APR281245-45,3e02018c-a5bb-5794-0a7f-acd91deec5c7,1777393881,0.58,5.0,no,"{""count_fp"":""5.00"",""created_time"":""2026-04-28T16:31:21.600798Z"",""no_price_dollars"":""0.4200"",""taker_side"":""no"",""ticker"":""KXETH15M-26APR281245-45"",""trade_id"":""3e02018c-a5bb-5794-0a7f-acd91deec5c7"",""yes_price_dollars"":""0.5800""}"
KXETH15M-26APR281245-45,6537a970-4c1b-4978-63c8-ea7cbf83d88c,1777393883,0.6,5.0,no,"{""count_fp"":""5.00"",""created_time"":""2026-04-28T16:31:23.908191Z"",""no_price_dollars"":""0.4000"",""taker_side"":""no"",""ticker"":""KXETH15M-26APR281245-45"",""trade_id"":""6537a970-4c1b-4978-63c8-ea7cbf83d88c"",""yes_price_dollars"":""0.6000""}"
KXETH15M-26APR281245-45,8830f680-b0e7-6c56-c94e-a2dab6bdbfe5,1777393895,0.56,5.0,yes,"{""count_fp"":""5.00"",""created_time"":""2026-04-28T16:31:35.738991Z"",""no_price_dollars"":""0.4400"",""taker_side"":""yes"",""ticker"":""KXETH15M-26APR281245-45"",""trade_id"":""8830f680-b0e7-6c56-c94e-a2dab6bdbfe5"",""yes_price_dollars"":""0.5600""}"
KXETH15M-26APR281245-45,03399cd7-5a0f-740e-d89d-bd0ab323990d,1777393895,0.56,5.19,yes,"{""count_fp"":""5.19"",""created_time"":""2026-04-28T16:31:35.167749Z"",""no_price_dollars"":""0.4400"",""taker_side"":""yes"",""ticker"":""KXETH15M-26APR281245-45"",""trade_id"":""03399cd7-5a0f-740e-d89d-bd0ab323990d"",""yes_price_dollars"":""0.5600""}"
KXETH15M-26APR281245-45,9d8e28d2-5af0-683f-e9b8-501f28c62f5d,1777393897,0.54,2.0,no,"{""count_fp"":""2.00"",""created_time"":""2026-04-28T16:31:37.707003Z"",""no_price_dollars"":""0.4600"",""taker_side"":""no"",""ticker"":""KXETH15M-26APR281245-45"",""trade_id"":""9d8e28d2-5af0-683f-e9b8-501f28c62f5d"",""yes_price_dollars"":""0.5400""}"
KXETH15M-26APR281245-45,7beac525-547d-6d0c-d6fc-8a8208b43a6f,1777393897,0.47,4.07,no,"{""count_fp"":""4.07"",""created_time"":""2026-04-28T16:31:37.707003Z"",""no_price_dollars"":""0.5300"",""taker_side"":""no"",""ticker"":""KXETH15M-26APR281245-45"",""trade_id"":""7beac525-547d-6d0c-d6fc-8a8208b43a6f"",""yes_price_dollars"":""0.4700""}"
KXETH15M-26APR281245-45,79715141-755b-691d-f3b1-ec0b8a3f6df4,1777393897,0.55,2.0,no,"{""count_fp"":""2.00"",""created_time"":""2026-04-28T16:31:37.707003Z"",""no_price_dollars"":""0.4500"",""taker_side"":""no"",""ticker"":""KXETH15M-26APR281245-45"",""trade_id"":""79715141-755b-691d-f3b1-ec0b8a3f6df4"",""yes_price_dollars"":""0.5500""}"
KXETH15M-26APR281245-45,647cecaf-8e9f-67c7-f083-7549f702ee49,1777393897,0.49,10.4,no,"{""count_fp"":""10.40"",""created_time"":""2026-04-28T16:31:37.707003Z"",""no_price_dollars"":""0.5100"",""taker_side"":""no"",""ticker"":""KXETH15M-26APR281245-45"",""trade_id"":""647cecaf-8e9f-67c7-f083-7549f702ee49"",""yes_price_dollars"":""0.4900""}"
KXETH15M-26APR281245-45,2d09f1ae-a398-64c0-c93c-acbb265565c0,1777393897,0.48,10.0,no,"{""count_fp"":""10.00"",""created_time"":""2026-04-28T16:31:37.707003Z"",""no_price_dollars"":""0.5200"",""taker_side"":""no"",""ticker"":""KXETH15M-26APR281245-45"",""trade_id"":""2d09f1ae-a398-64c0-c93c-acbb265565c0"",""yes_price_dollars"":""0.4800""}"
KXETH15M-26APR281245-45,164d1a28-1137-7b76-ffd3-6c21271eeea1,1777393899,0.5,34.64,yes,"{""count_fp"":""34.64"",""created_time"":""2026-04-28T16:31:39.620857Z"",""no_price_dollars"":""0.5000"",""taker_side"":""yes"",""ticker"":""KXETH15M-26APR281245-45"",""trade_id"":""164d1a28-1137-7b76-ffd3-6c21271eeea1"",""yes_price_dollars"":""0.5000""}"
KXETH15M-26APR281245-45,fec47893-3242-781a-3459-453a45183041,1777393899,0.45,3.0,no,"{""count_fp"":""3.00"",""created_time"":""2026-04-28T16:31:39.436314Z"",""no_price_dollars"":""0.5500"",""taker_side"":""no"",""ticker"":""KXETH15M-26APR281245-45"",""trade_id"":""fec47893-3242-781a-3459-453a45183041"",""yes_price_dollars"":""0.4500""}"
KXETH15M-26APR281245-45,a10dd85d-4989-7ab6-20c1-22e8a8c3ee7e,1777393899,0.45,10.0,no,"{""count_fp"":""10.00"",""created_time"":""2026-04-28T16:31:39.436314Z"",""no_price_dollars"":""0.5500"",""taker_side"":""no"",""ticker"":""KXETH15M-26APR281245-45"",""trade_id"":""a10dd85d-4989-7ab6-20c1-22e8a8c3ee7e"",""yes_price_dollars"":""0.4500""}"
KXETH15M-26APR281245-45,037e9f69-6c73-736a-1531-c5c686b5accf,1777393899,0.45,75.13,no,"{""count_fp"":""75.13"",""created_time"":""2026-04-28T16:31:39.436314Z"",""no_price_dollars"":""0.5500"",""taker_side"":""no"",""ticker"":""KXETH15M-26APR281245-45"",""trade_id"":""037e9f69-6c73-736a-1531-c5c686b5accf"",""yes_price_dollars"":""0.4500""}"
KXETH15M-26APR281245-45,95a965cd-ba30-4a88-59ad-5a2c4d9e4f1a,1777393901,0.46,1.64,no,"{""count_fp"":""1.64"",""created_time"":""2026-04-28T16:31:41.833183Z"",""no_price_dollars"":""0.5400"",""taker_side"":""no"",""ticker"":""KXETH15M-26APR281245-45"",""trade_id"":""95a965cd-ba30-4a88-59ad-5a2c4d9e4f1a"",""yes_price_dollars"":""0.4600""}"
KXETH15M-26APR281245-45,7ee20e7b-a031-6566-5a9a-f6d72e085115,1777393927,0.43,10.0,yes,"{""count_fp"":""10.00"",""created_time"":""2026-04-28T16:32:07.726457Z"",""no_price_dollars"":""0.5700"",""taker_side"":""yes"",""ticker"":""KXETH15M-26APR281245-45"",""trade_id"":""7ee20e7b-a031-6566-5a9a-f6d72e085115"",""yes_price_dollars"":""0.4300""}"
KXETH15M-26APR281245-45,5cb733ee-3736-6465-6a7e-cb6417a072f7,1777393927,0.43,10.0,yes,"{""count_fp"":""10.00"",""created_time"":""2026-04-28T16:32:07.726457Z"",""no_price_dollars"":""0.5700"",""taker_side"":""yes"",""ticker"":""KXETH15M-26APR281245-45"",""trade_id"":""5cb733ee-3736-6465-6a7e-cb6417a072f7"",""yes_price_dollars"":""0.4300""}"
KXETH15M-26APR281245-45,20549dca-50ab-62b2-47ff-6e5b66765595,1777393927,0.43,3.42,yes,"{""count_fp"":""3.42"",""created_time"":""2026-04-28T16:32:07.726457Z"",""no_price_dollars"":""0.5700"",""taker_side"":""yes"",""ticker"":""KXETH15M-26APR281245-45"",""trade_id"":""20549dca-50ab-62b2-47ff-6e5b66765595"",""yes_price_dollars"":""0.4300""}"
KXETH15M-26APR281245-45,8ba69da4-9e79-4850-34d6-abdb098fb977,1777393931,0.42,0.85,no,"{""count_fp"":""0.85"",""created_time"":""2026-04-28T16:32:11.402716Z"",""no_price_dollars"":""0.5800"",""taker_side"":""no"",""ticker"":""KXETH15M-26APR281245-45"",""trade_id"":""8ba69da4-9e79-4850-34d6-abdb098fb977"",""yes_price_dollars"":""0.4200""}"
KXETH15M-26APR281245-45,b4c278d5-c758-4b3a-a98e-d19c5ef04a5f,1777393936,0.41,3.0,no,"{""count_fp"":""3.00"",""created_time"":""2026-04-28T16:32:16.755954Z"",""no_price_dollars"":""0.5900"",""taker_side"":""no"",""ticker"":""KXETH15M-26APR281245-45"",""trade_id"":""b4c278d5-c758-4b3a-a98e-d19c5ef04a5f"",""yes_price_dollars"":""0.4100""}"
KXETH15M-26APR281245-45,d156c7f0-7d1c-573b-2dce-c15bf15b9648,1777393936,0.45,6.24,yes,"{""count_fp"":""6.24"",""created_time"":""2026-04-28T16:32:16.595912Z"",""no_price_dollars"":""0.5500"",""taker_side"":""yes"",""ticker"":""KXETH15M-26APR281245-45"",""trade_id"":""d156c7f0-7d1c-573b-2dce-c15bf15b9648"",""yes_price_dollars"":""0.4500""}"
KXETH15M-26APR281245-45,6326e5cd-150c-5d00-18a4-203532d7aefe,1777393936,0.43,10.0,yes,"{""count_fp"":""10.00"",""created_time"":""2026-04-28T16:32:16.595912Z"",""no_price_dollars"":""0.5700"",""taker_side"":""yes"",""ticker"":""KXETH15M-26APR281245-45"",""trade_id"":""6326e5cd-150c-5d00-18a4-203532d7aefe"",""yes_price_dollars"":""0.4300""}"
KXETH15M-26APR281245-45,1e14ac2d-1dfb-5b03-2da4-5f164990d423,1777393936,0.44,10.0,yes,"{""count_fp"":""10.00"",""created_time"":""2026-04-28T16:32:16.595912Z"",""no_price_dollars"":""0.5600"",""taker_side"":""yes"",""ticker"":""KXETH15M-26APR281245-45"",""trade_id"":""1e14ac2d-1dfb-5b03-2da4-5f164990d423"",""yes_price_dollars"":""0.4400""}"
KXETH15M-26APR281245-45,cdebc394-cc99-48c5-ff2b-4639ef42a282,1777393946,0.37,10.0,no,"{""count_fp"":""10.00"",""created_time"":""2026-04-28T16:32:26.929494Z"",""no_price_dollars"":""0.6300"",""taker_side"":""no"",""ticker"":""KXETH15M-26APR281245-45"",""trade_id"":""cdebc394-cc99-48c5-ff2b-4639ef42a282"",""yes_price_dollars"":""0.3700""}"
KXETH15M-26APR281245-45,a7672be4-2ea1-4b0c-c6f1-debdae9b6def,1777393946,0.36,10.0,no,"{""count_fp"":""10.00"",""created_time"":""2026-04-28T16:32:26.929494Z"",""no_price_dollars"":""0.6400"",""taker_side"":""no"",""ticker"":""KXETH15M-26APR281245-45"",""trade_id"":""a7672be4-2ea1-4b0c-c6f1-debdae9b6def"",""yes_price_dollars"":""0.3600""}"
KXETH15M-26APR281245-45,194d002b-474f-4860-3545-6dc9c5ae32c7,1777393946,0.4,5.0,no,"{""count_fp"":""5.00"",""created_time"":""2026-04-28T16:32:26.772016Z"",""no_price_dollars"":""0.6000"",""taker_side"":""no"",""ticker"":""KXETH15M-26APR281245-45"",""trade_id"":""194d002b-474f-4860-3545-6dc9c5ae32c7"",""yes_price_dollars"":""0.4000""}"
KXETH15M-26APR281245-45,9200a42d-160c-6533-82de-a363f18055c4,1777393947,0.44,5.69,yes,"{""count_fp"":""5.69"",""created_time"":""2026-04-28T16:32:27.888627Z"",""no_price_dollars"":""0.5600"",""taker_side"":""yes"",""ticker"":""KXETH15M-26APR281245-45"",""trade_id"":""9200a42d-160c-6533-82de-a363f18055c4"",""yes_price_dollars"":""0.4400""}"
KXETH15M-26APR281245-45,54cb2a7b-86a0-613e-ac18-7e390e68da7a,1777393947,0.42,10.0,yes,"{""count_fp"":""10.00"",""created_time"":""2026-04-28T16:32:27.888627Z"",""no_price_dollars"":""0.5800"",""taker_side"":""yes"",""ticker"":""KXETH15M-26APR281245-45"",""trade_id"":""54cb2a7b-86a0-613e-ac18-7e390e68da7a"",""yes_price_dollars"":""0.4200""}"
KXETH15M-26APR281245-45,12c994e8-330d-6549-ae8c-2b38f5c75443,1777393947,0.42,10.0,yes,"{""count_fp"":""10.00"",""created_time"":""2026-04-28T16:32:27.888627Z"",""no_price_dollars"":""0.5800"",""taker_side"":""yes"",""ticker"":""KXETH15M-26APR281245-45"",""trade_id"":""12c994e8-330d-6549-ae8c-2b38f5c75443"",""yes_price_dollars"":""0.4200""}"
KXETH15M-26APR281245-45,4d67ee9d-613f-6b37-0feb-031cd544cd26,1777393949,0.4,8.0,no,"{""count_fp"":""8.00"",""created_time"":""2026-04-28T16:32:29.592236Z"",""no_price_dollars"":""0.6000"",""taker_side"":""no"",""ticker"":""KXETH15M-26APR281245-45"",""trade_id"":""4d67ee9d-613f-6b37-0feb-031cd544cd26"",""yes_price_dollars"":""0.4000""}"
KXETH15M-26APR281245-45,dd43dc61-84b0-40c5-29f9-09c8a5725181,1777393953,0.44,1.06,yes,"{""count_fp"":""1.06"",""created_time"":""2026-04-28T16:32:33.035066Z"",""no_price_dollars"":""0.5600"",""taker_side"":""yes"",""ticker"":""KXETH15M-26APR281245-45"",""trade_id"":""dd43dc61-84b0-40c5-29f9-09c8a5725181"",""yes_price_dollars"":""0.4400""}"
KXETH15M-26APR281245-45,b4088049-86ae-7d3c-4c3a-e58d61f69bc7,1777393965,0.4,1.97,no,"{""count_fp"":""1.97"",""created_time"":""2026-04-28T16:32:45.546957Z"",""no_price_dollars"":""0.6000"",""taker_side"":""no"",""ticker"":""KXETH15M-26APR281245-45"",""trade_id"":""b4088049-86ae-7d3c-4c3a-e58d61f69bc7"",""yes_price_dollars"":""0.4000""}"
KXETH15M-26APR281245-45,89d51aed-36dd-7c95-723a-9298d7f1fff2,1777393965,0.4,10.0,no,"{""count_fp"":""10.00"",""created_time"":""2026-04-28T16:32:45.546957Z"",""no_price_dollars"":""0.6000"",""taker_side"":""no"",""ticker"":""KXETH15M-26APR281245-45"",""trade_id"":""89d51aed-36dd-7c95-723a-9298d7f1fff2"",""yes_price_dollars"":""0.4000""}"
KXETH15M-26APR281245-45,70d3ce9d-9d78-7afd-44d3-c7626da82f02,1777393965,0.4,1.0,no,"{""count_fp"":""1.00"",""created_time"":""2026-04-28T16:32:45.546957Z"",""no_price_dollars"":""0.6000"",""taker_side"":""no"",""ticker"":""KXETH15M-26APR281245-45"",""trade_id"":""70d3ce9d-9d78-7afd-44d3-c7626da82f02"",""yes_price_dollars"":""0.4000""}"
KXETH15M-26APR281245-45,530c7354-9172-69d4-d752-8c43fdc7cf83,1777393967,0.4,113.48,no,"{""count_fp"":""113.48"",""created_time"":""2026-04-28T16:32:47.113574Z"",""no_price_dollars"":""0.6000"",""taker_side"":""no"",""ticker"":""KXETH15M-26APR281245-45"",""trade_id"":""530c7354-9172-69d4-d752-8c43fdc7cf83"",""yes_price_dollars"":""0.4000""}"
KXETH15M-26APR281245-45,5536dd38-0916-7c20-1d8b-889a85f376bb,1777393968,0.4,8.1,no,"{""count_fp"":""8.10"",""created_time"":""2026-04-28T16:32:48.584581Z"",""no_price_dollars"":""0.6000"",""taker_side"":""no"",""ticker"":""KXETH15M-26APR281245-45"",""trade_id"":""5536dd38-0916-7c20-1d8b-889a85f376bb"",""yes_price_dollars"":""0.4000""}"
KXETH15M-26APR281245-45,701e02a4-7be8-4e3b-c4a1-de75e3973866,1777393970,0.43,10.0,yes,"{""count_fp"":""10.00"",""created_time"":""2026-04-28T16:32:50.469984Z"",""no_price_dollars"":""0.5700"",""taker_side"":""yes"",""ticker"":""KXETH15M-26APR281245-45"",""trade_id"":""701e02a4-7be8-4e3b-c4a1-de75e3973866"",""yes_price_dollars"":""0.4300""}"
KXETH15M-26APR281245-45,39d7b3d4-fa3f-4c32-e10a-45621aa574bd,1777393970,0.43,100.0,yes,"{""count_fp"":""100.00"",""created_time"":""2026-04-28T16:32:50.469984Z"",""no_price_dollars"":""0.5700"",""taker_side"":""yes"",""ticker"":""KXETH15M-26APR281245-45"",""trade_id"":""39d7b3d4-fa3f-4c32-e10a-45621aa574bd"",""yes_price_dollars"":""0.4300""}"
KXETH15M-26APR281245-45,1f845533-3d68-4211-d7ad-c48619bdd055,1777393970,0.43,0.97,yes,"{""count_fp"":""0.97"",""created_time"":""2026-04-28T16:32:50.469984Z"",""no_price_dollars"":""0.5700"",""taker_side"":""yes"",""ticker"":""KXETH15M-26APR281245-45"",""trade_id"":""1f845533-3d68-4211-d7ad-c48619bdd055"",""yes_price_dollars"":""0.4300""}"
KXETH15M-26APR281245-45,17100f92-572d-4df3-e7cc-1a48d41e59ae,1777393970,0.43,1.0,yes,"{""count_fp"":""1.00"",""created_time"":""2026-04-28T16:32:50.469984Z"",""no_price_dollars"":""0.5700"",""taker_side"":""yes"",""ticker"":""KXETH15M-26APR281245-45"",""trade_id"":""17100f92-572d-4df3-e7cc-1a48d41e59ae"",""yes_price_dollars"":""0.4300""}"
KXETH15M-26APR281245-45,d459f64d-1b68-55be-0edc-2d68f7ebaa41,1777393977,0.42,100.0,yes,"{""count_fp"":""100.00"",""created_time"":""2026-04-28T16:32:57.168132Z"",""no_price_dollars"":""0.5800"",""taker_side"":""yes"",""ticker"":""KXETH15M-26APR281245-45"",""trade_id"":""d459f64d-1b68-55be-0edc-2d68f7ebaa41"",""yes_price_dollars"":""0.4200""}"
KXETH15M-26APR281245-45,a64e2364-afb4-5b21-23da-4f71347913a5,1777393977,0.42,10.0,yes,"{""count_fp"":""10.00"",""created_time"":""2026-04-28T16:32:57.168132Z"",""no_price_dollars"":""0.5800"",""taker_side"":""yes"",""ticker"":""KXETH15M-26APR281245-45"",""trade_id"":""a64e2364-afb4-5b21-23da-4f71347913a5"",""yes_price_dollars"":""0.4200""}"
KXETH15M-26APR281245-45,2a19f4d0-54ad-5f70-1f7d-e4eb878fd538,1777393977,0.42,10.0,yes,"{""count_fp"":""10.00"",""created_time"":""2026-04-28T16:32:57.168132Z"",""no_price_dollars"":""0.5800"",""taker_side"":""yes"",""ticker"":""KXETH15M-26APR281245-45"",""trade_id"":""2a19f4d0-54ad-5f70-1f7d-e4eb878fd538"",""yes_price_dollars"":""0.4200""}"
KXETH15M-26APR281245-45,9b1f443d-8adf-4d41-2a96-e3b75ba8cb97,1777393978,0.43,10.0,yes,"{""count_fp"":""10.00"",""created_time"":""2026-04-28T16:32:58.953352Z"",""no_price_dollars"":""0.5700"",""taker_side"":""yes"",""ticker"":""KXETH15M-26APR281245-45"",""trade_id"":""9b1f443d-8adf-4d41-2a96-e3b75ba8cb97"",""yes_price_dollars"":""0.4300""}"
KXETH15M-26APR281245-45,648aca1c-a73f-46e2-1c5b-ed987cb2b69f,1777393978,0.44,40.0,yes,"{""count_fp"":""40.00"",""created_time"":""2026-04-28T16:32:58.953352Z"",""no_price_dollars"":""0.5600"",""taker_side"":""yes"",""ticker"":""KXETH15M-26APR281245-45"",""trade_id"":""648aca1c-a73f-46e2-1c5b-ed987cb2b69f"",""yes_price_dollars"":""0.4400""}"
KXETH15M-26APR281245-45,ba91d40d-8fbe-5a7a-5f5c-272d31e8938e,1777393978,0.41,28.98,no,"{""count_fp"":""28.98"",""created_time"":""2026-04-28T16:32:58.512865Z"",""no_price_dollars"":""0.5900"",""taker_side"":""no"",""ticker"":""KXETH15M-26APR281245-45"",""trade_id"":""ba91d40d-8fbe-5a7a-5f5c-272d31e8938e"",""yes_price_dollars"":""0.4100""}"
KXETH15M-26APR281245-45,3a572c20-fc32-5e96-66fb-6d2c953cf2b7,1777393978,0.41,10.0,no,"{""count_fp"":""10.00"",""created_time"":""2026-04-28T16:32:58.512865Z"",""no_price_dollars"":""0.5900"",""taker_side"":""no"",""ticker"":""KXETH15M-26APR281245-45"",""trade_id"":""3a572c20-fc32-5e96-66fb-6d2c953cf2b7"",""yes_price_dollars"":""0.4100""}"
KXETH15M-26APR281245-45,6eebeb99-5bbf-516f-7c40-ecd978cb5ba6,1777393979,0.43,1.0,no,"{""count_fp"":""1.00"",""created_time"":""2026-04-28T16:32:59.646156Z"",""no_price_dollars"":""0.5700"",""taker_side"":""no"",""ticker"":""KXETH15M-26APR281245-45"",""trade_id"":""6eebeb99-5bbf-516f-7c40-ecd978cb5ba6"",""yes_price_dollars"":""0.4300""}"
KXETH15M-26APR281245-45,9db9b83c-29b0-5458-e7d1-135db3148397,1777393980,0.43,25.0,no,"{""count_fp"":""25.00"",""created_time"":""2026-04-28T16:33:00.927054Z"",""no_price_dollars"":""0.5700"",""taker_side"":""no"",""ticker"":""KXETH15M-26APR281245-45"",""trade_id"":""9db9b83c-29b0-5458-e7d1-135db3148397"",""yes_price_dollars"":""0.4300""}"
KXETH15M-26APR281245-45,4b4a21b0-7757-5948-1e6e-b38e57e73494,1777393982,0.48,2.0,yes,"{""count_fp"":""2.00"",""created_time"":""2026-04-28T16:33:02.263061Z"",""no_price_dollars"":""0.5200"",""taker_side"":""yes"",""ticker"":""KXETH15M-26APR281245-45"",""trade_id"":""4b4a21b0-7757-5948-1e6e-b38e57e73494"",""yes_price_dollars"":""0.4800""}"
KXETH15M-26APR281245-45,62397cf5-e33a-53f0-fcf7-690e200dea37,1777393982,0.43,10.0,no,"{""count_fp"":""10.00"",""created_time"":""2026-04-28T16:33:02.246716Z"",""no_price_dollars"":""0.5700"",""taker_side"":""no"",""ticker"":""KXETH15M-26APR281245-45"",""trade_id"":""62397cf5-e33a-53f0-fcf7-690e200dea37"",""yes_price_dollars"":""0.4300""}"
KXETH15M-26APR281245-45,20afc24b-443b-5957-d099-a8f1daa25d1a,1777393982,0.43,10.0,no,"{""count_fp"":""10.00"",""created_time"":""2026-04-28T16:33:02.246716Z"",""no_price_dollars"":""0.5700"",""taker_side"":""no"",""ticker"":""KXETH15M-26APR281245-45"",""trade_id"":""20afc24b-443b-5957-d099-a8f1daa25d1a"",""yes_price_dollars"":""0.4300""}"
KXETH15M-26APR281245-45,aecdac79-a908-5c0c-6a0e-223eb4f58107,1777393994,0.43,3.0,no,"{""count_fp"":""3.00"",""created_time"":""2026-04-28T16:33:14.196059Z"",""no_price_dollars"":""0.5700"",""taker_side"":""no"",""ticker"":""KXETH15M-26APR281245-45"",""trade_id"":""aecdac79-a908-5c0c-6a0e-223eb4f58107"",""yes_price_dollars"":""0.4300""}"
KXETH15M-26APR281245-45,a6a83afa-941f-4f46-9d89-4df0a41f5c6b,1777393994,0.44,2.0,no,"{""count_fp"":""2.00"",""created_time"":""2026-04-28T16:33:14.054514Z"",""no_price_dollars"":""0.5600"",""taker_side"":""no"",""ticker"":""KXETH15M-26APR281245-45"",""trade_id"":""a6a83afa-941f-4f46-9d89-4df0a41f5c6b"",""yes_price_dollars"":""0.4400""}"
KXETH15M-26APR281245-45,19520ac0-e0dc-4d34-8d17-38cadd81e3f8,1777393994,0.44,1.0,no,"{""count_fp"":""1.00"",""created_time"":""2026-04-28T16:33:14.054514Z"",""no_price_dollars"":""0.5600"",""taker_side"":""no"",""ticker"":""KXETH15M-26APR281245-45"",""trade_id"":""19520ac0-e0dc-4d34-8d17-38cadd81e3f8"",""yes_price_dollars"":""0.4400""}"
KXETH15M-26APR281245-45,f52c1e9b-e300-7e6e-e019-7c08946f419a,1777393995,0.47,0.22,yes,"{""count_fp"":""0.22"",""created_time"":""2026-04-28T16:33:15.313148Z"",""no_price_dollars"":""0.5300"",""taker_side"":""yes"",""ticker"":""KXETH15M-26APR281245-45"",""trade_id"":""f52c1e9b-e300-7e6e-e019-7c08946f419a"",""yes_price_dollars"":""0.4700""}"
KXETH15M-26APR281245-45,2d993bbf-10ec-7129-a91f-15e5b0ec986c,1777393997,0.43,1.0,no,"{""count_fp"":""1.00"",""created_time"":""2026-04-28T16:33:17.424569Z"",""no_price_dollars"":""0.5700"",""taker_side"":""no"",""ticker"":""KXETH15M-26APR281245-45"",""trade_id"":""2d993bbf-10ec-7129-a91f-15e5b0ec986c"",""yes_price_dollars"":""0.4300""}"
KXETH15M-26APR281245-45,8cd8e366-3893-4b54-5aa1-48a5231b3cd4,1777394007,0.48,5.41,yes,"{""count_fp"":""5.41"",""created_time"":""2026-04-28T16:33:27.435226Z"",""no_price_dollars"":""0.5200"",""taker_side"":""yes"",""ticker"":""KXETH15M-26APR281245-45"",""trade_id"":""8cd8e366-3893-4b54-5aa1-48a5231b3cd4"",""yes_price_dollars"":""0.4800""}"
KXETH15M-26APR281245-45,7622d4eb-26f8-40ea-6ae0-41fd122f32aa,1777394007,0.47,0.78,yes,"{""count_fp"":""0.78"",""created_time"":""2026-04-28T16:33:27.435226Z"",""no_price_dollars"":""0.5300"",""taker_side"":""yes"",""ticker"":""KXETH15M-26APR281245-45"",""trade_id"":""7622d4eb-26f8-40ea-6ae0-41fd122f32aa"",""yes_price_dollars"":""0.4700""}"
KXETH15M-26APR281245-45,680b4570-9a83-4219-7811-dbb5ca7b2dcc,1777394007,0.47,9.81,yes,"{""count_fp"":""9.81"",""created_time"":""2026-04-28T16:33:27.435226Z"",""no_price_dollars"":""0.5300"",""taker_side"":""yes"",""ticker"":""KXETH15M-26APR281245-45"",""trade_id"":""680b4570-9a83-4219-7811-dbb5ca7b2dcc"",""yes_price_dollars"":""0.4700""}"
KXETH15M-26APR281245-45,dbe30cb0-dcab-6e50-cd17-dbfae43bdb94,1777394011,0.48,2.01,yes,"{""count_fp"":""2.01"",""created_time"":""2026-04-28T16:33:31.163771Z"",""no_price_dollars"":""0.5200"",""taker_side"":""yes"",""ticker"":""KXETH15M-26APR281245-45"",""trade_id"":""dbe30cb0-dcab-6e50-cd17-dbfae43bdb94"",""yes_price_dollars"":""0.4800""}"
KXETH15M-26APR281245-45,fe1896d0-049b-5d90-896b-26fefe21693c,1777394012,0.48,25.0,yes,"{""count_fp"":""25.00"",""created_time"":""2026-04-28T16:33:32.484524Z"",""no_price_dollars"":""0.5200"",""taker_side"":""yes"",""ticker"":""KXETH15M-26APR281245-45"",""trade_id"":""fe1896d0-049b-5d90-896b-26fefe21693c"",""yes_price_dollars"":""0.4800""}"
KXETH15M-26APR281245-45,00abd418-c1fb-5406-db4b-1a248dd8d540,1777394013,0.47,10.0,no,"{""count_fp"":""10.00"",""created_time"":""2026-04-28T16:33:33.982937Z"",""no_price_dollars"":""0.5300"",""taker_side"":""no"",""ticker"":""KXETH15M-26APR281245-45"",""trade_id"":""00abd418-c1fb-5406-db4b-1a248dd8d540"",""yes_price_dollars"":""0.4700""}"
KXETH15M-26APR281245-45,ba7966c5-cfef-7a98-0a5f-3d516ab14d14,1777394013,0.48,14.0,yes,"{""count_fp"":""14.00"",""created_time"":""2026-04-28T16:33:33.369873Z"",""no_price_dollars"":""0.5200"",""taker_side"":""yes"",""ticker"":""KXETH15M-26APR281245-45"",""trade_id"":""ba7966c5-cfef-7a98-0a5f-3d516ab14d14"",""yes_price_dollars"":""0.4800""}"
KXETH15M-26APR281245-45,96f8c93e-6d82-412d-56af-283e1c06fda8,1777394015,0.46,20.94,yes,"{""count_fp"":""20.94"",""created_time"":""2026-04-28T16:33:35.997172Z"",""no_price_dollars"":""0.5400"",""taker_side"":""yes"",""ticker"":""KXETH15M-26APR281245-45"",""trade_id"":""96f8c93e-6d82-412d-56af-283e1c06fda8"",""yes_price_dollars"":""0.4600""}"
KXETH15M-26APR281245-45,c22af359-ec37-7a53-a2db-2f7d9a1b14bb,1777394017,0.44,10.0,no,"{""count_fp"":""10.00"",""created_time"":""2026-04-28T16:33:37.568892Z"",""no_price_dollars"":""0.5600"",""taker_side"":""no"",""ticker"":""KXETH15M-26APR281245-45"",""trade_id"":""c22af359-ec37-7a53-a2db-2f7d9a1b14bb"",""yes_price_dollars"":""0.4400""}"
KXETH15M-26APR281245-45,05a778d6-5e6e-71fc-b89c-319d5cbaa8ef,1777394017,0.43,7.03,no,"{""count_fp"":""7.03"",""created_time"":""2026-04-28T16:33:37.568892Z"",""no_price_dollars"":""0.5700"",""taker_side"":""no"",""ticker"":""KXETH15M-26APR281245-45"",""trade_id"":""05a778d6-5e6e-71fc-b89c-319d5cbaa8ef"",""yes_price_dollars"":""0.4300""}"
KXETH15M-26APR281245-45,e7a8a67a-3e90-6438-5f4c-0716ef651b53,1777394021,0.43,7.06,no,"{""count_fp"":""7.06"",""created_time"":""2026-04-28T16:33:41.982339Z"",""no_price_dollars"":""0.5700"",""taker_side"":""no"",""ticker"":""KXETH15M-26APR281245-45"",""trade_id"":""e7a8a67a-3e90-6438-5f4c-0716ef651b53"",""yes_price_dollars"":""0.4300""}"
KXETH15M-26APR281245-45,98be96b5-906a-60df-5622-d0838bd9809b,1777394021,0.44,10.0,no,"{""count_fp"":""10.00"",""created_time"":""2026-04-28T16:33:41.982339Z"",""no_price_dollars"":""0.5600"",""taker_side"":""no"",""ticker"":""KXETH15M-26APR281245-45"",""trade_id"":""98be96b5-906a-60df-5622-d0838bd9809b"",""yes_price_dollars"":""0.4400""}"
KXETH15M-26APR281245-45,d4990994-60af-7ecd-b3c8-615f25e910b9,1777394021,0.47,10.0,yes,"{""count_fp"":""10.00"",""created_time"":""2026-04-28T16:33:41.353421Z"",""no_price_dollars"":""0.5300"",""taker_side"":""yes"",""ticker"":""KXETH15M-26APR281245-45"",""trade_id"":""d4990994-60af-7ecd-b3c8-615f25e910b9"",""yes_price_dollars"":""0.4700""}"
KXETH15M-26APR281245-45,2d2ca282-243b-79d4-af7d-65b125ed39f8,1777394021,0.48,81.99,yes,"{""count_fp"":""81.99"",""created_time"":""2026-04-28T16:33:41.353421Z"",""no_price_dollars"":""0.5200"",""taker_side"":""yes"",""ticker"":""KXETH15M-26APR281245-45"",""trade_id"":""2d2ca282-243b-79d4-af7d-65b125ed39f8"",""yes_price_dollars"":""0.4800""}"
KXETH15M-26APR281245-45,25a58035-23fe-71a1-82b5-fa7a603b2d74,1777394021,0.46,9.06,yes,"{""count_fp"":""9.06"",""created_time"":""2026-04-28T16:33:41.353421Z"",""no_price_dollars"":""0.5400"",""taker_side"":""yes"",""ticker"":""KXETH15M-26APR281245-45"",""trade_id"":""25a58035-23fe-71a1-82b5-fa7a603b2d74"",""yes_price_dollars"":""0.4600""}"
KXETH15M-26APR281245-45,de342e06-9b1e-4e51-10c3-8cf602ab94d9,1777394026,0.41,10.0,yes,"{""count_fp"":""10.00"",""created_time"":""2026-04-28T16:33:46.468789Z"",""no_price_dollars"":""0.5900"",""taker_side"":""yes"",""ticker"":""KXETH15M-26APR281245-45"",""trade_id"":""de342e06-9b1e-4e51-10c3-8cf602ab94d9"",""yes_price_dollars"":""0.4100""}"
KXETH15M-26APR281245-45,c5d9e5a9-73b9-4273-0e11-44c3476900af,1777394026,0.42,10.0,yes,"{""count_fp"":""10.00"",""created_time"":""2026-04-28T16:33:46.468789Z"",""no_price_dollars"":""0.5800"",""taker_side"":""yes"",""ticker"":""KXETH15M-26APR281245-45"",""trade_id"":""c5d9e5a9-73b9-4273-0e11-44c3476900af"",""yes_price_dollars"":""0.4200""}"
KXETH15M-26APR281245-45,2ee8b02a-57dc-4327-00a9-df3dfd490250,1777394026,0.43,68.13,yes,"{""count_fp"":""68.13"",""created_time"":""2026-04-28T16:33:46.468789Z"",""no_price_dollars"":""0.5700"",""taker_side"":""yes"",""ticker"":""KXETH15M-26APR281245-45"",""trade_id"":""2ee8b02a-57dc-4327-00a9-df3dfd490250"",""yes_price_dollars"":""0.4300""}"
KXETH15M-26APR281245-45,96021897-fcd4-57ac-e9db-defe461f032f,1777394035,0.37,1.0,no,"{""count_fp"":""1.00"",""created_time"":""2026-04-28T16:33:55.852824Z"",""no_price_dollars"":""0.6300"",""taker_side"":""no"",""ticker"":""KXETH15M-26APR281245-45"",""trade_id"":""96021897-fcd4-57ac-e9db-defe461f032f"",""yes_price_dollars"":""0.3700""}"
KXETH15M-26APR281245-45,98529e43-dae8-6dba-90ce-8b5f58db8a03,1777394035,0.39,38.33,yes,"{""count_fp"":""38.33"",""created_time"":""2026-04-28T16:33:55.485932Z"",""no_price_dollars"":""0.6100"",""taker_side"":""yes"",""ticker"":""KXETH15M-26APR281245-45"",""trade_id"":""98529e43-dae8-6dba-90ce-8b5f58db8a03"",""yes_price_dollars"":""0.3900""}"
KXETH15M-26APR281245-45,55d0ea55-b0b0-728a-5f00-af5d3e47767b,1777394041,0.38,10.45,yes,"{""count_fp"":""10.45"",""created_time"":""2026-04-28T16:34:01.003409Z"",""no_price_dollars"":""0.6200"",""taker_side"":""yes"",""ticker"":""KXETH15M-26APR281245-45"",""trade_id"":""55d0ea55-b0b0-728a-5f00-af5d3e47767b"",""yes_price_dollars"":""0.3800""}"
KXETH15M-26APR281245-45,fe73dac6-a493-6114-9174-e307571b4514,1777394046,0.34,1.0,no,"{""count_fp"":""1.00"",""created_time"":""2026-04-28T16:34:06.781855Z"",""no_price_dollars"":""0.6600"",""taker_side"":""no"",""ticker"":""KXETH15M-26APR281245-45"",""trade_id"":""fe73dac6-a493-6114-9174-e307571b4514"",""yes_price_dollars"":""0.3400""}"
KXETH15M-26APR281245-45,dfbd477c-678e-6174-87e0-5698a81df4df,1777394046,0.34,54.26,no,"{""count_fp"":""54.26"",""created_time"":""2026-04-28T16:34:06.781855Z"",""no_price_dollars"":""0.6600"",""taker_side"":""no"",""ticker"":""KXETH15M-26APR281245-45"",""trade_id"":""dfbd477c-678e-6174-87e0-5698a81df4df"",""yes_price_dollars"":""0.3400""}"
KXETH15M-26APR281245-45,dcc26624-0b78-6ea0-a527-203b97b0691f,1777394046,0.34,10.0,no,"{""count_fp"":""10.00"",""created_time"":""2026-04-28T16:34:06.781855Z"",""no_price_dollars"":""0.6600"",""taker_side"":""no"",""ticker"":""KXETH15M-26APR281245-45"",""trade_id"":""dcc26624-0b78-6ea0-a527-203b97b0691f"",""yes_price_dollars"":""0.3400""}"
KXETH15M-26APR281245-45,c780bd60-fa18-69cb-a109-9855dd57e5b9,1777394046,0.34,7.94,no,"{""count_fp"":""7.94"",""created_time"":""2026-04-28T16:34:06.781855Z"",""no_price_dollars"":""0.6600"",""taker_side"":""no"",""ticker"":""KXETH15M-26APR281245-45"",""trade_id"":""c780bd60-fa18-69cb-a109-9855dd57e5b9"",""yes_price_dollars"":""0.3400""}"
KXETH15M-26APR281245-45,80e6928c-0abf-7795-96fc-db9d3054dd74,1777394052,0.3,4.0,no,"{""count_fp"":""4.00"",""created_time"":""2026-04-28T16:34:12.580606Z"",""no_price_dollars"":""0.7000"",""taker_side"":""no"",""ticker"":""KXETH15M-26APR281245-45"",""trade_id"":""80e6928c-0abf-7795-96fc-db9d3054dd74"",""yes_price_dollars"":""0.3000""}"
KXETH15M-26APR281245-45,0e51bc4a-c9b0-7949-8bcc-a5b1bfb0ea03,1777394052,0.3,1.0,no,"{""count_fp"":""1.00"",""created_time"":""2026-04-28T16:34:12.580606Z"",""no_price_dollars"":""0.7000"",""taker_side"":""no"",""ticker"":""KXETH15M-26APR281245-45"",""trade_id"":""0e51bc4a-c9b0-7949-8bcc-a5b1bfb0ea03"",""yes_price_dollars"":""0.3000""}"
KXETH15M-26APR281245-45,52e53d0d-3e6c-5e03-3bae-cfc1d0d22d24,1777394052,0.32,7.0,yes,"{""count_fp"":""7.00"",""created_time"":""2026-04-28T16:34:12.554481Z"",""no_price_dollars"":""0.6800"",""taker_side"":""yes"",""ticker"":""KXETH15M-26APR281245-45"",""trade_id"":""52e53d0d-3e6c-5e03-3bae-cfc1d0d22d24"",""yes_price_dollars"":""0.3200""}"
KXETH15M-26APR281245-45,90d1993b-156b-76ae-340e-36b59bf84182,1777394056,0.29,4.0,no,"{""count_fp"":""4.00"",""created_time"":""2026-04-28T16:34:16.860666Z"",""no_price_dollars"":""0.7100"",""taker_side"":""no"",""ticker"":""KXETH15M-26APR281245-45"",""trade_id"":""90d1993b-156b-76ae-340e-36b59bf84182"",""yes_price_dollars"":""0.2900""}"
KXETH15M-26APR281245-45,9e843fb3-327c-73da-55b0-a8a41a292c5b,1777394065,0.28,17.0,yes,"{""count_fp"":""17.00"",""created_time"":""2026-04-28T16:34:25.870288Z"",""no_price_dollars"":""0.7200"",""taker_side"":""yes"",""ticker"":""KXETH15M-26APR281245-45"",""trade_id"":""9e843fb3-327c-73da-55b0-a8a41a292c5b"",""yes_price_dollars"":""0.2800""}"
KXETH15M-26APR281245-45,2c6bae30-2e50-435a-ee89-fb3ef588278b,1777394067,0.27,3.4,yes,"{""count_fp"":""3.40"",""created_time"":""2026-04-28T16:34:27.552431Z"",""no_price_dollars"":""0.7300"",""taker_side"":""yes"",""ticker"":""KXETH15M-26APR281245-45"",""trade_id"":""2c6bae30-2e50-435a-ee89-fb3ef588278b"",""yes_price_dollars"":""0.2700""}"
KXETH15M-26APR281245-45,3ffe6259-7f93-57c5-c98d-60bbec72fda4,1777394067,0.26,33.17,no,"{""count_fp"":""33.17"",""created_time"":""2026-04-28T16:34:27.387095Z"",""no_price_dollars"":""0.7400"",""taker_side"":""no"",""ticker"":""KXETH15M-26APR281245-45"",""trade_id"":""3ffe6259-7f93-57c5-c98d-60bbec72fda4"",""yes_price_dollars"":""0.2600""}"
KXETH15M-26APR281245-45,0647dafc-8de0-501e-1332-dd860e7141cf,1777394068,0.26,28.47,yes,"{""count_fp"":""28.47"",""created_time"":""2026-04-28T16:34:28.897525Z"",""no_price_dollars"":""0.7400"",""taker_side"":""yes"",""ticker"":""KXETH15M-26APR281245-45"",""trade_id"":""0647dafc-8de0-501e-1332-dd860e7141cf"",""yes_price_dollars"":""0.2600""}"
KXETH15M-26APR281245-45,7f3a6dd8-06bd-5120-35b6-1267c56b1da3,1777394070,0.25,8.66,no,"{""count_fp"":""8.66"",""created_time"":""2026-04-28T16:34:30.877378Z"",""no_price_dollars"":""0.7500"",""taker_side"":""no"",""ticker"":""KXETH15M-26APR281245-45"",""trade_id"":""7f3a6dd8-06bd-5120-35b6-1267c56b1da3"",""yes_price_dollars"":""0.2500""}"
KXETH15M-26APR281245-45,69587223-13ab-5e94-0623-f928978cc1ca,1777394070,0.25,0.34,no,"{""count_fp"":""0.34"",""created_time"":""2026-04-28T16:34:30.877378Z"",""no_price_dollars"":""0.7500"",""taker_side"":""no"",""ticker"":""KXETH15M-26APR281245-45"",""trade_id"":""69587223-13ab-5e94-0623-f928978cc1ca"",""yes_price_dollars"":""0.2500""}"
KXETH15M-26APR281245-45,3b4d7195-178f-54b9-0aa3-67cb7fb58174,1777394070,0.25,1.0,no,"{""count_fp"":""1.00"",""created_time"":""2026-04-28T16:34:30.877378Z"",""no_price_dollars"":""0.7500"",""taker_side"":""no"",""ticker"":""KXETH15M-26APR281245-45"",""trade_id"":""3b4d7195-178f-54b9-0aa3-67cb7fb58174"",""yes_price_dollars"":""0.2500""}"
KXETH15M-26APR281245-45,09d7842c-e8df-5124-82d2-a023d7270f4a,1777394070,0.26,1.0,no,"{""count_fp"":""1.00"",""created_time"":""2026-04-28T16:34:30.404094Z"",""no_price_dollars"":""0.7400"",""taker_side"":""no"",""ticker"":""KXETH15M-26APR281245-45"",""trade_id"":""09d7842c-e8df-5124-82d2-a023d7270f4a"",""yes_price_dollars"":""0.2600""}"
KXETH15M-26APR281245-45,91453859-e8ed-7dd9-8b12-27713d9f3b53,1777394074,0.28,1.0,yes,"{""count_fp"":""1.00"",""created_time"":""2026-04-28T16:34:34.534161Z"",""no_price_dollars"":""0.7200"",""taker_side"":""yes"",""ticker"":""KXETH15M-26APR281245-45"",""trade_id"":""91453859-e8ed-7dd9-8b12-27713d9f3b53"",""yes_price_dollars"":""0.2800""}"
KXETH15M-26APR281245-45,8e47dc28-a282-78b3-acdc-009a10abf8ea,1777394074,0.28,10.0,yes,"{""count_fp"":""10.00"",""created_time"":""2026-04-28T16:34:34.534161Z"",""no_price_dollars"":""0.7200"",""taker_side"":""yes"",""ticker"":""KXETH15M-26APR281245-45"",""trade_id"":""8e47dc28-a282-78b3-acdc-009a10abf8ea"",""yes_price_dollars"":""0.2800""}"
KXETH15M-26APR281245-45,56098acb-294c-76e2-a65f-dfc050c6c853,1777394074,0.3,5.0,yes,"{""count_fp"":""5.00"",""created_time"":""2026-04-28T16:34:34.534161Z"",""no_price_dollars"":""0.7000"",""taker_side"":""yes"",""ticker"":""KXETH15M-26APR281245-45"",""trade_id"":""56098acb-294c-76e2-a65f-dfc050c6c853"",""yes_price_dollars"":""0.3000""}"
KXETH15M-26APR281245-45,a5271440-1147-69d1-eaf3-5d32b62b5d66,1777394076,0.27,1.0,yes,"{""count_fp"":""1.00"",""created_time"":""2026-04-28T16:34:36.155253Z"",""no_price_dollars"":""0.7300"",""taker_side"":""yes"",""ticker"":""KXETH15M-26APR281245-45"",""trade_id"":""a5271440-1147-69d1-eaf3-5d32b62b5d66"",""yes_price_dollars"":""0.2700""}"
KXETH15M-26APR281245-45,58ad0ae0-fbbd-54a6-ae2d-e334683fea08,1777394078,0.3,6.33,yes,"{""count_fp"":""6.33"",""created_time"":""2026-04-28T16:34:38.518914Z"",""no_price_dollars"":""0.7000"",""taker_side"":""yes"",""ticker"":""KXETH15M-26APR281245-45"",""trade_id"":""58ad0ae0-fbbd-54a6-ae2d-e334683fea08"",""yes_price_dollars"":""0.3000""}"
KXETH15M-26APR281245-45,c8b059ae-9e81-700a-70d1-fe9c6509872f,1777394078,0.28,9.0,no,"{""count_fp"":""9.00"",""created_time"":""2026-04-28T16:34:38.512117Z"",""no_price_dollars"":""0.7200"",""taker_side"":""no"",""ticker"":""KXETH15M-26APR281245-45"",""trade_id"":""c8b059ae-9e81-700a-70d1-fe9c6509872f"",""yes_price_dollars"":""0.2800""}"
KXETH15M-26APR281245-45,51cd915b-4e42-788a-77cb-da531ea4aafa,1777394078,0.26,7.0,no,"{""count_fp"":""7.00"",""created_time"":""2026-04-28T16:34:38.512117Z"",""no_price_dollars"":""0.7400"",""taker_side"":""no"",""ticker"":""KXETH15M-26APR281245-45"",""trade_id"":""51cd915b-4e42-788a-77cb-da531ea4aafa"",""yes_price_dollars"":""0.2600""}"
KXETH15M-26APR281245-45,0cd0c424-66bd-7784-696f-667a8faf3a15,1777394078,0.26,1.0,no,"{""count_fp"":""1.00"",""created_time"":""2026-04-28T16:34:38.512117Z"",""no_price_dollars"":""0.7400"",""taker_side"":""no"",""ticker"":""KXETH15M-26APR281245-45"",""trade_id"":""0cd0c424-66bd-7784-696f-667a8faf3a15"",""yes_price_dollars"":""0.2600""}"
KXETH15M-26APR281245-45,e79dfa55-fcd3-51a0-ea8c-7f0b169de2fa,1777394085,0.25,10.0,no,"{""count_fp"":""10.00"",""created_time"":""2026-04-28T16:34:45.953762Z"",""no_price_dollars"":""0.7500"",""taker_side"":""no"",""ticker"":""KXETH15M-26APR281245-45"",""trade_id"":""e79dfa55-fcd3-51a0-ea8c-7f0b169de2fa"",""yes_price_dollars"":""0.2500""}"
KXETH15M-26APR281245-45,68f64835-a929-5276-f9d3-bfb9972118ab,1777394089,0.29,10.0,yes,"{""count_fp"":""10.00"",""created_time"":""2026-04-28T16:34:49.937302Z"",""no_price_dollars"":""0.7100"",""taker_side"":""yes"",""ticker"":""KXETH15M-26APR281245-45"",""trade_id"":""68f64835-a929-5276-f9d3-bfb9972118ab"",""yes_price_dollars"":""0.2900""}"
KXETH15M-26APR281245-45,677fbc96-2da9-5332-d9ff-37307826c3b0,1777394089,0.29,6.19,yes,"{""count_fp"":""6.19"",""created_time"":""2026-04-28T16:34:49.937302Z"",""no_price_dollars"":""0.7100"",""taker_side"":""yes"",""ticker"":""KXETH15M-26APR281245-45"",""trade_id"":""677fbc96-2da9-5332-d9ff-37307826c3b0"",""yes_price_dollars"":""0.2900""}"
KXETH15M-26APR281245-45,8e536db5-b4e9-7dd2-aff1-663a14969c60,1777394095,0.24,15.99,no,"{""count_fp"":""15.99"",""created_time"":""2026-04-28T16:34:55.979403Z"",""no_price_dollars"":""0.7600"",""taker_side"":""no"",""ticker"":""KXETH15M-26APR281245-45"",""trade_id"":""8e536db5-b4e9-7dd2-aff1-663a14969c60"",""yes_price_dollars"":""0.2400""}"
KXETH15M-26APR281245-45,6accfac9-cefe-7f5d-85aa-e7d5d3313c14,1777394095,0.25,10.0,no,"{""count_fp"":""10.00"",""created_time"":""2026-04-28T16:34:55.979403Z"",""no_price_dollars"":""0.7500"",""taker_side"":""no"",""ticker"":""KXETH15M-26APR281245-45"",""trade_id"":""6accfac9-cefe-7f5d-85aa-e7d5d3313c14"",""yes_price_dollars"":""0.2500""}"
KXETH15M-26APR281245-45,41feb1a2-1601-5b64-da3e-a48c0bee5cbe,1777394100,0.23,17.0,yes,"{""count_fp"":""17.00"",""created_time"":""2026-04-28T16:35:00.841406Z"",""no_price_dollars"":""0.7700"",""taker_side"":""yes"",""ticker"":""KXETH15M-26APR281245-45"",""trade_id"":""41feb1a2-1601-5b64-da3e-a48c0bee5cbe"",""yes_price_dollars"":""0.2300""}"
KXETH15M-26APR281245-45,74ee4aae-5e96-6f73-3afc-89bdc7593710,1777394102,0.2,35.09,no,"{""count_fp"":""35.09"",""created_time"":""2026-04-28T16:35:02.396056Z"",""no_price_dollars"":""0.8000"",""taker_side"":""no"",""ticker"":""KXETH15M-26APR281245-45"",""trade_id"":""74ee4aae-5e96-6f73-3afc-89bdc7593710"",""yes_price_dollars"":""0.2000""}"
KXETH15M-26APR281245-45,c9318c4b-f4c3-6eef-e905-e55a6a671ee2,1777394102,0.21,3.52,yes,"{""count_fp"":""3.52"",""created_time"":""2026-04-28T16:35:02.369579Z"",""no_price_dollars"":""0.7900"",""taker_side"":""yes"",""ticker"":""KXETH15M-26APR281245-45"",""trade_id"":""c9318c4b-f4c3-6eef-e905-e55a6a671ee2"",""yes_price_dollars"":""0.2100""}"
KXETH15M-26APR281245-45,fa5bb34f-41ac-5b10-1fbb-5d5988c42b36,1777394104,0.17,34.0,no,"{""count_fp"":""34.00"",""created_time"":""2026-04-28T16:35:04.232865Z"",""no_price_dollars"":""0.8300"",""taker_side"":""no"",""ticker"":""KXETH15M-26APR281245-45"",""trade_id"":""fa5bb34f-41ac-5b10-1fbb-5d5988c42b36"",""yes_price_dollars"":""0.1700""}"
KXETH15M-26APR281245-45,9b9552fc-02fd-541f-03e6-7b9ea9d7f890,1777394104,0.17,6.0,no,"{""count_fp"":""6.00"",""created_time"":""2026-04-28T16:35:04.232865Z"",""no_price_dollars"":""0.8300"",""taker_side"":""no"",""ticker"":""KXETH15M-26APR281245-45"",""trade_id"":""9b9552fc-02fd-541f-03e6-7b9ea9d7f890"",""yes_price_dollars"":""0.1700""}"
KXETH15M-26APR281245-45,a642a1d6-ff27-48d3-b56f-55a2c6faeb82,1777394105,0.17,24.9,yes,"{""count_fp"":""24.90"",""created_time"":""2026-04-28T16:35:05.143829Z"",""no_price_dollars"":""0.8300"",""taker_side"":""yes"",""ticker"":""KXETH15M-26APR281245-45"",""trade_id"":""a642a1d6-ff27-48d3-b56f-55a2c6faeb82"",""yes_price_dollars"":""0.1700""}"
KXETH15M-26APR281245-45,1036025e-b5cb-67d3-d841-b5b7db83614a,1777394106,0.17,1.0,yes,"{""count_fp"":""1.00"",""created_time"":""2026-04-28T16:35:06.159759Z"",""no_price_dollars"":""0.8300"",""taker_side"":""yes"",""ticker"":""KXETH15M-26APR281245-45"",""trade_id"":""1036025e-b5cb-67d3-d841-b5b7db83614a"",""yes_price_dollars"":""0.1700""}"
KXETH15M-26APR281245-45,e61cf42a-7726-614c-724f-dce531c8bb14,1777394107,0.17,10.0,yes,"{""count_fp"":""10.00"",""created_time"":""2026-04-28T16:35:07.510123Z"",""no_price_dollars"":""0.8300"",""taker_side"":""yes"",""ticker"":""KXETH15M-26APR281245-45"",""trade_id"":""e61cf42a-7726-614c-724f-dce531c8bb14"",""yes_price_dollars"":""0.1700""}"
KXETH15M-26APR281245-45,ea4df8ab-6007-7e1f-1f3b-a3f2cdef03de,1777394107,0.19,3.0,yes,"{""count_fp"":""3.00"",""created_time"":""2026-04-28T16:35:07.390671Z"",""no_price_dollars"":""0.8100"",""taker_side"":""yes"",""ticker"":""KXETH15M-26APR281245-45"",""trade_id"":""ea4df8ab-6007-7e1f-1f3b-a3f2cdef03de"",""yes_price_dollars"":""0.1900""}"
KXETH15M-26APR281245-45,f043baa0-4257-7f77-1e0f-9d1d5910442e,1777394107,0.19,44.22,yes,"{""count_fp"":""44.22"",""created_time"":""2026-04-28T16:35:07.168786Z"",""no_price_dollars"":""0.8100"",""taker_side"":""yes"",""ticker"":""KXETH15M-26APR281245-45"",""trade_id"":""f043baa0-4257-7f77-1e0f-9d1d5910442e"",""yes_price_dollars"":""0.1900""}"
KXETH15M-26APR281245-45,365c4b72-ab9e-722d-021b-a331024819b4,1777394107,0.17,10.0,yes,"{""count_fp"":""10.00"",""created_time"":""2026-04-28T16:35:07.168786Z"",""no_price_dollars"":""0.8300"",""taker_side"":""yes"",""ticker"":""KXETH15M-26APR281245-45"",""trade_id"":""365c4b72-ab9e-722d-021b-a331024819b4"",""yes_price_dollars"":""0.1700""}"
KXETH15M-26APR281245-45,014a8166-13f9-7236-3fc3-30b646ca5024,1777394107,0.18,10.0,yes,"{""count_fp"":""10.00"",""created_time"":""2026-04-28T16:35:07.168786Z"",""no_price_dollars"":""0.8200"",""taker_side"":""yes"",""ticker"":""KXETH15M-26APR281245-45"",""trade_id"":""014a8166-13f9-7236-3fc3-30b646ca5024"",""yes_price_dollars"":""0.1800""}"
KXETH15M-26APR281245-45,6785eb71-55a5-46ba-e0a2-74626ec8b070,1777394109,0.19,3.0,no,"{""count_fp"":""3.00"",""created_time"":""2026-04-28T16:35:09.718676Z"",""no_price_dollars"":""0.8100"",""taker_side"":""no"",""ticker"":""KXETH15M-26APR281245-45"",""trade_id"":""6785eb71-55a5-46ba-e0a2-74626ec8b070"",""yes_price_dollars"":""0.1900""}"
KXETH15M-26APR281245-45,99e7cb71-c91d-494e-a1f5-7f1eef5da600,1777394113,0.19,10.0,no,"{""count_fp"":""10.00"",""created_time"":""2026-04-28T16:35:13.118287Z"",""no_price_dollars"":""0.8100"",""taker_side"":""no"",""ticker"":""KXETH15M-26APR281245-45"",""trade_id"":""99e7cb71-c91d-494e-a1f5-7f1eef5da600"",""yes_price_dollars"":""0.1900""}"
KXETH15M-26APR281245-45,6ec35943-9ea0-6391-baac-9f2795f84cf1,1777394114,0.2,1.0,yes,"{""count_fp"":""1.00"",""created_time"":""2026-04-28T16:35:14.430153Z"",""no_price_dollars"":""0.8000"",""taker_side"":""yes"",""ticker"":""KXETH15M-26APR281245-45"",""trade_id"":""6ec35943-9ea0-6391-baac-9f2795f84cf1"",""yes_price_dollars"":""0.2000""}"
KXETH15M-26APR281245-45,46068a47-06a4-6384-9ad8-824f8b261f29,1777394114,0.21,10.0,yes,"{""count_fp"":""10.00"",""created_time"":""2026-04-28T16:35:14.430153Z"",""no_price_dollars"":""0.7900"",""taker_side"":""yes"",""ticker"":""KXETH15M-26APR281245-45"",""trade_id"":""46068a47-06a4-6384-9ad8-824f8b261f29"",""yes_price_dollars"":""0.2100""}"
KXETH15M-26APR281245-45,056fec3c-be04-590a-b75c-2dd9dc1d5411,1777394120,0.27,6.35,yes,"{""count_fp"":""6.35"",""created_time"":""2026-04-28T16:35:20.267661Z"",""no_price_dollars"":""0.7300"",""taker_side"":""yes"",""ticker"":""KXETH15M-26APR281245-45"",""trade_id"":""056fec3c-be04-590a-b75c-2dd9dc1d5411"",""yes_price_dollars"":""0.2700""}"
KXETH15M-26APR281245-45,ec55483d-e866-6a3d-1bc6-5c427e1be377,1777394138,0.16,10.0,no,"{""count_fp"":""10.00"",""created_time"":""2026-04-28T16:35:38.905716Z"",""no_price_dollars"":""0.8400"",""taker_side"":""no"",""ticker"":""KXETH15M-26APR281245-45"",""trade_id"":""ec55483d-e866-6a3d-1bc6-5c427e1be377"",""yes_price_dollars"":""0.1600""}"
KXETH15M-26APR281245-45,ac960546-ab7b-7bc5-4b5c-f4a923d10395,1777394138,0.17,10.0,yes,"{""count_fp"":""10.00"",""created_time"":""2026-04-28T16:35:38.668661Z"",""no_price_dollars"":""0.8300"",""taker_side"":""yes"",""ticker"":""KXETH15M-26APR281245-45"",""trade_id"":""ac960546-ab7b-7bc5-4b5c-f4a923d10395"",""yes_price_dollars"":""0.1700""}"
KXETH15M-26APR281245-45,7045fe10-880a-78dd-17c0-63adc091799f,1777394138,0.16,8.0,no,"{""count_fp"":""8.00"",""created_time"":""2026-04-28T16:35:38.323363Z"",""no_price_dollars"":""0.8400"",""taker_side"":""no"",""ticker"":""KXETH15M-26APR281245-45"",""trade_id"":""7045fe10-880a-78dd-17c0-63adc091799f"",""yes_price_dollars"":""0.1600""}"
KXETH15M-26APR281245-45,626f3189-893f-7411-3b9e-3c5b8fbb13aa,1777394138,0.16,1.0,no,"{""count_fp"":""1.00"",""created_time"":""2026-04-28T16:35:38.323363Z"",""no_price_dollars"":""0.8400"",""taker_side"":""no"",""ticker"":""KXETH15M-26APR281245-45"",""trade_id"":""626f3189-893f-7411-3b9e-3c5b8fbb13aa"",""yes_price_dollars"":""0.1600""}"
KXETH15M-26APR281245-45,2c0a0d0f-8ee5-7dbd-1e1d-b5f3ea3984cb,1777394138,0.16,1.0,no,"{""count_fp"":""1.00"",""created_time"":""2026-04-28T16:35:38.323363Z"",""no_price_dollars"":""0.8400"",""taker_side"":""no"",""ticker"":""KXETH15M-26APR281245-45"",""trade_id"":""2c0a0d0f-8ee5-7dbd-1e1d-b5f3ea3984cb"",""yes_price_dollars"":""0.1600""}"
KXETH15M-26APR281245-45,e6b5cbe8-e82d-528a-18a2-aeb13a004b6c,1777394139,0.17,10.0,no,"{""count_fp"":""10.00"",""created_time"":""2026-04-28T16:35:39.488925Z"",""no_price_dollars"":""0.8300"",""taker_side"":""no"",""ticker"":""KXETH15M-26APR281245-45"",""trade_id"":""e6b5cbe8-e82d-528a-18a2-aeb13a004b6c"",""yes_price_dollars"":""0.1700""}"
KXETH15M-26APR281245-45,33173a23-4449-4a9e-6360-5d474c0535f8,1777394160,0.22,2.0,no,"{""count_fp"":""2.00"",""created_time"":""2026-04-28T16:36:00.513638Z"",""no_price_dollars"":""0.7800"",""taker_side"":""no"",""ticker"":""KXETH15M-26APR281245-45"",""trade_id"":""33173a23-4449-4a9e-6360-5d474c0535f8"",""yes_price_dollars"":""0.2200""}"
KXETH15M-26APR281245-45,20edbb83-dc79-458e-5725-90ee58cec993,1777394160,0.22,10.0,no,"{""count_fp"":""10.00"",""created_time"":""2026-04-28T16:36:00.513638Z"",""no_price_dollars"":""0.7800"",""taker_side"":""no"",""ticker"":""KXETH15M-26APR281245-45"",""trade_id"":""20edbb83-dc79-458e-5725-90ee58cec993"",""yes_price_dollars"":""0.2200""}"
KXETH15M-26APR281245-45,61039e75-61d9-412a-efb2-16720cea58f0,1777394162,0.22,1.0,no,"{""count_fp"":""1.00"",""created_time"":""2026-04-28T16:36:02.651622Z"",""no_price_dollars"":""0.7800"",""taker_side"":""no"",""ticker"":""KXETH15M-26APR281245-45"",""trade_id"":""61039e75-61d9-412a-efb2-16720cea58f0"",""yes_price_dollars"":""0.2200""}"
KXETH15M-26APR281245-45,ef2b13bf-17d6-48d9-6715-48c35da47e78,1777394162,0.25,1.0,yes,"{""count_fp"":""1.00"",""created_time"":""2026-04-28T16:36:02.644308Z"",""no_price_dollars"":""0.7500"",""taker_side"":""yes"",""ticker"":""KXETH15M-26APR281245-45"",""trade_id"":""ef2b13bf-17d6-48d9-6715-48c35da47e78"",""yes_price_dollars"":""0.2500""}"
KXETH15M-26APR281245-45,cab9aade-af24-42e3-72be-fa0f45527aa3,1777394162,0.26,10.0,yes,"{""count_fp"":""10.00"",""created_time"":""2026-04-28T16:36:02.644308Z"",""no_price_dollars"":""0.7400"",""taker_side"":""yes"",""ticker"":""KXETH15M-26APR281245-45"",""trade_id"":""cab9aade-af24-42e3-72be-fa0f45527aa3"",""yes_price_dollars"":""0.2600""}"
KXETH15M-26APR281245-45,600c13ae-33a4-4c0e-4331-c668feb5ca69,1777394162,0.25,10.0,yes,"{""count_fp"":""10.00"",""created_time"":""2026-04-28T16:36:02.644308Z"",""no_price_dollars"":""0.7500"",""taker_side"":""yes"",""ticker"":""KXETH15M-26APR281245-45"",""trade_id"":""600c13ae-33a4-4c0e-4331-c668feb5ca69"",""yes_price_dollars"":""0.2500""}"
KXETH15M-26APR281245-45,4eebfca0-36d3-41d3-4e8c-6ea2db7b06b6,1777394162,0.27,14.88,yes,"{""count_fp"":""14.88"",""created_time"":""2026-04-28T16:36:02.644308Z"",""no_price_dollars"":""0.7300"",""taker_side"":""yes"",""ticker"":""KXETH15M-26APR281245-45"",""trade_id"":""4eebfca0-36d3-41d3-4e8c-6ea2db7b06b6"",""yes_price_dollars"":""0.2700""}"
KXETH15M-26APR281245-45,93cc67c1-c3ec-660a-537d-48fdec16f49e,1777394163,0.23,2.0,no,"{""count_fp"":""2.00"",""created_time"":""2026-04-28T16:36:03.215469Z"",""no_price_dollars"":""0.7700"",""taker_side"":""no"",""ticker"":""KXETH15M-26APR281245-45"",""trade_id"":""93cc67c1-c3ec-660a-537d-48fdec16f49e"",""yes_price_dollars"":""0.2300""}"
KXETH15M-26APR281245-45,330f0352-c42d-450a-9646-15015f185104,1777394168,0.27,1.0,no,"{""count_fp"":""1.00"",""created_time"":""2026-04-28T16:36:08.092117Z"",""no_price_dollars"":""0.7300"",""taker_side"":""no"",""ticker"":""KXETH15M-26APR281245-45"",""trade_id"":""330f0352-c42d-450a-9646-15015f185104"",""yes_price_dollars"":""0.2700""}"
KXETH15M-26APR281245-45,b0f5d0c2-12e1-7411-5501-0a2c0d8db960,1777394171,0.31,10.0,yes,"{""count_fp"":""10.00"",""created_time"":""2026-04-28T16:36:11.745263Z"",""no_price_dollars"":""0.6900"",""taker_side"":""yes"",""ticker"":""KXETH15M-26APR281245-45"",""trade_id"":""b0f5d0c2-12e1-7411-5501-0a2c0d8db960"",""yes_price_dollars"":""0.3100""}"
KXETH15M-26APR281245-45,56aac2cb-1864-7c13-49dd-5172933d3aa6,1777394171,0.28,1.0,yes,"{""count_fp"":""1.00"",""created_time"":""2026-04-28T16:36:11.745263Z"",""no_price_dollars"":""0.7200"",""taker_side"":""yes"",""ticker"":""KXETH15M-26APR281245-45"",""trade_id"":""56aac2cb-1864-7c13-49dd-5172933d3aa6"",""yes_price_dollars"":""0.2800""}"
KXETH15M-26APR281245-45,4aaf4f56-894f-7193-7155-224a3ad954d2,1777394171,0.31,9.0,yes,"{""count_fp"":""9.00"",""created_time"":""2026-04-28T16:36:11.745263Z"",""no_price_dollars"":""0.6900"",""taker_side"":""yes"",""ticker"":""KXETH15M-26APR281245-45"",""trade_id"":""4aaf4f56-894f-7193-7155-224a3ad954d2"",""yes_price_dollars"":""0.3100""}"
KXETH15M-26APR281245-45,347ea81a-f0fe-79d0-6d89-506fdc357981,1777394171,0.3,10.0,yes,"{""count_fp"":""10.00"",""created_time"":""2026-04-28T16:36:11.745263Z"",""no_price_dollars"":""0.7000"",""taker_side"":""yes"",""ticker"":""KXETH15M-26APR281245-45"",""trade_id"":""347ea81a-f0fe-79d0-6d89-506fdc357981"",""yes_price_dollars"":""0.3000""}"
KXETH15M-26APR281245-45,30a60b54-b0e0-621d-5c56-a8ed147a5520,1777394193,0.27,6.57,yes,"{""count_fp"":""6.57"",""created_time"":""2026-04-28T16:36:33.854781Z"",""no_price_dollars"":""0.7300"",""taker_side"":""yes"",""ticker"":""KXETH15M-26APR281245-45"",""trade_id"":""30a60b54-b0e0-621d-5c56-a8ed147a5520"",""yes_price_dollars"":""0.2700""}"
KXETH15M-26APR281245-45,fa7ddd65-9ea3-57e7-f9c1-f74d3dd0beb4,1777394200,0.28,10.0,yes,"{""count_fp"":""10.00"",""created_time"":""2026-04-28T16:36:40.320482Z"",""no_price_dollars"":""0.7200"",""taker_side"":""yes"",""ticker"":""KXETH15M-26APR281245-45"",""trade_id"":""fa7ddd65-9ea3-57e7-f9c1-f74d3dd0beb4"",""yes_price_dollars"":""0.2800""}"
KXETH15M-26APR281245-45,cda64a1b-3d6c-5cc1-f0b5-6675639364b8,1777394200,0.28,63.2,yes,"{""count_fp"":""63.20"",""created_time"":""2026-04-28T16:36:40.320482Z"",""no_price_dollars"":""0.7200"",""taker_side"":""yes"",""ticker"":""KXETH15M-26APR281245-45"",""trade_id"":""cda64a1b-3d6c-5cc1-f0b5-6675639364b8"",""yes_price_dollars"":""0.2800""}"
KXETH15M-26APR281245-45,62f75c91-f3a1-429d-e67b-2a856e60daab,1777394201,0.29,3.26,yes,"{""count_fp"":""3.26"",""created_time"":""2026-04-28T16:36:41.874055Z"",""no_price_dollars"":""0.7100"",""taker_side"":""yes"",""ticker"":""KXETH15M-26APR281245-45"",""trade_id"":""62f75c91-f3a1-429d-e67b-2a856e60daab"",""yes_price_dollars"":""0.2900""}"
KXETH15M-26APR281245-45,906b05ad-4ea0-77fa-0cd0-00e0d84bc3e3,1777394202,0.26,1.0,no,"{""count_fp"":""1.00"",""created_time"":""2026-04-28T16:36:42.728904Z"",""no_price_dollars"":""0.7400"",""taker_side"":""no"",""ticker"":""KXETH15M-26APR281245-45"",""trade_id"":""906b05ad-4ea0-77fa-0cd0-00e0d84bc3e3"",""yes_price_dollars"":""0.2600""}"
KXETH15M-26APR281245-45,94e04f40-9481-7b8a-a94e-877e84adeca1,1777394210,0.23,10.0,no,"{""count_fp"":""10.00"",""created_time"":""2026-04-28T16:36:50.943315Z"",""no_price_dollars"":""0.7700"",""taker_side"":""no"",""ticker"":""KXETH15M-26APR281245-45"",""trade_id"":""94e04f40-9481-7b8a-a94e-877e84adeca1"",""yes_price_dollars"":""0.2300""}"
KXETH15M-26APR281245-45,2299f0da-5540-78f7-aa90-892a4b9cabab,1777394210,0.23,10.0,no,"{""count_fp"":""10.00"",""created_time"":""2026-04-28T16:36:50.943315Z"",""no_price_dollars"":""0.7700"",""taker_side"":""no"",""ticker"":""KXETH15M-26APR281245-45"",""trade_id"":""2299f0da-5540-78f7-aa90-892a4b9cabab"",""yes_price_dollars"":""0.2300""}"
KXETH15M-26APR281245-45,ea771399-5f35-4b16-b2ae-fdd037bc0b14,1777394215,0.17,34.0,no,"{""count_fp"":""34.00"",""created_time"":""2026-04-28T16:36:55.738086Z"",""no_price_dollars"":""0.8300"",""taker_side"":""no"",""ticker"":""KXETH15M-26APR281245-45"",""trade_id"":""ea771399-5f35-4b16-b2ae-fdd037bc0b14"",""yes_price_dollars"":""0.1700""}"
KXETH15M-26APR281245-45,89fdf741-389c-4dec-99a8-c4a1c59006be,1777394215,0.18,10.0,no,"{""count_fp"":""10.00"",""created_time"":""2026-04-28T16:36:55.738086Z"",""no_price_dollars"":""0.8200"",""taker_side"":""no"",""ticker"":""KXETH15M-26APR281245-45"",""trade_id"":""89fdf741-389c-4dec-99a8-c4a1c59006be"",""yes_price_dollars"":""0.1800""}"
KXETH15M-26APR281245-45,987eb43d-0c61-5ed1-11d4-d7eb56624eab,1777394217,0.2,4.31,yes,"{""count_fp"":""4.31"",""created_time"":""2026-04-28T16:36:57.288144Z"",""no_price_dollars"":""0.8000"",""taker_side"":""yes"",""ticker"":""KXETH15M-26APR281245-45"",""trade_id"":""987eb43d-0c61-5ed1-11d4-d7eb56624eab"",""yes_price_dollars"":""0.2000""}"
KXETH15M-26APR281245-45,9a1088c9-0bf8-7cb5-f7fb-4225c526728c,1777394217,0.19,30.17,yes,"{""count_fp"":""30.17"",""created_time"":""2026-04-28T16:36:57.231015Z"",""no_price_dollars"":""0.8100"",""taker_side"":""yes"",""ticker"":""KXETH15M-26APR281245-45"",""trade_id"":""9a1088c9-0bf8-7cb5-f7fb-4225c526728c"",""yes_price_dollars"":""0.1900""}"
KXETH15M-26APR281245-45,592bff2b-2b21-60f6-6777-d4c4ae153d5e,1777394226,0.16,1.0,no,"{""count_fp"":""1.00"",""created_time"":""2026-04-28T16:37:06.422062Z"",""no_price_dollars"":""0.8400"",""taker_side"":""no"",""ticker"":""KXETH15M-26APR281245-45"",""trade_id"":""592bff2b-2b21-60f6-6777-d4c4ae153d5e"",""yes_price_dollars"":""0.1600""}"
KXETH15M-26APR281245-45,225632df-5ea0-54e7-5e2a-e29983a241db,1777394229,0.16,0.88,no,"{""count_fp"":""0.88"",""created_time"":""2026-04-28T16:37:09.420378Z"",""no_price_dollars"":""0.8400"",""taker_side"":""no"",""ticker"":""KXETH15M-26APR281245-45"",""trade_id"":""225632df-5ea0-54e7-5e2a-e29983a241db"",""yes_price_dollars"":""0.1600""}"
KXETH15M-26APR281245-45,092560ad-ada5-5e12-4e29-52618604869e,1777394229,0.16,5.0,no,"{""count_fp"":""5.00"",""created_time"":""2026-04-28T16:37:09.420378Z"",""no_price_dollars"":""0.8400"",""taker_side"":""no"",""ticker"":""KXETH15M-26APR281245-45"",""trade_id"":""092560ad-ada5-5e12-4e29-52618604869e"",""yes_price_dollars"":""0.1600""}"
KXETH15M-26APR281245-45,be1558a0-90f9-6f23-3a42-22d728076d0d,1777394231,0.15,25.0,no,"{""count_fp"":""25.00"",""created_time"":""2026-04-28T16:37:11.665249Z"",""no_price_dollars"":""0.8500"",""taker_side"":""no"",""ticker"":""KXETH15M-26APR281245-45"",""trade_id"":""be1558a0-90f9-6f23-3a42-22d728076d0d"",""yes_price_dollars"":""0.1500""}"
KXETH15M-26APR281245-45,817a21fa-5755-4a3b-6234-c639a6a16191,1777394233,0.15,0.99,no,"{""count_fp"":""0.99"",""created_time"":""2026-04-28T16:37:13.450186Z"",""no_price_dollars"":""0.8500"",""taker_side"":""no"",""ticker"":""KXETH15M-26APR281245-45"",""trade_id"":""817a21fa-5755-4a3b-6234-c639a6a16191"",""yes_price_dollars"":""0.1500""}"
KXETH15M-26APR281245-45,19f017d3-f075-4262-71f9-c7ff66bcb40f,1777394233,0.13,0.17,no,"{""count_fp"":""0.17"",""created_time"":""2026-04-28T16:37:13.450186Z"",""no_price_dollars"":""0.8700"",""taker_side"":""no"",""ticker"":""KXETH15M-26APR281245-45"",""trade_id"":""19f017d3-f075-4262-71f9-c7ff66bcb40f"",""yes_price_dollars"":""0.1300""}"
KXETH15M-26APR281245-45,2292cf10-1d60-6e91-4c8e-bc149e66a890,1777394237,0.15,5.0,yes,"{""count_fp"":""5.00"",""created_time"":""2026-04-28T16:37:17.018982Z"",""no_price_dollars"":""0.8500"",""taker_side"":""yes"",""ticker"":""KXETH15M-26APR281245-45"",""trade_id"":""2292cf10-1d60-6e91-4c8e-bc149e66a890"",""yes_price_dollars"":""0.1500""}"
KXETH15M-26APR281245-45,99381284-3037-57ea-593d-0649465b1cd0,1777394238,0.14,3.36,yes,"{""count_fp"":""3.36"",""created_time"":""2026-04-28T16:37:18.885253Z"",""no_price_dollars"":""0.8600"",""taker_side"":""yes"",""ticker"":""KXETH15M-26APR281245-45"",""trade_id"":""99381284-3037-57ea-593d-0649465b1cd0"",""yes_price_dollars"":""0.1400""}"
KXETH15M-26APR281245-45,905cf90f-6375-7c1e-77e4-0a14492f3437,1777394243,0.13,1.0,no,"{""count_fp"":""1.00"",""created_time"":""2026-04-28T16:37:23.385191Z"",""no_price_dollars"":""0.8700"",""taker_side"":""no"",""ticker"":""KXETH15M-26APR281245-45"",""trade_id"":""905cf90f-6375-7c1e-77e4-0a14492f3437"",""yes_price_dollars"":""0.1300""}"
KXETH15M-26APR281245-45,bdd9dc28-b459-631a-9734-4b9fa48a32d8,1777394246,0.13,21.0,no,"{""count_fp"":""21.00"",""created_time"":""2026-04-28T16:37:26.413369Z"",""no_price_dollars"":""0.8700"",""taker_side"":""no"",""ticker"":""KXETH15M-26APR281245-45"",""trade_id"":""bdd9dc28-b459-631a-9734-4b9fa48a32d8"",""yes_price_dollars"":""0.1300""}"
KXETH15M-26APR281245-45,bd1f3117-ec24-6263-8d57-aa05fe83554f,1777394246,0.13,6.0,no,"{""count_fp"":""6.00"",""created_time"":""2026-04-28T16:37:26.413369Z"",""no_price_dollars"":""0.8700"",""taker_side"":""no"",""ticker"":""KXETH15M-26APR281245-45"",""trade_id"":""bd1f3117-ec24-6263-8d57-aa05fe83554f"",""yes_price_dollars"":""0.1300""}"
KXETH15M-26APR281245-45,447ef9ea-6991-7e6f-7679-677a3231c76f,1777394247,0.17,8.95,yes,"{""count_fp"":""8.95"",""created_time"":""2026-04-28T16:37:27.776963Z"",""no_price_dollars"":""0.8300"",""taker_side"":""yes"",""ticker"":""KXETH15M-26APR281245-45"",""trade_id"":""447ef9ea-6991-7e6f-7679-677a3231c76f"",""yes_price_dollars"":""0.1700""}"
KXETH15M-26APR281245-45,712f2eef-0882-40c8-eac5-d6e241b6e5b5,1777394249,0.15,7.0,no,"{""count_fp"":""7.00"",""created_time"":""2026-04-28T16:37:29.373188Z"",""no_price_dollars"":""0.8500"",""taker_side"":""no"",""ticker"":""KXETH15M-26APR281245-45"",""trade_id"":""712f2eef-0882-40c8-eac5-d6e241b6e5b5"",""yes_price_dollars"":""0.1500""}"
KXETH15M-26APR281245-45,ccbe4cee-c073-6c84-d380-f43f4cc29cea,1777394257,0.14,3.22,no,"{""count_fp"":""3.22"",""created_time"":""2026-04-28T16:37:37.005655Z"",""no_price_dollars"":""0.8600"",""taker_side"":""no"",""ticker"":""KXETH15M-26APR281245-45"",""trade_id"":""ccbe4cee-c073-6c84-d380-f43f4cc29cea"",""yes_price_dollars"":""0.1400""}"
KXETH15M-26APR281245-45,30216203-85dd-4bc2-1479-b025ccfcb80d,1777394267,0.18,1.0,yes,"{""count_fp"":""1.00"",""created_time"":""2026-04-28T16:37:47.917524Z"",""no_price_dollars"":""0.8200"",""taker_side"":""yes"",""ticker"":""KXETH15M-26APR281245-45"",""trade_id"":""30216203-85dd-4bc2-1479-b025ccfcb80d"",""yes_price_dollars"":""0.1800""}"
KXETH15M-26APR281245-45,103f5c91-bd8d-46b3-296d-fd4ccbdf913b,1777394267,0.21,3.3,yes,"{""count_fp"":""3.30"",""created_time"":""2026-04-28T16:37:47.917524Z"",""no_price_dollars"":""0.7900"",""taker_side"":""yes"",""ticker"":""KXETH15M-26APR281245-45"",""trade_id"":""103f5c91-bd8d-46b3-296d-fd4ccbdf913b"",""yes_price_dollars"":""0.2100""}"
KXETH15M-26APR281245-45,0ce2e147-f613-47be-3d23-d8cca2b176e0,1777394268,0.22,5.0,yes,"{""count_fp"":""5.00"",""created_time"":""2026-04-28T16:37:48.584509Z"",""no_price_dollars"":""0.7800"",""taker_side"":""yes"",""ticker"":""KXETH15M-26APR281245-45"",""trade_id"":""0ce2e147-f613-47be-3d23-d8cca2b176e0"",""yes_price_dollars"":""0.2200""}"
KXETH15M-26APR281245-45,b7d42cba-e769-575e-bf5a-189b4fdd8e24,1777394268,0.17,2.0,no,"{""count_fp"":""2.00"",""created_time"":""2026-04-28T16:37:48.075719Z"",""no_price_dollars"":""0.8300"",""taker_side"":""no"",""ticker"":""KXETH15M-26APR281245-45"",""trade_id"":""b7d42cba-e769-575e-bf5a-189b4fdd8e24"",""yes_price_dollars"":""0.1700""}"
KXETH15M-26APR281245-45,967aeb8c-e5f7-5b26-439d-39bca797a550,1777394274,0.21,4.31,yes,"{""count_fp"":""4.31"",""created_time"":""2026-04-28T16:37:54.352Z"",""no_price_dollars"":""0.7900"",""taker_side"":""yes"",""ticker"":""KXETH15M-26APR281245-45"",""trade_id"":""967aeb8c-e5f7-5b26-439d-39bca797a550"",""yes_price_dollars"":""0.2100""}"
KXETH15M-26APR281245-45,75f2922a-473d-5467-0edf-8adda5b268e7,1777394280,0.24,9.0,yes,"{""count_fp"":""9.00"",""created_time"":""2026-04-28T16:38:00.824465Z"",""no_price_dollars"":""0.7600"",""taker_side"":""yes"",""ticker"":""KXETH15M-26APR281245-45"",""trade_id"":""75f2922a-473d-5467-0edf-8adda5b268e7"",""yes_price_dollars"":""0.2400""}"
KXETH15M-26APR281245-45,5e49ae1e-f4a3-6191-d78a-02721e5ee10c,1777394281,0.24,13.0,no,"{""count_fp"":""13.00"",""created_time"":""2026-04-28T16:38:01.776227Z"",""no_price_dollars"":""0.7600"",""taker_side"":""no"",""ticker"":""KXETH15M-26APR281245-45"",""trade_id"":""5e49ae1e-f4a3-6191-d78a-02721e5ee10c"",""yes_price_dollars"":""0.2400""}"
KXETH15M-26APR281245-45,f95e6152-a447-7390-2b66-41c261841980,1777394283,0.24,1.0,no,"{""count_fp"":""1.00"",""created_time"":""2026-04-28T16:38:03.170864Z"",""no_price_dollars"":""0.7600"",""taker_side"":""no"",""ticker"":""KXETH15M-26APR281245-45"",""trade_id"":""f95e6152-a447-7390-2b66-41c261841980"",""yes_price_dollars"":""0.2400""}"
KXETH15M-26APR281245-45,4be5b7e4-c8cb-7a7b-ea1e-61f14b00b12f,1777394284,0.22,10.0,no,"{""count_fp"":""10.00"",""created_time"":""2026-04-28T16:38:04.574897Z"",""no_price_dollars"":""0.7800"",""taker_side"":""no"",""ticker"":""KXETH15M-26APR281245-45"",""trade_id"":""4be5b7e4-c8cb-7a7b-ea1e-61f14b00b12f"",""yes_price_dollars"":""0.2200""}"
KXETH15M-26APR281245-45,45de0950-542e-4b95-8558-1c96adac3e2d,1777394286,0.2,2.0,no,"{""count_fp"":""2.00"",""created_time"":""2026-04-28T16:38:06.812133Z"",""no_price_dollars"":""0.8000"",""taker_side"":""no"",""ticker"":""KXETH15M-26APR281245-45"",""trade_id"":""45de0950-542e-4b95-8558-1c96adac3e2d"",""yes_price_dollars"":""0.2000""}"
KXETH15M-26APR281245-45,7d15f7fd-3f56-4a82-48a3-02d9324b5646,1777394286,0.21,1.0,no,"{""count_fp"":""1.00"",""created_time"":""2026-04-28T16:38:06.497765Z"",""no_price_dollars"":""0.7900"",""taker_side"":""no"",""ticker"":""KXETH15M-26APR281245-45"",""trade_id"":""7d15f7fd-3f56-4a82-48a3-02d9324b5646"",""yes_price_dollars"":""0.2100""}"
KXETH15M-26APR281245-45,60a82ce4-dad5-626c-cb75-56f4fda67f23,1777394293,0.24,100.0,yes,"{""count_fp"":""100.00"",""created_time"":""2026-04-28T16:38:13.713537Z"",""no_price_dollars"":""0.7600"",""taker_side"":""yes"",""ticker"":""KXETH15M-26APR281245-45"",""trade_id"":""60a82ce4-dad5-626c-cb75-56f4fda67f23"",""yes_price_dollars"":""0.2400""}"
KXETH15M-26APR281245-45,79b004d8-d4be-595e-11b9-8f4a55dc6443,1777394303,0.25,3.0,yes,"{""count_fp"":""3.00"",""created_time"":""2026-04-28T16:38:23.227582Z"",""no_price_dollars"":""0.7500"",""taker_side"":""yes"",""ticker"":""KXETH15M-26APR281245-45"",""trade_id"":""79b004d8-d4be-595e-11b9-8f4a55dc6443"",""yes_price_dollars"":""0.2500""}"
KXETH15M-26APR281245-45,5d7726fe-07a3-52e4-0b25-4bf91c85f782,1777394303,0.25,10.0,yes,"{""count_fp"":""10.00"",""created_time"":""2026-04-28T16:38:23.227582Z"",""no_price_dollars"":""0.7500"",""taker_side"":""yes"",""ticker"":""KXETH15M-26APR281245-45"",""trade_id"":""5d7726fe-07a3-52e4-0b25-4bf91c85f782"",""yes_price_dollars"":""0.2500""}"
KXETH15M-26APR281245-45,c833f2ba-7ab3-7d6a-bdbb-b1d57bef46fc,1777394304,0.28,1.16,yes,"{""count_fp"":""1.16"",""created_time"":""2026-04-28T16:38:24.967488Z"",""no_price_dollars"":""0.7200"",""taker_side"":""yes"",""ticker"":""KXETH15M-26APR281245-45"",""trade_id"":""c833f2ba-7ab3-7d6a-bdbb-b1d57bef46fc"",""yes_price_dollars"":""0.2800""}"
KXETH15M-26APR281245-45,01e74cc7-1a92-49f3-60b7-8f45891052f1,1777394311,0.19,1.0,no,"{""count_fp"":""1.00"",""created_time"":""2026-04-28T16:38:31.960561Z"",""no_price_dollars"":""0.8100"",""taker_side"":""no"",""ticker"":""KXETH15M-26APR281245-45"",""trade_id"":""01e74cc7-1a92-49f3-60b7-8f45891052f1"",""yes_price_dollars"":""0.1900""}"
KXETH15M-26APR281245-45,9e924d63-27b5-7c24-a69d-c3e73412b6af,1777394314,0.21,13.53,yes,"{""count_fp"":""13.53"",""created_time"":""2026-04-28T16:38:34.386521Z"",""no_price_dollars"":""0.7900"",""taker_side"":""yes"",""ticker"":""KXETH15M-26APR281245-45"",""trade_id"":""9e924d63-27b5-7c24-a69d-c3e73412b6af"",""yes_price_dollars"":""0.2100""}"
KXETH15M-26APR281245-45,21b1b3ed-5e18-4c65-afad-5a7a6455ad08,1777394320,0.16,3.4,no,"{""count_fp"":""3.40"",""created_time"":""2026-04-28T16:38:40.330989Z"",""no_price_dollars"":""0.8400"",""taker_side"":""no"",""ticker"":""KXETH15M-26APR281245-45"",""trade_id"":""21b1b3ed-5e18-4c65-afad-5a7a6455ad08"",""yes_price_dollars"":""0.1600""}"
KXETH15M-26APR281245-45,de89e908-cf88-6621-9cdd-ed08f7eede24,1777394325,0.19,1.0,no,"{""count_fp"":""1.00"",""created_time"":""2026-04-28T16:38:45.809189Z"",""no_price_dollars"":""0.8100"",""taker_side"":""no"",""ticker"":""KXETH15M-26APR281245-45"",""trade_id"":""de89e908-cf88-6621-9cdd-ed08f7eede24"",""yes_price_dollars"":""0.1900""}"
KXETH15M-26APR281245-45,a300fbad-6497-7ef5-c72c-1300b05171e7,1777394337,0.18,10.0,no,"{""count_fp"":""10.00"",""created_time"":""2026-04-28T16:38:57.691425Z"",""no_price_dollars"":""0.8200"",""taker_side"":""no"",""ticker"":""KXETH15M-26APR281245-45"",""trade_id"":""a300fbad-6497-7ef5-c72c-1300b05171e7"",""yes_price_dollars"":""0.1800""}"
KXETH15M-26APR281245-45,77c9ae59-46b0-72e6-f22c-c3eab5202220,1777394337,0.17,5.69,no,"{""count_fp"":""5.69"",""created_time"":""2026-04-28T16:38:57.691425Z"",""no_price_dollars"":""0.8300"",""taker_side"":""no"",""ticker"":""KXETH15M-26APR281245-45"",""trade_id"":""77c9ae59-46b0-72e6-f22c-c3eab5202220"",""yes_price_dollars"":""0.1700""}"
KXETH15M-26APR281245-45,0c787d8b-2034-7059-ffbe-1f95dad7ed58,1777394337,0.18,10.0,no,"{""count_fp"":""10.00"",""created_time"":""2026-04-28T16:38:57.691425Z"",""no_price_dollars"":""0.8200"",""taker_side"":""no"",""ticker"":""KXETH15M-26APR281245-45"",""trade_id"":""0c787d8b-2034-7059-ffbe-1f95dad7ed58"",""yes_price_dollars"":""0.1800""}"
KXETH15M-26APR281245-45,4204c99f-88e8-7f5a-750d-d5ffa635689c,1777394341,0.18,1.0,no,"{""count_fp"":""1.00"",""created_time"":""2026-04-28T16:39:01.703825Z"",""no_price_dollars"":""0.8200"",""taker_side"":""no"",""ticker"":""KXETH15M-26APR281245-45"",""trade_id"":""4204c99f-88e8-7f5a-750d-d5ffa635689c"",""yes_price_dollars"":""0.1800""}"
KXETH15M-26APR281245-45,399bb12a-ca2c-6e2e-a1c9-d1a5471c088c,1777394341,0.18,1.0,no,"{""count_fp"":""1.00"",""created_time"":""2026-04-28T16:39:01.239892Z"",""no_price_dollars"":""0.8200"",""taker_side"":""no"",""ticker"":""KXETH15M-26APR281245-45"",""trade_id"":""399bb12a-ca2c-6e2e-a1c9-d1a5471c088c"",""yes_price_dollars"":""0.1800""}"
KXETH15M-26APR281245-45,34a348dc-faa4-5d72-4309-d92040f21064,1777394342,0.18,1.0,no,"{""count_fp"":""1.00"",""created_time"":""2026-04-28T16:39:02.715091Z"",""no_price_dollars"":""0.8200"",""taker_side"":""no"",""ticker"":""KXETH15M-26APR281245-45"",""trade_id"":""34a348dc-faa4-5d72-4309-d92040f21064"",""yes_price_dollars"":""0.1800""}"
KXETH15M-26APR281245-45,4def2a40-00f4-71de-17e9-e1058dc0f734,1777394342,0.18,1.0,no,"{""count_fp"":""1.00"",""created_time"":""2026-04-28T16:39:02.422713Z"",""no_price_dollars"":""0.8200"",""taker_side"":""no"",""ticker"":""KXETH15M-26APR281245-45"",""trade_id"":""4def2a40-00f4-71de-17e9-e1058dc0f734"",""yes_price_dollars"":""0.1800""}"
KXETH15M-26APR281245-45,ed763a1f-431c-4a9e-6337-85195ac8da10,1777394345,0.2,1.0,no,"{""count_fp"":""1.00"",""created_time"":""2026-04-28T16:39:05.639019Z"",""no_price_dollars"":""0.8000"",""taker_side"":""no"",""ticker"":""KXETH15M-26APR281245-45"",""trade_id"":""ed763a1f-431c-4a9e-6337-85195ac8da10"",""yes_price_dollars"":""0.2000""}"
KXETH15M-26APR281245-45,f44afd36-6ee8-795b-8002-85a32e44990a,1777394345,0.21,1.0,no,"{""count_fp"":""1.00"",""created_time"":""2026-04-28T16:39:05.407494Z"",""no_price_dollars"":""0.7900"",""taker_side"":""no"",""ticker"":""KXETH15M-26APR281245-45"",""trade_id"":""f44afd36-6ee8-795b-8002-85a32e44990a"",""yes_price_dollars"":""0.2100""}"
KXETH15M-26APR281245-45,08a31c99-26b0-4952-6e33-5ed7e867481c,1777394346,0.2,5.0,no,"{""count_fp"":""5.00"",""created_time"":""2026-04-28T16:39:06.285077Z"",""no_price_dollars"":""0.8000"",""taker_side"":""no"",""ticker"":""KXETH15M-26APR281245-45"",""trade_id"":""08a31c99-26b0-4952-6e33-5ed7e867481c"",""yes_price_dollars"":""0.2000""}"
KXETH15M-26APR281245-45,2754d35d-9a74-5e4a-c173-ddeb3fdfa894,1777394346,0.2,1.0,no,"{""count_fp"":""1.00"",""created_time"":""2026-04-28T16:39:06.115475Z"",""no_price_dollars"":""0.8000"",""taker_side"":""no"",""ticker"":""KXETH15M-26APR281245-45"",""trade_id"":""2754d35d-9a74-5e4a-c173-ddeb3fdfa894"",""yes_price_dollars"":""0.2000""}"
KXETH15M-26APR281245-45,f890e1e8-bbdb-71d9-ed05-11fb04a808b8,1777394350,0.21,5.3,no,"{""count_fp"":""5.30"",""created_time"":""2026-04-28T16:39:10.906636Z"",""no_price_dollars"":""0.7900"",""taker_side"":""no"",""ticker"":""KXETH15M-26APR281245-45"",""trade_id"":""f890e1e8-bbdb-71d9-ed05-11fb04a808b8"",""yes_price_dollars"":""0.2100""}"
KXETH15M-26APR281245-45,f4918803-74cb-767b-3fae-00bb64c44b19,1777394355,0.21,1.24,no,"{""count_fp"":""1.24"",""created_time"":""2026-04-28T16:39:15.609916Z"",""no_price_dollars"":""0.7900"",""taker_side"":""no"",""ticker"":""KXETH15M-26APR281245-45"",""trade_id"":""f4918803-74cb-767b-3fae-00bb64c44b19"",""yes_price_dollars"":""0.2100""}"
KXETH15M-26APR281245-45,742b01a4-a58e-5fb6-def5-86bf696ead69,1777394357,0.2,0.87,no,"{""count_fp"":""0.87"",""created_time"":""2026-04-28T16:39:17.643969Z"",""no_price_dollars"":""0.8000"",""taker_side"":""no"",""ticker"":""KXETH15M-26APR281245-45"",""trade_id"":""742b01a4-a58e-5fb6-def5-86bf696ead69"",""yes_price_dollars"":""0.2000""}"
KXETH15M-26APR281245-45,281b053f-17b3-58c5-ff92-7e475fcc2cec,1777394357,0.2,0.36,no,"{""count_fp"":""0.36"",""created_time"":""2026-04-28T16:39:17.643969Z"",""no_price_dollars"":""0.8000"",""taker_side"":""no"",""ticker"":""KXETH15M-26APR281245-45"",""trade_id"":""281b053f-17b3-58c5-ff92-7e475fcc2cec"",""yes_price_dollars"":""0.2000""}"
KXETH15M-26APR281245-45,4fd17724-b51f-6cfc-8b88-cba19787e93a,1777394360,0.17,1.0,no,"{""count_fp"":""1.00"",""created_time"":""2026-04-28T16:39:20.779799Z"",""no_price_dollars"":""0.8300"",""taker_side"":""no"",""ticker"":""KXETH15M-26APR281245-45"",""trade_id"":""4fd17724-b51f-6cfc-8b88-cba19787e93a"",""yes_price_dollars"":""0.1700""}"
KXETH15M-26APR281245-45,df1a3f9a-cc8d-4608-771f-9b682dc1a4af,1777394361,0.21,5.0,yes,"{""count_fp"":""5.00"",""created_time"":""2026-04-28T16:39:21.171224Z"",""no_price_dollars"":""0.7900"",""taker_side"":""yes"",""ticker"":""KXETH15M-26APR281245-45"",""trade_id"":""df1a3f9a-cc8d-4608-771f-9b682dc1a4af"",""yes_price_dollars"":""0.2100""}"
KXETH15M-26APR281245-45,c083286c-b518-56e6-f9ac-ace5c4612484,1777394364,0.17,1.0,no,"{""count_fp"":""1.00"",""created_time"":""2026-04-28T16:39:24.725502Z"",""no_price_dollars"":""0.8300"",""taker_side"":""no"",""ticker"":""KXETH15M-26APR281245-45"",""trade_id"":""c083286c-b518-56e6-f9ac-ace5c4612484"",""yes_price_dollars"":""0.1700""}"
KXETH15M-26APR281245-45,b757bf4d-5bf1-6ad5-bbbf-f893af844a71,1777394366,0.16,1.0,no,"{""count_fp"":""1.00"",""created_time"":""2026-04-28T16:39:26.418629Z"",""no_price_dollars"":""0.8400"",""taker_side"":""no"",""ticker"":""KXETH15M-26APR281245-45"",""trade_id"":""b757bf4d-5bf1-6ad5-bbbf-f893af844a71"",""yes_price_dollars"":""0.1600""}"
KXETH15M-26APR281245-45,bc0fe843-fbdc-6572-0b9a-fb4e188039bf,1777394368,0.2,1.74,yes,"{""count_fp"":""1.74"",""created_time"":""2026-04-28T16:39:28.531291Z"",""no_price_dollars"":""0.8000"",""taker_side"":""yes"",""ticker"":""KXETH15M-26APR281245-45"",""trade_id"":""bc0fe843-fbdc-6572-0b9a-fb4e188039bf"",""yes_price_dollars"":""0.2000""}"
KXETH15M-26APR281245-45,18345011-2809-7bca-3819-7bb2777c1c3d,1777394371,0.15,4.31,no,"{""count_fp"":""4.31"",""created_time"":""2026-04-28T16:39:31.254037Z"",""no_price_dollars"":""0.8500"",""taker_side"":""no"",""ticker"":""KXETH15M-26APR281245-45"",""trade_id"":""18345011-2809-7bca-3819-7bb2777c1c3d"",""yes_price_dollars"":""0.1500""}"
KXETH15M-26APR281245-45,1ee38e4f-ed07-7bdd-5487-853ed28b587d,1777394377,0.12,10.0,no,"{""count_fp"":""10.00"",""created_time"":""2026-04-28T16:39:37.745324Z"",""no_price_dollars"":""0.8800"",""taker_side"":""no"",""ticker"":""KXETH15M-26APR281245-45"",""trade_id"":""1ee38e4f-ed07-7bdd-5487-853ed28b587d"",""yes_price_dollars"":""0.1200""}"
KXETH15M-26APR281245-45,ee992d4a-c87d-4e28-0a12-fc2af6f3fd90,1777394378,0.1,1.0,no,"{""count_fp"":""1.00"",""created_time"":""2026-04-28T16:39:38.441313Z"",""no_price_dollars"":""0.9000"",""taker_side"":""no"",""ticker"":""KXETH15M-26APR281245-45"",""trade_id"":""ee992d4a-c87d-4e28-0a12-fc2af6f3fd90"",""yes_price_dollars"":""0.1000""}"
KXETH15M-26APR281245-45,dbac0a3f-bba9-478d-049c-49b43619bad0,1777394378,0.1,10.0,no,"{""count_fp"":""10.00"",""created_time"":""2026-04-28T16:39:38.441313Z"",""no_price_dollars"":""0.9000"",""taker_side"":""no"",""ticker"":""KXETH15M-26APR281245-45"",""trade_id"":""dbac0a3f-bba9-478d-049c-49b43619bad0"",""yes_price_dollars"":""0.1000""}"
KXETH15M-26APR281245-45,8de29310-8d28-4843-1a09-0d11b9bc3b57,1777394378,0.1,1.0,no,"{""count_fp"":""1.00"",""created_time"":""2026-04-28T16:39:38.441313Z"",""no_price_dollars"":""0.9000"",""taker_side"":""no"",""ticker"":""KXETH15M-26APR281245-45"",""trade_id"":""8de29310-8d28-4843-1a09-0d11b9bc3b57"",""yes_price_dollars"":""0.1000""}"
KXETH15M-26APR281245-45,68399e02-0fe5-4a6b-21c2-0e3339b2ef2e,1777394378,0.1,14.0,no,"{""count_fp"":""14.00"",""created_time"":""2026-04-28T16:39:38.441313Z"",""no_price_dollars"":""0.9000"",""taker_side"":""no"",""ticker"":""KXETH15M-26APR281245-45"",""trade_id"":""68399e02-0fe5-4a6b-21c2-0e3339b2ef2e"",""yes_price_dollars"":""0.1000""}"
KXETH15M-26APR281245-45,4b8996e9-a195-4610-11e6-d54473ee8c6d,1777394378,0.1,3.0,no,"{""count_fp"":""3.00"",""created_time"":""2026-04-28T16:39:38.441313Z"",""no_price_dollars"":""0.9000"",""taker_side"":""no"",""ticker"":""KXETH15M-26APR281245-45"",""trade_id"":""4b8996e9-a195-4610-11e6-d54473ee8c6d"",""yes_price_dollars"":""0.1000""}"
KXETH15M-26APR281245-45,3d026adf-9c4f-416e-239e-f84f2c29fc07,1777394378,0.11,1.0,no,"{""count_fp"":""1.00"",""created_time"":""2026-04-28T16:39:38.441313Z"",""no_price_dollars"":""0.8900"",""taker_side"":""no"",""ticker"":""KXETH15M-26APR281245-45"",""trade_id"":""3d026adf-9c4f-416e-239e-f84f2c29fc07"",""yes_price_dollars"":""0.1100""}"
KXETH15M-26APR281245-45,24eeff42-0b9c-4358-1382-6a931ae93f34,1777394378,0.1,1.0,no,"{""count_fp"":""1.00"",""created_time"":""2026-04-28T16:39:38.441313Z"",""no_price_dollars"":""0.9000"",""taker_side"":""no"",""ticker"":""KXETH15M-26APR281245-45"",""trade_id"":""24eeff42-0b9c-4358-1382-6a931ae93f34"",""yes_price_dollars"":""0.1000""}"
KXETH15M-26APR281245-45,09cee2a3-aff4-457a-17ef-bb498c491071,1777394378,0.1,21.0,no,"{""count_fp"":""21.00"",""created_time"":""2026-04-28T16:39:38.441313Z"",""no_price_dollars"":""0.9000"",""taker_side"":""no"",""ticker"":""KXETH15M-26APR281245-45"",""trade_id"":""09cee2a3-aff4-457a-17ef-bb498c491071"",""yes_price_dollars"":""0.1000""}"
KXETH15M-26APR281245-45,821829d3-5827-5bbf-17b7-bb6b24f918d9,1777394379,0.097,10.0,yes,"{""count_fp"":""10.00"",""created_time"":""2026-04-28T16:39:39.935538Z"",""no_price_dollars"":""0.9030"",""taker_side"":""yes"",""ticker"":""KXETH15M-26APR281245-45"",""trade_id"":""821829d3-5827-5bbf-17b7-bb6b24f918d9"",""yes_price_dollars"":""0.0970""}"
KXETH15M-26APR281245-45,45f0384f-3ab7-55d2-077b-e38130a9c6fc,1777394379,0.098,57.0,yes,"{""count_fp"":""57.00"",""created_time"":""2026-04-28T16:39:39.935538Z"",""no_price_dollars"":""0.9020"",""taker_side"":""yes"",""ticker"":""KXETH15M-26APR281245-45"",""trade_id"":""45f0384f-3ab7-55d2-077b-e38130a9c6fc"",""yes_price_dollars"":""0.0980""}"
KXETH15M-26APR281245-45,3ab32dc7-a87b-4fe2-6919-07e9151d7c30,1777394388,0.098,8.38,yes,"{""count_fp"":""8.38"",""created_time"":""2026-04-28T16:39:48.868969Z"",""no_price_dollars"":""0.9020"",""taker_side"":""yes"",""ticker"":""KXETH15M-26APR281245-45"",""trade_id"":""3ab32dc7-a87b-4fe2-6919-07e9151d7c30"",""yes_price_dollars"":""0.0980""}"
KXETH15M-26APR281245-45,e8e78d01-ea37-5746-378f-cfbe541a8074,1777394391,0.098,11.84,yes,"{""count_fp"":""11.84"",""created_time"":""2026-04-28T16:39:51.455568Z"",""no_price_dollars"":""0.9020"",""taker_side"":""yes"",""ticker"":""KXETH15M-26APR281245-45"",""trade_id"":""e8e78d01-ea37-5746-378f-cfbe541a8074"",""yes_price_dollars"":""0.0980""}"
KXETH15M-26APR281245-45,57b534e6-9de8-59d6-2b1b-8da9c7043b77,1777394391,0.096,10.0,yes,"{""count_fp"":""10.00"",""created_time"":""2026-04-28T16:39:51.455568Z"",""no_price_dollars"":""0.9040"",""taker_side"":""yes"",""ticker"":""KXETH15M-26APR281245-45"",""trade_id"":""57b534e6-9de8-59d6-2b1b-8da9c7043b77"",""yes_price_dollars"":""0.0960""}"
KXETH15M-26APR281245-45,433919a2-c005-5bc1-341b-59776b299110,1777394391,0.096,16.11,yes,"{""count_fp"":""16.11"",""created_time"":""2026-04-28T16:39:51.455568Z"",""no_price_dollars"":""0.9040"",""taker_side"":""yes"",""ticker"":""KXETH15M-26APR281245-45"",""trade_id"":""433919a2-c005-5bc1-341b-59776b299110"",""yes_price_dollars"":""0.0960""}"
KXETH15M-26APR281245-45,2b76dbed-c91f-53dc-1b85-8497692f2f8d,1777394391,0.097,10.0,yes,"{""count_fp"":""10.00"",""created_time"":""2026-04-28T16:39:51.455568Z"",""no_price_dollars"":""0.9030"",""taker_side"":""yes"",""ticker"":""KXETH15M-26APR281245-45"",""trade_id"":""2b76dbed-c91f-53dc-1b85-8497692f2f8d"",""yes_price_dollars"":""0.0970""}"
KXETH15M-26APR281245-45,5a4be643-9e14-4e92-1e2d-50845ff82ecb,1777394393,0.098,84.28,yes,"{""count_fp"":""84.28"",""created_time"":""2026-04-28T16:39:53.696412Z"",""no_price_dollars"":""0.9020"",""taker_side"":""yes"",""ticker"":""KXETH15M-26APR281245-45"",""trade_id"":""5a4be643-9e14-4e92-1e2d-50845ff82ecb"",""yes_price_dollars"":""0.0980""}"
KXETH15M-26APR281245-45,cc0f2ab0-c093-7822-678b-883684809f04,1777394393,0.098,28.0,yes,"{""count_fp"":""28.00"",""created_time"":""2026-04-28T16:39:53.631073Z"",""no_price_dollars"":""0.9020"",""taker_side"":""yes"",""ticker"":""KXETH15M-26APR281245-45"",""trade_id"":""cc0f2ab0-c093-7822-678b-883684809f04"",""yes_price_dollars"":""0.0980""}"
KXETH15M-26APR281245-45,db67d6cf-db2c-7550-f8f3-5329727c648c,1777394394,0.1,4.45,yes,"{""count_fp"":""4.45"",""created_time"":""2026-04-28T16:39:54.930573Z"",""no_price_dollars"":""0.9000"",""taker_side"":""yes"",""ticker"":""KXETH15M-26APR281245-45"",""trade_id"":""db67d6cf-db2c-7550-f8f3-5329727c648c"",""yes_price_dollars"":""0.1000""}"
KXETH15M-26APR281245-45,34a02d2a-bc7b-725d-cdab-8bd98ba4cc99,1777394394,0.1,1.0,yes,"{""count_fp"":""1.00"",""created_time"":""2026-04-28T16:39:54.930573Z"",""no_price_dollars"":""0.9000"",""taker_side"":""yes"",""ticker"":""KXETH15M-26APR281245-45"",""trade_id"":""34a02d2a-bc7b-725d-cdab-8bd98ba4cc99"",""yes_price_dollars"":""0.1000""}"
KXETH15M-26APR281245-45,015b61a6-3b66-66d2-c602-b3c934bd3973,1777394398,0.094,1.0,no,"{""count_fp"":""1.00"",""created_time"":""2026-04-28T16:39:58.876171Z"",""no_price_dollars"":""0.9060"",""taker_side"":""no"",""ticker"":""KXETH15M-26APR281245-45"",""trade_id"":""015b61a6-3b66-66d2-c602-b3c934bd3973"",""yes_price_dollars"":""0.0940""}"
KXETH15M-26APR281245-45,0018411d-015a-641a-4bc7-92f1d556410f,1777394400,0.093,6.0,no,"{""count_fp"":""6.00"",""created_time"":""2026-04-28T16:40:00.847997Z"",""no_price_dollars"":""0.9070"",""taker_side"":""no"",""ticker"":""KXETH15M-26APR281245-45"",""trade_id"":""0018411d-015a-641a-4bc7-92f1d556410f"",""yes_price_dollars"":""0.0930""}"
KXETH15M-26APR281245-45,191b4156-40b4-415e-6e38-5862f9cb23b7,1777394400,0.13,4.0,yes,"{""count_fp"":""4.00"",""created_time"":""2026-04-28T16:40:00.129561Z"",""no_price_dollars"":""0.8700"",""taker_side"":""yes"",""ticker"":""KXETH15M-26APR281245-45"",""trade_id"":""191b4156-40b4-415e-6e38-5862f9cb23b7"",""yes_price_dollars"":""0.1300""}"
KXETH15M-26APR281245-45,74ab10d0-9c11-6c0a-836a-61c208e1f680,1777394401,0.092,4.0,no,"{""count_fp"":""4.00"",""created_time"":""2026-04-28T16:40:01.182702Z"",""no_price_dollars"":""0.9080"",""taker_side"":""no"",""ticker"":""KXETH15M-26APR281245-45"",""trade_id"":""74ab10d0-9c11-6c0a-836a-61c208e1f680"",""yes_price_dollars"":""0.0920""}"
KXETH15M-26APR281245-45,dea23220-c038-5ee2-e0c2-1a109f0ff907,1777394401,0.13,1.0,yes,"{""count_fp"":""1.00"",""created_time"":""2026-04-28T16:40:01.028954Z"",""no_price_dollars"":""0.8700"",""taker_side"":""yes"",""ticker"":""KXETH15M-26APR281245-45"",""trade_id"":""dea23220-c038-5ee2-e0c2-1a109f0ff907"",""yes_price_dollars"":""0.1300""}"
KXETH15M-26APR281245-45,ca0fbb7e-77ff-5b13-48dc-418d9991a055,1777394402,0.11,1.0,no,"{""count_fp"":""1.00"",""created_time"":""2026-04-28T16:40:02.234073Z"",""no_price_dollars"":""0.8900"",""taker_side"":""no"",""ticker"":""KXETH15M-26APR281245-45"",""trade_id"":""ca0fbb7e-77ff-5b13-48dc-418d9991a055"",""yes_price_dollars"":""0.1100""}"
KXETH15M-26APR281245-45,15a83d9b-32c9-558c-5d43-f9bce49aa4a9,1777394402,0.094,37.26,no,"{""count_fp"":""37.26"",""created_time"":""2026-04-28T16:40:02.234073Z"",""no_price_dollars"":""0.9060"",""taker_side"":""no"",""ticker"":""KXETH15M-26APR281245-45"",""trade_id"":""15a83d9b-32c9-558c-5d43-f9bce49aa4a9"",""yes_price_dollars"":""0.0940""}"
KXETH15M-26APR281245-45,896dff4c-ee67-4d59-bd0a-541080060b6c,1777394404,0.13,6.23,yes,"{""count_fp"":""6.23"",""created_time"":""2026-04-28T16:40:04.480312Z"",""no_price_dollars"":""0.8700"",""taker_side"":""yes"",""ticker"":""KXETH15M-26APR281245-45"",""trade_id"":""896dff4c-ee67-4d59-bd0a-541080060b6c"",""yes_price_dollars"":""0.1300""}"
KXETH15M-26APR281245-45,4e054f84-68a0-43dc-b638-45c1fa9c4658,1777394404,0.12,1.0,yes,"{""count_fp"":""1.00"",""created_time"":""2026-04-28T16:40:04.480312Z"",""no_price_dollars"":""0.8800"",""taker_side"":""yes"",""ticker"":""KXETH15M-26APR281245-45"",""trade_id"":""4e054f84-68a0-43dc-b638-45c1fa9c4658"",""yes_price_dollars"":""0.1200""}"
KXETH15M-26APR281245-45,9d6d1555-0d84-57a6-bbbe-0088543dddd1,1777394406,0.11,8.0,no,"{""count_fp"":""8.00"",""created_time"":""2026-04-28T16:40:06.774099Z"",""no_price_dollars"":""0.8900"",""taker_side"":""no"",""ticker"":""KXETH15M-26APR281245-45"",""trade_id"":""9d6d1555-0d84-57a6-bbbe-0088543dddd1"",""yes_price_dollars"":""0.1100""}"
KXETH15M-26APR281245-45,ec4be5a9-c2f8-6d86-56ac-2f1f1192bbc8,1777394410,0.12,198.0,no,"{""count_fp"":""198.00"",""created_time"":""2026-04-28T16:40:10.402955Z"",""no_price_dollars"":""0.8800"",""taker_side"":""no"",""ticker"":""KXETH15M-26APR281245-45"",""trade_id"":""ec4be5a9-c2f8-6d86-56ac-2f1f1192bbc8"",""yes_price_dollars"":""0.1200""}"
KXETH15M-26APR281245-45,2a4d76ab-0a38-757a-0f3a-52e09f0e6f1e,1777394410,0.12,10.0,no,"{""count_fp"":""10.00"",""created_time"":""2026-04-28T16:40:10.308427Z"",""no_price_dollars"":""0.8800"",""taker_side"":""no"",""ticker"":""KXETH15M-26APR281245-45"",""trade_id"":""2a4d76ab-0a38-757a-0f3a-52e09f0e6f1e"",""yes_price_dollars"":""0.1200""}"
KXETH15M-26APR281245-45,600c80a8-f3e0-68c2-1ad5-a22727eea520,1777394418,0.13,1.0,no,"{""count_fp"":""1.00"",""created_time"":""2026-04-28T16:40:18.876857Z"",""no_price_dollars"":""0.8700"",""taker_side"":""no"",""ticker"":""KXETH15M-26APR281245-45"",""trade_id"":""600c80a8-f3e0-68c2-1ad5-a22727eea520"",""yes_price_dollars"":""0.1300""}"
KXETH15M-26APR281245-45,5bc95f68-aac4-7036-084a-6b24ad9fd574,1777394418,0.13,1.0,no,"{""count_fp"":""1.00"",""created_time"":""2026-04-28T16:40:18.616127Z"",""no_price_dollars"":""0.8700"",""taker_side"":""no"",""ticker"":""KXETH15M-26APR281245-45"",""trade_id"":""5bc95f68-aac4-7036-084a-6b24ad9fd574"",""yes_price_dollars"":""0.1300""}"
KXETH15M-26APR281245-45,e4284f82-543b-67f7-59d8-55cb86137cd2,1777394422,0.16,1.0,no,"{""count_fp"":""1.00"",""created_time"":""2026-04-28T16:40:22.909869Z"",""no_price_dollars"":""0.8400"",""taker_side"":""no"",""ticker"":""KXETH15M-26APR281245-45"",""trade_id"":""e4284f82-543b-67f7-59d8-55cb86137cd2"",""yes_price_dollars"":""0.1600""}"
KXETH15M-26APR281245-45,9f755268-5a1b-479f-25e7-981bf651d62a,1777394422,0.16,1.0,no,"{""count_fp"":""1.00"",""created_time"":""2026-04-28T16:40:22.830761Z"",""no_price_dollars"":""0.8400"",""taker_side"":""no"",""ticker"":""KXETH15M-26APR281245-45"",""trade_id"":""9f755268-5a1b-479f-25e7-981bf651d62a"",""yes_price_dollars"":""0.1600""}"
KXETH15M-26APR281245-45,f1f89c5f-bef0-59de-3d96-1bf246ba3ad7,1777394424,0.18,7.0,yes,"{""count_fp"":""7.00"",""created_time"":""2026-04-28T16:40:24.554222Z"",""no_price_dollars"":""0.8200"",""taker_side"":""yes"",""ticker"":""KXETH15M-26APR281245-45"",""trade_id"":""f1f89c5f-bef0-59de-3d96-1bf246ba3ad7"",""yes_price_dollars"":""0.1800""}"
KXETH15M-26APR281245-45,d4474447-2890-55e1-3fef-64d6d5baf83e,1777394424,0.18,2.0,yes,"{""count_fp"":""2.00"",""created_time"":""2026-04-28T16:40:24.554222Z"",""no_price_dollars"":""0.8200"",""taker_side"":""yes"",""ticker"":""KXETH15M-26APR281245-45"",""trade_id"":""d4474447-2890-55e1-3fef-64d6d5baf83e"",""yes_price_dollars"":""0.1800""}"
KXETH15M-26APR281245-45,aaf5a5f6-d4e2-512e-0717-92cd2f9a6f29,1777394424,0.16,1.0,yes,"{""count_fp"":""1.00"",""created_time"":""2026-04-28T16:40:24.554222Z"",""no_price_dollars"":""0.8400"",""taker_side"":""yes"",""ticker"":""KXETH15M-26APR281245-45"",""trade_id"":""aaf5a5f6-d4e2-512e-0717-92cd2f9a6f29"",""yes_price_dollars"":""0.1600""}"
KXETH15M-26APR281245-45,00e17cdd-5bd1-5ed6-c5ca-df6858f709f1,1777394426,0.19,10.0,yes,"{""count_fp"":""10.00"",""created_time"":""2026-04-28T16:40:26.805386Z"",""no_price_dollars"":""0.8100"",""taker_side"":""yes"",""ticker"":""KXETH15M-26APR281245-45"",""trade_id"":""00e17cdd-5bd1-5ed6-c5ca-df6858f709f1"",""yes_price_dollars"":""0.1900""}"
KXETH15M-26APR281245-45,00d831a3-fd18-5c74-f961-43098ee1aa30,1777394430,0.19,0.58,no,"{""count_fp"":""0.58"",""created_time"":""2026-04-28T16:40:30.237211Z"",""no_price_dollars"":""0.8100"",""taker_side"":""no"",""ticker"":""KXETH15M-26APR281245-45"",""trade_id"":""00d831a3-fd18-5c74-f961-43098ee1aa30"",""yes_price_dollars"":""0.1900""}"
KXETH15M-26APR281245-45,c8195963-50d6-4d8b-fe89-10100fbaf523,1777394433,0.2,10.0,no,"{""count_fp"":""10.00"",""created_time"":""2026-04-28T16:40:33.274183Z"",""no_price_dollars"":""0.8000"",""taker_side"":""no"",""ticker"":""KXETH15M-26APR281245-45"",""trade_id"":""c8195963-50d6-4d8b-fe89-10100fbaf523"",""yes_price_dollars"":""0.2000""}"
KXETH15M-26APR281245-45,b3e5f0bf-e780-40e6-da3c-f89846068564,1777394433,0.19,10.0,no,"{""count_fp"":""10.00"",""created_time"":""2026-04-28T16:40:33.274183Z"",""no_price_dollars"":""0.8100"",""taker_side"":""no"",""ticker"":""KXETH15M-26APR281245-45"",""trade_id"":""b3e5f0bf-e780-40e6-da3c-f89846068564"",""yes_price_dollars"":""0.1900""}"
KXETH15M-26APR281245-45,595365a4-eb73-4cb1-8b19-a5c270035843,1777394440,0.18,1.17,no,"{""count_fp"":""1.17"",""created_time"":""2026-04-28T16:40:40.038327Z"",""no_price_dollars"":""0.8200"",""taker_side"":""no"",""ticker"":""KXETH15M-26APR281245-45"",""trade_id"":""595365a4-eb73-4cb1-8b19-a5c270035843"",""yes_price_dollars"":""0.1800""}"
KXETH15M-26APR281245-45,f558b6a6-47a6-5772-1221-23bcee5c295d,1777394460,0.18,10.0,no,"{""count_fp"":""10.00"",""created_time"":""2026-04-28T16:41:00.906912Z"",""no_price_dollars"":""0.8200"",""taker_side"":""no"",""ticker"":""KXETH15M-26APR281245-45"",""trade_id"":""f558b6a6-47a6-5772-1221-23bcee5c295d"",""yes_price_dollars"":""0.1800""}"
