ticker,trade_id,ts,yes_price,count,taker_side,raw_json
KXETH15M-26APR280100-00,bf77fe9d-2a55-77fe-f7a2-69e5e07c68bf,1777351510,0.57,66.0,no,"{""count_fp"":""66.00"",""created_time"":""2026-04-28T04:45:10.641454Z"",""no_price_dollars"":""0.4300"",""taker_side"":""no"",""ticker"":""KXETH15M-26APR280100-00"",""trade_id"":""bf77fe9d-2a55-77fe-f7a2-69e5e07c68bf"",""yes_price_dollars"":""0.5700""}"
KXETH15M-26APR280100-00,ef2e1ded-3910-63bc-2948-44b432be13ff,1777351511,0.46,2.0,no,"{""count_fp"":""2.00"",""created_time"":""2026-04-28T04:45:11.915273Z"",""no_price_dollars"":""0.5400"",""taker_side"":""no"",""ticker"":""KXETH15M-26APR280100-00"",""trade_id"":""ef2e1ded-3910-63bc-2948-44b432be13ff"",""yes_price_dollars"":""0.4600""}"
KXETH15M-26APR280100-00,b2c3eb47-7c4f-5d8b-9c0d-271e271157f2,1777351515,0.57,5.0,yes,"{""count_fp"":""5.00"",""created_time"":""2026-04-28T04:45:15.478452Z"",""no_price_dollars"":""0.4300"",""taker_side"":""yes"",""ticker"":""KXETH15M-26APR280100-00"",""trade_id"":""b2c3eb47-7c4f-5d8b-9c0d-271e271157f2"",""yes_price_dollars"":""0.5700""}"
KXETH15M-26APR280100-00,e139837c-851f-4ca3-f227-4e308ec2065a,1777351520,0.54,59.0,yes,"{""count_fp"":""59.00"",""created_time"":""2026-04-28T04:45:20.207085Z"",""no_price_dollars"":""0.4600"",""taker_side"":""yes"",""ticker"":""KXETH15M-26APR280100-00"",""trade_id"":""e139837c-851f-4ca3-f227-4e308ec2065a"",""yes_price_dollars"":""0.5400""}"
KXETH15M-26APR280100-00,680c78ed-3075-475d-d36e-073d17ed3649,1777351520,0.53,1.0,yes,"{""count_fp"":""1.00"",""created_time"":""2026-04-28T04:45:20.207085Z"",""no_price_dollars"":""0.4700"",""taker_side"":""yes"",""ticker"":""KXETH15M-26APR280100-00"",""trade_id"":""680c78ed-3075-475d-d36e-073d17ed3649"",""yes_price_dollars"":""0.5300""}"
KXETH15M-26APR280100-00,8f9f0965-4fc4-7f30-0225-cf33031c8e47,1777351520,0.55,58.0,no,"{""count_fp"":""58.00"",""created_time"":""2026-04-28T04:45:20.112164Z"",""no_price_dollars"":""0.4500"",""taker_side"":""no"",""ticker"":""KXETH15M-26APR280100-00"",""trade_id"":""8f9f0965-4fc4-7f30-0225-cf33031c8e47"",""yes_price_dollars"":""0.5500""}"
KXETH15M-26APR280100-00,8f9b453e-5ffe-6fc1-addd-60f700ad7ddb,1777351523,0.53,1.0,yes,"{""count_fp"":""1.00"",""created_time"":""2026-04-28T04:45:23.966716Z"",""no_price_dollars"":""0.4700"",""taker_side"":""yes"",""ticker"":""KXETH15M-26APR280100-00"",""trade_id"":""8f9b453e-5ffe-6fc1-addd-60f700ad7ddb"",""yes_price_dollars"":""0.5300""}"
KXETH15M-26APR280100-00,271b5926-3036-6167-95d6-9954a2751802,1777351523,0.53,10.0,yes,"{""count_fp"":""10.00"",""created_time"":""2026-04-28T04:45:23.966716Z"",""no_price_dollars"":""0.4700"",""taker_side"":""yes"",""ticker"":""KXETH15M-26APR280100-00"",""trade_id"":""271b5926-3036-6167-95d6-9954a2751802"",""yes_price_dollars"":""0.5300""}"
KXETH15M-26APR280100-00,20dc2eea-af57-6aeb-b6c8-0166a515976e,1777351523,0.54,62.73,yes,"{""count_fp"":""62.73"",""created_time"":""2026-04-28T04:45:23.966716Z"",""no_price_dollars"":""0.4600"",""taker_side"":""yes"",""ticker"":""KXETH15M-26APR280100-00"",""trade_id"":""20dc2eea-af57-6aeb-b6c8-0166a515976e"",""yes_price_dollars"":""0.5400""}"
KXETH15M-26APR280100-00,576bad54-9ca5-4048-cb2f-cc5ae1dcb06e,1777351525,0.5,9.66,no,"{""count_fp"":""9.66"",""created_time"":""2026-04-28T04:45:25.418051Z"",""no_price_dollars"":""0.5000"",""taker_side"":""no"",""ticker"":""KXETH15M-26APR280100-00"",""trade_id"":""576bad54-9ca5-4048-cb2f-cc5ae1dcb06e"",""yes_price_dollars"":""0.5000""}"
KXETH15M-26APR280100-00,8d437768-7eb3-6d6c-0666-f9f041c46c77,1777351527,0.53,1.0,yes,"{""count_fp"":""1.00"",""created_time"":""2026-04-28T04:45:27.028734Z"",""no_price_dollars"":""0.4700"",""taker_side"":""yes"",""ticker"":""KXETH15M-26APR280100-00"",""trade_id"":""8d437768-7eb3-6d6c-0666-f9f041c46c77"",""yes_price_dollars"":""0.5300""}"
KXETH15M-26APR280100-00,34cd22ec-e2b4-60df-1e92-5412f3cb9a82,1777351527,0.53,2.0,yes,"{""count_fp"":""2.00"",""created_time"":""2026-04-28T04:45:27.028734Z"",""no_price_dollars"":""0.4700"",""taker_side"":""yes"",""ticker"":""KXETH15M-26APR280100-00"",""trade_id"":""34cd22ec-e2b4-60df-1e92-5412f3cb9a82"",""yes_price_dollars"":""0.5300""}"
KXETH15M-26APR280100-00,06870e82-af81-60c2-3a64-dd44dbc16c1b,1777351527,0.53,1.0,yes,"{""count_fp"":""1.00"",""created_time"":""2026-04-28T04:45:27.028734Z"",""no_price_dollars"":""0.4700"",""taker_side"":""yes"",""ticker"":""KXETH15M-26APR280100-00"",""trade_id"":""06870e82-af81-60c2-3a64-dd44dbc16c1b"",""yes_price_dollars"":""0.5300""}"
KXETH15M-26APR280100-00,3f6447be-d8d7-43b3-378b-011544ea290a,1777351533,0.5,0.57,yes,"{""count_fp"":""0.57"",""created_time"":""2026-04-28T04:45:33.437945Z"",""no_price_dollars"":""0.5000"",""taker_side"":""yes"",""ticker"":""KXETH15M-26APR280100-00"",""trade_id"":""3f6447be-d8d7-43b3-378b-011544ea290a"",""yes_price_dollars"":""0.5000""}"
KXETH15M-26APR280100-00,8218d608-21fc-5ab2-6ea7-278a005eb11b,1777351535,0.47,100.0,no,"{""count_fp"":""100.00"",""created_time"":""2026-04-28T04:45:35.538956Z"",""no_price_dollars"":""0.5300"",""taker_side"":""no"",""ticker"":""KXETH15M-26APR280100-00"",""trade_id"":""8218d608-21fc-5ab2-6ea7-278a005eb11b"",""yes_price_dollars"":""0.4700""}"
KXETH15M-26APR280100-00,00bb1dc3-04cd-57f8-5c3a-cb0705728272,1777351535,0.47,10.0,no,"{""count_fp"":""10.00"",""created_time"":""2026-04-28T04:45:35.538956Z"",""no_price_dollars"":""0.5300"",""taker_side"":""no"",""ticker"":""KXETH15M-26APR280100-00"",""trade_id"":""00bb1dc3-04cd-57f8-5c3a-cb0705728272"",""yes_price_dollars"":""0.4700""}"
KXETH15M-26APR280100-00,9db47c5f-15dc-4497-7887-e9e84ab14bc8,1777351539,0.52,0.85,yes,"{""count_fp"":""0.85"",""created_time"":""2026-04-28T04:45:39.326899Z"",""no_price_dollars"":""0.4800"",""taker_side"":""yes"",""ticker"":""KXETH15M-26APR280100-00"",""trade_id"":""9db47c5f-15dc-4497-7887-e9e84ab14bc8"",""yes_price_dollars"":""0.5200""}"
KXETH15M-26APR280100-00,05f04446-d197-4239-71cd-0d6755e9390a,1777351539,0.5,1.0,yes,"{""count_fp"":""1.00"",""created_time"":""2026-04-28T04:45:39.326899Z"",""no_price_dollars"":""0.5000"",""taker_side"":""yes"",""ticker"":""KXETH15M-26APR280100-00"",""trade_id"":""05f04446-d197-4239-71cd-0d6755e9390a"",""yes_price_dollars"":""0.5000""}"
KXETH15M-26APR280100-00,df7c4ea7-6e30-4436-bf27-389f4fb71980,1777351539,0.49,1.0,no,"{""count_fp"":""1.00"",""created_time"":""2026-04-28T04:45:39.015829Z"",""no_price_dollars"":""0.5100"",""taker_side"":""no"",""ticker"":""KXETH15M-26APR280100-00"",""trade_id"":""df7c4ea7-6e30-4436-bf27-389f4fb71980"",""yes_price_dollars"":""0.4900""}"
KXETH15M-26APR280100-00,4c1e311d-6e2a-40b5-b1ab-6ec55b3709dc,1777351539,0.47,29.0,no,"{""count_fp"":""29.00"",""created_time"":""2026-04-28T04:45:39.015829Z"",""no_price_dollars"":""0.5300"",""taker_side"":""no"",""ticker"":""KXETH15M-26APR280100-00"",""trade_id"":""4c1e311d-6e2a-40b5-b1ab-6ec55b3709dc"",""yes_price_dollars"":""0.4700""}"
KXETH15M-26APR280100-00,128960e1-65d1-4c0b-9386-a6a5b141674f,1777351539,0.49,100.0,no,"{""count_fp"":""100.00"",""created_time"":""2026-04-28T04:45:39.015829Z"",""no_price_dollars"":""0.5100"",""taker_side"":""no"",""ticker"":""KXETH15M-26APR280100-00"",""trade_id"":""128960e1-65d1-4c0b-9386-a6a5b141674f"",""yes_price_dollars"":""0.4900""}"
KXETH15M-26APR280100-00,8ea9e74b-52e2-4b03-401b-b0ce43bd49fd,1777351540,0.52,7.8,yes,"{""count_fp"":""7.80"",""created_time"":""2026-04-28T04:45:40.597938Z"",""no_price_dollars"":""0.4800"",""taker_side"":""yes"",""ticker"":""KXETH15M-26APR280100-00"",""trade_id"":""8ea9e74b-52e2-4b03-401b-b0ce43bd49fd"",""yes_price_dollars"":""0.5200""}"
KXETH15M-26APR280100-00,6a7bd08b-3008-4b43-4a8b-c7c50a2df51c,1777351540,0.52,1.15,yes,"{""count_fp"":""1.15"",""created_time"":""2026-04-28T04:45:40.597938Z"",""no_price_dollars"":""0.4800"",""taker_side"":""yes"",""ticker"":""KXETH15M-26APR280100-00"",""trade_id"":""6a7bd08b-3008-4b43-4a8b-c7c50a2df51c"",""yes_price_dollars"":""0.5200""}"
KXETH15M-26APR280100-00,631ab45b-508f-7084-e1e1-6ea41347835e,1777351547,0.52,1.32,no,"{""count_fp"":""1.32"",""created_time"":""2026-04-28T04:45:47.258314Z"",""no_price_dollars"":""0.4800"",""taker_side"":""no"",""ticker"":""KXETH15M-26APR280100-00"",""trade_id"":""631ab45b-508f-7084-e1e1-6ea41347835e"",""yes_price_dollars"":""0.5200""}"
KXETH15M-26APR280100-00,3f15457d-3bd2-7a41-fb97-041c5396fca4,1777351547,0.52,550.0,no,"{""count_fp"":""550.00"",""created_time"":""2026-04-28T04:45:47.258314Z"",""no_price_dollars"":""0.4800"",""taker_side"":""no"",""ticker"":""KXETH15M-26APR280100-00"",""trade_id"":""3f15457d-3bd2-7a41-fb97-041c5396fca4"",""yes_price_dollars"":""0.5200""}"
KXETH15M-26APR280100-00,34790c79-4ff4-7a41-f28d-7971f06ac47e,1777351547,0.52,10.0,no,"{""count_fp"":""10.00"",""created_time"":""2026-04-28T04:45:47.258314Z"",""no_price_dollars"":""0.4800"",""taker_side"":""no"",""ticker"":""KXETH15M-26APR280100-00"",""trade_id"":""34790c79-4ff4-7a41-f28d-7971f06ac47e"",""yes_price_dollars"":""0.5200""}"
KXETH15M-26APR280100-00,d2bf675e-4cdf-6318-4ad5-7d73a8cd17b6,1777351549,0.52,3.0,no,"{""count_fp"":""3.00"",""created_time"":""2026-04-28T04:45:49.850917Z"",""no_price_dollars"":""0.4800"",""taker_side"":""no"",""ticker"":""KXETH15M-26APR280100-00"",""trade_id"":""d2bf675e-4cdf-6318-4ad5-7d73a8cd17b6"",""yes_price_dollars"":""0.5200""}"
KXETH15M-26APR280100-00,789cd29a-f1f1-67c6-7bf7-c20a06c8e7ef,1777351549,0.52,1.0,no,"{""count_fp"":""1.00"",""created_time"":""2026-04-28T04:45:49.850917Z"",""no_price_dollars"":""0.4800"",""taker_side"":""no"",""ticker"":""KXETH15M-26APR280100-00"",""trade_id"":""789cd29a-f1f1-67c6-7bf7-c20a06c8e7ef"",""yes_price_dollars"":""0.5200""}"
KXETH15M-26APR280100-00,53ea3b86-e881-76a4-1fa4-fde0ee057568,1777351551,0.53,9.0,yes,"{""count_fp"":""9.00"",""created_time"":""2026-04-28T04:45:51.320559Z"",""no_price_dollars"":""0.4700"",""taker_side"":""yes"",""ticker"":""KXETH15M-26APR280100-00"",""trade_id"":""53ea3b86-e881-76a4-1fa4-fde0ee057568"",""yes_price_dollars"":""0.5300""}"
KXETH15M-26APR280100-00,7826b5ba-9fda-684f-00f3-296d72bdcd8f,1777351552,0.57,2.0,yes,"{""count_fp"":""2.00"",""created_time"":""2026-04-28T04:45:52.468203Z"",""no_price_dollars"":""0.4300"",""taker_side"":""yes"",""ticker"":""KXETH15M-26APR280100-00"",""trade_id"":""7826b5ba-9fda-684f-00f3-296d72bdcd8f"",""yes_price_dollars"":""0.5700""}"
KXETH15M-26APR280100-00,30546053-41c9-405e-2e22-bb682695de1a,1777351560,0.51,1.0,no,"{""count_fp"":""1.00"",""created_time"":""2026-04-28T04:46:00.688743Z"",""no_price_dollars"":""0.4900"",""taker_side"":""no"",""ticker"":""KXETH15M-26APR280100-00"",""trade_id"":""30546053-41c9-405e-2e22-bb682695de1a"",""yes_price_dollars"":""0.5100""}"
KXETH15M-26APR280100-00,5a22f784-c96b-53ff-757f-7e4ec62f05d6,1777351564,0.55,47.59,yes,"{""count_fp"":""47.59"",""created_time"":""2026-04-28T04:46:04.293307Z"",""no_price_dollars"":""0.4500"",""taker_side"":""yes"",""ticker"":""KXETH15M-26APR280100-00"",""trade_id"":""5a22f784-c96b-53ff-757f-7e4ec62f05d6"",""yes_price_dollars"":""0.5500""}"
KXETH15M-26APR280100-00,8e7ff785-6daa-5e43-3e0e-02f7dc089de9,1777351573,0.56,5.0,yes,"{""count_fp"":""5.00"",""created_time"":""2026-04-28T04:46:13.878994Z"",""no_price_dollars"":""0.4400"",""taker_side"":""yes"",""ticker"":""KXETH15M-26APR280100-00"",""trade_id"":""8e7ff785-6daa-5e43-3e0e-02f7dc089de9"",""yes_price_dollars"":""0.5600""}"
KXETH15M-26APR280100-00,b0271bc5-cc9d-453a-468b-495b6234f271,1777351574,0.55,9.55,no,"{""count_fp"":""9.55"",""created_time"":""2026-04-28T04:46:14.436104Z"",""no_price_dollars"":""0.4500"",""taker_side"":""no"",""ticker"":""KXETH15M-26APR280100-00"",""trade_id"":""b0271bc5-cc9d-453a-468b-495b6234f271"",""yes_price_dollars"":""0.5500""}"
KXETH15M-26APR280100-00,c48dd879-8b5f-5b9f-8b46-4cf37050d167,1777351577,0.54,10.0,no,"{""count_fp"":""10.00"",""created_time"":""2026-04-28T04:46:17.284465Z"",""no_price_dollars"":""0.4600"",""taker_side"":""no"",""ticker"":""KXETH15M-26APR280100-00"",""trade_id"":""c48dd879-8b5f-5b9f-8b46-4cf37050d167"",""yes_price_dollars"":""0.5400""}"
KXETH15M-26APR280100-00,99b5d46a-7bf2-5503-8a44-34988721d16e,1777351577,0.54,30.0,no,"{""count_fp"":""30.00"",""created_time"":""2026-04-28T04:46:17.284465Z"",""no_price_dollars"":""0.4600"",""taker_side"":""no"",""ticker"":""KXETH15M-26APR280100-00"",""trade_id"":""99b5d46a-7bf2-5503-8a44-34988721d16e"",""yes_price_dollars"":""0.5400""}"
KXETH15M-26APR280100-00,bd27a644-14be-7adb-33c4-128f9a5d3a92,1777351578,0.53,1.05,no,"{""count_fp"":""1.05"",""created_time"":""2026-04-28T04:46:18.686762Z"",""no_price_dollars"":""0.4700"",""taker_side"":""no"",""ticker"":""KXETH15M-26APR280100-00"",""trade_id"":""bd27a644-14be-7adb-33c4-128f9a5d3a92"",""yes_price_dollars"":""0.5300""}"
KXETH15M-26APR280100-00,b78d2b47-d33a-7996-1a64-65eb7589afb7,1777351578,0.53,1.0,no,"{""count_fp"":""1.00"",""created_time"":""2026-04-28T04:46:18.686762Z"",""no_price_dollars"":""0.4700"",""taker_side"":""no"",""ticker"":""KXETH15M-26APR280100-00"",""trade_id"":""b78d2b47-d33a-7996-1a64-65eb7589afb7"",""yes_price_dollars"":""0.5300""}"
KXETH15M-26APR280100-00,702d0387-d4fb-43bd-0060-7304c9f078f7,1777351583,0.54,2.0,no,"{""count_fp"":""2.00"",""created_time"":""2026-04-28T04:46:23.752047Z"",""no_price_dollars"":""0.4600"",""taker_side"":""no"",""ticker"":""KXETH15M-26APR280100-00"",""trade_id"":""702d0387-d4fb-43bd-0060-7304c9f078f7"",""yes_price_dollars"":""0.5400""}"
KXETH15M-26APR280100-00,fc67e6e1-738d-6da1-8a52-f0c437f084d8,1777351584,0.57,10.0,yes,"{""count_fp"":""10.00"",""created_time"":""2026-04-28T04:46:24.717041Z"",""no_price_dollars"":""0.4300"",""taker_side"":""yes"",""ticker"":""KXETH15M-26APR280100-00"",""trade_id"":""fc67e6e1-738d-6da1-8a52-f0c437f084d8"",""yes_price_dollars"":""0.5700""}"
KXETH15M-26APR280100-00,bf69148f-bfe4-6601-bec4-11ffa7007dc1,1777351584,0.57,10.0,yes,"{""count_fp"":""10.00"",""created_time"":""2026-04-28T04:46:24.717041Z"",""no_price_dollars"":""0.4300"",""taker_side"":""yes"",""ticker"":""KXETH15M-26APR280100-00"",""trade_id"":""bf69148f-bfe4-6601-bec4-11ffa7007dc1"",""yes_price_dollars"":""0.5700""}"
KXETH15M-26APR280100-00,71b5a899-c291-6b68-a7a9-fbf7185f979c,1777351584,0.57,1.0,yes,"{""count_fp"":""1.00"",""created_time"":""2026-04-28T04:46:24.717041Z"",""no_price_dollars"":""0.4300"",""taker_side"":""yes"",""ticker"":""KXETH15M-26APR280100-00"",""trade_id"":""71b5a899-c291-6b68-a7a9-fbf7185f979c"",""yes_price_dollars"":""0.5700""}"
KXETH15M-26APR280100-00,20d812cb-4173-6b5f-bdde-34446a82eda9,1777351584,0.55,5.0,yes,"{""count_fp"":""5.00"",""created_time"":""2026-04-28T04:46:24.717041Z"",""no_price_dollars"":""0.4500"",""taker_side"":""yes"",""ticker"":""KXETH15M-26APR280100-00"",""trade_id"":""20d812cb-4173-6b5f-bdde-34446a82eda9"",""yes_price_dollars"":""0.5500""}"
KXETH15M-26APR280100-00,c3b778f5-dbd3-4b8c-90f2-697ef03fca6c,1777351585,0.56,10.0,no,"{""count_fp"":""10.00"",""created_time"":""2026-04-28T04:46:25.894693Z"",""no_price_dollars"":""0.4400"",""taker_side"":""no"",""ticker"":""KXETH15M-26APR280100-00"",""trade_id"":""c3b778f5-dbd3-4b8c-90f2-697ef03fca6c"",""yes_price_dollars"":""0.5600""}"
KXETH15M-26APR280100-00,74b081af-3ad2-4737-b30f-b73832292cf2,1777351585,0.56,100.0,no,"{""count_fp"":""100.00"",""created_time"":""2026-04-28T04:46:25.894693Z"",""no_price_dollars"":""0.4400"",""taker_side"":""no"",""ticker"":""KXETH15M-26APR280100-00"",""trade_id"":""74b081af-3ad2-4737-b30f-b73832292cf2"",""yes_price_dollars"":""0.5600""}"
KXETH15M-26APR280100-00,14340097-7b3e-78e0-aff9-2c07e52b7bb6,1777351585,0.57,1.0,yes,"{""count_fp"":""1.00"",""created_time"":""2026-04-28T04:46:25.239869Z"",""no_price_dollars"":""0.4300"",""taker_side"":""yes"",""ticker"":""KXETH15M-26APR280100-00"",""trade_id"":""14340097-7b3e-78e0-aff9-2c07e52b7bb6"",""yes_price_dollars"":""0.5700""}"
KXETH15M-26APR280100-00,6edd15d6-41a4-66f1-d79b-4778c98b8b4b,1777351587,0.53,0.38,no,"{""count_fp"":""0.38"",""created_time"":""2026-04-28T04:46:27.007603Z"",""no_price_dollars"":""0.4700"",""taker_side"":""no"",""ticker"":""KXETH15M-26APR280100-00"",""trade_id"":""6edd15d6-41a4-66f1-d79b-4778c98b8b4b"",""yes_price_dollars"":""0.5300""}"
KXETH15M-26APR280100-00,2371c290-510f-644f-8cac-2876d7890e76,1777351591,0.57,255.46,yes,"{""count_fp"":""255.46"",""created_time"":""2026-04-28T04:46:31.481052Z"",""no_price_dollars"":""0.4300"",""taker_side"":""yes"",""ticker"":""KXETH15M-26APR280100-00"",""trade_id"":""2371c290-510f-644f-8cac-2876d7890e76"",""yes_price_dollars"":""0.5700""}"
KXETH15M-26APR280100-00,b5e77e76-327f-46cf-085a-551f190bcdf8,1777351594,0.54,4.18,no,"{""count_fp"":""4.18"",""created_time"":""2026-04-28T04:46:34.343058Z"",""no_price_dollars"":""0.4600"",""taker_side"":""no"",""ticker"":""KXETH15M-26APR280100-00"",""trade_id"":""b5e77e76-327f-46cf-085a-551f190bcdf8"",""yes_price_dollars"":""0.5400""}"
KXETH15M-26APR280100-00,cc8b4273-f5ec-4b4c-d773-e86510a2e304,1777351600,0.59,1.0,yes,"{""count_fp"":""1.00"",""created_time"":""2026-04-28T04:46:40.124143Z"",""no_price_dollars"":""0.4100"",""taker_side"":""yes"",""ticker"":""KXETH15M-26APR280100-00"",""trade_id"":""cc8b4273-f5ec-4b4c-d773-e86510a2e304"",""yes_price_dollars"":""0.5900""}"
KXETH15M-26APR280100-00,f413ef97-df90-4666-afd1-8aed0db56e73,1777351601,0.59,7.7,yes,"{""count_fp"":""7.70"",""created_time"":""2026-04-28T04:46:41.975764Z"",""no_price_dollars"":""0.4100"",""taker_side"":""yes"",""ticker"":""KXETH15M-26APR280100-00"",""trade_id"":""f413ef97-df90-4666-afd1-8aed0db56e73"",""yes_price_dollars"":""0.5900""}"
KXETH15M-26APR280100-00,d73ad820-2684-4f50-8f6c-cd064fd43d22,1777351601,0.59,10.0,yes,"{""count_fp"":""10.00"",""created_time"":""2026-04-28T04:46:41.975764Z"",""no_price_dollars"":""0.4100"",""taker_side"":""yes"",""ticker"":""KXETH15M-26APR280100-00"",""trade_id"":""d73ad820-2684-4f50-8f6c-cd064fd43d22"",""yes_price_dollars"":""0.5900""}"
KXETH15M-26APR280100-00,220328c4-6d16-43aa-8680-b1e3535536a6,1777351601,0.6,22.13,yes,"{""count_fp"":""22.13"",""created_time"":""2026-04-28T04:46:41.975764Z"",""no_price_dollars"":""0.4000"",""taker_side"":""yes"",""ticker"":""KXETH15M-26APR280100-00"",""trade_id"":""220328c4-6d16-43aa-8680-b1e3535536a6"",""yes_price_dollars"":""0.6000""}"
KXETH15M-26APR280100-00,21ebfeea-45c8-443a-b441-73ac83fb31e6,1777351601,0.59,1.0,yes,"{""count_fp"":""1.00"",""created_time"":""2026-04-28T04:46:41.975764Z"",""no_price_dollars"":""0.4100"",""taker_side"":""yes"",""ticker"":""KXETH15M-26APR280100-00"",""trade_id"":""21ebfeea-45c8-443a-b441-73ac83fb31e6"",""yes_price_dollars"":""0.5900""}"
KXETH15M-26APR280100-00,f3da3558-8e3b-6edb-7507-2a82b0582e26,1777351603,0.6,68.73,yes,"{""count_fp"":""68.73"",""created_time"":""2026-04-28T04:46:43.202979Z"",""no_price_dollars"":""0.4000"",""taker_side"":""yes"",""ticker"":""KXETH15M-26APR280100-00"",""trade_id"":""f3da3558-8e3b-6edb-7507-2a82b0582e26"",""yes_price_dollars"":""0.6000""}"
KXETH15M-26APR280100-00,9f4a0262-e2a4-61d0-63da-0d6274ed5247,1777351603,0.59,10.0,yes,"{""count_fp"":""10.00"",""created_time"":""2026-04-28T04:46:43.202979Z"",""no_price_dollars"":""0.4100"",""taker_side"":""yes"",""ticker"":""KXETH15M-26APR280100-00"",""trade_id"":""9f4a0262-e2a4-61d0-63da-0d6274ed5247"",""yes_price_dollars"":""0.5900""}"
KXETH15M-26APR280100-00,4f190019-9221-65fe-4e23-10108204027d,1777351603,0.59,1.0,yes,"{""count_fp"":""1.00"",""created_time"":""2026-04-28T04:46:43.202979Z"",""no_price_dollars"":""0.4100"",""taker_side"":""yes"",""ticker"":""KXETH15M-26APR280100-00"",""trade_id"":""4f190019-9221-65fe-4e23-10108204027d"",""yes_price_dollars"":""0.5900""}"
KXETH15M-26APR280100-00,d3a99870-501c-53f3-d93a-1b05001b9c73,1777351606,0.58,1.0,yes,"{""count_fp"":""1.00"",""created_time"":""2026-04-28T04:46:46.816028Z"",""no_price_dollars"":""0.4200"",""taker_side"":""yes"",""ticker"":""KXETH15M-26APR280100-00"",""trade_id"":""d3a99870-501c-53f3-d93a-1b05001b9c73"",""yes_price_dollars"":""0.5800""}"
KXETH15M-26APR280100-00,36d7e949-816f-49d0-0c8d-975686e35203,1777351608,0.56,3.28,no,"{""count_fp"":""3.28"",""created_time"":""2026-04-28T04:46:48.201415Z"",""no_price_dollars"":""0.4400"",""taker_side"":""no"",""ticker"":""KXETH15M-26APR280100-00"",""trade_id"":""36d7e949-816f-49d0-0c8d-975686e35203"",""yes_price_dollars"":""0.5600""}"
KXETH15M-26APR280100-00,cc2e486c-67d2-413b-96e2-3c41802b048d,1777351611,0.59,10.0,yes,"{""count_fp"":""10.00"",""created_time"":""2026-04-28T04:46:51.024552Z"",""no_price_dollars"":""0.4100"",""taker_side"":""yes"",""ticker"":""KXETH15M-26APR280100-00"",""trade_id"":""cc2e486c-67d2-413b-96e2-3c41802b048d"",""yes_price_dollars"":""0.5900""}"
KXETH15M-26APR280100-00,872a0fef-0755-440a-834c-a6e0dd330409,1777351611,0.58,1.0,yes,"{""count_fp"":""1.00"",""created_time"":""2026-04-28T04:46:51.024552Z"",""no_price_dollars"":""0.4200"",""taker_side"":""yes"",""ticker"":""KXETH15M-26APR280100-00"",""trade_id"":""872a0fef-0755-440a-834c-a6e0dd330409"",""yes_price_dollars"":""0.5800""}"
KXETH15M-26APR280100-00,04137be4-9b77-4a47-b9c4-3408a9cb3b2a,1777351611,0.6,67.28,yes,"{""count_fp"":""67.28"",""created_time"":""2026-04-28T04:46:51.024552Z"",""no_price_dollars"":""0.4000"",""taker_side"":""yes"",""ticker"":""KXETH15M-26APR280100-00"",""trade_id"":""04137be4-9b77-4a47-b9c4-3408a9cb3b2a"",""yes_price_dollars"":""0.6000""}"
KXETH15M-26APR280100-00,284a4748-13c1-73fb-5e7d-589440a38e0f,1777351622,0.61,3.0,yes,"{""count_fp"":""3.00"",""created_time"":""2026-04-28T04:47:02.923388Z"",""no_price_dollars"":""0.3900"",""taker_side"":""yes"",""ticker"":""KXETH15M-26APR280100-00"",""trade_id"":""284a4748-13c1-73fb-5e7d-589440a38e0f"",""yes_price_dollars"":""0.6100""}"
KXETH15M-26APR280100-00,b27475fe-c03e-4d40-6d7c-789414114fd7,1777351622,0.59,1.0,no,"{""count_fp"":""1.00"",""created_time"":""2026-04-28T04:47:02.017237Z"",""no_price_dollars"":""0.4100"",""taker_side"":""no"",""ticker"":""KXETH15M-26APR280100-00"",""trade_id"":""b27475fe-c03e-4d40-6d7c-789414114fd7"",""yes_price_dollars"":""0.5900""}"
KXETH15M-26APR280100-00,b9b04b64-dfbd-755b-0684-b7fccdc18ed7,1777351624,0.61,1.0,yes,"{""count_fp"":""1.00"",""created_time"":""2026-04-28T04:47:04.017351Z"",""no_price_dollars"":""0.3900"",""taker_side"":""yes"",""ticker"":""KXETH15M-26APR280100-00"",""trade_id"":""b9b04b64-dfbd-755b-0684-b7fccdc18ed7"",""yes_price_dollars"":""0.6100""}"
KXETH15M-26APR280100-00,b00ea5fb-067f-66c8-f19a-ae6760e46ccf,1777351627,0.6,39.0,no,"{""count_fp"":""39.00"",""created_time"":""2026-04-28T04:47:07.242059Z"",""no_price_dollars"":""0.4000"",""taker_side"":""no"",""ticker"":""KXETH15M-26APR280100-00"",""trade_id"":""b00ea5fb-067f-66c8-f19a-ae6760e46ccf"",""yes_price_dollars"":""0.6000""}"
KXETH15M-26APR280100-00,af0c696a-5a85-6863-dbfd-57ae699447a4,1777351627,0.6,1.0,no,"{""count_fp"":""1.00"",""created_time"":""2026-04-28T04:47:07.242059Z"",""no_price_dollars"":""0.4000"",""taker_side"":""no"",""ticker"":""KXETH15M-26APR280100-00"",""trade_id"":""af0c696a-5a85-6863-dbfd-57ae699447a4"",""yes_price_dollars"":""0.6000""}"
KXETH15M-26APR280100-00,6e61d263-cbfe-475b-c47a-55d05e9b8cda,1777351629,0.61,8.1,yes,"{""count_fp"":""8.10"",""created_time"":""2026-04-28T04:47:09.345643Z"",""no_price_dollars"":""0.3900"",""taker_side"":""yes"",""ticker"":""KXETH15M-26APR280100-00"",""trade_id"":""6e61d263-cbfe-475b-c47a-55d05e9b8cda"",""yes_price_dollars"":""0.6100""}"
KXETH15M-26APR280100-00,5baf0718-2f31-463c-dd73-3766ef32b278,1777351629,0.62,10.0,yes,"{""count_fp"":""10.00"",""created_time"":""2026-04-28T04:47:09.345643Z"",""no_price_dollars"":""0.3800"",""taker_side"":""yes"",""ticker"":""KXETH15M-26APR280100-00"",""trade_id"":""5baf0718-2f31-463c-dd73-3766ef32b278"",""yes_price_dollars"":""0.6200""}"
KXETH15M-26APR280100-00,15028248-0bdf-4938-c561-bad21bf05b35,1777351629,0.62,0.9,yes,"{""count_fp"":""0.90"",""created_time"":""2026-04-28T04:47:09.345643Z"",""no_price_dollars"":""0.3800"",""taker_side"":""yes"",""ticker"":""KXETH15M-26APR280100-00"",""trade_id"":""15028248-0bdf-4938-c561-bad21bf05b35"",""yes_price_dollars"":""0.6200""}"
KXETH15M-26APR280100-00,0b8d592c-de59-4e93-d20b-399742af318b,1777351629,0.61,1.0,yes,"{""count_fp"":""1.00"",""created_time"":""2026-04-28T04:47:09.345643Z"",""no_price_dollars"":""0.3900"",""taker_side"":""yes"",""ticker"":""KXETH15M-26APR280100-00"",""trade_id"":""0b8d592c-de59-4e93-d20b-399742af318b"",""yes_price_dollars"":""0.6100""}"
KXETH15M-26APR280100-00,740d73e9-e25f-7f3f-4fb5-6acaa6c2f93a,1777351634,0.64,4.0,yes,"{""count_fp"":""4.00"",""created_time"":""2026-04-28T04:47:14.872316Z"",""no_price_dollars"":""0.3600"",""taker_side"":""yes"",""ticker"":""KXETH15M-26APR280100-00"",""trade_id"":""740d73e9-e25f-7f3f-4fb5-6acaa6c2f93a"",""yes_price_dollars"":""0.6400""}"
KXETH15M-26APR280100-00,cc409000-481b-7fef-6ef6-918c0e2b496a,1777351635,0.64,32.0,yes,"{""count_fp"":""32.00"",""created_time"":""2026-04-28T04:47:15.917431Z"",""no_price_dollars"":""0.3600"",""taker_side"":""yes"",""ticker"":""KXETH15M-26APR280100-00"",""trade_id"":""cc409000-481b-7fef-6ef6-918c0e2b496a"",""yes_price_dollars"":""0.6400""}"
KXETH15M-26APR280100-00,6b5d6c89-5e9b-5c3f-b993-a335e7e1fc1a,1777351636,0.64,1.0,yes,"{""count_fp"":""1.00"",""created_time"":""2026-04-28T04:47:16.167234Z"",""no_price_dollars"":""0.3600"",""taker_side"":""yes"",""ticker"":""KXETH15M-26APR280100-00"",""trade_id"":""6b5d6c89-5e9b-5c3f-b993-a335e7e1fc1a"",""yes_price_dollars"":""0.6400""}"
KXETH15M-26APR280100-00,06e70362-55eb-68d7-a47b-97c4fd1a6eca,1777351639,0.64,3.04,yes,"{""count_fp"":""3.04"",""created_time"":""2026-04-28T04:47:19.287179Z"",""no_price_dollars"":""0.3600"",""taker_side"":""yes"",""ticker"":""KXETH15M-26APR280100-00"",""trade_id"":""06e70362-55eb-68d7-a47b-97c4fd1a6eca"",""yes_price_dollars"":""0.6400""}"
KXETH15M-26APR280100-00,fab05dfe-ca0f-62b3-af0e-c806e52c138a,1777351640,0.64,3.04,yes,"{""count_fp"":""3.04"",""created_time"":""2026-04-28T04:47:20.186621Z"",""no_price_dollars"":""0.3600"",""taker_side"":""yes"",""ticker"":""KXETH15M-26APR280100-00"",""trade_id"":""fab05dfe-ca0f-62b3-af0e-c806e52c138a"",""yes_price_dollars"":""0.6400""}"
KXETH15M-26APR280100-00,78000ecc-9037-6197-c9c2-e5bc115f181a,1777351641,0.64,9.66,yes,"{""count_fp"":""9.66"",""created_time"":""2026-04-28T04:47:21.325369Z"",""no_price_dollars"":""0.3600"",""taker_side"":""yes"",""ticker"":""KXETH15M-26APR280100-00"",""trade_id"":""78000ecc-9037-6197-c9c2-e5bc115f181a"",""yes_price_dollars"":""0.6400""}"
KXETH15M-26APR280100-00,9c2db535-c1f3-6127-3747-94a7089eadde,1777351642,0.64,14.0,yes,"{""count_fp"":""14.00"",""created_time"":""2026-04-28T04:47:22.139843Z"",""no_price_dollars"":""0.3600"",""taker_side"":""yes"",""ticker"":""KXETH15M-26APR280100-00"",""trade_id"":""9c2db535-c1f3-6127-3747-94a7089eadde"",""yes_price_dollars"":""0.6400""}"
KXETH15M-26APR280100-00,881e3a90-589b-4cdb-bf48-59371d201ffe,1777351642,0.64,15.24,yes,"{""count_fp"":""15.24"",""created_time"":""2026-04-28T04:47:22.000889Z"",""no_price_dollars"":""0.3600"",""taker_side"":""yes"",""ticker"":""KXETH15M-26APR280100-00"",""trade_id"":""881e3a90-589b-4cdb-bf48-59371d201ffe"",""yes_price_dollars"":""0.6400""}"
KXETH15M-26APR280100-00,3681e507-486b-63ab-2630-40043ac04ae6,1777351643,0.64,10.0,yes,"{""count_fp"":""10.00"",""created_time"":""2026-04-28T04:47:23.832643Z"",""no_price_dollars"":""0.3600"",""taker_side"":""yes"",""ticker"":""KXETH15M-26APR280100-00"",""trade_id"":""3681e507-486b-63ab-2630-40043ac04ae6"",""yes_price_dollars"":""0.6400""}"
KXETH15M-26APR280100-00,6374f8f0-a78f-737b-02cb-12ab7ed37f0e,1777351644,0.64,38.1,yes,"{""count_fp"":""38.10"",""created_time"":""2026-04-28T04:47:24.010446Z"",""no_price_dollars"":""0.3600"",""taker_side"":""yes"",""ticker"":""KXETH15M-26APR280100-00"",""trade_id"":""6374f8f0-a78f-737b-02cb-12ab7ed37f0e"",""yes_price_dollars"":""0.6400""}"
KXETH15M-26APR280100-00,dcfdcc8c-3e8f-755b-a0fb-d87857df0326,1777351645,0.64,38.1,yes,"{""count_fp"":""38.10"",""created_time"":""2026-04-28T04:47:25.371934Z"",""no_price_dollars"":""0.3600"",""taker_side"":""yes"",""ticker"":""KXETH15M-26APR280100-00"",""trade_id"":""dcfdcc8c-3e8f-755b-a0fb-d87857df0326"",""yes_price_dollars"":""0.6400""}"
KXETH15M-26APR280100-00,ab2fb7a7-de8f-5857-abca-5cae3d975b3e,1777351646,0.64,15.0,yes,"{""count_fp"":""15.00"",""created_time"":""2026-04-28T04:47:26.092181Z"",""no_price_dollars"":""0.3600"",""taker_side"":""yes"",""ticker"":""KXETH15M-26APR280100-00"",""trade_id"":""ab2fb7a7-de8f-5857-abca-5cae3d975b3e"",""yes_price_dollars"":""0.6400""}"
KXETH15M-26APR280100-00,5766d815-ce03-78ef-c2c4-2ced51c7a176,1777351647,0.64,30.48,yes,"{""count_fp"":""30.48"",""created_time"":""2026-04-28T04:47:27.499322Z"",""no_price_dollars"":""0.3600"",""taker_side"":""yes"",""ticker"":""KXETH15M-26APR280100-00"",""trade_id"":""5766d815-ce03-78ef-c2c4-2ced51c7a176"",""yes_price_dollars"":""0.6400""}"
KXETH15M-26APR280100-00,0c48caf4-473b-5c03-8eaa-e085586e0326,1777351648,0.64,1.0,yes,"{""count_fp"":""1.00"",""created_time"":""2026-04-28T04:47:28.817209Z"",""no_price_dollars"":""0.3600"",""taker_side"":""yes"",""ticker"":""KXETH15M-26APR280100-00"",""trade_id"":""0c48caf4-473b-5c03-8eaa-e085586e0326"",""yes_price_dollars"":""0.6400""}"
KXETH15M-26APR280100-00,0ea8676e-9b6f-4e5f-8876-39d7057c11b2,1777351648,0.64,10.06,yes,"{""count_fp"":""10.06"",""created_time"":""2026-04-28T04:47:28.147249Z"",""no_price_dollars"":""0.3600"",""taker_side"":""yes"",""ticker"":""KXETH15M-26APR280100-00"",""trade_id"":""0ea8676e-9b6f-4e5f-8876-39d7057c11b2"",""yes_price_dollars"":""0.6400""}"
KXETH15M-26APR280100-00,c9139be2-592f-7fcb-7fcd-062bb693adbe,1777351650,0.64,17.0,yes,"{""count_fp"":""17.00"",""created_time"":""2026-04-28T04:47:30.099164Z"",""no_price_dollars"":""0.3600"",""taker_side"":""yes"",""ticker"":""KXETH15M-26APR280100-00"",""trade_id"":""c9139be2-592f-7fcb-7fcd-062bb693adbe"",""yes_price_dollars"":""0.6400""}"
KXETH15M-26APR280100-00,8aba9b3d-a076-5e07-f827-3c97318c38a0,1777351652,0.63,1.94,no,"{""count_fp"":""1.94"",""created_time"":""2026-04-28T04:47:32.795627Z"",""no_price_dollars"":""0.3700"",""taker_side"":""no"",""ticker"":""KXETH15M-26APR280100-00"",""trade_id"":""8aba9b3d-a076-5e07-f827-3c97318c38a0"",""yes_price_dollars"":""0.6300""}"
KXETH15M-26APR280100-00,352b857a-5136-5f6c-fdd2-0ceafee6caf7,1777351652,0.63,10.0,no,"{""count_fp"":""10.00"",""created_time"":""2026-04-28T04:47:32.795627Z"",""no_price_dollars"":""0.3700"",""taker_side"":""no"",""ticker"":""KXETH15M-26APR280100-00"",""trade_id"":""352b857a-5136-5f6c-fdd2-0ceafee6caf7"",""yes_price_dollars"":""0.6300""}"
KXETH15M-26APR280100-00,1c75d9fa-9fc3-5bb8-e66c-3ae055489a0a,1777351652,0.63,1.0,no,"{""count_fp"":""1.00"",""created_time"":""2026-04-28T04:47:32.795627Z"",""no_price_dollars"":""0.3700"",""taker_side"":""no"",""ticker"":""KXETH15M-26APR280100-00"",""trade_id"":""1c75d9fa-9fc3-5bb8-e66c-3ae055489a0a"",""yes_price_dollars"":""0.6300""}"
KXETH15M-26APR280100-00,0765a216-a7c3-5c7f-f6fb-1ca91a2f43d6,1777351653,0.64,22.86,yes,"{""count_fp"":""22.86"",""created_time"":""2026-04-28T04:47:33.221287Z"",""no_price_dollars"":""0.3600"",""taker_side"":""yes"",""ticker"":""KXETH15M-26APR280100-00"",""trade_id"":""0765a216-a7c3-5c7f-f6fb-1ca91a2f43d6"",""yes_price_dollars"":""0.6400""}"
KXETH15M-26APR280100-00,1a060bd8-48d3-449b-577f-9a8439f636ca,1777351654,0.64,7.26,yes,"{""count_fp"":""7.26"",""created_time"":""2026-04-28T04:47:34.558733Z"",""no_price_dollars"":""0.3600"",""taker_side"":""yes"",""ticker"":""KXETH15M-26APR280100-00"",""trade_id"":""1a060bd8-48d3-449b-577f-9a8439f636ca"",""yes_price_dollars"":""0.6400""}"
KXETH15M-26APR280100-00,99008871-869e-42c8-5c94-e16515a5c57c,1777351656,0.68,220.39,yes,"{""count_fp"":""220.39"",""created_time"":""2026-04-28T04:47:36.008239Z"",""no_price_dollars"":""0.3200"",""taker_side"":""yes"",""ticker"":""KXETH15M-26APR280100-00"",""trade_id"":""99008871-869e-42c8-5c94-e16515a5c57c"",""yes_price_dollars"":""0.6800""}"
KXETH15M-26APR280100-00,81c4d5ad-0a17-45a7-6051-b56d6bfcf920,1777351656,0.68,10.0,yes,"{""count_fp"":""10.00"",""created_time"":""2026-04-28T04:47:36.008239Z"",""no_price_dollars"":""0.3200"",""taker_side"":""yes"",""ticker"":""KXETH15M-26APR280100-00"",""trade_id"":""81c4d5ad-0a17-45a7-6051-b56d6bfcf920"",""yes_price_dollars"":""0.6800""}"
KXETH15M-26APR280100-00,64b387bb-6967-46ed-57c5-5437eca5a6ab,1777351656,0.66,1.0,yes,"{""count_fp"":""1.00"",""created_time"":""2026-04-28T04:47:36.008239Z"",""no_price_dollars"":""0.3400"",""taker_side"":""yes"",""ticker"":""KXETH15M-26APR280100-00"",""trade_id"":""64b387bb-6967-46ed-57c5-5437eca5a6ab"",""yes_price_dollars"":""0.6600""}"
KXETH15M-26APR280100-00,5cc5b079-af1f-427b-5ffc-45ee74d878be,1777351656,0.64,263.39,yes,"{""count_fp"":""263.39"",""created_time"":""2026-04-28T04:47:36.008239Z"",""no_price_dollars"":""0.3600"",""taker_side"":""yes"",""ticker"":""KXETH15M-26APR280100-00"",""trade_id"":""5cc5b079-af1f-427b-5ffc-45ee74d878be"",""yes_price_dollars"":""0.6400""}"
KXETH15M-26APR280100-00,05fcd82e-9d73-465c-6f19-1dd49ceed6ec,1777351656,0.65,245.1,yes,"{""count_fp"":""245.10"",""created_time"":""2026-04-28T04:47:36.008239Z"",""no_price_dollars"":""0.3500"",""taker_side"":""yes"",""ticker"":""KXETH15M-26APR280100-00"",""trade_id"":""05fcd82e-9d73-465c-6f19-1dd49ceed6ec"",""yes_price_dollars"":""0.6500""}"
KXETH15M-26APR280100-00,46c28ed0-40d1-4d11-106c-dc6be9faada5,1777351657,0.67,26.35,yes,"{""count_fp"":""26.35"",""created_time"":""2026-04-28T04:47:37.440275Z"",""no_price_dollars"":""0.3300"",""taker_side"":""yes"",""ticker"":""KXETH15M-26APR280100-00"",""trade_id"":""46c28ed0-40d1-4d11-106c-dc6be9faada5"",""yes_price_dollars"":""0.6700""}"
KXETH15M-26APR280100-00,22880a9b-9ce4-4aa2-0c8d-220f1e8be883,1777351657,0.66,1.0,yes,"{""count_fp"":""1.00"",""created_time"":""2026-04-28T04:47:37.440275Z"",""no_price_dollars"":""0.3400"",""taker_side"":""yes"",""ticker"":""KXETH15M-26APR280100-00"",""trade_id"":""22880a9b-9ce4-4aa2-0c8d-220f1e8be883"",""yes_price_dollars"":""0.6600""}"
KXETH15M-26APR280100-00,2c176ff8-2bfc-6612-7b90-57cc2a505646,1777351659,0.68,0.46,yes,"{""count_fp"":""0.46"",""created_time"":""2026-04-28T04:47:39.189465Z"",""no_price_dollars"":""0.3200"",""taker_side"":""yes"",""ticker"":""KXETH15M-26APR280100-00"",""trade_id"":""2c176ff8-2bfc-6612-7b90-57cc2a505646"",""yes_price_dollars"":""0.6800""}"
KXETH15M-26APR280100-00,1adb2550-4a1e-63ad-749f-0674142f10bb,1777351659,0.66,1.0,yes,"{""count_fp"":""1.00"",""created_time"":""2026-04-28T04:47:39.189465Z"",""no_price_dollars"":""0.3400"",""taker_side"":""yes"",""ticker"":""KXETH15M-26APR280100-00"",""trade_id"":""1adb2550-4a1e-63ad-749f-0674142f10bb"",""yes_price_dollars"":""0.6600""}"
KXETH15M-26APR280100-00,f844da10-cbc4-421f-6573-e74c41fecf7a,1777351665,0.68,1.0,yes,"{""count_fp"":""1.00"",""created_time"":""2026-04-28T04:47:45.164029Z"",""no_price_dollars"":""0.3200"",""taker_side"":""yes"",""ticker"":""KXETH15M-26APR280100-00"",""trade_id"":""f844da10-cbc4-421f-6573-e74c41fecf7a"",""yes_price_dollars"":""0.6800""}"
KXETH15M-26APR280100-00,92b23a78-f333-4b76-74d7-dded5d83ac21,1777351665,0.68,6.19,yes,"{""count_fp"":""6.19"",""created_time"":""2026-04-28T04:47:45.164029Z"",""no_price_dollars"":""0.3200"",""taker_side"":""yes"",""ticker"":""KXETH15M-26APR280100-00"",""trade_id"":""92b23a78-f333-4b76-74d7-dded5d83ac21"",""yes_price_dollars"":""0.6800""}"
KXETH15M-26APR280100-00,48796e34-1f76-5b5a-c177-76076ab51b8e,1777351667,0.7,1.0,yes,"{""count_fp"":""1.00"",""created_time"":""2026-04-28T04:47:47.800265Z"",""no_price_dollars"":""0.3000"",""taker_side"":""yes"",""ticker"":""KXETH15M-26APR280100-00"",""trade_id"":""48796e34-1f76-5b5a-c177-76076ab51b8e"",""yes_price_dollars"":""0.7000""}"
KXETH15M-26APR280100-00,e84ba6c6-35b9-4749-edb8-518a7d942c4d,1777351667,0.69,1.0,yes,"{""count_fp"":""1.00"",""created_time"":""2026-04-28T04:47:47.671971Z"",""no_price_dollars"":""0.3100"",""taker_side"":""yes"",""ticker"":""KXETH15M-26APR280100-00"",""trade_id"":""e84ba6c6-35b9-4749-edb8-518a7d942c4d"",""yes_price_dollars"":""0.6900""}"
KXETH15M-26APR280100-00,f091570e-4d03-5f54-dd56-694ea0abc4d6,1777351667,0.69,1.0,yes,"{""count_fp"":""1.00"",""created_time"":""2026-04-28T04:47:47.375964Z"",""no_price_dollars"":""0.3100"",""taker_side"":""yes"",""ticker"":""KXETH15M-26APR280100-00"",""trade_id"":""f091570e-4d03-5f54-dd56-694ea0abc4d6"",""yes_price_dollars"":""0.6900""}"
KXETH15M-26APR280100-00,7bc3304e-d892-56e6-cded-884feb342ba2,1777351667,0.69,26.99,yes,"{""count_fp"":""26.99"",""created_time"":""2026-04-28T04:47:47.375964Z"",""no_price_dollars"":""0.3100"",""taker_side"":""yes"",""ticker"":""KXETH15M-26APR280100-00"",""trade_id"":""7bc3304e-d892-56e6-cded-884feb342ba2"",""yes_price_dollars"":""0.6900""}"
KXETH15M-26APR280100-00,3aba3f34-e8af-6590-63ae-56e11ddfce33,1777351671,0.71,9.0,no,"{""count_fp"":""9.00"",""created_time"":""2026-04-28T04:47:51.367431Z"",""no_price_dollars"":""0.2900"",""taker_side"":""no"",""ticker"":""KXETH15M-26APR280100-00"",""trade_id"":""3aba3f34-e8af-6590-63ae-56e11ddfce33"",""yes_price_dollars"":""0.7100""}"
KXETH15M-26APR280100-00,2df616a3-a05b-6c10-5121-76e3b3f7fc5e,1777351671,0.71,1.0,no,"{""count_fp"":""1.00"",""created_time"":""2026-04-28T04:47:51.367431Z"",""no_price_dollars"":""0.2900"",""taker_side"":""no"",""ticker"":""KXETH15M-26APR280100-00"",""trade_id"":""2df616a3-a05b-6c10-5121-76e3b3f7fc5e"",""yes_price_dollars"":""0.7100""}"
KXETH15M-26APR280100-00,d26cf9af-35a5-4a9d-80cf-5d5c971b3587,1777351675,0.72,10.0,yes,"{""count_fp"":""10.00"",""created_time"":""2026-04-28T04:47:55.847578Z"",""no_price_dollars"":""0.2800"",""taker_side"":""yes"",""ticker"":""KXETH15M-26APR280100-00"",""trade_id"":""d26cf9af-35a5-4a9d-80cf-5d5c971b3587"",""yes_price_dollars"":""0.7200""}"
KXETH15M-26APR280100-00,bf8be84e-2fa2-4a22-aeeb-b1b69429626a,1777351675,0.72,9.88,yes,"{""count_fp"":""9.88"",""created_time"":""2026-04-28T04:47:55.847578Z"",""no_price_dollars"":""0.2800"",""taker_side"":""yes"",""ticker"":""KXETH15M-26APR280100-00"",""trade_id"":""bf8be84e-2fa2-4a22-aeeb-b1b69429626a"",""yes_price_dollars"":""0.7200""}"
KXETH15M-26APR280100-00,7e4f4613-3b33-4420-95c9-7af0037265dc,1777351675,0.72,1.0,yes,"{""count_fp"":""1.00"",""created_time"":""2026-04-28T04:47:55.847578Z"",""no_price_dollars"":""0.2800"",""taker_side"":""yes"",""ticker"":""KXETH15M-26APR280100-00"",""trade_id"":""7e4f4613-3b33-4420-95c9-7af0037265dc"",""yes_price_dollars"":""0.7200""}"
KXETH15M-26APR280100-00,ded0b54a-5ea4-673b-693f-48817cb7b896,1777351675,0.69,12.26,no,"{""count_fp"":""12.26"",""created_time"":""2026-04-28T04:47:55.165327Z"",""no_price_dollars"":""0.3100"",""taker_side"":""no"",""ticker"":""KXETH15M-26APR280100-00"",""trade_id"":""ded0b54a-5ea4-673b-693f-48817cb7b896"",""yes_price_dollars"":""0.6900""}"
KXETH15M-26APR280100-00,5f91acbd-955b-6a80-75f6-47ff536b68a3,1777351675,0.69,27.74,no,"{""count_fp"":""27.74"",""created_time"":""2026-04-28T04:47:55.165327Z"",""no_price_dollars"":""0.3100"",""taker_side"":""no"",""ticker"":""KXETH15M-26APR280100-00"",""trade_id"":""5f91acbd-955b-6a80-75f6-47ff536b68a3"",""yes_price_dollars"":""0.6900""}"
KXETH15M-26APR280100-00,eec4be48-542b-74d3-57c8-6c660d757643,1777351676,0.73,1.32,yes,"{""count_fp"":""1.32"",""created_time"":""2026-04-28T04:47:56.922989Z"",""no_price_dollars"":""0.2700"",""taker_side"":""yes"",""ticker"":""KXETH15M-26APR280100-00"",""trade_id"":""eec4be48-542b-74d3-57c8-6c660d757643"",""yes_price_dollars"":""0.7300""}"
KXETH15M-26APR280100-00,e7aa0d7f-3fd6-56db-c7bd-c5001176d940,1777351678,0.73,1.34,yes,"{""count_fp"":""1.34"",""created_time"":""2026-04-28T04:47:58.702564Z"",""no_price_dollars"":""0.2700"",""taker_side"":""yes"",""ticker"":""KXETH15M-26APR280100-00"",""trade_id"":""e7aa0d7f-3fd6-56db-c7bd-c5001176d940"",""yes_price_dollars"":""0.7300""}"
KXETH15M-26APR280100-00,de2deaf7-5beb-6dac-ded4-caa5db7ed0d7,1777351679,0.72,10.88,no,"{""count_fp"":""10.88"",""created_time"":""2026-04-28T04:47:59.267676Z"",""no_price_dollars"":""0.2800"",""taker_side"":""no"",""ticker"":""KXETH15M-26APR280100-00"",""trade_id"":""de2deaf7-5beb-6dac-ded4-caa5db7ed0d7"",""yes_price_dollars"":""0.7200""}"
KXETH15M-26APR280100-00,65765ed7-b50f-6ce1-d122-321feee0c219,1777351679,0.72,29.12,no,"{""count_fp"":""29.12"",""created_time"":""2026-04-28T04:47:59.267676Z"",""no_price_dollars"":""0.2800"",""taker_side"":""no"",""ticker"":""KXETH15M-26APR280100-00"",""trade_id"":""65765ed7-b50f-6ce1-d122-321feee0c219"",""yes_price_dollars"":""0.7200""}"
KXETH15M-26APR280100-00,e7eafd97-176e-591b-b93c-d49ea021b500,1777351685,0.73,22.0,yes,"{""count_fp"":""22.00"",""created_time"":""2026-04-28T04:48:05.596767Z"",""no_price_dollars"":""0.2700"",""taker_side"":""yes"",""ticker"":""KXETH15M-26APR280100-00"",""trade_id"":""e7eafd97-176e-591b-b93c-d49ea021b500"",""yes_price_dollars"":""0.7300""}"
KXETH15M-26APR280100-00,5b5d2b83-2232-4690-5f46-2de611092760,1777351694,0.71,1.0,yes,"{""count_fp"":""1.00"",""created_time"":""2026-04-28T04:48:14.370313Z"",""no_price_dollars"":""0.2900"",""taker_side"":""yes"",""ticker"":""KXETH15M-26APR280100-00"",""trade_id"":""5b5d2b83-2232-4690-5f46-2de611092760"",""yes_price_dollars"":""0.7100""}"
KXETH15M-26APR280100-00,34ed0e5e-f0e4-59c9-ac96-173969f7ab52,1777351695,0.7,30.0,no,"{""count_fp"":""30.00"",""created_time"":""2026-04-28T04:48:15.226591Z"",""no_price_dollars"":""0.3000"",""taker_side"":""no"",""ticker"":""KXETH15M-26APR280100-00"",""trade_id"":""34ed0e5e-f0e4-59c9-ac96-173969f7ab52"",""yes_price_dollars"":""0.7000""}"
KXETH15M-26APR280100-00,768d1052-5f09-63c9-36aa-f0aa03f5a291,1777351697,0.7,1.0,yes,"{""count_fp"":""1.00"",""created_time"":""2026-04-28T04:48:17.454677Z"",""no_price_dollars"":""0.3000"",""taker_side"":""yes"",""ticker"":""KXETH15M-26APR280100-00"",""trade_id"":""768d1052-5f09-63c9-36aa-f0aa03f5a291"",""yes_price_dollars"":""0.7000""}"
KXETH15M-26APR280100-00,b2efbe8b-fd65-52a2-a5aa-fad0afa73a19,1777351699,0.68,8.0,no,"{""count_fp"":""8.00"",""created_time"":""2026-04-28T04:48:19.991649Z"",""no_price_dollars"":""0.3200"",""taker_side"":""no"",""ticker"":""KXETH15M-26APR280100-00"",""trade_id"":""b2efbe8b-fd65-52a2-a5aa-fad0afa73a19"",""yes_price_dollars"":""0.6800""}"
KXETH15M-26APR280100-00,058b05d4-9c47-5b25-acff-cb5737478a48,1777351699,0.69,2.0,no,"{""count_fp"":""2.00"",""created_time"":""2026-04-28T04:48:19.991649Z"",""no_price_dollars"":""0.3100"",""taker_side"":""no"",""ticker"":""KXETH15M-26APR280100-00"",""trade_id"":""058b05d4-9c47-5b25-acff-cb5737478a48"",""yes_price_dollars"":""0.6900""}"
KXETH15M-26APR280100-00,86a3e26f-1e42-73d0-d265-3e25485a796e,1777351700,0.7,1.0,yes,"{""count_fp"":""1.00"",""created_time"":""2026-04-28T04:48:20.901189Z"",""no_price_dollars"":""0.3000"",""taker_side"":""yes"",""ticker"":""KXETH15M-26APR280100-00"",""trade_id"":""86a3e26f-1e42-73d0-d265-3e25485a796e"",""yes_price_dollars"":""0.7000""}"
KXETH15M-26APR280100-00,31e91965-4466-5bc4-59fb-7187ecb56b3c,1777351701,0.71,6.85,yes,"{""count_fp"":""6.85"",""created_time"":""2026-04-28T04:48:21.687919Z"",""no_price_dollars"":""0.2900"",""taker_side"":""yes"",""ticker"":""KXETH15M-26APR280100-00"",""trade_id"":""31e91965-4466-5bc4-59fb-7187ecb56b3c"",""yes_price_dollars"":""0.7100""}"
KXETH15M-26APR280100-00,65649dd3-0abb-7081-b434-fcabaeceaeb0,1777351704,0.7,5.0,yes,"{""count_fp"":""5.00"",""created_time"":""2026-04-28T04:48:24.690304Z"",""no_price_dollars"":""0.3000"",""taker_side"":""yes"",""ticker"":""KXETH15M-26APR280100-00"",""trade_id"":""65649dd3-0abb-7081-b434-fcabaeceaeb0"",""yes_price_dollars"":""0.7000""}"
KXETH15M-26APR280100-00,dda980c4-e72b-6648-5049-937e3c446a97,1777351705,0.69,6.26,no,"{""count_fp"":""6.26"",""created_time"":""2026-04-28T04:48:25.792034Z"",""no_price_dollars"":""0.3100"",""taker_side"":""no"",""ticker"":""KXETH15M-26APR280100-00"",""trade_id"":""dda980c4-e72b-6648-5049-937e3c446a97"",""yes_price_dollars"":""0.6900""}"
KXETH15M-26APR280100-00,af0b26bb-d533-6720-5210-32136f651009,1777351705,0.69,1.0,no,"{""count_fp"":""1.00"",""created_time"":""2026-04-28T04:48:25.792034Z"",""no_price_dollars"":""0.3100"",""taker_side"":""no"",""ticker"":""KXETH15M-26APR280100-00"",""trade_id"":""af0b26bb-d533-6720-5210-32136f651009"",""yes_price_dollars"":""0.6900""}"
KXETH15M-26APR280100-00,4f17b468-8bbc-7c61-b02c-c550453052e3,1777351709,0.69,10.0,no,"{""count_fp"":""10.00"",""created_time"":""2026-04-28T04:48:29.954319Z"",""no_price_dollars"":""0.3100"",""taker_side"":""no"",""ticker"":""KXETH15M-26APR280100-00"",""trade_id"":""4f17b468-8bbc-7c61-b02c-c550453052e3"",""yes_price_dollars"":""0.6900""}"
KXETH15M-26APR280100-00,0b636a26-5d27-7341-a811-f7e120aee9a8,1777351709,0.69,5.38,no,"{""count_fp"":""5.38"",""created_time"":""2026-04-28T04:48:29.954319Z"",""no_price_dollars"":""0.3100"",""taker_side"":""no"",""ticker"":""KXETH15M-26APR280100-00"",""trade_id"":""0b636a26-5d27-7341-a811-f7e120aee9a8"",""yes_price_dollars"":""0.6900""}"
KXETH15M-26APR280100-00,8fba66ce-0564-59e2-c74e-ab055aa7efad,1777351721,0.73,1.0,yes,"{""count_fp"":""1.00"",""created_time"":""2026-04-28T04:48:41.619953Z"",""no_price_dollars"":""0.2700"",""taker_side"":""yes"",""ticker"":""KXETH15M-26APR280100-00"",""trade_id"":""8fba66ce-0564-59e2-c74e-ab055aa7efad"",""yes_price_dollars"":""0.7300""}"
KXETH15M-26APR280100-00,dc058c36-c78b-59c6-2a89-450b17940301,1777351724,0.74,1.0,no,"{""count_fp"":""1.00"",""created_time"":""2026-04-28T04:48:44.617752Z"",""no_price_dollars"":""0.2600"",""taker_side"":""no"",""ticker"":""KXETH15M-26APR280100-00"",""trade_id"":""dc058c36-c78b-59c6-2a89-450b17940301"",""yes_price_dollars"":""0.7400""}"
KXETH15M-26APR280100-00,c3370313-b553-531d-0c43-79a9516165b8,1777351724,0.72,14.0,no,"{""count_fp"":""14.00"",""created_time"":""2026-04-28T04:48:44.617752Z"",""no_price_dollars"":""0.2800"",""taker_side"":""no"",""ticker"":""KXETH15M-26APR280100-00"",""trade_id"":""c3370313-b553-531d-0c43-79a9516165b8"",""yes_price_dollars"":""0.7200""}"
KXETH15M-26APR280100-00,e603740f-b65b-47dd-2410-dea8726dfc0c,1777351724,0.72,31.0,no,"{""count_fp"":""31.00"",""created_time"":""2026-04-28T04:48:44.401305Z"",""no_price_dollars"":""0.2800"",""taker_side"":""no"",""ticker"":""KXETH15M-26APR280100-00"",""trade_id"":""e603740f-b65b-47dd-2410-dea8726dfc0c"",""yes_price_dollars"":""0.7200""}"
KXETH15M-26APR280100-00,9e715fd5-b1c3-7005-4d1b-dfd5d4dbcc00,1777351724,0.72,9.0,no,"{""count_fp"":""9.00"",""created_time"":""2026-04-28T04:48:44.394831Z"",""no_price_dollars"":""0.2800"",""taker_side"":""no"",""ticker"":""KXETH15M-26APR280100-00"",""trade_id"":""9e715fd5-b1c3-7005-4d1b-dfd5d4dbcc00"",""yes_price_dollars"":""0.7200""}"
KXETH15M-26APR280100-00,8adcd7fb-5e14-7f8e-57b1-8cc2c93be5b0,1777351724,0.72,1.0,no,"{""count_fp"":""1.00"",""created_time"":""2026-04-28T04:48:44.394831Z"",""no_price_dollars"":""0.2800"",""taker_side"":""no"",""ticker"":""KXETH15M-26APR280100-00"",""trade_id"":""8adcd7fb-5e14-7f8e-57b1-8cc2c93be5b0"",""yes_price_dollars"":""0.7200""}"
KXETH15M-26APR280100-00,742b5b3c-045a-5aee-5530-5d8e1323d837,1777351728,0.77,1.0,yes,"{""count_fp"":""1.00"",""created_time"":""2026-04-28T04:48:48.934261Z"",""no_price_dollars"":""0.2300"",""taker_side"":""yes"",""ticker"":""KXETH15M-26APR280100-00"",""trade_id"":""742b5b3c-045a-5aee-5530-5d8e1323d837"",""yes_price_dollars"":""0.7700""}"
KXETH15M-26APR280100-00,2d3a7558-1fae-65cb-3d0e-fe73dc4570dc,1777351728,0.75,0.66,yes,"{""count_fp"":""0.66"",""created_time"":""2026-04-28T04:48:48.162878Z"",""no_price_dollars"":""0.2500"",""taker_side"":""yes"",""ticker"":""KXETH15M-26APR280100-00"",""trade_id"":""2d3a7558-1fae-65cb-3d0e-fe73dc4570dc"",""yes_price_dollars"":""0.7500""}"
KXETH15M-26APR280100-00,e2515c31-60ea-5ec7-0d19-c62cc9505ae4,1777351728,0.75,36.0,yes,"{""count_fp"":""36.00"",""created_time"":""2026-04-28T04:48:48.154872Z"",""no_price_dollars"":""0.2500"",""taker_side"":""yes"",""ticker"":""KXETH15M-26APR280100-00"",""trade_id"":""e2515c31-60ea-5ec7-0d19-c62cc9505ae4"",""yes_price_dollars"":""0.7500""}"
KXETH15M-26APR280100-00,dde8effc-64a4-555d-1caa-6fb5f9be4928,1777351728,0.75,5.0,yes,"{""count_fp"":""5.00"",""created_time"":""2026-04-28T04:48:48.154872Z"",""no_price_dollars"":""0.2500"",""taker_side"":""yes"",""ticker"":""KXETH15M-26APR280100-00"",""trade_id"":""dde8effc-64a4-555d-1caa-6fb5f9be4928"",""yes_price_dollars"":""0.7500""}"
KXETH15M-26APR280100-00,541471c1-d8a2-4b32-cace-c716df1402d3,1777351730,0.77,38.0,yes,"{""count_fp"":""38.00"",""created_time"":""2026-04-28T04:48:50.957195Z"",""no_price_dollars"":""0.2300"",""taker_side"":""yes"",""ticker"":""KXETH15M-26APR280100-00"",""trade_id"":""541471c1-d8a2-4b32-cace-c716df1402d3"",""yes_price_dollars"":""0.7700""}"
KXETH15M-26APR280100-00,e7437cf0-7876-7894-07d5-224f2ca130dc,1777351733,0.77,11.0,yes,"{""count_fp"":""11.00"",""created_time"":""2026-04-28T04:48:53.471125Z"",""no_price_dollars"":""0.2300"",""taker_side"":""yes"",""ticker"":""KXETH15M-26APR280100-00"",""trade_id"":""e7437cf0-7876-7894-07d5-224f2ca130dc"",""yes_price_dollars"":""0.7700""}"
KXETH15M-26APR280100-00,9a9142a2-c256-77ae-1ddd-6e873d1c0f3d,1777351733,0.77,10.0,yes,"{""count_fp"":""10.00"",""created_time"":""2026-04-28T04:48:53.471125Z"",""no_price_dollars"":""0.2300"",""taker_side"":""yes"",""ticker"":""KXETH15M-26APR280100-00"",""trade_id"":""9a9142a2-c256-77ae-1ddd-6e873d1c0f3d"",""yes_price_dollars"":""0.7700""}"
KXETH15M-26APR280100-00,6371cb55-1dd7-4f39-2f29-eb02be8a30a8,1777351746,0.76,100.0,no,"{""count_fp"":""100.00"",""created_time"":""2026-04-28T04:49:06.937187Z"",""no_price_dollars"":""0.2400"",""taker_side"":""no"",""ticker"":""KXETH15M-26APR280100-00"",""trade_id"":""6371cb55-1dd7-4f39-2f29-eb02be8a30a8"",""yes_price_dollars"":""0.7600""}"
KXETH15M-26APR280100-00,614e6a02-9d9d-5a3b-6898-309d17a99631,1777351746,0.78,1.26,yes,"{""count_fp"":""1.26"",""created_time"":""2026-04-28T04:49:06.017458Z"",""no_price_dollars"":""0.2200"",""taker_side"":""yes"",""ticker"":""KXETH15M-26APR280100-00"",""trade_id"":""614e6a02-9d9d-5a3b-6898-309d17a99631"",""yes_price_dollars"":""0.7800""}"
KXETH15M-26APR280100-00,cc5a2557-acbc-52a5-5c3b-391d7bbff643,1777351747,0.76,2.0,yes,"{""count_fp"":""2.00"",""created_time"":""2026-04-28T04:49:07.839819Z"",""no_price_dollars"":""0.2400"",""taker_side"":""yes"",""ticker"":""KXETH15M-26APR280100-00"",""trade_id"":""cc5a2557-acbc-52a5-5c3b-391d7bbff643"",""yes_price_dollars"":""0.7600""}"
KXETH15M-26APR280100-00,f9eacbc9-988c-6a02-b817-28c7f11d4197,1777351747,0.76,1.0,yes,"{""count_fp"":""1.00"",""created_time"":""2026-04-28T04:49:07.679219Z"",""no_price_dollars"":""0.2400"",""taker_side"":""yes"",""ticker"":""KXETH15M-26APR280100-00"",""trade_id"":""f9eacbc9-988c-6a02-b817-28c7f11d4197"",""yes_price_dollars"":""0.7600""}"
KXETH15M-26APR280100-00,03bb1166-d536-6b5e-9c8b-df4fe2b2ce97,1777351747,0.76,1.0,yes,"{""count_fp"":""1.00"",""created_time"":""2026-04-28T04:49:07.679219Z"",""no_price_dollars"":""0.2400"",""taker_side"":""yes"",""ticker"":""KXETH15M-26APR280100-00"",""trade_id"":""03bb1166-d536-6b5e-9c8b-df4fe2b2ce97"",""yes_price_dollars"":""0.7600""}"
KXETH15M-26APR280100-00,20864461-dd40-7e3b-89d3-bf5978f0ed8f,1777351748,0.75,5.0,no,"{""count_fp"":""5.00"",""created_time"":""2026-04-28T04:49:08.246256Z"",""no_price_dollars"":""0.2500"",""taker_side"":""no"",""ticker"":""KXETH15M-26APR280100-00"",""trade_id"":""20864461-dd40-7e3b-89d3-bf5978f0ed8f"",""yes_price_dollars"":""0.7500""}"
KXETH15M-26APR280100-00,e4fe66ad-ea56-6832-03c3-5d28610fd7e7,1777351749,0.76,12.81,yes,"{""count_fp"":""12.81"",""created_time"":""2026-04-28T04:49:09.502047Z"",""no_price_dollars"":""0.2400"",""taker_side"":""yes"",""ticker"":""KXETH15M-26APR280100-00"",""trade_id"":""e4fe66ad-ea56-6832-03c3-5d28610fd7e7"",""yes_price_dollars"":""0.7600""}"
KXETH15M-26APR280100-00,65c15e0e-c48a-6a44-ea1c-de60d17c1ff8,1777351751,0.76,76.0,yes,"{""count_fp"":""76.00"",""created_time"":""2026-04-28T04:49:11.335799Z"",""no_price_dollars"":""0.2400"",""taker_side"":""yes"",""ticker"":""KXETH15M-26APR280100-00"",""trade_id"":""65c15e0e-c48a-6a44-ea1c-de60d17c1ff8"",""yes_price_dollars"":""0.7600""}"
KXETH15M-26APR280100-00,c60580f8-7247-525d-c7af-345edf2fdccc,1777351751,0.75,6.34,yes,"{""count_fp"":""6.34"",""created_time"":""2026-04-28T04:49:11.064179Z"",""no_price_dollars"":""0.2500"",""taker_side"":""yes"",""ticker"":""KXETH15M-26APR280100-00"",""trade_id"":""c60580f8-7247-525d-c7af-345edf2fdccc"",""yes_price_dollars"":""0.7500""}"
KXETH15M-26APR280100-00,a601146c-27ea-6f1a-ddc7-c0d8f8098ecf,1777351752,0.74,2.0,no,"{""count_fp"":""2.00"",""created_time"":""2026-04-28T04:49:12.101746Z"",""no_price_dollars"":""0.2600"",""taker_side"":""no"",""ticker"":""KXETH15M-26APR280100-00"",""trade_id"":""a601146c-27ea-6f1a-ddc7-c0d8f8098ecf"",""yes_price_dollars"":""0.7400""}"
KXETH15M-26APR280100-00,1e429671-8c10-6ffb-c2a1-b853d5580577,1777351752,0.73,15.68,no,"{""count_fp"":""15.68"",""created_time"":""2026-04-28T04:49:12.101746Z"",""no_price_dollars"":""0.2700"",""taker_side"":""no"",""ticker"":""KXETH15M-26APR280100-00"",""trade_id"":""1e429671-8c10-6ffb-c2a1-b853d5580577"",""yes_price_dollars"":""0.7300""}"
KXETH15M-26APR280100-00,da1ad4a1-a4e6-7b4c-0764-980115fab77c,1777351756,0.77,4.23,yes,"{""count_fp"":""4.23"",""created_time"":""2026-04-28T04:49:16.762445Z"",""no_price_dollars"":""0.2300"",""taker_side"":""yes"",""ticker"":""KXETH15M-26APR280100-00"",""trade_id"":""da1ad4a1-a4e6-7b4c-0764-980115fab77c"",""yes_price_dollars"":""0.7700""}"
KXETH15M-26APR280100-00,a0e6b480-91a0-7e0d-3bbb-20e07a8ea460,1777351756,0.75,10.0,yes,"{""count_fp"":""10.00"",""created_time"":""2026-04-28T04:49:16.762445Z"",""no_price_dollars"":""0.2500"",""taker_side"":""yes"",""ticker"":""KXETH15M-26APR280100-00"",""trade_id"":""a0e6b480-91a0-7e0d-3bbb-20e07a8ea460"",""yes_price_dollars"":""0.7500""}"
KXETH15M-26APR280100-00,9b61f796-40a0-473f-f4fd-c1a4f8dd18af,1777351758,0.74,100.0,no,"{""count_fp"":""100.00"",""created_time"":""2026-04-28T04:49:18.856493Z"",""no_price_dollars"":""0.2600"",""taker_side"":""no"",""ticker"":""KXETH15M-26APR280100-00"",""trade_id"":""9b61f796-40a0-473f-f4fd-c1a4f8dd18af"",""yes_price_dollars"":""0.7400""}"
KXETH15M-26APR280100-00,7b453515-1d3a-47dc-c32c-1a277069d86d,1777351758,0.72,10.0,no,"{""count_fp"":""10.00"",""created_time"":""2026-04-28T04:49:18.856493Z"",""no_price_dollars"":""0.2800"",""taker_side"":""no"",""ticker"":""KXETH15M-26APR280100-00"",""trade_id"":""7b453515-1d3a-47dc-c32c-1a277069d86d"",""yes_price_dollars"":""0.7200""}"
KXETH15M-26APR280100-00,7aed7a5c-6716-4833-fbd9-9b5e805c9a25,1777351758,0.74,1.0,no,"{""count_fp"":""1.00"",""created_time"":""2026-04-28T04:49:18.856493Z"",""no_price_dollars"":""0.2600"",""taker_side"":""no"",""ticker"":""KXETH15M-26APR280100-00"",""trade_id"":""7aed7a5c-6716-4833-fbd9-9b5e805c9a25"",""yes_price_dollars"":""0.7400""}"
KXETH15M-26APR280100-00,42ed48c5-a948-41c5-e40b-8708f05e7877,1777351758,0.71,220.27,no,"{""count_fp"":""220.27"",""created_time"":""2026-04-28T04:49:18.856493Z"",""no_price_dollars"":""0.2900"",""taker_side"":""no"",""ticker"":""KXETH15M-26APR280100-00"",""trade_id"":""42ed48c5-a948-41c5-e40b-8708f05e7877"",""yes_price_dollars"":""0.7100""}"
KXETH15M-26APR280100-00,38f3e643-1ffe-45b9-aa1f-fee58f3501da,1777351760,0.75,1.0,no,"{""count_fp"":""1.00"",""created_time"":""2026-04-28T04:49:20.974582Z"",""no_price_dollars"":""0.2500"",""taker_side"":""no"",""ticker"":""KXETH15M-26APR280100-00"",""trade_id"":""38f3e643-1ffe-45b9-aa1f-fee58f3501da"",""yes_price_dollars"":""0.7500""}"
KXETH15M-26APR280100-00,31a21400-67f8-492f-a525-50235f8319d5,1777351760,0.75,26.99,no,"{""count_fp"":""26.99"",""created_time"":""2026-04-28T04:49:20.974582Z"",""no_price_dollars"":""0.2500"",""taker_side"":""no"",""ticker"":""KXETH15M-26APR280100-00"",""trade_id"":""31a21400-67f8-492f-a525-50235f8319d5"",""yes_price_dollars"":""0.7500""}"
KXETH15M-26APR280100-00,f8f02edb-fecb-5aab-c7e3-91df4c389048,1777351760,0.78,5.0,yes,"{""count_fp"":""5.00"",""created_time"":""2026-04-28T04:49:20.332608Z"",""no_price_dollars"":""0.2200"",""taker_side"":""yes"",""ticker"":""KXETH15M-26APR280100-00"",""trade_id"":""f8f02edb-fecb-5aab-c7e3-91df4c389048"",""yes_price_dollars"":""0.7800""}"
KXETH15M-26APR280100-00,f2468d6c-9f18-58ec-fea5-611cd8aedd4d,1777351760,0.82,100.0,yes,"{""count_fp"":""100.00"",""created_time"":""2026-04-28T04:49:20.332608Z"",""no_price_dollars"":""0.1800"",""taker_side"":""yes"",""ticker"":""KXETH15M-26APR280100-00"",""trade_id"":""f2468d6c-9f18-58ec-fea5-611cd8aedd4d"",""yes_price_dollars"":""0.8200""}"
KXETH15M-26APR280100-00,e92f4712-06b7-560a-d799-74d6324a8cc0,1777351760,0.84,1.0,yes,"{""count_fp"":""1.00"",""created_time"":""2026-04-28T04:49:20.332608Z"",""no_price_dollars"":""0.1600"",""taker_side"":""yes"",""ticker"":""KXETH15M-26APR280100-00"",""trade_id"":""e92f4712-06b7-560a-d799-74d6324a8cc0"",""yes_price_dollars"":""0.8400""}"
KXETH15M-26APR280100-00,e76f58d5-1c10-53c1-c84f-242f05db7ed6,1777351760,0.79,1.0,yes,"{""count_fp"":""1.00"",""created_time"":""2026-04-28T04:49:20.332608Z"",""no_price_dollars"":""0.2100"",""taker_side"":""yes"",""ticker"":""KXETH15M-26APR280100-00"",""trade_id"":""e76f58d5-1c10-53c1-c84f-242f05db7ed6"",""yes_price_dollars"":""0.7900""}"
KXETH15M-26APR280100-00,e3324d1d-9719-5673-ceab-5faf97b3db21,1777351760,0.78,3.74,yes,"{""count_fp"":""3.74"",""created_time"":""2026-04-28T04:49:20.332608Z"",""no_price_dollars"":""0.2200"",""taker_side"":""yes"",""ticker"":""KXETH15M-26APR280100-00"",""trade_id"":""e3324d1d-9719-5673-ceab-5faf97b3db21"",""yes_price_dollars"":""0.7800""}"
KXETH15M-26APR280100-00,c5acbf26-782e-5bc7-f1dd-b07940682a93,1777351760,0.83,10.0,yes,"{""count_fp"":""10.00"",""created_time"":""2026-04-28T04:49:20.332608Z"",""no_price_dollars"":""0.1700"",""taker_side"":""yes"",""ticker"":""KXETH15M-26APR280100-00"",""trade_id"":""c5acbf26-782e-5bc7-f1dd-b07940682a93"",""yes_price_dollars"":""0.8300""}"
KXETH15M-26APR280100-00,b89e0e70-1e11-5cb3-daef-45a2725821ce,1777351760,0.8,1.0,yes,"{""count_fp"":""1.00"",""created_time"":""2026-04-28T04:49:20.332608Z"",""no_price_dollars"":""0.2000"",""taker_side"":""yes"",""ticker"":""KXETH15M-26APR280100-00"",""trade_id"":""b89e0e70-1e11-5cb3-daef-45a2725821ce"",""yes_price_dollars"":""0.8000""}"
KXETH15M-26APR280100-00,b0b44dee-dce3-5815-cc3c-fbb7e247005f,1777351760,0.85,10.0,yes,"{""count_fp"":""10.00"",""created_time"":""2026-04-28T04:49:20.332608Z"",""no_price_dollars"":""0.1500"",""taker_side"":""yes"",""ticker"":""KXETH15M-26APR280100-00"",""trade_id"":""b0b44dee-dce3-5815-cc3c-fbb7e247005f"",""yes_price_dollars"":""0.8500""}"
KXETH15M-26APR280100-00,a1df0959-cedc-54c9-c6dc-ddac081bfa1c,1777351760,0.83,17.0,yes,"{""count_fp"":""17.00"",""created_time"":""2026-04-28T04:49:20.332608Z"",""no_price_dollars"":""0.1700"",""taker_side"":""yes"",""ticker"":""KXETH15M-26APR280100-00"",""trade_id"":""a1df0959-cedc-54c9-c6dc-ddac081bfa1c"",""yes_price_dollars"":""0.8300""}"
KXETH15M-26APR280100-00,9bc024f3-85ea-5b00-fd40-9bd1ed914c94,1777351760,0.76,2.0,yes,"{""count_fp"":""2.00"",""created_time"":""2026-04-28T04:49:20.332608Z"",""no_price_dollars"":""0.2400"",""taker_side"":""yes"",""ticker"":""KXETH15M-26APR280100-00"",""trade_id"":""9bc024f3-85ea-5b00-fd40-9bd1ed914c94"",""yes_price_dollars"":""0.7600""}"
KXETH15M-26APR280100-00,976bd64d-3669-584d-efca-0d910a9de5de,1777351760,0.83,6.0,yes,"{""count_fp"":""6.00"",""created_time"":""2026-04-28T04:49:20.332608Z"",""no_price_dollars"":""0.1700"",""taker_side"":""yes"",""ticker"":""KXETH15M-26APR280100-00"",""trade_id"":""976bd64d-3669-584d-efca-0d910a9de5de"",""yes_price_dollars"":""0.8300""}"
KXETH15M-26APR280100-00,696ec4e4-f849-5074-d3da-1d5f9bceb230,1777351760,0.76,10.0,yes,"{""count_fp"":""10.00"",""created_time"":""2026-04-28T04:49:20.332608Z"",""no_price_dollars"":""0.2400"",""taker_side"":""yes"",""ticker"":""KXETH15M-26APR280100-00"",""trade_id"":""696ec4e4-f849-5074-d3da-1d5f9bceb230"",""yes_price_dollars"":""0.7600""}"
KXETH15M-26APR280100-00,559799d8-2b6a-5c0c-d0f4-c4829c4fd3ed,1777351760,0.85,4.0,yes,"{""count_fp"":""4.00"",""created_time"":""2026-04-28T04:49:20.332608Z"",""no_price_dollars"":""0.1500"",""taker_side"":""yes"",""ticker"":""KXETH15M-26APR280100-00"",""trade_id"":""559799d8-2b6a-5c0c-d0f4-c4829c4fd3ed"",""yes_price_dollars"":""0.8500""}"
KXETH15M-26APR280100-00,5067d629-9b56-5f49-e26f-585a78e4d528,1777351760,0.83,50.0,yes,"{""count_fp"":""50.00"",""created_time"":""2026-04-28T04:49:20.332608Z"",""no_price_dollars"":""0.1700"",""taker_side"":""yes"",""ticker"":""KXETH15M-26APR280100-00"",""trade_id"":""5067d629-9b56-5f49-e26f-585a78e4d528"",""yes_price_dollars"":""0.8300""}"
KXETH15M-26APR280100-00,45226d64-9ac2-5d8a-e548-0d9659c9f3f3,1777351760,0.77,7.19,yes,"{""count_fp"":""7.19"",""created_time"":""2026-04-28T04:49:20.332608Z"",""no_price_dollars"":""0.2300"",""taker_side"":""yes"",""ticker"":""KXETH15M-26APR280100-00"",""trade_id"":""45226d64-9ac2-5d8a-e548-0d9659c9f3f3"",""yes_price_dollars"":""0.7700""}"
KXETH15M-26APR280100-00,3399067e-93d9-59af-e043-fde03c38c467,1777351760,0.85,542.32,yes,"{""count_fp"":""542.32"",""created_time"":""2026-04-28T04:49:20.332608Z"",""no_price_dollars"":""0.1500"",""taker_side"":""yes"",""ticker"":""KXETH15M-26APR280100-00"",""trade_id"":""3399067e-93d9-59af-e043-fde03c38c467"",""yes_price_dollars"":""0.8500""}"
KXETH15M-26APR280100-00,103e3782-129a-593c-e1f7-af0ab962b330,1777351760,0.77,545.83,yes,"{""count_fp"":""545.83"",""created_time"":""2026-04-28T04:49:20.332608Z"",""no_price_dollars"":""0.2300"",""taker_side"":""yes"",""ticker"":""KXETH15M-26APR280100-00"",""trade_id"":""103e3782-129a-593c-e1f7-af0ab962b330"",""yes_price_dollars"":""0.7700""}"
KXETH15M-26APR280100-00,1172636c-2aad-5f3a-80f0-761a62690928,1777351760,0.74,0.36,no,"{""count_fp"":""0.36"",""created_time"":""2026-04-28T04:49:20.202Z"",""no_price_dollars"":""0.2600"",""taker_side"":""no"",""ticker"":""KXETH15M-26APR280100-00"",""trade_id"":""1172636c-2aad-5f3a-80f0-761a62690928"",""yes_price_dollars"":""0.7400""}"
KXETH15M-26APR280100-00,fd583447-6005-5d11-3085-23860e14d673,1777351765,0.77,1.27,yes,"{""count_fp"":""1.27"",""created_time"":""2026-04-28T04:49:25.779694Z"",""no_price_dollars"":""0.2300"",""taker_side"":""yes"",""ticker"":""KXETH15M-26APR280100-00"",""trade_id"":""fd583447-6005-5d11-3085-23860e14d673"",""yes_price_dollars"":""0.7700""}"
KXETH15M-26APR280100-00,ba59c892-a3f8-6671-45ce-67f8c12df12b,1777351771,0.73,550.73,no,"{""count_fp"":""550.73"",""created_time"":""2026-04-28T04:49:31.351179Z"",""no_price_dollars"":""0.2700"",""taker_side"":""no"",""ticker"":""KXETH15M-26APR280100-00"",""trade_id"":""ba59c892-a3f8-6671-45ce-67f8c12df12b"",""yes_price_dollars"":""0.7300""}"
KXETH15M-26APR280100-00,ae995631-af95-67de-62a5-62f53ebc17fd,1777351771,0.7,22.46,no,"{""count_fp"":""22.46"",""created_time"":""2026-04-28T04:49:31.351179Z"",""no_price_dollars"":""0.3000"",""taker_side"":""no"",""ticker"":""KXETH15M-26APR280100-00"",""trade_id"":""ae995631-af95-67de-62a5-62f53ebc17fd"",""yes_price_dollars"":""0.7000""}"
KXETH15M-26APR280100-00,a0ac38ac-31b4-67cf-5c59-e510add36921,1777351771,0.75,100.0,no,"{""count_fp"":""100.00"",""created_time"":""2026-04-28T04:49:31.351179Z"",""no_price_dollars"":""0.2500"",""taker_side"":""no"",""ticker"":""KXETH15M-26APR280100-00"",""trade_id"":""a0ac38ac-31b4-67cf-5c59-e510add36921"",""yes_price_dollars"":""0.7500""}"
KXETH15M-26APR280100-00,9ec14431-5bc4-6ea8-6d51-787b911e4e8c,1777351771,0.75,1.0,no,"{""count_fp"":""1.00"",""created_time"":""2026-04-28T04:49:31.351179Z"",""no_price_dollars"":""0.2500"",""taker_side"":""no"",""ticker"":""KXETH15M-26APR280100-00"",""trade_id"":""9ec14431-5bc4-6ea8-6d51-787b911e4e8c"",""yes_price_dollars"":""0.7500""}"
KXETH15M-26APR280100-00,990b3c5c-fbc1-6558-610b-fd3f961f3606,1777351771,0.74,10.0,no,"{""count_fp"":""10.00"",""created_time"":""2026-04-28T04:49:31.351179Z"",""no_price_dollars"":""0.2600"",""taker_side"":""no"",""ticker"":""KXETH15M-26APR280100-00"",""trade_id"":""990b3c5c-fbc1-6558-610b-fd3f961f3606"",""yes_price_dollars"":""0.7400""}"
KXETH15M-26APR280100-00,492d5132-9d68-6ffd-5e6b-f5cca8715ad4,1777351771,0.71,10.0,no,"{""count_fp"":""10.00"",""created_time"":""2026-04-28T04:49:31.351179Z"",""no_price_dollars"":""0.2900"",""taker_side"":""no"",""ticker"":""KXETH15M-26APR280100-00"",""trade_id"":""492d5132-9d68-6ffd-5e6b-f5cca8715ad4"",""yes_price_dollars"":""0.7100""}"
KXETH15M-26APR280100-00,229ab50a-09ca-58e3-98c9-7ef400a80bd5,1777351773,0.77,3.19,yes,"{""count_fp"":""3.19"",""created_time"":""2026-04-28T04:49:33.857396Z"",""no_price_dollars"":""0.2300"",""taker_side"":""yes"",""ticker"":""KXETH15M-26APR280100-00"",""trade_id"":""229ab50a-09ca-58e3-98c9-7ef400a80bd5"",""yes_price_dollars"":""0.7700""}"
KXETH15M-26APR280100-00,62ecadcf-2a2c-7b4e-7e68-09258a1de540,1777351774,0.75,1.0,no,"{""count_fp"":""1.00"",""created_time"":""2026-04-28T04:49:34.135216Z"",""no_price_dollars"":""0.2500"",""taker_side"":""no"",""ticker"":""KXETH15M-26APR280100-00"",""trade_id"":""62ecadcf-2a2c-7b4e-7e68-09258a1de540"",""yes_price_dollars"":""0.7500""}"
KXETH15M-26APR280100-00,6271d4a7-8dad-7866-4aab-42a3b845c5a0,1777351774,0.75,2.0,no,"{""count_fp"":""2.00"",""created_time"":""2026-04-28T04:49:34.135216Z"",""no_price_dollars"":""0.2500"",""taker_side"":""no"",""ticker"":""KXETH15M-26APR280100-00"",""trade_id"":""6271d4a7-8dad-7866-4aab-42a3b845c5a0"",""yes_price_dollars"":""0.7500""}"
KXETH15M-26APR280100-00,16c08bac-7b08-7697-5efa-cf683ee38477,1777351774,0.75,26.25,no,"{""count_fp"":""26.25"",""created_time"":""2026-04-28T04:49:34.135216Z"",""no_price_dollars"":""0.2500"",""taker_side"":""no"",""ticker"":""KXETH15M-26APR280100-00"",""trade_id"":""16c08bac-7b08-7697-5efa-cf683ee38477"",""yes_price_dollars"":""0.7500""}"
KXETH15M-26APR280100-00,c277118a-87bf-57a6-11aa-71acfa5bdf4b,1777351783,0.78,10.0,no,"{""count_fp"":""10.00"",""created_time"":""2026-04-28T04:49:43.744695Z"",""no_price_dollars"":""0.2200"",""taker_side"":""no"",""ticker"":""KXETH15M-26APR280100-00"",""trade_id"":""c277118a-87bf-57a6-11aa-71acfa5bdf4b"",""yes_price_dollars"":""0.7800""}"
KXETH15M-26APR280100-00,9bda9f96-c02b-6d3e-1ba2-2884885d856f,1777351783,0.78,10.0,no,"{""count_fp"":""10.00"",""created_time"":""2026-04-28T04:49:43.710439Z"",""no_price_dollars"":""0.2200"",""taker_side"":""no"",""ticker"":""KXETH15M-26APR280100-00"",""trade_id"":""9bda9f96-c02b-6d3e-1ba2-2884885d856f"",""yes_price_dollars"":""0.7800""}"
KXETH15M-26APR280100-00,9e911a9f-e680-71d1-3ea0-e13c8d76f514,1777351783,0.78,10.0,yes,"{""count_fp"":""10.00"",""created_time"":""2026-04-28T04:49:43.319805Z"",""no_price_dollars"":""0.2200"",""taker_side"":""yes"",""ticker"":""KXETH15M-26APR280100-00"",""trade_id"":""9e911a9f-e680-71d1-3ea0-e13c8d76f514"",""yes_price_dollars"":""0.7800""}"
KXETH15M-26APR280100-00,df3c02bd-5f68-73c3-3a2b-16d67ff2e4d7,1777351785,0.78,1.54,no,"{""count_fp"":""1.54"",""created_time"":""2026-04-28T04:49:45.494968Z"",""no_price_dollars"":""0.2200"",""taker_side"":""no"",""ticker"":""KXETH15M-26APR280100-00"",""trade_id"":""df3c02bd-5f68-73c3-3a2b-16d67ff2e4d7"",""yes_price_dollars"":""0.7800""}"
KXETH15M-26APR280100-00,4b40c2d5-e733-74de-2da7-816e6ec6481f,1777351785,0.78,20.0,no,"{""count_fp"":""20.00"",""created_time"":""2026-04-28T04:49:45.494968Z"",""no_price_dollars"":""0.2200"",""taker_side"":""no"",""ticker"":""KXETH15M-26APR280100-00"",""trade_id"":""4b40c2d5-e733-74de-2da7-816e6ec6481f"",""yes_price_dollars"":""0.7800""}"
KXETH15M-26APR280100-00,0f468f65-98f3-76d0-09c9-81de9895dfe6,1777351787,0.79,2.58,yes,"{""count_fp"":""2.58"",""created_time"":""2026-04-28T04:49:47.789277Z"",""no_price_dollars"":""0.2100"",""taker_side"":""yes"",""ticker"":""KXETH15M-26APR280100-00"",""trade_id"":""0f468f65-98f3-76d0-09c9-81de9895dfe6"",""yes_price_dollars"":""0.7900""}"
KXETH15M-26APR280100-00,a1f5caa8-49d7-5bee-4b36-3cc69b79ddfd,1777351791,0.8,1.0,yes,"{""count_fp"":""1.00"",""created_time"":""2026-04-28T04:49:51.503132Z"",""no_price_dollars"":""0.2000"",""taker_side"":""yes"",""ticker"":""KXETH15M-26APR280100-00"",""trade_id"":""a1f5caa8-49d7-5bee-4b36-3cc69b79ddfd"",""yes_price_dollars"":""0.8000""}"
KXETH15M-26APR280100-00,99f638eb-4328-5c13-69d5-56208aaebb5b,1777351794,0.78,41.62,no,"{""count_fp"":""41.62"",""created_time"":""2026-04-28T04:49:54.700151Z"",""no_price_dollars"":""0.2200"",""taker_side"":""no"",""ticker"":""KXETH15M-26APR280100-00"",""trade_id"":""99f638eb-4328-5c13-69d5-56208aaebb5b"",""yes_price_dollars"":""0.7800""}"
KXETH15M-26APR280100-00,7f565d48-c253-6c7e-6237-6fa4943ac13d,1777351794,0.8,12.32,yes,"{""count_fp"":""12.32"",""created_time"":""2026-04-28T04:49:54.484577Z"",""no_price_dollars"":""0.2000"",""taker_side"":""yes"",""ticker"":""KXETH15M-26APR280100-00"",""trade_id"":""7f565d48-c253-6c7e-6237-6fa4943ac13d"",""yes_price_dollars"":""0.8000""}"
KXETH15M-26APR280100-00,51c9f8f4-49ac-496f-1a1f-27780fe4d78b,1777351795,0.78,3.01,no,"{""count_fp"":""3.01"",""created_time"":""2026-04-28T04:49:55.498492Z"",""no_price_dollars"":""0.2200"",""taker_side"":""no"",""ticker"":""KXETH15M-26APR280100-00"",""trade_id"":""51c9f8f4-49ac-496f-1a1f-27780fe4d78b"",""yes_price_dollars"":""0.7800""}"
KXETH15M-26APR280100-00,773f602a-54c7-4c46-c57a-7d4b3877455d,1777351799,0.8,1.0,yes,"{""count_fp"":""1.00"",""created_time"":""2026-04-28T04:49:59.650441Z"",""no_price_dollars"":""0.2000"",""taker_side"":""yes"",""ticker"":""KXETH15M-26APR280100-00"",""trade_id"":""773f602a-54c7-4c46-c57a-7d4b3877455d"",""yes_price_dollars"":""0.8000""}"
KXETH15M-26APR280100-00,c9c021c1-9af9-76ed-4550-1e371748cc9c,1777351799,0.78,1.0,no,"{""count_fp"":""1.00"",""created_time"":""2026-04-28T04:49:59.169509Z"",""no_price_dollars"":""0.2200"",""taker_side"":""no"",""ticker"":""KXETH15M-26APR280100-00"",""trade_id"":""c9c021c1-9af9-76ed-4550-1e371748cc9c"",""yes_price_dollars"":""0.7800""}"
KXETH15M-26APR280100-00,976506fa-9dbb-75b5-7e6b-10d07eccebfa,1777351799,0.78,12.76,no,"{""count_fp"":""12.76"",""created_time"":""2026-04-28T04:49:59.169509Z"",""no_price_dollars"":""0.2200"",""taker_side"":""no"",""ticker"":""KXETH15M-26APR280100-00"",""trade_id"":""976506fa-9dbb-75b5-7e6b-10d07eccebfa"",""yes_price_dollars"":""0.7800""}"
KXETH15M-26APR280100-00,436a15bb-fefd-74eb-511f-d1ffd38af10a,1777351799,0.78,10.0,no,"{""count_fp"":""10.00"",""created_time"":""2026-04-28T04:49:59.169509Z"",""no_price_dollars"":""0.2200"",""taker_side"":""no"",""ticker"":""KXETH15M-26APR280100-00"",""trade_id"":""436a15bb-fefd-74eb-511f-d1ffd38af10a"",""yes_price_dollars"":""0.7800""}"
KXETH15M-26APR280100-00,3dd9297f-e729-73f5-645b-83a770ddd481,1777351799,0.78,61.7,no,"{""count_fp"":""61.70"",""created_time"":""2026-04-28T04:49:59.169509Z"",""no_price_dollars"":""0.2200"",""taker_side"":""no"",""ticker"":""KXETH15M-26APR280100-00"",""trade_id"":""3dd9297f-e729-73f5-645b-83a770ddd481"",""yes_price_dollars"":""0.7800""}"
KXETH15M-26APR280100-00,a687d1ed-5104-4f97-5032-e83cbfc47e27,1777351800,0.79,1.0,no,"{""count_fp"":""1.00"",""created_time"":""2026-04-28T04:50:00.225203Z"",""no_price_dollars"":""0.2100"",""taker_side"":""no"",""ticker"":""KXETH15M-26APR280100-00"",""trade_id"":""a687d1ed-5104-4f97-5032-e83cbfc47e27"",""yes_price_dollars"":""0.7900""}"
KXETH15M-26APR280100-00,0d8694bd-db93-4f9b-423a-8b763daef611,1777351800,0.79,1.0,no,"{""count_fp"":""1.00"",""created_time"":""2026-04-28T04:50:00.225203Z"",""no_price_dollars"":""0.2100"",""taker_side"":""no"",""ticker"":""KXETH15M-26APR280100-00"",""trade_id"":""0d8694bd-db93-4f9b-423a-8b763daef611"",""yes_price_dollars"":""0.7900""}"
KXETH15M-26APR280100-00,8c06058f-f4e7-4626-525f-f0a3b61421b9,1777351801,0.8,5.0,yes,"{""count_fp"":""5.00"",""created_time"":""2026-04-28T04:50:01.613052Z"",""no_price_dollars"":""0.2000"",""taker_side"":""yes"",""ticker"":""KXETH15M-26APR280100-00"",""trade_id"":""8c06058f-f4e7-4626-525f-f0a3b61421b9"",""yes_price_dollars"":""0.8000""}"
KXETH15M-26APR280100-00,6ed8d00c-6e5f-51a2-6de9-93306ba0d899,1777351802,0.8,2.0,yes,"{""count_fp"":""2.00"",""created_time"":""2026-04-28T04:50:02.577498Z"",""no_price_dollars"":""0.2000"",""taker_side"":""yes"",""ticker"":""KXETH15M-26APR280100-00"",""trade_id"":""6ed8d00c-6e5f-51a2-6de9-93306ba0d899"",""yes_price_dollars"":""0.8000""}"
KXETH15M-26APR280100-00,d4bc9d5e-3827-6092-7d98-e21dda932c65,1777351805,0.8,1.54,yes,"{""count_fp"":""1.54"",""created_time"":""2026-04-28T04:50:05.471703Z"",""no_price_dollars"":""0.2000"",""taker_side"":""yes"",""ticker"":""KXETH15M-26APR280100-00"",""trade_id"":""d4bc9d5e-3827-6092-7d98-e21dda932c65"",""yes_price_dollars"":""0.8000""}"
KXETH15M-26APR280100-00,978070de-6251-6850-44bb-def3802ab785,1777351805,0.83,0.46,yes,"{""count_fp"":""0.46"",""created_time"":""2026-04-28T04:50:05.471703Z"",""no_price_dollars"":""0.1700"",""taker_side"":""yes"",""ticker"":""KXETH15M-26APR280100-00"",""trade_id"":""978070de-6251-6850-44bb-def3802ab785"",""yes_price_dollars"":""0.8300""}"
KXETH15M-26APR280100-00,05f73f2f-2ac5-6297-7bd2-a69709c71b28,1777351805,0.83,10.0,yes,"{""count_fp"":""10.00"",""created_time"":""2026-04-28T04:50:05.471703Z"",""no_price_dollars"":""0.1700"",""taker_side"":""yes"",""ticker"":""KXETH15M-26APR280100-00"",""trade_id"":""05f73f2f-2ac5-6297-7bd2-a69709c71b28"",""yes_price_dollars"":""0.8300""}"
KXETH15M-26APR280100-00,f2d1519a-48f9-7308-f032-9f5ae9200802,1777351808,0.79,10.0,yes,"{""count_fp"":""10.00"",""created_time"":""2026-04-28T04:50:08.923677Z"",""no_price_dollars"":""0.2100"",""taker_side"":""yes"",""ticker"":""KXETH15M-26APR280100-00"",""trade_id"":""f2d1519a-48f9-7308-f032-9f5ae9200802"",""yes_price_dollars"":""0.7900""}"
KXETH15M-26APR280100-00,bab54263-ab21-79fb-cb25-7e2b4b9ac2cd,1777351808,0.78,1.0,yes,"{""count_fp"":""1.00"",""created_time"":""2026-04-28T04:50:08.923677Z"",""no_price_dollars"":""0.2200"",""taker_side"":""yes"",""ticker"":""KXETH15M-26APR280100-00"",""trade_id"":""bab54263-ab21-79fb-cb25-7e2b4b9ac2cd"",""yes_price_dollars"":""0.7800""}"
KXETH15M-26APR280100-00,19250968-a128-7427-f6af-a0022aa86441,1777351808,0.8,1.26,yes,"{""count_fp"":""1.26"",""created_time"":""2026-04-28T04:50:08.923677Z"",""no_price_dollars"":""0.2000"",""taker_side"":""yes"",""ticker"":""KXETH15M-26APR280100-00"",""trade_id"":""19250968-a128-7427-f6af-a0022aa86441"",""yes_price_dollars"":""0.8000""}"
KXETH15M-26APR280100-00,f98b88bd-ea3f-6c81-2fcd-ca78c8e7cdab,1777351808,0.76,15.0,no,"{""count_fp"":""15.00"",""created_time"":""2026-04-28T04:50:08.777685Z"",""no_price_dollars"":""0.2400"",""taker_side"":""no"",""ticker"":""KXETH15M-26APR280100-00"",""trade_id"":""f98b88bd-ea3f-6c81-2fcd-ca78c8e7cdab"",""yes_price_dollars"":""0.7600""}"
KXETH15M-26APR280100-00,c058eede-e1af-6d39-1de5-05cf6ba34542,1777351808,0.76,10.0,no,"{""count_fp"":""10.00"",""created_time"":""2026-04-28T04:50:08.777685Z"",""no_price_dollars"":""0.2400"",""taker_side"":""no"",""ticker"":""KXETH15M-26APR280100-00"",""trade_id"":""c058eede-e1af-6d39-1de5-05cf6ba34542"",""yes_price_dollars"":""0.7600""}"
KXETH15M-26APR280100-00,8aeeeab1-d505-6f91-4205-eeada9308f52,1777351808,0.8,1.0,no,"{""count_fp"":""1.00"",""created_time"":""2026-04-28T04:50:08.270645Z"",""no_price_dollars"":""0.2000"",""taker_side"":""no"",""ticker"":""KXETH15M-26APR280100-00"",""trade_id"":""8aeeeab1-d505-6f91-4205-eeada9308f52"",""yes_price_dollars"":""0.8000""}"
KXETH15M-26APR280100-00,bed12198-a6cc-6b27-4abb-00efba314013,1777351808,0.81,100.0,no,"{""count_fp"":""100.00"",""created_time"":""2026-04-28T04:50:08.232768Z"",""no_price_dollars"":""0.1900"",""taker_side"":""no"",""ticker"":""KXETH15M-26APR280100-00"",""trade_id"":""bed12198-a6cc-6b27-4abb-00efba314013"",""yes_price_dollars"":""0.8100""}"
KXETH15M-26APR280100-00,fc900cbf-e1d2-676a-ac6b-aeb4a63290cb,1777351811,0.74,95.0,no,"{""count_fp"":""95.00"",""created_time"":""2026-04-28T04:50:11.405223Z"",""no_price_dollars"":""0.2600"",""taker_side"":""no"",""ticker"":""KXETH15M-26APR280100-00"",""trade_id"":""fc900cbf-e1d2-676a-ac6b-aeb4a63290cb"",""yes_price_dollars"":""0.7400""}"
KXETH15M-26APR280100-00,f60043af-581f-621e-ac55-6d7f8006cf13,1777351811,0.74,1.0,no,"{""count_fp"":""1.00"",""created_time"":""2026-04-28T04:50:11.405223Z"",""no_price_dollars"":""0.2600"",""taker_side"":""no"",""ticker"":""KXETH15M-26APR280100-00"",""trade_id"":""f60043af-581f-621e-ac55-6d7f8006cf13"",""yes_price_dollars"":""0.7400""}"
KXETH15M-26APR280100-00,d556415d-c8b1-7dc8-ef94-a556adea4ad1,1777351814,0.8,3.71,yes,"{""count_fp"":""3.71"",""created_time"":""2026-04-28T04:50:14.592979Z"",""no_price_dollars"":""0.2000"",""taker_side"":""yes"",""ticker"":""KXETH15M-26APR280100-00"",""trade_id"":""d556415d-c8b1-7dc8-ef94-a556adea4ad1"",""yes_price_dollars"":""0.8000""}"
KXETH15M-26APR280100-00,bf537c73-6488-424f-788a-32f9e9d23d79,1777351822,0.75,68.74,yes,"{""count_fp"":""68.74"",""created_time"":""2026-04-28T04:50:22.399167Z"",""no_price_dollars"":""0.2500"",""taker_side"":""yes"",""ticker"":""KXETH15M-26APR280100-00"",""trade_id"":""bf537c73-6488-424f-788a-32f9e9d23d79"",""yes_price_dollars"":""0.7500""}"
KXETH15M-26APR280100-00,0d7da1d2-db47-4ff7-7b26-44b669c6e117,1777351822,0.74,10.0,yes,"{""count_fp"":""10.00"",""created_time"":""2026-04-28T04:50:22.399167Z"",""no_price_dollars"":""0.2600"",""taker_side"":""yes"",""ticker"":""KXETH15M-26APR280100-00"",""trade_id"":""0d7da1d2-db47-4ff7-7b26-44b669c6e117"",""yes_price_dollars"":""0.7400""}"
KXETH15M-26APR280100-00,f4a4072f-0b80-6d24-2903-9101d36d543e,1777351827,0.72,1.0,no,"{""count_fp"":""1.00"",""created_time"":""2026-04-28T04:50:27.463555Z"",""no_price_dollars"":""0.2800"",""taker_side"":""no"",""ticker"":""KXETH15M-26APR280100-00"",""trade_id"":""f4a4072f-0b80-6d24-2903-9101d36d543e"",""yes_price_dollars"":""0.7200""}"
KXETH15M-26APR280100-00,77f06064-097e-6c2e-152a-5c91f80a8c1b,1777351827,0.72,16.0,no,"{""count_fp"":""16.00"",""created_time"":""2026-04-28T04:50:27.463555Z"",""no_price_dollars"":""0.2800"",""taker_side"":""no"",""ticker"":""KXETH15M-26APR280100-00"",""trade_id"":""77f06064-097e-6c2e-152a-5c91f80a8c1b"",""yes_price_dollars"":""0.7200""}"
KXETH15M-26APR280100-00,3d443e90-aee0-4b9b-e31a-b601023448f9,1777351828,0.74,40.0,yes,"{""count_fp"":""40.00"",""created_time"":""2026-04-28T04:50:28.988781Z"",""no_price_dollars"":""0.2600"",""taker_side"":""yes"",""ticker"":""KXETH15M-26APR280100-00"",""trade_id"":""3d443e90-aee0-4b9b-e31a-b601023448f9"",""yes_price_dollars"":""0.7400""}"
KXETH15M-26APR280100-00,ece286ba-57d4-614b-bc91-4c1ddce4bc19,1777351831,0.74,1.0,yes,"{""count_fp"":""1.00"",""created_time"":""2026-04-28T04:50:31.649831Z"",""no_price_dollars"":""0.2600"",""taker_side"":""yes"",""ticker"":""KXETH15M-26APR280100-00"",""trade_id"":""ece286ba-57d4-614b-bc91-4c1ddce4bc19"",""yes_price_dollars"":""0.7400""}"
KXETH15M-26APR280100-00,e5b51e13-8de7-7dc8-534b-90577cb5ce1b,1777351833,0.69,3.0,no,"{""count_fp"":""3.00"",""created_time"":""2026-04-28T04:50:33.877021Z"",""no_price_dollars"":""0.3100"",""taker_side"":""no"",""ticker"":""KXETH15M-26APR280100-00"",""trade_id"":""e5b51e13-8de7-7dc8-534b-90577cb5ce1b"",""yes_price_dollars"":""0.6900""}"
KXETH15M-26APR280100-00,dc8b5c30-d939-7355-4da6-60bcfc52e8fb,1777351833,0.7,10.0,no,"{""count_fp"":""10.00"",""created_time"":""2026-04-28T04:50:33.877021Z"",""no_price_dollars"":""0.3000"",""taker_side"":""no"",""ticker"":""KXETH15M-26APR280100-00"",""trade_id"":""dc8b5c30-d939-7355-4da6-60bcfc52e8fb"",""yes_price_dollars"":""0.7000""}"
KXETH15M-26APR280100-00,db8d3ae4-8a85-7366-705c-70132cd6b901,1777351833,0.7,119.54,no,"{""count_fp"":""119.54"",""created_time"":""2026-04-28T04:50:33.877021Z"",""no_price_dollars"":""0.3000"",""taker_side"":""no"",""ticker"":""KXETH15M-26APR280100-00"",""trade_id"":""db8d3ae4-8a85-7366-705c-70132cd6b901"",""yes_price_dollars"":""0.7000""}"
KXETH15M-26APR280100-00,caa74dbd-21c5-7991-75d2-3b75e98f82f5,1777351833,0.66,550.3,no,"{""count_fp"":""550.30"",""created_time"":""2026-04-28T04:50:33.877021Z"",""no_price_dollars"":""0.3400"",""taker_side"":""no"",""ticker"":""KXETH15M-26APR280100-00"",""trade_id"":""caa74dbd-21c5-7991-75d2-3b75e98f82f5"",""yes_price_dollars"":""0.6600""}"
KXETH15M-26APR280100-00,4c17258a-ba02-7508-6fe8-abec2f72598a,1777351833,0.71,10.0,no,"{""count_fp"":""10.00"",""created_time"":""2026-04-28T04:50:33.877021Z"",""no_price_dollars"":""0.2900"",""taker_side"":""no"",""ticker"":""KXETH15M-26APR280100-00"",""trade_id"":""4c17258a-ba02-7508-6fe8-abec2f72598a"",""yes_price_dollars"":""0.7100""}"
KXETH15M-26APR280100-00,4b89de48-ce70-7c81-74f4-fc2bb4b48bca,1777351833,0.71,100.0,no,"{""count_fp"":""100.00"",""created_time"":""2026-04-28T04:50:33.877021Z"",""no_price_dollars"":""0.2900"",""taker_side"":""no"",""ticker"":""KXETH15M-26APR280100-00"",""trade_id"":""4b89de48-ce70-7c81-74f4-fc2bb4b48bca"",""yes_price_dollars"":""0.7100""}"
KXETH15M-26APR280100-00,18cf7dc7-75ff-73ad-608c-02ef2304d9eb,1777351833,0.68,3.0,no,"{""count_fp"":""3.00"",""created_time"":""2026-04-28T04:50:33.877021Z"",""no_price_dollars"":""0.3200"",""taker_side"":""no"",""ticker"":""KXETH15M-26APR280100-00"",""trade_id"":""18cf7dc7-75ff-73ad-608c-02ef2304d9eb"",""yes_price_dollars"":""0.6800""}"
KXETH15M-26APR280100-00,0f9fb77b-fb88-7dcb-6453-9205bf71018e,1777351833,0.65,3.91,no,"{""count_fp"":""3.91"",""created_time"":""2026-04-28T04:50:33.877021Z"",""no_price_dollars"":""0.3500"",""taker_side"":""no"",""ticker"":""KXETH15M-26APR280100-00"",""trade_id"":""0f9fb77b-fb88-7dcb-6453-9205bf71018e"",""yes_price_dollars"":""0.6500""}"
KXETH15M-26APR280100-00,0dd240aa-609b-7ed0-6690-a7f6495bd4c1,1777351833,0.66,1.0,no,"{""count_fp"":""1.00"",""created_time"":""2026-04-28T04:50:33.877021Z"",""no_price_dollars"":""0.3400"",""taker_side"":""no"",""ticker"":""KXETH15M-26APR280100-00"",""trade_id"":""0dd240aa-609b-7ed0-6690-a7f6495bd4c1"",""yes_price_dollars"":""0.6600""}"
KXETH15M-26APR280100-00,0ccdf295-57c1-7601-75af-f44d2f0d35b3,1777351833,0.65,60.0,no,"{""count_fp"":""60.00"",""created_time"":""2026-04-28T04:50:33.877021Z"",""no_price_dollars"":""0.3500"",""taker_side"":""no"",""ticker"":""KXETH15M-26APR280100-00"",""trade_id"":""0ccdf295-57c1-7601-75af-f44d2f0d35b3"",""yes_price_dollars"":""0.6500""}"
KXETH15M-26APR280100-00,0a4a4e27-b2ef-74a0-7237-481ed81aff3d,1777351833,0.71,1.0,no,"{""count_fp"":""1.00"",""created_time"":""2026-04-28T04:50:33.877021Z"",""no_price_dollars"":""0.2900"",""taker_side"":""no"",""ticker"":""KXETH15M-26APR280100-00"",""trade_id"":""0a4a4e27-b2ef-74a0-7237-481ed81aff3d"",""yes_price_dollars"":""0.7100""}"
KXETH15M-26APR280100-00,5c5f3696-d7a9-5679-527c-0251ca888a6a,1777351840,0.71,2.28,no,"{""count_fp"":""2.28"",""created_time"":""2026-04-28T04:50:40.316004Z"",""no_price_dollars"":""0.2900"",""taker_side"":""no"",""ticker"":""KXETH15M-26APR280100-00"",""trade_id"":""5c5f3696-d7a9-5679-527c-0251ca888a6a"",""yes_price_dollars"":""0.7100""}"
KXETH15M-26APR280100-00,41cf839a-a6c4-5e7d-4290-15335deb97ee,1777351840,0.71,1.0,no,"{""count_fp"":""1.00"",""created_time"":""2026-04-28T04:50:40.316004Z"",""no_price_dollars"":""0.2900"",""taker_side"":""no"",""ticker"":""KXETH15M-26APR280100-00"",""trade_id"":""41cf839a-a6c4-5e7d-4290-15335deb97ee"",""yes_price_dollars"":""0.7100""}"
KXETH15M-26APR280100-00,4e96abde-09d0-702b-da46-59c62dbd8757,1777351842,0.71,10.0,no,"{""count_fp"":""10.00"",""created_time"":""2026-04-28T04:50:42.843254Z"",""no_price_dollars"":""0.2900"",""taker_side"":""no"",""ticker"":""KXETH15M-26APR280100-00"",""trade_id"":""4e96abde-09d0-702b-da46-59c62dbd8757"",""yes_price_dollars"":""0.7100""}"
KXETH15M-26APR280100-00,f1ab6f46-6cb2-5df5-2c2c-c58c8821fd82,1777351842,0.7,1.0,no,"{""count_fp"":""1.00"",""created_time"":""2026-04-28T04:50:42.054795Z"",""no_price_dollars"":""0.3000"",""taker_side"":""no"",""ticker"":""KXETH15M-26APR280100-00"",""trade_id"":""f1ab6f46-6cb2-5df5-2c2c-c58c8821fd82"",""yes_price_dollars"":""0.7000""}"
KXETH15M-26APR280100-00,213a2e8a-f4c8-5a2f-15c7-afcfca482d2d,1777351842,0.7,2.16,no,"{""count_fp"":""2.16"",""created_time"":""2026-04-28T04:50:42.054795Z"",""no_price_dollars"":""0.3000"",""taker_side"":""no"",""ticker"":""KXETH15M-26APR280100-00"",""trade_id"":""213a2e8a-f4c8-5a2f-15c7-afcfca482d2d"",""yes_price_dollars"":""0.7000""}"
KXETH15M-26APR280100-00,1f13b111-1380-674b-d68c-9f3d080deac1,1777351851,0.69,20.0,no,"{""count_fp"":""20.00"",""created_time"":""2026-04-28T04:50:51.781256Z"",""no_price_dollars"":""0.3100"",""taker_side"":""no"",""ticker"":""KXETH15M-26APR280100-00"",""trade_id"":""1f13b111-1380-674b-d68c-9f3d080deac1"",""yes_price_dollars"":""0.6900""}"
KXETH15M-26APR280100-00,0a37bc35-4f5a-6899-c566-0ad27ea7f584,1777351851,0.69,10.0,no,"{""count_fp"":""10.00"",""created_time"":""2026-04-28T04:50:51.781256Z"",""no_price_dollars"":""0.3100"",""taker_side"":""no"",""ticker"":""KXETH15M-26APR280100-00"",""trade_id"":""0a37bc35-4f5a-6899-c566-0ad27ea7f584"",""yes_price_dollars"":""0.6900""}"
KXETH15M-26APR280100-00,f08f1879-0fa9-452a-0758-2163770fae23,1777351851,0.7,5.31,yes,"{""count_fp"":""5.31"",""created_time"":""2026-04-28T04:50:51.057294Z"",""no_price_dollars"":""0.3000"",""taker_side"":""yes"",""ticker"":""KXETH15M-26APR280100-00"",""trade_id"":""f08f1879-0fa9-452a-0758-2163770fae23"",""yes_price_dollars"":""0.7000""}"
KXETH15M-26APR280100-00,fc1a3188-47d6-7d32-33ae-b462703e613a,1777351853,0.68,1.0,no,"{""count_fp"":""1.00"",""created_time"":""2026-04-28T04:50:53.867624Z"",""no_price_dollars"":""0.3200"",""taker_side"":""no"",""ticker"":""KXETH15M-26APR280100-00"",""trade_id"":""fc1a3188-47d6-7d32-33ae-b462703e613a"",""yes_price_dollars"":""0.6800""}"
KXETH15M-26APR280100-00,a7282b4c-0170-76f7-187f-61d469dae0a5,1777351853,0.68,29.48,no,"{""count_fp"":""29.48"",""created_time"":""2026-04-28T04:50:53.867624Z"",""no_price_dollars"":""0.3200"",""taker_side"":""no"",""ticker"":""KXETH15M-26APR280100-00"",""trade_id"":""a7282b4c-0170-76f7-187f-61d469dae0a5"",""yes_price_dollars"":""0.6800""}"
KXETH15M-26APR280100-00,aa6fb119-a7fd-5452-1e29-b6fcf358b21f,1777351853,0.7,6.99,yes,"{""count_fp"":""6.99"",""created_time"":""2026-04-28T04:50:53.183082Z"",""no_price_dollars"":""0.3000"",""taker_side"":""yes"",""ticker"":""KXETH15M-26APR280100-00"",""trade_id"":""aa6fb119-a7fd-5452-1e29-b6fcf358b21f"",""yes_price_dollars"":""0.7000""}"
KXETH15M-26APR280100-00,f75c94d2-c53c-65eb-622a-0c710f1f5d11,1777351857,0.68,10.0,no,"{""count_fp"":""10.00"",""created_time"":""2026-04-28T04:50:57.923272Z"",""no_price_dollars"":""0.3200"",""taker_side"":""no"",""ticker"":""KXETH15M-26APR280100-00"",""trade_id"":""f75c94d2-c53c-65eb-622a-0c710f1f5d11"",""yes_price_dollars"":""0.6800""}"
KXETH15M-26APR280100-00,bec50b08-4aac-6b1c-59b2-df343c869730,1777351857,0.67,35.21,no,"{""count_fp"":""35.21"",""created_time"":""2026-04-28T04:50:57.923272Z"",""no_price_dollars"":""0.3300"",""taker_side"":""no"",""ticker"":""KXETH15M-26APR280100-00"",""trade_id"":""bec50b08-4aac-6b1c-59b2-df343c869730"",""yes_price_dollars"":""0.6700""}"
KXETH15M-26APR280100-00,b1daa0d6-90a4-6113-4516-2ac088255afa,1777351857,0.67,1.0,no,"{""count_fp"":""1.00"",""created_time"":""2026-04-28T04:50:57.923272Z"",""no_price_dollars"":""0.3300"",""taker_side"":""no"",""ticker"":""KXETH15M-26APR280100-00"",""trade_id"":""b1daa0d6-90a4-6113-4516-2ac088255afa"",""yes_price_dollars"":""0.6700""}"
KXETH15M-26APR280100-00,7e53c026-5a14-63cf-44e5-72f77a291559,1777351857,0.69,100.0,no,"{""count_fp"":""100.00"",""created_time"":""2026-04-28T04:50:57.923272Z"",""no_price_dollars"":""0.3100"",""taker_side"":""no"",""ticker"":""KXETH15M-26APR280100-00"",""trade_id"":""7e53c026-5a14-63cf-44e5-72f77a291559"",""yes_price_dollars"":""0.6900""}"
KXETH15M-26APR280100-00,134dc3d4-5625-6293-793a-94280df6c6d5,1777351857,0.68,10.0,no,"{""count_fp"":""10.00"",""created_time"":""2026-04-28T04:50:57.923272Z"",""no_price_dollars"":""0.3200"",""taker_side"":""no"",""ticker"":""KXETH15M-26APR280100-00"",""trade_id"":""134dc3d4-5625-6293-793a-94280df6c6d5"",""yes_price_dollars"":""0.6800""}"
KXETH15M-26APR280100-00,0e6d17dd-00fb-6967-60c0-58ccaf9d760b,1777351857,0.69,1.0,no,"{""count_fp"":""1.00"",""created_time"":""2026-04-28T04:50:57.923272Z"",""no_price_dollars"":""0.3100"",""taker_side"":""no"",""ticker"":""KXETH15M-26APR280100-00"",""trade_id"":""0e6d17dd-00fb-6967-60c0-58ccaf9d760b"",""yes_price_dollars"":""0.6900""}"
KXETH15M-26APR280100-00,d209e025-fa69-40fc-b6ca-2ee43d0d7262,1777351860,0.68,0.59,no,"{""count_fp"":""0.59"",""created_time"":""2026-04-28T04:51:00.327676Z"",""no_price_dollars"":""0.3200"",""taker_side"":""no"",""ticker"":""KXETH15M-26APR280100-00"",""trade_id"":""d209e025-fa69-40fc-b6ca-2ee43d0d7262"",""yes_price_dollars"":""0.6800""}"
KXETH15M-26APR280100-00,6d9e9d56-f7d2-6b18-5d2b-8aed42b5d443,1777351861,0.7,1.0,yes,"{""count_fp"":""1.00"",""created_time"":""2026-04-28T04:51:01.646219Z"",""no_price_dollars"":""0.3000"",""taker_side"":""yes"",""ticker"":""KXETH15M-26APR280100-00"",""trade_id"":""6d9e9d56-f7d2-6b18-5d2b-8aed42b5d443"",""yes_price_dollars"":""0.7000""}"
KXETH15M-26APR280100-00,4284f644-8696-55dc-3d20-3a01ffdf7b9b,1777351864,0.7,1.0,yes,"{""count_fp"":""1.00"",""created_time"":""2026-04-28T04:51:04.650417Z"",""no_price_dollars"":""0.3000"",""taker_side"":""yes"",""ticker"":""KXETH15M-26APR280100-00"",""trade_id"":""4284f644-8696-55dc-3d20-3a01ffdf7b9b"",""yes_price_dollars"":""0.7000""}"
KXETH15M-26APR280100-00,ee829e8d-4a56-783c-d700-d82fb9b14123,1777351866,0.7,2.79,yes,"{""count_fp"":""2.79"",""created_time"":""2026-04-28T04:51:06.735431Z"",""no_price_dollars"":""0.3000"",""taker_side"":""yes"",""ticker"":""KXETH15M-26APR280100-00"",""trade_id"":""ee829e8d-4a56-783c-d700-d82fb9b14123"",""yes_price_dollars"":""0.7000""}"
KXETH15M-26APR280100-00,a08f5d2e-fa92-6b40-2ef9-8b067396d693,1777351866,0.7,1.0,yes,"{""count_fp"":""1.00"",""created_time"":""2026-04-28T04:51:06.649438Z"",""no_price_dollars"":""0.3000"",""taker_side"":""yes"",""ticker"":""KXETH15M-26APR280100-00"",""trade_id"":""a08f5d2e-fa92-6b40-2ef9-8b067396d693"",""yes_price_dollars"":""0.7000""}"
KXETH15M-26APR280100-00,82495dfa-425e-4bff-2d63-3ad0e2bb76c1,1777351866,0.68,5.96,no,"{""count_fp"":""5.96"",""created_time"":""2026-04-28T04:51:06.067178Z"",""no_price_dollars"":""0.3200"",""taker_side"":""no"",""ticker"":""KXETH15M-26APR280100-00"",""trade_id"":""82495dfa-425e-4bff-2d63-3ad0e2bb76c1"",""yes_price_dollars"":""0.6800""}"
KXETH15M-26APR280100-00,9255d36a-7082-7967-4530-d8060e58fbdd,1777351867,0.68,14.91,no,"{""count_fp"":""14.91"",""created_time"":""2026-04-28T04:51:07.537313Z"",""no_price_dollars"":""0.3200"",""taker_side"":""no"",""ticker"":""KXETH15M-26APR280100-00"",""trade_id"":""9255d36a-7082-7967-4530-d8060e58fbdd"",""yes_price_dollars"":""0.6800""}"
KXETH15M-26APR280100-00,e6b49784-0076-77ec-a82a-894f59a1cf6b,1777351867,0.7,2.0,yes,"{""count_fp"":""2.00"",""created_time"":""2026-04-28T04:51:07.072783Z"",""no_price_dollars"":""0.3000"",""taker_side"":""yes"",""ticker"":""KXETH15M-26APR280100-00"",""trade_id"":""e6b49784-0076-77ec-a82a-894f59a1cf6b"",""yes_price_dollars"":""0.7000""}"
KXETH15M-26APR280100-00,4d3aaf56-1b5a-52e7-c8e3-890213f6036d,1777351868,0.68,10.0,no,"{""count_fp"":""10.00"",""created_time"":""2026-04-28T04:51:08.707003Z"",""no_price_dollars"":""0.3200"",""taker_side"":""no"",""ticker"":""KXETH15M-26APR280100-00"",""trade_id"":""4d3aaf56-1b5a-52e7-c8e3-890213f6036d"",""yes_price_dollars"":""0.6800""}"
KXETH15M-26APR280100-00,259201c8-36c2-78cf-76a8-f5fd63ebe8d5,1777351868,0.68,2.98,no,"{""count_fp"":""2.98"",""created_time"":""2026-04-28T04:51:08.652251Z"",""no_price_dollars"":""0.3200"",""taker_side"":""no"",""ticker"":""KXETH15M-26APR280100-00"",""trade_id"":""259201c8-36c2-78cf-76a8-f5fd63ebe8d5"",""yes_price_dollars"":""0.6800""}"
KXETH15M-26APR280100-00,6eac76b1-dce6-6fd3-6bf5-822117df8e01,1777351869,0.68,12.81,no,"{""count_fp"":""12.81"",""created_time"":""2026-04-28T04:51:09.609371Z"",""no_price_dollars"":""0.3200"",""taker_side"":""no"",""ticker"":""KXETH15M-26APR280100-00"",""trade_id"":""6eac76b1-dce6-6fd3-6bf5-822117df8e01"",""yes_price_dollars"":""0.6800""}"
KXETH15M-26APR280100-00,a71cfb74-660d-73da-7708-d2d17f206916,1777351870,0.73,1.0,yes,"{""count_fp"":""1.00"",""created_time"":""2026-04-28T04:51:10.755052Z"",""no_price_dollars"":""0.2700"",""taker_side"":""yes"",""ticker"":""KXETH15M-26APR280100-00"",""trade_id"":""a71cfb74-660d-73da-7708-d2d17f206916"",""yes_price_dollars"":""0.7300""}"
KXETH15M-26APR280100-00,74459b23-9b15-7b66-5911-24def67104fb,1777351870,0.72,47.7,yes,"{""count_fp"":""47.70"",""created_time"":""2026-04-28T04:51:10.731646Z"",""no_price_dollars"":""0.2800"",""taker_side"":""yes"",""ticker"":""KXETH15M-26APR280100-00"",""trade_id"":""74459b23-9b15-7b66-5911-24def67104fb"",""yes_price_dollars"":""0.7200""}"
KXETH15M-26APR280100-00,5237f3cd-4299-7ae0-7cb6-d89100c63351,1777351870,0.72,10.0,yes,"{""count_fp"":""10.00"",""created_time"":""2026-04-28T04:51:10.731646Z"",""no_price_dollars"":""0.2800"",""taker_side"":""yes"",""ticker"":""KXETH15M-26APR280100-00"",""trade_id"":""5237f3cd-4299-7ae0-7cb6-d89100c63351"",""yes_price_dollars"":""0.7200""}"
KXETH15M-26APR280100-00,0706c339-f7d3-7922-43f7-082631470a93,1777351870,0.72,10.0,yes,"{""count_fp"":""10.00"",""created_time"":""2026-04-28T04:51:10.731646Z"",""no_price_dollars"":""0.2800"",""taker_side"":""yes"",""ticker"":""KXETH15M-26APR280100-00"",""trade_id"":""0706c339-f7d3-7922-43f7-082631470a93"",""yes_price_dollars"":""0.7200""}"
KXETH15M-26APR280100-00,f733d7b1-a8ff-5257-5267-98601b5f5a84,1777351870,0.7,0.44,yes,"{""count_fp"":""0.44"",""created_time"":""2026-04-28T04:51:10.719103Z"",""no_price_dollars"":""0.3000"",""taker_side"":""yes"",""ticker"":""KXETH15M-26APR280100-00"",""trade_id"":""f733d7b1-a8ff-5257-5267-98601b5f5a84"",""yes_price_dollars"":""0.7000""}"
KXETH15M-26APR280100-00,f74bf03a-5a12-6fd4-5ce3-7ad4d36890c3,1777351870,0.7,7.44,yes,"{""count_fp"":""7.44"",""created_time"":""2026-04-28T04:51:10.713578Z"",""no_price_dollars"":""0.3000"",""taker_side"":""yes"",""ticker"":""KXETH15M-26APR280100-00"",""trade_id"":""f74bf03a-5a12-6fd4-5ce3-7ad4d36890c3"",""yes_price_dollars"":""0.7000""}"
KXETH15M-26APR280100-00,c3d753dc-74fb-60bf-5db0-6675aa0361d0,1777351870,0.7,0.56,yes,"{""count_fp"":""0.56"",""created_time"":""2026-04-28T04:51:10.713578Z"",""no_price_dollars"":""0.3000"",""taker_side"":""yes"",""ticker"":""KXETH15M-26APR280100-00"",""trade_id"":""c3d753dc-74fb-60bf-5db0-6675aa0361d0"",""yes_price_dollars"":""0.7000""}"
KXETH15M-26APR280100-00,8bbe49d3-016d-510d-5e0a-fa54fb2e207d,1777351874,0.7,2.0,no,"{""count_fp"":""2.00"",""created_time"":""2026-04-28T04:51:14.862064Z"",""no_price_dollars"":""0.3000"",""taker_side"":""no"",""ticker"":""KXETH15M-26APR280100-00"",""trade_id"":""8bbe49d3-016d-510d-5e0a-fa54fb2e207d"",""yes_price_dollars"":""0.7000""}"
KXETH15M-26APR280100-00,fa261b6b-e485-48d1-7f9d-5fc892682a05,1777351877,0.71,10.0,no,"{""count_fp"":""10.00"",""created_time"":""2026-04-28T04:51:17.537526Z"",""no_price_dollars"":""0.2900"",""taker_side"":""no"",""ticker"":""KXETH15M-26APR280100-00"",""trade_id"":""fa261b6b-e485-48d1-7f9d-5fc892682a05"",""yes_price_dollars"":""0.7100""}"
KXETH15M-26APR280100-00,851497fe-7ad6-4eeb-45ea-eaa3220deb3d,1777351877,0.71,37.59,no,"{""count_fp"":""37.59"",""created_time"":""2026-04-28T04:51:17.537526Z"",""no_price_dollars"":""0.2900"",""taker_side"":""no"",""ticker"":""KXETH15M-26APR280100-00"",""trade_id"":""851497fe-7ad6-4eeb-45ea-eaa3220deb3d"",""yes_price_dollars"":""0.7100""}"
KXETH15M-26APR280100-00,47b77869-845e-5fef-157c-d8ca21e74159,1777351879,0.71,22.24,no,"{""count_fp"":""22.24"",""created_time"":""2026-04-28T04:51:19.411528Z"",""no_price_dollars"":""0.2900"",""taker_side"":""no"",""ticker"":""KXETH15M-26APR280100-00"",""trade_id"":""47b77869-845e-5fef-157c-d8ca21e74159"",""yes_price_dollars"":""0.7100""}"
KXETH15M-26APR280100-00,8a43b962-7a6b-56d9-a77c-e280054cbb09,1777351885,0.73,1.0,yes,"{""count_fp"":""1.00"",""created_time"":""2026-04-28T04:51:25.115599Z"",""no_price_dollars"":""0.2700"",""taker_side"":""yes"",""ticker"":""KXETH15M-26APR280100-00"",""trade_id"":""8a43b962-7a6b-56d9-a77c-e280054cbb09"",""yes_price_dollars"":""0.7300""}"
KXETH15M-26APR280100-00,5b94e519-dd53-5c58-a840-11a30e3911ed,1777351885,0.73,1.25,yes,"{""count_fp"":""1.25"",""created_time"":""2026-04-28T04:51:25.115599Z"",""no_price_dollars"":""0.2700"",""taker_side"":""yes"",""ticker"":""KXETH15M-26APR280100-00"",""trade_id"":""5b94e519-dd53-5c58-a840-11a30e3911ed"",""yes_price_dollars"":""0.7300""}"
KXETH15M-26APR280100-00,903cc154-870d-5ef1-ac79-f3a3bcaecb74,1777351891,0.71,8.0,no,"{""count_fp"":""8.00"",""created_time"":""2026-04-28T04:51:31.253789Z"",""no_price_dollars"":""0.2900"",""taker_side"":""no"",""ticker"":""KXETH15M-26APR280100-00"",""trade_id"":""903cc154-870d-5ef1-ac79-f3a3bcaecb74"",""yes_price_dollars"":""0.7100""}"
KXETH15M-26APR280100-00,25fcfc27-031f-4f21-6e9b-df8b5a8e9507,1777351891,0.73,1.0,yes,"{""count_fp"":""1.00"",""created_time"":""2026-04-28T04:51:31.007284Z"",""no_price_dollars"":""0.2700"",""taker_side"":""yes"",""ticker"":""KXETH15M-26APR280100-00"",""trade_id"":""25fcfc27-031f-4f21-6e9b-df8b5a8e9507"",""yes_price_dollars"":""0.7300""}"
KXETH15M-26APR280100-00,cdcfaf4b-568e-6dad-85a5-2f2e2b38a094,1777351898,0.75,24.9,yes,"{""count_fp"":""24.90"",""created_time"":""2026-04-28T04:51:38.929713Z"",""no_price_dollars"":""0.2500"",""taker_side"":""yes"",""ticker"":""KXETH15M-26APR280100-00"",""trade_id"":""cdcfaf4b-568e-6dad-85a5-2f2e2b38a094"",""yes_price_dollars"":""0.7500""}"
KXETH15M-26APR280100-00,5d19e436-7344-6122-9c2d-cec37ca8b14f,1777351898,0.75,31.1,yes,"{""count_fp"":""31.10"",""created_time"":""2026-04-28T04:51:38.929713Z"",""no_price_dollars"":""0.2500"",""taker_side"":""yes"",""ticker"":""KXETH15M-26APR280100-00"",""trade_id"":""5d19e436-7344-6122-9c2d-cec37ca8b14f"",""yes_price_dollars"":""0.7500""}"
KXETH15M-26APR280100-00,7423a9c5-6306-40e9-e192-3e6c21c5954c,1777351898,0.75,0.1,yes,"{""count_fp"":""0.10"",""created_time"":""2026-04-28T04:51:38.512374Z"",""no_price_dollars"":""0.2500"",""taker_side"":""yes"",""ticker"":""KXETH15M-26APR280100-00"",""trade_id"":""7423a9c5-6306-40e9-e192-3e6c21c5954c"",""yes_price_dollars"":""0.7500""}"
KXETH15M-26APR280100-00,594e8d43-1bdc-5cc9-7559-674399a107b4,1777351900,0.76,1.0,yes,"{""count_fp"":""1.00"",""created_time"":""2026-04-28T04:51:40.485253Z"",""no_price_dollars"":""0.2400"",""taker_side"":""yes"",""ticker"":""KXETH15M-26APR280100-00"",""trade_id"":""594e8d43-1bdc-5cc9-7559-674399a107b4"",""yes_price_dollars"":""0.7600""}"
KXETH15M-26APR280100-00,0cc4c711-f308-5cd4-7613-6547b704ccb9,1777351900,0.77,5.1,yes,"{""count_fp"":""5.10"",""created_time"":""2026-04-28T04:51:40.485253Z"",""no_price_dollars"":""0.2300"",""taker_side"":""yes"",""ticker"":""KXETH15M-26APR280100-00"",""trade_id"":""0cc4c711-f308-5cd4-7613-6547b704ccb9"",""yes_price_dollars"":""0.7700""}"
KXETH15M-26APR280100-00,03d221a2-2eb4-5d3e-5d7c-920a69e10a2f,1777351900,0.76,10.9,yes,"{""count_fp"":""10.90"",""created_time"":""2026-04-28T04:51:40.485253Z"",""no_price_dollars"":""0.2400"",""taker_side"":""yes"",""ticker"":""KXETH15M-26APR280100-00"",""trade_id"":""03d221a2-2eb4-5d3e-5d7c-920a69e10a2f"",""yes_price_dollars"":""0.7600""}"
KXETH15M-26APR280100-00,3c2f6088-f245-5a6e-adf9-595239626c86,1777351909,0.73,0.35,no,"{""count_fp"":""0.35"",""created_time"":""2026-04-28T04:51:49.745808Z"",""no_price_dollars"":""0.2700"",""taker_side"":""no"",""ticker"":""KXETH15M-26APR280100-00"",""trade_id"":""3c2f6088-f245-5a6e-adf9-595239626c86"",""yes_price_dollars"":""0.7300""}"
KXETH15M-26APR280100-00,61ea426a-7bfc-45d5-0580-64bf92a3407b,1777351909,0.76,32.35,yes,"{""count_fp"":""32.35"",""created_time"":""2026-04-28T04:51:49.474576Z"",""no_price_dollars"":""0.2400"",""taker_side"":""yes"",""ticker"":""KXETH15M-26APR280100-00"",""trade_id"":""61ea426a-7bfc-45d5-0580-64bf92a3407b"",""yes_price_dollars"":""0.7600""}"
