ticker,trade_id,ts,yes_price,count,taker_side,raw_json
KXETH15M-26APR280715-15,d0c35645-5f9a-7d74-062a-5ec2a355e776,1777374017,0.6,3.0,no,"{""count_fp"":""3.00"",""created_time"":""2026-04-28T11:00:17.408731Z"",""no_price_dollars"":""0.4000"",""taker_side"":""no"",""ticker"":""KXETH15M-26APR280715-15"",""trade_id"":""d0c35645-5f9a-7d74-062a-5ec2a355e776"",""yes_price_dollars"":""0.6000""}"
KXETH15M-26APR280715-15,77232c9b-ec22-5ad5-2642-15722cfcf44f,1777374017,0.6,10.0,yes,"{""count_fp"":""10.00"",""created_time"":""2026-04-28T11:00:17.312338Z"",""no_price_dollars"":""0.4000"",""taker_side"":""yes"",""ticker"":""KXETH15M-26APR280715-15"",""trade_id"":""77232c9b-ec22-5ad5-2642-15722cfcf44f"",""yes_price_dollars"":""0.6000""}"
KXETH15M-26APR280715-15,651b7ee9-a120-6f0c-9ed7-e259735adfd6,1777374017,0.53,1.0,no,"{""count_fp"":""1.00"",""created_time"":""2026-04-28T11:00:17.153767Z"",""no_price_dollars"":""0.4700"",""taker_side"":""no"",""ticker"":""KXETH15M-26APR280715-15"",""trade_id"":""651b7ee9-a120-6f0c-9ed7-e259735adfd6"",""yes_price_dollars"":""0.5300""}"
KXETH15M-26APR280715-15,fd14aba4-bfda-5280-38f8-0e63b3e6b6ea,1777374021,0.6,87.0,no,"{""count_fp"":""87.00"",""created_time"":""2026-04-28T11:00:21.499894Z"",""no_price_dollars"":""0.4000"",""taker_side"":""no"",""ticker"":""KXETH15M-26APR280715-15"",""trade_id"":""fd14aba4-bfda-5280-38f8-0e63b3e6b6ea"",""yes_price_dollars"":""0.6000""}"
KXETH15M-26APR280715-15,ef759c0b-26e4-53d5-d7ee-e3348eb5fd50,1777374024,0.59,1.0,yes,"{""count_fp"":""1.00"",""created_time"":""2026-04-28T11:00:24.468158Z"",""no_price_dollars"":""0.4100"",""taker_side"":""yes"",""ticker"":""KXETH15M-26APR280715-15"",""trade_id"":""ef759c0b-26e4-53d5-d7ee-e3348eb5fd50"",""yes_price_dollars"":""0.5900""}"
KXETH15M-26APR280715-15,eb525962-fd94-5cc3-ce27-00df6bbc25c0,1777374024,0.59,0.78,yes,"{""count_fp"":""0.78"",""created_time"":""2026-04-28T11:00:24.468158Z"",""no_price_dollars"":""0.4100"",""taker_side"":""yes"",""ticker"":""KXETH15M-26APR280715-15"",""trade_id"":""eb525962-fd94-5cc3-ce27-00df6bbc25c0"",""yes_price_dollars"":""0.5900""}"
KXETH15M-26APR280715-15,374ce835-e345-5c42-e919-80c62cf382e9,1777374024,0.59,9.75,yes,"{""count_fp"":""9.75"",""created_time"":""2026-04-28T11:00:24.468158Z"",""no_price_dollars"":""0.4100"",""taker_side"":""yes"",""ticker"":""KXETH15M-26APR280715-15"",""trade_id"":""374ce835-e345-5c42-e919-80c62cf382e9"",""yes_price_dollars"":""0.5900""}"
KXETH15M-26APR280715-15,de1cfd5a-453c-56a3-0245-1f364fb18a68,1777374027,0.59,10.0,yes,"{""count_fp"":""10.00"",""created_time"":""2026-04-28T11:00:27.090785Z"",""no_price_dollars"":""0.4100"",""taker_side"":""yes"",""ticker"":""KXETH15M-26APR280715-15"",""trade_id"":""de1cfd5a-453c-56a3-0245-1f364fb18a68"",""yes_price_dollars"":""0.5900""}"
KXETH15M-26APR280715-15,9bb80009-912c-55a0-376b-282683f20cb6,1777374027,0.59,2.0,yes,"{""count_fp"":""2.00"",""created_time"":""2026-04-28T11:00:27.090785Z"",""no_price_dollars"":""0.4100"",""taker_side"":""yes"",""ticker"":""KXETH15M-26APR280715-15"",""trade_id"":""9bb80009-912c-55a0-376b-282683f20cb6"",""yes_price_dollars"":""0.5900""}"
KXETH15M-26APR280715-15,6a11fb3c-939a-7d99-a0fd-89b1185d7e70,1777374040,0.6,1.0,yes,"{""count_fp"":""1.00"",""created_time"":""2026-04-28T11:00:40.631705Z"",""no_price_dollars"":""0.4000"",""taker_side"":""yes"",""ticker"":""KXETH15M-26APR280715-15"",""trade_id"":""6a11fb3c-939a-7d99-a0fd-89b1185d7e70"",""yes_price_dollars"":""0.6000""}"
KXETH15M-26APR280715-15,a11fa449-9284-5414-222e-f9102103071a,1777374043,0.58,10.0,no,"{""count_fp"":""10.00"",""created_time"":""2026-04-28T11:00:43.378869Z"",""no_price_dollars"":""0.4200"",""taker_side"":""no"",""ticker"":""KXETH15M-26APR280715-15"",""trade_id"":""a11fa449-9284-5414-222e-f9102103071a"",""yes_price_dollars"":""0.5800""}"
KXETH15M-26APR280715-15,535ad12b-c6f0-595b-2681-ec380a5f1d94,1777374043,0.58,13.0,no,"{""count_fp"":""13.00"",""created_time"":""2026-04-28T11:00:43.378869Z"",""no_price_dollars"":""0.4200"",""taker_side"":""no"",""ticker"":""KXETH15M-26APR280715-15"",""trade_id"":""535ad12b-c6f0-595b-2681-ec380a5f1d94"",""yes_price_dollars"":""0.5800""}"
KXETH15M-26APR280715-15,fd2793f3-9df0-6dfa-3869-d38759b519d3,1777374063,0.59,10.0,yes,"{""count_fp"":""10.00"",""created_time"":""2026-04-28T11:01:03.448141Z"",""no_price_dollars"":""0.4100"",""taker_side"":""yes"",""ticker"":""KXETH15M-26APR280715-15"",""trade_id"":""fd2793f3-9df0-6dfa-3869-d38759b519d3"",""yes_price_dollars"":""0.5900""}"
KXETH15M-26APR280715-15,b4753f2b-243d-6a5b-11f6-729c0611a606,1777374063,0.59,10.0,yes,"{""count_fp"":""10.00"",""created_time"":""2026-04-28T11:01:03.448141Z"",""no_price_dollars"":""0.4100"",""taker_side"":""yes"",""ticker"":""KXETH15M-26APR280715-15"",""trade_id"":""b4753f2b-243d-6a5b-11f6-729c0611a606"",""yes_price_dollars"":""0.5900""}"
KXETH15M-26APR280715-15,777875fb-3705-6d59-14e9-783fded8d2c4,1777374063,0.61,9.0,yes,"{""count_fp"":""9.00"",""created_time"":""2026-04-28T11:01:03.448141Z"",""no_price_dollars"":""0.3900"",""taker_side"":""yes"",""ticker"":""KXETH15M-26APR280715-15"",""trade_id"":""777875fb-3705-6d59-14e9-783fded8d2c4"",""yes_price_dollars"":""0.6100""}"
KXETH15M-26APR280715-15,dba64d14-f2de-5b95-dc3e-75992fdecbc2,1777374065,0.57,1.0,no,"{""count_fp"":""1.00"",""created_time"":""2026-04-28T11:01:05.794885Z"",""no_price_dollars"":""0.4300"",""taker_side"":""no"",""ticker"":""KXETH15M-26APR280715-15"",""trade_id"":""dba64d14-f2de-5b95-dc3e-75992fdecbc2"",""yes_price_dollars"":""0.5700""}"
KXETH15M-26APR280715-15,206f12f8-15c6-5d30-c296-3ad917d2e495,1777374065,0.57,9.93,no,"{""count_fp"":""9.93"",""created_time"":""2026-04-28T11:01:05.794885Z"",""no_price_dollars"":""0.4300"",""taker_side"":""no"",""ticker"":""KXETH15M-26APR280715-15"",""trade_id"":""206f12f8-15c6-5d30-c296-3ad917d2e495"",""yes_price_dollars"":""0.5700""}"
KXETH15M-26APR280715-15,418bdb92-85b6-66ab-e704-f759c912a5c2,1777374068,0.56,1.0,yes,"{""count_fp"":""1.00"",""created_time"":""2026-04-28T11:01:08.505671Z"",""no_price_dollars"":""0.4400"",""taker_side"":""yes"",""ticker"":""KXETH15M-26APR280715-15"",""trade_id"":""418bdb92-85b6-66ab-e704-f759c912a5c2"",""yes_price_dollars"":""0.5600""}"
KXETH15M-26APR280715-15,d6dea6b3-ac6e-7c03-34c9-66f812bdd33c,1777374068,0.55,2.0,no,"{""count_fp"":""2.00"",""created_time"":""2026-04-28T11:01:08.252543Z"",""no_price_dollars"":""0.4500"",""taker_side"":""no"",""ticker"":""KXETH15M-26APR280715-15"",""trade_id"":""d6dea6b3-ac6e-7c03-34c9-66f812bdd33c"",""yes_price_dollars"":""0.5500""}"
KXETH15M-26APR280715-15,9b33a292-2651-446d-a426-c3816b38d666,1777374076,0.53,6.0,no,"{""count_fp"":""6.00"",""created_time"":""2026-04-28T11:01:16.436247Z"",""no_price_dollars"":""0.4700"",""taker_side"":""no"",""ticker"":""KXETH15M-26APR280715-15"",""trade_id"":""9b33a292-2651-446d-a426-c3816b38d666"",""yes_price_dollars"":""0.5300""}"
KXETH15M-26APR280715-15,d31b623b-ba02-63fb-341d-55fd8a22c19e,1777374083,0.48,1.0,no,"{""count_fp"":""1.00"",""created_time"":""2026-04-28T11:01:23.151847Z"",""no_price_dollars"":""0.5200"",""taker_side"":""no"",""ticker"":""KXETH15M-26APR280715-15"",""trade_id"":""d31b623b-ba02-63fb-341d-55fd8a22c19e"",""yes_price_dollars"":""0.4800""}"
KXETH15M-26APR280715-15,3951e2f5-7406-4d2b-df92-11112372fd42,1777374085,0.48,1.0,no,"{""count_fp"":""1.00"",""created_time"":""2026-04-28T11:01:25.119232Z"",""no_price_dollars"":""0.5200"",""taker_side"":""no"",""ticker"":""KXETH15M-26APR280715-15"",""trade_id"":""3951e2f5-7406-4d2b-df92-11112372fd42"",""yes_price_dollars"":""0.4800""}"
KXETH15M-26APR280715-15,29781758-1da2-44a4-d416-7fda9cf11795,1777374085,0.47,10.0,no,"{""count_fp"":""10.00"",""created_time"":""2026-04-28T11:01:25.119232Z"",""no_price_dollars"":""0.5300"",""taker_side"":""no"",""ticker"":""KXETH15M-26APR280715-15"",""trade_id"":""29781758-1da2-44a4-d416-7fda9cf11795"",""yes_price_dollars"":""0.4700""}"
KXETH15M-26APR280715-15,56f14790-b9a6-6e97-a9c6-3628a21c75d5,1777374092,0.44,4.27,yes,"{""count_fp"":""4.27"",""created_time"":""2026-04-28T11:01:32.982931Z"",""no_price_dollars"":""0.5600"",""taker_side"":""yes"",""ticker"":""KXETH15M-26APR280715-15"",""trade_id"":""56f14790-b9a6-6e97-a9c6-3628a21c75d5"",""yes_price_dollars"":""0.4400""}"
KXETH15M-26APR280715-15,ddfda679-741f-7658-4ba1-4e3d9b121b64,1777374092,0.4,10.0,no,"{""count_fp"":""10.00"",""created_time"":""2026-04-28T11:01:32.918358Z"",""no_price_dollars"":""0.6000"",""taker_side"":""no"",""ticker"":""KXETH15M-26APR280715-15"",""trade_id"":""ddfda679-741f-7658-4ba1-4e3d9b121b64"",""yes_price_dollars"":""0.4000""}"
KXETH15M-26APR280715-15,9d832f91-36ea-76e2-492b-c14f6769f37b,1777374092,0.37,13.0,no,"{""count_fp"":""13.00"",""created_time"":""2026-04-28T11:01:32.918358Z"",""no_price_dollars"":""0.6300"",""taker_side"":""no"",""ticker"":""KXETH15M-26APR280715-15"",""trade_id"":""9d832f91-36ea-76e2-492b-c14f6769f37b"",""yes_price_dollars"":""0.3700""}"
KXETH15M-26APR280715-15,73e67e61-ffa7-7651-741f-603cf236d4a1,1777374092,0.38,60.0,no,"{""count_fp"":""60.00"",""created_time"":""2026-04-28T11:01:32.918358Z"",""no_price_dollars"":""0.6200"",""taker_side"":""no"",""ticker"":""KXETH15M-26APR280715-15"",""trade_id"":""73e67e61-ffa7-7651-741f-603cf236d4a1"",""yes_price_dollars"":""0.3800""}"
KXETH15M-26APR280715-15,57899483-991d-70d8-435f-40a95f8c076d,1777374092,0.4,5.0,no,"{""count_fp"":""5.00"",""created_time"":""2026-04-28T11:01:32.918358Z"",""no_price_dollars"":""0.6000"",""taker_side"":""no"",""ticker"":""KXETH15M-26APR280715-15"",""trade_id"":""57899483-991d-70d8-435f-40a95f8c076d"",""yes_price_dollars"":""0.4000""}"
KXETH15M-26APR280715-15,4ac9dab6-6cf6-762b-7c60-c570673cff29,1777374092,0.37,58.45,no,"{""count_fp"":""58.45"",""created_time"":""2026-04-28T11:01:32.918358Z"",""no_price_dollars"":""0.6300"",""taker_side"":""no"",""ticker"":""KXETH15M-26APR280715-15"",""trade_id"":""4ac9dab6-6cf6-762b-7c60-c570673cff29"",""yes_price_dollars"":""0.3700""}"
KXETH15M-26APR280715-15,277775ad-3167-7bc1-5369-63291bb5bbca,1777374092,0.38,10.0,no,"{""count_fp"":""10.00"",""created_time"":""2026-04-28T11:01:32.918358Z"",""no_price_dollars"":""0.6200"",""taker_side"":""no"",""ticker"":""KXETH15M-26APR280715-15"",""trade_id"":""277775ad-3167-7bc1-5369-63291bb5bbca"",""yes_price_dollars"":""0.3800""}"
KXETH15M-26APR280715-15,ed7e8a87-9e82-5e47-ed80-e03b3a79c526,1777374092,0.45,21.39,yes,"{""count_fp"":""21.39"",""created_time"":""2026-04-28T11:01:32.891292Z"",""no_price_dollars"":""0.5500"",""taker_side"":""yes"",""ticker"":""KXETH15M-26APR280715-15"",""trade_id"":""ed7e8a87-9e82-5e47-ed80-e03b3a79c526"",""yes_price_dollars"":""0.4500""}"
KXETH15M-26APR280715-15,a064e67a-b40e-59b1-d8c1-708507ca5826,1777374094,0.39,8.0,no,"{""count_fp"":""8.00"",""created_time"":""2026-04-28T11:01:34.660475Z"",""no_price_dollars"":""0.6100"",""taker_side"":""no"",""ticker"":""KXETH15M-26APR280715-15"",""trade_id"":""a064e67a-b40e-59b1-d8c1-708507ca5826"",""yes_price_dollars"":""0.3900""}"
KXETH15M-26APR280715-15,67f0e420-90cd-5149-d999-45ffe5eac409,1777374094,0.39,10.0,no,"{""count_fp"":""10.00"",""created_time"":""2026-04-28T11:01:34.660475Z"",""no_price_dollars"":""0.6100"",""taker_side"":""no"",""ticker"":""KXETH15M-26APR280715-15"",""trade_id"":""67f0e420-90cd-5149-d999-45ffe5eac409"",""yes_price_dollars"":""0.3900""}"
KXETH15M-26APR280715-15,dbef2af9-61d2-5a3b-d6f0-b37637a6f586,1777374095,0.33,4.0,yes,"{""count_fp"":""4.00"",""created_time"":""2026-04-28T11:01:35.766743Z"",""no_price_dollars"":""0.6700"",""taker_side"":""yes"",""ticker"":""KXETH15M-26APR280715-15"",""trade_id"":""dbef2af9-61d2-5a3b-d6f0-b37637a6f586"",""yes_price_dollars"":""0.3300""}"
KXETH15M-26APR280715-15,e79fbe8a-230e-7ff1-5fb3-b881cde202bf,1777374095,0.35,5.0,no,"{""count_fp"":""5.00"",""created_time"":""2026-04-28T11:01:35.411862Z"",""no_price_dollars"":""0.6500"",""taker_side"":""no"",""ticker"":""KXETH15M-26APR280715-15"",""trade_id"":""e79fbe8a-230e-7ff1-5fb3-b881cde202bf"",""yes_price_dollars"":""0.3500""}"
KXETH15M-26APR280715-15,bb2d41e5-7f5e-799d-da97-dfefb97d4a70,1777374096,0.29,4.0,no,"{""count_fp"":""4.00"",""created_time"":""2026-04-28T11:01:36.719226Z"",""no_price_dollars"":""0.7100"",""taker_side"":""no"",""ticker"":""KXETH15M-26APR280715-15"",""trade_id"":""bb2d41e5-7f5e-799d-da97-dfefb97d4a70"",""yes_price_dollars"":""0.2900""}"
KXETH15M-26APR280715-15,e4bad98b-b8d3-72d5-2eb7-4c2c094e378e,1777374096,0.3,5.0,yes,"{""count_fp"":""5.00"",""created_time"":""2026-04-28T11:01:36.674845Z"",""no_price_dollars"":""0.7000"",""taker_side"":""yes"",""ticker"":""KXETH15M-26APR280715-15"",""trade_id"":""e4bad98b-b8d3-72d5-2eb7-4c2c094e378e"",""yes_price_dollars"":""0.3000""}"
KXETH15M-26APR280715-15,628a0054-cfea-5ff3-912f-e07ed3397bbe,1777374096,0.29,100.0,yes,"{""count_fp"":""100.00"",""created_time"":""2026-04-28T11:01:36.583327Z"",""no_price_dollars"":""0.7100"",""taker_side"":""yes"",""ticker"":""KXETH15M-26APR280715-15"",""trade_id"":""628a0054-cfea-5ff3-912f-e07ed3397bbe"",""yes_price_dollars"":""0.2900""}"
KXETH15M-26APR280715-15,2b011ee7-7796-654f-2e95-145111e3612a,1777374096,0.33,4.0,yes,"{""count_fp"":""4.00"",""created_time"":""2026-04-28T11:01:36.362869Z"",""no_price_dollars"":""0.6700"",""taker_side"":""yes"",""ticker"":""KXETH15M-26APR280715-15"",""trade_id"":""2b011ee7-7796-654f-2e95-145111e3612a"",""yes_price_dollars"":""0.3300""}"
KXETH15M-26APR280715-15,b215a8e3-15d3-7540-9851-57ab41cc4e2c,1777374096,0.28,2.0,no,"{""count_fp"":""2.00"",""created_time"":""2026-04-28T11:01:36.310857Z"",""no_price_dollars"":""0.7200"",""taker_side"":""no"",""ticker"":""KXETH15M-26APR280715-15"",""trade_id"":""b215a8e3-15d3-7540-9851-57ab41cc4e2c"",""yes_price_dollars"":""0.2800""}"
KXETH15M-26APR280715-15,4463ecbf-b3bb-7f2e-ae53-394ddadefe92,1777374096,0.3,1.0,no,"{""count_fp"":""1.00"",""created_time"":""2026-04-28T11:01:36.310857Z"",""no_price_dollars"":""0.7000"",""taker_side"":""no"",""ticker"":""KXETH15M-26APR280715-15"",""trade_id"":""4463ecbf-b3bb-7f2e-ae53-394ddadefe92"",""yes_price_dollars"":""0.3000""}"
KXETH15M-26APR280715-15,3edf9026-f2b0-7d18-9d35-9134dedd8ab6,1777374096,0.3,1.0,no,"{""count_fp"":""1.00"",""created_time"":""2026-04-28T11:01:36.310857Z"",""no_price_dollars"":""0.7000"",""taker_side"":""no"",""ticker"":""KXETH15M-26APR280715-15"",""trade_id"":""3edf9026-f2b0-7d18-9d35-9134dedd8ab6"",""yes_price_dollars"":""0.3000""}"
KXETH15M-26APR280715-15,54dac711-1478-4776-fc2c-8e4f6fb9ed31,1777374097,0.31,6.0,yes,"{""count_fp"":""6.00"",""created_time"":""2026-04-28T11:01:37.101769Z"",""no_price_dollars"":""0.6900"",""taker_side"":""yes"",""ticker"":""KXETH15M-26APR280715-15"",""trade_id"":""54dac711-1478-4776-fc2c-8e4f6fb9ed31"",""yes_price_dollars"":""0.3100""}"
KXETH15M-26APR280715-15,b07868c9-7185-74cb-efb2-14d463ea726f,1777374099,0.38,10.0,yes,"{""count_fp"":""10.00"",""created_time"":""2026-04-28T11:01:39.161339Z"",""no_price_dollars"":""0.6200"",""taker_side"":""yes"",""ticker"":""KXETH15M-26APR280715-15"",""trade_id"":""b07868c9-7185-74cb-efb2-14d463ea726f"",""yes_price_dollars"":""0.3800""}"
KXETH15M-26APR280715-15,102cb1fb-86fb-4534-ebe0-28e968ba7fea,1777374100,0.37,10.0,yes,"{""count_fp"":""10.00"",""created_time"":""2026-04-28T11:01:40.664184Z"",""no_price_dollars"":""0.6300"",""taker_side"":""yes"",""ticker"":""KXETH15M-26APR280715-15"",""trade_id"":""102cb1fb-86fb-4534-ebe0-28e968ba7fea"",""yes_price_dollars"":""0.3700""}"
KXETH15M-26APR280715-15,e68a798b-e485-4d4b-460b-a4242014a74f,1777374104,0.42,0.93,yes,"{""count_fp"":""0.93"",""created_time"":""2026-04-28T11:01:44.081877Z"",""no_price_dollars"":""0.5800"",""taker_side"":""yes"",""ticker"":""KXETH15M-26APR280715-15"",""trade_id"":""e68a798b-e485-4d4b-460b-a4242014a74f"",""yes_price_dollars"":""0.4200""}"
KXETH15M-26APR280715-15,1a984224-c38d-4652-4c2d-6ba85bb6a32d,1777374104,0.41,10.0,yes,"{""count_fp"":""10.00"",""created_time"":""2026-04-28T11:01:44.081877Z"",""no_price_dollars"":""0.5900"",""taker_side"":""yes"",""ticker"":""KXETH15M-26APR280715-15"",""trade_id"":""1a984224-c38d-4652-4c2d-6ba85bb6a32d"",""yes_price_dollars"":""0.4100""}"
KXETH15M-26APR280715-15,a6d6cf73-0619-75e6-c5e4-6350e8c620f6,1777374111,0.42,10.0,yes,"{""count_fp"":""10.00"",""created_time"":""2026-04-28T11:01:51.974658Z"",""no_price_dollars"":""0.5800"",""taker_side"":""yes"",""ticker"":""KXETH15M-26APR280715-15"",""trade_id"":""a6d6cf73-0619-75e6-c5e4-6350e8c620f6"",""yes_price_dollars"":""0.4200""}"
KXETH15M-26APR280715-15,457c0e22-1461-7fb3-2d1f-21da09422fbe,1777374113,0.41,10.0,no,"{""count_fp"":""10.00"",""created_time"":""2026-04-28T11:01:53.708658Z"",""no_price_dollars"":""0.5900"",""taker_side"":""no"",""ticker"":""KXETH15M-26APR280715-15"",""trade_id"":""457c0e22-1461-7fb3-2d1f-21da09422fbe"",""yes_price_dollars"":""0.4100""}"
KXETH15M-26APR280715-15,9be3cd7b-0252-6801-ebe4-a96c0eb736f8,1777374121,0.36,1.52,no,"{""count_fp"":""1.52"",""created_time"":""2026-04-28T11:02:01.012124Z"",""no_price_dollars"":""0.6400"",""taker_side"":""no"",""ticker"":""KXETH15M-26APR280715-15"",""trade_id"":""9be3cd7b-0252-6801-ebe4-a96c0eb736f8"",""yes_price_dollars"":""0.3600""}"
KXETH15M-26APR280715-15,672055a1-9d92-5c15-c0bc-ec6c3de9ed80,1777374123,0.36,3.0,no,"{""count_fp"":""3.00"",""created_time"":""2026-04-28T11:02:03.649595Z"",""no_price_dollars"":""0.6400"",""taker_side"":""no"",""ticker"":""KXETH15M-26APR280715-15"",""trade_id"":""672055a1-9d92-5c15-c0bc-ec6c3de9ed80"",""yes_price_dollars"":""0.3600""}"
KXETH15M-26APR280715-15,ea4828c7-cc80-45cf-949a-ba1e6d1c25c2,1777374125,0.37,1.0,yes,"{""count_fp"":""1.00"",""created_time"":""2026-04-28T11:02:05.169919Z"",""no_price_dollars"":""0.6300"",""taker_side"":""yes"",""ticker"":""KXETH15M-26APR280715-15"",""trade_id"":""ea4828c7-cc80-45cf-949a-ba1e6d1c25c2"",""yes_price_dollars"":""0.3700""}"
KXETH15M-26APR280715-15,f887b37a-039a-7d3a-7246-12d447445ed7,1777374128,0.39,2.0,yes,"{""count_fp"":""2.00"",""created_time"":""2026-04-28T11:02:08.774258Z"",""no_price_dollars"":""0.6100"",""taker_side"":""yes"",""ticker"":""KXETH15M-26APR280715-15"",""trade_id"":""f887b37a-039a-7d3a-7246-12d447445ed7"",""yes_price_dollars"":""0.3900""}"
KXETH15M-26APR280715-15,871516bc-28d2-7b8c-5759-7c2c45b04c34,1777374128,0.42,2.0,yes,"{""count_fp"":""2.00"",""created_time"":""2026-04-28T11:02:08.774258Z"",""no_price_dollars"":""0.5800"",""taker_side"":""yes"",""ticker"":""KXETH15M-26APR280715-15"",""trade_id"":""871516bc-28d2-7b8c-5759-7c2c45b04c34"",""yes_price_dollars"":""0.4200""}"
KXETH15M-26APR280715-15,ee54a1f5-9102-6c0a-727c-bcba08237a14,1777374129,0.42,1.0,no,"{""count_fp"":""1.00"",""created_time"":""2026-04-28T11:02:09.983469Z"",""no_price_dollars"":""0.5800"",""taker_side"":""no"",""ticker"":""KXETH15M-26APR280715-15"",""trade_id"":""ee54a1f5-9102-6c0a-727c-bcba08237a14"",""yes_price_dollars"":""0.4200""}"
KXETH15M-26APR280715-15,6165daf4-16ea-6e0f-78a0-37567c5e7145,1777374129,0.39,1.0,no,"{""count_fp"":""1.00"",""created_time"":""2026-04-28T11:02:09.530949Z"",""no_price_dollars"":""0.6100"",""taker_side"":""no"",""ticker"":""KXETH15M-26APR280715-15"",""trade_id"":""6165daf4-16ea-6e0f-78a0-37567c5e7145"",""yes_price_dollars"":""0.3900""}"
KXETH15M-26APR280715-15,4e632813-5705-68c3-9af9-d1376ad85275,1777374129,0.39,4.0,no,"{""count_fp"":""4.00"",""created_time"":""2026-04-28T11:02:09.140696Z"",""no_price_dollars"":""0.6100"",""taker_side"":""no"",""ticker"":""KXETH15M-26APR280715-15"",""trade_id"":""4e632813-5705-68c3-9af9-d1376ad85275"",""yes_price_dollars"":""0.3900""}"
KXETH15M-26APR280715-15,6932e568-44f1-490b-4166-6ebde0bda5fb,1777374132,0.4,11.18,yes,"{""count_fp"":""11.18"",""created_time"":""2026-04-28T11:02:12.546024Z"",""no_price_dollars"":""0.6000"",""taker_side"":""yes"",""ticker"":""KXETH15M-26APR280715-15"",""trade_id"":""6932e568-44f1-490b-4166-6ebde0bda5fb"",""yes_price_dollars"":""0.4000""}"
KXETH15M-26APR280715-15,af6035db-2e8c-7063-5056-8fb081117e61,1777374138,0.38,10.0,no,"{""count_fp"":""10.00"",""created_time"":""2026-04-28T11:02:18.263928Z"",""no_price_dollars"":""0.6200"",""taker_side"":""no"",""ticker"":""KXETH15M-26APR280715-15"",""trade_id"":""af6035db-2e8c-7063-5056-8fb081117e61"",""yes_price_dollars"":""0.3800""}"
KXETH15M-26APR280715-15,79693db6-6632-7c73-51d8-38391961da25,1777374138,0.37,5.61,no,"{""count_fp"":""5.61"",""created_time"":""2026-04-28T11:02:18.263928Z"",""no_price_dollars"":""0.6300"",""taker_side"":""no"",""ticker"":""KXETH15M-26APR280715-15"",""trade_id"":""79693db6-6632-7c73-51d8-38391961da25"",""yes_price_dollars"":""0.3700""}"
KXETH15M-26APR280715-15,729086af-61fd-5f77-72a8-9666719f5b77,1777374141,0.4,23.99,yes,"{""count_fp"":""23.99"",""created_time"":""2026-04-28T11:02:21.120556Z"",""no_price_dollars"":""0.6000"",""taker_side"":""yes"",""ticker"":""KXETH15M-26APR280715-15"",""trade_id"":""729086af-61fd-5f77-72a8-9666719f5b77"",""yes_price_dollars"":""0.4000""}"
KXETH15M-26APR280715-15,cf28dcde-72c6-51b5-ad63-8a0418155736,1777374145,0.38,6.28,no,"{""count_fp"":""6.28"",""created_time"":""2026-04-28T11:02:25.027739Z"",""no_price_dollars"":""0.6200"",""taker_side"":""no"",""ticker"":""KXETH15M-26APR280715-15"",""trade_id"":""cf28dcde-72c6-51b5-ad63-8a0418155736"",""yes_price_dollars"":""0.3800""}"
KXETH15M-26APR280715-15,fce4cf93-3d5e-7ea9-2fff-3321cbeac658,1777374154,0.36,1.48,no,"{""count_fp"":""1.48"",""created_time"":""2026-04-28T11:02:34.393178Z"",""no_price_dollars"":""0.6400"",""taker_side"":""no"",""ticker"":""KXETH15M-26APR280715-15"",""trade_id"":""fce4cf93-3d5e-7ea9-2fff-3321cbeac658"",""yes_price_dollars"":""0.3600""}"
KXETH15M-26APR280715-15,6cceb2fb-7e62-5871-69a4-e636e2c351e8,1777374158,0.26,3.0,no,"{""count_fp"":""3.00"",""created_time"":""2026-04-28T11:02:38.889253Z"",""no_price_dollars"":""0.7400"",""taker_side"":""no"",""ticker"":""KXETH15M-26APR280715-15"",""trade_id"":""6cceb2fb-7e62-5871-69a4-e636e2c351e8"",""yes_price_dollars"":""0.2600""}"
KXETH15M-26APR280715-15,dc607af4-561a-5d51-e0c9-4c0cf53a9524,1777374161,0.22,4.0,no,"{""count_fp"":""4.00"",""created_time"":""2026-04-28T11:02:41.836605Z"",""no_price_dollars"":""0.7800"",""taker_side"":""no"",""ticker"":""KXETH15M-26APR280715-15"",""trade_id"":""dc607af4-561a-5d51-e0c9-4c0cf53a9524"",""yes_price_dollars"":""0.2200""}"
KXETH15M-26APR280715-15,d2530c0c-7b35-52a3-8384-5d81e32928f3,1777374161,0.27,2.0,yes,"{""count_fp"":""2.00"",""created_time"":""2026-04-28T11:02:41.639427Z"",""no_price_dollars"":""0.7300"",""taker_side"":""yes"",""ticker"":""KXETH15M-26APR280715-15"",""trade_id"":""d2530c0c-7b35-52a3-8384-5d81e32928f3"",""yes_price_dollars"":""0.2700""}"
KXETH15M-26APR280715-15,2d5684ea-50e7-573e-8208-7083f891f953,1777374161,0.26,10.0,yes,"{""count_fp"":""10.00"",""created_time"":""2026-04-28T11:02:41.639427Z"",""no_price_dollars"":""0.7400"",""taker_side"":""yes"",""ticker"":""KXETH15M-26APR280715-15"",""trade_id"":""2d5684ea-50e7-573e-8208-7083f891f953"",""yes_price_dollars"":""0.2600""}"
KXETH15M-26APR280715-15,fbd3d55f-e9d1-4593-fa5a-e1cd3ddf1c53,1777374161,0.25,4.0,yes,"{""count_fp"":""4.00"",""created_time"":""2026-04-28T11:02:41.574973Z"",""no_price_dollars"":""0.7500"",""taker_side"":""yes"",""ticker"":""KXETH15M-26APR280715-15"",""trade_id"":""fbd3d55f-e9d1-4593-fa5a-e1cd3ddf1c53"",""yes_price_dollars"":""0.2500""}"
KXETH15M-26APR280715-15,b137f1c6-06ae-5111-c3b7-b186dc8f9de4,1777374162,0.22,10.0,no,"{""count_fp"":""10.00"",""created_time"":""2026-04-28T11:02:42.979754Z"",""no_price_dollars"":""0.7800"",""taker_side"":""no"",""ticker"":""KXETH15M-26APR280715-15"",""trade_id"":""b137f1c6-06ae-5111-c3b7-b186dc8f9de4"",""yes_price_dollars"":""0.2200""}"
KXETH15M-26APR280715-15,232e23f1-81ad-6a8b-9c89-aaa2b7f5025f,1777374167,0.26,7.31,yes,"{""count_fp"":""7.31"",""created_time"":""2026-04-28T11:02:47.772943Z"",""no_price_dollars"":""0.7400"",""taker_side"":""yes"",""ticker"":""KXETH15M-26APR280715-15"",""trade_id"":""232e23f1-81ad-6a8b-9c89-aaa2b7f5025f"",""yes_price_dollars"":""0.2600""}"
KXETH15M-26APR280715-15,f89796d5-ac11-60c3-86d8-4be8bb92d9a4,1777374168,0.24,5.0,no,"{""count_fp"":""5.00"",""created_time"":""2026-04-28T11:02:48.603185Z"",""no_price_dollars"":""0.7600"",""taker_side"":""no"",""ticker"":""KXETH15M-26APR280715-15"",""trade_id"":""f89796d5-ac11-60c3-86d8-4be8bb92d9a4"",""yes_price_dollars"":""0.2400""}"
KXETH15M-26APR280715-15,4e6b7379-95fd-6e5c-8c3d-8a6408b3f356,1777374168,0.22,7.0,no,"{""count_fp"":""7.00"",""created_time"":""2026-04-28T11:02:48.603185Z"",""no_price_dollars"":""0.7800"",""taker_side"":""no"",""ticker"":""KXETH15M-26APR280715-15"",""trade_id"":""4e6b7379-95fd-6e5c-8c3d-8a6408b3f356"",""yes_price_dollars"":""0.2200""}"
KXETH15M-26APR280715-15,da9bb2f0-e7c6-62ef-6f68-a010593180ad,1777374174,0.22,6.0,no,"{""count_fp"":""6.00"",""created_time"":""2026-04-28T11:02:54.256576Z"",""no_price_dollars"":""0.7800"",""taker_side"":""no"",""ticker"":""KXETH15M-26APR280715-15"",""trade_id"":""da9bb2f0-e7c6-62ef-6f68-a010593180ad"",""yes_price_dollars"":""0.2200""}"
KXETH15M-26APR280715-15,6b4ede94-b60e-4e23-282d-72d977f63d59,1777374175,0.22,126.26,no,"{""count_fp"":""126.26"",""created_time"":""2026-04-28T11:02:55.204775Z"",""no_price_dollars"":""0.7800"",""taker_side"":""no"",""ticker"":""KXETH15M-26APR280715-15"",""trade_id"":""6b4ede94-b60e-4e23-282d-72d977f63d59"",""yes_price_dollars"":""0.2200""}"
KXETH15M-26APR280715-15,3b9351d2-8eb9-6817-e5b0-7b7795beebe3,1777374177,0.19,2.32,yes,"{""count_fp"":""2.32"",""created_time"":""2026-04-28T11:02:57.115412Z"",""no_price_dollars"":""0.8100"",""taker_side"":""yes"",""ticker"":""KXETH15M-26APR280715-15"",""trade_id"":""3b9351d2-8eb9-6817-e5b0-7b7795beebe3"",""yes_price_dollars"":""0.1900""}"
KXETH15M-26APR280715-15,c701487d-be95-7747-ef42-726d8d80d157,1777374178,0.19,1.0,yes,"{""count_fp"":""1.00"",""created_time"":""2026-04-28T11:02:58.429105Z"",""no_price_dollars"":""0.8100"",""taker_side"":""yes"",""ticker"":""KXETH15M-26APR280715-15"",""trade_id"":""c701487d-be95-7747-ef42-726d8d80d157"",""yes_price_dollars"":""0.1900""}"
KXETH15M-26APR280715-15,72d621d7-cf69-41b7-d479-19bcf6de122b,1777374182,0.18,3.0,yes,"{""count_fp"":""3.00"",""created_time"":""2026-04-28T11:03:02.180002Z"",""no_price_dollars"":""0.8200"",""taker_side"":""yes"",""ticker"":""KXETH15M-26APR280715-15"",""trade_id"":""72d621d7-cf69-41b7-d479-19bcf6de122b"",""yes_price_dollars"":""0.1800""}"
KXETH15M-26APR280715-15,d3bed70a-5f35-412b-5a47-bb61a87e8f2f,1777374184,0.18,52.53,yes,"{""count_fp"":""52.53"",""created_time"":""2026-04-28T11:03:04.450437Z"",""no_price_dollars"":""0.8200"",""taker_side"":""yes"",""ticker"":""KXETH15M-26APR280715-15"",""trade_id"":""d3bed70a-5f35-412b-5a47-bb61a87e8f2f"",""yes_price_dollars"":""0.1800""}"
KXETH15M-26APR280715-15,8f62e325-22fd-42c6-400d-58306c8199cf,1777374186,0.17,5.0,no,"{""count_fp"":""5.00"",""created_time"":""2026-04-28T11:03:06.987835Z"",""no_price_dollars"":""0.8300"",""taker_side"":""no"",""ticker"":""KXETH15M-26APR280715-15"",""trade_id"":""8f62e325-22fd-42c6-400d-58306c8199cf"",""yes_price_dollars"":""0.1700""}"
KXETH15M-26APR280715-15,5eb6aca2-0a3a-4664-45f6-de9ae007e224,1777374186,0.15,12.0,no,"{""count_fp"":""12.00"",""created_time"":""2026-04-28T11:03:06.987835Z"",""no_price_dollars"":""0.8500"",""taker_side"":""no"",""ticker"":""KXETH15M-26APR280715-15"",""trade_id"":""5eb6aca2-0a3a-4664-45f6-de9ae007e224"",""yes_price_dollars"":""0.1500""}"
KXETH15M-26APR280715-15,36197a97-2b45-4297-5249-709312e60abf,1777374186,0.15,11.0,no,"{""count_fp"":""11.00"",""created_time"":""2026-04-28T11:03:06.987835Z"",""no_price_dollars"":""0.8500"",""taker_side"":""no"",""ticker"":""KXETH15M-26APR280715-15"",""trade_id"":""36197a97-2b45-4297-5249-709312e60abf"",""yes_price_dollars"":""0.1500""}"
KXETH15M-26APR280715-15,1f2a4a94-eb92-4ddf-5875-90bec264f6b7,1777374186,0.16,1.0,no,"{""count_fp"":""1.00"",""created_time"":""2026-04-28T11:03:06.987835Z"",""no_price_dollars"":""0.8400"",""taker_side"":""no"",""ticker"":""KXETH15M-26APR280715-15"",""trade_id"":""1f2a4a94-eb92-4ddf-5875-90bec264f6b7"",""yes_price_dollars"":""0.1600""}"
KXETH15M-26APR280715-15,9c833f67-59bd-7d87-050b-12bca1a202f0,1777374186,0.18,29.0,yes,"{""count_fp"":""29.00"",""created_time"":""2026-04-28T11:03:06.592475Z"",""no_price_dollars"":""0.8200"",""taker_side"":""yes"",""ticker"":""KXETH15M-26APR280715-15"",""trade_id"":""9c833f67-59bd-7d87-050b-12bca1a202f0"",""yes_price_dollars"":""0.1800""}"
KXETH15M-26APR280715-15,a9a405c0-9f5d-634b-93a1-9b16821abfec,1777374187,0.17,3.0,yes,"{""count_fp"":""3.00"",""created_time"":""2026-04-28T11:03:07.779042Z"",""no_price_dollars"":""0.8300"",""taker_side"":""yes"",""ticker"":""KXETH15M-26APR280715-15"",""trade_id"":""a9a405c0-9f5d-634b-93a1-9b16821abfec"",""yes_price_dollars"":""0.1700""}"
KXETH15M-26APR280715-15,7c570f1d-d825-69ef-b8db-061eb87129a4,1777374191,0.17,5.55,yes,"{""count_fp"":""5.55"",""created_time"":""2026-04-28T11:03:11.481799Z"",""no_price_dollars"":""0.8300"",""taker_side"":""yes"",""ticker"":""KXETH15M-26APR280715-15"",""trade_id"":""7c570f1d-d825-69ef-b8db-061eb87129a4"",""yes_price_dollars"":""0.1700""}"
KXETH15M-26APR280715-15,950cdf0b-04f2-6de3-6b8b-c99b26fafbe9,1777374194,0.14,4.0,no,"{""count_fp"":""4.00"",""created_time"":""2026-04-28T11:03:14.467688Z"",""no_price_dollars"":""0.8600"",""taker_side"":""no"",""ticker"":""KXETH15M-26APR280715-15"",""trade_id"":""950cdf0b-04f2-6de3-6b8b-c99b26fafbe9"",""yes_price_dollars"":""0.1400""}"
KXETH15M-26APR280715-15,de2f2a51-28b9-7abb-6942-726a0b151d04,1777374194,0.17,4.0,yes,"{""count_fp"":""4.00"",""created_time"":""2026-04-28T11:03:14.283725Z"",""no_price_dollars"":""0.8300"",""taker_side"":""yes"",""ticker"":""KXETH15M-26APR280715-15"",""trade_id"":""de2f2a51-28b9-7abb-6942-726a0b151d04"",""yes_price_dollars"":""0.1700""}"
KXETH15M-26APR280715-15,50e64518-ec55-50cf-e63a-6ab2a37fa014,1777374196,0.15,4.0,yes,"{""count_fp"":""4.00"",""created_time"":""2026-04-28T11:03:16.921302Z"",""no_price_dollars"":""0.8500"",""taker_side"":""yes"",""ticker"":""KXETH15M-26APR280715-15"",""trade_id"":""50e64518-ec55-50cf-e63a-6ab2a37fa014"",""yes_price_dollars"":""0.1500""}"
KXETH15M-26APR280715-15,12c9a6bb-9d41-68cb-c503-b9191e631624,1777374199,0.15,3.0,yes,"{""count_fp"":""3.00"",""created_time"":""2026-04-28T11:03:19.578709Z"",""no_price_dollars"":""0.8500"",""taker_side"":""yes"",""ticker"":""KXETH15M-26APR280715-15"",""trade_id"":""12c9a6bb-9d41-68cb-c503-b9191e631624"",""yes_price_dollars"":""0.1500""}"
KXETH15M-26APR280715-15,26cd2c83-0762-476f-5bd5-8cb7add57569,1777374199,0.14,3.0,no,"{""count_fp"":""3.00"",""created_time"":""2026-04-28T11:03:19.464043Z"",""no_price_dollars"":""0.8600"",""taker_side"":""no"",""ticker"":""KXETH15M-26APR280715-15"",""trade_id"":""26cd2c83-0762-476f-5bd5-8cb7add57569"",""yes_price_dollars"":""0.1400""}"
KXETH15M-26APR280715-15,61eb75ea-35d5-55a3-1385-29eb92c44c30,1777374200,0.15,7.0,yes,"{""count_fp"":""7.00"",""created_time"":""2026-04-28T11:03:20.924484Z"",""no_price_dollars"":""0.8500"",""taker_side"":""yes"",""ticker"":""KXETH15M-26APR280715-15"",""trade_id"":""61eb75ea-35d5-55a3-1385-29eb92c44c30"",""yes_price_dollars"":""0.1500""}"
KXETH15M-26APR280715-15,b504d0c9-2301-5d1c-b3b7-9284f46a8811,1777374212,0.14,11.51,no,"{""count_fp"":""11.51"",""created_time"":""2026-04-28T11:03:32.269508Z"",""no_price_dollars"":""0.8600"",""taker_side"":""no"",""ticker"":""KXETH15M-26APR280715-15"",""trade_id"":""b504d0c9-2301-5d1c-b3b7-9284f46a8811"",""yes_price_dollars"":""0.1400""}"
KXETH15M-26APR280715-15,a212aa59-935a-42ed-28a3-aa83548a2671,1777374214,0.15,10.0,yes,"{""count_fp"":""10.00"",""created_time"":""2026-04-28T11:03:34.403815Z"",""no_price_dollars"":""0.8500"",""taker_side"":""yes"",""ticker"":""KXETH15M-26APR280715-15"",""trade_id"":""a212aa59-935a-42ed-28a3-aa83548a2671"",""yes_price_dollars"":""0.1500""}"
KXETH15M-26APR280715-15,3bf45674-e13c-4825-2785-91e1aece29aa,1777374214,0.15,59.0,yes,"{""count_fp"":""59.00"",""created_time"":""2026-04-28T11:03:34.403815Z"",""no_price_dollars"":""0.8500"",""taker_side"":""yes"",""ticker"":""KXETH15M-26APR280715-15"",""trade_id"":""3bf45674-e13c-4825-2785-91e1aece29aa"",""yes_price_dollars"":""0.1500""}"
KXETH15M-26APR280715-15,56d0feb8-0de1-796c-d289-e7acf86fad79,1777374216,0.14,11.51,no,"{""count_fp"":""11.51"",""created_time"":""2026-04-28T11:03:36.135984Z"",""no_price_dollars"":""0.8600"",""taker_side"":""no"",""ticker"":""KXETH15M-26APR280715-15"",""trade_id"":""56d0feb8-0de1-796c-d289-e7acf86fad79"",""yes_price_dollars"":""0.1400""}"
KXETH15M-26APR280715-15,d1786db7-3bfb-6a7c-5485-818762ddb623,1777374217,0.16,3.0,yes,"{""count_fp"":""3.00"",""created_time"":""2026-04-28T11:03:37.994905Z"",""no_price_dollars"":""0.8400"",""taker_side"":""yes"",""ticker"":""KXETH15M-26APR280715-15"",""trade_id"":""d1786db7-3bfb-6a7c-5485-818762ddb623"",""yes_price_dollars"":""0.1600""}"
KXETH15M-26APR280715-15,2502d5e6-6de4-53e9-76af-960c4eaad818,1777374217,0.15,3.0,no,"{""count_fp"":""3.00"",""created_time"":""2026-04-28T11:03:37.801849Z"",""no_price_dollars"":""0.8500"",""taker_side"":""no"",""ticker"":""KXETH15M-26APR280715-15"",""trade_id"":""2502d5e6-6de4-53e9-76af-960c4eaad818"",""yes_price_dollars"":""0.1500""}"
KXETH15M-26APR280715-15,4b57eb81-9fbf-5c3e-ee6f-b515fae2fa49,1777374221,0.16,5.9,yes,"{""count_fp"":""5.90"",""created_time"":""2026-04-28T11:03:41.053746Z"",""no_price_dollars"":""0.8400"",""taker_side"":""yes"",""ticker"":""KXETH15M-26APR280715-15"",""trade_id"":""4b57eb81-9fbf-5c3e-ee6f-b515fae2fa49"",""yes_price_dollars"":""0.1600""}"
KXETH15M-26APR280715-15,dd3ef77f-30a8-450d-7547-9e53546c34d8,1777374222,0.15,3.0,no,"{""count_fp"":""3.00"",""created_time"":""2026-04-28T11:03:42.454189Z"",""no_price_dollars"":""0.8500"",""taker_side"":""no"",""ticker"":""KXETH15M-26APR280715-15"",""trade_id"":""dd3ef77f-30a8-450d-7547-9e53546c34d8"",""yes_price_dollars"":""0.1500""}"
KXETH15M-26APR280715-15,41055231-871d-4c00-6f65-8bb5e9aee49d,1777374222,0.14,2.0,no,"{""count_fp"":""2.00"",""created_time"":""2026-04-28T11:03:42.454189Z"",""no_price_dollars"":""0.8600"",""taker_side"":""no"",""ticker"":""KXETH15M-26APR280715-15"",""trade_id"":""41055231-871d-4c00-6f65-8bb5e9aee49d"",""yes_price_dollars"":""0.1400""}"
KXETH15M-26APR280715-15,ad001ffe-0c59-5b20-fd22-662f515d7ba5,1777374227,0.14,4.0,no,"{""count_fp"":""4.00"",""created_time"":""2026-04-28T11:03:47.359473Z"",""no_price_dollars"":""0.8600"",""taker_side"":""no"",""ticker"":""KXETH15M-26APR280715-15"",""trade_id"":""ad001ffe-0c59-5b20-fd22-662f515d7ba5"",""yes_price_dollars"":""0.1400""}"
KXETH15M-26APR280715-15,3ea90a58-1095-5507-49d5-a7b361e6df6c,1777374227,0.15,4.0,yes,"{""count_fp"":""4.00"",""created_time"":""2026-04-28T11:03:47.003Z"",""no_price_dollars"":""0.8500"",""taker_side"":""yes"",""ticker"":""KXETH15M-26APR280715-15"",""trade_id"":""3ea90a58-1095-5507-49d5-a7b361e6df6c"",""yes_price_dollars"":""0.1500""}"
KXETH15M-26APR280715-15,0ef65d2d-93d9-6e0b-c8d6-2ad8f0ff571c,1777374230,0.17,100.0,yes,"{""count_fp"":""100.00"",""created_time"":""2026-04-28T11:03:50.992244Z"",""no_price_dollars"":""0.8300"",""taker_side"":""yes"",""ticker"":""KXETH15M-26APR280715-15"",""trade_id"":""0ef65d2d-93d9-6e0b-c8d6-2ad8f0ff571c"",""yes_price_dollars"":""0.1700""}"
KXETH15M-26APR280715-15,74201263-745c-7b07-7a95-52bf3a72865b,1777374230,0.15,10.0,yes,"{""count_fp"":""10.00"",""created_time"":""2026-04-28T11:03:50.852136Z"",""no_price_dollars"":""0.8500"",""taker_side"":""yes"",""ticker"":""KXETH15M-26APR280715-15"",""trade_id"":""74201263-745c-7b07-7a95-52bf3a72865b"",""yes_price_dollars"":""0.1500""}"
KXETH15M-26APR280715-15,fac0f0ba-dc60-6815-b9aa-8c607fcebf6a,1777374236,0.15,3.0,yes,"{""count_fp"":""3.00"",""created_time"":""2026-04-28T11:03:56.265499Z"",""no_price_dollars"":""0.8500"",""taker_side"":""yes"",""ticker"":""KXETH15M-26APR280715-15"",""trade_id"":""fac0f0ba-dc60-6815-b9aa-8c607fcebf6a"",""yes_price_dollars"":""0.1500""}"
KXETH15M-26APR280715-15,a37ae3f5-e24d-4de8-06b5-1b5e15bcf589,1777374243,0.14,1.0,no,"{""count_fp"":""1.00"",""created_time"":""2026-04-28T11:04:03.173732Z"",""no_price_dollars"":""0.8600"",""taker_side"":""no"",""ticker"":""KXETH15M-26APR280715-15"",""trade_id"":""a37ae3f5-e24d-4de8-06b5-1b5e15bcf589"",""yes_price_dollars"":""0.1400""}"
KXETH15M-26APR280715-15,94183444-63a8-7c19-cbad-b52fca2b0452,1777374251,0.15,3.0,yes,"{""count_fp"":""3.00"",""created_time"":""2026-04-28T11:04:11.819031Z"",""no_price_dollars"":""0.8500"",""taker_side"":""yes"",""ticker"":""KXETH15M-26APR280715-15"",""trade_id"":""94183444-63a8-7c19-cbad-b52fca2b0452"",""yes_price_dollars"":""0.1500""}"
KXETH15M-26APR280715-15,348c5cf9-b815-550c-b95e-b5e3a447bd1d,1777374251,0.14,3.0,no,"{""count_fp"":""3.00"",""created_time"":""2026-04-28T11:04:11.741848Z"",""no_price_dollars"":""0.8600"",""taker_side"":""no"",""ticker"":""KXETH15M-26APR280715-15"",""trade_id"":""348c5cf9-b815-550c-b95e-b5e3a447bd1d"",""yes_price_dollars"":""0.1400""}"
KXETH15M-26APR280715-15,e871e61c-d909-6240-f96c-5cdc36d02c7d,1777374256,0.14,0.98,no,"{""count_fp"":""0.98"",""created_time"":""2026-04-28T11:04:16.973285Z"",""no_price_dollars"":""0.8600"",""taker_side"":""no"",""ticker"":""KXETH15M-26APR280715-15"",""trade_id"":""e871e61c-d909-6240-f96c-5cdc36d02c7d"",""yes_price_dollars"":""0.1400""}"
KXETH15M-26APR280715-15,2111ec11-bcc1-5898-6234-726b86f7f1e5,1777374256,0.14,88.0,no,"{""count_fp"":""88.00"",""created_time"":""2026-04-28T11:04:16.937464Z"",""no_price_dollars"":""0.8600"",""taker_side"":""no"",""ticker"":""KXETH15M-26APR280715-15"",""trade_id"":""2111ec11-bcc1-5898-6234-726b86f7f1e5"",""yes_price_dollars"":""0.1400""}"
KXETH15M-26APR280715-15,6599058f-e771-58f5-92e4-7844dae4c5ac,1777374257,0.11,50.0,no,"{""count_fp"":""50.00"",""created_time"":""2026-04-28T11:04:17.969188Z"",""no_price_dollars"":""0.8900"",""taker_side"":""no"",""ticker"":""KXETH15M-26APR280715-15"",""trade_id"":""6599058f-e771-58f5-92e4-7844dae4c5ac"",""yes_price_dollars"":""0.1100""}"
KXETH15M-26APR280715-15,a261cab6-4a67-51ae-4c57-ba04facf8049,1777374257,0.13,1.0,no,"{""count_fp"":""1.00"",""created_time"":""2026-04-28T11:04:17.286156Z"",""no_price_dollars"":""0.8700"",""taker_side"":""no"",""ticker"":""KXETH15M-26APR280715-15"",""trade_id"":""a261cab6-4a67-51ae-4c57-ba04facf8049"",""yes_price_dollars"":""0.1300""}"
KXETH15M-26APR280715-15,3baff2dc-c90e-541e-588d-59071d754a2f,1777374257,0.13,9.0,no,"{""count_fp"":""9.00"",""created_time"":""2026-04-28T11:04:17.286156Z"",""no_price_dollars"":""0.8700"",""taker_side"":""no"",""ticker"":""KXETH15M-26APR280715-15"",""trade_id"":""3baff2dc-c90e-541e-588d-59071d754a2f"",""yes_price_dollars"":""0.1300""}"
KXETH15M-26APR280715-15,ebdcdb98-d0a4-5a20-ee7a-180349db503c,1777374258,0.11,4.0,no,"{""count_fp"":""4.00"",""created_time"":""2026-04-28T11:04:18.436088Z"",""no_price_dollars"":""0.8900"",""taker_side"":""no"",""ticker"":""KXETH15M-26APR280715-15"",""trade_id"":""ebdcdb98-d0a4-5a20-ee7a-180349db503c"",""yes_price_dollars"":""0.1100""}"
KXETH15M-26APR280715-15,6ea48bc4-a025-5471-dc2d-8bc0252a9cb0,1777374258,0.11,33.0,no,"{""count_fp"":""33.00"",""created_time"":""2026-04-28T11:04:18.436088Z"",""no_price_dollars"":""0.8900"",""taker_side"":""no"",""ticker"":""KXETH15M-26APR280715-15"",""trade_id"":""6ea48bc4-a025-5471-dc2d-8bc0252a9cb0"",""yes_price_dollars"":""0.1100""}"
KXETH15M-26APR280715-15,59620707-71a4-62c9-e793-b7e36d4687f2,1777374259,0.11,4.0,yes,"{""count_fp"":""4.00"",""created_time"":""2026-04-28T11:04:19.939757Z"",""no_price_dollars"":""0.8900"",""taker_side"":""yes"",""ticker"":""KXETH15M-26APR280715-15"",""trade_id"":""59620707-71a4-62c9-e793-b7e36d4687f2"",""yes_price_dollars"":""0.1100""}"
KXETH15M-26APR280715-15,f688d17e-85b4-7a9c-f796-8398c1198bc8,1777374259,0.1,1.0,no,"{""count_fp"":""1.00"",""created_time"":""2026-04-28T11:04:19.109067Z"",""no_price_dollars"":""0.9000"",""taker_side"":""no"",""ticker"":""KXETH15M-26APR280715-15"",""trade_id"":""f688d17e-85b4-7a9c-f796-8398c1198bc8"",""yes_price_dollars"":""0.1000""}"
KXETH15M-26APR280715-15,f67d66e2-9dc4-7178-d314-cdf3591ffcf0,1777374259,0.1,2.0,no,"{""count_fp"":""2.00"",""created_time"":""2026-04-28T11:04:19.109067Z"",""no_price_dollars"":""0.9000"",""taker_side"":""no"",""ticker"":""KXETH15M-26APR280715-15"",""trade_id"":""f67d66e2-9dc4-7178-d314-cdf3591ffcf0"",""yes_price_dollars"":""0.1000""}"
KXETH15M-26APR280715-15,62dabbb0-b114-72c7-c882-8271eb52f791,1777374259,0.1,35.0,no,"{""count_fp"":""35.00"",""created_time"":""2026-04-28T11:04:19.109067Z"",""no_price_dollars"":""0.9000"",""taker_side"":""no"",""ticker"":""KXETH15M-26APR280715-15"",""trade_id"":""62dabbb0-b114-72c7-c882-8271eb52f791"",""yes_price_dollars"":""0.1000""}"
KXETH15M-26APR280715-15,4e0e50a6-6eab-7ffb-d439-f45772ad457d,1777374259,0.1,2.0,no,"{""count_fp"":""2.00"",""created_time"":""2026-04-28T11:04:19.109067Z"",""no_price_dollars"":""0.9000"",""taker_side"":""no"",""ticker"":""KXETH15M-26APR280715-15"",""trade_id"":""4e0e50a6-6eab-7ffb-d439-f45772ad457d"",""yes_price_dollars"":""0.1000""}"
KXETH15M-26APR280715-15,cf01dee8-aed8-5c7f-93e3-c39517a96c5d,1777374260,0.07,4.0,no,"{""count_fp"":""4.00"",""created_time"":""2026-04-28T11:04:20.413957Z"",""no_price_dollars"":""0.9300"",""taker_side"":""no"",""ticker"":""KXETH15M-26APR280715-15"",""trade_id"":""cf01dee8-aed8-5c7f-93e3-c39517a96c5d"",""yes_price_dollars"":""0.0700""}"
KXETH15M-26APR280715-15,ef394ea7-692a-5838-1d2a-66d2edebda1a,1777374260,0.09,1.0,no,"{""count_fp"":""1.00"",""created_time"":""2026-04-28T11:04:20.109399Z"",""no_price_dollars"":""0.9100"",""taker_side"":""no"",""ticker"":""KXETH15M-26APR280715-15"",""trade_id"":""ef394ea7-692a-5838-1d2a-66d2edebda1a"",""yes_price_dollars"":""0.0900""}"
KXETH15M-26APR280715-15,d340ba2c-1f09-59b1-279a-21e3a0665c06,1777374260,0.09,4.0,no,"{""count_fp"":""4.00"",""created_time"":""2026-04-28T11:04:20.109399Z"",""no_price_dollars"":""0.9100"",""taker_side"":""no"",""ticker"":""KXETH15M-26APR280715-15"",""trade_id"":""d340ba2c-1f09-59b1-279a-21e3a0665c06"",""yes_price_dollars"":""0.0900""}"
KXETH15M-26APR280715-15,9e761e81-dd2d-558e-26ad-69e6390424a6,1777374260,0.09,3.0,no,"{""count_fp"":""3.00"",""created_time"":""2026-04-28T11:04:20.109399Z"",""no_price_dollars"":""0.9100"",""taker_side"":""no"",""ticker"":""KXETH15M-26APR280715-15"",""trade_id"":""9e761e81-dd2d-558e-26ad-69e6390424a6"",""yes_price_dollars"":""0.0900""}"
KXETH15M-26APR280715-15,96ff0751-4de8-5754-09ca-141e2be29f14,1777374260,0.1,1.0,no,"{""count_fp"":""1.00"",""created_time"":""2026-04-28T11:04:20.109399Z"",""no_price_dollars"":""0.9000"",""taker_side"":""no"",""ticker"":""KXETH15M-26APR280715-15"",""trade_id"":""96ff0751-4de8-5754-09ca-141e2be29f14"",""yes_price_dollars"":""0.1000""}"
KXETH15M-26APR280715-15,83cc0743-a91c-53e9-2c3d-035b5b7dd717,1777374260,0.1,3.0,no,"{""count_fp"":""3.00"",""created_time"":""2026-04-28T11:04:20.109399Z"",""no_price_dollars"":""0.9000"",""taker_side"":""no"",""ticker"":""KXETH15M-26APR280715-15"",""trade_id"":""83cc0743-a91c-53e9-2c3d-035b5b7dd717"",""yes_price_dollars"":""0.1000""}"
KXETH15M-26APR280715-15,7a25ed49-a864-5daa-39dc-2e3c516c261f,1777374260,0.1,1.0,no,"{""count_fp"":""1.00"",""created_time"":""2026-04-28T11:04:20.109399Z"",""no_price_dollars"":""0.9000"",""taker_side"":""no"",""ticker"":""KXETH15M-26APR280715-15"",""trade_id"":""7a25ed49-a864-5daa-39dc-2e3c516c261f"",""yes_price_dollars"":""0.1000""}"
KXETH15M-26APR280715-15,59e60438-ef95-550c-21be-a9adb1c1b325,1777374260,0.08,3.0,no,"{""count_fp"":""3.00"",""created_time"":""2026-04-28T11:04:20.109399Z"",""no_price_dollars"":""0.9200"",""taker_side"":""no"",""ticker"":""KXETH15M-26APR280715-15"",""trade_id"":""59e60438-ef95-550c-21be-a9adb1c1b325"",""yes_price_dollars"":""0.0800""}"
KXETH15M-26APR280715-15,5600bf9b-fad0-5f0f-2307-a889df52522f,1777374260,0.07,1.0,no,"{""count_fp"":""1.00"",""created_time"":""2026-04-28T11:04:20.109399Z"",""no_price_dollars"":""0.9300"",""taker_side"":""no"",""ticker"":""KXETH15M-26APR280715-15"",""trade_id"":""5600bf9b-fad0-5f0f-2307-a889df52522f"",""yes_price_dollars"":""0.0700""}"
KXETH15M-26APR280715-15,31821739-d322-5016-2099-38b519f79b76,1777374260,0.07,1.0,no,"{""count_fp"":""1.00"",""created_time"":""2026-04-28T11:04:20.109399Z"",""no_price_dollars"":""0.9300"",""taker_side"":""no"",""ticker"":""KXETH15M-26APR280715-15"",""trade_id"":""31821739-d322-5016-2099-38b519f79b76"",""yes_price_dollars"":""0.0700""}"
KXETH15M-26APR280715-15,27842eb9-3491-573c-063f-34a63f1390c7,1777374260,0.08,1.0,no,"{""count_fp"":""1.00"",""created_time"":""2026-04-28T11:04:20.109399Z"",""no_price_dollars"":""0.9200"",""taker_side"":""no"",""ticker"":""KXETH15M-26APR280715-15"",""trade_id"":""27842eb9-3491-573c-063f-34a63f1390c7"",""yes_price_dollars"":""0.0800""}"
KXETH15M-26APR280715-15,1223f736-d72d-52a8-0012-933a2652d2a7,1777374260,0.08,6.0,no,"{""count_fp"":""6.00"",""created_time"":""2026-04-28T11:04:20.109399Z"",""no_price_dollars"":""0.9200"",""taker_side"":""no"",""ticker"":""KXETH15M-26APR280715-15"",""trade_id"":""1223f736-d72d-52a8-0012-933a2652d2a7"",""yes_price_dollars"":""0.0800""}"
KXETH15M-26APR280715-15,0fd18981-8262-5fd6-3533-6403da1c8bb5,1777374260,0.1,1.0,no,"{""count_fp"":""1.00"",""created_time"":""2026-04-28T11:04:20.109399Z"",""no_price_dollars"":""0.9000"",""taker_side"":""no"",""ticker"":""KXETH15M-26APR280715-15"",""trade_id"":""0fd18981-8262-5fd6-3533-6403da1c8bb5"",""yes_price_dollars"":""0.1000""}"
KXETH15M-26APR280715-15,62396e08-b228-668c-e050-e01179c187bc,1777374260,0.1,1.0,no,"{""count_fp"":""1.00"",""created_time"":""2026-04-28T11:04:20.031914Z"",""no_price_dollars"":""0.9000"",""taker_side"":""no"",""ticker"":""KXETH15M-26APR280715-15"",""trade_id"":""62396e08-b228-668c-e050-e01179c187bc"",""yes_price_dollars"":""0.1000""}"
KXETH15M-26APR280715-15,9aea8bd1-0674-66d2-4c60-8a94366a2aa5,1777374269,0.1,3.0,yes,"{""count_fp"":""3.00"",""created_time"":""2026-04-28T11:04:29.357671Z"",""no_price_dollars"":""0.9000"",""taker_side"":""yes"",""ticker"":""KXETH15M-26APR280715-15"",""trade_id"":""9aea8bd1-0674-66d2-4c60-8a94366a2aa5"",""yes_price_dollars"":""0.1000""}"
KXETH15M-26APR280715-15,e49a4087-5469-7a78-cbf4-4e61c18de122,1777374273,0.081,3.0,no,"{""count_fp"":""3.00"",""created_time"":""2026-04-28T11:04:33.432842Z"",""no_price_dollars"":""0.9190"",""taker_side"":""no"",""ticker"":""KXETH15M-26APR280715-15"",""trade_id"":""e49a4087-5469-7a78-cbf4-4e61c18de122"",""yes_price_dollars"":""0.0810""}"
KXETH15M-26APR280715-15,088e0b79-dd48-4ef1-1b54-66ecfcbe0d8a,1777374276,0.098,3.0,yes,"{""count_fp"":""3.00"",""created_time"":""2026-04-28T11:04:36.338909Z"",""no_price_dollars"":""0.9020"",""taker_side"":""yes"",""ticker"":""KXETH15M-26APR280715-15"",""trade_id"":""088e0b79-dd48-4ef1-1b54-66ecfcbe0d8a"",""yes_price_dollars"":""0.0980""}"
KXETH15M-26APR280715-15,ab1e3dd6-bb8a-5827-7c6c-8fff1fdbe568,1777374289,0.087,9.0,yes,"{""count_fp"":""9.00"",""created_time"":""2026-04-28T11:04:49.260388Z"",""no_price_dollars"":""0.9130"",""taker_side"":""yes"",""ticker"":""KXETH15M-26APR280715-15"",""trade_id"":""ab1e3dd6-bb8a-5827-7c6c-8fff1fdbe568"",""yes_price_dollars"":""0.0870""}"
KXETH15M-26APR280715-15,c63665d1-e16d-7b21-181e-93c43c3e5d27,1777374292,0.08,4.0,no,"{""count_fp"":""4.00"",""created_time"":""2026-04-28T11:04:52.748942Z"",""no_price_dollars"":""0.9200"",""taker_side"":""no"",""ticker"":""KXETH15M-26APR280715-15"",""trade_id"":""c63665d1-e16d-7b21-181e-93c43c3e5d27"",""yes_price_dollars"":""0.0800""}"
KXETH15M-26APR280715-15,756fe01f-8f0f-5d59-5116-d1c8985913c3,1777374292,0.087,4.0,yes,"{""count_fp"":""4.00"",""created_time"":""2026-04-28T11:04:52.557864Z"",""no_price_dollars"":""0.9130"",""taker_side"":""yes"",""ticker"":""KXETH15M-26APR280715-15"",""trade_id"":""756fe01f-8f0f-5d59-5116-d1c8985913c3"",""yes_price_dollars"":""0.0870""}"
KXETH15M-26APR280715-15,e418c8d7-290d-6a15-c950-909383d8f857,1777374293,0.08,1.0,no,"{""count_fp"":""1.00"",""created_time"":""2026-04-28T11:04:53.290812Z"",""no_price_dollars"":""0.9200"",""taker_side"":""no"",""ticker"":""KXETH15M-26APR280715-15"",""trade_id"":""e418c8d7-290d-6a15-c950-909383d8f857"",""yes_price_dollars"":""0.0800""}"
KXETH15M-26APR280715-15,4b82df2a-a327-6360-fdb9-db738843d313,1777374293,0.08,2.0,no,"{""count_fp"":""2.00"",""created_time"":""2026-04-28T11:04:53.290812Z"",""no_price_dollars"":""0.9200"",""taker_side"":""no"",""ticker"":""KXETH15M-26APR280715-15"",""trade_id"":""4b82df2a-a327-6360-fdb9-db738843d313"",""yes_price_dollars"":""0.0800""}"
KXETH15M-26APR280715-15,619d59ba-287f-7fa8-f38c-5fa7b9327a2f,1777374297,0.08,8.0,no,"{""count_fp"":""8.00"",""created_time"":""2026-04-28T11:04:57.103221Z"",""no_price_dollars"":""0.9200"",""taker_side"":""no"",""ticker"":""KXETH15M-26APR280715-15"",""trade_id"":""619d59ba-287f-7fa8-f38c-5fa7b9327a2f"",""yes_price_dollars"":""0.0800""}"
KXETH15M-26APR280715-15,3c56a550-4550-429d-bed2-a15903f75cda,1777374298,0.078,16.74,yes,"{""count_fp"":""16.74"",""created_time"":""2026-04-28T11:04:58.156373Z"",""no_price_dollars"":""0.9220"",""taker_side"":""yes"",""ticker"":""KXETH15M-26APR280715-15"",""trade_id"":""3c56a550-4550-429d-bed2-a15903f75cda"",""yes_price_dollars"":""0.0780""}"
KXETH15M-26APR280715-15,16af10cc-aedd-4c3d-a745-b253425c7b84,1777374298,0.077,15.78,yes,"{""count_fp"":""15.78"",""created_time"":""2026-04-28T11:04:58.156373Z"",""no_price_dollars"":""0.9230"",""taker_side"":""yes"",""ticker"":""KXETH15M-26APR280715-15"",""trade_id"":""16af10cc-aedd-4c3d-a745-b253425c7b84"",""yes_price_dollars"":""0.0770""}"
KXETH15M-26APR280715-15,87585261-9010-7ae9-6d46-6aaa0ce58206,1777374300,0.078,55.0,yes,"{""count_fp"":""55.00"",""created_time"":""2026-04-28T11:05:00.681972Z"",""no_price_dollars"":""0.9220"",""taker_side"":""yes"",""ticker"":""KXETH15M-26APR280715-15"",""trade_id"":""87585261-9010-7ae9-6d46-6aaa0ce58206"",""yes_price_dollars"":""0.0780""}"
KXETH15M-26APR280715-15,35547ffe-6ae8-5575-c08b-b666af61132a,1777374313,0.078,5.0,yes,"{""count_fp"":""5.00"",""created_time"":""2026-04-28T11:05:13.767972Z"",""no_price_dollars"":""0.9220"",""taker_side"":""yes"",""ticker"":""KXETH15M-26APR280715-15"",""trade_id"":""35547ffe-6ae8-5575-c08b-b666af61132a"",""yes_price_dollars"":""0.0780""}"
KXETH15M-26APR280715-15,c278d69a-0b74-7f97-e9d0-2107b2902548,1777374326,0.06,1.0,no,"{""count_fp"":""1.00"",""created_time"":""2026-04-28T11:05:26.992797Z"",""no_price_dollars"":""0.9400"",""taker_side"":""no"",""ticker"":""KXETH15M-26APR280715-15"",""trade_id"":""c278d69a-0b74-7f97-e9d0-2107b2902548"",""yes_price_dollars"":""0.0600""}"
KXETH15M-26APR280715-15,99a0184d-1d63-7f65-ebe2-c9d8932c80ec,1777374326,0.06,1.0,no,"{""count_fp"":""1.00"",""created_time"":""2026-04-28T11:05:26.992797Z"",""no_price_dollars"":""0.9400"",""taker_side"":""no"",""ticker"":""KXETH15M-26APR280715-15"",""trade_id"":""99a0184d-1d63-7f65-ebe2-c9d8932c80ec"",""yes_price_dollars"":""0.0600""}"
KXETH15M-26APR280715-15,59e8743a-db90-7ff9-d34c-fa9e8edc8b59,1777374326,0.06,1.0,no,"{""count_fp"":""1.00"",""created_time"":""2026-04-28T11:05:26.992797Z"",""no_price_dollars"":""0.9400"",""taker_side"":""no"",""ticker"":""KXETH15M-26APR280715-15"",""trade_id"":""59e8743a-db90-7ff9-d34c-fa9e8edc8b59"",""yes_price_dollars"":""0.0600""}"
KXETH15M-26APR280715-15,20ad22d9-995b-7198-c2a8-9f8a8a38214c,1777374326,0.06,8.0,no,"{""count_fp"":""8.00"",""created_time"":""2026-04-28T11:05:26.992797Z"",""no_price_dollars"":""0.9400"",""taker_side"":""no"",""ticker"":""KXETH15M-26APR280715-15"",""trade_id"":""20ad22d9-995b-7198-c2a8-9f8a8a38214c"",""yes_price_dollars"":""0.0600""}"
KXETH15M-26APR280715-15,04ce6534-88a0-75c8-c0d2-40f4fd5b4a78,1777374326,0.06,3.0,no,"{""count_fp"":""3.00"",""created_time"":""2026-04-28T11:05:26.992797Z"",""no_price_dollars"":""0.9400"",""taker_side"":""no"",""ticker"":""KXETH15M-26APR280715-15"",""trade_id"":""04ce6534-88a0-75c8-c0d2-40f4fd5b4a78"",""yes_price_dollars"":""0.0600""}"
KXETH15M-26APR280715-15,ba8a41e0-126a-50c3-06af-fc194135d661,1777374326,0.07,3.0,no,"{""count_fp"":""3.00"",""created_time"":""2026-04-28T11:05:26.092177Z"",""no_price_dollars"":""0.9300"",""taker_side"":""no"",""ticker"":""KXETH15M-26APR280715-15"",""trade_id"":""ba8a41e0-126a-50c3-06af-fc194135d661"",""yes_price_dollars"":""0.0700""}"
KXETH15M-26APR280715-15,b9c1bdb6-6178-59c2-091c-8985f11034d9,1777374326,0.07,8.0,no,"{""count_fp"":""8.00"",""created_time"":""2026-04-28T11:05:26.092177Z"",""no_price_dollars"":""0.9300"",""taker_side"":""no"",""ticker"":""KXETH15M-26APR280715-15"",""trade_id"":""b9c1bdb6-6178-59c2-091c-8985f11034d9"",""yes_price_dollars"":""0.0700""}"
KXETH15M-26APR280715-15,56b83214-97b0-5cb3-2bcc-242962e4218e,1777374326,0.07,5.0,no,"{""count_fp"":""5.00"",""created_time"":""2026-04-28T11:05:26.092177Z"",""no_price_dollars"":""0.9300"",""taker_side"":""no"",""ticker"":""KXETH15M-26APR280715-15"",""trade_id"":""56b83214-97b0-5cb3-2bcc-242962e4218e"",""yes_price_dollars"":""0.0700""}"
KXETH15M-26APR280715-15,3eeacd26-fd95-679e-ee49-24daade308c8,1777374327,0.05,1.0,no,"{""count_fp"":""1.00"",""created_time"":""2026-04-28T11:05:27.748314Z"",""no_price_dollars"":""0.9500"",""taker_side"":""no"",""ticker"":""KXETH15M-26APR280715-15"",""trade_id"":""3eeacd26-fd95-679e-ee49-24daade308c8"",""yes_price_dollars"":""0.0500""}"
KXETH15M-26APR280715-15,2f56e852-77e4-6178-d1b0-328d0db7f0f8,1777374327,0.05,9.0,no,"{""count_fp"":""9.00"",""created_time"":""2026-04-28T11:05:27.748314Z"",""no_price_dollars"":""0.9500"",""taker_side"":""no"",""ticker"":""KXETH15M-26APR280715-15"",""trade_id"":""2f56e852-77e4-6178-d1b0-328d0db7f0f8"",""yes_price_dollars"":""0.0500""}"
KXETH15M-26APR280715-15,b41272f3-c251-4513-4d0c-80db6128b91a,1777374328,0.05,6.0,no,"{""count_fp"":""6.00"",""created_time"":""2026-04-28T11:05:28.414632Z"",""no_price_dollars"":""0.9500"",""taker_side"":""no"",""ticker"":""KXETH15M-26APR280715-15"",""trade_id"":""b41272f3-c251-4513-4d0c-80db6128b91a"",""yes_price_dollars"":""0.0500""}"
KXETH15M-26APR280715-15,61b45d4f-6ad5-471f-7eef-1a27df2a9ec0,1777374328,0.05,3.0,no,"{""count_fp"":""3.00"",""created_time"":""2026-04-28T11:05:28.414632Z"",""no_price_dollars"":""0.9500"",""taker_side"":""no"",""ticker"":""KXETH15M-26APR280715-15"",""trade_id"":""61b45d4f-6ad5-471f-7eef-1a27df2a9ec0"",""yes_price_dollars"":""0.0500""}"
KXETH15M-26APR280715-15,00ea3f3e-ce9c-4bbc-64d9-4c5613d4b2d4,1777374328,0.05,1.0,no,"{""count_fp"":""1.00"",""created_time"":""2026-04-28T11:05:28.414632Z"",""no_price_dollars"":""0.9500"",""taker_side"":""no"",""ticker"":""KXETH15M-26APR280715-15"",""trade_id"":""00ea3f3e-ce9c-4bbc-64d9-4c5613d4b2d4"",""yes_price_dollars"":""0.0500""}"
KXETH15M-26APR280715-15,3b1f7ed8-b8d9-74e3-c00a-1190677ee256,1777374329,0.05,10.0,no,"{""count_fp"":""10.00"",""created_time"":""2026-04-28T11:05:29.173363Z"",""no_price_dollars"":""0.9500"",""taker_side"":""no"",""ticker"":""KXETH15M-26APR280715-15"",""trade_id"":""3b1f7ed8-b8d9-74e3-c00a-1190677ee256"",""yes_price_dollars"":""0.0500""}"
KXETH15M-26APR280715-15,ea542f24-9148-4b5b-7904-4e674fafec75,1777374341,0.05,9.37,yes,"{""count_fp"":""9.37"",""created_time"":""2026-04-28T11:05:41.440792Z"",""no_price_dollars"":""0.9500"",""taker_side"":""yes"",""ticker"":""KXETH15M-26APR280715-15"",""trade_id"":""ea542f24-9148-4b5b-7904-4e674fafec75"",""yes_price_dollars"":""0.0500""}"
KXETH15M-26APR280715-15,48fc7e0a-31b3-41ca-fc80-b029ce203f1e,1777374361,0.04,1.0,no,"{""count_fp"":""1.00"",""created_time"":""2026-04-28T11:06:01.521535Z"",""no_price_dollars"":""0.9600"",""taker_side"":""no"",""ticker"":""KXETH15M-26APR280715-15"",""trade_id"":""48fc7e0a-31b3-41ca-fc80-b029ce203f1e"",""yes_price_dollars"":""0.0400""}"
KXETH15M-26APR280715-15,19ce63d5-a8bb-473a-ce02-6d3a42465206,1777374361,0.04,1.0,no,"{""count_fp"":""1.00"",""created_time"":""2026-04-28T11:06:01.521535Z"",""no_price_dollars"":""0.9600"",""taker_side"":""no"",""ticker"":""KXETH15M-26APR280715-15"",""trade_id"":""19ce63d5-a8bb-473a-ce02-6d3a42465206"",""yes_price_dollars"":""0.0400""}"
KXETH15M-26APR280715-15,2193848c-b937-77b2-3774-6dbb030c376e,1777374362,0.04,1.0,no,"{""count_fp"":""1.00"",""created_time"":""2026-04-28T11:06:02.944469Z"",""no_price_dollars"":""0.9600"",""taker_side"":""no"",""ticker"":""KXETH15M-26APR280715-15"",""trade_id"":""2193848c-b937-77b2-3774-6dbb030c376e"",""yes_price_dollars"":""0.0400""}"
KXETH15M-26APR280715-15,843b29b2-bd97-6b26-c28c-2fe8c98afdb6,1777374375,0.04,5.0,no,"{""count_fp"":""5.00"",""created_time"":""2026-04-28T11:06:15.138418Z"",""no_price_dollars"":""0.9600"",""taker_side"":""no"",""ticker"":""KXETH15M-26APR280715-15"",""trade_id"":""843b29b2-bd97-6b26-c28c-2fe8c98afdb6"",""yes_price_dollars"":""0.0400""}"
KXETH15M-26APR280715-15,dfbed5ee-0719-5864-1eb0-fed330c844fd,1777374381,0.04,2.0,no,"{""count_fp"":""2.00"",""created_time"":""2026-04-28T11:06:21.516747Z"",""no_price_dollars"":""0.9600"",""taker_side"":""no"",""ticker"":""KXETH15M-26APR280715-15"",""trade_id"":""dfbed5ee-0719-5864-1eb0-fed330c844fd"",""yes_price_dollars"":""0.0400""}"
KXETH15M-26APR280715-15,d94aa212-b9da-5fd8-1273-162e1bc9f221,1777374381,0.04,1.0,no,"{""count_fp"":""1.00"",""created_time"":""2026-04-28T11:06:21.516747Z"",""no_price_dollars"":""0.9600"",""taker_side"":""no"",""ticker"":""KXETH15M-26APR280715-15"",""trade_id"":""d94aa212-b9da-5fd8-1273-162e1bc9f221"",""yes_price_dollars"":""0.0400""}"
KXETH15M-26APR280715-15,726c88ae-93af-5b9a-0505-7bc15fe3752a,1777374381,0.04,1.0,no,"{""count_fp"":""1.00"",""created_time"":""2026-04-28T11:06:21.516747Z"",""no_price_dollars"":""0.9600"",""taker_side"":""no"",""ticker"":""KXETH15M-26APR280715-15"",""trade_id"":""726c88ae-93af-5b9a-0505-7bc15fe3752a"",""yes_price_dollars"":""0.0400""}"
KXETH15M-26APR280715-15,b3f1d11f-15ed-775c-b564-325aa9bd58b9,1777374382,0.04,4.0,no,"{""count_fp"":""4.00"",""created_time"":""2026-04-28T11:06:22.518647Z"",""no_price_dollars"":""0.9600"",""taker_side"":""no"",""ticker"":""KXETH15M-26APR280715-15"",""trade_id"":""b3f1d11f-15ed-775c-b564-325aa9bd58b9"",""yes_price_dollars"":""0.0400""}"
KXETH15M-26APR280715-15,ffef27df-d80d-5ae0-10f2-eeeb7e26baf9,1777374383,0.04,2.0,no,"{""count_fp"":""2.00"",""created_time"":""2026-04-28T11:06:23.517591Z"",""no_price_dollars"":""0.9600"",""taker_side"":""no"",""ticker"":""KXETH15M-26APR280715-15"",""trade_id"":""ffef27df-d80d-5ae0-10f2-eeeb7e26baf9"",""yes_price_dollars"":""0.0400""}"
KXETH15M-26APR280715-15,197deae3-11e7-444c-dc87-84775e462f40,1777374386,0.048,6.0,yes,"{""count_fp"":""6.00"",""created_time"":""2026-04-28T11:06:26.033746Z"",""no_price_dollars"":""0.9520"",""taker_side"":""yes"",""ticker"":""KXETH15M-26APR280715-15"",""trade_id"":""197deae3-11e7-444c-dc87-84775e462f40"",""yes_price_dollars"":""0.0480""}"
KXETH15M-26APR280715-15,f5126166-1afb-65e5-5719-128f9f286cf5,1777374387,0.046,4.0,no,"{""count_fp"":""4.00"",""created_time"":""2026-04-28T11:06:27.710752Z"",""no_price_dollars"":""0.9540"",""taker_side"":""no"",""ticker"":""KXETH15M-26APR280715-15"",""trade_id"":""f5126166-1afb-65e5-5719-128f9f286cf5"",""yes_price_dollars"":""0.0460""}"
KXETH15M-26APR280715-15,cc1cb445-3e13-68d0-270d-42d78e0842e8,1777374387,0.048,4.0,yes,"{""count_fp"":""4.00"",""created_time"":""2026-04-28T11:06:27.510552Z"",""no_price_dollars"":""0.9520"",""taker_side"":""yes"",""ticker"":""KXETH15M-26APR280715-15"",""trade_id"":""cc1cb445-3e13-68d0-270d-42d78e0842e8"",""yes_price_dollars"":""0.0480""}"
KXETH15M-26APR280715-15,915bfc56-750b-4500-5686-c4a25ff41c54,1777374397,0.048,109.0,yes,"{""count_fp"":""109.00"",""created_time"":""2026-04-28T11:06:37.042993Z"",""no_price_dollars"":""0.9520"",""taker_side"":""yes"",""ticker"":""KXETH15M-26APR280715-15"",""trade_id"":""915bfc56-750b-4500-5686-c4a25ff41c54"",""yes_price_dollars"":""0.0480""}"
KXETH15M-26APR280715-15,50ede9d8-3858-4c10-7592-ff0279a706af,1777374397,0.045,44.0,yes,"{""count_fp"":""44.00"",""created_time"":""2026-04-28T11:06:37.042993Z"",""no_price_dollars"":""0.9550"",""taker_side"":""yes"",""ticker"":""KXETH15M-26APR280715-15"",""trade_id"":""50ede9d8-3858-4c10-7592-ff0279a706af"",""yes_price_dollars"":""0.0450""}"
KXETH15M-26APR280715-15,354524fc-5ed8-46d1-427f-8f095e060c7e,1777374397,0.048,37.0,yes,"{""count_fp"":""37.00"",""created_time"":""2026-04-28T11:06:37.042993Z"",""no_price_dollars"":""0.9520"",""taker_side"":""yes"",""ticker"":""KXETH15M-26APR280715-15"",""trade_id"":""354524fc-5ed8-46d1-427f-8f095e060c7e"",""yes_price_dollars"":""0.0480""}"
KXETH15M-26APR280715-15,2606af1a-fc3f-448a-43b3-364ff0a0a911,1777374397,0.044,10.0,yes,"{""count_fp"":""10.00"",""created_time"":""2026-04-28T11:06:37.042993Z"",""no_price_dollars"":""0.9560"",""taker_side"":""yes"",""ticker"":""KXETH15M-26APR280715-15"",""trade_id"":""2606af1a-fc3f-448a-43b3-364ff0a0a911"",""yes_price_dollars"":""0.0440""}"
KXETH15M-26APR280715-15,53269bfd-9959-4182-4a0b-bc0f61074eb2,1777374403,0.038,24.41,yes,"{""count_fp"":""24.41"",""created_time"":""2026-04-28T11:06:43.527482Z"",""no_price_dollars"":""0.9620"",""taker_side"":""yes"",""ticker"":""KXETH15M-26APR280715-15"",""trade_id"":""53269bfd-9959-4182-4a0b-bc0f61074eb2"",""yes_price_dollars"":""0.0380""}"
KXETH15M-26APR280715-15,5424e31a-0921-63ee-c67d-2f6ea8954a92,1777374407,0.038,13.03,yes,"{""count_fp"":""13.03"",""created_time"":""2026-04-28T11:06:47.279516Z"",""no_price_dollars"":""0.9620"",""taker_side"":""yes"",""ticker"":""KXETH15M-26APR280715-15"",""trade_id"":""5424e31a-0921-63ee-c67d-2f6ea8954a92"",""yes_price_dollars"":""0.0380""}"
KXETH15M-26APR280715-15,b59fde26-03b8-7a42-6f14-73c061081f84,1777374420,0.033,1.0,no,"{""count_fp"":""1.00"",""created_time"":""2026-04-28T11:07:00.095638Z"",""no_price_dollars"":""0.9670"",""taker_side"":""no"",""ticker"":""KXETH15M-26APR280715-15"",""trade_id"":""b59fde26-03b8-7a42-6f14-73c061081f84"",""yes_price_dollars"":""0.0330""}"
KXETH15M-26APR280715-15,96b36cae-7bfc-79db-5b07-11a057045031,1777374420,0.03,1.0,no,"{""count_fp"":""1.00"",""created_time"":""2026-04-28T11:07:00.095638Z"",""no_price_dollars"":""0.9700"",""taker_side"":""no"",""ticker"":""KXETH15M-26APR280715-15"",""trade_id"":""96b36cae-7bfc-79db-5b07-11a057045031"",""yes_price_dollars"":""0.0300""}"
KXETH15M-26APR280715-15,8a55d3ef-69c1-7292-748a-7b337335ee44,1777374420,0.03,1.0,no,"{""count_fp"":""1.00"",""created_time"":""2026-04-28T11:07:00.095638Z"",""no_price_dollars"":""0.9700"",""taker_side"":""no"",""ticker"":""KXETH15M-26APR280715-15"",""trade_id"":""8a55d3ef-69c1-7292-748a-7b337335ee44"",""yes_price_dollars"":""0.0300""}"
KXETH15M-26APR280715-15,6cd859f5-6d79-7e3f-4dc5-1c28f9c5b775,1777374420,0.03,1.0,no,"{""count_fp"":""1.00"",""created_time"":""2026-04-28T11:07:00.095638Z"",""no_price_dollars"":""0.9700"",""taker_side"":""no"",""ticker"":""KXETH15M-26APR280715-15"",""trade_id"":""6cd859f5-6d79-7e3f-4dc5-1c28f9c5b775"",""yes_price_dollars"":""0.0300""}"
KXETH15M-26APR280715-15,69bd01d0-f2c0-72f9-53a8-cb53dae63994,1777374420,0.03,15.0,no,"{""count_fp"":""15.00"",""created_time"":""2026-04-28T11:07:00.095638Z"",""no_price_dollars"":""0.9700"",""taker_side"":""no"",""ticker"":""KXETH15M-26APR280715-15"",""trade_id"":""69bd01d0-f2c0-72f9-53a8-cb53dae63994"",""yes_price_dollars"":""0.0300""}"
KXETH15M-26APR280715-15,275c372b-dd5d-7a4c-4573-80ebf2e14c54,1777374420,0.03,3.0,no,"{""count_fp"":""3.00"",""created_time"":""2026-04-28T11:07:00.095638Z"",""no_price_dollars"":""0.9700"",""taker_side"":""no"",""ticker"":""KXETH15M-26APR280715-15"",""trade_id"":""275c372b-dd5d-7a4c-4573-80ebf2e14c54"",""yes_price_dollars"":""0.0300""}"
KXETH15M-26APR280715-15,8888c3ad-4401-4342-a1de-ae21aa573298,1777374426,0.022,3.0,no,"{""count_fp"":""3.00"",""created_time"":""2026-04-28T11:07:06.322564Z"",""no_price_dollars"":""0.9780"",""taker_side"":""no"",""ticker"":""KXETH15M-26APR280715-15"",""trade_id"":""8888c3ad-4401-4342-a1de-ae21aa573298"",""yes_price_dollars"":""0.0220""}"
KXETH15M-26APR280715-15,dd402342-0bf1-4ec2-d1cc-9500ec5d82f4,1777374426,0.022,45.0,no,"{""count_fp"":""45.00"",""created_time"":""2026-04-28T11:07:06.261455Z"",""no_price_dollars"":""0.9780"",""taker_side"":""no"",""ticker"":""KXETH15M-26APR280715-15"",""trade_id"":""dd402342-0bf1-4ec2-d1cc-9500ec5d82f4"",""yes_price_dollars"":""0.0220""}"
KXETH15M-26APR280715-15,f0be6915-d388-42e8-4df8-13cbe3a78e50,1777374436,0.021,1.0,no,"{""count_fp"":""1.00"",""created_time"":""2026-04-28T11:07:16.110457Z"",""no_price_dollars"":""0.9790"",""taker_side"":""no"",""ticker"":""KXETH15M-26APR280715-15"",""trade_id"":""f0be6915-d388-42e8-4df8-13cbe3a78e50"",""yes_price_dollars"":""0.0210""}"
KXETH15M-26APR280715-15,c3a05e63-a922-4b1d-6441-d26be13655f9,1777374436,0.021,103.0,no,"{""count_fp"":""103.00"",""created_time"":""2026-04-28T11:07:16.110457Z"",""no_price_dollars"":""0.9790"",""taker_side"":""no"",""ticker"":""KXETH15M-26APR280715-15"",""trade_id"":""c3a05e63-a922-4b1d-6441-d26be13655f9"",""yes_price_dollars"":""0.0210""}"
KXETH15M-26APR280715-15,91e618b3-96e1-473a-7322-7682beb3203c,1777374436,0.022,52.0,no,"{""count_fp"":""52.00"",""created_time"":""2026-04-28T11:07:16.110457Z"",""no_price_dollars"":""0.9780"",""taker_side"":""no"",""ticker"":""KXETH15M-26APR280715-15"",""trade_id"":""91e618b3-96e1-473a-7322-7682beb3203c"",""yes_price_dollars"":""0.0220""}"
KXETH15M-26APR280715-15,5e796e8b-bbce-405b-7c65-a57052faa25a,1777374436,0.02,1.0,no,"{""count_fp"":""1.00"",""created_time"":""2026-04-28T11:07:16.110457Z"",""no_price_dollars"":""0.9800"",""taker_side"":""no"",""ticker"":""KXETH15M-26APR280715-15"",""trade_id"":""5e796e8b-bbce-405b-7c65-a57052faa25a"",""yes_price_dollars"":""0.0200""}"
KXETH15M-26APR280715-15,5558e11f-db62-4f9e-6827-66c3822f4c88,1777374436,0.02,1.0,no,"{""count_fp"":""1.00"",""created_time"":""2026-04-28T11:07:16.110457Z"",""no_price_dollars"":""0.9800"",""taker_side"":""no"",""ticker"":""KXETH15M-26APR280715-15"",""trade_id"":""5558e11f-db62-4f9e-6827-66c3822f4c88"",""yes_price_dollars"":""0.0200""}"
KXETH15M-26APR280715-15,27dbcff1-4b37-46af-43a1-67d84c8fc2b5,1777374436,0.02,5.0,no,"{""count_fp"":""5.00"",""created_time"":""2026-04-28T11:07:16.110457Z"",""no_price_dollars"":""0.9800"",""taker_side"":""no"",""ticker"":""KXETH15M-26APR280715-15"",""trade_id"":""27dbcff1-4b37-46af-43a1-67d84c8fc2b5"",""yes_price_dollars"":""0.0200""}"
KXETH15M-26APR280715-15,8cbdcecf-7711-5744-fa7d-40e782c9174c,1777374438,0.02,0.37,no,"{""count_fp"":""0.37"",""created_time"":""2026-04-28T11:07:18.103238Z"",""no_price_dollars"":""0.9800"",""taker_side"":""no"",""ticker"":""KXETH15M-26APR280715-15"",""trade_id"":""8cbdcecf-7711-5744-fa7d-40e782c9174c"",""yes_price_dollars"":""0.0200""}"
KXETH15M-26APR280715-15,d8d34f50-22db-463e-0b2c-584dd138e246,1777374439,0.018,1.0,no,"{""count_fp"":""1.00"",""created_time"":""2026-04-28T11:07:19.773317Z"",""no_price_dollars"":""0.9820"",""taker_side"":""no"",""ticker"":""KXETH15M-26APR280715-15"",""trade_id"":""d8d34f50-22db-463e-0b2c-584dd138e246"",""yes_price_dollars"":""0.0180""}"
KXETH15M-26APR280715-15,c99b715b-5617-485b-695b-e021bb4531d5,1777374441,0.012,5.0,no,"{""count_fp"":""5.00"",""created_time"":""2026-04-28T11:07:21.680186Z"",""no_price_dollars"":""0.9880"",""taker_side"":""no"",""ticker"":""KXETH15M-26APR280715-15"",""trade_id"":""c99b715b-5617-485b-695b-e021bb4531d5"",""yes_price_dollars"":""0.0120""}"
KXETH15M-26APR280715-15,1fd2a90a-87d7-5983-bfa7-a5afc69dbadd,1777374441,0.012,14.0,no,"{""count_fp"":""14.00"",""created_time"":""2026-04-28T11:07:21.621911Z"",""no_price_dollars"":""0.9880"",""taker_side"":""no"",""ticker"":""KXETH15M-26APR280715-15"",""trade_id"":""1fd2a90a-87d7-5983-bfa7-a5afc69dbadd"",""yes_price_dollars"":""0.0120""}"
KXETH15M-26APR280715-15,06beef1b-4ed4-4ce7-31f7-5a94e23d1f49,1777374446,0.01,240.0,no,"{""count_fp"":""240.00"",""created_time"":""2026-04-28T11:07:26.124016Z"",""no_price_dollars"":""0.9900"",""taker_side"":""no"",""ticker"":""KXETH15M-26APR280715-15"",""trade_id"":""06beef1b-4ed4-4ce7-31f7-5a94e23d1f49"",""yes_price_dollars"":""0.0100""}"
KXETH15M-26APR280715-15,9af808ff-2c67-6f40-cbd8-0de24a78ae3d,1777374447,0.01,4.0,no,"{""count_fp"":""4.00"",""created_time"":""2026-04-28T11:07:27.144256Z"",""no_price_dollars"":""0.9900"",""taker_side"":""no"",""ticker"":""KXETH15M-26APR280715-15"",""trade_id"":""9af808ff-2c67-6f40-cbd8-0de24a78ae3d"",""yes_price_dollars"":""0.0100""}"
KXETH15M-26APR280715-15,93df51d6-74be-6c60-cb91-d92f0ba91a03,1777374447,0.01,2.0,no,"{""count_fp"":""2.00"",""created_time"":""2026-04-28T11:07:27.144256Z"",""no_price_dollars"":""0.9900"",""taker_side"":""no"",""ticker"":""KXETH15M-26APR280715-15"",""trade_id"":""93df51d6-74be-6c60-cb91-d92f0ba91a03"",""yes_price_dollars"":""0.0100""}"
KXETH15M-26APR280715-15,8915d5e1-250b-69ff-de68-5d7481b28677,1777374447,0.01,50.0,no,"{""count_fp"":""50.00"",""created_time"":""2026-04-28T11:07:27.144256Z"",""no_price_dollars"":""0.9900"",""taker_side"":""no"",""ticker"":""KXETH15M-26APR280715-15"",""trade_id"":""8915d5e1-250b-69ff-de68-5d7481b28677"",""yes_price_dollars"":""0.0100""}"
KXETH15M-26APR280715-15,856db89f-d0c2-6e59-f373-6b285e26809a,1777374447,0.01,1.0,no,"{""count_fp"":""1.00"",""created_time"":""2026-04-28T11:07:27.144256Z"",""no_price_dollars"":""0.9900"",""taker_side"":""no"",""ticker"":""KXETH15M-26APR280715-15"",""trade_id"":""856db89f-d0c2-6e59-f373-6b285e26809a"",""yes_price_dollars"":""0.0100""}"
KXETH15M-26APR280715-15,6e0736e1-4eac-6b2c-f9de-e7b74e4b0801,1777374447,0.01,1.0,no,"{""count_fp"":""1.00"",""created_time"":""2026-04-28T11:07:27.144256Z"",""no_price_dollars"":""0.9900"",""taker_side"":""no"",""ticker"":""KXETH15M-26APR280715-15"",""trade_id"":""6e0736e1-4eac-6b2c-f9de-e7b74e4b0801"",""yes_price_dollars"":""0.0100""}"
KXETH15M-26APR280715-15,5535b1da-a96c-6c8f-f3b5-f00f50e9c419,1777374447,0.01,137.0,no,"{""count_fp"":""137.00"",""created_time"":""2026-04-28T11:07:27.144256Z"",""no_price_dollars"":""0.9900"",""taker_side"":""no"",""ticker"":""KXETH15M-26APR280715-15"",""trade_id"":""5535b1da-a96c-6c8f-f3b5-f00f50e9c419"",""yes_price_dollars"":""0.0100""}"
KXETH15M-26APR280715-15,272d7187-90cc-6c98-de99-99c2ca5a8e7d,1777374447,0.01,3.0,no,"{""count_fp"":""3.00"",""created_time"":""2026-04-28T11:07:27.144256Z"",""no_price_dollars"":""0.9900"",""taker_side"":""no"",""ticker"":""KXETH15M-26APR280715-15"",""trade_id"":""272d7187-90cc-6c98-de99-99c2ca5a8e7d"",""yes_price_dollars"":""0.0100""}"
KXETH15M-26APR280715-15,64f18972-837f-6417-0652-cf1949fcb735,1777374452,0.011,1.0,yes,"{""count_fp"":""1.00"",""created_time"":""2026-04-28T11:07:32.752536Z"",""no_price_dollars"":""0.9890"",""taker_side"":""yes"",""ticker"":""KXETH15M-26APR280715-15"",""trade_id"":""64f18972-837f-6417-0652-cf1949fcb735"",""yes_price_dollars"":""0.0110""}"
KXETH15M-26APR280715-15,d961b71d-d4be-7a8a-456f-36268db6fe07,1777374455,0.003,24.0,no,"{""count_fp"":""24.00"",""created_time"":""2026-04-28T11:07:35.783136Z"",""no_price_dollars"":""0.9970"",""taker_side"":""no"",""ticker"":""KXETH15M-26APR280715-15"",""trade_id"":""d961b71d-d4be-7a8a-456f-36268db6fe07"",""yes_price_dollars"":""0.0030""}"
KXETH15M-26APR280715-15,97fc5bd8-5622-768f-6fc7-1ed61c6a9067,1777374455,0.005,1.0,no,"{""count_fp"":""1.00"",""created_time"":""2026-04-28T11:07:35.783136Z"",""no_price_dollars"":""0.9950"",""taker_side"":""no"",""ticker"":""KXETH15M-26APR280715-15"",""trade_id"":""97fc5bd8-5622-768f-6fc7-1ed61c6a9067"",""yes_price_dollars"":""0.0050""}"
KXETH15M-26APR280715-15,5e6a404a-d5a9-7a55-4202-2e6370086c50,1777374455,0.009,1.0,no,"{""count_fp"":""1.00"",""created_time"":""2026-04-28T11:07:35.783136Z"",""no_price_dollars"":""0.9910"",""taker_side"":""no"",""ticker"":""KXETH15M-26APR280715-15"",""trade_id"":""5e6a404a-d5a9-7a55-4202-2e6370086c50"",""yes_price_dollars"":""0.0090""}"
KXETH15M-26APR280715-15,ab8e2016-0557-7121-25ac-fbd0ecdae3cf,1777374467,0.009,33.0,yes,"{""count_fp"":""33.00"",""created_time"":""2026-04-28T11:07:47.625697Z"",""no_price_dollars"":""0.9910"",""taker_side"":""yes"",""ticker"":""KXETH15M-26APR280715-15"",""trade_id"":""ab8e2016-0557-7121-25ac-fbd0ecdae3cf"",""yes_price_dollars"":""0.0090""}"
KXETH15M-26APR280715-15,78413ac7-fc7a-760c-2f48-736c55b1a188,1777374467,0.009,57.0,yes,"{""count_fp"":""57.00"",""created_time"":""2026-04-28T11:07:47.625697Z"",""no_price_dollars"":""0.9910"",""taker_side"":""yes"",""ticker"":""KXETH15M-26APR280715-15"",""trade_id"":""78413ac7-fc7a-760c-2f48-736c55b1a188"",""yes_price_dollars"":""0.0090""}"
KXETH15M-26APR280715-15,313e4bbf-ff4f-7cbb-1e9c-6ebe3f0590e1,1777374467,0.008,10.0,yes,"{""count_fp"":""10.00"",""created_time"":""2026-04-28T11:07:47.625697Z"",""no_price_dollars"":""0.9920"",""taker_side"":""yes"",""ticker"":""KXETH15M-26APR280715-15"",""trade_id"":""313e4bbf-ff4f-7cbb-1e9c-6ebe3f0590e1"",""yes_price_dollars"":""0.0080""}"
KXETH15M-26APR280715-15,de7c57fa-8a37-6efd-fb90-5126e5865917,1777374489,0.009,17.0,yes,"{""count_fp"":""17.00"",""created_time"":""2026-04-28T11:08:09.008305Z"",""no_price_dollars"":""0.9910"",""taker_side"":""yes"",""ticker"":""KXETH15M-26APR280715-15"",""trade_id"":""de7c57fa-8a37-6efd-fb90-5126e5865917"",""yes_price_dollars"":""0.0090""}"
KXETH15M-26APR280715-15,f90f622a-71bc-60a9-977d-c19a36bf011c,1777374491,0.011,4.0,no,"{""count_fp"":""4.00"",""created_time"":""2026-04-28T11:08:11.810734Z"",""no_price_dollars"":""0.9890"",""taker_side"":""no"",""ticker"":""KXETH15M-26APR280715-15"",""trade_id"":""f90f622a-71bc-60a9-977d-c19a36bf011c"",""yes_price_dollars"":""0.0110""}"
KXETH15M-26APR280715-15,5ac6e792-b600-4ac1-4081-59e6a0c69e4c,1777374491,0.011,1.0,no,"{""count_fp"":""1.00"",""created_time"":""2026-04-28T11:08:11.758956Z"",""no_price_dollars"":""0.9890"",""taker_side"":""no"",""ticker"":""KXETH15M-26APR280715-15"",""trade_id"":""5ac6e792-b600-4ac1-4081-59e6a0c69e4c"",""yes_price_dollars"":""0.0110""}"
KXETH15M-26APR280715-15,e38821b7-7e0f-7540-015b-b212c25ce55a,1777374491,0.019,3.0,yes,"{""count_fp"":""3.00"",""created_time"":""2026-04-28T11:08:11.445758Z"",""no_price_dollars"":""0.9810"",""taker_side"":""yes"",""ticker"":""KXETH15M-26APR280715-15"",""trade_id"":""e38821b7-7e0f-7540-015b-b212c25ce55a"",""yes_price_dollars"":""0.0190""}"
KXETH15M-26APR280715-15,0180ccb7-ac2d-7504-191d-e0a8834e5867,1777374491,0.01,1.0,yes,"{""count_fp"":""1.00"",""created_time"":""2026-04-28T11:08:11.445758Z"",""no_price_dollars"":""0.9900"",""taker_side"":""yes"",""ticker"":""KXETH15M-26APR280715-15"",""trade_id"":""0180ccb7-ac2d-7504-191d-e0a8834e5867"",""yes_price_dollars"":""0.0100""}"
KXETH15M-26APR280715-15,f5031b39-6494-54b7-fa9b-1f521323b0d7,1777374497,0.02,33.85,yes,"{""count_fp"":""33.85"",""created_time"":""2026-04-28T11:08:17.139965Z"",""no_price_dollars"":""0.9800"",""taker_side"":""yes"",""ticker"":""KXETH15M-26APR280715-15"",""trade_id"":""f5031b39-6494-54b7-fa9b-1f521323b0d7"",""yes_price_dollars"":""0.0200""}"
KXETH15M-26APR280715-15,a4f34c1e-a136-51a6-f603-64a88220a736,1777374497,0.02,2.0,yes,"{""count_fp"":""2.00"",""created_time"":""2026-04-28T11:08:17.139965Z"",""no_price_dollars"":""0.9800"",""taker_side"":""yes"",""ticker"":""KXETH15M-26APR280715-15"",""trade_id"":""a4f34c1e-a136-51a6-f603-64a88220a736"",""yes_price_dollars"":""0.0200""}"
KXETH15M-26APR280715-15,5a9c4936-167b-573f-c8dd-df9319b85fbf,1777374497,0.02,10.0,yes,"{""count_fp"":""10.00"",""created_time"":""2026-04-28T11:08:17.139965Z"",""no_price_dollars"":""0.9800"",""taker_side"":""yes"",""ticker"":""KXETH15M-26APR280715-15"",""trade_id"":""5a9c4936-167b-573f-c8dd-df9319b85fbf"",""yes_price_dollars"":""0.0200""}"
KXETH15M-26APR280715-15,5e68598f-05e5-77d0-1a5c-a2b5fee7269b,1777374498,0.016,3.0,no,"{""count_fp"":""3.00"",""created_time"":""2026-04-28T11:08:18.751802Z"",""no_price_dollars"":""0.9840"",""taker_side"":""no"",""ticker"":""KXETH15M-26APR280715-15"",""trade_id"":""5e68598f-05e5-77d0-1a5c-a2b5fee7269b"",""yes_price_dollars"":""0.0160""}"
KXETH15M-26APR280715-15,62f96c9a-bec1-6914-ffb6-faa2a687d423,1777374498,0.016,39.0,no,"{""count_fp"":""39.00"",""created_time"":""2026-04-28T11:08:18.708892Z"",""no_price_dollars"":""0.9840"",""taker_side"":""no"",""ticker"":""KXETH15M-26APR280715-15"",""trade_id"":""62f96c9a-bec1-6914-ffb6-faa2a687d423"",""yes_price_dollars"":""0.0160""}"
KXETH15M-26APR280715-15,273f9c49-a1a4-79af-5fda-0f265284342f,1777374503,0.02,233.95,yes,"{""count_fp"":""233.95"",""created_time"":""2026-04-28T11:08:23.752054Z"",""no_price_dollars"":""0.9800"",""taker_side"":""yes"",""ticker"":""KXETH15M-26APR280715-15"",""trade_id"":""273f9c49-a1a4-79af-5fda-0f265284342f"",""yes_price_dollars"":""0.0200""}"
KXETH15M-26APR280715-15,15d5f2fc-24a4-63bb-948e-a725e0945333,1777374511,0.02,182.2,yes,"{""count_fp"":""182.20"",""created_time"":""2026-04-28T11:08:31.061941Z"",""no_price_dollars"":""0.9800"",""taker_side"":""yes"",""ticker"":""KXETH15M-26APR280715-15"",""trade_id"":""15d5f2fc-24a4-63bb-948e-a725e0945333"",""yes_price_dollars"":""0.0200""}"
KXETH15M-26APR280715-15,d529f33e-40c0-4aa5-556b-328fbb4f86e6,1777374520,0.02,1.0,no,"{""count_fp"":""1.00"",""created_time"":""2026-04-28T11:08:40.331567Z"",""no_price_dollars"":""0.9800"",""taker_side"":""no"",""ticker"":""KXETH15M-26APR280715-15"",""trade_id"":""d529f33e-40c0-4aa5-556b-328fbb4f86e6"",""yes_price_dollars"":""0.0200""}"
KXETH15M-26APR280715-15,ef6779f4-5c84-6ee6-8f8d-c3d11a784602,1777374521,0.04,61.8,yes,"{""count_fp"":""61.80"",""created_time"":""2026-04-28T11:08:41.017885Z"",""no_price_dollars"":""0.9600"",""taker_side"":""yes"",""ticker"":""KXETH15M-26APR280715-15"",""trade_id"":""ef6779f4-5c84-6ee6-8f8d-c3d11a784602"",""yes_price_dollars"":""0.0400""}"
KXETH15M-26APR280715-15,cb26b03f-1abf-61b8-b75f-5a44d83dd5a4,1777374521,0.03,1.0,yes,"{""count_fp"":""1.00"",""created_time"":""2026-04-28T11:08:41.017885Z"",""no_price_dollars"":""0.9700"",""taker_side"":""yes"",""ticker"":""KXETH15M-26APR280715-15"",""trade_id"":""cb26b03f-1abf-61b8-b75f-5a44d83dd5a4"",""yes_price_dollars"":""0.0300""}"
KXETH15M-26APR280715-15,c8d0ea87-f9e1-6198-8197-c21c1d4b3dda,1777374521,0.03,10.0,yes,"{""count_fp"":""10.00"",""created_time"":""2026-04-28T11:08:41.017885Z"",""no_price_dollars"":""0.9700"",""taker_side"":""yes"",""ticker"":""KXETH15M-26APR280715-15"",""trade_id"":""c8d0ea87-f9e1-6198-8197-c21c1d4b3dda"",""yes_price_dollars"":""0.0300""}"
KXETH15M-26APR280715-15,9c84e855-a365-62b6-ae8d-ffe9617f1dae,1777374521,0.038,100.0,yes,"{""count_fp"":""100.00"",""created_time"":""2026-04-28T11:08:41.017885Z"",""no_price_dollars"":""0.9620"",""taker_side"":""yes"",""ticker"":""KXETH15M-26APR280715-15"",""trade_id"":""9c84e855-a365-62b6-ae8d-ffe9617f1dae"",""yes_price_dollars"":""0.0380""}"
KXETH15M-26APR280715-15,5da876b9-5a58-6566-9a02-49ad1b443c9b,1777374521,0.035,44.0,yes,"{""count_fp"":""44.00"",""created_time"":""2026-04-28T11:08:41.017885Z"",""no_price_dollars"":""0.9650"",""taker_side"":""yes"",""ticker"":""KXETH15M-26APR280715-15"",""trade_id"":""5da876b9-5a58-6566-9a02-49ad1b443c9b"",""yes_price_dollars"":""0.0350""}"
KXETH15M-26APR280715-15,6bbff7df-a22d-46db-f7b5-fa0b3b0084b4,1777374525,0.028,2.0,yes,"{""count_fp"":""2.00"",""created_time"":""2026-04-28T11:08:45.402746Z"",""no_price_dollars"":""0.9720"",""taker_side"":""yes"",""ticker"":""KXETH15M-26APR280715-15"",""trade_id"":""6bbff7df-a22d-46db-f7b5-fa0b3b0084b4"",""yes_price_dollars"":""0.0280""}"
KXETH15M-26APR280715-15,e6e9fff9-6de4-783c-d4b5-42350468faf2,1777374538,0.02,20.0,yes,"{""count_fp"":""20.00"",""created_time"":""2026-04-28T11:08:58.997529Z"",""no_price_dollars"":""0.9800"",""taker_side"":""yes"",""ticker"":""KXETH15M-26APR280715-15"",""trade_id"":""e6e9fff9-6de4-783c-d4b5-42350468faf2"",""yes_price_dollars"":""0.0200""}"
KXETH15M-26APR280715-15,a9ae34d9-47d5-763e-327b-0b87929c9e3f,1777374538,0.018,18.0,yes,"{""count_fp"":""18.00"",""created_time"":""2026-04-28T11:08:58.965563Z"",""no_price_dollars"":""0.9820"",""taker_side"":""yes"",""ticker"":""KXETH15M-26APR280715-15"",""trade_id"":""a9ae34d9-47d5-763e-327b-0b87929c9e3f"",""yes_price_dollars"":""0.0180""}"
KXETH15M-26APR280715-15,ec8a18d8-0524-798e-a632-a8fa4eb8fd3c,1777374541,0.034,82.4,yes,"{""count_fp"":""82.40"",""created_time"":""2026-04-28T11:09:01.367346Z"",""no_price_dollars"":""0.9660"",""taker_side"":""yes"",""ticker"":""KXETH15M-26APR280715-15"",""trade_id"":""ec8a18d8-0524-798e-a632-a8fa4eb8fd3c"",""yes_price_dollars"":""0.0340""}"
KXETH15M-26APR280715-15,8cd094d7-fd78-71ab-bd6f-0250c6e00487,1777374541,0.034,10.0,yes,"{""count_fp"":""10.00"",""created_time"":""2026-04-28T11:09:01.367346Z"",""no_price_dollars"":""0.9660"",""taker_side"":""yes"",""ticker"":""KXETH15M-26APR280715-15"",""trade_id"":""8cd094d7-fd78-71ab-bd6f-0250c6e00487"",""yes_price_dollars"":""0.0340""}"
KXETH15M-26APR280715-15,fc512ecf-ec2c-4889-cce6-d1d3b8b22e5a,1777374543,0.022,1.0,no,"{""count_fp"":""1.00"",""created_time"":""2026-04-28T11:09:03.370187Z"",""no_price_dollars"":""0.9780"",""taker_side"":""no"",""ticker"":""KXETH15M-26APR280715-15"",""trade_id"":""fc512ecf-ec2c-4889-cce6-d1d3b8b22e5a"",""yes_price_dollars"":""0.0220""}"
KXETH15M-26APR280715-15,de0d4c30-2514-76d5-15c2-f4f7a75835e6,1777374544,0.02,1.0,no,"{""count_fp"":""1.00"",""created_time"":""2026-04-28T11:09:04.081461Z"",""no_price_dollars"":""0.9800"",""taker_side"":""no"",""ticker"":""KXETH15M-26APR280715-15"",""trade_id"":""de0d4c30-2514-76d5-15c2-f4f7a75835e6"",""yes_price_dollars"":""0.0200""}"
KXETH15M-26APR280715-15,0b18dbe9-eb5c-58df-fa19-0262197ec59c,1777374549,0.021,50.0,no,"{""count_fp"":""50.00"",""created_time"":""2026-04-28T11:09:09.793167Z"",""no_price_dollars"":""0.9790"",""taker_side"":""no"",""ticker"":""KXETH15M-26APR280715-15"",""trade_id"":""0b18dbe9-eb5c-58df-fa19-0262197ec59c"",""yes_price_dollars"":""0.0210""}"
KXETH15M-26APR280715-15,57cb0203-20a4-43ab-763c-343903f204cc,1777374549,0.021,50.0,no,"{""count_fp"":""50.00"",""created_time"":""2026-04-28T11:09:09.788086Z"",""no_price_dollars"":""0.9790"",""taker_side"":""no"",""ticker"":""KXETH15M-26APR280715-15"",""trade_id"":""57cb0203-20a4-43ab-763c-343903f204cc"",""yes_price_dollars"":""0.0210""}"
KXETH15M-26APR280715-15,1d4feb52-0ba6-53d8-c33f-ff2b27e5da45,1777374557,0.021,2.0,no,"{""count_fp"":""2.00"",""created_time"":""2026-04-28T11:09:17.150878Z"",""no_price_dollars"":""0.9790"",""taker_side"":""no"",""ticker"":""KXETH15M-26APR280715-15"",""trade_id"":""1d4feb52-0ba6-53d8-c33f-ff2b27e5da45"",""yes_price_dollars"":""0.0210""}"
KXETH15M-26APR280715-15,dcd4bc03-5951-687f-2f8d-1f174fac4ce4,1777374564,0.028,29.0,yes,"{""count_fp"":""29.00"",""created_time"":""2026-04-28T11:09:24.906272Z"",""no_price_dollars"":""0.9720"",""taker_side"":""yes"",""ticker"":""KXETH15M-26APR280715-15"",""trade_id"":""dcd4bc03-5951-687f-2f8d-1f174fac4ce4"",""yes_price_dollars"":""0.0280""}"
KXETH15M-26APR280715-15,fff33c02-d451-4f9f-914b-abecb559b898,1777374573,0.028,33.2,yes,"{""count_fp"":""33.20"",""created_time"":""2026-04-28T11:09:33.564232Z"",""no_price_dollars"":""0.9720"",""taker_side"":""yes"",""ticker"":""KXETH15M-26APR280715-15"",""trade_id"":""fff33c02-d451-4f9f-914b-abecb559b898"",""yes_price_dollars"":""0.0280""}"
KXETH15M-26APR280715-15,e33a538c-4f1d-6f23-fab9-89b19a4c51d8,1777374575,0.028,37.8,yes,"{""count_fp"":""37.80"",""created_time"":""2026-04-28T11:09:35.993143Z"",""no_price_dollars"":""0.9720"",""taker_side"":""yes"",""ticker"":""KXETH15M-26APR280715-15"",""trade_id"":""e33a538c-4f1d-6f23-fab9-89b19a4c51d8"",""yes_price_dollars"":""0.0280""}"
KXETH15M-26APR280715-15,1333beff-1d88-4f28-eb5d-cb97f9877eff,1777374579,0.028,5.0,no,"{""count_fp"":""5.00"",""created_time"":""2026-04-28T11:09:39.239063Z"",""no_price_dollars"":""0.9720"",""taker_side"":""no"",""ticker"":""KXETH15M-26APR280715-15"",""trade_id"":""1333beff-1d88-4f28-eb5d-cb97f9877eff"",""yes_price_dollars"":""0.0280""}"
KXETH15M-26APR280715-15,90516fc4-32c4-78fc-1bb9-f09ce586396b,1777374581,0.028,157.2,no,"{""count_fp"":""157.20"",""created_time"":""2026-04-28T11:09:41.134212Z"",""no_price_dollars"":""0.9720"",""taker_side"":""no"",""ticker"":""KXETH15M-26APR280715-15"",""trade_id"":""90516fc4-32c4-78fc-1bb9-f09ce586396b"",""yes_price_dollars"":""0.0280""}"
KXETH15M-26APR280715-15,fdd850ad-f744-4a5c-e96b-8dad56b85d71,1777374583,0.01,10.0,no,"{""count_fp"":""10.00"",""created_time"":""2026-04-28T11:09:43.705435Z"",""no_price_dollars"":""0.9900"",""taker_side"":""no"",""ticker"":""KXETH15M-26APR280715-15"",""trade_id"":""fdd850ad-f744-4a5c-e96b-8dad56b85d71"",""yes_price_dollars"":""0.0100""}"
KXETH15M-26APR280715-15,e5318be1-aecb-466d-caec-b0d49679ef82,1777374583,0.009,2.0,no,"{""count_fp"":""2.00"",""created_time"":""2026-04-28T11:09:43.705435Z"",""no_price_dollars"":""0.9910"",""taker_side"":""no"",""ticker"":""KXETH15M-26APR280715-15"",""trade_id"":""e5318be1-aecb-466d-caec-b0d49679ef82"",""yes_price_dollars"":""0.0090""}"
KXETH15M-26APR280715-15,aa8db1ec-5c17-621e-f111-3feef1058160,1777374593,0.01,7.0,yes,"{""count_fp"":""7.00"",""created_time"":""2026-04-28T11:09:53.331723Z"",""no_price_dollars"":""0.9900"",""taker_side"":""yes"",""ticker"":""KXETH15M-26APR280715-15"",""trade_id"":""aa8db1ec-5c17-621e-f111-3feef1058160"",""yes_price_dollars"":""0.0100""}"
KXETH15M-26APR280715-15,414d0dd8-a19b-429d-d025-8e299291f81a,1777374660,0.009,7.0,no,"{""count_fp"":""7.00"",""created_time"":""2026-04-28T11:11:00.085661Z"",""no_price_dollars"":""0.9910"",""taker_side"":""no"",""ticker"":""KXETH15M-26APR280715-15"",""trade_id"":""414d0dd8-a19b-429d-d025-8e299291f81a"",""yes_price_dollars"":""0.0090""}"
KXETH15M-26APR280715-15,9d417e03-852f-687d-a51f-e55658b9e8a6,1777374712,0.009,4.0,no,"{""count_fp"":""4.00"",""created_time"":""2026-04-28T11:11:52.409575Z"",""no_price_dollars"":""0.9910"",""taker_side"":""no"",""ticker"":""KXETH15M-26APR280715-15"",""trade_id"":""9d417e03-852f-687d-a51f-e55658b9e8a6"",""yes_price_dollars"":""0.0090""}"
KXETH15M-26APR280715-15,a1167cf3-fd99-68ef-5e07-dce71a673c26,1777374719,0.01,61.6,yes,"{""count_fp"":""61.60"",""created_time"":""2026-04-28T11:11:59.565135Z"",""no_price_dollars"":""0.9900"",""taker_side"":""yes"",""ticker"":""KXETH15M-26APR280715-15"",""trade_id"":""a1167cf3-fd99-68ef-5e07-dce71a673c26"",""yes_price_dollars"":""0.0100""}"
KXETH15M-26APR280715-15,95b43057-547a-6f22-442f-d03906568d02,1777374719,0.01,10.0,yes,"{""count_fp"":""10.00"",""created_time"":""2026-04-28T11:11:59.565135Z"",""no_price_dollars"":""0.9900"",""taker_side"":""yes"",""ticker"":""KXETH15M-26APR280715-15"",""trade_id"":""95b43057-547a-6f22-442f-d03906568d02"",""yes_price_dollars"":""0.0100""}"
KXETH15M-26APR280715-15,7e307b34-ef5a-63c0-4282-1cd386545379,1777374719,0.01,10.0,yes,"{""count_fp"":""10.00"",""created_time"":""2026-04-28T11:11:59.565135Z"",""no_price_dollars"":""0.9900"",""taker_side"":""yes"",""ticker"":""KXETH15M-26APR280715-15"",""trade_id"":""7e307b34-ef5a-63c0-4282-1cd386545379"",""yes_price_dollars"":""0.0100""}"
KXETH15M-26APR280715-15,58a554d6-91ad-6d71-4eb9-9a1746b319a1,1777374719,0.01,11.91,yes,"{""count_fp"":""11.91"",""created_time"":""2026-04-28T11:11:59.565135Z"",""no_price_dollars"":""0.9900"",""taker_side"":""yes"",""ticker"":""KXETH15M-26APR280715-15"",""trade_id"":""58a554d6-91ad-6d71-4eb9-9a1746b319a1"",""yes_price_dollars"":""0.0100""}"
KXETH15M-26APR280715-15,75cfc8fe-a30b-6219-f52a-601b1873d132,1777374729,0.009,70.0,no,"{""count_fp"":""70.00"",""created_time"":""2026-04-28T11:12:09.320174Z"",""no_price_dollars"":""0.9910"",""taker_side"":""no"",""ticker"":""KXETH15M-26APR280715-15"",""trade_id"":""75cfc8fe-a30b-6219-f52a-601b1873d132"",""yes_price_dollars"":""0.0090""}"
KXETH15M-26APR280715-15,bbc7bb4a-0760-4b51-5b2e-05668f48b908,1777374732,0.001,1.0,no,"{""count_fp"":""1.00"",""created_time"":""2026-04-28T11:12:12.275037Z"",""no_price_dollars"":""0.9990"",""taker_side"":""no"",""ticker"":""KXETH15M-26APR280715-15"",""trade_id"":""bbc7bb4a-0760-4b51-5b2e-05668f48b908"",""yes_price_dollars"":""0.0010""}"
KXETH15M-26APR280715-15,8346ad31-cf2e-455d-6045-4f419d8d2a9e,1777374732,0.001,1.0,no,"{""count_fp"":""1.00"",""created_time"":""2026-04-28T11:12:12.275037Z"",""no_price_dollars"":""0.9990"",""taker_side"":""no"",""ticker"":""KXETH15M-26APR280715-15"",""trade_id"":""8346ad31-cf2e-455d-6045-4f419d8d2a9e"",""yes_price_dollars"":""0.0010""}"
KXETH15M-26APR280715-15,3cf66856-eab7-46c2-50a0-50a16a49aca0,1777374732,0.001,100.0,no,"{""count_fp"":""100.00"",""created_time"":""2026-04-28T11:12:12.275037Z"",""no_price_dollars"":""0.9990"",""taker_side"":""no"",""ticker"":""KXETH15M-26APR280715-15"",""trade_id"":""3cf66856-eab7-46c2-50a0-50a16a49aca0"",""yes_price_dollars"":""0.0010""}"
KXETH15M-26APR280715-15,1037ba38-700a-478a-7608-1d626ed7cce5,1777374732,0.001,100.0,no,"{""count_fp"":""100.00"",""created_time"":""2026-04-28T11:12:12.275037Z"",""no_price_dollars"":""0.9990"",""taker_side"":""no"",""ticker"":""KXETH15M-26APR280715-15"",""trade_id"":""1037ba38-700a-478a-7608-1d626ed7cce5"",""yes_price_dollars"":""0.0010""}"
KXETH15M-26APR280715-15,f10db150-90db-5320-3fbe-e769775f0922,1777374745,0.007,132.24,yes,"{""count_fp"":""132.24"",""created_time"":""2026-04-28T11:12:25.410176Z"",""no_price_dollars"":""0.9930"",""taker_side"":""yes"",""ticker"":""KXETH15M-26APR280715-15"",""trade_id"":""f10db150-90db-5320-3fbe-e769775f0922"",""yes_price_dollars"":""0.0070""}"
KXETH15M-26APR280715-15,339a7dea-1824-47cd-615a-6d117fc5ce27,1777374830,0.004,2.0,yes,"{""count_fp"":""2.00"",""created_time"":""2026-04-28T11:13:50.277533Z"",""no_price_dollars"":""0.9960"",""taker_side"":""yes"",""ticker"":""KXETH15M-26APR280715-15"",""trade_id"":""339a7dea-1824-47cd-615a-6d117fc5ce27"",""yes_price_dollars"":""0.0040""}"
KXETH15M-26APR280715-15,9bb5d6fa-9340-45ad-b2e7-219d7c210adb,1777374841,0.004,10.0,yes,"{""count_fp"":""10.00"",""created_time"":""2026-04-28T11:14:01.095192Z"",""no_price_dollars"":""0.9960"",""taker_side"":""yes"",""ticker"":""KXETH15M-26APR280715-15"",""trade_id"":""9bb5d6fa-9340-45ad-b2e7-219d7c210adb"",""yes_price_dollars"":""0.0040""}"
KXETH15M-26APR280715-15,62668f17-e207-6f5d-0469-84acf6f4cd78,1777374864,0.001,50.0,yes,"{""count_fp"":""50.00"",""created_time"":""2026-04-28T11:14:24.007449Z"",""no_price_dollars"":""0.9990"",""taker_side"":""yes"",""ticker"":""KXETH15M-26APR280715-15"",""trade_id"":""62668f17-e207-6f5d-0469-84acf6f4cd78"",""yes_price_dollars"":""0.0010""}"
KXETH15M-26APR280715-15,326f4457-5566-6e3d-0d85-114578754ff2,1777374864,0.002,437.0,yes,"{""count_fp"":""437.00"",""created_time"":""2026-04-28T11:14:24.007449Z"",""no_price_dollars"":""0.9980"",""taker_side"":""yes"",""ticker"":""KXETH15M-26APR280715-15"",""trade_id"":""326f4457-5566-6e3d-0d85-114578754ff2"",""yes_price_dollars"":""0.0020""}"
KXETH15M-26APR280715-15,828a30ed-3598-6461-f011-a9bd3611f07d,1777374877,0.002,1328.0,yes,"{""count_fp"":""1328.00"",""created_time"":""2026-04-28T11:14:37.134539Z"",""no_price_dollars"":""0.9980"",""taker_side"":""yes"",""ticker"":""KXETH15M-26APR280715-15"",""trade_id"":""828a30ed-3598-6461-f011-a9bd3611f07d"",""yes_price_dollars"":""0.0020""}"
KXETH15M-26APR280715-15,406f7095-3c47-61e4-e280-218f410c6207,1777374877,0.003,666.8,yes,"{""count_fp"":""666.80"",""created_time"":""2026-04-28T11:14:37.134539Z"",""no_price_dollars"":""0.9970"",""taker_side"":""yes"",""ticker"":""KXETH15M-26APR280715-15"",""trade_id"":""406f7095-3c47-61e4-e280-218f410c6207"",""yes_price_dollars"":""0.0030""}"
