ticker,trade_id,ts,yes_price,count,taker_side,raw_json
KXETH15M-26APR272000-00,d7c07485-9aae-6df2-018a-7e54aabcfb17,1777333511,0.41,60.0,no,"{""count_fp"":""60.00"",""created_time"":""2026-04-27T23:45:11.964772Z"",""no_price_dollars"":""0.5900"",""taker_side"":""no"",""ticker"":""KXETH15M-26APR272000-00"",""trade_id"":""d7c07485-9aae-6df2-018a-7e54aabcfb17"",""yes_price_dollars"":""0.4100""}"
KXETH15M-26APR272000-00,f66ea6a6-c6a0-4bc2-7ccf-81a593cd56e8,1777333512,0.4,5.0,no,"{""count_fp"":""5.00"",""created_time"":""2026-04-27T23:45:12.614116Z"",""no_price_dollars"":""0.6000"",""taker_side"":""no"",""ticker"":""KXETH15M-26APR272000-00"",""trade_id"":""f66ea6a6-c6a0-4bc2-7ccf-81a593cd56e8"",""yes_price_dollars"":""0.4000""}"
KXETH15M-26APR272000-00,d28f6cfc-89c4-495a-6ec7-7c04d39dab97,1777333512,0.36,4.09,no,"{""count_fp"":""4.09"",""created_time"":""2026-04-27T23:45:12.614116Z"",""no_price_dollars"":""0.6400"",""taker_side"":""no"",""ticker"":""KXETH15M-26APR272000-00"",""trade_id"":""d28f6cfc-89c4-495a-6ec7-7c04d39dab97"",""yes_price_dollars"":""0.3600""}"
KXETH15M-26APR272000-00,2f9e0c5d-d850-434a-f7b0-85663aae9817,1777333521,0.35,14.01,no,"{""count_fp"":""14.01"",""created_time"":""2026-04-27T23:45:21.358912Z"",""no_price_dollars"":""0.6500"",""taker_side"":""no"",""ticker"":""KXETH15M-26APR272000-00"",""trade_id"":""2f9e0c5d-d850-434a-f7b0-85663aae9817"",""yes_price_dollars"":""0.3500""}"
KXETH15M-26APR272000-00,0ab842b9-787e-4847-dae2-f1de06f8c5f5,1777333521,0.35,1.0,no,"{""count_fp"":""1.00"",""created_time"":""2026-04-27T23:45:21.358912Z"",""no_price_dollars"":""0.6500"",""taker_side"":""no"",""ticker"":""KXETH15M-26APR272000-00"",""trade_id"":""0ab842b9-787e-4847-dae2-f1de06f8c5f5"",""yes_price_dollars"":""0.3500""}"
KXETH15M-26APR272000-00,d09dacad-12d5-7d67-89f3-703bf8bf11f2,1777333522,0.36,1.0,yes,"{""count_fp"":""1.00"",""created_time"":""2026-04-27T23:45:22.331581Z"",""no_price_dollars"":""0.6400"",""taker_side"":""yes"",""ticker"":""KXETH15M-26APR272000-00"",""trade_id"":""d09dacad-12d5-7d67-89f3-703bf8bf11f2"",""yes_price_dollars"":""0.3600""}"
KXETH15M-26APR272000-00,da23164f-7775-7a6f-33b2-1af59ed3f1cf,1777333527,0.34,6.0,yes,"{""count_fp"":""6.00"",""created_time"":""2026-04-27T23:45:27.169102Z"",""no_price_dollars"":""0.6600"",""taker_side"":""yes"",""ticker"":""KXETH15M-26APR272000-00"",""trade_id"":""da23164f-7775-7a6f-33b2-1af59ed3f1cf"",""yes_price_dollars"":""0.3400""}"
KXETH15M-26APR272000-00,67d910ad-d9e6-7aa3-14f2-8129870326b1,1777333527,0.34,1.0,yes,"{""count_fp"":""1.00"",""created_time"":""2026-04-27T23:45:27.169102Z"",""no_price_dollars"":""0.6600"",""taker_side"":""yes"",""ticker"":""KXETH15M-26APR272000-00"",""trade_id"":""67d910ad-d9e6-7aa3-14f2-8129870326b1"",""yes_price_dollars"":""0.3400""}"
KXETH15M-26APR272000-00,f9246e50-ec20-480a-b0d3-813ddd531a4c,1777333529,0.33,2.0,yes,"{""count_fp"":""2.00"",""created_time"":""2026-04-27T23:45:29.164125Z"",""no_price_dollars"":""0.6700"",""taker_side"":""yes"",""ticker"":""KXETH15M-26APR272000-00"",""trade_id"":""f9246e50-ec20-480a-b0d3-813ddd531a4c"",""yes_price_dollars"":""0.3300""}"
KXETH15M-26APR272000-00,89bbee6a-7b13-4da1-90e0-ef4d27f52c48,1777333529,0.33,1.0,yes,"{""count_fp"":""1.00"",""created_time"":""2026-04-27T23:45:29.164125Z"",""no_price_dollars"":""0.6700"",""taker_side"":""yes"",""ticker"":""KXETH15M-26APR272000-00"",""trade_id"":""89bbee6a-7b13-4da1-90e0-ef4d27f52c48"",""yes_price_dollars"":""0.3300""}"
KXETH15M-26APR272000-00,d52fe9f2-3d04-5dc3-4916-4c58cec5c07e,1777333530,0.33,13.05,yes,"{""count_fp"":""13.05"",""created_time"":""2026-04-27T23:45:30.629626Z"",""no_price_dollars"":""0.6700"",""taker_side"":""yes"",""ticker"":""KXETH15M-26APR272000-00"",""trade_id"":""d52fe9f2-3d04-5dc3-4916-4c58cec5c07e"",""yes_price_dollars"":""0.3300""}"
KXETH15M-26APR272000-00,1efda6e0-7256-5ccb-6dcc-70c7cced1d6b,1777333530,0.32,1.0,yes,"{""count_fp"":""1.00"",""created_time"":""2026-04-27T23:45:30.629626Z"",""no_price_dollars"":""0.6800"",""taker_side"":""yes"",""ticker"":""KXETH15M-26APR272000-00"",""trade_id"":""1efda6e0-7256-5ccb-6dcc-70c7cced1d6b"",""yes_price_dollars"":""0.3200""}"
KXETH15M-26APR272000-00,efd6e300-72fe-71ab-eda2-edd28db46232,1777333531,0.32,1.0,yes,"{""count_fp"":""1.00"",""created_time"":""2026-04-27T23:45:31.174332Z"",""no_price_dollars"":""0.6800"",""taker_side"":""yes"",""ticker"":""KXETH15M-26APR272000-00"",""trade_id"":""efd6e300-72fe-71ab-eda2-edd28db46232"",""yes_price_dollars"":""0.3200""}"
KXETH15M-26APR272000-00,e43a4305-9e83-5842-4a90-2e13240be837,1777333532,0.32,1.0,yes,"{""count_fp"":""1.00"",""created_time"":""2026-04-27T23:45:32.738216Z"",""no_price_dollars"":""0.6800"",""taker_side"":""yes"",""ticker"":""KXETH15M-26APR272000-00"",""trade_id"":""e43a4305-9e83-5842-4a90-2e13240be837"",""yes_price_dollars"":""0.3200""}"
KXETH15M-26APR272000-00,6decc394-0c2d-5a3f-453c-72041f0dfb83,1777333532,0.33,0.46,yes,"{""count_fp"":""0.46"",""created_time"":""2026-04-27T23:45:32.738216Z"",""no_price_dollars"":""0.6700"",""taker_side"":""yes"",""ticker"":""KXETH15M-26APR272000-00"",""trade_id"":""6decc394-0c2d-5a3f-453c-72041f0dfb83"",""yes_price_dollars"":""0.3300""}"
KXETH15M-26APR272000-00,9096f21a-e41d-473b-3c8b-fc0dddc5fe1d,1777333539,0.31,1.0,no,"{""count_fp"":""1.00"",""created_time"":""2026-04-27T23:45:39.763507Z"",""no_price_dollars"":""0.6900"",""taker_side"":""no"",""ticker"":""KXETH15M-26APR272000-00"",""trade_id"":""9096f21a-e41d-473b-3c8b-fc0dddc5fe1d"",""yes_price_dollars"":""0.3100""}"
KXETH15M-26APR272000-00,607f3836-ec57-64a0-3b4a-8de394412e54,1777333541,0.31,1.0,no,"{""count_fp"":""1.00"",""created_time"":""2026-04-27T23:45:41.816118Z"",""no_price_dollars"":""0.6900"",""taker_side"":""no"",""ticker"":""KXETH15M-26APR272000-00"",""trade_id"":""607f3836-ec57-64a0-3b4a-8de394412e54"",""yes_price_dollars"":""0.3100""}"
KXETH15M-26APR272000-00,f7d4a1cd-8a0f-6af0-f7d4-2478ff774270,1777333542,0.31,1.0,no,"{""count_fp"":""1.00"",""created_time"":""2026-04-27T23:45:42.225827Z"",""no_price_dollars"":""0.6900"",""taker_side"":""no"",""ticker"":""KXETH15M-26APR272000-00"",""trade_id"":""f7d4a1cd-8a0f-6af0-f7d4-2478ff774270"",""yes_price_dollars"":""0.3100""}"
KXETH15M-26APR272000-00,bafb9cd5-45cf-430c-9d0e-3712c9c83b12,1777333545,0.3,2.71,no,"{""count_fp"":""2.71"",""created_time"":""2026-04-27T23:45:45.185855Z"",""no_price_dollars"":""0.7000"",""taker_side"":""no"",""ticker"":""KXETH15M-26APR272000-00"",""trade_id"":""bafb9cd5-45cf-430c-9d0e-3712c9c83b12"",""yes_price_dollars"":""0.3000""}"
KXETH15M-26APR272000-00,dfad2ee8-5965-7d52-6745-0e958cb3fa54,1777333547,0.33,10.0,yes,"{""count_fp"":""10.00"",""created_time"":""2026-04-27T23:45:47.475613Z"",""no_price_dollars"":""0.6700"",""taker_side"":""yes"",""ticker"":""KXETH15M-26APR272000-00"",""trade_id"":""dfad2ee8-5965-7d52-6745-0e958cb3fa54"",""yes_price_dollars"":""0.3300""}"
KXETH15M-26APR272000-00,922c4597-d644-79af-7a78-1143a729e13e,1777333547,0.33,46.95,yes,"{""count_fp"":""46.95"",""created_time"":""2026-04-27T23:45:47.475613Z"",""no_price_dollars"":""0.6700"",""taker_side"":""yes"",""ticker"":""KXETH15M-26APR272000-00"",""trade_id"":""922c4597-d644-79af-7a78-1143a729e13e"",""yes_price_dollars"":""0.3300""}"
KXETH15M-26APR272000-00,11981e81-fa6d-7633-7583-e68cc5d44c0f,1777333547,0.33,143.05,yes,"{""count_fp"":""143.05"",""created_time"":""2026-04-27T23:45:47.475613Z"",""no_price_dollars"":""0.6700"",""taker_side"":""yes"",""ticker"":""KXETH15M-26APR272000-00"",""trade_id"":""11981e81-fa6d-7633-7583-e68cc5d44c0f"",""yes_price_dollars"":""0.3300""}"
KXETH15M-26APR272000-00,49774b43-1ee3-5518-e727-de5441d539d0,1777333549,0.33,24.61,yes,"{""count_fp"":""24.61"",""created_time"":""2026-04-27T23:45:49.734023Z"",""no_price_dollars"":""0.6700"",""taker_side"":""yes"",""ticker"":""KXETH15M-26APR272000-00"",""trade_id"":""49774b43-1ee3-5518-e727-de5441d539d0"",""yes_price_dollars"":""0.3300""}"
KXETH15M-26APR272000-00,e699ef6a-6897-56c0-2849-f3764e99c25a,1777333549,0.3,1.29,no,"{""count_fp"":""1.29"",""created_time"":""2026-04-27T23:45:49.614352Z"",""no_price_dollars"":""0.7000"",""taker_side"":""no"",""ticker"":""KXETH15M-26APR272000-00"",""trade_id"":""e699ef6a-6897-56c0-2849-f3764e99c25a"",""yes_price_dollars"":""0.3000""}"
KXETH15M-26APR272000-00,92344d0d-1c0e-5e16-2373-55e0139cb529,1777333549,0.3,0.71,no,"{""count_fp"":""0.71"",""created_time"":""2026-04-27T23:45:49.614352Z"",""no_price_dollars"":""0.7000"",""taker_side"":""no"",""ticker"":""KXETH15M-26APR272000-00"",""trade_id"":""92344d0d-1c0e-5e16-2373-55e0139cb529"",""yes_price_dollars"":""0.3000""}"
KXETH15M-26APR272000-00,0d66ad49-2b25-458b-1a11-ed5866cd270a,1777333551,0.31,5.0,no,"{""count_fp"":""5.00"",""created_time"":""2026-04-27T23:45:51.630051Z"",""no_price_dollars"":""0.6900"",""taker_side"":""no"",""ticker"":""KXETH15M-26APR272000-00"",""trade_id"":""0d66ad49-2b25-458b-1a11-ed5866cd270a"",""yes_price_dollars"":""0.3100""}"
KXETH15M-26APR272000-00,96b0bc1d-4990-6569-0baf-a78ded6115f9,1777333551,0.35,4.36,yes,"{""count_fp"":""4.36"",""created_time"":""2026-04-27T23:45:51.420359Z"",""no_price_dollars"":""0.6500"",""taker_side"":""yes"",""ticker"":""KXETH15M-26APR272000-00"",""trade_id"":""96b0bc1d-4990-6569-0baf-a78ded6115f9"",""yes_price_dollars"":""0.3500""}"
KXETH15M-26APR272000-00,31d7b7e7-5949-6b23-33fd-733e7c07e62b,1777333551,0.34,1.0,yes,"{""count_fp"":""1.00"",""created_time"":""2026-04-27T23:45:51.420359Z"",""no_price_dollars"":""0.6600"",""taker_side"":""yes"",""ticker"":""KXETH15M-26APR272000-00"",""trade_id"":""31d7b7e7-5949-6b23-33fd-733e7c07e62b"",""yes_price_dollars"":""0.3400""}"
KXETH15M-26APR272000-00,10da99ca-360b-6cd4-ae9a-786dbbcaa4bc,1777333553,0.38,5.0,no,"{""count_fp"":""5.00"",""created_time"":""2026-04-27T23:45:53.532679Z"",""no_price_dollars"":""0.6200"",""taker_side"":""no"",""ticker"":""KXETH15M-26APR272000-00"",""trade_id"":""10da99ca-360b-6cd4-ae9a-786dbbcaa4bc"",""yes_price_dollars"":""0.3800""}"
KXETH15M-26APR272000-00,ea5be4a2-bc4a-6038-d917-6989790ce995,1777333553,0.35,28.0,yes,"{""count_fp"":""28.00"",""created_time"":""2026-04-27T23:45:53.313488Z"",""no_price_dollars"":""0.6500"",""taker_side"":""yes"",""ticker"":""KXETH15M-26APR272000-00"",""trade_id"":""ea5be4a2-bc4a-6038-d917-6989790ce995"",""yes_price_dollars"":""0.3500""}"
KXETH15M-26APR272000-00,d8ddf320-372d-6b75-dd87-cab5a7a6351b,1777333553,0.35,1.0,yes,"{""count_fp"":""1.00"",""created_time"":""2026-04-27T23:45:53.313488Z"",""no_price_dollars"":""0.6500"",""taker_side"":""yes"",""ticker"":""KXETH15M-26APR272000-00"",""trade_id"":""d8ddf320-372d-6b75-dd87-cab5a7a6351b"",""yes_price_dollars"":""0.3500""}"
KXETH15M-26APR272000-00,896e997d-299f-50e4-b535-1f5c1cd2fb4c,1777333560,0.37,2.0,no,"{""count_fp"":""2.00"",""created_time"":""2026-04-27T23:46:00.267158Z"",""no_price_dollars"":""0.6300"",""taker_side"":""no"",""ticker"":""KXETH15M-26APR272000-00"",""trade_id"":""896e997d-299f-50e4-b535-1f5c1cd2fb4c"",""yes_price_dollars"":""0.3700""}"
KXETH15M-26APR272000-00,de022dab-ff11-7eac-0b20-7ddbb1399065,1777333561,0.38,1.0,no,"{""count_fp"":""1.00"",""created_time"":""2026-04-27T23:46:01.853131Z"",""no_price_dollars"":""0.6200"",""taker_side"":""no"",""ticker"":""KXETH15M-26APR272000-00"",""trade_id"":""de022dab-ff11-7eac-0b20-7ddbb1399065"",""yes_price_dollars"":""0.3800""}"
KXETH15M-26APR272000-00,e7fd6098-7fdf-63a5-485f-5f749d784b20,1777333561,0.4,1.0,yes,"{""count_fp"":""1.00"",""created_time"":""2026-04-27T23:46:01.248821Z"",""no_price_dollars"":""0.6000"",""taker_side"":""yes"",""ticker"":""KXETH15M-26APR272000-00"",""trade_id"":""e7fd6098-7fdf-63a5-485f-5f749d784b20"",""yes_price_dollars"":""0.4000""}"
KXETH15M-26APR272000-00,a836f168-c8ad-6b17-512c-8a5963c585ff,1777333561,0.42,159.47,yes,"{""count_fp"":""159.47"",""created_time"":""2026-04-27T23:46:01.248821Z"",""no_price_dollars"":""0.5800"",""taker_side"":""yes"",""ticker"":""KXETH15M-26APR272000-00"",""trade_id"":""a836f168-c8ad-6b17-512c-8a5963c585ff"",""yes_price_dollars"":""0.4200""}"
KXETH15M-26APR272000-00,5f62955f-1aaa-6477-6d87-ef0945a1ab83,1777333561,0.42,10.0,yes,"{""count_fp"":""10.00"",""created_time"":""2026-04-27T23:46:01.248821Z"",""no_price_dollars"":""0.5800"",""taker_side"":""yes"",""ticker"":""KXETH15M-26APR272000-00"",""trade_id"":""5f62955f-1aaa-6477-6d87-ef0945a1ab83"",""yes_price_dollars"":""0.4200""}"
KXETH15M-26APR272000-00,df6c856e-6d5c-67f2-4565-1ff03a7183db,1777333563,0.42,1.0,no,"{""count_fp"":""1.00"",""created_time"":""2026-04-27T23:46:03.147835Z"",""no_price_dollars"":""0.5800"",""taker_side"":""no"",""ticker"":""KXETH15M-26APR272000-00"",""trade_id"":""df6c856e-6d5c-67f2-4565-1ff03a7183db"",""yes_price_dollars"":""0.4200""}"
KXETH15M-26APR272000-00,5244bc7d-bb70-5b6e-51e6-20d9d7f96003,1777333563,0.42,32.0,no,"{""count_fp"":""32.00"",""created_time"":""2026-04-27T23:46:03.132669Z"",""no_price_dollars"":""0.5800"",""taker_side"":""no"",""ticker"":""KXETH15M-26APR272000-00"",""trade_id"":""5244bc7d-bb70-5b6e-51e6-20d9d7f96003"",""yes_price_dollars"":""0.4200""}"
KXETH15M-26APR272000-00,22f447e0-dca3-5516-10a9-452f0e0b0c1b,1777333564,0.43,1.0,yes,"{""count_fp"":""1.00"",""created_time"":""2026-04-27T23:46:04.213945Z"",""no_price_dollars"":""0.5700"",""taker_side"":""yes"",""ticker"":""KXETH15M-26APR272000-00"",""trade_id"":""22f447e0-dca3-5516-10a9-452f0e0b0c1b"",""yes_price_dollars"":""0.4300""}"
KXETH15M-26APR272000-00,87ad4a73-a83a-5f17-1e58-c78854ecd947,1777333567,0.47,33.0,yes,"{""count_fp"":""33.00"",""created_time"":""2026-04-27T23:46:07.629914Z"",""no_price_dollars"":""0.5300"",""taker_side"":""yes"",""ticker"":""KXETH15M-26APR272000-00"",""trade_id"":""87ad4a73-a83a-5f17-1e58-c78854ecd947"",""yes_price_dollars"":""0.4700""}"
KXETH15M-26APR272000-00,8b36477f-d732-76c0-29ec-f32e4b205fcf,1777333567,0.45,0.81,yes,"{""count_fp"":""0.81"",""created_time"":""2026-04-27T23:46:07.606359Z"",""no_price_dollars"":""0.5500"",""taker_side"":""yes"",""ticker"":""KXETH15M-26APR272000-00"",""trade_id"":""8b36477f-d732-76c0-29ec-f32e4b205fcf"",""yes_price_dollars"":""0.4500""}"
KXETH15M-26APR272000-00,68935783-44f7-7d7b-0af0-a81bfc975599,1777333567,0.46,9.19,yes,"{""count_fp"":""9.19"",""created_time"":""2026-04-27T23:46:07.606359Z"",""no_price_dollars"":""0.5400"",""taker_side"":""yes"",""ticker"":""KXETH15M-26APR272000-00"",""trade_id"":""68935783-44f7-7d7b-0af0-a81bfc975599"",""yes_price_dollars"":""0.4600""}"
KXETH15M-26APR272000-00,fa8bd937-8892-5bd0-05b7-1113e7fe42cb,1777333567,0.45,9.0,yes,"{""count_fp"":""9.00"",""created_time"":""2026-04-27T23:46:07.590237Z"",""no_price_dollars"":""0.5500"",""taker_side"":""yes"",""ticker"":""KXETH15M-26APR272000-00"",""trade_id"":""fa8bd937-8892-5bd0-05b7-1113e7fe42cb"",""yes_price_dollars"":""0.4500""}"
KXETH15M-26APR272000-00,b34e8368-e45c-5a2f-1720-ba6efa64559b,1777333567,0.44,1.0,yes,"{""count_fp"":""1.00"",""created_time"":""2026-04-27T23:46:07.590237Z"",""no_price_dollars"":""0.5600"",""taker_side"":""yes"",""ticker"":""KXETH15M-26APR272000-00"",""trade_id"":""b34e8368-e45c-5a2f-1720-ba6efa64559b"",""yes_price_dollars"":""0.4400""}"
KXETH15M-26APR272000-00,7a3b5e18-70f0-7a68-db29-4bbafa03f632,1777333568,0.47,1.0,no,"{""count_fp"":""1.00"",""created_time"":""2026-04-27T23:46:08.656564Z"",""no_price_dollars"":""0.5300"",""taker_side"":""no"",""ticker"":""KXETH15M-26APR272000-00"",""trade_id"":""7a3b5e18-70f0-7a68-db29-4bbafa03f632"",""yes_price_dollars"":""0.4700""}"
KXETH15M-26APR272000-00,12a0b33d-df7c-5fa2-c099-fce7e8ab8d3b,1777333568,0.46,8.23,no,"{""count_fp"":""8.23"",""created_time"":""2026-04-27T23:46:08.438572Z"",""no_price_dollars"":""0.5400"",""taker_side"":""no"",""ticker"":""KXETH15M-26APR272000-00"",""trade_id"":""12a0b33d-df7c-5fa2-c099-fce7e8ab8d3b"",""yes_price_dollars"":""0.4600""}"
KXETH15M-26APR272000-00,028eaedc-6283-4844-a5f1-7968dc2f5892,1777333569,0.47,30.0,yes,"{""count_fp"":""30.00"",""created_time"":""2026-04-27T23:46:09.729256Z"",""no_price_dollars"":""0.5300"",""taker_side"":""yes"",""ticker"":""KXETH15M-26APR272000-00"",""trade_id"":""028eaedc-6283-4844-a5f1-7968dc2f5892"",""yes_price_dollars"":""0.4700""}"
KXETH15M-26APR272000-00,f051aa90-8408-65da-0b2c-a5d33261501b,1777333569,0.46,10.0,no,"{""count_fp"":""10.00"",""created_time"":""2026-04-27T23:46:09.598369Z"",""no_price_dollars"":""0.5400"",""taker_side"":""no"",""ticker"":""KXETH15M-26APR272000-00"",""trade_id"":""f051aa90-8408-65da-0b2c-a5d33261501b"",""yes_price_dollars"":""0.4600""}"
KXETH15M-26APR272000-00,8938788b-e263-4b3a-50b3-14815e18c721,1777333570,0.48,1.0,yes,"{""count_fp"":""1.00"",""created_time"":""2026-04-27T23:46:10.030437Z"",""no_price_dollars"":""0.5200"",""taker_side"":""yes"",""ticker"":""KXETH15M-26APR272000-00"",""trade_id"":""8938788b-e263-4b3a-50b3-14815e18c721"",""yes_price_dollars"":""0.4800""}"
KXETH15M-26APR272000-00,acfde15c-5318-6d1a-357b-068248e2674b,1777333574,0.46,1.0,no,"{""count_fp"":""1.00"",""created_time"":""2026-04-27T23:46:14.983986Z"",""no_price_dollars"":""0.5400"",""taker_side"":""no"",""ticker"":""KXETH15M-26APR272000-00"",""trade_id"":""acfde15c-5318-6d1a-357b-068248e2674b"",""yes_price_dollars"":""0.4600""}"
KXETH15M-26APR272000-00,32d3e8be-9d2b-7fba-4423-294879efe409,1777333574,0.48,2.0,yes,"{""count_fp"":""2.00"",""created_time"":""2026-04-27T23:46:14.824219Z"",""no_price_dollars"":""0.5200"",""taker_side"":""yes"",""ticker"":""KXETH15M-26APR272000-00"",""trade_id"":""32d3e8be-9d2b-7fba-4423-294879efe409"",""yes_price_dollars"":""0.4800""}"
KXETH15M-26APR272000-00,ae456096-c2be-686c-0438-2b200ba74b08,1777333574,0.47,10.0,no,"{""count_fp"":""10.00"",""created_time"":""2026-04-27T23:46:14.557442Z"",""no_price_dollars"":""0.5300"",""taker_side"":""no"",""ticker"":""KXETH15M-26APR272000-00"",""trade_id"":""ae456096-c2be-686c-0438-2b200ba74b08"",""yes_price_dollars"":""0.4700""}"
KXETH15M-26APR272000-00,a8d7d547-3adb-6514-0e96-08f8a10e30e8,1777333574,0.47,8.26,no,"{""count_fp"":""8.26"",""created_time"":""2026-04-27T23:46:14.557442Z"",""no_price_dollars"":""0.5300"",""taker_side"":""no"",""ticker"":""KXETH15M-26APR272000-00"",""trade_id"":""a8d7d547-3adb-6514-0e96-08f8a10e30e8"",""yes_price_dollars"":""0.4700""}"
KXETH15M-26APR272000-00,4b85a41d-c777-5faa-cd89-e020d8ee20a5,1777333574,0.48,22.85,yes,"{""count_fp"":""22.85"",""created_time"":""2026-04-27T23:46:14.428488Z"",""no_price_dollars"":""0.5200"",""taker_side"":""yes"",""ticker"":""KXETH15M-26APR272000-00"",""trade_id"":""4b85a41d-c777-5faa-cd89-e020d8ee20a5"",""yes_price_dollars"":""0.4800""}"
KXETH15M-26APR272000-00,69d64812-f203-768e-a690-034da00f7759,1777333574,0.48,1.0,yes,"{""count_fp"":""1.00"",""created_time"":""2026-04-27T23:46:14.055606Z"",""no_price_dollars"":""0.5200"",""taker_side"":""yes"",""ticker"":""KXETH15M-26APR272000-00"",""trade_id"":""69d64812-f203-768e-a690-034da00f7759"",""yes_price_dollars"":""0.4800""}"
KXETH15M-26APR272000-00,9a8c79b3-766c-6cca-2c83-0fdf0dc5ef17,1777333575,0.46,40.0,no,"{""count_fp"":""40.00"",""created_time"":""2026-04-27T23:46:15.404263Z"",""no_price_dollars"":""0.5400"",""taker_side"":""no"",""ticker"":""KXETH15M-26APR272000-00"",""trade_id"":""9a8c79b3-766c-6cca-2c83-0fdf0dc5ef17"",""yes_price_dollars"":""0.4600""}"
KXETH15M-26APR272000-00,b450f744-1b83-7771-9e78-b53f63e5271f,1777333577,0.48,1.0,yes,"{""count_fp"":""1.00"",""created_time"":""2026-04-27T23:46:17.486801Z"",""no_price_dollars"":""0.5200"",""taker_side"":""yes"",""ticker"":""KXETH15M-26APR272000-00"",""trade_id"":""b450f744-1b83-7771-9e78-b53f63e5271f"",""yes_price_dollars"":""0.4800""}"
KXETH15M-26APR272000-00,0bd17265-9cf3-4644-87b8-c7cfda364521,1777333577,0.48,0.85,no,"{""count_fp"":""0.85"",""created_time"":""2026-04-27T23:46:17.428049Z"",""no_price_dollars"":""0.5200"",""taker_side"":""no"",""ticker"":""KXETH15M-26APR272000-00"",""trade_id"":""0bd17265-9cf3-4644-87b8-c7cfda364521"",""yes_price_dollars"":""0.4800""}"
KXETH15M-26APR272000-00,65024d3f-c80b-787e-1c22-54baebc6cc4d,1777333577,0.48,3.15,yes,"{""count_fp"":""3.15"",""created_time"":""2026-04-27T23:46:17.406864Z"",""no_price_dollars"":""0.5200"",""taker_side"":""yes"",""ticker"":""KXETH15M-26APR272000-00"",""trade_id"":""65024d3f-c80b-787e-1c22-54baebc6cc4d"",""yes_price_dollars"":""0.4800""}"
KXETH15M-26APR272000-00,e62ee131-6057-4edc-10e9-63ea0ca961eb,1777333578,0.49,1.0,yes,"{""count_fp"":""1.00"",""created_time"":""2026-04-27T23:46:18.666902Z"",""no_price_dollars"":""0.5100"",""taker_side"":""yes"",""ticker"":""KXETH15M-26APR272000-00"",""trade_id"":""e62ee131-6057-4edc-10e9-63ea0ca961eb"",""yes_price_dollars"":""0.4900""}"
KXETH15M-26APR272000-00,97cbe5d8-679d-4d18-3cf6-1e875654c88c,1777333578,0.49,29.0,yes,"{""count_fp"":""29.00"",""created_time"":""2026-04-27T23:46:18.666902Z"",""no_price_dollars"":""0.5100"",""taker_side"":""yes"",""ticker"":""KXETH15M-26APR272000-00"",""trade_id"":""97cbe5d8-679d-4d18-3cf6-1e875654c88c"",""yes_price_dollars"":""0.4900""}"
KXETH15M-26APR272000-00,855bdfef-a4a8-4651-02e8-bdb01d044f81,1777333578,0.49,30.0,yes,"{""count_fp"":""30.00"",""created_time"":""2026-04-27T23:46:18.666902Z"",""no_price_dollars"":""0.5100"",""taker_side"":""yes"",""ticker"":""KXETH15M-26APR272000-00"",""trade_id"":""855bdfef-a4a8-4651-02e8-bdb01d044f81"",""yes_price_dollars"":""0.4900""}"
KXETH15M-26APR272000-00,7180ced7-1b33-4c9d-267e-10a6d6146a9f,1777333578,0.49,38.01,yes,"{""count_fp"":""38.01"",""created_time"":""2026-04-27T23:46:18.666902Z"",""no_price_dollars"":""0.5100"",""taker_side"":""yes"",""ticker"":""KXETH15M-26APR272000-00"",""trade_id"":""7180ced7-1b33-4c9d-267e-10a6d6146a9f"",""yes_price_dollars"":""0.4900""}"
KXETH15M-26APR272000-00,967d3cd0-f933-6f40-031b-a3cdfe6eaa6c,1777333579,0.46,25.88,no,"{""count_fp"":""25.88"",""created_time"":""2026-04-27T23:46:19.917803Z"",""no_price_dollars"":""0.5400"",""taker_side"":""no"",""ticker"":""KXETH15M-26APR272000-00"",""trade_id"":""967d3cd0-f933-6f40-031b-a3cdfe6eaa6c"",""yes_price_dollars"":""0.4600""}"
KXETH15M-26APR272000-00,3c725d5b-2651-69d6-0979-feb1950d36d8,1777333579,0.46,10.0,no,"{""count_fp"":""10.00"",""created_time"":""2026-04-27T23:46:19.917803Z"",""no_price_dollars"":""0.5400"",""taker_side"":""no"",""ticker"":""KXETH15M-26APR272000-00"",""trade_id"":""3c725d5b-2651-69d6-0979-feb1950d36d8"",""yes_price_dollars"":""0.4600""}"
KXETH15M-26APR272000-00,9d5f41ae-055c-6ac2-a7f7-4956677e4fbb,1777333582,0.5,30.0,yes,"{""count_fp"":""30.00"",""created_time"":""2026-04-27T23:46:22.195064Z"",""no_price_dollars"":""0.5000"",""taker_side"":""yes"",""ticker"":""KXETH15M-26APR272000-00"",""trade_id"":""9d5f41ae-055c-6ac2-a7f7-4956677e4fbb"",""yes_price_dollars"":""0.5000""}"
KXETH15M-26APR272000-00,9bc1271d-788d-6d68-820d-30b3b8e350f1,1777333582,0.51,7.17,yes,"{""count_fp"":""7.17"",""created_time"":""2026-04-27T23:46:22.195064Z"",""no_price_dollars"":""0.4900"",""taker_side"":""yes"",""ticker"":""KXETH15M-26APR272000-00"",""trade_id"":""9bc1271d-788d-6d68-820d-30b3b8e350f1"",""yes_price_dollars"":""0.5100""}"
KXETH15M-26APR272000-00,9198bf88-f5cb-6ee9-8742-89f4a962b6a3,1777333582,0.49,1.0,yes,"{""count_fp"":""1.00"",""created_time"":""2026-04-27T23:46:22.195064Z"",""no_price_dollars"":""0.5100"",""taker_side"":""yes"",""ticker"":""KXETH15M-26APR272000-00"",""trade_id"":""9198bf88-f5cb-6ee9-8742-89f4a962b6a3"",""yes_price_dollars"":""0.4900""}"
KXETH15M-26APR272000-00,28e44256-1865-695c-ad4d-929b9459f5f6,1777333582,0.5,10.0,yes,"{""count_fp"":""10.00"",""created_time"":""2026-04-27T23:46:22.195064Z"",""no_price_dollars"":""0.5000"",""taker_side"":""yes"",""ticker"":""KXETH15M-26APR272000-00"",""trade_id"":""28e44256-1865-695c-ad4d-929b9459f5f6"",""yes_price_dollars"":""0.5000""}"
KXETH15M-26APR272000-00,45c93fd0-bd73-4fd1-d368-99d42e7792db,1777333591,0.46,10.0,yes,"{""count_fp"":""10.00"",""created_time"":""2026-04-27T23:46:31.933881Z"",""no_price_dollars"":""0.5400"",""taker_side"":""yes"",""ticker"":""KXETH15M-26APR272000-00"",""trade_id"":""45c93fd0-bd73-4fd1-d368-99d42e7792db"",""yes_price_dollars"":""0.4600""}"
KXETH15M-26APR272000-00,c037252c-540d-6f05-ee24-275b238cf35e,1777333594,0.47,0.25,yes,"{""count_fp"":""0.25"",""created_time"":""2026-04-27T23:46:34.974568Z"",""no_price_dollars"":""0.5300"",""taker_side"":""yes"",""ticker"":""KXETH15M-26APR272000-00"",""trade_id"":""c037252c-540d-6f05-ee24-275b238cf35e"",""yes_price_dollars"":""0.4700""}"
KXETH15M-26APR272000-00,420febb4-ae21-6e1f-fb75-5100f4912564,1777333594,0.47,10.0,yes,"{""count_fp"":""10.00"",""created_time"":""2026-04-27T23:46:34.974568Z"",""no_price_dollars"":""0.5300"",""taker_side"":""yes"",""ticker"":""KXETH15M-26APR272000-00"",""trade_id"":""420febb4-ae21-6e1f-fb75-5100f4912564"",""yes_price_dollars"":""0.4700""}"
KXETH15M-26APR272000-00,0e385ad1-1178-7481-7b8e-1ed36df56f9e,1777333595,0.44,1.0,no,"{""count_fp"":""1.00"",""created_time"":""2026-04-27T23:46:35.860593Z"",""no_price_dollars"":""0.5600"",""taker_side"":""no"",""ticker"":""KXETH15M-26APR272000-00"",""trade_id"":""0e385ad1-1178-7481-7b8e-1ed36df56f9e"",""yes_price_dollars"":""0.4400""}"
KXETH15M-26APR272000-00,0e29d4a0-8e37-7b79-5379-5f605907e00f,1777333596,0.45,1.0,yes,"{""count_fp"":""1.00"",""created_time"":""2026-04-27T23:46:36.391802Z"",""no_price_dollars"":""0.5500"",""taker_side"":""yes"",""ticker"":""KXETH15M-26APR272000-00"",""trade_id"":""0e29d4a0-8e37-7b79-5379-5f605907e00f"",""yes_price_dollars"":""0.4500""}"
KXETH15M-26APR272000-00,ef31145c-cb43-5dcc-b4b3-65e392d47953,1777333597,0.43,15.9,no,"{""count_fp"":""15.90"",""created_time"":""2026-04-27T23:46:37.391355Z"",""no_price_dollars"":""0.5700"",""taker_side"":""no"",""ticker"":""KXETH15M-26APR272000-00"",""trade_id"":""ef31145c-cb43-5dcc-b4b3-65e392d47953"",""yes_price_dollars"":""0.4300""}"
KXETH15M-26APR272000-00,63fa0c2e-327c-5d40-8640-41ccc72435d1,1777333597,0.43,1.0,no,"{""count_fp"":""1.00"",""created_time"":""2026-04-27T23:46:37.391355Z"",""no_price_dollars"":""0.5700"",""taker_side"":""no"",""ticker"":""KXETH15M-26APR272000-00"",""trade_id"":""63fa0c2e-327c-5d40-8640-41ccc72435d1"",""yes_price_dollars"":""0.4300""}"
KXETH15M-26APR272000-00,cfb21f51-603c-4f27-14db-e41d851eb129,1777333597,0.4,5.0,no,"{""count_fp"":""5.00"",""created_time"":""2026-04-27T23:46:37.083838Z"",""no_price_dollars"":""0.6000"",""taker_side"":""no"",""ticker"":""KXETH15M-26APR272000-00"",""trade_id"":""cfb21f51-603c-4f27-14db-e41d851eb129"",""yes_price_dollars"":""0.4000""}"
KXETH15M-26APR272000-00,aca6afc5-9403-4cbd-51cd-29621a8b69cf,1777333598,0.47,1.25,yes,"{""count_fp"":""1.25"",""created_time"":""2026-04-27T23:46:38.106102Z"",""no_price_dollars"":""0.5300"",""taker_side"":""yes"",""ticker"":""KXETH15M-26APR272000-00"",""trade_id"":""aca6afc5-9403-4cbd-51cd-29621a8b69cf"",""yes_price_dollars"":""0.4700""}"
KXETH15M-26APR272000-00,81f4db18-ead1-4e21-61e1-339e04ec6a92,1777333598,0.47,4.75,yes,"{""count_fp"":""4.75"",""created_time"":""2026-04-27T23:46:38.106102Z"",""no_price_dollars"":""0.5300"",""taker_side"":""yes"",""ticker"":""KXETH15M-26APR272000-00"",""trade_id"":""81f4db18-ead1-4e21-61e1-339e04ec6a92"",""yes_price_dollars"":""0.4700""}"
KXETH15M-26APR272000-00,719ca9a8-40df-41e1-58d6-c1770b70efcf,1777333600,0.47,2.05,yes,"{""count_fp"":""2.05"",""created_time"":""2026-04-27T23:46:40.323357Z"",""no_price_dollars"":""0.5300"",""taker_side"":""yes"",""ticker"":""KXETH15M-26APR272000-00"",""trade_id"":""719ca9a8-40df-41e1-58d6-c1770b70efcf"",""yes_price_dollars"":""0.4700""}"
KXETH15M-26APR272000-00,13ce43bc-d0b3-5ee1-794a-39baa71a0c88,1777333600,0.44,10.0,no,"{""count_fp"":""10.00"",""created_time"":""2026-04-27T23:46:40.282433Z"",""no_price_dollars"":""0.5600"",""taker_side"":""no"",""ticker"":""KXETH15M-26APR272000-00"",""trade_id"":""13ce43bc-d0b3-5ee1-794a-39baa71a0c88"",""yes_price_dollars"":""0.4400""}"
KXETH15M-26APR272000-00,036414b9-c093-5dc0-5e89-50320691d01b,1777333600,0.44,57.31,no,"{""count_fp"":""57.31"",""created_time"":""2026-04-27T23:46:40.282433Z"",""no_price_dollars"":""0.5600"",""taker_side"":""no"",""ticker"":""KXETH15M-26APR272000-00"",""trade_id"":""036414b9-c093-5dc0-5e89-50320691d01b"",""yes_price_dollars"":""0.4400""}"
KXETH15M-26APR272000-00,b96433e6-ad73-44e2-57e0-73196035404b,1777333605,0.43,10.0,no,"{""count_fp"":""10.00"",""created_time"":""2026-04-27T23:46:45.263766Z"",""no_price_dollars"":""0.5700"",""taker_side"":""no"",""ticker"":""KXETH15M-26APR272000-00"",""trade_id"":""b96433e6-ad73-44e2-57e0-73196035404b"",""yes_price_dollars"":""0.4300""}"
KXETH15M-26APR272000-00,491d2268-bfcf-43c8-778c-b90ba5f22f8b,1777333605,0.43,7.03,no,"{""count_fp"":""7.03"",""created_time"":""2026-04-27T23:46:45.263766Z"",""no_price_dollars"":""0.5700"",""taker_side"":""no"",""ticker"":""KXETH15M-26APR272000-00"",""trade_id"":""491d2268-bfcf-43c8-778c-b90ba5f22f8b"",""yes_price_dollars"":""0.4300""}"
KXETH15M-26APR272000-00,0a17bed7-6e92-6bf5-a6d7-7a6312702435,1777333608,0.42,10.0,no,"{""count_fp"":""10.00"",""created_time"":""2026-04-27T23:46:48.701043Z"",""no_price_dollars"":""0.5800"",""taker_side"":""no"",""ticker"":""KXETH15M-26APR272000-00"",""trade_id"":""0a17bed7-6e92-6bf5-a6d7-7a6312702435"",""yes_price_dollars"":""0.4200""}"
KXETH15M-26APR272000-00,930679ce-bebb-436d-6a7d-2ab1e32231f3,1777333608,0.44,19.0,yes,"{""count_fp"":""19.00"",""created_time"":""2026-04-27T23:46:48.084678Z"",""no_price_dollars"":""0.5600"",""taker_side"":""yes"",""ticker"":""KXETH15M-26APR272000-00"",""trade_id"":""930679ce-bebb-436d-6a7d-2ab1e32231f3"",""yes_price_dollars"":""0.4400""}"
KXETH15M-26APR272000-00,05a105f5-46f4-4b12-5bf0-2d197c25b7c2,1777333608,0.44,1.0,yes,"{""count_fp"":""1.00"",""created_time"":""2026-04-27T23:46:48.084678Z"",""no_price_dollars"":""0.5600"",""taker_side"":""yes"",""ticker"":""KXETH15M-26APR272000-00"",""trade_id"":""05a105f5-46f4-4b12-5bf0-2d197c25b7c2"",""yes_price_dollars"":""0.4400""}"
KXETH15M-26APR272000-00,9f3a2904-0297-719d-636f-e69765d788e7,1777333610,0.43,53.2,yes,"{""count_fp"":""53.20"",""created_time"":""2026-04-27T23:46:50.137378Z"",""no_price_dollars"":""0.5700"",""taker_side"":""yes"",""ticker"":""KXETH15M-26APR272000-00"",""trade_id"":""9f3a2904-0297-719d-636f-e69765d788e7"",""yes_price_dollars"":""0.4300""}"
KXETH15M-26APR272000-00,839a8ff9-f683-7a91-a721-4dbe35d95fc7,1777333611,0.43,1.0,yes,"{""count_fp"":""1.00"",""created_time"":""2026-04-27T23:46:51.293873Z"",""no_price_dollars"":""0.5700"",""taker_side"":""yes"",""ticker"":""KXETH15M-26APR272000-00"",""trade_id"":""839a8ff9-f683-7a91-a721-4dbe35d95fc7"",""yes_price_dollars"":""0.4300""}"
KXETH15M-26APR272000-00,90a8dc37-f41f-7981-3825-be7e233f18ff,1777333611,0.43,33.54,yes,"{""count_fp"":""33.54"",""created_time"":""2026-04-27T23:46:51.204136Z"",""no_price_dollars"":""0.5700"",""taker_side"":""yes"",""ticker"":""KXETH15M-26APR272000-00"",""trade_id"":""90a8dc37-f41f-7981-3825-be7e233f18ff"",""yes_price_dollars"":""0.4300""}"
KXETH15M-26APR272000-00,5bfa3da2-1957-6bb1-b71a-ada35cbc1fbf,1777333619,0.42,4.24,yes,"{""count_fp"":""4.24"",""created_time"":""2026-04-27T23:46:59.897223Z"",""no_price_dollars"":""0.5800"",""taker_side"":""yes"",""ticker"":""KXETH15M-26APR272000-00"",""trade_id"":""5bfa3da2-1957-6bb1-b71a-ada35cbc1fbf"",""yes_price_dollars"":""0.4200""}"
KXETH15M-26APR272000-00,b3e04feb-5b54-4f33-bccc-3aa7b7e4a36d,1777333619,0.4,5.0,no,"{""count_fp"":""5.00"",""created_time"":""2026-04-27T23:46:59.723654Z"",""no_price_dollars"":""0.6000"",""taker_side"":""no"",""ticker"":""KXETH15M-26APR272000-00"",""trade_id"":""b3e04feb-5b54-4f33-bccc-3aa7b7e4a36d"",""yes_price_dollars"":""0.4000""}"
KXETH15M-26APR272000-00,8c534e6c-53b9-4ede-a437-2b5f49e389d2,1777333619,0.41,10.0,no,"{""count_fp"":""10.00"",""created_time"":""2026-04-27T23:46:59.723654Z"",""no_price_dollars"":""0.5900"",""taker_side"":""no"",""ticker"":""KXETH15M-26APR272000-00"",""trade_id"":""8c534e6c-53b9-4ede-a437-2b5f49e389d2"",""yes_price_dollars"":""0.4100""}"
KXETH15M-26APR272000-00,e7fac042-ebfb-6408-f3a8-2671b8c80387,1777333624,0.37,19.0,no,"{""count_fp"":""19.00"",""created_time"":""2026-04-27T23:47:04.148523Z"",""no_price_dollars"":""0.6300"",""taker_side"":""no"",""ticker"":""KXETH15M-26APR272000-00"",""trade_id"":""e7fac042-ebfb-6408-f3a8-2671b8c80387"",""yes_price_dollars"":""0.3700""}"
KXETH15M-26APR272000-00,b4a77a15-ca18-67f5-ebdd-2dbbf01665b7,1777333624,0.37,1.0,no,"{""count_fp"":""1.00"",""created_time"":""2026-04-27T23:47:04.148523Z"",""no_price_dollars"":""0.6300"",""taker_side"":""no"",""ticker"":""KXETH15M-26APR272000-00"",""trade_id"":""b4a77a15-ca18-67f5-ebdd-2dbbf01665b7"",""yes_price_dollars"":""0.3700""}"
KXETH15M-26APR272000-00,3ae84730-40e3-61d4-5806-f7f97a16b065,1777333626,0.38,25.22,yes,"{""count_fp"":""25.22"",""created_time"":""2026-04-27T23:47:06.688357Z"",""no_price_dollars"":""0.6200"",""taker_side"":""yes"",""ticker"":""KXETH15M-26APR272000-00"",""trade_id"":""3ae84730-40e3-61d4-5806-f7f97a16b065"",""yes_price_dollars"":""0.3800""}"
KXETH15M-26APR272000-00,0582f2d1-19a3-776c-c470-80c2233d12fd,1777333629,0.38,10.08,yes,"{""count_fp"":""10.08"",""created_time"":""2026-04-27T23:47:09.975933Z"",""no_price_dollars"":""0.6200"",""taker_side"":""yes"",""ticker"":""KXETH15M-26APR272000-00"",""trade_id"":""0582f2d1-19a3-776c-c470-80c2233d12fd"",""yes_price_dollars"":""0.3800""}"
KXETH15M-26APR272000-00,385623bc-4cd9-6baa-a794-f0e075e00681,1777333630,0.36,1.0,no,"{""count_fp"":""1.00"",""created_time"":""2026-04-27T23:47:10.110047Z"",""no_price_dollars"":""0.6400"",""taker_side"":""no"",""ticker"":""KXETH15M-26APR272000-00"",""trade_id"":""385623bc-4cd9-6baa-a794-f0e075e00681"",""yes_price_dollars"":""0.3600""}"
KXETH15M-26APR272000-00,22ae9da3-3a94-610e-9cd3-2d600f3d28d9,1777333630,0.36,1.0,no,"{""count_fp"":""1.00"",""created_time"":""2026-04-27T23:47:10.110047Z"",""no_price_dollars"":""0.6400"",""taker_side"":""no"",""ticker"":""KXETH15M-26APR272000-00"",""trade_id"":""22ae9da3-3a94-610e-9cd3-2d600f3d28d9"",""yes_price_dollars"":""0.3600""}"
KXETH15M-26APR272000-00,dfce589d-bfe5-5906-58d5-3e97948e3a55,1777333635,0.36,2.0,no,"{""count_fp"":""2.00"",""created_time"":""2026-04-27T23:47:15.123774Z"",""no_price_dollars"":""0.6400"",""taker_side"":""no"",""ticker"":""KXETH15M-26APR272000-00"",""trade_id"":""dfce589d-bfe5-5906-58d5-3e97948e3a55"",""yes_price_dollars"":""0.3600""}"
KXETH15M-26APR272000-00,cd9949c2-dbbe-4560-fa2e-7387d61a6584,1777333642,0.37,0.63,yes,"{""count_fp"":""0.63"",""created_time"":""2026-04-27T23:47:22.312036Z"",""no_price_dollars"":""0.6300"",""taker_side"":""yes"",""ticker"":""KXETH15M-26APR272000-00"",""trade_id"":""cd9949c2-dbbe-4560-fa2e-7387d61a6584"",""yes_price_dollars"":""0.3700""}"
KXETH15M-26APR272000-00,5b7dca3a-399a-5214-9d4b-b2f22c80b3e8,1777333644,0.34,27.59,no,"{""count_fp"":""27.59"",""created_time"":""2026-04-27T23:47:24.594114Z"",""no_price_dollars"":""0.6600"",""taker_side"":""no"",""ticker"":""KXETH15M-26APR272000-00"",""trade_id"":""5b7dca3a-399a-5214-9d4b-b2f22c80b3e8"",""yes_price_dollars"":""0.3400""}"
KXETH15M-26APR272000-00,0fa4427e-f901-589b-aa0f-158cc579617d,1777333644,0.34,2.0,no,"{""count_fp"":""2.00"",""created_time"":""2026-04-27T23:47:24.594114Z"",""no_price_dollars"":""0.6600"",""taker_side"":""no"",""ticker"":""KXETH15M-26APR272000-00"",""trade_id"":""0fa4427e-f901-589b-aa0f-158cc579617d"",""yes_price_dollars"":""0.3400""}"
KXETH15M-26APR272000-00,1b9ed8ba-7938-59c6-ad70-d5e16da19f29,1777333645,0.34,1.0,no,"{""count_fp"":""1.00"",""created_time"":""2026-04-27T23:47:25.604537Z"",""no_price_dollars"":""0.6600"",""taker_side"":""no"",""ticker"":""KXETH15M-26APR272000-00"",""trade_id"":""1b9ed8ba-7938-59c6-ad70-d5e16da19f29"",""yes_price_dollars"":""0.3400""}"
KXETH15M-26APR272000-00,b15e8bbf-ed76-418d-4c8f-1f3e42c1d4ea,1777333650,0.37,39.0,yes,"{""count_fp"":""39.00"",""created_time"":""2026-04-27T23:47:30.804966Z"",""no_price_dollars"":""0.6300"",""taker_side"":""yes"",""ticker"":""KXETH15M-26APR272000-00"",""trade_id"":""b15e8bbf-ed76-418d-4c8f-1f3e42c1d4ea"",""yes_price_dollars"":""0.3700""}"
KXETH15M-26APR272000-00,ae9af687-cd18-4736-4a4b-5b94f39701eb,1777333650,0.37,10.63,yes,"{""count_fp"":""10.63"",""created_time"":""2026-04-27T23:47:30.804966Z"",""no_price_dollars"":""0.6300"",""taker_side"":""yes"",""ticker"":""KXETH15M-26APR272000-00"",""trade_id"":""ae9af687-cd18-4736-4a4b-5b94f39701eb"",""yes_price_dollars"":""0.3700""}"
KXETH15M-26APR272000-00,ab3a26f4-3853-43d8-6e1c-cbd050cd0e69,1777333650,0.39,0.24,yes,"{""count_fp"":""0.24"",""created_time"":""2026-04-27T23:47:30.804966Z"",""no_price_dollars"":""0.6100"",""taker_side"":""yes"",""ticker"":""KXETH15M-26APR272000-00"",""trade_id"":""ab3a26f4-3853-43d8-6e1c-cbd050cd0e69"",""yes_price_dollars"":""0.3900""}"
KXETH15M-26APR272000-00,9169d4ea-0e58-4e00-6527-33279bf2c44c,1777333650,0.37,1.37,yes,"{""count_fp"":""1.37"",""created_time"":""2026-04-27T23:47:30.804966Z"",""no_price_dollars"":""0.6300"",""taker_side"":""yes"",""ticker"":""KXETH15M-26APR272000-00"",""trade_id"":""9169d4ea-0e58-4e00-6527-33279bf2c44c"",""yes_price_dollars"":""0.3700""}"
KXETH15M-26APR272000-00,7354d4b5-7447-59dc-4b1b-ee18831f5e21,1777333654,0.39,12.06,yes,"{""count_fp"":""12.06"",""created_time"":""2026-04-27T23:47:34.318975Z"",""no_price_dollars"":""0.6100"",""taker_side"":""yes"",""ticker"":""KXETH15M-26APR272000-00"",""trade_id"":""7354d4b5-7447-59dc-4b1b-ee18831f5e21"",""yes_price_dollars"":""0.3900""}"
KXETH15M-26APR272000-00,f2aa5b60-da61-7f91-bf04-a03d986cac54,1777333658,0.3,1.0,no,"{""count_fp"":""1.00"",""created_time"":""2026-04-27T23:47:38.985441Z"",""no_price_dollars"":""0.7000"",""taker_side"":""no"",""ticker"":""KXETH15M-26APR272000-00"",""trade_id"":""f2aa5b60-da61-7f91-bf04-a03d986cac54"",""yes_price_dollars"":""0.3000""}"
KXETH15M-26APR272000-00,125364e6-156f-7302-808b-268518c7d621,1777333658,0.3,10.0,no,"{""count_fp"":""10.00"",""created_time"":""2026-04-27T23:47:38.985441Z"",""no_price_dollars"":""0.7000"",""taker_side"":""no"",""ticker"":""KXETH15M-26APR272000-00"",""trade_id"":""125364e6-156f-7302-808b-268518c7d621"",""yes_price_dollars"":""0.3000""}"
KXETH15M-26APR272000-00,9c934eea-974c-7fbd-33d7-231d393fb510,1777333658,0.33,1.0,no,"{""count_fp"":""1.00"",""created_time"":""2026-04-27T23:47:38.869792Z"",""no_price_dollars"":""0.6700"",""taker_side"":""no"",""ticker"":""KXETH15M-26APR272000-00"",""trade_id"":""9c934eea-974c-7fbd-33d7-231d393fb510"",""yes_price_dollars"":""0.3300""}"
KXETH15M-26APR272000-00,d88bbcc8-29f8-5989-4605-f3806c9f28ba,1777333658,0.34,1.0,no,"{""count_fp"":""1.00"",""created_time"":""2026-04-27T23:47:38.853864Z"",""no_price_dollars"":""0.6600"",""taker_side"":""no"",""ticker"":""KXETH15M-26APR272000-00"",""trade_id"":""d88bbcc8-29f8-5989-4605-f3806c9f28ba"",""yes_price_dollars"":""0.3400""}"
KXETH15M-26APR272000-00,421d05e5-b513-6dd7-04fa-35498029e4ba,1777333658,0.35,10.0,no,"{""count_fp"":""10.00"",""created_time"":""2026-04-27T23:47:38.836287Z"",""no_price_dollars"":""0.6500"",""taker_side"":""no"",""ticker"":""KXETH15M-26APR272000-00"",""trade_id"":""421d05e5-b513-6dd7-04fa-35498029e4ba"",""yes_price_dollars"":""0.3500""}"
KXETH15M-26APR272000-00,2b135597-11b8-643f-0733-91f438a4147e,1777333658,0.37,2.0,no,"{""count_fp"":""2.00"",""created_time"":""2026-04-27T23:47:38.836287Z"",""no_price_dollars"":""0.6300"",""taker_side"":""no"",""ticker"":""KXETH15M-26APR272000-00"",""trade_id"":""2b135597-11b8-643f-0733-91f438a4147e"",""yes_price_dollars"":""0.3700""}"
KXETH15M-26APR272000-00,1ff37119-d18d-4532-d6be-d99c8564e717,1777333661,0.3,1.0,yes,"{""count_fp"":""1.00"",""created_time"":""2026-04-27T23:47:41.332813Z"",""no_price_dollars"":""0.7000"",""taker_side"":""yes"",""ticker"":""KXETH15M-26APR272000-00"",""trade_id"":""1ff37119-d18d-4532-d6be-d99c8564e717"",""yes_price_dollars"":""0.3000""}"
KXETH15M-26APR272000-00,36782151-d30d-5f66-1c25-c2de0479576b,1777333661,0.3,5.0,yes,"{""count_fp"":""5.00"",""created_time"":""2026-04-27T23:47:41.042421Z"",""no_price_dollars"":""0.7000"",""taker_side"":""yes"",""ticker"":""KXETH15M-26APR272000-00"",""trade_id"":""36782151-d30d-5f66-1c25-c2de0479576b"",""yes_price_dollars"":""0.3000""}"
KXETH15M-26APR272000-00,cd16c682-c90c-5204-4a20-3372862c27fd,1777333664,0.33,1.0,no,"{""count_fp"":""1.00"",""created_time"":""2026-04-27T23:47:44.363966Z"",""no_price_dollars"":""0.6700"",""taker_side"":""no"",""ticker"":""KXETH15M-26APR272000-00"",""trade_id"":""cd16c682-c90c-5204-4a20-3372862c27fd"",""yes_price_dollars"":""0.3300""}"
KXETH15M-26APR272000-00,19f2d06b-2b32-4c7c-4b61-1f702dff9be4,1777333667,0.34,20.51,no,"{""count_fp"":""20.51"",""created_time"":""2026-04-27T23:47:47.204953Z"",""no_price_dollars"":""0.6600"",""taker_side"":""no"",""ticker"":""KXETH15M-26APR272000-00"",""trade_id"":""19f2d06b-2b32-4c7c-4b61-1f702dff9be4"",""yes_price_dollars"":""0.3400""}"
KXETH15M-26APR272000-00,09f9b663-72e8-6535-d19c-3b7c7a949243,1777333671,0.35,1.0,no,"{""count_fp"":""1.00"",""created_time"":""2026-04-27T23:47:51.394708Z"",""no_price_dollars"":""0.6500"",""taker_side"":""no"",""ticker"":""KXETH15M-26APR272000-00"",""trade_id"":""09f9b663-72e8-6535-d19c-3b7c7a949243"",""yes_price_dollars"":""0.3500""}"
KXETH15M-26APR272000-00,b4fdfb94-b493-577d-333a-c47ecdd426f1,1777333675,0.35,10.0,no,"{""count_fp"":""10.00"",""created_time"":""2026-04-27T23:47:55.407175Z"",""no_price_dollars"":""0.6500"",""taker_side"":""no"",""ticker"":""KXETH15M-26APR272000-00"",""trade_id"":""b4fdfb94-b493-577d-333a-c47ecdd426f1"",""yes_price_dollars"":""0.3500""}"
KXETH15M-26APR272000-00,4699e56e-d80a-5d78-3b38-a7236a4da160,1777333675,0.34,12.16,no,"{""count_fp"":""12.16"",""created_time"":""2026-04-27T23:47:55.407175Z"",""no_price_dollars"":""0.6600"",""taker_side"":""no"",""ticker"":""KXETH15M-26APR272000-00"",""trade_id"":""4699e56e-d80a-5d78-3b38-a7236a4da160"",""yes_price_dollars"":""0.3400""}"
KXETH15M-26APR272000-00,ef6ea08c-4c86-45b7-5f43-562c241e4884,1777333675,0.38,0.27,yes,"{""count_fp"":""0.27"",""created_time"":""2026-04-27T23:47:55.086016Z"",""no_price_dollars"":""0.6200"",""taker_side"":""yes"",""ticker"":""KXETH15M-26APR272000-00"",""trade_id"":""ef6ea08c-4c86-45b7-5f43-562c241e4884"",""yes_price_dollars"":""0.3800""}"
KXETH15M-26APR272000-00,dcf5bbe1-901b-4e7d-5206-adf72e15af22,1777333675,0.37,1.0,yes,"{""count_fp"":""1.00"",""created_time"":""2026-04-27T23:47:55.086016Z"",""no_price_dollars"":""0.6300"",""taker_side"":""yes"",""ticker"":""KXETH15M-26APR272000-00"",""trade_id"":""dcf5bbe1-901b-4e7d-5206-adf72e15af22"",""yes_price_dollars"":""0.3700""}"
KXETH15M-26APR272000-00,faebd4ab-5883-47a8-b024-ec12fca1c6f3,1777333680,0.35,10.0,yes,"{""count_fp"":""10.00"",""created_time"":""2026-04-27T23:48:00.766727Z"",""no_price_dollars"":""0.6500"",""taker_side"":""yes"",""ticker"":""KXETH15M-26APR272000-00"",""trade_id"":""faebd4ab-5883-47a8-b024-ec12fca1c6f3"",""yes_price_dollars"":""0.3500""}"
KXETH15M-26APR272000-00,2a8a6486-b4b9-73fc-a484-b1c40f24a8b5,1777333680,0.34,2.0,no,"{""count_fp"":""2.00"",""created_time"":""2026-04-27T23:48:00.338127Z"",""no_price_dollars"":""0.6600"",""taker_side"":""no"",""ticker"":""KXETH15M-26APR272000-00"",""trade_id"":""2a8a6486-b4b9-73fc-a484-b1c40f24a8b5"",""yes_price_dollars"":""0.3400""}"
KXETH15M-26APR272000-00,f506f132-fc4a-7d0f-025b-992fed11e39f,1777333681,0.43,1.0,yes,"{""count_fp"":""1.00"",""created_time"":""2026-04-27T23:48:01.927798Z"",""no_price_dollars"":""0.5700"",""taker_side"":""yes"",""ticker"":""KXETH15M-26APR272000-00"",""trade_id"":""f506f132-fc4a-7d0f-025b-992fed11e39f"",""yes_price_dollars"":""0.4300""}"
KXETH15M-26APR272000-00,e5155ef9-937e-759e-35c1-363b2946b31c,1777333681,0.41,5.0,yes,"{""count_fp"":""5.00"",""created_time"":""2026-04-27T23:48:01.927798Z"",""no_price_dollars"":""0.5900"",""taker_side"":""yes"",""ticker"":""KXETH15M-26APR272000-00"",""trade_id"":""e5155ef9-937e-759e-35c1-363b2946b31c"",""yes_price_dollars"":""0.4100""}"
KXETH15M-26APR272000-00,d7d19298-2131-4a78-e36a-eb17b03afa30,1777333681,0.38,14.0,yes,"{""count_fp"":""14.00"",""created_time"":""2026-04-27T23:48:01.400188Z"",""no_price_dollars"":""0.6200"",""taker_side"":""yes"",""ticker"":""KXETH15M-26APR272000-00"",""trade_id"":""d7d19298-2131-4a78-e36a-eb17b03afa30"",""yes_price_dollars"":""0.3800""}"
KXETH15M-26APR272000-00,3ff6fdd2-f331-73a0-26a3-cfe4f3dba2f9,1777333681,0.37,2.0,yes,"{""count_fp"":""2.00"",""created_time"":""2026-04-27T23:48:01.124549Z"",""no_price_dollars"":""0.6300"",""taker_side"":""yes"",""ticker"":""KXETH15M-26APR272000-00"",""trade_id"":""3ff6fdd2-f331-73a0-26a3-cfe4f3dba2f9"",""yes_price_dollars"":""0.3700""}"
KXETH15M-26APR272000-00,1960e377-6749-7438-2791-fc54b7da1154,1777333681,0.38,26.0,yes,"{""count_fp"":""26.00"",""created_time"":""2026-04-27T23:48:01.124549Z"",""no_price_dollars"":""0.6200"",""taker_side"":""yes"",""ticker"":""KXETH15M-26APR272000-00"",""trade_id"":""1960e377-6749-7438-2791-fc54b7da1154"",""yes_price_dollars"":""0.3800""}"
KXETH15M-26APR272000-00,26c33b5e-3e8b-6d5e-9215-fe1cfa2db5a5,1777333682,0.43,1.0,no,"{""count_fp"":""1.00"",""created_time"":""2026-04-27T23:48:02.560394Z"",""no_price_dollars"":""0.5700"",""taker_side"":""no"",""ticker"":""KXETH15M-26APR272000-00"",""trade_id"":""26c33b5e-3e8b-6d5e-9215-fe1cfa2db5a5"",""yes_price_dollars"":""0.4300""}"
KXETH15M-26APR272000-00,f491b3e5-7372-566b-f795-97398abbf7f8,1777333688,0.44,1.0,yes,"{""count_fp"":""1.00"",""created_time"":""2026-04-27T23:48:08.226073Z"",""no_price_dollars"":""0.5600"",""taker_side"":""yes"",""ticker"":""KXETH15M-26APR272000-00"",""trade_id"":""f491b3e5-7372-566b-f795-97398abbf7f8"",""yes_price_dollars"":""0.4400""}"
KXETH15M-26APR272000-00,a434dec7-f813-5a90-fcdd-069148e12727,1777333688,0.45,1.0,yes,"{""count_fp"":""1.00"",""created_time"":""2026-04-27T23:48:08.226073Z"",""no_price_dollars"":""0.5500"",""taker_side"":""yes"",""ticker"":""KXETH15M-26APR272000-00"",""trade_id"":""a434dec7-f813-5a90-fcdd-069148e12727"",""yes_price_dollars"":""0.4500""}"
KXETH15M-26APR272000-00,82982f85-9204-586f-d596-ce613b4d25a1,1777333688,0.47,4.0,yes,"{""count_fp"":""4.00"",""created_time"":""2026-04-27T23:48:08.226073Z"",""no_price_dollars"":""0.5300"",""taker_side"":""yes"",""ticker"":""KXETH15M-26APR272000-00"",""trade_id"":""82982f85-9204-586f-d596-ce613b4d25a1"",""yes_price_dollars"":""0.4700""}"
KXETH15M-26APR272000-00,e131d5a9-59a4-6993-1dfb-851cc7ada8d0,1777333695,0.42,1.0,yes,"{""count_fp"":""1.00"",""created_time"":""2026-04-27T23:48:15.310976Z"",""no_price_dollars"":""0.5800"",""taker_side"":""yes"",""ticker"":""KXETH15M-26APR272000-00"",""trade_id"":""e131d5a9-59a4-6993-1dfb-851cc7ada8d0"",""yes_price_dollars"":""0.4200""}"
KXETH15M-26APR272000-00,57f0e555-bc27-694a-3817-e47b1715456d,1777333695,0.44,5.0,yes,"{""count_fp"":""5.00"",""created_time"":""2026-04-27T23:48:15.310976Z"",""no_price_dollars"":""0.5600"",""taker_side"":""yes"",""ticker"":""KXETH15M-26APR272000-00"",""trade_id"":""57f0e555-bc27-694a-3817-e47b1715456d"",""yes_price_dollars"":""0.4400""}"
KXETH15M-26APR272000-00,d45cba93-b89e-7018-b494-96c37a30243c,1777333696,0.4,100.0,no,"{""count_fp"":""100.00"",""created_time"":""2026-04-27T23:48:16.064948Z"",""no_price_dollars"":""0.6000"",""taker_side"":""no"",""ticker"":""KXETH15M-26APR272000-00"",""trade_id"":""d45cba93-b89e-7018-b494-96c37a30243c"",""yes_price_dollars"":""0.4000""}"
KXETH15M-26APR272000-00,f0e21bec-5ff4-6048-99bd-41a6da17f1b6,1777333696,0.41,10.0,no,"{""count_fp"":""10.00"",""created_time"":""2026-04-27T23:48:16.059019Z"",""no_price_dollars"":""0.5900"",""taker_side"":""no"",""ticker"":""KXETH15M-26APR272000-00"",""trade_id"":""f0e21bec-5ff4-6048-99bd-41a6da17f1b6"",""yes_price_dollars"":""0.4100""}"
KXETH15M-26APR272000-00,2d51d868-c9e7-5b62-0c0c-1dd6313ed2e5,1777333697,0.41,10.93,yes,"{""count_fp"":""10.93"",""created_time"":""2026-04-27T23:48:17.173866Z"",""no_price_dollars"":""0.5900"",""taker_side"":""yes"",""ticker"":""KXETH15M-26APR272000-00"",""trade_id"":""2d51d868-c9e7-5b62-0c0c-1dd6313ed2e5"",""yes_price_dollars"":""0.4100""}"
KXETH15M-26APR272000-00,d37ce02c-968d-743c-4422-1e003c628fc4,1777333700,0.37,1.0,no,"{""count_fp"":""1.00"",""created_time"":""2026-04-27T23:48:20.361333Z"",""no_price_dollars"":""0.6300"",""taker_side"":""no"",""ticker"":""KXETH15M-26APR272000-00"",""trade_id"":""d37ce02c-968d-743c-4422-1e003c628fc4"",""yes_price_dollars"":""0.3700""}"
KXETH15M-26APR272000-00,971f7468-e40b-7a84-6ef5-1f18ee46a318,1777333701,0.37,1.0,no,"{""count_fp"":""1.00"",""created_time"":""2026-04-27T23:48:21.565394Z"",""no_price_dollars"":""0.6300"",""taker_side"":""no"",""ticker"":""KXETH15M-26APR272000-00"",""trade_id"":""971f7468-e40b-7a84-6ef5-1f18ee46a318"",""yes_price_dollars"":""0.3700""}"
KXETH15M-26APR272000-00,7b28509e-5cfb-7fca-4c1d-41233be51bfe,1777333701,0.36,2.0,no,"{""count_fp"":""2.00"",""created_time"":""2026-04-27T23:48:21.565394Z"",""no_price_dollars"":""0.6400"",""taker_side"":""no"",""ticker"":""KXETH15M-26APR272000-00"",""trade_id"":""7b28509e-5cfb-7fca-4c1d-41233be51bfe"",""yes_price_dollars"":""0.3600""}"
KXETH15M-26APR272000-00,0c3e2ec4-dfed-724d-729f-0dfdb9ceff3a,1777333701,0.36,2.0,no,"{""count_fp"":""2.00"",""created_time"":""2026-04-27T23:48:21.565394Z"",""no_price_dollars"":""0.6400"",""taker_side"":""no"",""ticker"":""KXETH15M-26APR272000-00"",""trade_id"":""0c3e2ec4-dfed-724d-729f-0dfdb9ceff3a"",""yes_price_dollars"":""0.3600""}"
KXETH15M-26APR272000-00,4d393836-4101-4d00-9dfd-36770949cb56,1777333701,0.4,1.28,yes,"{""count_fp"":""1.28"",""created_time"":""2026-04-27T23:48:21.218387Z"",""no_price_dollars"":""0.6000"",""taker_side"":""yes"",""ticker"":""KXETH15M-26APR272000-00"",""trade_id"":""4d393836-4101-4d00-9dfd-36770949cb56"",""yes_price_dollars"":""0.4000""}"
KXETH15M-26APR272000-00,5085e12f-66a3-4a7a-fb34-e64546453795,1777333703,0.37,239.92,yes,"{""count_fp"":""239.92"",""created_time"":""2026-04-27T23:48:23.771683Z"",""no_price_dollars"":""0.6300"",""taker_side"":""yes"",""ticker"":""KXETH15M-26APR272000-00"",""trade_id"":""5085e12f-66a3-4a7a-fb34-e64546453795"",""yes_price_dollars"":""0.3700""}"
KXETH15M-26APR272000-00,abaaec7f-72f5-5ccb-dd3b-e0846be8e16e,1777333704,0.34,1.0,no,"{""count_fp"":""1.00"",""created_time"":""2026-04-27T23:48:24.371312Z"",""no_price_dollars"":""0.6600"",""taker_side"":""no"",""ticker"":""KXETH15M-26APR272000-00"",""trade_id"":""abaaec7f-72f5-5ccb-dd3b-e0846be8e16e"",""yes_price_dollars"":""0.3400""}"
KXETH15M-26APR272000-00,6a6d8589-6cf1-51ba-d3a3-cea5571b577c,1777333704,0.35,10.0,no,"{""count_fp"":""10.00"",""created_time"":""2026-04-27T23:48:24.371312Z"",""no_price_dollars"":""0.6500"",""taker_side"":""no"",""ticker"":""KXETH15M-26APR272000-00"",""trade_id"":""6a6d8589-6cf1-51ba-d3a3-cea5571b577c"",""yes_price_dollars"":""0.3500""}"
KXETH15M-26APR272000-00,30dd228d-fbfb-52fe-f6e6-c95d0958d332,1777333704,0.32,22.66,no,"{""count_fp"":""22.66"",""created_time"":""2026-04-27T23:48:24.371312Z"",""no_price_dollars"":""0.6800"",""taker_side"":""no"",""ticker"":""KXETH15M-26APR272000-00"",""trade_id"":""30dd228d-fbfb-52fe-f6e6-c95d0958d332"",""yes_price_dollars"":""0.3200""}"
KXETH15M-26APR272000-00,02bd2619-3711-5c6c-f93a-19551221a8f2,1777333704,0.35,10.0,no,"{""count_fp"":""10.00"",""created_time"":""2026-04-27T23:48:24.371312Z"",""no_price_dollars"":""0.6500"",""taker_side"":""no"",""ticker"":""KXETH15M-26APR272000-00"",""trade_id"":""02bd2619-3711-5c6c-f93a-19551221a8f2"",""yes_price_dollars"":""0.3500""}"
KXETH15M-26APR272000-00,21ef53cd-d853-65ba-f5ca-2dcaeffbb469,1777333706,0.36,130.27,yes,"{""count_fp"":""130.27"",""created_time"":""2026-04-27T23:48:26.495049Z"",""no_price_dollars"":""0.6400"",""taker_side"":""yes"",""ticker"":""KXETH15M-26APR272000-00"",""trade_id"":""21ef53cd-d853-65ba-f5ca-2dcaeffbb469"",""yes_price_dollars"":""0.3600""}"
KXETH15M-26APR272000-00,78410a39-0f36-485f-7ae9-6fdafb5e3c6e,1777333709,0.33,1.0,no,"{""count_fp"":""1.00"",""created_time"":""2026-04-27T23:48:29.507215Z"",""no_price_dollars"":""0.6700"",""taker_side"":""no"",""ticker"":""KXETH15M-26APR272000-00"",""trade_id"":""78410a39-0f36-485f-7ae9-6fdafb5e3c6e"",""yes_price_dollars"":""0.3300""}"
KXETH15M-26APR272000-00,75b00f4d-48c7-4c7a-7f4b-c97899083f4a,1777333709,0.32,6.19,no,"{""count_fp"":""6.19"",""created_time"":""2026-04-27T23:48:29.507215Z"",""no_price_dollars"":""0.6800"",""taker_side"":""no"",""ticker"":""KXETH15M-26APR272000-00"",""trade_id"":""75b00f4d-48c7-4c7a-7f4b-c97899083f4a"",""yes_price_dollars"":""0.3200""}"
KXETH15M-26APR272000-00,c69ca4b6-0033-42f2-e566-05751bfdb0ce,1777333712,0.32,5.0,no,"{""count_fp"":""5.00"",""created_time"":""2026-04-27T23:48:32.757396Z"",""no_price_dollars"":""0.6800"",""taker_side"":""no"",""ticker"":""KXETH15M-26APR272000-00"",""trade_id"":""c69ca4b6-0033-42f2-e566-05751bfdb0ce"",""yes_price_dollars"":""0.3200""}"
KXETH15M-26APR272000-00,3edb49c3-50c3-4efe-f286-a06e619bec30,1777333712,0.33,1.0,no,"{""count_fp"":""1.00"",""created_time"":""2026-04-27T23:48:32.757396Z"",""no_price_dollars"":""0.6700"",""taker_side"":""no"",""ticker"":""KXETH15M-26APR272000-00"",""trade_id"":""3edb49c3-50c3-4efe-f286-a06e619bec30"",""yes_price_dollars"":""0.3300""}"
KXETH15M-26APR272000-00,b3a2506b-3dbf-6962-9e3c-38e18326ef9e,1777333715,0.32,5.0,no,"{""count_fp"":""5.00"",""created_time"":""2026-04-27T23:48:35.412492Z"",""no_price_dollars"":""0.6800"",""taker_side"":""no"",""ticker"":""KXETH15M-26APR272000-00"",""trade_id"":""b3a2506b-3dbf-6962-9e3c-38e18326ef9e"",""yes_price_dollars"":""0.3200""}"
KXETH15M-26APR272000-00,0bb4a916-0db5-6926-b268-ade1be804261,1777333715,0.33,1.0,no,"{""count_fp"":""1.00"",""created_time"":""2026-04-27T23:48:35.412492Z"",""no_price_dollars"":""0.6700"",""taker_side"":""no"",""ticker"":""KXETH15M-26APR272000-00"",""trade_id"":""0bb4a916-0db5-6926-b268-ade1be804261"",""yes_price_dollars"":""0.3300""}"
KXETH15M-26APR272000-00,0b52a8b1-3fcb-5eda-9d7e-ad8f162ea969,1777333717,0.36,13.29,yes,"{""count_fp"":""13.29"",""created_time"":""2026-04-27T23:48:37.432172Z"",""no_price_dollars"":""0.6400"",""taker_side"":""yes"",""ticker"":""KXETH15M-26APR272000-00"",""trade_id"":""0b52a8b1-3fcb-5eda-9d7e-ad8f162ea969"",""yes_price_dollars"":""0.3600""}"
KXETH15M-26APR272000-00,9ed9ee39-249b-7622-e4d7-1ba81ec4b671,1777333718,0.36,10.0,yes,"{""count_fp"":""10.00"",""created_time"":""2026-04-27T23:48:38.394257Z"",""no_price_dollars"":""0.6400"",""taker_side"":""yes"",""ticker"":""KXETH15M-26APR272000-00"",""trade_id"":""9ed9ee39-249b-7622-e4d7-1ba81ec4b671"",""yes_price_dollars"":""0.3600""}"
KXETH15M-26APR272000-00,c9f0b96a-5589-69ba-e030-c107bc90d6aa,1777333723,0.33,6.29,no,"{""count_fp"":""6.29"",""created_time"":""2026-04-27T23:48:43.606248Z"",""no_price_dollars"":""0.6700"",""taker_side"":""no"",""ticker"":""KXETH15M-26APR272000-00"",""trade_id"":""c9f0b96a-5589-69ba-e030-c107bc90d6aa"",""yes_price_dollars"":""0.3300""}"
KXETH15M-26APR272000-00,6f87a392-924e-6942-d69f-83d6a9825d91,1777333723,0.33,1.0,no,"{""count_fp"":""1.00"",""created_time"":""2026-04-27T23:48:43.606248Z"",""no_price_dollars"":""0.6700"",""taker_side"":""no"",""ticker"":""KXETH15M-26APR272000-00"",""trade_id"":""6f87a392-924e-6942-d69f-83d6a9825d91"",""yes_price_dollars"":""0.3300""}"
KXETH15M-26APR272000-00,94392201-f545-4129-79b3-23e33ac54a6a,1777333724,0.33,1.0,no,"{""count_fp"":""1.00"",""created_time"":""2026-04-27T23:48:44.959402Z"",""no_price_dollars"":""0.6700"",""taker_side"":""no"",""ticker"":""KXETH15M-26APR272000-00"",""trade_id"":""94392201-f545-4129-79b3-23e33ac54a6a"",""yes_price_dollars"":""0.3300""}"
KXETH15M-26APR272000-00,82680fb9-c2a3-4d72-5886-42742afbc18a,1777333724,0.32,0.45,no,"{""count_fp"":""0.45"",""created_time"":""2026-04-27T23:48:44.959402Z"",""no_price_dollars"":""0.6800"",""taker_side"":""no"",""ticker"":""KXETH15M-26APR272000-00"",""trade_id"":""82680fb9-c2a3-4d72-5886-42742afbc18a"",""yes_price_dollars"":""0.3200""}"
KXETH15M-26APR272000-00,107777ce-a8d7-5eba-59a4-f9b1e79742c5,1777333725,0.35,1.32,yes,"{""count_fp"":""1.32"",""created_time"":""2026-04-27T23:48:45.305346Z"",""no_price_dollars"":""0.6500"",""taker_side"":""yes"",""ticker"":""KXETH15M-26APR272000-00"",""trade_id"":""107777ce-a8d7-5eba-59a4-f9b1e79742c5"",""yes_price_dollars"":""0.3500""}"
KXETH15M-26APR272000-00,f492eabe-295e-63f4-53e6-bde5f1f042d6,1777333729,0.31,10.0,no,"{""count_fp"":""10.00"",""created_time"":""2026-04-27T23:48:49.466201Z"",""no_price_dollars"":""0.6900"",""taker_side"":""no"",""ticker"":""KXETH15M-26APR272000-00"",""trade_id"":""f492eabe-295e-63f4-53e6-bde5f1f042d6"",""yes_price_dollars"":""0.3100""}"
KXETH15M-26APR272000-00,dd9e3c38-d375-69d6-7ebe-d8b0300a15ae,1777333729,0.33,5.0,no,"{""count_fp"":""5.00"",""created_time"":""2026-04-27T23:48:49.466201Z"",""no_price_dollars"":""0.6700"",""taker_side"":""no"",""ticker"":""KXETH15M-26APR272000-00"",""trade_id"":""dd9e3c38-d375-69d6-7ebe-d8b0300a15ae"",""yes_price_dollars"":""0.3300""}"
KXETH15M-26APR272000-00,6287d7af-14fd-64dc-55e2-145d4ab047cc,1777333729,0.32,1.0,no,"{""count_fp"":""1.00"",""created_time"":""2026-04-27T23:48:49.466201Z"",""no_price_dollars"":""0.6800"",""taker_side"":""no"",""ticker"":""KXETH15M-26APR272000-00"",""trade_id"":""6287d7af-14fd-64dc-55e2-145d4ab047cc"",""yes_price_dollars"":""0.3200""}"
KXETH15M-26APR272000-00,569d24da-58df-6422-74bb-8a9211f854be,1777333729,0.31,4.0,no,"{""count_fp"":""4.00"",""created_time"":""2026-04-27T23:48:49.466201Z"",""no_price_dollars"":""0.6900"",""taker_side"":""no"",""ticker"":""KXETH15M-26APR272000-00"",""trade_id"":""569d24da-58df-6422-74bb-8a9211f854be"",""yes_price_dollars"":""0.3100""}"
KXETH15M-26APR272000-00,6fa7c849-0fab-7f82-ff0a-6b84f3af8e9d,1777333733,0.35,1.0,yes,"{""count_fp"":""1.00"",""created_time"":""2026-04-27T23:48:53.356017Z"",""no_price_dollars"":""0.6500"",""taker_side"":""yes"",""ticker"":""KXETH15M-26APR272000-00"",""trade_id"":""6fa7c849-0fab-7f82-ff0a-6b84f3af8e9d"",""yes_price_dollars"":""0.3500""}"
KXETH15M-26APR272000-00,a16d5fc4-0f81-68fd-6cf5-ddf9b6e86b27,1777333734,0.32,1.0,no,"{""count_fp"":""1.00"",""created_time"":""2026-04-27T23:48:54.862697Z"",""no_price_dollars"":""0.6800"",""taker_side"":""no"",""ticker"":""KXETH15M-26APR272000-00"",""trade_id"":""a16d5fc4-0f81-68fd-6cf5-ddf9b6e86b27"",""yes_price_dollars"":""0.3200""}"
KXETH15M-26APR272000-00,072bfe96-2700-6c76-405f-9d1b91adb4b2,1777333739,0.37,10.0,yes,"{""count_fp"":""10.00"",""created_time"":""2026-04-27T23:48:59.925401Z"",""no_price_dollars"":""0.6300"",""taker_side"":""yes"",""ticker"":""KXETH15M-26APR272000-00"",""trade_id"":""072bfe96-2700-6c76-405f-9d1b91adb4b2"",""yes_price_dollars"":""0.3700""}"
KXETH15M-26APR272000-00,c080fbb9-8641-6245-02a9-b8a1c69e9b35,1777333739,0.33,4.0,yes,"{""count_fp"":""4.00"",""created_time"":""2026-04-27T23:48:59.835897Z"",""no_price_dollars"":""0.6700"",""taker_side"":""yes"",""ticker"":""KXETH15M-26APR272000-00"",""trade_id"":""c080fbb9-8641-6245-02a9-b8a1c69e9b35"",""yes_price_dollars"":""0.3300""}"
KXETH15M-26APR272000-00,1becca8e-624f-619c-1f70-3a2e1f687c28,1777333739,0.35,1.0,yes,"{""count_fp"":""1.00"",""created_time"":""2026-04-27T23:48:59.835897Z"",""no_price_dollars"":""0.6500"",""taker_side"":""yes"",""ticker"":""KXETH15M-26APR272000-00"",""trade_id"":""1becca8e-624f-619c-1f70-3a2e1f687c28"",""yes_price_dollars"":""0.3500""}"
KXETH15M-26APR272000-00,8615c8f8-54d7-52ea-66a0-a7dda517b8b1,1777333740,0.35,2.0,no,"{""count_fp"":""2.00"",""created_time"":""2026-04-27T23:49:00.417714Z"",""no_price_dollars"":""0.6500"",""taker_side"":""no"",""ticker"":""KXETH15M-26APR272000-00"",""trade_id"":""8615c8f8-54d7-52ea-66a0-a7dda517b8b1"",""yes_price_dollars"":""0.3500""}"
KXETH15M-26APR272000-00,582a15c1-bc1d-5579-b3d4-ba8d8c96ec29,1777333740,0.38,19.0,yes,"{""count_fp"":""19.00"",""created_time"":""2026-04-27T23:49:00.129591Z"",""no_price_dollars"":""0.6200"",""taker_side"":""yes"",""ticker"":""KXETH15M-26APR272000-00"",""trade_id"":""582a15c1-bc1d-5579-b3d4-ba8d8c96ec29"",""yes_price_dollars"":""0.3800""}"
KXETH15M-26APR272000-00,45315d46-189b-5736-9ce4-02d394045791,1777333740,0.42,25.0,yes,"{""count_fp"":""25.00"",""created_time"":""2026-04-27T23:49:00.129591Z"",""no_price_dollars"":""0.5800"",""taker_side"":""yes"",""ticker"":""KXETH15M-26APR272000-00"",""trade_id"":""45315d46-189b-5736-9ce4-02d394045791"",""yes_price_dollars"":""0.4200""}"
KXETH15M-26APR272000-00,0ac8a201-e8e1-53fe-8ed2-b8be9055308e,1777333740,0.4,1.0,yes,"{""count_fp"":""1.00"",""created_time"":""2026-04-27T23:49:00.129591Z"",""no_price_dollars"":""0.6000"",""taker_side"":""yes"",""ticker"":""KXETH15M-26APR272000-00"",""trade_id"":""0ac8a201-e8e1-53fe-8ed2-b8be9055308e"",""yes_price_dollars"":""0.4000""}"
KXETH15M-26APR272000-00,29644385-8671-7dca-ccd3-3d10ce525fea,1777333741,0.36,3.0,no,"{""count_fp"":""3.00"",""created_time"":""2026-04-27T23:49:01.024707Z"",""no_price_dollars"":""0.6400"",""taker_side"":""no"",""ticker"":""KXETH15M-26APR272000-00"",""trade_id"":""29644385-8671-7dca-ccd3-3d10ce525fea"",""yes_price_dollars"":""0.3600""}"
KXETH15M-26APR272000-00,85a627ce-5d37-591a-cb79-b0f0a5c85bb6,1777333747,0.39,2.0,no,"{""count_fp"":""2.00"",""created_time"":""2026-04-27T23:49:07.907983Z"",""no_price_dollars"":""0.6100"",""taker_side"":""no"",""ticker"":""KXETH15M-26APR272000-00"",""trade_id"":""85a627ce-5d37-591a-cb79-b0f0a5c85bb6"",""yes_price_dollars"":""0.3900""}"
KXETH15M-26APR272000-00,a752ea56-12f3-5a7a-82b1-f33c63707449,1777333750,0.38,5.0,no,"{""count_fp"":""5.00"",""created_time"":""2026-04-27T23:49:10.048263Z"",""no_price_dollars"":""0.6200"",""taker_side"":""no"",""ticker"":""KXETH15M-26APR272000-00"",""trade_id"":""a752ea56-12f3-5a7a-82b1-f33c63707449"",""yes_price_dollars"":""0.3800""}"
KXETH15M-26APR272000-00,495d4bae-b3bc-54ab-985d-fadb1353ef8e,1777333750,0.38,1.0,no,"{""count_fp"":""1.00"",""created_time"":""2026-04-27T23:49:10.048263Z"",""no_price_dollars"":""0.6200"",""taker_side"":""no"",""ticker"":""KXETH15M-26APR272000-00"",""trade_id"":""495d4bae-b3bc-54ab-985d-fadb1353ef8e"",""yes_price_dollars"":""0.3800""}"
KXETH15M-26APR272000-00,b00da930-186b-5e70-f0ac-32c7ab2a5ccf,1777333755,0.38,1.0,yes,"{""count_fp"":""1.00"",""created_time"":""2026-04-27T23:49:15.999057Z"",""no_price_dollars"":""0.6200"",""taker_side"":""yes"",""ticker"":""KXETH15M-26APR272000-00"",""trade_id"":""b00da930-186b-5e70-f0ac-32c7ab2a5ccf"",""yes_price_dollars"":""0.3800""}"
KXETH15M-26APR272000-00,64b8a0d6-0999-5295-d9b5-d77853ce7e4b,1777333755,0.39,5.0,yes,"{""count_fp"":""5.00"",""created_time"":""2026-04-27T23:49:15.999057Z"",""no_price_dollars"":""0.6100"",""taker_side"":""yes"",""ticker"":""KXETH15M-26APR272000-00"",""trade_id"":""64b8a0d6-0999-5295-d9b5-d77853ce7e4b"",""yes_price_dollars"":""0.3900""}"
KXETH15M-26APR272000-00,20f3c043-a902-5828-e586-c0e54c27d705,1777333755,0.39,10.0,yes,"{""count_fp"":""10.00"",""created_time"":""2026-04-27T23:49:15.999057Z"",""no_price_dollars"":""0.6100"",""taker_side"":""yes"",""ticker"":""KXETH15M-26APR272000-00"",""trade_id"":""20f3c043-a902-5828-e586-c0e54c27d705"",""yes_price_dollars"":""0.3900""}"
KXETH15M-26APR272000-00,93b567f0-59d7-7ffa-b6ff-df7385c84b55,1777333756,0.4,5.0,no,"{""count_fp"":""5.00"",""created_time"":""2026-04-27T23:49:16.402547Z"",""no_price_dollars"":""0.6000"",""taker_side"":""no"",""ticker"":""KXETH15M-26APR272000-00"",""trade_id"":""93b567f0-59d7-7ffa-b6ff-df7385c84b55"",""yes_price_dollars"":""0.4000""}"
KXETH15M-26APR272000-00,f50c5064-5d3f-57f6-8c28-b1d8cba3ef2d,1777333756,0.4,36.38,no,"{""count_fp"":""36.38"",""created_time"":""2026-04-27T23:49:16.140096Z"",""no_price_dollars"":""0.6000"",""taker_side"":""no"",""ticker"":""KXETH15M-26APR272000-00"",""trade_id"":""f50c5064-5d3f-57f6-8c28-b1d8cba3ef2d"",""yes_price_dollars"":""0.4000""}"
KXETH15M-26APR272000-00,1325899b-feeb-665a-922c-5184f24b0895,1777333756,0.4,16.59,no,"{""count_fp"":""16.59"",""created_time"":""2026-04-27T23:49:16.118217Z"",""no_price_dollars"":""0.6000"",""taker_side"":""no"",""ticker"":""KXETH15M-26APR272000-00"",""trade_id"":""1325899b-feeb-665a-922c-5184f24b0895"",""yes_price_dollars"":""0.4000""}"
KXETH15M-26APR272000-00,32f44ce1-9a1f-66f8-9fb8-277ab3708e47,1777333757,0.5,8.58,yes,"{""count_fp"":""8.58"",""created_time"":""2026-04-27T23:49:17.938229Z"",""no_price_dollars"":""0.5000"",""taker_side"":""yes"",""ticker"":""KXETH15M-26APR272000-00"",""trade_id"":""32f44ce1-9a1f-66f8-9fb8-277ab3708e47"",""yes_price_dollars"":""0.5000""}"
KXETH15M-26APR272000-00,88f023d4-a203-4adc-815f-f613ab3b27fb,1777333757,0.5,25.71,yes,"{""count_fp"":""25.71"",""created_time"":""2026-04-27T23:49:17.915566Z"",""no_price_dollars"":""0.5000"",""taker_side"":""yes"",""ticker"":""KXETH15M-26APR272000-00"",""trade_id"":""88f023d4-a203-4adc-815f-f613ab3b27fb"",""yes_price_dollars"":""0.5000""}"
KXETH15M-26APR272000-00,30239276-0570-484f-75b6-b3183ca8a713,1777333757,0.48,3.0,no,"{""count_fp"":""3.00"",""created_time"":""2026-04-27T23:49:17.626446Z"",""no_price_dollars"":""0.5200"",""taker_side"":""no"",""ticker"":""KXETH15M-26APR272000-00"",""trade_id"":""30239276-0570-484f-75b6-b3183ca8a713"",""yes_price_dollars"":""0.4800""}"
KXETH15M-26APR272000-00,15be4d5f-a366-4fd7-4888-830776aa8a71,1777333757,0.48,10.51,no,"{""count_fp"":""10.51"",""created_time"":""2026-04-27T23:49:17.626446Z"",""no_price_dollars"":""0.5200"",""taker_side"":""no"",""ticker"":""KXETH15M-26APR272000-00"",""trade_id"":""15be4d5f-a366-4fd7-4888-830776aa8a71"",""yes_price_dollars"":""0.4800""}"
KXETH15M-26APR272000-00,79a39559-c168-5eeb-9bac-b816b95f9d97,1777333757,0.48,2.0,no,"{""count_fp"":""2.00"",""created_time"":""2026-04-27T23:49:17.212367Z"",""no_price_dollars"":""0.5200"",""taker_side"":""no"",""ticker"":""KXETH15M-26APR272000-00"",""trade_id"":""79a39559-c168-5eeb-9bac-b816b95f9d97"",""yes_price_dollars"":""0.4800""}"
KXETH15M-26APR272000-00,993d7876-3f43-64a7-c2e3-261a8bfe049c,1777333757,0.48,5.0,yes,"{""count_fp"":""5.00"",""created_time"":""2026-04-27T23:49:17.144681Z"",""no_price_dollars"":""0.5200"",""taker_side"":""yes"",""ticker"":""KXETH15M-26APR272000-00"",""trade_id"":""993d7876-3f43-64a7-c2e3-261a8bfe049c"",""yes_price_dollars"":""0.4800""}"
KXETH15M-26APR272000-00,1c2f4df0-0fac-7068-6159-d15a92c99fff,1777333757,0.46,1.0,yes,"{""count_fp"":""1.00"",""created_time"":""2026-04-27T23:49:17.120115Z"",""no_price_dollars"":""0.5400"",""taker_side"":""yes"",""ticker"":""KXETH15M-26APR272000-00"",""trade_id"":""1c2f4df0-0fac-7068-6159-d15a92c99fff"",""yes_price_dollars"":""0.4600""}"
KXETH15M-26APR272000-00,65e0f4cf-aa97-55ee-2350-46a41eea80b9,1777333757,0.44,5.0,no,"{""count_fp"":""5.00"",""created_time"":""2026-04-27T23:49:17.047215Z"",""no_price_dollars"":""0.5600"",""taker_side"":""no"",""ticker"":""KXETH15M-26APR272000-00"",""trade_id"":""65e0f4cf-aa97-55ee-2350-46a41eea80b9"",""yes_price_dollars"":""0.4400""}"
KXETH15M-26APR272000-00,5c7fd8fa-3a83-4362-11a6-6cf1ca13288d,1777333758,0.49,19.0,no,"{""count_fp"":""19.00"",""created_time"":""2026-04-27T23:49:18.838737Z"",""no_price_dollars"":""0.5100"",""taker_side"":""no"",""ticker"":""KXETH15M-26APR272000-00"",""trade_id"":""5c7fd8fa-3a83-4362-11a6-6cf1ca13288d"",""yes_price_dollars"":""0.4900""}"
KXETH15M-26APR272000-00,f6854266-9b4b-73b4-c4fb-32f9a43fb0db,1777333758,0.5,1.0,yes,"{""count_fp"":""1.00"",""created_time"":""2026-04-27T23:49:18.517559Z"",""no_price_dollars"":""0.5000"",""taker_side"":""yes"",""ticker"":""KXETH15M-26APR272000-00"",""trade_id"":""f6854266-9b4b-73b4-c4fb-32f9a43fb0db"",""yes_price_dollars"":""0.5000""}"
KXETH15M-26APR272000-00,99342a55-5161-75e8-c059-f833e9fb1d89,1777333758,0.51,22.83,yes,"{""count_fp"":""22.83"",""created_time"":""2026-04-27T23:49:18.517559Z"",""no_price_dollars"":""0.4900"",""taker_side"":""yes"",""ticker"":""KXETH15M-26APR272000-00"",""trade_id"":""99342a55-5161-75e8-c059-f833e9fb1d89"",""yes_price_dollars"":""0.5100""}"
KXETH15M-26APR272000-00,65a88087-ee8c-7efd-c542-7010672772d9,1777333758,0.51,22.63,yes,"{""count_fp"":""22.63"",""created_time"":""2026-04-27T23:49:18.517559Z"",""no_price_dollars"":""0.4900"",""taker_side"":""yes"",""ticker"":""KXETH15M-26APR272000-00"",""trade_id"":""65a88087-ee8c-7efd-c542-7010672772d9"",""yes_price_dollars"":""0.5100""}"
KXETH15M-26APR272000-00,a8c5c860-176b-569e-86d1-df54cb761e71,1777333758,0.49,10.0,no,"{""count_fp"":""10.00"",""created_time"":""2026-04-27T23:49:18.071348Z"",""no_price_dollars"":""0.5100"",""taker_side"":""no"",""ticker"":""KXETH15M-26APR272000-00"",""trade_id"":""a8c5c860-176b-569e-86d1-df54cb761e71"",""yes_price_dollars"":""0.4900""}"
KXETH15M-26APR272000-00,fd783f27-f5d0-6441-2aa2-a66013ab839a,1777333759,0.53,27.0,yes,"{""count_fp"":""27.00"",""created_time"":""2026-04-27T23:49:19.779219Z"",""no_price_dollars"":""0.4700"",""taker_side"":""yes"",""ticker"":""KXETH15M-26APR272000-00"",""trade_id"":""fd783f27-f5d0-6441-2aa2-a66013ab839a"",""yes_price_dollars"":""0.5300""}"
KXETH15M-26APR272000-00,45f14d45-6bc9-622f-2f54-9e3784ec9c69,1777333759,0.53,4.0,yes,"{""count_fp"":""4.00"",""created_time"":""2026-04-27T23:49:19.779219Z"",""no_price_dollars"":""0.4700"",""taker_side"":""yes"",""ticker"":""KXETH15M-26APR272000-00"",""trade_id"":""45f14d45-6bc9-622f-2f54-9e3784ec9c69"",""yes_price_dollars"":""0.5300""}"
KXETH15M-26APR272000-00,1cc26c5e-bae1-463b-631c-177546ea6083,1777333759,0.52,30.0,yes,"{""count_fp"":""30.00"",""created_time"":""2026-04-27T23:49:19.763386Z"",""no_price_dollars"":""0.4800"",""taker_side"":""yes"",""ticker"":""KXETH15M-26APR272000-00"",""trade_id"":""1cc26c5e-bae1-463b-631c-177546ea6083"",""yes_price_dollars"":""0.5200""}"
KXETH15M-26APR272000-00,06dbb5e6-6d94-4575-611e-f2335436694a,1777333759,0.51,1.0,yes,"{""count_fp"":""1.00"",""created_time"":""2026-04-27T23:49:19.763386Z"",""no_price_dollars"":""0.4900"",""taker_side"":""yes"",""ticker"":""KXETH15M-26APR272000-00"",""trade_id"":""06dbb5e6-6d94-4575-611e-f2335436694a"",""yes_price_dollars"":""0.5100""}"
KXETH15M-26APR272000-00,78cb1bc3-01ca-7457-16b0-977159151bbe,1777333759,0.5,1.0,yes,"{""count_fp"":""1.00"",""created_time"":""2026-04-27T23:49:19.188581Z"",""no_price_dollars"":""0.5000"",""taker_side"":""yes"",""ticker"":""KXETH15M-26APR272000-00"",""trade_id"":""78cb1bc3-01ca-7457-16b0-977159151bbe"",""yes_price_dollars"":""0.5000""}"
KXETH15M-26APR272000-00,4d8e3c30-b300-7a43-0b52-9f8161ea4967,1777333759,0.51,10.0,yes,"{""count_fp"":""10.00"",""created_time"":""2026-04-27T23:49:19.188581Z"",""no_price_dollars"":""0.4900"",""taker_side"":""yes"",""ticker"":""KXETH15M-26APR272000-00"",""trade_id"":""4d8e3c30-b300-7a43-0b52-9f8161ea4967"",""yes_price_dollars"":""0.5100""}"
KXETH15M-26APR272000-00,d4592be5-32a7-7d06-3a61-ecca67548b59,1777333760,0.52,296.0,no,"{""count_fp"":""296.00"",""created_time"":""2026-04-27T23:49:20.279932Z"",""no_price_dollars"":""0.4800"",""taker_side"":""no"",""ticker"":""KXETH15M-26APR272000-00"",""trade_id"":""d4592be5-32a7-7d06-3a61-ecca67548b59"",""yes_price_dollars"":""0.5200""}"
KXETH15M-26APR272000-00,b220ee17-8707-510a-21ec-5cbc662dd601,1777333761,0.52,9.0,no,"{""count_fp"":""9.00"",""created_time"":""2026-04-27T23:49:21.094353Z"",""no_price_dollars"":""0.4800"",""taker_side"":""no"",""ticker"":""KXETH15M-26APR272000-00"",""trade_id"":""b220ee17-8707-510a-21ec-5cbc662dd601"",""yes_price_dollars"":""0.5200""}"
KXETH15M-26APR272000-00,a8be4ba4-0353-7952-ffa3-2fc19dfa9329,1777333762,0.52,12.06,no,"{""count_fp"":""12.06"",""created_time"":""2026-04-27T23:49:22.722026Z"",""no_price_dollars"":""0.4800"",""taker_side"":""no"",""ticker"":""KXETH15M-26APR272000-00"",""trade_id"":""a8be4ba4-0353-7952-ffa3-2fc19dfa9329"",""yes_price_dollars"":""0.5200""}"
KXETH15M-26APR272000-00,57244055-ce08-6c75-4b12-933238203662,1777333762,0.53,18.26,yes,"{""count_fp"":""18.26"",""created_time"":""2026-04-27T23:49:22.459325Z"",""no_price_dollars"":""0.4700"",""taker_side"":""yes"",""ticker"":""KXETH15M-26APR272000-00"",""trade_id"":""57244055-ce08-6c75-4b12-933238203662"",""yes_price_dollars"":""0.5300""}"
KXETH15M-26APR272000-00,f8bdee49-3d2c-5095-11f7-6cd865a4c5be,1777333763,0.53,13.51,yes,"{""count_fp"":""13.51"",""created_time"":""2026-04-27T23:49:23.609575Z"",""no_price_dollars"":""0.4700"",""taker_side"":""yes"",""ticker"":""KXETH15M-26APR272000-00"",""trade_id"":""f8bdee49-3d2c-5095-11f7-6cd865a4c5be"",""yes_price_dollars"":""0.5300""}"
KXETH15M-26APR272000-00,9f72ed5c-29bf-43d2-51c1-ee98a3582239,1777333764,0.52,2.05,no,"{""count_fp"":""2.05"",""created_time"":""2026-04-27T23:49:24.529386Z"",""no_price_dollars"":""0.4800"",""taker_side"":""no"",""ticker"":""KXETH15M-26APR272000-00"",""trade_id"":""9f72ed5c-29bf-43d2-51c1-ee98a3582239"",""yes_price_dollars"":""0.5200""}"
KXETH15M-26APR272000-00,d0f902aa-059b-4e7e-48e8-574cf912f8d9,1777333764,0.52,298.0,no,"{""count_fp"":""298.00"",""created_time"":""2026-04-27T23:49:24.252958Z"",""no_price_dollars"":""0.4800"",""taker_side"":""no"",""ticker"":""KXETH15M-26APR272000-00"",""trade_id"":""d0f902aa-059b-4e7e-48e8-574cf912f8d9"",""yes_price_dollars"":""0.5200""}"
KXETH15M-26APR272000-00,e2eef4b5-a48b-6d22-bc1b-9f6e1a910d8d,1777333765,0.52,10.0,no,"{""count_fp"":""10.00"",""created_time"":""2026-04-27T23:49:25.813196Z"",""no_price_dollars"":""0.4800"",""taker_side"":""no"",""ticker"":""KXETH15M-26APR272000-00"",""trade_id"":""e2eef4b5-a48b-6d22-bc1b-9f6e1a910d8d"",""yes_price_dollars"":""0.5200""}"
KXETH15M-26APR272000-00,78d894de-4f47-75ba-5033-c61d15c1863d,1777333768,0.52,20.1,no,"{""count_fp"":""20.10"",""created_time"":""2026-04-27T23:49:28.765543Z"",""no_price_dollars"":""0.4800"",""taker_side"":""no"",""ticker"":""KXETH15M-26APR272000-00"",""trade_id"":""78d894de-4f47-75ba-5033-c61d15c1863d"",""yes_price_dollars"":""0.5200""}"
KXETH15M-26APR272000-00,3e418bd9-5503-69ca-14e1-724a433fba69,1777333769,0.52,1.0,no,"{""count_fp"":""1.00"",""created_time"":""2026-04-27T23:49:29.360766Z"",""no_price_dollars"":""0.4800"",""taker_side"":""no"",""ticker"":""KXETH15M-26APR272000-00"",""trade_id"":""3e418bd9-5503-69ca-14e1-724a433fba69"",""yes_price_dollars"":""0.5200""}"
KXETH15M-26APR272000-00,7079872d-53a7-7272-aeb3-21403fa6fefd,1777333769,0.52,20.1,no,"{""count_fp"":""20.10"",""created_time"":""2026-04-27T23:49:29.229757Z"",""no_price_dollars"":""0.4800"",""taker_side"":""no"",""ticker"":""KXETH15M-26APR272000-00"",""trade_id"":""7079872d-53a7-7272-aeb3-21403fa6fefd"",""yes_price_dollars"":""0.5200""}"
KXETH15M-26APR272000-00,b8d79c43-05fe-74ea-159a-350984c2a1ee,1777333773,0.52,1.0,yes,"{""count_fp"":""1.00"",""created_time"":""2026-04-27T23:49:33.539322Z"",""no_price_dollars"":""0.4800"",""taker_side"":""yes"",""ticker"":""KXETH15M-26APR272000-00"",""trade_id"":""b8d79c43-05fe-74ea-159a-350984c2a1ee"",""yes_price_dollars"":""0.5200""}"
KXETH15M-26APR272000-00,f9d4575d-492e-6227-fbe1-41915187ac5e,1777333775,0.55,30.0,yes,"{""count_fp"":""30.00"",""created_time"":""2026-04-27T23:49:35.459273Z"",""no_price_dollars"":""0.4500"",""taker_side"":""yes"",""ticker"":""KXETH15M-26APR272000-00"",""trade_id"":""f9d4575d-492e-6227-fbe1-41915187ac5e"",""yes_price_dollars"":""0.5500""}"
KXETH15M-26APR272000-00,83397df4-4193-6a20-d442-7f24f39c9cd9,1777333775,0.55,30.0,yes,"{""count_fp"":""30.00"",""created_time"":""2026-04-27T23:49:35.459273Z"",""no_price_dollars"":""0.4500"",""taker_side"":""yes"",""ticker"":""KXETH15M-26APR272000-00"",""trade_id"":""83397df4-4193-6a20-d442-7f24f39c9cd9"",""yes_price_dollars"":""0.5500""}"
KXETH15M-26APR272000-00,c640401d-d1ba-7fb2-e41c-842e315c63b5,1777333775,0.54,10.0,yes,"{""count_fp"":""10.00"",""created_time"":""2026-04-27T23:49:35.458534Z"",""no_price_dollars"":""0.4600"",""taker_side"":""yes"",""ticker"":""KXETH15M-26APR272000-00"",""trade_id"":""c640401d-d1ba-7fb2-e41c-842e315c63b5"",""yes_price_dollars"":""0.5400""}"
KXETH15M-26APR272000-00,6f5e5766-9d55-74bc-e5f8-c562c9a9fb91,1777333775,0.54,30.0,yes,"{""count_fp"":""30.00"",""created_time"":""2026-04-27T23:49:35.458534Z"",""no_price_dollars"":""0.4600"",""taker_side"":""yes"",""ticker"":""KXETH15M-26APR272000-00"",""trade_id"":""6f5e5766-9d55-74bc-e5f8-c562c9a9fb91"",""yes_price_dollars"":""0.5400""}"
KXETH15M-26APR272000-00,39a14df2-541d-73ff-d4bd-1c2cdf623a11,1777333775,0.54,30.0,yes,"{""count_fp"":""30.00"",""created_time"":""2026-04-27T23:49:35.458534Z"",""no_price_dollars"":""0.4600"",""taker_side"":""yes"",""ticker"":""KXETH15M-26APR272000-00"",""trade_id"":""39a14df2-541d-73ff-d4bd-1c2cdf623a11"",""yes_price_dollars"":""0.5400""}"
KXETH15M-26APR272000-00,ed96a9fc-539e-5e2a-182a-be831f998777,1777333775,0.53,30.0,yes,"{""count_fp"":""30.00"",""created_time"":""2026-04-27T23:49:35.124528Z"",""no_price_dollars"":""0.4700"",""taker_side"":""yes"",""ticker"":""KXETH15M-26APR272000-00"",""trade_id"":""ed96a9fc-539e-5e2a-182a-be831f998777"",""yes_price_dollars"":""0.5300""}"
KXETH15M-26APR272000-00,db58ece2-d13a-5f7e-34e0-3177350f3156,1777333775,0.53,13.0,yes,"{""count_fp"":""13.00"",""created_time"":""2026-04-27T23:49:35.124528Z"",""no_price_dollars"":""0.4700"",""taker_side"":""yes"",""ticker"":""KXETH15M-26APR272000-00"",""trade_id"":""db58ece2-d13a-5f7e-34e0-3177350f3156"",""yes_price_dollars"":""0.5300""}"
KXETH15M-26APR272000-00,7028bbcb-ab20-5d49-2a67-69d6f2740b9a,1777333775,0.53,1.23,yes,"{""count_fp"":""1.23"",""created_time"":""2026-04-27T23:49:35.124528Z"",""no_price_dollars"":""0.4700"",""taker_side"":""yes"",""ticker"":""KXETH15M-26APR272000-00"",""trade_id"":""7028bbcb-ab20-5d49-2a67-69d6f2740b9a"",""yes_price_dollars"":""0.5300""}"
KXETH15M-26APR272000-00,6926c1bc-8ba1-5a8e-373e-50ea0c9947af,1777333775,0.53,30.0,yes,"{""count_fp"":""30.00"",""created_time"":""2026-04-27T23:49:35.124528Z"",""no_price_dollars"":""0.4700"",""taker_side"":""yes"",""ticker"":""KXETH15M-26APR272000-00"",""trade_id"":""6926c1bc-8ba1-5a8e-373e-50ea0c9947af"",""yes_price_dollars"":""0.5300""}"
KXETH15M-26APR272000-00,7413c13f-5a66-62dd-fd07-e7cb2360ac51,1777333776,0.52,1.0,no,"{""count_fp"":""1.00"",""created_time"":""2026-04-27T23:49:36.838665Z"",""no_price_dollars"":""0.4800"",""taker_side"":""no"",""ticker"":""KXETH15M-26APR272000-00"",""trade_id"":""7413c13f-5a66-62dd-fd07-e7cb2360ac51"",""yes_price_dollars"":""0.5200""}"
KXETH15M-26APR272000-00,53358845-f965-7289-5967-4369567d59a2,1777333777,0.63,50.0,yes,"{""count_fp"":""50.00"",""created_time"":""2026-04-27T23:49:37.409701Z"",""no_price_dollars"":""0.3700"",""taker_side"":""yes"",""ticker"":""KXETH15M-26APR272000-00"",""trade_id"":""53358845-f965-7289-5967-4369567d59a2"",""yes_price_dollars"":""0.6300""}"
KXETH15M-26APR272000-00,d4fa8afd-302a-4263-0082-575be0b3b55c,1777333777,0.62,10.0,yes,"{""count_fp"":""10.00"",""created_time"":""2026-04-27T23:49:37.407082Z"",""no_price_dollars"":""0.3800"",""taker_side"":""yes"",""ticker"":""KXETH15M-26APR272000-00"",""trade_id"":""d4fa8afd-302a-4263-0082-575be0b3b55c"",""yes_price_dollars"":""0.6200""}"
KXETH15M-26APR272000-00,c5a2986c-f120-4240-062d-752b2bda1f4a,1777333777,0.6,65.22,yes,"{""count_fp"":""65.22"",""created_time"":""2026-04-27T23:49:37.407082Z"",""no_price_dollars"":""0.4000"",""taker_side"":""yes"",""ticker"":""KXETH15M-26APR272000-00"",""trade_id"":""c5a2986c-f120-4240-062d-752b2bda1f4a"",""yes_price_dollars"":""0.6000""}"
KXETH15M-26APR272000-00,750a4ad1-beca-41ea-04f8-8bc03b1a13b2,1777333777,0.62,60.0,yes,"{""count_fp"":""60.00"",""created_time"":""2026-04-27T23:49:37.407082Z"",""no_price_dollars"":""0.3800"",""taker_side"":""yes"",""ticker"":""KXETH15M-26APR272000-00"",""trade_id"":""750a4ad1-beca-41ea-04f8-8bc03b1a13b2"",""yes_price_dollars"":""0.6200""}"
KXETH15M-26APR272000-00,67f122a3-ff0a-4770-2ae0-9cc46a0c0c0c,1777333777,0.58,1.0,yes,"{""count_fp"":""1.00"",""created_time"":""2026-04-27T23:49:37.407082Z"",""no_price_dollars"":""0.4200"",""taker_side"":""yes"",""ticker"":""KXETH15M-26APR272000-00"",""trade_id"":""67f122a3-ff0a-4770-2ae0-9cc46a0c0c0c"",""yes_price_dollars"":""0.5800""}"
KXETH15M-26APR272000-00,35cd57f8-f01b-43ca-05de-48aae5630112,1777333777,0.62,30.0,yes,"{""count_fp"":""30.00"",""created_time"":""2026-04-27T23:49:37.407082Z"",""no_price_dollars"":""0.3800"",""taker_side"":""yes"",""ticker"":""KXETH15M-26APR272000-00"",""trade_id"":""35cd57f8-f01b-43ca-05de-48aae5630112"",""yes_price_dollars"":""0.6200""}"
KXETH15M-26APR272000-00,1874a7df-16ea-4b95-38bd-a59956a60988,1777333777,0.61,30.0,yes,"{""count_fp"":""30.00"",""created_time"":""2026-04-27T23:49:37.407082Z"",""no_price_dollars"":""0.3900"",""taker_side"":""yes"",""ticker"":""KXETH15M-26APR272000-00"",""trade_id"":""1874a7df-16ea-4b95-38bd-a59956a60988"",""yes_price_dollars"":""0.6100""}"
KXETH15M-26APR272000-00,35148f8b-e360-77e5-6042-345ce617a2f6,1777333777,0.6,30.0,yes,"{""count_fp"":""30.00"",""created_time"":""2026-04-27T23:49:37.383297Z"",""no_price_dollars"":""0.4000"",""taker_side"":""yes"",""ticker"":""KXETH15M-26APR272000-00"",""trade_id"":""35148f8b-e360-77e5-6042-345ce617a2f6"",""yes_price_dollars"":""0.6000""}"
KXETH15M-26APR272000-00,08a07768-c967-7b7e-7417-d577328b2fbb,1777333777,0.6,61.0,yes,"{""count_fp"":""61.00"",""created_time"":""2026-04-27T23:49:37.383297Z"",""no_price_dollars"":""0.4000"",""taker_side"":""yes"",""ticker"":""KXETH15M-26APR272000-00"",""trade_id"":""08a07768-c967-7b7e-7417-d577328b2fbb"",""yes_price_dollars"":""0.6000""}"
KXETH15M-26APR272000-00,1703655d-9df1-7eb9-6c51-2e334d1c94f9,1777333777,0.59,30.0,yes,"{""count_fp"":""30.00"",""created_time"":""2026-04-27T23:49:37.360498Z"",""no_price_dollars"":""0.4100"",""taker_side"":""yes"",""ticker"":""KXETH15M-26APR272000-00"",""trade_id"":""1703655d-9df1-7eb9-6c51-2e334d1c94f9"",""yes_price_dollars"":""0.5900""}"
KXETH15M-26APR272000-00,10f5880e-da23-70e8-4213-3b0e208b4d16,1777333777,0.58,30.0,yes,"{""count_fp"":""30.00"",""created_time"":""2026-04-27T23:49:37.360498Z"",""no_price_dollars"":""0.4200"",""taker_side"":""yes"",""ticker"":""KXETH15M-26APR272000-00"",""trade_id"":""10f5880e-da23-70e8-4213-3b0e208b4d16"",""yes_price_dollars"":""0.5800""}"
KXETH15M-26APR272000-00,f831017d-43ab-76be-0b17-09d70b867723,1777333777,0.57,30.0,yes,"{""count_fp"":""30.00"",""created_time"":""2026-04-27T23:49:37.359594Z"",""no_price_dollars"":""0.4300"",""taker_side"":""yes"",""ticker"":""KXETH15M-26APR272000-00"",""trade_id"":""f831017d-43ab-76be-0b17-09d70b867723"",""yes_price_dollars"":""0.5700""}"
KXETH15M-26APR272000-00,cf67c830-76c8-7de5-3832-ffd935c2b1c3,1777333777,0.56,30.0,yes,"{""count_fp"":""30.00"",""created_time"":""2026-04-27T23:49:37.359594Z"",""no_price_dollars"":""0.4400"",""taker_side"":""yes"",""ticker"":""KXETH15M-26APR272000-00"",""trade_id"":""cf67c830-76c8-7de5-3832-ffd935c2b1c3"",""yes_price_dollars"":""0.5600""}"
KXETH15M-26APR272000-00,70424b3f-e130-74cf-01fd-c3e1308bb3b4,1777333777,0.57,1.0,yes,"{""count_fp"":""1.00"",""created_time"":""2026-04-27T23:49:37.359594Z"",""no_price_dollars"":""0.4300"",""taker_side"":""yes"",""ticker"":""KXETH15M-26APR272000-00"",""trade_id"":""70424b3f-e130-74cf-01fd-c3e1308bb3b4"",""yes_price_dollars"":""0.5700""}"
KXETH15M-26APR272000-00,60e1eb00-d56e-76a0-33fd-aa21083728df,1777333777,0.56,30.0,yes,"{""count_fp"":""30.00"",""created_time"":""2026-04-27T23:49:37.359594Z"",""no_price_dollars"":""0.4400"",""taker_side"":""yes"",""ticker"":""KXETH15M-26APR272000-00"",""trade_id"":""60e1eb00-d56e-76a0-33fd-aa21083728df"",""yes_price_dollars"":""0.5600""}"
KXETH15M-26APR272000-00,b2cd42ff-7cb6-73f2-5e16-a03c2944800b,1777333778,0.64,10.0,yes,"{""count_fp"":""10.00"",""created_time"":""2026-04-27T23:49:38.708122Z"",""no_price_dollars"":""0.3600"",""taker_side"":""yes"",""ticker"":""KXETH15M-26APR272000-00"",""trade_id"":""b2cd42ff-7cb6-73f2-5e16-a03c2944800b"",""yes_price_dollars"":""0.6400""}"
KXETH15M-26APR272000-00,85b8b891-1ea4-6699-3b8a-8f496e8c3e9a,1777333780,0.59,1.0,yes,"{""count_fp"":""1.00"",""created_time"":""2026-04-27T23:49:40.461919Z"",""no_price_dollars"":""0.4100"",""taker_side"":""yes"",""ticker"":""KXETH15M-26APR272000-00"",""trade_id"":""85b8b891-1ea4-6699-3b8a-8f496e8c3e9a"",""yes_price_dollars"":""0.5900""}"
KXETH15M-26APR272000-00,5f7adbd7-022c-6be0-1be8-0d9efcc0227d,1777333780,0.63,11.01,yes,"{""count_fp"":""11.01"",""created_time"":""2026-04-27T23:49:40.461919Z"",""no_price_dollars"":""0.3700"",""taker_side"":""yes"",""ticker"":""KXETH15M-26APR272000-00"",""trade_id"":""5f7adbd7-022c-6be0-1be8-0d9efcc0227d"",""yes_price_dollars"":""0.6300""}"
KXETH15M-26APR272000-00,71cdd0d0-5ecb-508d-4299-721234f6c73c,1777333781,0.58,6.0,no,"{""count_fp"":""6.00"",""created_time"":""2026-04-27T23:49:41.401527Z"",""no_price_dollars"":""0.4200"",""taker_side"":""no"",""ticker"":""KXETH15M-26APR272000-00"",""trade_id"":""71cdd0d0-5ecb-508d-4299-721234f6c73c"",""yes_price_dollars"":""0.5800""}"
KXETH15M-26APR272000-00,3897e1e3-93cf-790f-fe72-a96fc94e3ee9,1777333782,0.57,8.49,yes,"{""count_fp"":""8.49"",""created_time"":""2026-04-27T23:49:42.808886Z"",""no_price_dollars"":""0.4300"",""taker_side"":""yes"",""ticker"":""KXETH15M-26APR272000-00"",""trade_id"":""3897e1e3-93cf-790f-fe72-a96fc94e3ee9"",""yes_price_dollars"":""0.5700""}"
KXETH15M-26APR272000-00,5de504fc-ad1a-4406-067b-f8a9f1b8b231,1777333784,0.56,4.37,no,"{""count_fp"":""4.37"",""created_time"":""2026-04-27T23:49:44.804012Z"",""no_price_dollars"":""0.4400"",""taker_side"":""no"",""ticker"":""KXETH15M-26APR272000-00"",""trade_id"":""5de504fc-ad1a-4406-067b-f8a9f1b8b231"",""yes_price_dollars"":""0.5600""}"
KXETH15M-26APR272000-00,3ea44be0-80cb-7f5a-86d7-97b9a00dfd7e,1777333785,0.56,32.17,no,"{""count_fp"":""32.17"",""created_time"":""2026-04-27T23:49:45.972162Z"",""no_price_dollars"":""0.4400"",""taker_side"":""no"",""ticker"":""KXETH15M-26APR272000-00"",""trade_id"":""3ea44be0-80cb-7f5a-86d7-97b9a00dfd7e"",""yes_price_dollars"":""0.5600""}"
KXETH15M-26APR272000-00,08fe2990-49fe-7342-8dbd-ca99c0b116b5,1777333785,0.56,0.63,no,"{""count_fp"":""0.63"",""created_time"":""2026-04-27T23:49:45.972162Z"",""no_price_dollars"":""0.4400"",""taker_side"":""no"",""ticker"":""KXETH15M-26APR272000-00"",""trade_id"":""08fe2990-49fe-7342-8dbd-ca99c0b116b5"",""yes_price_dollars"":""0.5600""}"
KXETH15M-26APR272000-00,f4be834f-09f3-6b0a-e9ca-cd586c55d68a,1777333788,0.55,67.83,no,"{""count_fp"":""67.83"",""created_time"":""2026-04-27T23:49:48.098236Z"",""no_price_dollars"":""0.4500"",""taker_side"":""no"",""ticker"":""KXETH15M-26APR272000-00"",""trade_id"":""f4be834f-09f3-6b0a-e9ca-cd586c55d68a"",""yes_price_dollars"":""0.5500""}"
KXETH15M-26APR272000-00,dd6685f1-4a20-6c46-cce7-045f0300b03c,1777333788,0.55,134.91,no,"{""count_fp"":""134.91"",""created_time"":""2026-04-27T23:49:48.098236Z"",""no_price_dollars"":""0.4500"",""taker_side"":""no"",""ticker"":""KXETH15M-26APR272000-00"",""trade_id"":""dd6685f1-4a20-6c46-cce7-045f0300b03c"",""yes_price_dollars"":""0.5500""}"
KXETH15M-26APR272000-00,c1f2fb12-cead-62ff-fe89-925e508708b7,1777333788,0.55,10.0,no,"{""count_fp"":""10.00"",""created_time"":""2026-04-27T23:49:48.098236Z"",""no_price_dollars"":""0.4500"",""taker_side"":""no"",""ticker"":""KXETH15M-26APR272000-00"",""trade_id"":""c1f2fb12-cead-62ff-fe89-925e508708b7"",""yes_price_dollars"":""0.5500""}"
KXETH15M-26APR272000-00,b44aebfa-c5c7-7910-494f-01e5361104b0,1777333792,0.58,2.26,no,"{""count_fp"":""2.26"",""created_time"":""2026-04-27T23:49:52.711992Z"",""no_price_dollars"":""0.4200"",""taker_side"":""no"",""ticker"":""KXETH15M-26APR272000-00"",""trade_id"":""b44aebfa-c5c7-7910-494f-01e5361104b0"",""yes_price_dollars"":""0.5800""}"
KXETH15M-26APR272000-00,d2241e15-46fb-5852-70bd-5f8fe19055be,1777333794,0.55,34.0,no,"{""count_fp"":""34.00"",""created_time"":""2026-04-27T23:49:54.656328Z"",""no_price_dollars"":""0.4500"",""taker_side"":""no"",""ticker"":""KXETH15M-26APR272000-00"",""trade_id"":""d2241e15-46fb-5852-70bd-5f8fe19055be"",""yes_price_dollars"":""0.5500""}"
KXETH15M-26APR272000-00,798912cc-98d8-5d47-7516-ba35fa783e4b,1777333794,0.55,10.0,no,"{""count_fp"":""10.00"",""created_time"":""2026-04-27T23:49:54.656328Z"",""no_price_dollars"":""0.4500"",""taker_side"":""no"",""ticker"":""KXETH15M-26APR272000-00"",""trade_id"":""798912cc-98d8-5d47-7516-ba35fa783e4b"",""yes_price_dollars"":""0.5500""}"
KXETH15M-26APR272000-00,0dc82ef3-c766-4ae4-abad-1107f9985e0d,1777333794,0.6,1.0,yes,"{""count_fp"":""1.00"",""created_time"":""2026-04-27T23:49:54.010661Z"",""no_price_dollars"":""0.4000"",""taker_side"":""yes"",""ticker"":""KXETH15M-26APR272000-00"",""trade_id"":""0dc82ef3-c766-4ae4-abad-1107f9985e0d"",""yes_price_dollars"":""0.6000""}"
KXETH15M-26APR272000-00,ddcc446b-198e-7d5c-12b1-f28267c5e2e6,1777333795,0.59,1.0,yes,"{""count_fp"":""1.00"",""created_time"":""2026-04-27T23:49:55.980046Z"",""no_price_dollars"":""0.4100"",""taker_side"":""yes"",""ticker"":""KXETH15M-26APR272000-00"",""trade_id"":""ddcc446b-198e-7d5c-12b1-f28267c5e2e6"",""yes_price_dollars"":""0.5900""}"
KXETH15M-26APR272000-00,3fae5409-c4a7-49e0-ace7-c00b6f57a4f8,1777333798,0.58,17.0,no,"{""count_fp"":""17.00"",""created_time"":""2026-04-27T23:49:58.645051Z"",""no_price_dollars"":""0.4200"",""taker_side"":""no"",""ticker"":""KXETH15M-26APR272000-00"",""trade_id"":""3fae5409-c4a7-49e0-ace7-c00b6f57a4f8"",""yes_price_dollars"":""0.5800""}"
KXETH15M-26APR272000-00,a1c403ca-3f9a-6b3c-a695-fd2a1e5ae305,1777333803,0.58,1.0,yes,"{""count_fp"":""1.00"",""created_time"":""2026-04-27T23:50:03.867321Z"",""no_price_dollars"":""0.4200"",""taker_side"":""yes"",""ticker"":""KXETH15M-26APR272000-00"",""trade_id"":""a1c403ca-3f9a-6b3c-a695-fd2a1e5ae305"",""yes_price_dollars"":""0.5800""}"
KXETH15M-26APR272000-00,37694a5e-e651-7d26-9f9d-602d1c5c39c5,1777333806,0.6,1.0,yes,"{""count_fp"":""1.00"",""created_time"":""2026-04-27T23:50:06.472679Z"",""no_price_dollars"":""0.4000"",""taker_side"":""yes"",""ticker"":""KXETH15M-26APR272000-00"",""trade_id"":""37694a5e-e651-7d26-9f9d-602d1c5c39c5"",""yes_price_dollars"":""0.6000""}"
KXETH15M-26APR272000-00,e8ca7e10-2ece-7571-848d-af9c393ce1ee,1777333808,0.58,24.31,yes,"{""count_fp"":""24.31"",""created_time"":""2026-04-27T23:50:08.799115Z"",""no_price_dollars"":""0.4200"",""taker_side"":""yes"",""ticker"":""KXETH15M-26APR272000-00"",""trade_id"":""e8ca7e10-2ece-7571-848d-af9c393ce1ee"",""yes_price_dollars"":""0.5800""}"
KXETH15M-26APR272000-00,fa7d4ac0-ba84-6cb1-fce6-c55e746a458f,1777333809,0.57,11.18,no,"{""count_fp"":""11.18"",""created_time"":""2026-04-27T23:50:09.109666Z"",""no_price_dollars"":""0.4300"",""taker_side"":""no"",""ticker"":""KXETH15M-26APR272000-00"",""trade_id"":""fa7d4ac0-ba84-6cb1-fce6-c55e746a458f"",""yes_price_dollars"":""0.5700""}"
KXETH15M-26APR272000-00,3c0cc19b-6d5c-7a5d-4072-0997adf6b775,1777333811,0.56,2.18,no,"{""count_fp"":""2.18"",""created_time"":""2026-04-27T23:50:11.163247Z"",""no_price_dollars"":""0.4400"",""taker_side"":""no"",""ticker"":""KXETH15M-26APR272000-00"",""trade_id"":""3c0cc19b-6d5c-7a5d-4072-0997adf6b775"",""yes_price_dollars"":""0.5600""}"
KXETH15M-26APR272000-00,a459aea4-e9f2-7c89-2d1b-1235045cf0b5,1777333813,0.55,1.0,no,"{""count_fp"":""1.00"",""created_time"":""2026-04-27T23:50:13.428374Z"",""no_price_dollars"":""0.4500"",""taker_side"":""no"",""ticker"":""KXETH15M-26APR272000-00"",""trade_id"":""a459aea4-e9f2-7c89-2d1b-1235045cf0b5"",""yes_price_dollars"":""0.5500""}"
KXETH15M-26APR272000-00,5125124d-cf4d-7946-344f-278321740c95,1777333813,0.55,28.0,no,"{""count_fp"":""28.00"",""created_time"":""2026-04-27T23:50:13.428374Z"",""no_price_dollars"":""0.4500"",""taker_side"":""no"",""ticker"":""KXETH15M-26APR272000-00"",""trade_id"":""5125124d-cf4d-7946-344f-278321740c95"",""yes_price_dollars"":""0.5500""}"
KXETH15M-26APR272000-00,15418473-0c90-793c-1962-e749e4be981b,1777333813,0.54,10.0,no,"{""count_fp"":""10.00"",""created_time"":""2026-04-27T23:50:13.428374Z"",""no_price_dollars"":""0.4600"",""taker_side"":""no"",""ticker"":""KXETH15M-26APR272000-00"",""trade_id"":""15418473-0c90-793c-1962-e749e4be981b"",""yes_price_dollars"":""0.5400""}"
KXETH15M-26APR272000-00,f8567d69-d6a4-7ed1-838f-1af73145e1bd,1777333813,0.56,6.82,no,"{""count_fp"":""6.82"",""created_time"":""2026-04-27T23:50:13.413398Z"",""no_price_dollars"":""0.4400"",""taker_side"":""no"",""ticker"":""KXETH15M-26APR272000-00"",""trade_id"":""f8567d69-d6a4-7ed1-838f-1af73145e1bd"",""yes_price_dollars"":""0.5600""}"
KXETH15M-26APR272000-00,b5bbfd33-e416-7698-1363-8dd553d2b08e,1777333815,0.48,1.0,no,"{""count_fp"":""1.00"",""created_time"":""2026-04-27T23:50:15.789668Z"",""no_price_dollars"":""0.5200"",""taker_side"":""no"",""ticker"":""KXETH15M-26APR272000-00"",""trade_id"":""b5bbfd33-e416-7698-1363-8dd553d2b08e"",""yes_price_dollars"":""0.4800""}"
KXETH15M-26APR272000-00,685584b5-d980-4b48-3231-e186c5b754fb,1777333815,0.52,4.56,yes,"{""count_fp"":""4.56"",""created_time"":""2026-04-27T23:50:15.380347Z"",""no_price_dollars"":""0.4800"",""taker_side"":""yes"",""ticker"":""KXETH15M-26APR272000-00"",""trade_id"":""685584b5-d980-4b48-3231-e186c5b754fb"",""yes_price_dollars"":""0.5200""}"
KXETH15M-26APR272000-00,b6a17f6d-8a57-670e-b6cb-40787175dda2,1777333821,0.49,30.0,no,"{""count_fp"":""30.00"",""created_time"":""2026-04-27T23:50:21.567526Z"",""no_price_dollars"":""0.5100"",""taker_side"":""no"",""ticker"":""KXETH15M-26APR272000-00"",""trade_id"":""b6a17f6d-8a57-670e-b6cb-40787175dda2"",""yes_price_dollars"":""0.4900""}"
KXETH15M-26APR272000-00,3bef744c-b6e8-6f38-ae36-e1198653fd96,1777333821,0.49,10.0,no,"{""count_fp"":""10.00"",""created_time"":""2026-04-27T23:50:21.567526Z"",""no_price_dollars"":""0.5100"",""taker_side"":""no"",""ticker"":""KXETH15M-26APR272000-00"",""trade_id"":""3bef744c-b6e8-6f38-ae36-e1198653fd96"",""yes_price_dollars"":""0.4900""}"
KXETH15M-26APR272000-00,ea94b954-6a0a-6eee-903b-832f8cd3233b,1777333828,0.43,1.0,no,"{""count_fp"":""1.00"",""created_time"":""2026-04-27T23:50:28.883343Z"",""no_price_dollars"":""0.5700"",""taker_side"":""no"",""ticker"":""KXETH15M-26APR272000-00"",""trade_id"":""ea94b954-6a0a-6eee-903b-832f8cd3233b"",""yes_price_dollars"":""0.4300""}"
KXETH15M-26APR272000-00,a2f10801-15e6-6be4-b0f5-c7a8ecbc0920,1777333828,0.43,23.56,no,"{""count_fp"":""23.56"",""created_time"":""2026-04-27T23:50:28.883343Z"",""no_price_dollars"":""0.5700"",""taker_side"":""no"",""ticker"":""KXETH15M-26APR272000-00"",""trade_id"":""a2f10801-15e6-6be4-b0f5-c7a8ecbc0920"",""yes_price_dollars"":""0.4300""}"
KXETH15M-26APR272000-00,916c7d1d-6e73-6e0c-bdfc-5252dd379979,1777333828,0.43,60.0,no,"{""count_fp"":""60.00"",""created_time"":""2026-04-27T23:50:28.883343Z"",""no_price_dollars"":""0.5700"",""taker_side"":""no"",""ticker"":""KXETH15M-26APR272000-00"",""trade_id"":""916c7d1d-6e73-6e0c-bdfc-5252dd379979"",""yes_price_dollars"":""0.4300""}"
KXETH15M-26APR272000-00,89f23cc8-b3fc-6bec-9c0a-79594a2b8454,1777333828,0.45,5.0,no,"{""count_fp"":""5.00"",""created_time"":""2026-04-27T23:50:28.883343Z"",""no_price_dollars"":""0.5500"",""taker_side"":""no"",""ticker"":""KXETH15M-26APR272000-00"",""trade_id"":""89f23cc8-b3fc-6bec-9c0a-79594a2b8454"",""yes_price_dollars"":""0.4500""}"
KXETH15M-26APR272000-00,67a49c48-a108-6a3b-a403-86092597161e,1777333828,0.44,10.0,no,"{""count_fp"":""10.00"",""created_time"":""2026-04-27T23:50:28.883343Z"",""no_price_dollars"":""0.5600"",""taker_side"":""no"",""ticker"":""KXETH15M-26APR272000-00"",""trade_id"":""67a49c48-a108-6a3b-a403-86092597161e"",""yes_price_dollars"":""0.4400""}"
KXETH15M-26APR272000-00,1b2048c0-6333-66b2-91b5-d6de88025632,1777333828,0.45,100.0,no,"{""count_fp"":""100.00"",""created_time"":""2026-04-27T23:50:28.883343Z"",""no_price_dollars"":""0.5500"",""taker_side"":""no"",""ticker"":""KXETH15M-26APR272000-00"",""trade_id"":""1b2048c0-6333-66b2-91b5-d6de88025632"",""yes_price_dollars"":""0.4500""}"
KXETH15M-26APR272000-00,7847738d-9f95-61b2-a40d-67e81d521d04,1777333830,0.49,46.0,yes,"{""count_fp"":""46.00"",""created_time"":""2026-04-27T23:50:30.135501Z"",""no_price_dollars"":""0.5100"",""taker_side"":""yes"",""ticker"":""KXETH15M-26APR272000-00"",""trade_id"":""7847738d-9f95-61b2-a40d-67e81d521d04"",""yes_price_dollars"":""0.4900""}"
KXETH15M-26APR272000-00,74a60aca-8fb9-666c-b905-e01ef94211d4,1777333830,0.48,10.0,yes,"{""count_fp"":""10.00"",""created_time"":""2026-04-27T23:50:30.135501Z"",""no_price_dollars"":""0.5200"",""taker_side"":""yes"",""ticker"":""KXETH15M-26APR272000-00"",""trade_id"":""74a60aca-8fb9-666c-b905-e01ef94211d4"",""yes_price_dollars"":""0.4800""}"
KXETH15M-26APR272000-00,f0c7b024-eb33-4ac9-9c1e-87db7c331799,1777333831,0.52,51.0,yes,"{""count_fp"":""51.00"",""created_time"":""2026-04-27T23:50:31.835595Z"",""no_price_dollars"":""0.4800"",""taker_side"":""yes"",""ticker"":""KXETH15M-26APR272000-00"",""trade_id"":""f0c7b024-eb33-4ac9-9c1e-87db7c331799"",""yes_price_dollars"":""0.5200""}"
KXETH15M-26APR272000-00,142b7e8b-3447-7170-c430-5ec93d678904,1777333836,0.56,20.83,no,"{""count_fp"":""20.83"",""created_time"":""2026-04-27T23:50:36.680474Z"",""no_price_dollars"":""0.4400"",""taker_side"":""no"",""ticker"":""KXETH15M-26APR272000-00"",""trade_id"":""142b7e8b-3447-7170-c430-5ec93d678904"",""yes_price_dollars"":""0.5600""}"
KXETH15M-26APR272000-00,0af7dd0f-f20f-56ac-926f-be94636b2ecc,1777333836,0.56,29.47,no,"{""count_fp"":""29.47"",""created_time"":""2026-04-27T23:50:36.666072Z"",""no_price_dollars"":""0.4400"",""taker_side"":""no"",""ticker"":""KXETH15M-26APR272000-00"",""trade_id"":""0af7dd0f-f20f-56ac-926f-be94636b2ecc"",""yes_price_dollars"":""0.5600""}"
KXETH15M-26APR272000-00,62b2775f-188b-46ed-92fa-b5301bc3a6ed,1777333836,0.57,60.0,yes,"{""count_fp"":""60.00"",""created_time"":""2026-04-27T23:50:36.559393Z"",""no_price_dollars"":""0.4300"",""taker_side"":""yes"",""ticker"":""KXETH15M-26APR272000-00"",""trade_id"":""62b2775f-188b-46ed-92fa-b5301bc3a6ed"",""yes_price_dollars"":""0.5700""}"
KXETH15M-26APR272000-00,a57e0691-1da9-5b0f-82cf-644448b42b29,1777333836,0.55,0.69,yes,"{""count_fp"":""0.69"",""created_time"":""2026-04-27T23:50:36.459944Z"",""no_price_dollars"":""0.4500"",""taker_side"":""yes"",""ticker"":""KXETH15M-26APR272000-00"",""trade_id"":""a57e0691-1da9-5b0f-82cf-644448b42b29"",""yes_price_dollars"":""0.5500""}"
KXETH15M-26APR272000-00,a36dc65a-bd03-5be1-a0df-222dd49a0bce,1777333836,0.56,5.0,yes,"{""count_fp"":""5.00"",""created_time"":""2026-04-27T23:50:36.459944Z"",""no_price_dollars"":""0.4400"",""taker_side"":""yes"",""ticker"":""KXETH15M-26APR272000-00"",""trade_id"":""a36dc65a-bd03-5be1-a0df-222dd49a0bce"",""yes_price_dollars"":""0.5600""}"
KXETH15M-26APR272000-00,4dd2ee74-fb7b-545a-bc95-7adf0ef240a3,1777333836,0.56,1.0,yes,"{""count_fp"":""1.00"",""created_time"":""2026-04-27T23:50:36.459944Z"",""no_price_dollars"":""0.4400"",""taker_side"":""yes"",""ticker"":""KXETH15M-26APR272000-00"",""trade_id"":""4dd2ee74-fb7b-545a-bc95-7adf0ef240a3"",""yes_price_dollars"":""0.5600""}"
KXETH15M-26APR272000-00,e2bdaa2b-f6a1-4ddf-8269-c44ec9f1e949,1777333836,0.55,9.31,yes,"{""count_fp"":""9.31"",""created_time"":""2026-04-27T23:50:36.459701Z"",""no_price_dollars"":""0.4500"",""taker_side"":""yes"",""ticker"":""KXETH15M-26APR272000-00"",""trade_id"":""e2bdaa2b-f6a1-4ddf-8269-c44ec9f1e949"",""yes_price_dollars"":""0.5500""}"
KXETH15M-26APR272000-00,a72ea14e-96d8-4537-9c76-0f8d6612dbd1,1777333836,0.55,5.0,yes,"{""count_fp"":""5.00"",""created_time"":""2026-04-27T23:50:36.459701Z"",""no_price_dollars"":""0.4500"",""taker_side"":""yes"",""ticker"":""KXETH15M-26APR272000-00"",""trade_id"":""a72ea14e-96d8-4537-9c76-0f8d6612dbd1"",""yes_price_dollars"":""0.5500""}"
KXETH15M-26APR272000-00,0eb505e2-5b6d-4ef6-99f8-030a847c1c1c,1777333836,0.54,0.69,yes,"{""count_fp"":""0.69"",""created_time"":""2026-04-27T23:50:36.459701Z"",""no_price_dollars"":""0.4600"",""taker_side"":""yes"",""ticker"":""KXETH15M-26APR272000-00"",""trade_id"":""0eb505e2-5b6d-4ef6-99f8-030a847c1c1c"",""yes_price_dollars"":""0.5400""}"
KXETH15M-26APR272000-00,c235b6fa-fae7-56fc-a16f-3b494ac137d8,1777333837,0.6,2.95,no,"{""count_fp"":""2.95"",""created_time"":""2026-04-27T23:50:37.988866Z"",""no_price_dollars"":""0.4000"",""taker_side"":""no"",""ticker"":""KXETH15M-26APR272000-00"",""trade_id"":""c235b6fa-fae7-56fc-a16f-3b494ac137d8"",""yes_price_dollars"":""0.6000""}"
