ticker,trade_id,ts,yes_price,count,taker_side,raw_json
KXETH15M-26APR272130-30,d3fce157-bdd8-58fc-c108-b55aa62232f3,1777338907,0.44,5.67,no,"{""count_fp"":""5.67"",""created_time"":""2026-04-28T01:15:07.568303Z"",""no_price_dollars"":""0.5600"",""taker_side"":""no"",""ticker"":""KXETH15M-26APR272130-30"",""trade_id"":""d3fce157-bdd8-58fc-c108-b55aa62232f3"",""yes_price_dollars"":""0.4400""}"
KXETH15M-26APR272130-30,f36b7805-7bfa-43fa-b540-00977dbe0c33,1777338908,0.4,5.0,no,"{""count_fp"":""5.00"",""created_time"":""2026-04-28T01:15:08.906712Z"",""no_price_dollars"":""0.6000"",""taker_side"":""no"",""ticker"":""KXETH15M-26APR272130-30"",""trade_id"":""f36b7805-7bfa-43fa-b540-00977dbe0c33"",""yes_price_dollars"":""0.4000""}"
KXETH15M-26APR272130-30,35184fdd-4e05-47cb-c1d2-872c1888b08b,1777338920,0.38,1.0,yes,"{""count_fp"":""1.00"",""created_time"":""2026-04-28T01:15:20.427698Z"",""no_price_dollars"":""0.6200"",""taker_side"":""yes"",""ticker"":""KXETH15M-26APR272130-30"",""trade_id"":""35184fdd-4e05-47cb-c1d2-872c1888b08b"",""yes_price_dollars"":""0.3800""}"
KXETH15M-26APR272130-30,f87ae014-2933-50e8-0871-a250e4f7292f,1777338927,0.43,185.69,yes,"{""count_fp"":""185.69"",""created_time"":""2026-04-28T01:15:27.922459Z"",""no_price_dollars"":""0.5700"",""taker_side"":""yes"",""ticker"":""KXETH15M-26APR272130-30"",""trade_id"":""f87ae014-2933-50e8-0871-a250e4f7292f"",""yes_price_dollars"":""0.4300""}"
KXETH15M-26APR272130-30,6fd1900b-8fd6-5e97-3f13-77fbc67c2f7b,1777338927,0.42,33.0,yes,"{""count_fp"":""33.00"",""created_time"":""2026-04-28T01:15:27.922459Z"",""no_price_dollars"":""0.5800"",""taker_side"":""yes"",""ticker"":""KXETH15M-26APR272130-30"",""trade_id"":""6fd1900b-8fd6-5e97-3f13-77fbc67c2f7b"",""yes_price_dollars"":""0.4200""}"
KXETH15M-26APR272130-30,e1f0d8c2-f351-56c6-7a36-bd0eb9a62280,1777338928,0.38,10.0,no,"{""count_fp"":""10.00"",""created_time"":""2026-04-28T01:15:28.307746Z"",""no_price_dollars"":""0.6200"",""taker_side"":""no"",""ticker"":""KXETH15M-26APR272130-30"",""trade_id"":""e1f0d8c2-f351-56c6-7a36-bd0eb9a62280"",""yes_price_dollars"":""0.3800""}"
KXETH15M-26APR272130-30,39cc00ea-6760-5f9c-572e-ee18744644df,1777338928,0.37,30.0,no,"{""count_fp"":""30.00"",""created_time"":""2026-04-28T01:15:28.307746Z"",""no_price_dollars"":""0.6300"",""taker_side"":""no"",""ticker"":""KXETH15M-26APR272130-30"",""trade_id"":""39cc00ea-6760-5f9c-572e-ee18744644df"",""yes_price_dollars"":""0.3700""}"
KXETH15M-26APR272130-30,887cf371-71cf-776f-ab20-85e872768627,1777338930,0.38,1.0,no,"{""count_fp"":""1.00"",""created_time"":""2026-04-28T01:15:30.628495Z"",""no_price_dollars"":""0.6200"",""taker_side"":""no"",""ticker"":""KXETH15M-26APR272130-30"",""trade_id"":""887cf371-71cf-776f-ab20-85e872768627"",""yes_price_dollars"":""0.3800""}"
KXETH15M-26APR272130-30,1d872971-50f3-7898-98ce-95eac1aab4db,1777338931,0.43,11.18,yes,"{""count_fp"":""11.18"",""created_time"":""2026-04-28T01:15:31.788854Z"",""no_price_dollars"":""0.5700"",""taker_side"":""yes"",""ticker"":""KXETH15M-26APR272130-30"",""trade_id"":""1d872971-50f3-7898-98ce-95eac1aab4db"",""yes_price_dollars"":""0.4300""}"
KXETH15M-26APR272130-30,1e44b1c3-41d8-755b-37fe-10575676630d,1777338933,0.38,4.0,no,"{""count_fp"":""4.00"",""created_time"":""2026-04-28T01:15:33.357305Z"",""no_price_dollars"":""0.6200"",""taker_side"":""no"",""ticker"":""KXETH15M-26APR272130-30"",""trade_id"":""1e44b1c3-41d8-755b-37fe-10575676630d"",""yes_price_dollars"":""0.3800""}"
KXETH15M-26APR272130-30,f13b52a4-df9b-51bf-f944-f669a8aa8d07,1777338936,0.37,10.0,no,"{""count_fp"":""10.00"",""created_time"":""2026-04-28T01:15:36.752928Z"",""no_price_dollars"":""0.6300"",""taker_side"":""no"",""ticker"":""KXETH15M-26APR272130-30"",""trade_id"":""f13b52a4-df9b-51bf-f944-f669a8aa8d07"",""yes_price_dollars"":""0.3700""}"
KXETH15M-26APR272130-30,bf6b748b-23ac-507b-d2cd-05bd9a1164dd,1777338936,0.35,25.0,no,"{""count_fp"":""25.00"",""created_time"":""2026-04-28T01:15:36.752928Z"",""no_price_dollars"":""0.6500"",""taker_side"":""no"",""ticker"":""KXETH15M-26APR272130-30"",""trade_id"":""bf6b748b-23ac-507b-d2cd-05bd9a1164dd"",""yes_price_dollars"":""0.3500""}"
KXETH15M-26APR272130-30,50bce3b3-9c1b-5417-c816-c1fa6846b5f9,1777338936,0.36,5.0,no,"{""count_fp"":""5.00"",""created_time"":""2026-04-28T01:15:36.752928Z"",""no_price_dollars"":""0.6400"",""taker_side"":""no"",""ticker"":""KXETH15M-26APR272130-30"",""trade_id"":""50bce3b3-9c1b-5417-c816-c1fa6846b5f9"",""yes_price_dollars"":""0.3600""}"
KXETH15M-26APR272130-30,9882d9c0-72ab-459c-b3d0-0f49eee47f57,1777338938,0.37,35.3,yes,"{""count_fp"":""35.30"",""created_time"":""2026-04-28T01:15:38.580234Z"",""no_price_dollars"":""0.6300"",""taker_side"":""yes"",""ticker"":""KXETH15M-26APR272130-30"",""trade_id"":""9882d9c0-72ab-459c-b3d0-0f49eee47f57"",""yes_price_dollars"":""0.3700""}"
KXETH15M-26APR272130-30,9a47ff7d-c0b4-6022-1e0a-c2f645f3235c,1777338942,0.33,2.0,no,"{""count_fp"":""2.00"",""created_time"":""2026-04-28T01:15:42.955108Z"",""no_price_dollars"":""0.6700"",""taker_side"":""no"",""ticker"":""KXETH15M-26APR272130-30"",""trade_id"":""9a47ff7d-c0b4-6022-1e0a-c2f645f3235c"",""yes_price_dollars"":""0.3300""}"
KXETH15M-26APR272130-30,5b38b8a1-ae28-6f5c-1608-a4351e868d97,1777338942,0.33,34.47,no,"{""count_fp"":""34.47"",""created_time"":""2026-04-28T01:15:42.955108Z"",""no_price_dollars"":""0.6700"",""taker_side"":""no"",""ticker"":""KXETH15M-26APR272130-30"",""trade_id"":""5b38b8a1-ae28-6f5c-1608-a4351e868d97"",""yes_price_dollars"":""0.3300""}"
KXETH15M-26APR272130-30,cb7df5f9-1eb9-785f-46c2-fddfb8908999,1777338945,0.34,1.0,yes,"{""count_fp"":""1.00"",""created_time"":""2026-04-28T01:15:45.339166Z"",""no_price_dollars"":""0.6600"",""taker_side"":""yes"",""ticker"":""KXETH15M-26APR272130-30"",""trade_id"":""cb7df5f9-1eb9-785f-46c2-fddfb8908999"",""yes_price_dollars"":""0.3400""}"
KXETH15M-26APR272130-30,92b7a8c0-58e1-75c6-5c1a-5cea7ec89dda,1777338945,0.34,2.0,yes,"{""count_fp"":""2.00"",""created_time"":""2026-04-28T01:15:45.339166Z"",""no_price_dollars"":""0.6600"",""taker_side"":""yes"",""ticker"":""KXETH15M-26APR272130-30"",""trade_id"":""92b7a8c0-58e1-75c6-5c1a-5cea7ec89dda"",""yes_price_dollars"":""0.3400""}"
KXETH15M-26APR272130-30,5a665b15-2f01-7d67-5968-6a32e5750b0b,1777338945,0.34,1.0,yes,"{""count_fp"":""1.00"",""created_time"":""2026-04-28T01:15:45.339166Z"",""no_price_dollars"":""0.6600"",""taker_side"":""yes"",""ticker"":""KXETH15M-26APR272130-30"",""trade_id"":""5a665b15-2f01-7d67-5968-6a32e5750b0b"",""yes_price_dollars"":""0.3400""}"
KXETH15M-26APR272130-30,d269ccbf-6de1-4963-5330-7b53e679c5e3,1777338949,0.42,3.11,no,"{""count_fp"":""3.11"",""created_time"":""2026-04-28T01:15:49.340101Z"",""no_price_dollars"":""0.5800"",""taker_side"":""no"",""ticker"":""KXETH15M-26APR272130-30"",""trade_id"":""d269ccbf-6de1-4963-5330-7b53e679c5e3"",""yes_price_dollars"":""0.4200""}"
KXETH15M-26APR272130-30,ad27c870-68cd-7467-73c9-fe93b134e2e1,1777338950,0.45,1.0,no,"{""count_fp"":""1.00"",""created_time"":""2026-04-28T01:15:50.701231Z"",""no_price_dollars"":""0.5500"",""taker_side"":""no"",""ticker"":""KXETH15M-26APR272130-30"",""trade_id"":""ad27c870-68cd-7467-73c9-fe93b134e2e1"",""yes_price_dollars"":""0.4500""}"
KXETH15M-26APR272130-30,f64d9b42-f2a1-5821-5506-da2462d4f20b,1777338950,0.46,1.0,no,"{""count_fp"":""1.00"",""created_time"":""2026-04-28T01:15:50.659875Z"",""no_price_dollars"":""0.5400"",""taker_side"":""no"",""ticker"":""KXETH15M-26APR272130-30"",""trade_id"":""f64d9b42-f2a1-5821-5506-da2462d4f20b"",""yes_price_dollars"":""0.4600""}"
KXETH15M-26APR272130-30,0e611ac0-f877-768f-e79d-bcfc5190b6c8,1777338950,0.46,1.0,yes,"{""count_fp"":""1.00"",""created_time"":""2026-04-28T01:15:50.653115Z"",""no_price_dollars"":""0.5400"",""taker_side"":""yes"",""ticker"":""KXETH15M-26APR272130-30"",""trade_id"":""0e611ac0-f877-768f-e79d-bcfc5190b6c8"",""yes_price_dollars"":""0.4600""}"
KXETH15M-26APR272130-30,c64ff4e3-88a6-60b1-6864-87d7087d257c,1777338950,0.45,5.0,yes,"{""count_fp"":""5.00"",""created_time"":""2026-04-28T01:15:50.557329Z"",""no_price_dollars"":""0.5500"",""taker_side"":""yes"",""ticker"":""KXETH15M-26APR272130-30"",""trade_id"":""c64ff4e3-88a6-60b1-6864-87d7087d257c"",""yes_price_dollars"":""0.4500""}"
KXETH15M-26APR272130-30,b18ba978-1052-644d-426c-fc0d340d9e21,1777338950,0.45,10.0,yes,"{""count_fp"":""10.00"",""created_time"":""2026-04-28T01:15:50.557329Z"",""no_price_dollars"":""0.5500"",""taker_side"":""yes"",""ticker"":""KXETH15M-26APR272130-30"",""trade_id"":""b18ba978-1052-644d-426c-fc0d340d9e21"",""yes_price_dollars"":""0.4500""}"
KXETH15M-26APR272130-30,77732eb5-fcb5-6f42-466b-e8df0e3987d5,1777338950,0.45,1.0,yes,"{""count_fp"":""1.00"",""created_time"":""2026-04-28T01:15:50.557329Z"",""no_price_dollars"":""0.5500"",""taker_side"":""yes"",""ticker"":""KXETH15M-26APR272130-30"",""trade_id"":""77732eb5-fcb5-6f42-466b-e8df0e3987d5"",""yes_price_dollars"":""0.4500""}"
KXETH15M-26APR272130-30,c24fd6f5-72d3-6a49-450b-bc94ad829c0e,1777338950,0.44,1.0,yes,"{""count_fp"":""1.00"",""created_time"":""2026-04-28T01:15:50.545966Z"",""no_price_dollars"":""0.5600"",""taker_side"":""yes"",""ticker"":""KXETH15M-26APR272130-30"",""trade_id"":""c24fd6f5-72d3-6a49-450b-bc94ad829c0e"",""yes_price_dollars"":""0.4400""}"
KXETH15M-26APR272130-30,e11f5ccf-3150-7913-71f8-31869a739a3d,1777338952,0.44,4.0,no,"{""count_fp"":""4.00"",""created_time"":""2026-04-28T01:15:52.725591Z"",""no_price_dollars"":""0.5600"",""taker_side"":""no"",""ticker"":""KXETH15M-26APR272130-30"",""trade_id"":""e11f5ccf-3150-7913-71f8-31869a739a3d"",""yes_price_dollars"":""0.4400""}"
KXETH15M-26APR272130-30,40599c03-08e3-5365-976e-2904204a76b7,1777338952,0.47,4.0,yes,"{""count_fp"":""4.00"",""created_time"":""2026-04-28T01:15:52.304205Z"",""no_price_dollars"":""0.5300"",""taker_side"":""yes"",""ticker"":""KXETH15M-26APR272130-30"",""trade_id"":""40599c03-08e3-5365-976e-2904204a76b7"",""yes_price_dollars"":""0.4700""}"
KXETH15M-26APR272130-30,26715dbb-3817-5cad-7aa6-5097629ad9ef,1777338956,0.47,20.51,yes,"{""count_fp"":""20.51"",""created_time"":""2026-04-28T01:15:56.716951Z"",""no_price_dollars"":""0.5300"",""taker_side"":""yes"",""ticker"":""KXETH15M-26APR272130-30"",""trade_id"":""26715dbb-3817-5cad-7aa6-5097629ad9ef"",""yes_price_dollars"":""0.4700""}"
KXETH15M-26APR272130-30,ecd2a5df-ad18-52f3-485d-66b3f49c8e9d,1777338957,0.44,40.0,no,"{""count_fp"":""40.00"",""created_time"":""2026-04-28T01:15:57.242584Z"",""no_price_dollars"":""0.5600"",""taker_side"":""no"",""ticker"":""KXETH15M-26APR272130-30"",""trade_id"":""ecd2a5df-ad18-52f3-485d-66b3f49c8e9d"",""yes_price_dollars"":""0.4400""}"
KXETH15M-26APR272130-30,0c25568c-aba8-689f-3166-de88984deaa9,1777338957,0.44,0.17,no,"{""count_fp"":""0.17"",""created_time"":""2026-04-28T01:15:57.184433Z"",""no_price_dollars"":""0.5600"",""taker_side"":""no"",""ticker"":""KXETH15M-26APR272130-30"",""trade_id"":""0c25568c-aba8-689f-3166-de88984deaa9"",""yes_price_dollars"":""0.4400""}"
KXETH15M-26APR272130-30,05d5899a-8f2c-7f03-73ce-56b3aa42dfad,1777338960,0.44,35.3,no,"{""count_fp"":""35.30"",""created_time"":""2026-04-28T01:16:00.499051Z"",""no_price_dollars"":""0.5600"",""taker_side"":""no"",""ticker"":""KXETH15M-26APR272130-30"",""trade_id"":""05d5899a-8f2c-7f03-73ce-56b3aa42dfad"",""yes_price_dollars"":""0.4400""}"
KXETH15M-26APR272130-30,52a58162-8048-788f-99cd-5d3f76c26b11,1777338962,0.44,26.0,no,"{""count_fp"":""26.00"",""created_time"":""2026-04-28T01:16:02.535791Z"",""no_price_dollars"":""0.5600"",""taker_side"":""no"",""ticker"":""KXETH15M-26APR272130-30"",""trade_id"":""52a58162-8048-788f-99cd-5d3f76c26b11"",""yes_price_dollars"":""0.4400""}"
KXETH15M-26APR272130-30,ecd8f0a8-5ba0-7b7b-25ed-409ed896a365,1777338963,0.44,1.73,no,"{""count_fp"":""1.73"",""created_time"":""2026-04-28T01:16:03.566083Z"",""no_price_dollars"":""0.5600"",""taker_side"":""no"",""ticker"":""KXETH15M-26APR272130-30"",""trade_id"":""ecd8f0a8-5ba0-7b7b-25ed-409ed896a365"",""yes_price_dollars"":""0.4400""}"
KXETH15M-26APR272130-30,0d930d9f-c85e-59c5-7d62-10a136dadaf0,1777338968,0.47,1.0,no,"{""count_fp"":""1.00"",""created_time"":""2026-04-28T01:16:08.349602Z"",""no_price_dollars"":""0.5300"",""taker_side"":""no"",""ticker"":""KXETH15M-26APR272130-30"",""trade_id"":""0d930d9f-c85e-59c5-7d62-10a136dadaf0"",""yes_price_dollars"":""0.4700""}"
KXETH15M-26APR272130-30,c303a9b0-9746-4f31-134a-267e90be2454,1777338969,0.47,1.0,no,"{""count_fp"":""1.00"",""created_time"":""2026-04-28T01:16:09.082972Z"",""no_price_dollars"":""0.5300"",""taker_side"":""no"",""ticker"":""KXETH15M-26APR272130-30"",""trade_id"":""c303a9b0-9746-4f31-134a-267e90be2454"",""yes_price_dollars"":""0.4700""}"
KXETH15M-26APR272130-30,bb796e95-5448-4a84-f6c9-d6d15f7704aa,1777338971,0.48,10.38,yes,"{""count_fp"":""10.38"",""created_time"":""2026-04-28T01:16:11.619377Z"",""no_price_dollars"":""0.5200"",""taker_side"":""yes"",""ticker"":""KXETH15M-26APR272130-30"",""trade_id"":""bb796e95-5448-4a84-f6c9-d6d15f7704aa"",""yes_price_dollars"":""0.4800""}"
KXETH15M-26APR272130-30,b6e3bdb3-f717-47a8-c42e-b9f232bf33ef,1777338971,0.48,88.12,yes,"{""count_fp"":""88.12"",""created_time"":""2026-04-28T01:16:11.619377Z"",""no_price_dollars"":""0.5200"",""taker_side"":""yes"",""ticker"":""KXETH15M-26APR272130-30"",""trade_id"":""b6e3bdb3-f717-47a8-c42e-b9f232bf33ef"",""yes_price_dollars"":""0.4800""}"
KXETH15M-26APR272130-30,6fb4fce2-2460-4308-f1e7-32a36da1e580,1777338971,0.48,2.0,yes,"{""count_fp"":""2.00"",""created_time"":""2026-04-28T01:16:11.619377Z"",""no_price_dollars"":""0.5200"",""taker_side"":""yes"",""ticker"":""KXETH15M-26APR272130-30"",""trade_id"":""6fb4fce2-2460-4308-f1e7-32a36da1e580"",""yes_price_dollars"":""0.4800""}"
KXETH15M-26APR272130-30,538d3f86-2e4f-5611-c240-d96ba57a7ae0,1777338974,0.48,10.0,yes,"{""count_fp"":""10.00"",""created_time"":""2026-04-28T01:16:14.053286Z"",""no_price_dollars"":""0.5200"",""taker_side"":""yes"",""ticker"":""KXETH15M-26APR272130-30"",""trade_id"":""538d3f86-2e4f-5611-c240-d96ba57a7ae0"",""yes_price_dollars"":""0.4800""}"
KXETH15M-26APR272130-30,dabe88e9-a492-658d-e1e4-0280d91a4a90,1777338976,0.47,1.82,no,"{""count_fp"":""1.82"",""created_time"":""2026-04-28T01:16:16.728422Z"",""no_price_dollars"":""0.5300"",""taker_side"":""no"",""ticker"":""KXETH15M-26APR272130-30"",""trade_id"":""dabe88e9-a492-658d-e1e4-0280d91a4a90"",""yes_price_dollars"":""0.4700""}"
KXETH15M-26APR272130-30,63371763-7e5a-5051-5b1f-839da108a0e8,1777338977,0.47,1.0,no,"{""count_fp"":""1.00"",""created_time"":""2026-04-28T01:16:17.001401Z"",""no_price_dollars"":""0.5300"",""taker_side"":""no"",""ticker"":""KXETH15M-26APR272130-30"",""trade_id"":""63371763-7e5a-5051-5b1f-839da108a0e8"",""yes_price_dollars"":""0.4700""}"
KXETH15M-26APR272130-30,110fcb79-3d9e-519b-81f7-37a83aedb15c,1777338979,0.5,0.96,yes,"{""count_fp"":""0.96"",""created_time"":""2026-04-28T01:16:19.592793Z"",""no_price_dollars"":""0.5000"",""taker_side"":""yes"",""ticker"":""KXETH15M-26APR272130-30"",""trade_id"":""110fcb79-3d9e-519b-81f7-37a83aedb15c"",""yes_price_dollars"":""0.5000""}"
KXETH15M-26APR272130-30,5d740430-ac9a-51bd-d636-968a23050594,1777338980,0.47,1.0,no,"{""count_fp"":""1.00"",""created_time"":""2026-04-28T01:16:20.455514Z"",""no_price_dollars"":""0.5300"",""taker_side"":""no"",""ticker"":""KXETH15M-26APR272130-30"",""trade_id"":""5d740430-ac9a-51bd-d636-968a23050594"",""yes_price_dollars"":""0.4700""}"
KXETH15M-26APR272130-30,cd79a7fd-e0fb-5221-88e2-62875eb9e43d,1777338986,0.5,0.92,yes,"{""count_fp"":""0.92"",""created_time"":""2026-04-28T01:16:26.481982Z"",""no_price_dollars"":""0.5000"",""taker_side"":""yes"",""ticker"":""KXETH15M-26APR272130-30"",""trade_id"":""cd79a7fd-e0fb-5221-88e2-62875eb9e43d"",""yes_price_dollars"":""0.5000""}"
KXETH15M-26APR272130-30,7b6ea421-d596-51a7-82fb-b69241e8bda8,1777338986,0.5,0.04,yes,"{""count_fp"":""0.04"",""created_time"":""2026-04-28T01:16:26.481982Z"",""no_price_dollars"":""0.5000"",""taker_side"":""yes"",""ticker"":""KXETH15M-26APR272130-30"",""trade_id"":""7b6ea421-d596-51a7-82fb-b69241e8bda8"",""yes_price_dollars"":""0.5000""}"
KXETH15M-26APR272130-30,cba3091c-811e-7365-145e-45559e756794,1777338987,0.47,4.18,no,"{""count_fp"":""4.18"",""created_time"":""2026-04-28T01:16:27.708912Z"",""no_price_dollars"":""0.5300"",""taker_side"":""no"",""ticker"":""KXETH15M-26APR272130-30"",""trade_id"":""cba3091c-811e-7365-145e-45559e756794"",""yes_price_dollars"":""0.4700""}"
KXETH15M-26APR272130-30,304293e3-ea17-7f7d-02bd-9d6d3f8ccb77,1777338987,0.47,2.0,no,"{""count_fp"":""2.00"",""created_time"":""2026-04-28T01:16:27.708912Z"",""no_price_dollars"":""0.5300"",""taker_side"":""no"",""ticker"":""KXETH15M-26APR272130-30"",""trade_id"":""304293e3-ea17-7f7d-02bd-9d6d3f8ccb77"",""yes_price_dollars"":""0.4700""}"
KXETH15M-26APR272130-30,d9bfd6da-bf43-7ed4-543e-36b81af9e483,1777338987,0.5,41.22,yes,"{""count_fp"":""41.22"",""created_time"":""2026-04-28T01:16:27.526749Z"",""no_price_dollars"":""0.5000"",""taker_side"":""yes"",""ticker"":""KXETH15M-26APR272130-30"",""trade_id"":""d9bfd6da-bf43-7ed4-543e-36b81af9e483"",""yes_price_dollars"":""0.5000""}"
KXETH15M-26APR272130-30,5173ed83-edb3-7425-66dc-00ea24fad3f1,1777338987,0.5,7.08,yes,"{""count_fp"":""7.08"",""created_time"":""2026-04-28T01:16:27.526749Z"",""no_price_dollars"":""0.5000"",""taker_side"":""yes"",""ticker"":""KXETH15M-26APR272130-30"",""trade_id"":""5173ed83-edb3-7425-66dc-00ea24fad3f1"",""yes_price_dollars"":""0.5000""}"
KXETH15M-26APR272130-30,e72806be-a50b-53b4-3e42-39ea9762f633,1777338990,0.47,0.41,yes,"{""count_fp"":""0.41"",""created_time"":""2026-04-28T01:16:30.251483Z"",""no_price_dollars"":""0.5300"",""taker_side"":""yes"",""ticker"":""KXETH15M-26APR272130-30"",""trade_id"":""e72806be-a50b-53b4-3e42-39ea9762f633"",""yes_price_dollars"":""0.4700""}"
KXETH15M-26APR272130-30,b8e02ded-c41d-4fd8-0b66-519a160c69b9,1777338993,0.44,3.46,no,"{""count_fp"":""3.46"",""created_time"":""2026-04-28T01:16:33.630513Z"",""no_price_dollars"":""0.5600"",""taker_side"":""no"",""ticker"":""KXETH15M-26APR272130-30"",""trade_id"":""b8e02ded-c41d-4fd8-0b66-519a160c69b9"",""yes_price_dollars"":""0.4400""}"
KXETH15M-26APR272130-30,12f6fca2-b487-7af3-e8cc-e90f36e4192c,1777338999,0.44,10.0,yes,"{""count_fp"":""10.00"",""created_time"":""2026-04-28T01:16:39.794138Z"",""no_price_dollars"":""0.5600"",""taker_side"":""yes"",""ticker"":""KXETH15M-26APR272130-30"",""trade_id"":""12f6fca2-b487-7af3-e8cc-e90f36e4192c"",""yes_price_dollars"":""0.4400""}"
KXETH15M-26APR272130-30,fd177d0a-8949-5106-6729-e68a8c41b52e,1777338999,0.43,9.47,yes,"{""count_fp"":""9.47"",""created_time"":""2026-04-28T01:16:39.787686Z"",""no_price_dollars"":""0.5700"",""taker_side"":""yes"",""ticker"":""KXETH15M-26APR272130-30"",""trade_id"":""fd177d0a-8949-5106-6729-e68a8c41b52e"",""yes_price_dollars"":""0.4300""}"
KXETH15M-26APR272130-30,dd5d25bb-e3ab-40ce-0294-404fcbd025ac,1777339000,0.45,10.0,no,"{""count_fp"":""10.00"",""created_time"":""2026-04-28T01:16:40.819201Z"",""no_price_dollars"":""0.5500"",""taker_side"":""no"",""ticker"":""KXETH15M-26APR272130-30"",""trade_id"":""dd5d25bb-e3ab-40ce-0294-404fcbd025ac"",""yes_price_dollars"":""0.4500""}"
KXETH15M-26APR272130-30,c5df8aee-80d5-4a07-1295-fe004a8bd046,1777339000,0.45,10.0,no,"{""count_fp"":""10.00"",""created_time"":""2026-04-28T01:16:40.819201Z"",""no_price_dollars"":""0.5500"",""taker_side"":""no"",""ticker"":""KXETH15M-26APR272130-30"",""trade_id"":""c5df8aee-80d5-4a07-1295-fe004a8bd046"",""yes_price_dollars"":""0.4500""}"
KXETH15M-26APR272130-30,64f519f7-2c40-7a2d-1026-2db9d30d0df0,1777339002,0.41,7.11,no,"{""count_fp"":""7.11"",""created_time"":""2026-04-28T01:16:42.963282Z"",""no_price_dollars"":""0.5900"",""taker_side"":""no"",""ticker"":""KXETH15M-26APR272130-30"",""trade_id"":""64f519f7-2c40-7a2d-1026-2db9d30d0df0"",""yes_price_dollars"":""0.4100""}"
KXETH15M-26APR272130-30,3e87dcec-2f56-7125-34aa-09be0e1f81fb,1777339002,0.42,9.0,no,"{""count_fp"":""9.00"",""created_time"":""2026-04-28T01:16:42.963282Z"",""no_price_dollars"":""0.5800"",""taker_side"":""no"",""ticker"":""KXETH15M-26APR272130-30"",""trade_id"":""3e87dcec-2f56-7125-34aa-09be0e1f81fb"",""yes_price_dollars"":""0.4200""}"
KXETH15M-26APR272130-30,7e977ff6-11de-5821-baff-c0609c952737,1777339002,0.42,1.0,no,"{""count_fp"":""1.00"",""created_time"":""2026-04-28T01:16:42.096196Z"",""no_price_dollars"":""0.5800"",""taker_side"":""no"",""ticker"":""KXETH15M-26APR272130-30"",""trade_id"":""7e977ff6-11de-5821-baff-c0609c952737"",""yes_price_dollars"":""0.4200""}"
KXETH15M-26APR272130-30,80eff926-82ea-6736-636d-7a648bb56975,1777339004,0.41,5.0,no,"{""count_fp"":""5.00"",""created_time"":""2026-04-28T01:16:44.643905Z"",""no_price_dollars"":""0.5900"",""taker_side"":""no"",""ticker"":""KXETH15M-26APR272130-30"",""trade_id"":""80eff926-82ea-6736-636d-7a648bb56975"",""yes_price_dollars"":""0.4100""}"
KXETH15M-26APR272130-30,a2c7babb-ce3c-48bc-d080-2363f8ec7f46,1777339005,0.47,10.0,yes,"{""count_fp"":""10.00"",""created_time"":""2026-04-28T01:16:45.182224Z"",""no_price_dollars"":""0.5300"",""taker_side"":""yes"",""ticker"":""KXETH15M-26APR272130-30"",""trade_id"":""a2c7babb-ce3c-48bc-d080-2363f8ec7f46"",""yes_price_dollars"":""0.4700""}"
KXETH15M-26APR272130-30,95b8d79f-23df-4db2-c972-08007488ed01,1777339005,0.47,10.0,yes,"{""count_fp"":""10.00"",""created_time"":""2026-04-28T01:16:45.182224Z"",""no_price_dollars"":""0.5300"",""taker_side"":""yes"",""ticker"":""KXETH15M-26APR272130-30"",""trade_id"":""95b8d79f-23df-4db2-c972-08007488ed01"",""yes_price_dollars"":""0.4700""}"
KXETH15M-26APR272130-30,d1df1b2c-a4ab-6f34-b76f-675933f4d8d7,1777339008,0.49,40.0,yes,"{""count_fp"":""40.00"",""created_time"":""2026-04-28T01:16:48.819762Z"",""no_price_dollars"":""0.5100"",""taker_side"":""yes"",""ticker"":""KXETH15M-26APR272130-30"",""trade_id"":""d1df1b2c-a4ab-6f34-b76f-675933f4d8d7"",""yes_price_dollars"":""0.4900""}"
KXETH15M-26APR272130-30,516e2108-131d-7584-7bcd-f010451c6673,1777339008,0.47,7.62,no,"{""count_fp"":""7.62"",""created_time"":""2026-04-28T01:16:48.249596Z"",""no_price_dollars"":""0.5300"",""taker_side"":""no"",""ticker"":""KXETH15M-26APR272130-30"",""trade_id"":""516e2108-131d-7584-7bcd-f010451c6673"",""yes_price_dollars"":""0.4700""}"
KXETH15M-26APR272130-30,a99fba1e-e5d8-6ebb-8465-972a1d0922c7,1777339010,0.5,10.0,no,"{""count_fp"":""10.00"",""created_time"":""2026-04-28T01:16:50.855003Z"",""no_price_dollars"":""0.5000"",""taker_side"":""no"",""ticker"":""KXETH15M-26APR272130-30"",""trade_id"":""a99fba1e-e5d8-6ebb-8465-972a1d0922c7"",""yes_price_dollars"":""0.5000""}"
KXETH15M-26APR272130-30,b89c4c33-1656-4afd-0815-d4bb417912bf,1777339013,0.53,1.82,yes,"{""count_fp"":""1.82"",""created_time"":""2026-04-28T01:16:53.897918Z"",""no_price_dollars"":""0.4700"",""taker_side"":""yes"",""ticker"":""KXETH15M-26APR272130-30"",""trade_id"":""b89c4c33-1656-4afd-0815-d4bb417912bf"",""yes_price_dollars"":""0.5300""}"
KXETH15M-26APR272130-30,ff8a308a-83fb-670a-66d3-0057146aa013,1777339014,0.53,70.0,yes,"{""count_fp"":""70.00"",""created_time"":""2026-04-28T01:16:54.075998Z"",""no_price_dollars"":""0.4700"",""taker_side"":""yes"",""ticker"":""KXETH15M-26APR272130-30"",""trade_id"":""ff8a308a-83fb-670a-66d3-0057146aa013"",""yes_price_dollars"":""0.5300""}"
KXETH15M-26APR272130-30,9ba68f94-b6a3-6718-4062-2c99e8cbae11,1777339014,0.53,3.15,yes,"{""count_fp"":""3.15"",""created_time"":""2026-04-28T01:16:54.075998Z"",""no_price_dollars"":""0.4700"",""taker_side"":""yes"",""ticker"":""KXETH15M-26APR272130-30"",""trade_id"":""9ba68f94-b6a3-6718-4062-2c99e8cbae11"",""yes_price_dollars"":""0.5300""}"
KXETH15M-26APR272130-30,8d65ebf5-7403-6ca3-5e26-d1e07716ad78,1777339014,0.53,5.0,yes,"{""count_fp"":""5.00"",""created_time"":""2026-04-28T01:16:54.075998Z"",""no_price_dollars"":""0.4700"",""taker_side"":""yes"",""ticker"":""KXETH15M-26APR272130-30"",""trade_id"":""8d65ebf5-7403-6ca3-5e26-d1e07716ad78"",""yes_price_dollars"":""0.5300""}"
KXETH15M-26APR272130-30,572e6ba5-9c46-6dad-6dcd-2e9df75d256f,1777339014,0.53,13.18,yes,"{""count_fp"":""13.18"",""created_time"":""2026-04-28T01:16:54.075998Z"",""no_price_dollars"":""0.4700"",""taker_side"":""yes"",""ticker"":""KXETH15M-26APR272130-30"",""trade_id"":""572e6ba5-9c46-6dad-6dcd-2e9df75d256f"",""yes_price_dollars"":""0.5300""}"
KXETH15M-26APR272130-30,cee83752-529c-633b-985c-e5834042af11,1777339017,0.54,1.0,no,"{""count_fp"":""1.00"",""created_time"":""2026-04-28T01:16:57.200206Z"",""no_price_dollars"":""0.4600"",""taker_side"":""no"",""ticker"":""KXETH15M-26APR272130-30"",""trade_id"":""cee83752-529c-633b-985c-e5834042af11"",""yes_price_dollars"":""0.5400""}"
KXETH15M-26APR272130-30,5f298b74-110a-4467-d1cb-3a2475d53eba,1777339020,0.55,1.0,no,"{""count_fp"":""1.00"",""created_time"":""2026-04-28T01:17:00.415892Z"",""no_price_dollars"":""0.4500"",""taker_side"":""no"",""ticker"":""KXETH15M-26APR272130-30"",""trade_id"":""5f298b74-110a-4467-d1cb-3a2475d53eba"",""yes_price_dollars"":""0.5500""}"
KXETH15M-26APR272130-30,81353782-d047-498c-da76-c371f670b15a,1777339025,0.57,1.0,yes,"{""count_fp"":""1.00"",""created_time"":""2026-04-28T01:17:05.631151Z"",""no_price_dollars"":""0.4300"",""taker_side"":""yes"",""ticker"":""KXETH15M-26APR272130-30"",""trade_id"":""81353782-d047-498c-da76-c371f670b15a"",""yes_price_dollars"":""0.5700""}"
KXETH15M-26APR272130-30,e0d52fa6-007b-4f50-6b92-82ffcc2a9b36,1777339025,0.57,1.0,yes,"{""count_fp"":""1.00"",""created_time"":""2026-04-28T01:17:05.584773Z"",""no_price_dollars"":""0.4300"",""taker_side"":""yes"",""ticker"":""KXETH15M-26APR272130-30"",""trade_id"":""e0d52fa6-007b-4f50-6b92-82ffcc2a9b36"",""yes_price_dollars"":""0.5700""}"
KXETH15M-26APR272130-30,88f37ae2-9843-4c08-6061-2cf39aa05095,1777339027,0.57,3.4,yes,"{""count_fp"":""3.40"",""created_time"":""2026-04-28T01:17:07.885835Z"",""no_price_dollars"":""0.4300"",""taker_side"":""yes"",""ticker"":""KXETH15M-26APR272130-30"",""trade_id"":""88f37ae2-9843-4c08-6061-2cf39aa05095"",""yes_price_dollars"":""0.5700""}"
KXETH15M-26APR272130-30,e1c563bc-91b3-6590-bbb8-e0be864f92f3,1777339036,0.59,16.39,yes,"{""count_fp"":""16.39"",""created_time"":""2026-04-28T01:17:16.267963Z"",""no_price_dollars"":""0.4100"",""taker_side"":""yes"",""ticker"":""KXETH15M-26APR272130-30"",""trade_id"":""e1c563bc-91b3-6590-bbb8-e0be864f92f3"",""yes_price_dollars"":""0.5900""}"
KXETH15M-26APR272130-30,b97c8150-d8a2-692a-bd88-8a282301fe67,1777339036,0.58,10.0,yes,"{""count_fp"":""10.00"",""created_time"":""2026-04-28T01:17:16.267963Z"",""no_price_dollars"":""0.4200"",""taker_side"":""yes"",""ticker"":""KXETH15M-26APR272130-30"",""trade_id"":""b97c8150-d8a2-692a-bd88-8a282301fe67"",""yes_price_dollars"":""0.5800""}"
KXETH15M-26APR272130-30,5ee3ec06-bad7-6634-94c2-c0013b3d763d,1777339036,0.57,10.0,yes,"{""count_fp"":""10.00"",""created_time"":""2026-04-28T01:17:16.267963Z"",""no_price_dollars"":""0.4300"",""taker_side"":""yes"",""ticker"":""KXETH15M-26APR272130-30"",""trade_id"":""5ee3ec06-bad7-6634-94c2-c0013b3d763d"",""yes_price_dollars"":""0.5700""}"
KXETH15M-26APR272130-30,4659b727-8260-6084-a326-0b40487f1f84,1777339036,0.58,2.0,yes,"{""count_fp"":""2.00"",""created_time"":""2026-04-28T01:17:16.267963Z"",""no_price_dollars"":""0.4200"",""taker_side"":""yes"",""ticker"":""KXETH15M-26APR272130-30"",""trade_id"":""4659b727-8260-6084-a326-0b40487f1f84"",""yes_price_dollars"":""0.5800""}"
KXETH15M-26APR272130-30,c129ed3c-de89-66e2-e9a1-ba89779dd1ad,1777339039,0.55,1.0,no,"{""count_fp"":""1.00"",""created_time"":""2026-04-28T01:17:19.092281Z"",""no_price_dollars"":""0.4500"",""taker_side"":""no"",""ticker"":""KXETH15M-26APR272130-30"",""trade_id"":""c129ed3c-de89-66e2-e9a1-ba89779dd1ad"",""yes_price_dollars"":""0.5500""}"
KXETH15M-26APR272130-30,ba0fcb18-72e3-6bf5-f901-7332fc5bdefe,1777339039,0.55,50.0,no,"{""count_fp"":""50.00"",""created_time"":""2026-04-28T01:17:19.092281Z"",""no_price_dollars"":""0.4500"",""taker_side"":""no"",""ticker"":""KXETH15M-26APR272130-30"",""trade_id"":""ba0fcb18-72e3-6bf5-f901-7332fc5bdefe"",""yes_price_dollars"":""0.5500""}"
KXETH15M-26APR272130-30,dbcb343d-9efc-6bba-4df9-0923f180a8d2,1777339049,0.49,10.0,no,"{""count_fp"":""10.00"",""created_time"":""2026-04-28T01:17:29.942773Z"",""no_price_dollars"":""0.5100"",""taker_side"":""no"",""ticker"":""KXETH15M-26APR272130-30"",""trade_id"":""dbcb343d-9efc-6bba-4df9-0923f180a8d2"",""yes_price_dollars"":""0.4900""}"
KXETH15M-26APR272130-30,e2491ece-9e06-60f3-3e15-8947089cff95,1777339049,0.5,10.0,no,"{""count_fp"":""10.00"",""created_time"":""2026-04-28T01:17:29.918777Z"",""no_price_dollars"":""0.5000"",""taker_side"":""no"",""ticker"":""KXETH15M-26APR272130-30"",""trade_id"":""e2491ece-9e06-60f3-3e15-8947089cff95"",""yes_price_dollars"":""0.5000""}"
KXETH15M-26APR272130-30,71f8f3dc-3045-6ef2-0faa-a756fae35a1e,1777339049,0.5,5.0,no,"{""count_fp"":""5.00"",""created_time"":""2026-04-28T01:17:29.918777Z"",""no_price_dollars"":""0.5000"",""taker_side"":""no"",""ticker"":""KXETH15M-26APR272130-30"",""trade_id"":""71f8f3dc-3045-6ef2-0faa-a756fae35a1e"",""yes_price_dollars"":""0.5000""}"
KXETH15M-26APR272130-30,1d94ff08-36e4-5841-876b-2957e1e32d94,1777339049,0.5,1.0,no,"{""count_fp"":""1.00"",""created_time"":""2026-04-28T01:17:29.321304Z"",""no_price_dollars"":""0.5000"",""taker_side"":""no"",""ticker"":""KXETH15M-26APR272130-30"",""trade_id"":""1d94ff08-36e4-5841-876b-2957e1e32d94"",""yes_price_dollars"":""0.5000""}"
KXETH15M-26APR272130-30,5bb0f408-bf7c-66f4-57b5-7deb181b7377,1777339050,0.46,24.33,no,"{""count_fp"":""24.33"",""created_time"":""2026-04-28T01:17:30.015926Z"",""no_price_dollars"":""0.5400"",""taker_side"":""no"",""ticker"":""KXETH15M-26APR272130-30"",""trade_id"":""5bb0f408-bf7c-66f4-57b5-7deb181b7377"",""yes_price_dollars"":""0.4600""}"
KXETH15M-26APR272130-30,171ff4e4-6e3d-69e5-48a8-c91879429035,1777339050,0.47,10.0,no,"{""count_fp"":""10.00"",""created_time"":""2026-04-28T01:17:30.015926Z"",""no_price_dollars"":""0.5300"",""taker_side"":""no"",""ticker"":""KXETH15M-26APR272130-30"",""trade_id"":""171ff4e4-6e3d-69e5-48a8-c91879429035"",""yes_price_dollars"":""0.4700""}"
KXETH15M-26APR272130-30,1b16cf46-d3b0-6d44-2e10-d375238e8c8b,1777339051,0.41,1.0,no,"{""count_fp"":""1.00"",""created_time"":""2026-04-28T01:17:31.773953Z"",""no_price_dollars"":""0.5900"",""taker_side"":""no"",""ticker"":""KXETH15M-26APR272130-30"",""trade_id"":""1b16cf46-d3b0-6d44-2e10-d375238e8c8b"",""yes_price_dollars"":""0.4100""}"
KXETH15M-26APR272130-30,1a78c1f7-7553-59e0-9903-622259b3c0a7,1777339051,0.46,3.72,yes,"{""count_fp"":""3.72"",""created_time"":""2026-04-28T01:17:31.389489Z"",""no_price_dollars"":""0.5400"",""taker_side"":""yes"",""ticker"":""KXETH15M-26APR272130-30"",""trade_id"":""1a78c1f7-7553-59e0-9903-622259b3c0a7"",""yes_price_dollars"":""0.4600""}"
KXETH15M-26APR272130-30,b853d8b7-4859-69eb-c5d5-fc7cef4898f6,1777339052,0.42,2.0,no,"{""count_fp"":""2.00"",""created_time"":""2026-04-28T01:17:32.753227Z"",""no_price_dollars"":""0.5800"",""taker_side"":""no"",""ticker"":""KXETH15M-26APR272130-30"",""trade_id"":""b853d8b7-4859-69eb-c5d5-fc7cef4898f6"",""yes_price_dollars"":""0.4200""}"
KXETH15M-26APR272130-30,1075f155-0a10-6971-cdd0-4082a74f8183,1777339052,0.41,0.17,no,"{""count_fp"":""0.17"",""created_time"":""2026-04-28T01:17:32.753227Z"",""no_price_dollars"":""0.5900"",""taker_side"":""no"",""ticker"":""KXETH15M-26APR272130-30"",""trade_id"":""1075f155-0a10-6971-cdd0-4082a74f8183"",""yes_price_dollars"":""0.4100""}"
KXETH15M-26APR272130-30,328efb63-2d0c-67d6-405f-c9866281b2bc,1777339054,0.41,10.0,no,"{""count_fp"":""10.00"",""created_time"":""2026-04-28T01:17:34.651099Z"",""no_price_dollars"":""0.5900"",""taker_side"":""no"",""ticker"":""KXETH15M-26APR272130-30"",""trade_id"":""328efb63-2d0c-67d6-405f-c9866281b2bc"",""yes_price_dollars"":""0.4100""}"
KXETH15M-26APR272130-30,18999ef6-3091-65fc-68c2-20a05f9a63db,1777339054,0.41,10.0,no,"{""count_fp"":""10.00"",""created_time"":""2026-04-28T01:17:34.651099Z"",""no_price_dollars"":""0.5900"",""taker_side"":""no"",""ticker"":""KXETH15M-26APR272130-30"",""trade_id"":""18999ef6-3091-65fc-68c2-20a05f9a63db"",""yes_price_dollars"":""0.4100""}"
KXETH15M-26APR272130-30,523b4d4c-7587-738c-b525-215b6829d03b,1777339059,0.41,0.46,yes,"{""count_fp"":""0.46"",""created_time"":""2026-04-28T01:17:39.845757Z"",""no_price_dollars"":""0.5900"",""taker_side"":""yes"",""ticker"":""KXETH15M-26APR272130-30"",""trade_id"":""523b4d4c-7587-738c-b525-215b6829d03b"",""yes_price_dollars"":""0.4100""}"
KXETH15M-26APR272130-30,778e4994-a5b6-57f4-dd2d-a61c5d06c772,1777339061,0.37,2.3,no,"{""count_fp"":""2.30"",""created_time"":""2026-04-28T01:17:41.307388Z"",""no_price_dollars"":""0.6300"",""taker_side"":""no"",""ticker"":""KXETH15M-26APR272130-30"",""trade_id"":""778e4994-a5b6-57f4-dd2d-a61c5d06c772"",""yes_price_dollars"":""0.3700""}"
KXETH15M-26APR272130-30,e37d6c9c-73eb-4e1c-8ce2-16baadf5840b,1777339064,0.42,114.4,yes,"{""count_fp"":""114.40"",""created_time"":""2026-04-28T01:17:44.929763Z"",""no_price_dollars"":""0.5800"",""taker_side"":""yes"",""ticker"":""KXETH15M-26APR272130-30"",""trade_id"":""e37d6c9c-73eb-4e1c-8ce2-16baadf5840b"",""yes_price_dollars"":""0.4200""}"
KXETH15M-26APR272130-30,8dae1f59-9297-6381-ac98-a1f0734fbca9,1777339064,0.38,8.0,no,"{""count_fp"":""8.00"",""created_time"":""2026-04-28T01:17:44.293057Z"",""no_price_dollars"":""0.6200"",""taker_side"":""no"",""ticker"":""KXETH15M-26APR272130-30"",""trade_id"":""8dae1f59-9297-6381-ac98-a1f0734fbca9"",""yes_price_dollars"":""0.3800""}"
KXETH15M-26APR272130-30,470c35c3-8313-76fb-ff36-8dd2a4902fed,1777339067,0.38,1.57,no,"{""count_fp"":""1.57"",""created_time"":""2026-04-28T01:17:47.970886Z"",""no_price_dollars"":""0.6200"",""taker_side"":""no"",""ticker"":""KXETH15M-26APR272130-30"",""trade_id"":""470c35c3-8313-76fb-ff36-8dd2a4902fed"",""yes_price_dollars"":""0.3800""}"
KXETH15M-26APR272130-30,b45445be-8240-45ad-af59-2d670acc9a37,1777339070,0.38,2.0,yes,"{""count_fp"":""2.00"",""created_time"":""2026-04-28T01:17:50.327338Z"",""no_price_dollars"":""0.6200"",""taker_side"":""yes"",""ticker"":""KXETH15M-26APR272130-30"",""trade_id"":""b45445be-8240-45ad-af59-2d670acc9a37"",""yes_price_dollars"":""0.3800""}"
KXETH15M-26APR272130-30,a8755ce3-235a-462d-9cc2-0335f2994ce4,1777339070,0.43,0.09,yes,"{""count_fp"":""0.09"",""created_time"":""2026-04-28T01:17:50.327338Z"",""no_price_dollars"":""0.5700"",""taker_side"":""yes"",""ticker"":""KXETH15M-26APR272130-30"",""trade_id"":""a8755ce3-235a-462d-9cc2-0335f2994ce4"",""yes_price_dollars"":""0.4300""}"
KXETH15M-26APR272130-30,777e4959-6bdc-48b9-f7c6-2df2b3600415,1777339072,0.39,1.0,no,"{""count_fp"":""1.00"",""created_time"":""2026-04-28T01:17:52.829355Z"",""no_price_dollars"":""0.6100"",""taker_side"":""no"",""ticker"":""KXETH15M-26APR272130-30"",""trade_id"":""777e4959-6bdc-48b9-f7c6-2df2b3600415"",""yes_price_dollars"":""0.3900""}"
KXETH15M-26APR272130-30,02d8ce01-5f84-7824-0e28-94a4edfd6d3f,1777339073,0.39,7.97,no,"{""count_fp"":""7.97"",""created_time"":""2026-04-28T01:17:53.232573Z"",""no_price_dollars"":""0.6100"",""taker_side"":""no"",""ticker"":""KXETH15M-26APR272130-30"",""trade_id"":""02d8ce01-5f84-7824-0e28-94a4edfd6d3f"",""yes_price_dollars"":""0.3900""}"
KXETH15M-26APR272130-30,957d1bb0-7608-5873-a09c-7c31ab059eb9,1777339077,0.42,1.0,no,"{""count_fp"":""1.00"",""created_time"":""2026-04-28T01:17:57.171864Z"",""no_price_dollars"":""0.5800"",""taker_side"":""no"",""ticker"":""KXETH15M-26APR272130-30"",""trade_id"":""957d1bb0-7608-5873-a09c-7c31ab059eb9"",""yes_price_dollars"":""0.4200""}"
KXETH15M-26APR272130-30,381008b4-bb87-70fc-eea9-66281478d813,1777339078,0.42,15.54,yes,"{""count_fp"":""15.54"",""created_time"":""2026-04-28T01:17:58.652024Z"",""no_price_dollars"":""0.5800"",""taker_side"":""yes"",""ticker"":""KXETH15M-26APR272130-30"",""trade_id"":""381008b4-bb87-70fc-eea9-66281478d813"",""yes_price_dollars"":""0.4200""}"
KXETH15M-26APR272130-30,0ce968ef-58ca-7d65-c417-3fc10d7fddbb,1777339078,0.41,10.0,yes,"{""count_fp"":""10.00"",""created_time"":""2026-04-28T01:17:58.652024Z"",""no_price_dollars"":""0.5900"",""taker_side"":""yes"",""ticker"":""KXETH15M-26APR272130-30"",""trade_id"":""0ce968ef-58ca-7d65-c417-3fc10d7fddbb"",""yes_price_dollars"":""0.4100""}"
KXETH15M-26APR272130-30,967d839b-00b5-6809-28f2-3521e6c7b292,1777339080,0.39,50.0,no,"{""count_fp"":""50.00"",""created_time"":""2026-04-28T01:18:00.083792Z"",""no_price_dollars"":""0.6100"",""taker_side"":""no"",""ticker"":""KXETH15M-26APR272130-30"",""trade_id"":""967d839b-00b5-6809-28f2-3521e6c7b292"",""yes_price_dollars"":""0.3900""}"
KXETH15M-26APR272130-30,7eec6f59-b5c8-6354-2e2b-06eb868e4d3f,1777339080,0.38,8.0,no,"{""count_fp"":""8.00"",""created_time"":""2026-04-28T01:18:00.083792Z"",""no_price_dollars"":""0.6200"",""taker_side"":""no"",""ticker"":""KXETH15M-26APR272130-30"",""trade_id"":""7eec6f59-b5c8-6354-2e2b-06eb868e4d3f"",""yes_price_dollars"":""0.3800""}"
KXETH15M-26APR272130-30,7536bb83-8926-6d8c-3581-45136175e9b1,1777339080,0.39,10.0,no,"{""count_fp"":""10.00"",""created_time"":""2026-04-28T01:18:00.083792Z"",""no_price_dollars"":""0.6100"",""taker_side"":""no"",""ticker"":""KXETH15M-26APR272130-30"",""trade_id"":""7536bb83-8926-6d8c-3581-45136175e9b1"",""yes_price_dollars"":""0.3900""}"
KXETH15M-26APR272130-30,57435b05-bb46-6355-3acb-d1034e95e2b0,1777339080,0.39,10.0,no,"{""count_fp"":""10.00"",""created_time"":""2026-04-28T01:18:00.083792Z"",""no_price_dollars"":""0.6100"",""taker_side"":""no"",""ticker"":""KXETH15M-26APR272130-30"",""trade_id"":""57435b05-bb46-6355-3acb-d1034e95e2b0"",""yes_price_dollars"":""0.3900""}"
KXETH15M-26APR272130-30,ad89823e-90fa-5ab2-3245-e1e33f73a562,1777339082,0.39,1.0,yes,"{""count_fp"":""1.00"",""created_time"":""2026-04-28T01:18:02.128637Z"",""no_price_dollars"":""0.6100"",""taker_side"":""yes"",""ticker"":""KXETH15M-26APR272130-30"",""trade_id"":""ad89823e-90fa-5ab2-3245-e1e33f73a562"",""yes_price_dollars"":""0.3900""}"
KXETH15M-26APR272130-30,e282e7ae-6328-4c0f-bef9-323609ca67eb,1777339086,0.37,0.3,no,"{""count_fp"":""0.30"",""created_time"":""2026-04-28T01:18:06.660745Z"",""no_price_dollars"":""0.6300"",""taker_side"":""no"",""ticker"":""KXETH15M-26APR272130-30"",""trade_id"":""e282e7ae-6328-4c0f-bef9-323609ca67eb"",""yes_price_dollars"":""0.3700""}"
KXETH15M-26APR272130-30,fe837b2c-eedc-5d8f-beb9-85533be27639,1777339089,0.33,11.36,no,"{""count_fp"":""11.36"",""created_time"":""2026-04-28T01:18:09.210178Z"",""no_price_dollars"":""0.6700"",""taker_side"":""no"",""ticker"":""KXETH15M-26APR272130-30"",""trade_id"":""fe837b2c-eedc-5d8f-beb9-85533be27639"",""yes_price_dollars"":""0.3300""}"
KXETH15M-26APR272130-30,bd84bb0c-ca70-5194-be02-f5dce475d6df,1777339089,0.35,100.0,no,"{""count_fp"":""100.00"",""created_time"":""2026-04-28T01:18:09.210178Z"",""no_price_dollars"":""0.6500"",""taker_side"":""no"",""ticker"":""KXETH15M-26APR272130-30"",""trade_id"":""bd84bb0c-ca70-5194-be02-f5dce475d6df"",""yes_price_dollars"":""0.3500""}"
KXETH15M-26APR272130-30,b550445f-4b82-5db5-9d48-c28669691099,1777339089,0.34,3.0,no,"{""count_fp"":""3.00"",""created_time"":""2026-04-28T01:18:09.210178Z"",""no_price_dollars"":""0.6600"",""taker_side"":""no"",""ticker"":""KXETH15M-26APR272130-30"",""trade_id"":""b550445f-4b82-5db5-9d48-c28669691099"",""yes_price_dollars"":""0.3400""}"
KXETH15M-26APR272130-30,aefdca75-0e7c-53c2-8d10-07cc27f7621a,1777339089,0.35,50.0,no,"{""count_fp"":""50.00"",""created_time"":""2026-04-28T01:18:09.210178Z"",""no_price_dollars"":""0.6500"",""taker_side"":""no"",""ticker"":""KXETH15M-26APR272130-30"",""trade_id"":""aefdca75-0e7c-53c2-8d10-07cc27f7621a"",""yes_price_dollars"":""0.3500""}"
KXETH15M-26APR272130-30,9a00f3b5-43c4-5e37-a714-7f3b10a5ab7b,1777339089,0.37,2.7,no,"{""count_fp"":""2.70"",""created_time"":""2026-04-28T01:18:09.210178Z"",""no_price_dollars"":""0.6300"",""taker_side"":""no"",""ticker"":""KXETH15M-26APR272130-30"",""trade_id"":""9a00f3b5-43c4-5e37-a714-7f3b10a5ab7b"",""yes_price_dollars"":""0.3700""}"
KXETH15M-26APR272130-30,887ac3d4-811a-504f-8c88-b905f3987eb3,1777339089,0.36,10.0,no,"{""count_fp"":""10.00"",""created_time"":""2026-04-28T01:18:09.210178Z"",""no_price_dollars"":""0.6400"",""taker_side"":""no"",""ticker"":""KXETH15M-26APR272130-30"",""trade_id"":""887ac3d4-811a-504f-8c88-b905f3987eb3"",""yes_price_dollars"":""0.3600""}"
KXETH15M-26APR272130-30,36f1896d-215f-52d0-b08c-7131001752fb,1777339089,0.35,10.0,no,"{""count_fp"":""10.00"",""created_time"":""2026-04-28T01:18:09.210178Z"",""no_price_dollars"":""0.6500"",""taker_side"":""no"",""ticker"":""KXETH15M-26APR272130-30"",""trade_id"":""36f1896d-215f-52d0-b08c-7131001752fb"",""yes_price_dollars"":""0.3500""}"
KXETH15M-26APR272130-30,48be5738-3b7a-5878-e83a-9d0df523d32f,1777339090,0.37,2.0,no,"{""count_fp"":""2.00"",""created_time"":""2026-04-28T01:18:10.453846Z"",""no_price_dollars"":""0.6300"",""taker_side"":""no"",""ticker"":""KXETH15M-26APR272130-30"",""trade_id"":""48be5738-3b7a-5878-e83a-9d0df523d32f"",""yes_price_dollars"":""0.3700""}"
KXETH15M-26APR272130-30,215cfdfb-8620-453f-373e-edc57949ab61,1777339093,0.38,10.0,no,"{""count_fp"":""10.00"",""created_time"":""2026-04-28T01:18:13.928765Z"",""no_price_dollars"":""0.6200"",""taker_side"":""no"",""ticker"":""KXETH15M-26APR272130-30"",""trade_id"":""215cfdfb-8620-453f-373e-edc57949ab61"",""yes_price_dollars"":""0.3800""}"
KXETH15M-26APR272130-30,206b16ab-3f88-7767-5343-111270eb33f9,1777339094,0.38,2.0,no,"{""count_fp"":""2.00"",""created_time"":""2026-04-28T01:18:14.391745Z"",""no_price_dollars"":""0.6200"",""taker_side"":""no"",""ticker"":""KXETH15M-26APR272130-30"",""trade_id"":""206b16ab-3f88-7767-5343-111270eb33f9"",""yes_price_dollars"":""0.3800""}"
KXETH15M-26APR272130-30,8cbd6ad2-7828-4181-8ebb-1b1e1834fc18,1777339095,0.36,10.0,no,"{""count_fp"":""10.00"",""created_time"":""2026-04-28T01:18:15.814833Z"",""no_price_dollars"":""0.6400"",""taker_side"":""no"",""ticker"":""KXETH15M-26APR272130-30"",""trade_id"":""8cbd6ad2-7828-4181-8ebb-1b1e1834fc18"",""yes_price_dollars"":""0.3600""}"
KXETH15M-26APR272130-30,428f245d-1420-7efc-42c8-6a851e4df04b,1777339095,0.36,100.0,no,"{""count_fp"":""100.00"",""created_time"":""2026-04-28T01:18:15.769133Z"",""no_price_dollars"":""0.6400"",""taker_side"":""no"",""ticker"":""KXETH15M-26APR272130-30"",""trade_id"":""428f245d-1420-7efc-42c8-6a851e4df04b"",""yes_price_dollars"":""0.3600""}"
KXETH15M-26APR272130-30,3e85e702-e71b-4ad4-5a93-e5d5d36fcc1b,1777339099,0.34,3.88,yes,"{""count_fp"":""3.88"",""created_time"":""2026-04-28T01:18:19.387983Z"",""no_price_dollars"":""0.6600"",""taker_side"":""yes"",""ticker"":""KXETH15M-26APR272130-30"",""trade_id"":""3e85e702-e71b-4ad4-5a93-e5d5d36fcc1b"",""yes_price_dollars"":""0.3400""}"
KXETH15M-26APR272130-30,be42ecaf-93de-49ee-6a05-204769c9cdfe,1777339103,0.3,10.0,no,"{""count_fp"":""10.00"",""created_time"":""2026-04-28T01:18:23.986935Z"",""no_price_dollars"":""0.7000"",""taker_side"":""no"",""ticker"":""KXETH15M-26APR272130-30"",""trade_id"":""be42ecaf-93de-49ee-6a05-204769c9cdfe"",""yes_price_dollars"":""0.3000""}"
KXETH15M-26APR272130-30,0618d725-8084-4d45-4c13-f045c0c24813,1777339103,0.3,1.0,no,"{""count_fp"":""1.00"",""created_time"":""2026-04-28T01:18:23.986935Z"",""no_price_dollars"":""0.7000"",""taker_side"":""no"",""ticker"":""KXETH15M-26APR272130-30"",""trade_id"":""0618d725-8084-4d45-4c13-f045c0c24813"",""yes_price_dollars"":""0.3000""}"
KXETH15M-26APR272130-30,c9bce84b-3b8a-46d7-61b2-67515e114a04,1777339104,0.26,10.0,no,"{""count_fp"":""10.00"",""created_time"":""2026-04-28T01:18:24.835388Z"",""no_price_dollars"":""0.7400"",""taker_side"":""no"",""ticker"":""KXETH15M-26APR272130-30"",""trade_id"":""c9bce84b-3b8a-46d7-61b2-67515e114a04"",""yes_price_dollars"":""0.2600""}"
KXETH15M-26APR272130-30,ba4e8a53-e7df-7f14-5222-4c2ced6ff573,1777339104,0.29,0.3,yes,"{""count_fp"":""0.30"",""created_time"":""2026-04-28T01:18:24.753294Z"",""no_price_dollars"":""0.7100"",""taker_side"":""yes"",""ticker"":""KXETH15M-26APR272130-30"",""trade_id"":""ba4e8a53-e7df-7f14-5222-4c2ced6ff573"",""yes_price_dollars"":""0.2900""}"
KXETH15M-26APR272130-30,19101667-1c70-7e75-4977-8ade86a8e9a7,1777339104,0.28,2.0,yes,"{""count_fp"":""2.00"",""created_time"":""2026-04-28T01:18:24.753294Z"",""no_price_dollars"":""0.7200"",""taker_side"":""yes"",""ticker"":""KXETH15M-26APR272130-30"",""trade_id"":""19101667-1c70-7e75-4977-8ade86a8e9a7"",""yes_price_dollars"":""0.2800""}"
KXETH15M-26APR272130-30,0e10f9fa-188d-47f7-cb5f-36fbc5813af5,1777339105,0.28,1.0,yes,"{""count_fp"":""1.00"",""created_time"":""2026-04-28T01:18:25.460956Z"",""no_price_dollars"":""0.7200"",""taker_side"":""yes"",""ticker"":""KXETH15M-26APR272130-30"",""trade_id"":""0e10f9fa-188d-47f7-cb5f-36fbc5813af5"",""yes_price_dollars"":""0.2800""}"
KXETH15M-26APR272130-30,5c21d77a-be0b-5954-b6f3-6437b190b493,1777339105,0.29,6.0,yes,"{""count_fp"":""6.00"",""created_time"":""2026-04-28T01:18:25.178262Z"",""no_price_dollars"":""0.7100"",""taker_side"":""yes"",""ticker"":""KXETH15M-26APR272130-30"",""trade_id"":""5c21d77a-be0b-5954-b6f3-6437b190b493"",""yes_price_dollars"":""0.2900""}"
KXETH15M-26APR272130-30,b897c4a9-1998-727f-12ca-470719d901f1,1777339106,0.26,71.17,no,"{""count_fp"":""71.17"",""created_time"":""2026-04-28T01:18:26.592716Z"",""no_price_dollars"":""0.7400"",""taker_side"":""no"",""ticker"":""KXETH15M-26APR272130-30"",""trade_id"":""b897c4a9-1998-727f-12ca-470719d901f1"",""yes_price_dollars"":""0.2600""}"
KXETH15M-26APR272130-30,d256ab42-8ef1-4a13-9415-f42c281dcdc5,1777339107,0.29,7.97,yes,"{""count_fp"":""7.97"",""created_time"":""2026-04-28T01:18:27.421962Z"",""no_price_dollars"":""0.7100"",""taker_side"":""yes"",""ticker"":""KXETH15M-26APR272130-30"",""trade_id"":""d256ab42-8ef1-4a13-9415-f42c281dcdc5"",""yes_price_dollars"":""0.2900""}"
KXETH15M-26APR272130-30,3fa7f10e-2390-6664-1022-bf42bf3cf9e9,1777339114,0.26,2.0,no,"{""count_fp"":""2.00"",""created_time"":""2026-04-28T01:18:34.889355Z"",""no_price_dollars"":""0.7400"",""taker_side"":""no"",""ticker"":""KXETH15M-26APR272130-30"",""trade_id"":""3fa7f10e-2390-6664-1022-bf42bf3cf9e9"",""yes_price_dollars"":""0.2600""}"
KXETH15M-26APR272130-30,2bea32a1-ea56-7ee9-38d5-acafa89f067d,1777339119,0.34,10.0,no,"{""count_fp"":""10.00"",""created_time"":""2026-04-28T01:18:39.804383Z"",""no_price_dollars"":""0.6600"",""taker_side"":""no"",""ticker"":""KXETH15M-26APR272130-30"",""trade_id"":""2bea32a1-ea56-7ee9-38d5-acafa89f067d"",""yes_price_dollars"":""0.3400""}"
KXETH15M-26APR272130-30,1694c3fc-8742-7956-0913-93d25c2bce3b,1777339119,0.32,17.98,no,"{""count_fp"":""17.98"",""created_time"":""2026-04-28T01:18:39.804383Z"",""no_price_dollars"":""0.6800"",""taker_side"":""no"",""ticker"":""KXETH15M-26APR272130-30"",""trade_id"":""1694c3fc-8742-7956-0913-93d25c2bce3b"",""yes_price_dollars"":""0.3200""}"
KXETH15M-26APR272130-30,67ef4a4e-d57c-4233-7cf7-ea3f09128c35,1777339120,0.32,7.19,no,"{""count_fp"":""7.19"",""created_time"":""2026-04-28T01:18:40.645764Z"",""no_price_dollars"":""0.6800"",""taker_side"":""no"",""ticker"":""KXETH15M-26APR272130-30"",""trade_id"":""67ef4a4e-d57c-4233-7cf7-ea3f09128c35"",""yes_price_dollars"":""0.3200""}"
KXETH15M-26APR272130-30,6b840f02-3346-487d-0f1f-ed6d0798d830,1777339121,0.37,10.0,yes,"{""count_fp"":""10.00"",""created_time"":""2026-04-28T01:18:41.725386Z"",""no_price_dollars"":""0.6300"",""taker_side"":""yes"",""ticker"":""KXETH15M-26APR272130-30"",""trade_id"":""6b840f02-3346-487d-0f1f-ed6d0798d830"",""yes_price_dollars"":""0.3700""}"
KXETH15M-26APR272130-30,2312a3e1-cff1-430f-3afe-2f1792ba44d5,1777339121,0.36,10.0,yes,"{""count_fp"":""10.00"",""created_time"":""2026-04-28T01:18:41.725386Z"",""no_price_dollars"":""0.6400"",""taker_side"":""yes"",""ticker"":""KXETH15M-26APR272130-30"",""trade_id"":""2312a3e1-cff1-430f-3afe-2f1792ba44d5"",""yes_price_dollars"":""0.3600""}"
KXETH15M-26APR272130-30,230613b1-683e-7a6e-41e5-0b2079fc3f06,1777339122,0.39,1.0,yes,"{""count_fp"":""1.00"",""created_time"":""2026-04-28T01:18:42.241418Z"",""no_price_dollars"":""0.6100"",""taker_side"":""yes"",""ticker"":""KXETH15M-26APR272130-30"",""trade_id"":""230613b1-683e-7a6e-41e5-0b2079fc3f06"",""yes_price_dollars"":""0.3900""}"
KXETH15M-26APR272130-30,11b1f9c7-f7d6-7314-6931-3a5fcc401554,1777339122,0.39,5.0,yes,"{""count_fp"":""5.00"",""created_time"":""2026-04-28T01:18:42.241418Z"",""no_price_dollars"":""0.6100"",""taker_side"":""yes"",""ticker"":""KXETH15M-26APR272130-30"",""trade_id"":""11b1f9c7-f7d6-7314-6931-3a5fcc401554"",""yes_price_dollars"":""0.3900""}"
KXETH15M-26APR272130-30,7cb78cf9-fc48-483c-c88d-e07af74ba3bb,1777339122,0.38,2.0,yes,"{""count_fp"":""2.00"",""created_time"":""2026-04-28T01:18:42.181271Z"",""no_price_dollars"":""0.6200"",""taker_side"":""yes"",""ticker"":""KXETH15M-26APR272130-30"",""trade_id"":""7cb78cf9-fc48-483c-c88d-e07af74ba3bb"",""yes_price_dollars"":""0.3800""}"
KXETH15M-26APR272130-30,738caaa4-4bc6-4549-c163-401f4e4d903b,1777339122,0.38,2.0,yes,"{""count_fp"":""2.00"",""created_time"":""2026-04-28T01:18:42.181271Z"",""no_price_dollars"":""0.6200"",""taker_side"":""yes"",""ticker"":""KXETH15M-26APR272130-30"",""trade_id"":""738caaa4-4bc6-4549-c163-401f4e4d903b"",""yes_price_dollars"":""0.3800""}"
KXETH15M-26APR272130-30,2675cd02-e7ea-443c-e3c9-8029cfeba158,1777339122,0.38,2.0,yes,"{""count_fp"":""2.00"",""created_time"":""2026-04-28T01:18:42.181271Z"",""no_price_dollars"":""0.6200"",""taker_side"":""yes"",""ticker"":""KXETH15M-26APR272130-30"",""trade_id"":""2675cd02-e7ea-443c-e3c9-8029cfeba158"",""yes_price_dollars"":""0.3800""}"
KXETH15M-26APR272130-30,12b9373d-7a73-48ba-e679-8202cb6ff2cf,1777339122,0.38,2.0,yes,"{""count_fp"":""2.00"",""created_time"":""2026-04-28T01:18:42.181271Z"",""no_price_dollars"":""0.6200"",""taker_side"":""yes"",""ticker"":""KXETH15M-26APR272130-30"",""trade_id"":""12b9373d-7a73-48ba-e679-8202cb6ff2cf"",""yes_price_dollars"":""0.3800""}"
KXETH15M-26APR272130-30,59870caf-75c6-6293-1330-4746905ed077,1777339126,0.39,7.97,no,"{""count_fp"":""7.97"",""created_time"":""2026-04-28T01:18:46.968413Z"",""no_price_dollars"":""0.6100"",""taker_side"":""no"",""ticker"":""KXETH15M-26APR272130-30"",""trade_id"":""59870caf-75c6-6293-1330-4746905ed077"",""yes_price_dollars"":""0.3900""}"
KXETH15M-26APR272130-30,9e2e21c2-6d74-51f7-6850-eb3821557405,1777339129,0.36,90.5,no,"{""count_fp"":""90.50"",""created_time"":""2026-04-28T01:18:49.339555Z"",""no_price_dollars"":""0.6400"",""taker_side"":""no"",""ticker"":""KXETH15M-26APR272130-30"",""trade_id"":""9e2e21c2-6d74-51f7-6850-eb3821557405"",""yes_price_dollars"":""0.3600""}"
KXETH15M-26APR272130-30,0e1e7c88-f6ae-5d68-6119-192d563e7ac5,1777339129,0.37,10.0,no,"{""count_fp"":""10.00"",""created_time"":""2026-04-28T01:18:49.339555Z"",""no_price_dollars"":""0.6300"",""taker_side"":""no"",""ticker"":""KXETH15M-26APR272130-30"",""trade_id"":""0e1e7c88-f6ae-5d68-6119-192d563e7ac5"",""yes_price_dollars"":""0.3700""}"
KXETH15M-26APR272130-30,103affc0-5f64-4444-6450-522f488a6a66,1777339131,0.35,4.68,yes,"{""count_fp"":""4.68"",""created_time"":""2026-04-28T01:18:51.862924Z"",""no_price_dollars"":""0.6500"",""taker_side"":""yes"",""ticker"":""KXETH15M-26APR272130-30"",""trade_id"":""103affc0-5f64-4444-6450-522f488a6a66"",""yes_price_dollars"":""0.3500""}"
KXETH15M-26APR272130-30,af31817e-1dec-7578-5cf4-5c265068a6f3,1777339132,0.33,10.0,no,"{""count_fp"":""10.00"",""created_time"":""2026-04-28T01:18:52.136144Z"",""no_price_dollars"":""0.6700"",""taker_side"":""no"",""ticker"":""KXETH15M-26APR272130-30"",""trade_id"":""af31817e-1dec-7578-5cf4-5c265068a6f3"",""yes_price_dollars"":""0.3300""}"
KXETH15M-26APR272130-30,77d7e53b-ffd8-7336-6f02-ddfae7adf0e2,1777339132,0.33,10.0,no,"{""count_fp"":""10.00"",""created_time"":""2026-04-28T01:18:52.136144Z"",""no_price_dollars"":""0.6700"",""taker_side"":""no"",""ticker"":""KXETH15M-26APR272130-30"",""trade_id"":""77d7e53b-ffd8-7336-6f02-ddfae7adf0e2"",""yes_price_dollars"":""0.3300""}"
KXETH15M-26APR272130-30,5230fb74-44e9-6f70-0f69-59a6c94e5927,1777339133,0.35,2.39,yes,"{""count_fp"":""2.39"",""created_time"":""2026-04-28T01:18:53.372394Z"",""no_price_dollars"":""0.6500"",""taker_side"":""yes"",""ticker"":""KXETH15M-26APR272130-30"",""trade_id"":""5230fb74-44e9-6f70-0f69-59a6c94e5927"",""yes_price_dollars"":""0.3500""}"
KXETH15M-26APR272130-30,abf52920-4530-7886-11da-8dfa53b2894b,1777339140,0.37,2.0,no,"{""count_fp"":""2.00"",""created_time"":""2026-04-28T01:19:00.870633Z"",""no_price_dollars"":""0.6300"",""taker_side"":""no"",""ticker"":""KXETH15M-26APR272130-30"",""trade_id"":""abf52920-4530-7886-11da-8dfa53b2894b"",""yes_price_dollars"":""0.3700""}"
KXETH15M-26APR272130-30,cf97a1c1-5c14-6422-ebfa-2f37c5ccbab3,1777339141,0.37,2.0,no,"{""count_fp"":""2.00"",""created_time"":""2026-04-28T01:19:01.043453Z"",""no_price_dollars"":""0.6300"",""taker_side"":""no"",""ticker"":""KXETH15M-26APR272130-30"",""trade_id"":""cf97a1c1-5c14-6422-ebfa-2f37c5ccbab3"",""yes_price_dollars"":""0.3700""}"
KXETH15M-26APR272130-30,a38ef27b-e3a6-62ee-2f73-56ad6460979b,1777339143,0.35,100.0,no,"{""count_fp"":""100.00"",""created_time"":""2026-04-28T01:19:03.429248Z"",""no_price_dollars"":""0.6500"",""taker_side"":""no"",""ticker"":""KXETH15M-26APR272130-30"",""trade_id"":""a38ef27b-e3a6-62ee-2f73-56ad6460979b"",""yes_price_dollars"":""0.3500""}"
KXETH15M-26APR272130-30,02638013-2609-693c-26b1-d83830258372,1777339143,0.36,0.51,no,"{""count_fp"":""0.51"",""created_time"":""2026-04-28T01:19:03.407186Z"",""no_price_dollars"":""0.6400"",""taker_side"":""no"",""ticker"":""KXETH15M-26APR272130-30"",""trade_id"":""02638013-2609-693c-26b1-d83830258372"",""yes_price_dollars"":""0.3600""}"
KXETH15M-26APR272130-30,6f4e2d09-1a90-5e66-e4c7-47523ccf72ad,1777339143,0.36,4.85,no,"{""count_fp"":""4.85"",""created_time"":""2026-04-28T01:19:03.406309Z"",""no_price_dollars"":""0.6400"",""taker_side"":""no"",""ticker"":""KXETH15M-26APR272130-30"",""trade_id"":""6f4e2d09-1a90-5e66-e4c7-47523ccf72ad"",""yes_price_dollars"":""0.3600""}"
KXETH15M-26APR272130-30,0a5714af-9f95-5690-ef3d-a45eee1a76d6,1777339143,0.36,8.15,no,"{""count_fp"":""8.15"",""created_time"":""2026-04-28T01:19:03.406309Z"",""no_price_dollars"":""0.6400"",""taker_side"":""no"",""ticker"":""KXETH15M-26APR272130-30"",""trade_id"":""0a5714af-9f95-5690-ef3d-a45eee1a76d6"",""yes_price_dollars"":""0.3600""}"
KXETH15M-26APR272130-30,e28dcc11-7903-7840-b1fe-9342965e1b7b,1777339145,0.39,56.0,yes,"{""count_fp"":""56.00"",""created_time"":""2026-04-28T01:19:05.141091Z"",""no_price_dollars"":""0.6100"",""taker_side"":""yes"",""ticker"":""KXETH15M-26APR272130-30"",""trade_id"":""e28dcc11-7903-7840-b1fe-9342965e1b7b"",""yes_price_dollars"":""0.3900""}"
KXETH15M-26APR272130-30,8713146a-28cf-74db-b034-7a0660aedd27,1777339145,0.39,2.0,yes,"{""count_fp"":""2.00"",""created_time"":""2026-04-28T01:19:05.141091Z"",""no_price_dollars"":""0.6100"",""taker_side"":""yes"",""ticker"":""KXETH15M-26APR272130-30"",""trade_id"":""8713146a-28cf-74db-b034-7a0660aedd27"",""yes_price_dollars"":""0.3900""}"
KXETH15M-26APR272130-30,6bca75d1-56bb-70c8-8277-a003965e5e89,1777339145,0.37,10.0,yes,"{""count_fp"":""10.00"",""created_time"":""2026-04-28T01:19:05.141091Z"",""no_price_dollars"":""0.6300"",""taker_side"":""yes"",""ticker"":""KXETH15M-26APR272130-30"",""trade_id"":""6bca75d1-56bb-70c8-8277-a003965e5e89"",""yes_price_dollars"":""0.3700""}"
KXETH15M-26APR272130-30,528b2fdd-4724-7029-b733-5cd7cea2ef3c,1777339145,0.38,5.0,yes,"{""count_fp"":""5.00"",""created_time"":""2026-04-28T01:19:05.141091Z"",""no_price_dollars"":""0.6200"",""taker_side"":""yes"",""ticker"":""KXETH15M-26APR272130-30"",""trade_id"":""528b2fdd-4724-7029-b733-5cd7cea2ef3c"",""yes_price_dollars"":""0.3800""}"
KXETH15M-26APR272130-30,75cb9118-d657-4607-2435-b489e55aa9b0,1777339145,0.35,10.0,no,"{""count_fp"":""10.00"",""created_time"":""2026-04-28T01:19:05.102636Z"",""no_price_dollars"":""0.6500"",""taker_side"":""no"",""ticker"":""KXETH15M-26APR272130-30"",""trade_id"":""75cb9118-d657-4607-2435-b489e55aa9b0"",""yes_price_dollars"":""0.3500""}"
KXETH15M-26APR272130-30,3a0b0ed3-1cad-6640-87a0-3bf460a6db45,1777339148,0.34,1.47,no,"{""count_fp"":""1.47"",""created_time"":""2026-04-28T01:19:08.859907Z"",""no_price_dollars"":""0.6600"",""taker_side"":""no"",""ticker"":""KXETH15M-26APR272130-30"",""trade_id"":""3a0b0ed3-1cad-6640-87a0-3bf460a6db45"",""yes_price_dollars"":""0.3400""}"
KXETH15M-26APR272130-30,fb493429-6a8d-58f4-935d-6ba90068b3dd,1777339148,0.34,2.0,no,"{""count_fp"":""2.00"",""created_time"":""2026-04-28T01:19:08.710761Z"",""no_price_dollars"":""0.6600"",""taker_side"":""no"",""ticker"":""KXETH15M-26APR272130-30"",""trade_id"":""fb493429-6a8d-58f4-935d-6ba90068b3dd"",""yes_price_dollars"":""0.3400""}"
KXETH15M-26APR272130-30,a22d5beb-89e1-7954-6a56-2b06b5ff5a0d,1777339148,0.34,0.29,no,"{""count_fp"":""0.29"",""created_time"":""2026-04-28T01:19:08.676508Z"",""no_price_dollars"":""0.6600"",""taker_side"":""no"",""ticker"":""KXETH15M-26APR272130-30"",""trade_id"":""a22d5beb-89e1-7954-6a56-2b06b5ff5a0d"",""yes_price_dollars"":""0.3400""}"
KXETH15M-26APR272130-30,a7292556-23a5-4604-26b3-b49e262d9b39,1777339151,0.34,7.29,no,"{""count_fp"":""7.29"",""created_time"":""2026-04-28T01:19:11.833307Z"",""no_price_dollars"":""0.6600"",""taker_side"":""no"",""ticker"":""KXETH15M-26APR272130-30"",""trade_id"":""a7292556-23a5-4604-26b3-b49e262d9b39"",""yes_price_dollars"":""0.3400""}"
KXETH15M-26APR272130-30,fbf8c5d2-30f9-6dc4-343d-1b23a5bfeff9,1777339152,0.34,9.95,no,"{""count_fp"":""9.95"",""created_time"":""2026-04-28T01:19:12.226953Z"",""no_price_dollars"":""0.6600"",""taker_side"":""no"",""ticker"":""KXETH15M-26APR272130-30"",""trade_id"":""fbf8c5d2-30f9-6dc4-343d-1b23a5bfeff9"",""yes_price_dollars"":""0.3400""}"
KXETH15M-26APR272130-30,e7b58919-cbe2-4459-10ca-af303a06bbf5,1777339153,0.34,1.0,yes,"{""count_fp"":""1.00"",""created_time"":""2026-04-28T01:19:13.323477Z"",""no_price_dollars"":""0.6600"",""taker_side"":""yes"",""ticker"":""KXETH15M-26APR272130-30"",""trade_id"":""e7b58919-cbe2-4459-10ca-af303a06bbf5"",""yes_price_dollars"":""0.3400""}"
KXETH15M-26APR272130-30,8bd62bf3-aff6-4c66-6135-47956f81a05a,1777339154,0.32,33.83,no,"{""count_fp"":""33.83"",""created_time"":""2026-04-28T01:19:14.797268Z"",""no_price_dollars"":""0.6800"",""taker_side"":""no"",""ticker"":""KXETH15M-26APR272130-30"",""trade_id"":""8bd62bf3-aff6-4c66-6135-47956f81a05a"",""yes_price_dollars"":""0.3200""}"
KXETH15M-26APR272130-30,3c4e91af-604b-45c1-64f6-82a3ea9ec10b,1777339154,0.32,10.0,no,"{""count_fp"":""10.00"",""created_time"":""2026-04-28T01:19:14.797268Z"",""no_price_dollars"":""0.6800"",""taker_side"":""no"",""ticker"":""KXETH15M-26APR272130-30"",""trade_id"":""3c4e91af-604b-45c1-64f6-82a3ea9ec10b"",""yes_price_dollars"":""0.3200""}"
KXETH15M-26APR272130-30,24c97edd-e4fd-48ae-4539-bbeaa7e02571,1777339154,0.32,100.0,no,"{""count_fp"":""100.00"",""created_time"":""2026-04-28T01:19:14.797268Z"",""no_price_dollars"":""0.6800"",""taker_side"":""no"",""ticker"":""KXETH15M-26APR272130-30"",""trade_id"":""24c97edd-e4fd-48ae-4539-bbeaa7e02571"",""yes_price_dollars"":""0.3200""}"
KXETH15M-26APR272130-30,a1adc33e-d481-6fc6-252a-91d0b7791c9b,1777339156,0.32,2.0,no,"{""count_fp"":""2.00"",""created_time"":""2026-04-28T01:19:16.341375Z"",""no_price_dollars"":""0.6800"",""taker_side"":""no"",""ticker"":""KXETH15M-26APR272130-30"",""trade_id"":""a1adc33e-d481-6fc6-252a-91d0b7791c9b"",""yes_price_dollars"":""0.3200""}"
KXETH15M-26APR272130-30,e02fbc33-c389-64fa-7aa4-8bef647c77f8,1777339164,0.3,10.0,no,"{""count_fp"":""10.00"",""created_time"":""2026-04-28T01:19:24.023293Z"",""no_price_dollars"":""0.7000"",""taker_side"":""no"",""ticker"":""KXETH15M-26APR272130-30"",""trade_id"":""e02fbc33-c389-64fa-7aa4-8bef647c77f8"",""yes_price_dollars"":""0.3000""}"
KXETH15M-26APR272130-30,3db85101-5806-6eaa-645d-a8d0b5afaae0,1777339164,0.29,10.0,no,"{""count_fp"":""10.00"",""created_time"":""2026-04-28T01:19:24.023293Z"",""no_price_dollars"":""0.7100"",""taker_side"":""no"",""ticker"":""KXETH15M-26APR272130-30"",""trade_id"":""3db85101-5806-6eaa-645d-a8d0b5afaae0"",""yes_price_dollars"":""0.2900""}"
KXETH15M-26APR272130-30,15d0a7c6-c141-653f-79b6-238746529935,1777339164,0.3,5.0,no,"{""count_fp"":""5.00"",""created_time"":""2026-04-28T01:19:24.023293Z"",""no_price_dollars"":""0.7000"",""taker_side"":""no"",""ticker"":""KXETH15M-26APR272130-30"",""trade_id"":""15d0a7c6-c141-653f-79b6-238746529935"",""yes_price_dollars"":""0.3000""}"
KXETH15M-26APR272130-30,85f98837-a336-6e77-c628-27730a856cb0,1777339165,0.23,10.0,no,"{""count_fp"":""10.00"",""created_time"":""2026-04-28T01:19:25.256099Z"",""no_price_dollars"":""0.7700"",""taker_side"":""no"",""ticker"":""KXETH15M-26APR272130-30"",""trade_id"":""85f98837-a336-6e77-c628-27730a856cb0"",""yes_price_dollars"":""0.2300""}"
KXETH15M-26APR272130-30,fc970f64-0ed1-5b3c-a795-dc754516d910,1777339166,0.25,1.0,no,"{""count_fp"":""1.00"",""created_time"":""2026-04-28T01:19:26.739613Z"",""no_price_dollars"":""0.7500"",""taker_side"":""no"",""ticker"":""KXETH15M-26APR272130-30"",""trade_id"":""fc970f64-0ed1-5b3c-a795-dc754516d910"",""yes_price_dollars"":""0.2500""}"
KXETH15M-26APR272130-30,e2c785a5-db37-4981-7c16-a73c1aede208,1777339170,0.29,0.2,yes,"{""count_fp"":""0.20"",""created_time"":""2026-04-28T01:19:30.432574Z"",""no_price_dollars"":""0.7100"",""taker_side"":""yes"",""ticker"":""KXETH15M-26APR272130-30"",""trade_id"":""e2c785a5-db37-4981-7c16-a73c1aede208"",""yes_price_dollars"":""0.2900""}"
KXETH15M-26APR272130-30,ac8f9d76-34f7-474a-65fe-e81d82fd6e5b,1777339170,0.28,5.0,yes,"{""count_fp"":""5.00"",""created_time"":""2026-04-28T01:19:30.432574Z"",""no_price_dollars"":""0.7200"",""taker_side"":""yes"",""ticker"":""KXETH15M-26APR272130-30"",""trade_id"":""ac8f9d76-34f7-474a-65fe-e81d82fd6e5b"",""yes_price_dollars"":""0.2800""}"
KXETH15M-26APR272130-30,762c8268-0ca8-4516-4cf5-fb9954512dfa,1777339170,0.28,5.0,yes,"{""count_fp"":""5.00"",""created_time"":""2026-04-28T01:19:30.432574Z"",""no_price_dollars"":""0.7200"",""taker_side"":""yes"",""ticker"":""KXETH15M-26APR272130-30"",""trade_id"":""762c8268-0ca8-4516-4cf5-fb9954512dfa"",""yes_price_dollars"":""0.2800""}"
KXETH15M-26APR272130-30,8e8d56dc-77d5-5270-15c2-726899a38d92,1777339171,0.3,0.59,yes,"{""count_fp"":""0.59"",""created_time"":""2026-04-28T01:19:31.199185Z"",""no_price_dollars"":""0.7000"",""taker_side"":""yes"",""ticker"":""KXETH15M-26APR272130-30"",""trade_id"":""8e8d56dc-77d5-5270-15c2-726899a38d92"",""yes_price_dollars"":""0.3000""}"
KXETH15M-26APR272130-30,95031eb5-94d6-6146-f947-854a33a707ba,1777339175,0.28,5.0,yes,"{""count_fp"":""5.00"",""created_time"":""2026-04-28T01:19:35.789861Z"",""no_price_dollars"":""0.7200"",""taker_side"":""yes"",""ticker"":""KXETH15M-26APR272130-30"",""trade_id"":""95031eb5-94d6-6146-f947-854a33a707ba"",""yes_price_dollars"":""0.2800""}"
KXETH15M-26APR272130-30,082b1de8-ab23-6a3d-dbfb-8d4bd58a4904,1777339175,0.28,9.48,yes,"{""count_fp"":""9.48"",""created_time"":""2026-04-28T01:19:35.789861Z"",""no_price_dollars"":""0.7200"",""taker_side"":""yes"",""ticker"":""KXETH15M-26APR272130-30"",""trade_id"":""082b1de8-ab23-6a3d-dbfb-8d4bd58a4904"",""yes_price_dollars"":""0.2800""}"
KXETH15M-26APR272130-30,ef590792-97cc-7f63-6bbe-4dd78830faf9,1777339177,0.26,5.0,no,"{""count_fp"":""5.00"",""created_time"":""2026-04-28T01:19:37.381707Z"",""no_price_dollars"":""0.7400"",""taker_side"":""no"",""ticker"":""KXETH15M-26APR272130-30"",""trade_id"":""ef590792-97cc-7f63-6bbe-4dd78830faf9"",""yes_price_dollars"":""0.2600""}"
KXETH15M-26APR272130-30,cc3a5c16-2c0a-78c0-549b-d232104b5b61,1777339177,0.26,5.0,no,"{""count_fp"":""5.00"",""created_time"":""2026-04-28T01:19:37.381707Z"",""no_price_dollars"":""0.7400"",""taker_side"":""no"",""ticker"":""KXETH15M-26APR272130-30"",""trade_id"":""cc3a5c16-2c0a-78c0-549b-d232104b5b61"",""yes_price_dollars"":""0.2600""}"
KXETH15M-26APR272130-30,00eec9f4-7978-7fd7-6f85-e1d4193556a6,1777339177,0.26,8.46,no,"{""count_fp"":""8.46"",""created_time"":""2026-04-28T01:19:37.381707Z"",""no_price_dollars"":""0.7400"",""taker_side"":""no"",""ticker"":""KXETH15M-26APR272130-30"",""trade_id"":""00eec9f4-7978-7fd7-6f85-e1d4193556a6"",""yes_price_dollars"":""0.2600""}"
KXETH15M-26APR272130-30,2fe0b4f2-9bba-4c43-a717-bdb2aa48def3,1777339181,0.2,1.0,no,"{""count_fp"":""1.00"",""created_time"":""2026-04-28T01:19:41.529738Z"",""no_price_dollars"":""0.8000"",""taker_side"":""no"",""ticker"":""KXETH15M-26APR272130-30"",""trade_id"":""2fe0b4f2-9bba-4c43-a717-bdb2aa48def3"",""yes_price_dollars"":""0.2000""}"
KXETH15M-26APR272130-30,c20eb722-1c1d-6932-084a-a0245c21e2b6,1777339183,0.2,1.0,no,"{""count_fp"":""1.00"",""created_time"":""2026-04-28T01:19:43.551458Z"",""no_price_dollars"":""0.8000"",""taker_side"":""no"",""ticker"":""KXETH15M-26APR272130-30"",""trade_id"":""c20eb722-1c1d-6932-084a-a0245c21e2b6"",""yes_price_dollars"":""0.2000""}"
KXETH15M-26APR272130-30,9eea7189-5bdc-776b-049a-10ecf97e5ab3,1777339184,0.2,1.47,no,"{""count_fp"":""1.47"",""created_time"":""2026-04-28T01:19:44.201227Z"",""no_price_dollars"":""0.8000"",""taker_side"":""no"",""ticker"":""KXETH15M-26APR272130-30"",""trade_id"":""9eea7189-5bdc-776b-049a-10ecf97e5ab3"",""yes_price_dollars"":""0.2000""}"
KXETH15M-26APR272130-30,9d59c30c-fd6d-7ddc-24fa-e5b7ffa87ed9,1777339184,0.2,9.62,no,"{""count_fp"":""9.62"",""created_time"":""2026-04-28T01:19:44.201227Z"",""no_price_dollars"":""0.8000"",""taker_side"":""no"",""ticker"":""KXETH15M-26APR272130-30"",""trade_id"":""9d59c30c-fd6d-7ddc-24fa-e5b7ffa87ed9"",""yes_price_dollars"":""0.2000""}"
KXETH15M-26APR272130-30,7e6fb899-a5f9-7ae6-b8c0-06766844ea52,1777339184,0.22,1.47,yes,"{""count_fp"":""1.47"",""created_time"":""2026-04-28T01:19:44.088504Z"",""no_price_dollars"":""0.7800"",""taker_side"":""yes"",""ticker"":""KXETH15M-26APR272130-30"",""trade_id"":""7e6fb899-a5f9-7ae6-b8c0-06766844ea52"",""yes_price_dollars"":""0.2200""}"
KXETH15M-26APR272130-30,ad34b1ff-198e-693e-b540-c746d85a2bb3,1777339185,0.19,0.61,no,"{""count_fp"":""0.61"",""created_time"":""2026-04-28T01:19:45.224591Z"",""no_price_dollars"":""0.8100"",""taker_side"":""no"",""ticker"":""KXETH15M-26APR272130-30"",""trade_id"":""ad34b1ff-198e-693e-b540-c746d85a2bb3"",""yes_price_dollars"":""0.1900""}"
KXETH15M-26APR272130-30,f91896fc-adfa-562b-7264-75e3dbbeb833,1777339186,0.2,5.0,yes,"{""count_fp"":""5.00"",""created_time"":""2026-04-28T01:19:46.449731Z"",""no_price_dollars"":""0.8000"",""taker_side"":""yes"",""ticker"":""KXETH15M-26APR272130-30"",""trade_id"":""f91896fc-adfa-562b-7264-75e3dbbeb833"",""yes_price_dollars"":""0.2000""}"
KXETH15M-26APR272130-30,d65329a2-48da-5ea3-89eb-2b7802811287,1777339186,0.2,40.95,yes,"{""count_fp"":""40.95"",""created_time"":""2026-04-28T01:19:46.136667Z"",""no_price_dollars"":""0.8000"",""taker_side"":""yes"",""ticker"":""KXETH15M-26APR272130-30"",""trade_id"":""d65329a2-48da-5ea3-89eb-2b7802811287"",""yes_price_dollars"":""0.2000""}"
KXETH15M-26APR272130-30,6f4ecd5f-dce0-534a-9928-355d34607424,1777339188,0.17,1.38,no,"{""count_fp"":""1.38"",""created_time"":""2026-04-28T01:19:48.424437Z"",""no_price_dollars"":""0.8300"",""taker_side"":""no"",""ticker"":""KXETH15M-26APR272130-30"",""trade_id"":""6f4ecd5f-dce0-534a-9928-355d34607424"",""yes_price_dollars"":""0.1700""}"
KXETH15M-26APR272130-30,67ef9936-ae5f-56ad-9e2b-1e34a9890f25,1777339188,0.17,1.0,no,"{""count_fp"":""1.00"",""created_time"":""2026-04-28T01:19:48.424437Z"",""no_price_dollars"":""0.8300"",""taker_side"":""no"",""ticker"":""KXETH15M-26APR272130-30"",""trade_id"":""67ef9936-ae5f-56ad-9e2b-1e34a9890f25"",""yes_price_dollars"":""0.1700""}"
KXETH15M-26APR272130-30,abb05bd8-1b92-4695-2043-6952ff490f6b,1777339190,0.16,1.0,no,"{""count_fp"":""1.00"",""created_time"":""2026-04-28T01:19:50.138313Z"",""no_price_dollars"":""0.8400"",""taker_side"":""no"",""ticker"":""KXETH15M-26APR272130-30"",""trade_id"":""abb05bd8-1b92-4695-2043-6952ff490f6b"",""yes_price_dollars"":""0.1600""}"
KXETH15M-26APR272130-30,6b1ef91a-2b2e-4c9e-2c54-d5a47da8ebc9,1777339190,0.16,1.0,no,"{""count_fp"":""1.00"",""created_time"":""2026-04-28T01:19:50.138313Z"",""no_price_dollars"":""0.8400"",""taker_side"":""no"",""ticker"":""KXETH15M-26APR272130-30"",""trade_id"":""6b1ef91a-2b2e-4c9e-2c54-d5a47da8ebc9"",""yes_price_dollars"":""0.1600""}"
KXETH15M-26APR272130-30,44211998-bf6e-6517-8290-648e2b92db5f,1777339190,0.17,7.0,yes,"{""count_fp"":""7.00"",""created_time"":""2026-04-28T01:19:50.128771Z"",""no_price_dollars"":""0.8300"",""taker_side"":""yes"",""ticker"":""KXETH15M-26APR272130-30"",""trade_id"":""44211998-bf6e-6517-8290-648e2b92db5f"",""yes_price_dollars"":""0.1700""}"
KXETH15M-26APR272130-30,348b7cee-5096-567d-9c0f-4789e7cb66b7,1777339191,0.15,12.0,no,"{""count_fp"":""12.00"",""created_time"":""2026-04-28T01:19:51.556661Z"",""no_price_dollars"":""0.8500"",""taker_side"":""no"",""ticker"":""KXETH15M-26APR272130-30"",""trade_id"":""348b7cee-5096-567d-9c0f-4789e7cb66b7"",""yes_price_dollars"":""0.1500""}"
KXETH15M-26APR272130-30,acf923f7-0872-6f61-13bf-bed8d5c29bff,1777339194,0.14,19.0,yes,"{""count_fp"":""19.00"",""created_time"":""2026-04-28T01:19:54.218571Z"",""no_price_dollars"":""0.8600"",""taker_side"":""yes"",""ticker"":""KXETH15M-26APR272130-30"",""trade_id"":""acf923f7-0872-6f61-13bf-bed8d5c29bff"",""yes_price_dollars"":""0.1400""}"
KXETH15M-26APR272130-30,9750ed95-e28d-68a2-2037-6fddd97e8207,1777339194,0.14,10.0,yes,"{""count_fp"":""10.00"",""created_time"":""2026-04-28T01:19:54.218571Z"",""no_price_dollars"":""0.8600"",""taker_side"":""yes"",""ticker"":""KXETH15M-26APR272130-30"",""trade_id"":""9750ed95-e28d-68a2-2037-6fddd97e8207"",""yes_price_dollars"":""0.1400""}"
KXETH15M-26APR272130-30,d37d25d3-1a94-62cb-9da9-988ea6f9ddb5,1777339198,0.15,1.0,yes,"{""count_fp"":""1.00"",""created_time"":""2026-04-28T01:19:58.702709Z"",""no_price_dollars"":""0.8500"",""taker_side"":""yes"",""ticker"":""KXETH15M-26APR272130-30"",""trade_id"":""d37d25d3-1a94-62cb-9da9-988ea6f9ddb5"",""yes_price_dollars"":""0.1500""}"
KXETH15M-26APR272130-30,6a2974e0-096f-6cbb-8f41-db138e391dc5,1777339198,0.16,5.0,yes,"{""count_fp"":""5.00"",""created_time"":""2026-04-28T01:19:58.215507Z"",""no_price_dollars"":""0.8400"",""taker_side"":""yes"",""ticker"":""KXETH15M-26APR272130-30"",""trade_id"":""6a2974e0-096f-6cbb-8f41-db138e391dc5"",""yes_price_dollars"":""0.1600""}"
KXETH15M-26APR272130-30,59228398-8c2a-63f3-919f-818d21a9fe59,1777339198,0.16,23.34,yes,"{""count_fp"":""23.34"",""created_time"":""2026-04-28T01:19:58.215507Z"",""no_price_dollars"":""0.8400"",""taker_side"":""yes"",""ticker"":""KXETH15M-26APR272130-30"",""trade_id"":""59228398-8c2a-63f3-919f-818d21a9fe59"",""yes_price_dollars"":""0.1600""}"
KXETH15M-26APR272130-30,1fc1a58c-009f-4cad-3e90-6c5873f0b0b8,1777339198,0.16,5.67,yes,"{""count_fp"":""5.67"",""created_time"":""2026-04-28T01:19:58.121808Z"",""no_price_dollars"":""0.8400"",""taker_side"":""yes"",""ticker"":""KXETH15M-26APR272130-30"",""trade_id"":""1fc1a58c-009f-4cad-3e90-6c5873f0b0b8"",""yes_price_dollars"":""0.1600""}"
KXETH15M-26APR272130-30,85feb490-8a29-5fc2-f774-a8408806fdd0,1777339199,0.13,9.0,no,"{""count_fp"":""9.00"",""created_time"":""2026-04-28T01:19:59.226986Z"",""no_price_dollars"":""0.8700"",""taker_side"":""no"",""ticker"":""KXETH15M-26APR272130-30"",""trade_id"":""85feb490-8a29-5fc2-f774-a8408806fdd0"",""yes_price_dollars"":""0.1300""}"
KXETH15M-26APR272130-30,7f681fe8-d3fd-5ac2-cdbf-47c3d6c34005,1777339199,0.13,2.0,no,"{""count_fp"":""2.00"",""created_time"":""2026-04-28T01:19:59.226986Z"",""no_price_dollars"":""0.8700"",""taker_side"":""no"",""ticker"":""KXETH15M-26APR272130-30"",""trade_id"":""7f681fe8-d3fd-5ac2-cdbf-47c3d6c34005"",""yes_price_dollars"":""0.1300""}"
KXETH15M-26APR272130-30,6d2a8dca-b549-5632-dfb0-ab727c020eaf,1777339199,0.12,7.07,no,"{""count_fp"":""7.07"",""created_time"":""2026-04-28T01:19:59.226986Z"",""no_price_dollars"":""0.8800"",""taker_side"":""no"",""ticker"":""KXETH15M-26APR272130-30"",""trade_id"":""6d2a8dca-b549-5632-dfb0-ab727c020eaf"",""yes_price_dollars"":""0.1200""}"
KXETH15M-26APR272130-30,57ea8836-d436-74e7-53f7-b96ba84abbc3,1777339200,0.14,5.0,yes,"{""count_fp"":""5.00"",""created_time"":""2026-04-28T01:20:00.883925Z"",""no_price_dollars"":""0.8600"",""taker_side"":""yes"",""ticker"":""KXETH15M-26APR272130-30"",""trade_id"":""57ea8836-d436-74e7-53f7-b96ba84abbc3"",""yes_price_dollars"":""0.1400""}"
KXETH15M-26APR272130-30,298b4b60-de3e-5d9f-4e1e-3b570348f9e3,1777339200,0.14,31.0,yes,"{""count_fp"":""31.00"",""created_time"":""2026-04-28T01:20:00.876677Z"",""no_price_dollars"":""0.8600"",""taker_side"":""yes"",""ticker"":""KXETH15M-26APR272130-30"",""trade_id"":""298b4b60-de3e-5d9f-4e1e-3b570348f9e3"",""yes_price_dollars"":""0.1400""}"
KXETH15M-26APR272130-30,376b792b-b4e3-4b76-17a3-de0d1f43f0d8,1777339201,0.16,1.0,yes,"{""count_fp"":""1.00"",""created_time"":""2026-04-28T01:20:01.804843Z"",""no_price_dollars"":""0.8400"",""taker_side"":""yes"",""ticker"":""KXETH15M-26APR272130-30"",""trade_id"":""376b792b-b4e3-4b76-17a3-de0d1f43f0d8"",""yes_price_dollars"":""0.1600""}"
KXETH15M-26APR272130-30,08d4d910-4a00-4451-37b4-0c73e10ca184,1777339201,0.16,4.0,yes,"{""count_fp"":""4.00"",""created_time"":""2026-04-28T01:20:01.804843Z"",""no_price_dollars"":""0.8400"",""taker_side"":""yes"",""ticker"":""KXETH15M-26APR272130-30"",""trade_id"":""08d4d910-4a00-4451-37b4-0c73e10ca184"",""yes_price_dollars"":""0.1600""}"
KXETH15M-26APR272130-30,3f9eeee8-7a32-5f66-c678-8fba2c6d597f,1777339201,0.13,10.0,yes,"{""count_fp"":""10.00"",""created_time"":""2026-04-28T01:20:01.644945Z"",""no_price_dollars"":""0.8700"",""taker_side"":""yes"",""ticker"":""KXETH15M-26APR272130-30"",""trade_id"":""3f9eeee8-7a32-5f66-c678-8fba2c6d597f"",""yes_price_dollars"":""0.1300""}"
KXETH15M-26APR272130-30,0b2f36e4-f815-7d6e-cb13-de879598c19c,1777339201,0.11,12.0,no,"{""count_fp"":""12.00"",""created_time"":""2026-04-28T01:20:01.065842Z"",""no_price_dollars"":""0.8900"",""taker_side"":""no"",""ticker"":""KXETH15M-26APR272130-30"",""trade_id"":""0b2f36e4-f815-7d6e-cb13-de879598c19c"",""yes_price_dollars"":""0.1100""}"
KXETH15M-26APR272130-30,03e21e4c-fa4d-4fbe-0767-c3fff6264acf,1777339203,0.13,30.75,no,"{""count_fp"":""30.75"",""created_time"":""2026-04-28T01:20:03.527004Z"",""no_price_dollars"":""0.8700"",""taker_side"":""no"",""ticker"":""KXETH15M-26APR272130-30"",""trade_id"":""03e21e4c-fa4d-4fbe-0767-c3fff6264acf"",""yes_price_dollars"":""0.1300""}"
KXETH15M-26APR272130-30,82400f18-aa21-4add-4fa1-bc7634258040,1777339204,0.16,1.0,yes,"{""count_fp"":""1.00"",""created_time"":""2026-04-28T01:20:04.036554Z"",""no_price_dollars"":""0.8400"",""taker_side"":""yes"",""ticker"":""KXETH15M-26APR272130-30"",""trade_id"":""82400f18-aa21-4add-4fa1-bc7634258040"",""yes_price_dollars"":""0.1600""}"
KXETH15M-26APR272130-30,acdb004b-9979-43b6-38c1-2a1eefd74aeb,1777339207,0.13,5.57,no,"{""count_fp"":""5.57"",""created_time"":""2026-04-28T01:20:07.892739Z"",""no_price_dollars"":""0.8700"",""taker_side"":""no"",""ticker"":""KXETH15M-26APR272130-30"",""trade_id"":""acdb004b-9979-43b6-38c1-2a1eefd74aeb"",""yes_price_dollars"":""0.1300""}"
KXETH15M-26APR272130-30,f61b369d-d76d-4526-3a3c-2fd3bff3a61f,1777339208,0.13,5.69,no,"{""count_fp"":""5.69"",""created_time"":""2026-04-28T01:20:08.550297Z"",""no_price_dollars"":""0.8700"",""taker_side"":""no"",""ticker"":""KXETH15M-26APR272130-30"",""trade_id"":""f61b369d-d76d-4526-3a3c-2fd3bff3a61f"",""yes_price_dollars"":""0.1300""}"
KXETH15M-26APR272130-30,de6833b8-e912-4a13-d44a-15027fd111ac,1777339208,0.14,5.0,yes,"{""count_fp"":""5.00"",""created_time"":""2026-04-28T01:20:08.193419Z"",""no_price_dollars"":""0.8600"",""taker_side"":""yes"",""ticker"":""KXETH15M-26APR272130-30"",""trade_id"":""de6833b8-e912-4a13-d44a-15027fd111ac"",""yes_price_dollars"":""0.1400""}"
KXETH15M-26APR272130-30,861e716f-f7e2-678e-9a3c-e3519ea742ff,1777339217,0.14,10.0,yes,"{""count_fp"":""10.00"",""created_time"":""2026-04-28T01:20:17.089599Z"",""no_price_dollars"":""0.8600"",""taker_side"":""yes"",""ticker"":""KXETH15M-26APR272130-30"",""trade_id"":""861e716f-f7e2-678e-9a3c-e3519ea742ff"",""yes_price_dollars"":""0.1400""}"
KXETH15M-26APR272130-30,75a79863-a512-649e-8018-846c6dbb4136,1777339217,0.14,3.47,yes,"{""count_fp"":""3.47"",""created_time"":""2026-04-28T01:20:17.089599Z"",""no_price_dollars"":""0.8600"",""taker_side"":""yes"",""ticker"":""KXETH15M-26APR272130-30"",""trade_id"":""75a79863-a512-649e-8018-846c6dbb4136"",""yes_price_dollars"":""0.1400""}"
KXETH15M-26APR272130-30,cea1b30b-cbf6-63fe-3efc-95c15970b10a,1777339219,0.14,0.67,yes,"{""count_fp"":""0.67"",""created_time"":""2026-04-28T01:20:19.005456Z"",""no_price_dollars"":""0.8600"",""taker_side"":""yes"",""ticker"":""KXETH15M-26APR272130-30"",""trade_id"":""cea1b30b-cbf6-63fe-3efc-95c15970b10a"",""yes_price_dollars"":""0.1400""}"
KXETH15M-26APR272130-30,96865fc8-fdcf-75b5-4f5c-3db6a3473c00,1777339222,0.14,0.61,yes,"{""count_fp"":""0.61"",""created_time"":""2026-04-28T01:20:22.882625Z"",""no_price_dollars"":""0.8600"",""taker_side"":""yes"",""ticker"":""KXETH15M-26APR272130-30"",""trade_id"":""96865fc8-fdcf-75b5-4f5c-3db6a3473c00"",""yes_price_dollars"":""0.1400""}"
KXETH15M-26APR272130-30,476de836-24ce-5fda-dd9b-40dda9c6dbc3,1777339222,0.11,1.0,no,"{""count_fp"":""1.00"",""created_time"":""2026-04-28T01:20:22.771477Z"",""no_price_dollars"":""0.8900"",""taker_side"":""no"",""ticker"":""KXETH15M-26APR272130-30"",""trade_id"":""476de836-24ce-5fda-dd9b-40dda9c6dbc3"",""yes_price_dollars"":""0.1100""}"
KXETH15M-26APR272130-30,a70c4ec2-f698-4e9b-9462-756134dd55a9,1777339222,0.13,6.73,yes,"{""count_fp"":""6.73"",""created_time"":""2026-04-28T01:20:22.626268Z"",""no_price_dollars"":""0.8700"",""taker_side"":""yes"",""ticker"":""KXETH15M-26APR272130-30"",""trade_id"":""a70c4ec2-f698-4e9b-9462-756134dd55a9"",""yes_price_dollars"":""0.1300""}"
KXETH15M-26APR272130-30,5b5c9446-9c68-6aaa-90b9-5aee11988e1e,1777339223,0.15,44.72,yes,"{""count_fp"":""44.72"",""created_time"":""2026-04-28T01:20:23.946124Z"",""no_price_dollars"":""0.8500"",""taker_side"":""yes"",""ticker"":""KXETH15M-26APR272130-30"",""trade_id"":""5b5c9446-9c68-6aaa-90b9-5aee11988e1e"",""yes_price_dollars"":""0.1500""}"
KXETH15M-26APR272130-30,59a89a31-3069-60c0-971c-fae9e8326bca,1777339223,0.15,21.28,yes,"{""count_fp"":""21.28"",""created_time"":""2026-04-28T01:20:23.946124Z"",""no_price_dollars"":""0.8500"",""taker_side"":""yes"",""ticker"":""KXETH15M-26APR272130-30"",""trade_id"":""59a89a31-3069-60c0-971c-fae9e8326bca"",""yes_price_dollars"":""0.1500""}"
KXETH15M-26APR272130-30,15ecc8bc-57e9-65ba-a612-cd21aab5fa4f,1777339223,0.12,2.25,no,"{""count_fp"":""2.25"",""created_time"":""2026-04-28T01:20:23.449631Z"",""no_price_dollars"":""0.8800"",""taker_side"":""no"",""ticker"":""KXETH15M-26APR272130-30"",""trade_id"":""15ecc8bc-57e9-65ba-a612-cd21aab5fa4f"",""yes_price_dollars"":""0.1200""}"
KXETH15M-26APR272130-30,0a4652f3-a600-6406-d398-8edc4507b492,1777339223,0.15,5.28,yes,"{""count_fp"":""5.28"",""created_time"":""2026-04-28T01:20:23.114243Z"",""no_price_dollars"":""0.8500"",""taker_side"":""yes"",""ticker"":""KXETH15M-26APR272130-30"",""trade_id"":""0a4652f3-a600-6406-d398-8edc4507b492"",""yes_price_dollars"":""0.1500""}"
KXETH15M-26APR272130-30,22340b69-3e95-43d6-8bbd-892f82c6c5fc,1777339226,0.16,5.55,yes,"{""count_fp"":""5.55"",""created_time"":""2026-04-28T01:20:26.998985Z"",""no_price_dollars"":""0.8400"",""taker_side"":""yes"",""ticker"":""KXETH15M-26APR272130-30"",""trade_id"":""22340b69-3e95-43d6-8bbd-892f82c6c5fc"",""yes_price_dollars"":""0.1600""}"
KXETH15M-26APR272130-30,95dabc7b-f719-5d7a-5df2-277cc64b344b,1777339229,0.14,10.0,no,"{""count_fp"":""10.00"",""created_time"":""2026-04-28T01:20:29.772048Z"",""no_price_dollars"":""0.8600"",""taker_side"":""no"",""ticker"":""KXETH15M-26APR272130-30"",""trade_id"":""95dabc7b-f719-5d7a-5df2-277cc64b344b"",""yes_price_dollars"":""0.1400""}"
KXETH15M-26APR272130-30,bb45f0a3-b0dd-4e56-f72e-3c81f1bbce03,1777339232,0.14,10.0,no,"{""count_fp"":""10.00"",""created_time"":""2026-04-28T01:20:32.983677Z"",""no_price_dollars"":""0.8600"",""taker_side"":""no"",""ticker"":""KXETH15M-26APR272130-30"",""trade_id"":""bb45f0a3-b0dd-4e56-f72e-3c81f1bbce03"",""yes_price_dollars"":""0.1400""}"
KXETH15M-26APR272130-30,2b0d612b-3a9d-7d8a-bd48-2c17cd6d0beb,1777339233,0.14,11.18,no,"{""count_fp"":""11.18"",""created_time"":""2026-04-28T01:20:33.825203Z"",""no_price_dollars"":""0.8600"",""taker_side"":""no"",""ticker"":""KXETH15M-26APR272130-30"",""trade_id"":""2b0d612b-3a9d-7d8a-bd48-2c17cd6d0beb"",""yes_price_dollars"":""0.1400""}"
KXETH15M-26APR272130-30,f4c9ecf5-f094-6ede-d826-da3eefb27d9a,1777339233,0.17,1.0,yes,"{""count_fp"":""1.00"",""created_time"":""2026-04-28T01:20:33.527484Z"",""no_price_dollars"":""0.8300"",""taker_side"":""yes"",""ticker"":""KXETH15M-26APR272130-30"",""trade_id"":""f4c9ecf5-f094-6ede-d826-da3eefb27d9a"",""yes_price_dollars"":""0.1700""}"
KXETH15M-26APR272130-30,64230c7e-a105-6845-fd45-25da9b838373,1777339233,0.17,0.11,yes,"{""count_fp"":""0.11"",""created_time"":""2026-04-28T01:20:33.527484Z"",""no_price_dollars"":""0.8300"",""taker_side"":""yes"",""ticker"":""KXETH15M-26APR272130-30"",""trade_id"":""64230c7e-a105-6845-fd45-25da9b838373"",""yes_price_dollars"":""0.1700""}"
KXETH15M-26APR272130-30,5a58f0a3-03b2-6406-c56f-62c203634630,1777339233,0.17,10.0,yes,"{""count_fp"":""10.00"",""created_time"":""2026-04-28T01:20:33.527484Z"",""no_price_dollars"":""0.8300"",""taker_side"":""yes"",""ticker"":""KXETH15M-26APR272130-30"",""trade_id"":""5a58f0a3-03b2-6406-c56f-62c203634630"",""yes_price_dollars"":""0.1700""}"
KXETH15M-26APR272130-30,825cbcf6-2879-5a5a-b80d-12a4e8071f1f,1777339234,0.14,0.17,no,"{""count_fp"":""0.17"",""created_time"":""2026-04-28T01:20:34.097482Z"",""no_price_dollars"":""0.8600"",""taker_side"":""no"",""ticker"":""KXETH15M-26APR272130-30"",""trade_id"":""825cbcf6-2879-5a5a-b80d-12a4e8071f1f"",""yes_price_dollars"":""0.1400""}"
KXETH15M-26APR272130-30,78b11ccd-e771-7a82-a0d3-9deffd3b0373,1777339236,0.14,0.57,no,"{""count_fp"":""0.57"",""created_time"":""2026-04-28T01:20:36.568257Z"",""no_price_dollars"":""0.8600"",""taker_side"":""no"",""ticker"":""KXETH15M-26APR272130-30"",""trade_id"":""78b11ccd-e771-7a82-a0d3-9deffd3b0373"",""yes_price_dollars"":""0.1400""}"
KXETH15M-26APR272130-30,5995dcd1-57d6-5a7c-ec79-a9065c531087,1777339241,0.13,70.0,no,"{""count_fp"":""70.00"",""created_time"":""2026-04-28T01:20:41.163735Z"",""no_price_dollars"":""0.8700"",""taker_side"":""no"",""ticker"":""KXETH15M-26APR272130-30"",""trade_id"":""5995dcd1-57d6-5a7c-ec79-a9065c531087"",""yes_price_dollars"":""0.1300""}"
KXETH15M-26APR272130-30,1bbe0bdb-82da-57c4-ec12-351043c2e774,1777339241,0.14,10.0,no,"{""count_fp"":""10.00"",""created_time"":""2026-04-28T01:20:41.163735Z"",""no_price_dollars"":""0.8600"",""taker_side"":""no"",""ticker"":""KXETH15M-26APR272130-30"",""trade_id"":""1bbe0bdb-82da-57c4-ec12-351043c2e774"",""yes_price_dollars"":""0.1400""}"
KXETH15M-26APR272130-30,e296725b-b5c4-7ba4-407b-9fc1c29571f4,1777339246,0.13,1.13,no,"{""count_fp"":""1.13"",""created_time"":""2026-04-28T01:20:46.581314Z"",""no_price_dollars"":""0.8700"",""taker_side"":""no"",""ticker"":""KXETH15M-26APR272130-30"",""trade_id"":""e296725b-b5c4-7ba4-407b-9fc1c29571f4"",""yes_price_dollars"":""0.1300""}"
KXETH15M-26APR272130-30,ecae33d3-0431-61b5-700d-1e2b5b9a15b7,1777339246,0.15,6.29,yes,"{""count_fp"":""6.29"",""created_time"":""2026-04-28T01:20:46.276373Z"",""no_price_dollars"":""0.8500"",""taker_side"":""yes"",""ticker"":""KXETH15M-26APR272130-30"",""trade_id"":""ecae33d3-0431-61b5-700d-1e2b5b9a15b7"",""yes_price_dollars"":""0.1500""}"
KXETH15M-26APR272130-30,feef8a94-34c6-541b-b335-9fd6327b360b,1777339247,0.11,10.0,no,"{""count_fp"":""10.00"",""created_time"":""2026-04-28T01:20:47.595545Z"",""no_price_dollars"":""0.8900"",""taker_side"":""no"",""ticker"":""KXETH15M-26APR272130-30"",""trade_id"":""feef8a94-34c6-541b-b335-9fd6327b360b"",""yes_price_dollars"":""0.1100""}"
KXETH15M-26APR272130-30,f3d07181-9131-5b1d-b272-2c14eec52731,1777339247,0.1,14.0,no,"{""count_fp"":""14.00"",""created_time"":""2026-04-28T01:20:47.595545Z"",""no_price_dollars"":""0.9000"",""taker_side"":""no"",""ticker"":""KXETH15M-26APR272130-30"",""trade_id"":""f3d07181-9131-5b1d-b272-2c14eec52731"",""yes_price_dollars"":""0.1000""}"
KXETH15M-26APR272130-30,e2445032-2019-52d3-8093-1c03361c6cdb,1777339247,0.07,22.0,no,"{""count_fp"":""22.00"",""created_time"":""2026-04-28T01:20:47.595545Z"",""no_price_dollars"":""0.9300"",""taker_side"":""no"",""ticker"":""KXETH15M-26APR272130-30"",""trade_id"":""e2445032-2019-52d3-8093-1c03361c6cdb"",""yes_price_dollars"":""0.0700""}"
KXETH15M-26APR272130-30,dfd45941-1c6b-5415-bfdb-65416075e00d,1777339247,0.11,187.0,no,"{""count_fp"":""187.00"",""created_time"":""2026-04-28T01:20:47.595545Z"",""no_price_dollars"":""0.8900"",""taker_side"":""no"",""ticker"":""KXETH15M-26APR272130-30"",""trade_id"":""dfd45941-1c6b-5415-bfdb-65416075e00d"",""yes_price_dollars"":""0.1100""}"
KXETH15M-26APR272130-30,de093a48-9853-5a3d-8862-8f7b93b2db65,1777339247,0.08,5.0,no,"{""count_fp"":""5.00"",""created_time"":""2026-04-28T01:20:47.595545Z"",""no_price_dollars"":""0.9200"",""taker_side"":""no"",""ticker"":""KXETH15M-26APR272130-30"",""trade_id"":""de093a48-9853-5a3d-8862-8f7b93b2db65"",""yes_price_dollars"":""0.0800""}"
KXETH15M-26APR272130-30,d464ed8c-0720-58e1-b8ca-aba49b653f6d,1777339247,0.1,3.0,no,"{""count_fp"":""3.00"",""created_time"":""2026-04-28T01:20:47.595545Z"",""no_price_dollars"":""0.9000"",""taker_side"":""no"",""ticker"":""KXETH15M-26APR272130-30"",""trade_id"":""d464ed8c-0720-58e1-b8ca-aba49b653f6d"",""yes_price_dollars"":""0.1000""}"
KXETH15M-26APR272130-30,d2f3ceff-1a6b-5e8a-a8da-6cdfb6282693,1777339247,0.09,3.0,no,"{""count_fp"":""3.00"",""created_time"":""2026-04-28T01:20:47.595545Z"",""no_price_dollars"":""0.9100"",""taker_side"":""no"",""ticker"":""KXETH15M-26APR272130-30"",""trade_id"":""d2f3ceff-1a6b-5e8a-a8da-6cdfb6282693"",""yes_price_dollars"":""0.0900""}"
KXETH15M-26APR272130-30,c28948be-dde2-5091-a6d3-ddbd6889f50a,1777339247,0.09,1.0,no,"{""count_fp"":""1.00"",""created_time"":""2026-04-28T01:20:47.595545Z"",""no_price_dollars"":""0.9100"",""taker_side"":""no"",""ticker"":""KXETH15M-26APR272130-30"",""trade_id"":""c28948be-dde2-5091-a6d3-ddbd6889f50a"",""yes_price_dollars"":""0.0900""}"
KXETH15M-26APR272130-30,afe8f994-8c6d-53b9-8c3e-e8d975803ef3,1777339247,0.08,6.0,no,"{""count_fp"":""6.00"",""created_time"":""2026-04-28T01:20:47.595545Z"",""no_price_dollars"":""0.9200"",""taker_side"":""no"",""ticker"":""KXETH15M-26APR272130-30"",""trade_id"":""afe8f994-8c6d-53b9-8c3e-e8d975803ef3"",""yes_price_dollars"":""0.0800""}"
KXETH15M-26APR272130-30,a5c60fe7-75a0-530d-8501-ee9e0ec25807,1777339247,0.07,955.34,no,"{""count_fp"":""955.34"",""created_time"":""2026-04-28T01:20:47.595545Z"",""no_price_dollars"":""0.9300"",""taker_side"":""no"",""ticker"":""KXETH15M-26APR272130-30"",""trade_id"":""a5c60fe7-75a0-530d-8501-ee9e0ec25807"",""yes_price_dollars"":""0.0700""}"
KXETH15M-26APR272130-30,9148e2cb-9a23-5414-927f-0b819d16f680,1777339247,0.08,1.0,no,"{""count_fp"":""1.00"",""created_time"":""2026-04-28T01:20:47.595545Z"",""no_price_dollars"":""0.9200"",""taker_side"":""no"",""ticker"":""KXETH15M-26APR272130-30"",""trade_id"":""9148e2cb-9a23-5414-927f-0b819d16f680"",""yes_price_dollars"":""0.0800""}"
KXETH15M-26APR272130-30,7e93e9ef-5b96-51b8-a382-2fc36bf5f1f9,1777339247,0.07,3.0,no,"{""count_fp"":""3.00"",""created_time"":""2026-04-28T01:20:47.595545Z"",""no_price_dollars"":""0.9300"",""taker_side"":""no"",""ticker"":""KXETH15M-26APR272130-30"",""trade_id"":""7e93e9ef-5b96-51b8-a382-2fc36bf5f1f9"",""yes_price_dollars"":""0.0700""}"
KXETH15M-26APR272130-30,7de6cc6e-85ff-5620-9816-f3271ddbfe8d,1777339247,0.07,1.0,no,"{""count_fp"":""1.00"",""created_time"":""2026-04-28T01:20:47.595545Z"",""no_price_dollars"":""0.9300"",""taker_side"":""no"",""ticker"":""KXETH15M-26APR272130-30"",""trade_id"":""7de6cc6e-85ff-5620-9816-f3271ddbfe8d"",""yes_price_dollars"":""0.0700""}"
KXETH15M-26APR272130-30,76289be5-798d-5178-90a1-4f1ffc13bec8,1777339247,0.092,100.0,no,"{""count_fp"":""100.00"",""created_time"":""2026-04-28T01:20:47.595545Z"",""no_price_dollars"":""0.9080"",""taker_side"":""no"",""ticker"":""KXETH15M-26APR272130-30"",""trade_id"":""76289be5-798d-5178-90a1-4f1ffc13bec8"",""yes_price_dollars"":""0.0920""}"
KXETH15M-26APR272130-30,6d7d0e60-aa5a-5ffa-b52c-980e085b489b,1777339247,0.09,4.0,no,"{""count_fp"":""4.00"",""created_time"":""2026-04-28T01:20:47.595545Z"",""no_price_dollars"":""0.9100"",""taker_side"":""no"",""ticker"":""KXETH15M-26APR272130-30"",""trade_id"":""6d7d0e60-aa5a-5ffa-b52c-980e085b489b"",""yes_price_dollars"":""0.0900""}"
KXETH15M-26APR272130-30,5880c998-6c43-5b62-8a41-c44b590c7d14,1777339247,0.1,2.0,no,"{""count_fp"":""2.00"",""created_time"":""2026-04-28T01:20:47.595545Z"",""no_price_dollars"":""0.9000"",""taker_side"":""no"",""ticker"":""KXETH15M-26APR272130-30"",""trade_id"":""5880c998-6c43-5b62-8a41-c44b590c7d14"",""yes_price_dollars"":""0.1000""}"
KXETH15M-26APR272130-30,46fe1159-ff43-500e-b1ea-5eaaaead1e3a,1777339247,0.07,1.0,no,"{""count_fp"":""1.00"",""created_time"":""2026-04-28T01:20:47.595545Z"",""no_price_dollars"":""0.9300"",""taker_side"":""no"",""ticker"":""KXETH15M-26APR272130-30"",""trade_id"":""46fe1159-ff43-500e-b1ea-5eaaaead1e3a"",""yes_price_dollars"":""0.0700""}"
KXETH15M-26APR272130-30,3cb1e10b-2c28-553f-8eca-c3a431bddac0,1777339247,0.1,1.0,no,"{""count_fp"":""1.00"",""created_time"":""2026-04-28T01:20:47.595545Z"",""no_price_dollars"":""0.9000"",""taker_side"":""no"",""ticker"":""KXETH15M-26APR272130-30"",""trade_id"":""3cb1e10b-2c28-553f-8eca-c3a431bddac0"",""yes_price_dollars"":""0.1000""}"
KXETH15M-26APR272130-30,3b6ff010-9375-55fe-ab19-452d54ae0eaa,1777339247,0.07,8.0,no,"{""count_fp"":""8.00"",""created_time"":""2026-04-28T01:20:47.595545Z"",""no_price_dollars"":""0.9300"",""taker_side"":""no"",""ticker"":""KXETH15M-26APR272130-30"",""trade_id"":""3b6ff010-9375-55fe-ab19-452d54ae0eaa"",""yes_price_dollars"":""0.0700""}"
KXETH15M-26APR272130-30,39d45b64-f3c7-5b4b-918f-9d6fb291476e,1777339247,0.1,1.0,no,"{""count_fp"":""1.00"",""created_time"":""2026-04-28T01:20:47.595545Z"",""no_price_dollars"":""0.9000"",""taker_side"":""no"",""ticker"":""KXETH15M-26APR272130-30"",""trade_id"":""39d45b64-f3c7-5b4b-918f-9d6fb291476e"",""yes_price_dollars"":""0.1000""}"
KXETH15M-26APR272130-30,2528b694-2557-5f3d-998b-ea101e50450c,1777339247,0.1,5.0,no,"{""count_fp"":""5.00"",""created_time"":""2026-04-28T01:20:47.595545Z"",""no_price_dollars"":""0.9000"",""taker_side"":""no"",""ticker"":""KXETH15M-26APR272130-30"",""trade_id"":""2528b694-2557-5f3d-998b-ea101e50450c"",""yes_price_dollars"":""0.1000""}"
KXETH15M-26APR272130-30,209370f5-ff2b-5837-893a-d315145225f3,1777339247,0.1,4.0,no,"{""count_fp"":""4.00"",""created_time"":""2026-04-28T01:20:47.595545Z"",""no_price_dollars"":""0.9000"",""taker_side"":""no"",""ticker"":""KXETH15M-26APR272130-30"",""trade_id"":""209370f5-ff2b-5837-893a-d315145225f3"",""yes_price_dollars"":""0.1000""}"
KXETH15M-26APR272130-30,1379b146-d8ed-5b99-bfc1-fa3a4f2e464f,1777339247,0.07,4.0,no,"{""count_fp"":""4.00"",""created_time"":""2026-04-28T01:20:47.595545Z"",""no_price_dollars"":""0.9300"",""taker_side"":""no"",""ticker"":""KXETH15M-26APR272130-30"",""trade_id"":""1379b146-d8ed-5b99-bfc1-fa3a4f2e464f"",""yes_price_dollars"":""0.0700""}"
KXETH15M-26APR272130-30,0d712f31-914c-52f9-869d-646478930520,1777339247,0.08,3.0,no,"{""count_fp"":""3.00"",""created_time"":""2026-04-28T01:20:47.595545Z"",""no_price_dollars"":""0.9200"",""taker_side"":""no"",""ticker"":""KXETH15M-26APR272130-30"",""trade_id"":""0d712f31-914c-52f9-869d-646478930520"",""yes_price_dollars"":""0.0800""}"
KXETH15M-26APR272130-30,0657718e-8cae-567d-b717-58f17f18cdbc,1777339247,0.11,1.0,no,"{""count_fp"":""1.00"",""created_time"":""2026-04-28T01:20:47.595545Z"",""no_price_dollars"":""0.8900"",""taker_side"":""no"",""ticker"":""KXETH15M-26APR272130-30"",""trade_id"":""0657718e-8cae-567d-b717-58f17f18cdbc"",""yes_price_dollars"":""0.1100""}"
KXETH15M-26APR272130-30,02b8a7b0-2ced-5a86-93d0-d88420a54c83,1777339247,0.1,825.75,no,"{""count_fp"":""825.75"",""created_time"":""2026-04-28T01:20:47.595545Z"",""no_price_dollars"":""0.9000"",""taker_side"":""no"",""ticker"":""KXETH15M-26APR272130-30"",""trade_id"":""02b8a7b0-2ced-5a86-93d0-d88420a54c83"",""yes_price_dollars"":""0.1000""}"
KXETH15M-26APR272130-30,723b65c4-4052-7e4c-25fc-b90c6c5e62c3,1777339254,0.1,0.96,no,"{""count_fp"":""0.96"",""created_time"":""2026-04-28T01:20:54.746517Z"",""no_price_dollars"":""0.9000"",""taker_side"":""no"",""ticker"":""KXETH15M-26APR272130-30"",""trade_id"":""723b65c4-4052-7e4c-25fc-b90c6c5e62c3"",""yes_price_dollars"":""0.1000""}"
KXETH15M-26APR272130-30,653fd819-ffaf-7594-073e-7594b70eb324,1777339254,0.11,10.0,no,"{""count_fp"":""10.00"",""created_time"":""2026-04-28T01:20:54.746517Z"",""no_price_dollars"":""0.8900"",""taker_side"":""no"",""ticker"":""KXETH15M-26APR272130-30"",""trade_id"":""653fd819-ffaf-7594-073e-7594b70eb324"",""yes_price_dollars"":""0.1100""}"
KXETH15M-26APR272130-30,69f829e5-7887-6abf-8fb7-0a8355357fc6,1777339259,0.13,1.0,yes,"{""count_fp"":""1.00"",""created_time"":""2026-04-28T01:20:59.199135Z"",""no_price_dollars"":""0.8700"",""taker_side"":""yes"",""ticker"":""KXETH15M-26APR272130-30"",""trade_id"":""69f829e5-7887-6abf-8fb7-0a8355357fc6"",""yes_price_dollars"":""0.1300""}"
KXETH15M-26APR272130-30,f2314a9f-9d2f-5147-55a9-8b566f706886,1777339260,0.13,19.0,yes,"{""count_fp"":""19.00"",""created_time"":""2026-04-28T01:21:00.959077Z"",""no_price_dollars"":""0.8700"",""taker_side"":""yes"",""ticker"":""KXETH15M-26APR272130-30"",""trade_id"":""f2314a9f-9d2f-5147-55a9-8b566f706886"",""yes_price_dollars"":""0.1300""}"
KXETH15M-26APR272130-30,047fbba6-d7fa-78f5-4cba-234add48e7f8,1777339260,0.11,2.23,no,"{""count_fp"":""2.23"",""created_time"":""2026-04-28T01:21:00.222013Z"",""no_price_dollars"":""0.8900"",""taker_side"":""no"",""ticker"":""KXETH15M-26APR272130-30"",""trade_id"":""047fbba6-d7fa-78f5-4cba-234add48e7f8"",""yes_price_dollars"":""0.1100""}"
KXETH15M-26APR272130-30,34403858-82aa-7e94-9ead-74f0c39ee0ab,1777339261,0.12,3.0,no,"{""count_fp"":""3.00"",""created_time"":""2026-04-28T01:21:01.331836Z"",""no_price_dollars"":""0.8800"",""taker_side"":""no"",""ticker"":""KXETH15M-26APR272130-30"",""trade_id"":""34403858-82aa-7e94-9ead-74f0c39ee0ab"",""yes_price_dollars"":""0.1200""}"
KXETH15M-26APR272130-30,6a2f9b0e-225a-5b54-a435-67b5e4815277,1777339263,0.12,27.0,no,"{""count_fp"":""27.00"",""created_time"":""2026-04-28T01:21:03.955135Z"",""no_price_dollars"":""0.8800"",""taker_side"":""no"",""ticker"":""KXETH15M-26APR272130-30"",""trade_id"":""6a2f9b0e-225a-5b54-a435-67b5e4815277"",""yes_price_dollars"":""0.1200""}"
KXETH15M-26APR272130-30,fb978906-99da-5508-5e04-7500adc3cdfb,1777339263,0.12,1.0,no,"{""count_fp"":""1.00"",""created_time"":""2026-04-28T01:21:03.139947Z"",""no_price_dollars"":""0.8800"",""taker_side"":""no"",""ticker"":""KXETH15M-26APR272130-30"",""trade_id"":""fb978906-99da-5508-5e04-7500adc3cdfb"",""yes_price_dollars"":""0.1200""}"
KXETH15M-26APR272130-30,f5e43006-7d2b-5f6f-5440-bd1006a55ac2,1777339265,0.13,0.19,yes,"{""count_fp"":""0.19"",""created_time"":""2026-04-28T01:21:05.389368Z"",""no_price_dollars"":""0.8700"",""taker_side"":""yes"",""ticker"":""KXETH15M-26APR272130-30"",""trade_id"":""f5e43006-7d2b-5f6f-5440-bd1006a55ac2"",""yes_price_dollars"":""0.1300""}"
KXETH15M-26APR272130-30,28e7eae2-e9fe-509a-78f9-9bb7e1f90df2,1777339267,0.14,30.0,yes,"{""count_fp"":""30.00"",""created_time"":""2026-04-28T01:21:07.143875Z"",""no_price_dollars"":""0.8600"",""taker_side"":""yes"",""ticker"":""KXETH15M-26APR272130-30"",""trade_id"":""28e7eae2-e9fe-509a-78f9-9bb7e1f90df2"",""yes_price_dollars"":""0.1400""}"
KXETH15M-26APR272130-30,cdec9dcc-7881-54be-b876-df2c8f5b4ba9,1777339268,0.17,10.0,no,"{""count_fp"":""10.00"",""created_time"":""2026-04-28T01:21:08.608056Z"",""no_price_dollars"":""0.8300"",""taker_side"":""no"",""ticker"":""KXETH15M-26APR272130-30"",""trade_id"":""cdec9dcc-7881-54be-b876-df2c8f5b4ba9"",""yes_price_dollars"":""0.1700""}"
KXETH15M-26APR272130-30,2e0847e3-fc2c-5474-9bc9-ea728aaf20fb,1777339268,0.17,130.85,no,"{""count_fp"":""130.85"",""created_time"":""2026-04-28T01:21:08.608056Z"",""no_price_dollars"":""0.8300"",""taker_side"":""no"",""ticker"":""KXETH15M-26APR272130-30"",""trade_id"":""2e0847e3-fc2c-5474-9bc9-ea728aaf20fb"",""yes_price_dollars"":""0.1700""}"
KXETH15M-26APR272130-30,c01ea25a-f951-67f3-e5c9-d6137ff323be,1777339268,0.18,5.0,yes,"{""count_fp"":""5.00"",""created_time"":""2026-04-28T01:21:08.497214Z"",""no_price_dollars"":""0.8200"",""taker_side"":""yes"",""ticker"":""KXETH15M-26APR272130-30"",""trade_id"":""c01ea25a-f951-67f3-e5c9-d6137ff323be"",""yes_price_dollars"":""0.1800""}"
KXETH15M-26APR272130-30,7b6cc38f-7461-62b9-ee2f-0136de8dbf77,1777339268,0.19,100.0,yes,"{""count_fp"":""100.00"",""created_time"":""2026-04-28T01:21:08.497214Z"",""no_price_dollars"":""0.8100"",""taker_side"":""yes"",""ticker"":""KXETH15M-26APR272130-30"",""trade_id"":""7b6cc38f-7461-62b9-ee2f-0136de8dbf77"",""yes_price_dollars"":""0.1900""}"
KXETH15M-26APR272130-30,70b610a6-8bdf-68e9-d86e-fc39d24d8d2e,1777339269,0.2,10.0,yes,"{""count_fp"":""10.00"",""created_time"":""2026-04-28T01:21:09.141328Z"",""no_price_dollars"":""0.8000"",""taker_side"":""yes"",""ticker"":""KXETH15M-26APR272130-30"",""trade_id"":""70b610a6-8bdf-68e9-d86e-fc39d24d8d2e"",""yes_price_dollars"":""0.2000""}"
KXETH15M-26APR272130-30,785ad668-5e06-57da-72d2-740a47912d92,1777339273,0.23,10.0,no,"{""count_fp"":""10.00"",""created_time"":""2026-04-28T01:21:13.681768Z"",""no_price_dollars"":""0.7700"",""taker_side"":""no"",""ticker"":""KXETH15M-26APR272130-30"",""trade_id"":""785ad668-5e06-57da-72d2-740a47912d92"",""yes_price_dollars"":""0.2300""}"
KXETH15M-26APR272130-30,5ccd849e-3252-5ba1-7b9e-6fb88d790f05,1777339273,0.23,9.56,no,"{""count_fp"":""9.56"",""created_time"":""2026-04-28T01:21:13.681768Z"",""no_price_dollars"":""0.7700"",""taker_side"":""no"",""ticker"":""KXETH15M-26APR272130-30"",""trade_id"":""5ccd849e-3252-5ba1-7b9e-6fb88d790f05"",""yes_price_dollars"":""0.2300""}"
KXETH15M-26APR272130-30,867e4f12-0d8c-4d37-7985-7e528916ca3a,1777339274,0.25,99.94,yes,"{""count_fp"":""99.94"",""created_time"":""2026-04-28T01:21:14.708453Z"",""no_price_dollars"":""0.7500"",""taker_side"":""yes"",""ticker"":""KXETH15M-26APR272130-30"",""trade_id"":""867e4f12-0d8c-4d37-7985-7e528916ca3a"",""yes_price_dollars"":""0.2500""}"
KXETH15M-26APR272130-30,7ea9ff9a-92c9-49e7-6f58-bfc71cb803dc,1777339274,0.25,10.0,yes,"{""count_fp"":""10.00"",""created_time"":""2026-04-28T01:21:14.708453Z"",""no_price_dollars"":""0.7500"",""taker_side"":""yes"",""ticker"":""KXETH15M-26APR272130-30"",""trade_id"":""7ea9ff9a-92c9-49e7-6f58-bfc71cb803dc"",""yes_price_dollars"":""0.2500""}"
KXETH15M-26APR272130-30,290d8b03-ca36-433b-5585-73ab9be4cca5,1777339274,0.28,238.68,yes,"{""count_fp"":""238.68"",""created_time"":""2026-04-28T01:21:14.708453Z"",""no_price_dollars"":""0.7200"",""taker_side"":""yes"",""ticker"":""KXETH15M-26APR272130-30"",""trade_id"":""290d8b03-ca36-433b-5585-73ab9be4cca5"",""yes_price_dollars"":""0.2800""}"
KXETH15M-26APR272130-30,233568c1-d9ed-4263-4e67-071957ef2ff6,1777339274,0.27,10.0,yes,"{""count_fp"":""10.00"",""created_time"":""2026-04-28T01:21:14.708453Z"",""no_price_dollars"":""0.7300"",""taker_side"":""yes"",""ticker"":""KXETH15M-26APR272130-30"",""trade_id"":""233568c1-d9ed-4263-4e67-071957ef2ff6"",""yes_price_dollars"":""0.2700""}"
KXETH15M-26APR272130-30,03fa37fe-329d-41cc-596f-98f69758b86e,1777339274,0.26,100.0,yes,"{""count_fp"":""100.00"",""created_time"":""2026-04-28T01:21:14.708453Z"",""no_price_dollars"":""0.7400"",""taker_side"":""yes"",""ticker"":""KXETH15M-26APR272130-30"",""trade_id"":""03fa37fe-329d-41cc-596f-98f69758b86e"",""yes_price_dollars"":""0.2600""}"
