ticker,trade_id,ts,yes_price,count,taker_side,raw_json
KXETH15M-26APR272030-30,a0ed6b96-d171-542c-ce8b-a91f41995f11,1777335305,0.41,60.0,no,"{""count_fp"":""60.00"",""created_time"":""2026-04-28T00:15:05.552019Z"",""no_price_dollars"":""0.5900"",""taker_side"":""no"",""ticker"":""KXETH15M-26APR272030-30"",""trade_id"":""a0ed6b96-d171-542c-ce8b-a91f41995f11"",""yes_price_dollars"":""0.4100""}"
KXETH15M-26APR272030-30,43856e68-6f48-5dc1-d5e7-51c03a664575,1777335305,0.4,21.0,no,"{""count_fp"":""21.00"",""created_time"":""2026-04-28T00:15:05.552019Z"",""no_price_dollars"":""0.6000"",""taker_side"":""no"",""ticker"":""KXETH15M-26APR272030-30"",""trade_id"":""43856e68-6f48-5dc1-d5e7-51c03a664575"",""yes_price_dollars"":""0.4000""}"
KXETH15M-26APR272030-30,54ed8f54-56e3-7ac2-ff1c-8b8d91653ec0,1777335309,0.41,16.47,no,"{""count_fp"":""16.47"",""created_time"":""2026-04-28T00:15:09.964799Z"",""no_price_dollars"":""0.5900"",""taker_side"":""no"",""ticker"":""KXETH15M-26APR272030-30"",""trade_id"":""54ed8f54-56e3-7ac2-ff1c-8b8d91653ec0"",""yes_price_dollars"":""0.4100""}"
KXETH15M-26APR272030-30,ffd6c195-104b-64c7-6ab2-69f3b7ac1e4f,1777335311,0.48,57.0,no,"{""count_fp"":""57.00"",""created_time"":""2026-04-28T00:15:11.870732Z"",""no_price_dollars"":""0.5200"",""taker_side"":""no"",""ticker"":""KXETH15M-26APR272030-30"",""trade_id"":""ffd6c195-104b-64c7-6ab2-69f3b7ac1e4f"",""yes_price_dollars"":""0.4800""}"
KXETH15M-26APR272030-30,86a3e75b-edf0-578b-4677-0ea6fab43938,1777335317,0.49,9.85,yes,"{""count_fp"":""9.85"",""created_time"":""2026-04-28T00:15:17.719054Z"",""no_price_dollars"":""0.5100"",""taker_side"":""yes"",""ticker"":""KXETH15M-26APR272030-30"",""trade_id"":""86a3e75b-edf0-578b-4677-0ea6fab43938"",""yes_price_dollars"":""0.4900""}"
KXETH15M-26APR272030-30,11b9a2fa-a313-5ea3-2166-ced8374f1e27,1777335321,0.46,25.0,no,"{""count_fp"":""25.00"",""created_time"":""2026-04-28T00:15:21.690897Z"",""no_price_dollars"":""0.5400"",""taker_side"":""no"",""ticker"":""KXETH15M-26APR272030-30"",""trade_id"":""11b9a2fa-a313-5ea3-2166-ced8374f1e27"",""yes_price_dollars"":""0.4600""}"
KXETH15M-26APR272030-30,871d7cd8-8907-516f-55a7-85925d160543,1777335322,0.48,4.11,no,"{""count_fp"":""4.11"",""created_time"":""2026-04-28T00:15:22.025581Z"",""no_price_dollars"":""0.5200"",""taker_side"":""no"",""ticker"":""KXETH15M-26APR272030-30"",""trade_id"":""871d7cd8-8907-516f-55a7-85925d160543"",""yes_price_dollars"":""0.4800""}"
KXETH15M-26APR272030-30,526f3f8f-6063-40ca-e63b-f922d5cb2157,1777335328,0.44,2.0,no,"{""count_fp"":""2.00"",""created_time"":""2026-04-28T00:15:28.645104Z"",""no_price_dollars"":""0.5600"",""taker_side"":""no"",""ticker"":""KXETH15M-26APR272030-30"",""trade_id"":""526f3f8f-6063-40ca-e63b-f922d5cb2157"",""yes_price_dollars"":""0.4400""}"
KXETH15M-26APR272030-30,5d4cb950-5e93-6f16-9cb7-ddb12121566b,1777335330,0.44,1.0,no,"{""count_fp"":""1.00"",""created_time"":""2026-04-28T00:15:30.553847Z"",""no_price_dollars"":""0.5600"",""taker_side"":""no"",""ticker"":""KXETH15M-26APR272030-30"",""trade_id"":""5d4cb950-5e93-6f16-9cb7-ddb12121566b"",""yes_price_dollars"":""0.4400""}"
KXETH15M-26APR272030-30,3a4d5d6f-0b3f-7c0f-9992-801cc2ea6f5f,1777335331,0.43,1.0,no,"{""count_fp"":""1.00"",""created_time"":""2026-04-28T00:15:31.916402Z"",""no_price_dollars"":""0.5700"",""taker_side"":""no"",""ticker"":""KXETH15M-26APR272030-30"",""trade_id"":""3a4d5d6f-0b3f-7c0f-9992-801cc2ea6f5f"",""yes_price_dollars"":""0.4300""}"
KXETH15M-26APR272030-30,f8b1c23b-6294-7c1b-6de2-005510ee1984,1777335336,0.49,7.88,yes,"{""count_fp"":""7.88"",""created_time"":""2026-04-28T00:15:36.684364Z"",""no_price_dollars"":""0.5100"",""taker_side"":""yes"",""ticker"":""KXETH15M-26APR272030-30"",""trade_id"":""f8b1c23b-6294-7c1b-6de2-005510ee1984"",""yes_price_dollars"":""0.4900""}"
KXETH15M-26APR272030-30,96025189-9750-7168-4ec4-60f4da2523f0,1777335336,0.48,1.0,yes,"{""count_fp"":""1.00"",""created_time"":""2026-04-28T00:15:36.684364Z"",""no_price_dollars"":""0.5200"",""taker_side"":""yes"",""ticker"":""KXETH15M-26APR272030-30"",""trade_id"":""96025189-9750-7168-4ec4-60f4da2523f0"",""yes_price_dollars"":""0.4800""}"
KXETH15M-26APR272030-30,6db50184-1127-7c68-7937-3db4a82c41fe,1777335336,0.48,1.0,yes,"{""count_fp"":""1.00"",""created_time"":""2026-04-28T00:15:36.684364Z"",""no_price_dollars"":""0.5200"",""taker_side"":""yes"",""ticker"":""KXETH15M-26APR272030-30"",""trade_id"":""6db50184-1127-7c68-7937-3db4a82c41fe"",""yes_price_dollars"":""0.4800""}"
KXETH15M-26APR272030-30,5731a4ca-6abf-56bb-cf1c-db2a95a1036f,1777335339,0.45,14.1,no,"{""count_fp"":""14.10"",""created_time"":""2026-04-28T00:15:39.557231Z"",""no_price_dollars"":""0.5500"",""taker_side"":""no"",""ticker"":""KXETH15M-26APR272030-30"",""trade_id"":""5731a4ca-6abf-56bb-cf1c-db2a95a1036f"",""yes_price_dollars"":""0.4500""}"
KXETH15M-26APR272030-30,bc18fed6-9707-518b-f3a2-002b020d14cf,1777335340,0.45,1.0,no,"{""count_fp"":""1.00"",""created_time"":""2026-04-28T00:15:40.725133Z"",""no_price_dollars"":""0.5500"",""taker_side"":""no"",""ticker"":""KXETH15M-26APR272030-30"",""trade_id"":""bc18fed6-9707-518b-f3a2-002b020d14cf"",""yes_price_dollars"":""0.4500""}"
KXETH15M-26APR272030-30,7725e63a-ab1b-4c53-adc3-55cadf33830f,1777335342,0.45,9.84,no,"{""count_fp"":""9.84"",""created_time"":""2026-04-28T00:15:42.600405Z"",""no_price_dollars"":""0.5500"",""taker_side"":""no"",""ticker"":""KXETH15M-26APR272030-30"",""trade_id"":""7725e63a-ab1b-4c53-adc3-55cadf33830f"",""yes_price_dollars"":""0.4500""}"
KXETH15M-26APR272030-30,3a50a008-863f-6383-eced-873f628f2c2f,1777335344,0.47,10.57,no,"{""count_fp"":""10.57"",""created_time"":""2026-04-28T00:15:44.036194Z"",""no_price_dollars"":""0.5300"",""taker_side"":""no"",""ticker"":""KXETH15M-26APR272030-30"",""trade_id"":""3a50a008-863f-6383-eced-873f628f2c2f"",""yes_price_dollars"":""0.4700""}"
KXETH15M-26APR272030-30,35626645-c3c7-4983-da09-68ee6ed88cff,1777335345,0.47,3.52,no,"{""count_fp"":""3.52"",""created_time"":""2026-04-28T00:15:45.106271Z"",""no_price_dollars"":""0.5300"",""taker_side"":""no"",""ticker"":""KXETH15M-26APR272030-30"",""trade_id"":""35626645-c3c7-4983-da09-68ee6ed88cff"",""yes_price_dollars"":""0.4700""}"
KXETH15M-26APR272030-30,de0788d3-a680-61cd-1fc5-b5692dfd0df6,1777335349,0.5,1.0,yes,"{""count_fp"":""1.00"",""created_time"":""2026-04-28T00:15:49.337624Z"",""no_price_dollars"":""0.5000"",""taker_side"":""yes"",""ticker"":""KXETH15M-26APR272030-30"",""trade_id"":""de0788d3-a680-61cd-1fc5-b5692dfd0df6"",""yes_price_dollars"":""0.5000""}"
KXETH15M-26APR272030-30,0ab640fb-8174-4e77-d994-4c8f71c4a6c0,1777335349,0.49,0.27,yes,"{""count_fp"":""0.27"",""created_time"":""2026-04-28T00:15:49.315034Z"",""no_price_dollars"":""0.5100"",""taker_side"":""yes"",""ticker"":""KXETH15M-26APR272030-30"",""trade_id"":""0ab640fb-8174-4e77-d994-4c8f71c4a6c0"",""yes_price_dollars"":""0.4900""}"
KXETH15M-26APR272030-30,c3d39070-c527-6374-35cc-0edaf090a569,1777335351,0.51,10.0,no,"{""count_fp"":""10.00"",""created_time"":""2026-04-28T00:15:51.485886Z"",""no_price_dollars"":""0.4900"",""taker_side"":""no"",""ticker"":""KXETH15M-26APR272030-30"",""trade_id"":""c3d39070-c527-6374-35cc-0edaf090a569"",""yes_price_dollars"":""0.5100""}"
KXETH15M-26APR272030-30,f1b5314b-6f22-63eb-5650-7107a70351fa,1777335354,0.53,35.66,yes,"{""count_fp"":""35.66"",""created_time"":""2026-04-28T00:15:54.630755Z"",""no_price_dollars"":""0.4700"",""taker_side"":""yes"",""ticker"":""KXETH15M-26APR272030-30"",""trade_id"":""f1b5314b-6f22-63eb-5650-7107a70351fa"",""yes_price_dollars"":""0.5300""}"
KXETH15M-26APR272030-30,75835e2c-4963-6130-72f2-737eb6bd399b,1777335354,0.53,10.0,yes,"{""count_fp"":""10.00"",""created_time"":""2026-04-28T00:15:54.630755Z"",""no_price_dollars"":""0.4700"",""taker_side"":""yes"",""ticker"":""KXETH15M-26APR272030-30"",""trade_id"":""75835e2c-4963-6130-72f2-737eb6bd399b"",""yes_price_dollars"":""0.5300""}"
KXETH15M-26APR272030-30,fe5baed1-9beb-6481-8b0c-50ae18582dd8,1777335357,0.5,3.0,yes,"{""count_fp"":""3.00"",""created_time"":""2026-04-28T00:15:57.654872Z"",""no_price_dollars"":""0.5000"",""taker_side"":""yes"",""ticker"":""KXETH15M-26APR272030-30"",""trade_id"":""fe5baed1-9beb-6481-8b0c-50ae18582dd8"",""yes_price_dollars"":""0.5000""}"
KXETH15M-26APR272030-30,e2e080dc-b2bf-695e-af60-898dde78130e,1777335357,0.5,5.0,yes,"{""count_fp"":""5.00"",""created_time"":""2026-04-28T00:15:57.654872Z"",""no_price_dollars"":""0.5000"",""taker_side"":""yes"",""ticker"":""KXETH15M-26APR272030-30"",""trade_id"":""e2e080dc-b2bf-695e-af60-898dde78130e"",""yes_price_dollars"":""0.5000""}"
KXETH15M-26APR272030-30,9c6ef85a-44db-7327-1aac-da82b0d18447,1777335357,0.49,2.96,no,"{""count_fp"":""2.96"",""created_time"":""2026-04-28T00:15:57.592214Z"",""no_price_dollars"":""0.5100"",""taker_side"":""no"",""ticker"":""KXETH15M-26APR272030-30"",""trade_id"":""9c6ef85a-44db-7327-1aac-da82b0d18447"",""yes_price_dollars"":""0.4900""}"
KXETH15M-26APR272030-30,f6956cd1-e33f-491b-c9dd-c221e1527ab3,1777335357,0.49,40.0,no,"{""count_fp"":""40.00"",""created_time"":""2026-04-28T00:15:57.308325Z"",""no_price_dollars"":""0.5100"",""taker_side"":""no"",""ticker"":""KXETH15M-26APR272030-30"",""trade_id"":""f6956cd1-e33f-491b-c9dd-c221e1527ab3"",""yes_price_dollars"":""0.4900""}"
KXETH15M-26APR272030-30,8156abbf-f088-581b-68d1-5386b6c0060b,1777335358,0.5,1.0,no,"{""count_fp"":""1.00"",""created_time"":""2026-04-28T00:15:58.724481Z"",""no_price_dollars"":""0.5000"",""taker_side"":""no"",""ticker"":""KXETH15M-26APR272030-30"",""trade_id"":""8156abbf-f088-581b-68d1-5386b6c0060b"",""yes_price_dollars"":""0.5000""}"
KXETH15M-26APR272030-30,f1fcfbf7-13dd-60bb-b8f4-1589c3850b3a,1777335359,0.5,11.0,no,"{""count_fp"":""11.00"",""created_time"":""2026-04-28T00:15:59.134568Z"",""no_price_dollars"":""0.5000"",""taker_side"":""no"",""ticker"":""KXETH15M-26APR272030-30"",""trade_id"":""f1fcfbf7-13dd-60bb-b8f4-1589c3850b3a"",""yes_price_dollars"":""0.5000""}"
KXETH15M-26APR272030-30,caf7f9fa-45b4-650b-9308-44095748c32f,1777335359,0.5,1.0,no,"{""count_fp"":""1.00"",""created_time"":""2026-04-28T00:15:59.134568Z"",""no_price_dollars"":""0.5000"",""taker_side"":""no"",""ticker"":""KXETH15M-26APR272030-30"",""trade_id"":""caf7f9fa-45b4-650b-9308-44095748c32f"",""yes_price_dollars"":""0.5000""}"
KXETH15M-26APR272030-30,c1c8b015-49a6-5f8b-82ed-e66d8009c1a2,1777335361,0.53,24.0,yes,"{""count_fp"":""24.00"",""created_time"":""2026-04-28T00:16:01.410782Z"",""no_price_dollars"":""0.4700"",""taker_side"":""yes"",""ticker"":""KXETH15M-26APR272030-30"",""trade_id"":""c1c8b015-49a6-5f8b-82ed-e66d8009c1a2"",""yes_price_dollars"":""0.5300""}"
KXETH15M-26APR272030-30,a925c5d5-9c0a-543f-9022-12c1c50d9a0a,1777335361,0.53,2.0,yes,"{""count_fp"":""2.00"",""created_time"":""2026-04-28T00:16:01.410782Z"",""no_price_dollars"":""0.4700"",""taker_side"":""yes"",""ticker"":""KXETH15M-26APR272030-30"",""trade_id"":""a925c5d5-9c0a-543f-9022-12c1c50d9a0a"",""yes_price_dollars"":""0.5300""}"
KXETH15M-26APR272030-30,9a6732fe-e3c7-6d37-79af-0bc02812c5f3,1777335362,0.52,1.0,no,"{""count_fp"":""1.00"",""created_time"":""2026-04-28T00:16:02.674055Z"",""no_price_dollars"":""0.4800"",""taker_side"":""no"",""ticker"":""KXETH15M-26APR272030-30"",""trade_id"":""9a6732fe-e3c7-6d37-79af-0bc02812c5f3"",""yes_price_dollars"":""0.5200""}"
KXETH15M-26APR272030-30,d05df20b-84b3-61a7-7030-f936f7a10b23,1777335362,0.52,7.58,no,"{""count_fp"":""7.58"",""created_time"":""2026-04-28T00:16:02.467794Z"",""no_price_dollars"":""0.4800"",""taker_side"":""no"",""ticker"":""KXETH15M-26APR272030-30"",""trade_id"":""d05df20b-84b3-61a7-7030-f936f7a10b23"",""yes_price_dollars"":""0.5200""}"
KXETH15M-26APR272030-30,f508d38f-ef5b-485f-40ac-2d377610d63f,1777335363,0.52,1.0,no,"{""count_fp"":""1.00"",""created_time"":""2026-04-28T00:16:03.153816Z"",""no_price_dollars"":""0.4800"",""taker_side"":""no"",""ticker"":""KXETH15M-26APR272030-30"",""trade_id"":""f508d38f-ef5b-485f-40ac-2d377610d63f"",""yes_price_dollars"":""0.5200""}"
KXETH15M-26APR272030-30,42d52834-26a7-4053-230c-b7a6ff01b6cf,1777335367,0.55,82.06,no,"{""count_fp"":""82.06"",""created_time"":""2026-04-28T00:16:07.978558Z"",""no_price_dollars"":""0.4500"",""taker_side"":""no"",""ticker"":""KXETH15M-26APR272030-30"",""trade_id"":""42d52834-26a7-4053-230c-b7a6ff01b6cf"",""yes_price_dollars"":""0.5500""}"
KXETH15M-26APR272030-30,bbd82ed9-0259-78be-59cf-67f109ca26b8,1777335367,0.55,1.0,yes,"{""count_fp"":""1.00"",""created_time"":""2026-04-28T00:16:07.415973Z"",""no_price_dollars"":""0.4500"",""taker_side"":""yes"",""ticker"":""KXETH15M-26APR272030-30"",""trade_id"":""bbd82ed9-0259-78be-59cf-67f109ca26b8"",""yes_price_dollars"":""0.5500""}"
KXETH15M-26APR272030-30,43dc670c-e3ee-7abb-5ca1-60ce8fe4ceea,1777335367,0.56,0.34,yes,"{""count_fp"":""0.34"",""created_time"":""2026-04-28T00:16:07.415973Z"",""no_price_dollars"":""0.4400"",""taker_side"":""yes"",""ticker"":""KXETH15M-26APR272030-30"",""trade_id"":""43dc670c-e3ee-7abb-5ca1-60ce8fe4ceea"",""yes_price_dollars"":""0.5600""}"
KXETH15M-26APR272030-30,76186665-dda2-7726-a7f3-f9c08443f467,1777335368,0.59,1.0,yes,"{""count_fp"":""1.00"",""created_time"":""2026-04-28T00:16:08.997295Z"",""no_price_dollars"":""0.4100"",""taker_side"":""yes"",""ticker"":""KXETH15M-26APR272030-30"",""trade_id"":""76186665-dda2-7726-a7f3-f9c08443f467"",""yes_price_dollars"":""0.5900""}"
KXETH15M-26APR272030-30,fdda5a46-6019-5283-0c84-4c5e6b25e602,1777335374,0.6,14.31,yes,"{""count_fp"":""14.31"",""created_time"":""2026-04-28T00:16:14.920246Z"",""no_price_dollars"":""0.4000"",""taker_side"":""yes"",""ticker"":""KXETH15M-26APR272030-30"",""trade_id"":""fdda5a46-6019-5283-0c84-4c5e6b25e602"",""yes_price_dollars"":""0.6000""}"
KXETH15M-26APR272030-30,40d639f8-953e-5f4a-1721-ffe0e0962cb5,1777335374,0.6,10.0,yes,"{""count_fp"":""10.00"",""created_time"":""2026-04-28T00:16:14.920246Z"",""no_price_dollars"":""0.4000"",""taker_side"":""yes"",""ticker"":""KXETH15M-26APR272030-30"",""trade_id"":""40d639f8-953e-5f4a-1721-ffe0e0962cb5"",""yes_price_dollars"":""0.6000""}"
KXETH15M-26APR272030-30,1d57357e-b7f0-4464-d1f5-719e090e0ef5,1777335376,0.58,1.0,yes,"{""count_fp"":""1.00"",""created_time"":""2026-04-28T00:16:16.944702Z"",""no_price_dollars"":""0.4200"",""taker_side"":""yes"",""ticker"":""KXETH15M-26APR272030-30"",""trade_id"":""1d57357e-b7f0-4464-d1f5-719e090e0ef5"",""yes_price_dollars"":""0.5800""}"
KXETH15M-26APR272030-30,417d0ca2-6518-6b24-de89-c626404a9cd1,1777335376,0.58,8.1,yes,"{""count_fp"":""8.10"",""created_time"":""2026-04-28T00:16:16.800938Z"",""no_price_dollars"":""0.4200"",""taker_side"":""yes"",""ticker"":""KXETH15M-26APR272030-30"",""trade_id"":""417d0ca2-6518-6b24-de89-c626404a9cd1"",""yes_price_dollars"":""0.5800""}"
KXETH15M-26APR272030-30,16a64fce-856c-6ed2-c1b5-165ff411d59b,1777335376,0.59,81.06,yes,"{""count_fp"":""81.06"",""created_time"":""2026-04-28T00:16:16.507928Z"",""no_price_dollars"":""0.4100"",""taker_side"":""yes"",""ticker"":""KXETH15M-26APR272030-30"",""trade_id"":""16a64fce-856c-6ed2-c1b5-165ff411d59b"",""yes_price_dollars"":""0.5900""}"
KXETH15M-26APR272030-30,f4fc1300-d6d4-6c79-acf6-a22a71ff5a49,1777335377,0.58,9.76,yes,"{""count_fp"":""9.76"",""created_time"":""2026-04-28T00:16:17.854872Z"",""no_price_dollars"":""0.4200"",""taker_side"":""yes"",""ticker"":""KXETH15M-26APR272030-30"",""trade_id"":""f4fc1300-d6d4-6c79-acf6-a22a71ff5a49"",""yes_price_dollars"":""0.5800""}"
KXETH15M-26APR272030-30,e90a4889-fd47-6722-a3fd-85adaf27a262,1777335377,0.58,50.0,yes,"{""count_fp"":""50.00"",""created_time"":""2026-04-28T00:16:17.854872Z"",""no_price_dollars"":""0.4200"",""taker_side"":""yes"",""ticker"":""KXETH15M-26APR272030-30"",""trade_id"":""e90a4889-fd47-6722-a3fd-85adaf27a262"",""yes_price_dollars"":""0.5800""}"
KXETH15M-26APR272030-30,b5826234-d724-66b6-afd3-57647eb7a82b,1777335377,0.58,21.3,yes,"{""count_fp"":""21.30"",""created_time"":""2026-04-28T00:16:17.854872Z"",""no_price_dollars"":""0.4200"",""taker_side"":""yes"",""ticker"":""KXETH15M-26APR272030-30"",""trade_id"":""b5826234-d724-66b6-afd3-57647eb7a82b"",""yes_price_dollars"":""0.5800""}"
KXETH15M-26APR272030-30,fdca08fe-b648-5ce6-1aea-a2a7385131ab,1777335377,0.59,18.5,yes,"{""count_fp"":""18.50"",""created_time"":""2026-04-28T00:16:17.123256Z"",""no_price_dollars"":""0.4100"",""taker_side"":""yes"",""ticker"":""KXETH15M-26APR272030-30"",""trade_id"":""fdca08fe-b648-5ce6-1aea-a2a7385131ab"",""yes_price_dollars"":""0.5900""}"
KXETH15M-26APR272030-30,e700c4ac-0c38-5b98-1211-5d5bacafcaed,1777335377,0.58,0.66,yes,"{""count_fp"":""0.66"",""created_time"":""2026-04-28T00:16:17.123256Z"",""no_price_dollars"":""0.4200"",""taker_side"":""yes"",""ticker"":""KXETH15M-26APR272030-30"",""trade_id"":""e700c4ac-0c38-5b98-1211-5d5bacafcaed"",""yes_price_dollars"":""0.5800""}"
KXETH15M-26APR272030-30,8344c270-ef55-5273-3d2c-1169ee32da16,1777335377,0.58,45.69,yes,"{""count_fp"":""45.69"",""created_time"":""2026-04-28T00:16:17.123256Z"",""no_price_dollars"":""0.4200"",""taker_side"":""yes"",""ticker"":""KXETH15M-26APR272030-30"",""trade_id"":""8344c270-ef55-5273-3d2c-1169ee32da16"",""yes_price_dollars"":""0.5800""}"
KXETH15M-26APR272030-30,ec85b6e2-ee73-4e39-6e0a-b0414aa01368,1777335381,0.54,6.28,no,"{""count_fp"":""6.28"",""created_time"":""2026-04-28T00:16:21.434494Z"",""no_price_dollars"":""0.4600"",""taker_side"":""no"",""ticker"":""KXETH15M-26APR272030-30"",""trade_id"":""ec85b6e2-ee73-4e39-6e0a-b0414aa01368"",""yes_price_dollars"":""0.5400""}"
KXETH15M-26APR272030-30,cd2e2f77-2bec-6f96-cc24-2c061399a71b,1777335387,0.52,6.32,yes,"{""count_fp"":""6.32"",""created_time"":""2026-04-28T00:16:27.371609Z"",""no_price_dollars"":""0.4800"",""taker_side"":""yes"",""ticker"":""KXETH15M-26APR272030-30"",""trade_id"":""cd2e2f77-2bec-6f96-cc24-2c061399a71b"",""yes_price_dollars"":""0.5200""}"
KXETH15M-26APR272030-30,a4ce8169-60e8-4e6e-0c00-9d44716af97f,1777335387,0.52,9.3,yes,"{""count_fp"":""9.30"",""created_time"":""2026-04-28T00:16:27.196285Z"",""no_price_dollars"":""0.4800"",""taker_side"":""yes"",""ticker"":""KXETH15M-26APR272030-30"",""trade_id"":""a4ce8169-60e8-4e6e-0c00-9d44716af97f"",""yes_price_dollars"":""0.5200""}"
KXETH15M-26APR272030-30,7317bff7-478a-6c66-6df5-087e3e063295,1777335389,0.49,2.0,no,"{""count_fp"":""2.00"",""created_time"":""2026-04-28T00:16:29.239152Z"",""no_price_dollars"":""0.5100"",""taker_side"":""no"",""ticker"":""KXETH15M-26APR272030-30"",""trade_id"":""7317bff7-478a-6c66-6df5-087e3e063295"",""yes_price_dollars"":""0.4900""}"
KXETH15M-26APR272030-30,36d2d6ce-d80d-736b-6d5d-65badf749ef6,1777335390,0.49,1.0,no,"{""count_fp"":""1.00"",""created_time"":""2026-04-28T00:16:30.745892Z"",""no_price_dollars"":""0.5100"",""taker_side"":""no"",""ticker"":""KXETH15M-26APR272030-30"",""trade_id"":""36d2d6ce-d80d-736b-6d5d-65badf749ef6"",""yes_price_dollars"":""0.4900""}"
KXETH15M-26APR272030-30,fb078ea7-796c-4c0c-d465-e23aee9506f8,1777335391,0.5,1.0,yes,"{""count_fp"":""1.00"",""created_time"":""2026-04-28T00:16:31.987124Z"",""no_price_dollars"":""0.5000"",""taker_side"":""yes"",""ticker"":""KXETH15M-26APR272030-30"",""trade_id"":""fb078ea7-796c-4c0c-d465-e23aee9506f8"",""yes_price_dollars"":""0.5000""}"
KXETH15M-26APR272030-30,c20caf37-5079-697b-5b1a-ee13ee3e958a,1777335391,0.49,2.0,no,"{""count_fp"":""2.00"",""created_time"":""2026-04-28T00:16:31.446529Z"",""no_price_dollars"":""0.5100"",""taker_side"":""no"",""ticker"":""KXETH15M-26APR272030-30"",""trade_id"":""c20caf37-5079-697b-5b1a-ee13ee3e958a"",""yes_price_dollars"":""0.4900""}"
KXETH15M-26APR272030-30,81a68185-453f-6c63-8a4e-bcc665168fcb,1777335392,0.5,18.95,no,"{""count_fp"":""18.95"",""created_time"":""2026-04-28T00:16:32.571426Z"",""no_price_dollars"":""0.5000"",""taker_side"":""no"",""ticker"":""KXETH15M-26APR272030-30"",""trade_id"":""81a68185-453f-6c63-8a4e-bcc665168fcb"",""yes_price_dollars"":""0.5000""}"
KXETH15M-26APR272030-30,2cbeb614-ae96-49eb-278e-852c144aca01,1777335393,0.53,2.0,no,"{""count_fp"":""2.00"",""created_time"":""2026-04-28T00:16:33.849023Z"",""no_price_dollars"":""0.4700"",""taker_side"":""no"",""ticker"":""KXETH15M-26APR272030-30"",""trade_id"":""2cbeb614-ae96-49eb-278e-852c144aca01"",""yes_price_dollars"":""0.5300""}"
KXETH15M-26APR272030-30,aa3f2468-ef3c-6400-cb36-195dbb5cee0e,1777335393,0.56,2.0,yes,"{""count_fp"":""2.00"",""created_time"":""2026-04-28T00:16:33.141143Z"",""no_price_dollars"":""0.4400"",""taker_side"":""yes"",""ticker"":""KXETH15M-26APR272030-30"",""trade_id"":""aa3f2468-ef3c-6400-cb36-195dbb5cee0e"",""yes_price_dollars"":""0.5600""}"
KXETH15M-26APR272030-30,a8afdeea-bc7a-62f4-eda9-4e95f113b28a,1777335393,0.56,3.0,yes,"{""count_fp"":""3.00"",""created_time"":""2026-04-28T00:16:33.141143Z"",""no_price_dollars"":""0.4400"",""taker_side"":""yes"",""ticker"":""KXETH15M-26APR272030-30"",""trade_id"":""a8afdeea-bc7a-62f4-eda9-4e95f113b28a"",""yes_price_dollars"":""0.5600""}"
KXETH15M-26APR272030-30,6abbe219-6d61-668e-fb01-16d79dee7d5d,1777335393,0.51,2.0,yes,"{""count_fp"":""2.00"",""created_time"":""2026-04-28T00:16:33.141143Z"",""no_price_dollars"":""0.4900"",""taker_side"":""yes"",""ticker"":""KXETH15M-26APR272030-30"",""trade_id"":""6abbe219-6d61-668e-fb01-16d79dee7d5d"",""yes_price_dollars"":""0.5100""}"
KXETH15M-26APR272030-30,253a28b0-6f37-5d9f-f120-7f9ff8965993,1777335393,0.5,9.47,no,"{""count_fp"":""9.47"",""created_time"":""2026-04-28T00:16:33.025186Z"",""no_price_dollars"":""0.5000"",""taker_side"":""no"",""ticker"":""KXETH15M-26APR272030-30"",""trade_id"":""253a28b0-6f37-5d9f-f120-7f9ff8965993"",""yes_price_dollars"":""0.5000""}"
KXETH15M-26APR272030-30,d34c8d48-c216-408d-e91e-5e0a5943bdf3,1777335395,0.58,1.0,yes,"{""count_fp"":""1.00"",""created_time"":""2026-04-28T00:16:35.126176Z"",""no_price_dollars"":""0.4200"",""taker_side"":""yes"",""ticker"":""KXETH15M-26APR272030-30"",""trade_id"":""d34c8d48-c216-408d-e91e-5e0a5943bdf3"",""yes_price_dollars"":""0.5800""}"
KXETH15M-26APR272030-30,9e01126a-84c6-4416-d76a-e65ff18bba24,1777335395,0.56,3.0,yes,"{""count_fp"":""3.00"",""created_time"":""2026-04-28T00:16:35.126176Z"",""no_price_dollars"":""0.4400"",""taker_side"":""yes"",""ticker"":""KXETH15M-26APR272030-30"",""trade_id"":""9e01126a-84c6-4416-d76a-e65ff18bba24"",""yes_price_dollars"":""0.5600""}"
KXETH15M-26APR272030-30,925d9078-4390-47d8-df6e-417a12098b2f,1777335395,0.56,3.0,yes,"{""count_fp"":""3.00"",""created_time"":""2026-04-28T00:16:35.126176Z"",""no_price_dollars"":""0.4400"",""taker_side"":""yes"",""ticker"":""KXETH15M-26APR272030-30"",""trade_id"":""925d9078-4390-47d8-df6e-417a12098b2f"",""yes_price_dollars"":""0.5600""}"
KXETH15M-26APR272030-30,7cb60d09-79dc-4da8-ec5e-472d7d41fb16,1777335395,0.56,1.0,yes,"{""count_fp"":""1.00"",""created_time"":""2026-04-28T00:16:35.126176Z"",""no_price_dollars"":""0.4400"",""taker_side"":""yes"",""ticker"":""KXETH15M-26APR272030-30"",""trade_id"":""7cb60d09-79dc-4da8-ec5e-472d7d41fb16"",""yes_price_dollars"":""0.5600""}"
KXETH15M-26APR272030-30,51b09b90-1b27-5c53-d6ee-6351a238b793,1777335396,0.58,2.0,no,"{""count_fp"":""2.00"",""created_time"":""2026-04-28T00:16:36.546062Z"",""no_price_dollars"":""0.4200"",""taker_side"":""no"",""ticker"":""KXETH15M-26APR272030-30"",""trade_id"":""51b09b90-1b27-5c53-d6ee-6351a238b793"",""yes_price_dollars"":""0.5800""}"
KXETH15M-26APR272030-30,344f7e5d-262c-5f3f-1ba5-2e3a7fa89712,1777335399,0.6,3.0,no,"{""count_fp"":""3.00"",""created_time"":""2026-04-28T00:16:39.515782Z"",""no_price_dollars"":""0.4000"",""taker_side"":""no"",""ticker"":""KXETH15M-26APR272030-30"",""trade_id"":""344f7e5d-262c-5f3f-1ba5-2e3a7fa89712"",""yes_price_dollars"":""0.6000""}"
KXETH15M-26APR272030-30,7ec03666-b4ec-716f-56f9-ebd2c6db3de3,1777335402,0.6,3.0,no,"{""count_fp"":""3.00"",""created_time"":""2026-04-28T00:16:42.774481Z"",""no_price_dollars"":""0.4000"",""taker_side"":""no"",""ticker"":""KXETH15M-26APR272030-30"",""trade_id"":""7ec03666-b4ec-716f-56f9-ebd2c6db3de3"",""yes_price_dollars"":""0.6000""}"
KXETH15M-26APR272030-30,d001559c-c75b-6ab5-66b2-3c9c215b5146,1777335403,0.64,1.0,yes,"{""count_fp"":""1.00"",""created_time"":""2026-04-28T00:16:43.817298Z"",""no_price_dollars"":""0.3600"",""taker_side"":""yes"",""ticker"":""KXETH15M-26APR272030-30"",""trade_id"":""d001559c-c75b-6ab5-66b2-3c9c215b5146"",""yes_price_dollars"":""0.6400""}"
KXETH15M-26APR272030-30,537bec00-63bb-57fb-9ae5-fbf29da62ba0,1777335405,0.61,3.0,no,"{""count_fp"":""3.00"",""created_time"":""2026-04-28T00:16:45.799868Z"",""no_price_dollars"":""0.3900"",""taker_side"":""no"",""ticker"":""KXETH15M-26APR272030-30"",""trade_id"":""537bec00-63bb-57fb-9ae5-fbf29da62ba0"",""yes_price_dollars"":""0.6100""}"
KXETH15M-26APR272030-30,2c143fc7-606f-6961-3786-7fd8175569fe,1777335407,0.64,30.48,yes,"{""count_fp"":""30.48"",""created_time"":""2026-04-28T00:16:47.337304Z"",""no_price_dollars"":""0.3600"",""taker_side"":""yes"",""ticker"":""KXETH15M-26APR272030-30"",""trade_id"":""2c143fc7-606f-6961-3786-7fd8175569fe"",""yes_price_dollars"":""0.6400""}"
KXETH15M-26APR272030-30,9aa9be83-eb0f-7b93-8d45-4f3d4a9e159b,1777335409,0.64,3.0,no,"{""count_fp"":""3.00"",""created_time"":""2026-04-28T00:16:49.915054Z"",""no_price_dollars"":""0.3600"",""taker_side"":""no"",""ticker"":""KXETH15M-26APR272030-30"",""trade_id"":""9aa9be83-eb0f-7b93-8d45-4f3d4a9e159b"",""yes_price_dollars"":""0.6400""}"
KXETH15M-26APR272030-30,a319c5d0-bf8f-7cef-f163-1e68d8513367,1777335409,0.64,4.0,no,"{""count_fp"":""4.00"",""created_time"":""2026-04-28T00:16:49.671554Z"",""no_price_dollars"":""0.3600"",""taker_side"":""no"",""ticker"":""KXETH15M-26APR272030-30"",""trade_id"":""a319c5d0-bf8f-7cef-f163-1e68d8513367"",""yes_price_dollars"":""0.6400""}"
KXETH15M-26APR272030-30,90fc40af-0383-7d87-f203-9c153c68a277,1777335409,0.64,27.0,no,"{""count_fp"":""27.00"",""created_time"":""2026-04-28T00:16:49.594601Z"",""no_price_dollars"":""0.3600"",""taker_side"":""no"",""ticker"":""KXETH15M-26APR272030-30"",""trade_id"":""90fc40af-0383-7d87-f203-9c153c68a277"",""yes_price_dollars"":""0.6400""}"
KXETH15M-26APR272030-30,85b7284e-a097-60c7-3aca-68d879de76b6,1777335409,0.64,10.0,no,"{""count_fp"":""10.00"",""created_time"":""2026-04-28T00:16:49.480103Z"",""no_price_dollars"":""0.3600"",""taker_side"":""no"",""ticker"":""KXETH15M-26APR272030-30"",""trade_id"":""85b7284e-a097-60c7-3aca-68d879de76b6"",""yes_price_dollars"":""0.6400""}"
KXETH15M-26APR272030-30,62e139f3-fb8d-69ed-37ff-3249b2919910,1777335409,0.64,5.0,no,"{""count_fp"":""5.00"",""created_time"":""2026-04-28T00:16:49.480103Z"",""no_price_dollars"":""0.3600"",""taker_side"":""no"",""ticker"":""KXETH15M-26APR272030-30"",""trade_id"":""62e139f3-fb8d-69ed-37ff-3249b2919910"",""yes_price_dollars"":""0.6400""}"
KXETH15M-26APR272030-30,379762d6-0a8f-68f7-2691-0fe8d98e574b,1777335409,0.64,107.95,no,"{""count_fp"":""107.95"",""created_time"":""2026-04-28T00:16:49.480103Z"",""no_price_dollars"":""0.3600"",""taker_side"":""no"",""ticker"":""KXETH15M-26APR272030-30"",""trade_id"":""379762d6-0a8f-68f7-2691-0fe8d98e574b"",""yes_price_dollars"":""0.6400""}"
KXETH15M-26APR272030-30,790c83f4-d09c-7f0c-91e9-db3dea15a9dc,1777335410,0.65,1.0,yes,"{""count_fp"":""1.00"",""created_time"":""2026-04-28T00:16:50.861493Z"",""no_price_dollars"":""0.3500"",""taker_side"":""yes"",""ticker"":""KXETH15M-26APR272030-30"",""trade_id"":""790c83f4-d09c-7f0c-91e9-db3dea15a9dc"",""yes_price_dollars"":""0.6500""}"
KXETH15M-26APR272030-30,85906f6d-cc7b-77d1-467a-df0fb8eef4ba,1777335411,0.65,5.76,yes,"{""count_fp"":""5.76"",""created_time"":""2026-04-28T00:16:51.722042Z"",""no_price_dollars"":""0.3500"",""taker_side"":""yes"",""ticker"":""KXETH15M-26APR272030-30"",""trade_id"":""85906f6d-cc7b-77d1-467a-df0fb8eef4ba"",""yes_price_dollars"":""0.6500""}"
KXETH15M-26APR272030-30,5278b686-d32c-7e68-588d-f40739c7acf0,1777335411,0.65,39.0,yes,"{""count_fp"":""39.00"",""created_time"":""2026-04-28T00:16:51.722042Z"",""no_price_dollars"":""0.3500"",""taker_side"":""yes"",""ticker"":""KXETH15M-26APR272030-30"",""trade_id"":""5278b686-d32c-7e68-588d-f40739c7acf0"",""yes_price_dollars"":""0.6500""}"
KXETH15M-26APR272030-30,36be9702-0a97-44aa-a7bb-e2a46402b7a6,1777335415,0.68,5.0,yes,"{""count_fp"":""5.00"",""created_time"":""2026-04-28T00:16:55.395707Z"",""no_price_dollars"":""0.3200"",""taker_side"":""yes"",""ticker"":""KXETH15M-26APR272030-30"",""trade_id"":""36be9702-0a97-44aa-a7bb-e2a46402b7a6"",""yes_price_dollars"":""0.6800""}"
KXETH15M-26APR272030-30,dc23eaf4-5a5d-64a7-7f9d-d32ad0ec2163,1777335415,0.65,0.79,no,"{""count_fp"":""0.79"",""created_time"":""2026-04-28T00:16:55.308277Z"",""no_price_dollars"":""0.3500"",""taker_side"":""no"",""ticker"":""KXETH15M-26APR272030-30"",""trade_id"":""dc23eaf4-5a5d-64a7-7f9d-d32ad0ec2163"",""yes_price_dollars"":""0.6500""}"
KXETH15M-26APR272030-30,3164a196-9a1f-4c6d-2335-43953d85cb6e,1777335416,0.68,1.0,yes,"{""count_fp"":""1.00"",""created_time"":""2026-04-28T00:16:56.667183Z"",""no_price_dollars"":""0.3200"",""taker_side"":""yes"",""ticker"":""KXETH15M-26APR272030-30"",""trade_id"":""3164a196-9a1f-4c6d-2335-43953d85cb6e"",""yes_price_dollars"":""0.6800""}"
KXETH15M-26APR272030-30,9f18543e-23d1-659f-6b03-8fbb8e496baa,1777335417,0.65,100.0,no,"{""count_fp"":""100.00"",""created_time"":""2026-04-28T00:16:57.760913Z"",""no_price_dollars"":""0.3500"",""taker_side"":""no"",""ticker"":""KXETH15M-26APR272030-30"",""trade_id"":""9f18543e-23d1-659f-6b03-8fbb8e496baa"",""yes_price_dollars"":""0.6500""}"
KXETH15M-26APR272030-30,53c53b21-0f26-6259-4cf5-3345b60e3187,1777335417,0.65,10.0,no,"{""count_fp"":""10.00"",""created_time"":""2026-04-28T00:16:57.760913Z"",""no_price_dollars"":""0.3500"",""taker_side"":""no"",""ticker"":""KXETH15M-26APR272030-30"",""trade_id"":""53c53b21-0f26-6259-4cf5-3345b60e3187"",""yes_price_dollars"":""0.6500""}"
KXETH15M-26APR272030-30,02dbc370-bd9b-65e1-f3cb-7e7166f25aaa,1777335417,0.68,1.0,yes,"{""count_fp"":""1.00"",""created_time"":""2026-04-28T00:16:57.125503Z"",""no_price_dollars"":""0.3200"",""taker_side"":""yes"",""ticker"":""KXETH15M-26APR272030-30"",""trade_id"":""02dbc370-bd9b-65e1-f3cb-7e7166f25aaa"",""yes_price_dollars"":""0.6800""}"
KXETH15M-26APR272030-30,c9fde8af-c7f8-5140-54f5-d7d34a8d7490,1777335420,0.68,16.0,yes,"{""count_fp"":""16.00"",""created_time"":""2026-04-28T00:17:00.779471Z"",""no_price_dollars"":""0.3200"",""taker_side"":""yes"",""ticker"":""KXETH15M-26APR272030-30"",""trade_id"":""c9fde8af-c7f8-5140-54f5-d7d34a8d7490"",""yes_price_dollars"":""0.6800""}"
KXETH15M-26APR272030-30,41273e8c-2bdc-51ac-bad2-9482b6a94c88,1777335420,0.68,50.0,yes,"{""count_fp"":""50.00"",""created_time"":""2026-04-28T00:17:00.772238Z"",""no_price_dollars"":""0.3200"",""taker_side"":""yes"",""ticker"":""KXETH15M-26APR272030-30"",""trade_id"":""41273e8c-2bdc-51ac-bad2-9482b6a94c88"",""yes_price_dollars"":""0.6800""}"
KXETH15M-26APR272030-30,07985f44-40b7-4825-bb7f-e1ac64bc5b2a,1777335420,0.67,20.0,yes,"{""count_fp"":""20.00"",""created_time"":""2026-04-28T00:17:00.747998Z"",""no_price_dollars"":""0.3300"",""taker_side"":""yes"",""ticker"":""KXETH15M-26APR272030-30"",""trade_id"":""07985f44-40b7-4825-bb7f-e1ac64bc5b2a"",""yes_price_dollars"":""0.6700""}"
KXETH15M-26APR272030-30,8074b460-c333-579d-34d7-381451ff9c42,1777335420,0.65,0.76,yes,"{""count_fp"":""0.76"",""created_time"":""2026-04-28T00:17:00.725546Z"",""no_price_dollars"":""0.3500"",""taker_side"":""yes"",""ticker"":""KXETH15M-26APR272030-30"",""trade_id"":""8074b460-c333-579d-34d7-381451ff9c42"",""yes_price_dollars"":""0.6500""}"
KXETH15M-26APR272030-30,402e317b-a923-6989-fcee-726fcae48ee2,1777335420,0.65,20.0,yes,"{""count_fp"":""20.00"",""created_time"":""2026-04-28T00:17:00.716666Z"",""no_price_dollars"":""0.3500"",""taker_side"":""yes"",""ticker"":""KXETH15M-26APR272030-30"",""trade_id"":""402e317b-a923-6989-fcee-726fcae48ee2"",""yes_price_dollars"":""0.6500""}"
KXETH15M-26APR272030-30,2e81ee6a-457f-63d3-c26f-a0134409083c,1777335420,0.65,10.0,yes,"{""count_fp"":""10.00"",""created_time"":""2026-04-28T00:17:00.716666Z"",""no_price_dollars"":""0.3500"",""taker_side"":""yes"",""ticker"":""KXETH15M-26APR272030-30"",""trade_id"":""2e81ee6a-457f-63d3-c26f-a0134409083c"",""yes_price_dollars"":""0.6500""}"
KXETH15M-26APR272030-30,f3e54aed-d635-79a7-779f-9a7427aa1e33,1777335422,0.68,13.0,no,"{""count_fp"":""13.00"",""created_time"":""2026-04-28T00:17:02.654872Z"",""no_price_dollars"":""0.3200"",""taker_side"":""no"",""ticker"":""KXETH15M-26APR272030-30"",""trade_id"":""f3e54aed-d635-79a7-779f-9a7427aa1e33"",""yes_price_dollars"":""0.6800""}"
KXETH15M-26APR272030-30,37bced24-1edf-7b36-7115-4baf0d94c542,1777335422,0.68,3.0,no,"{""count_fp"":""3.00"",""created_time"":""2026-04-28T00:17:02.654872Z"",""no_price_dollars"":""0.3200"",""taker_side"":""no"",""ticker"":""KXETH15M-26APR272030-30"",""trade_id"":""37bced24-1edf-7b36-7115-4baf0d94c542"",""yes_price_dollars"":""0.6800""}"
KXETH15M-26APR272030-30,ff163323-e73b-4b49-9005-aa9e416d758c,1777335428,0.68,29.83,no,"{""count_fp"":""29.83"",""created_time"":""2026-04-28T00:17:08.138749Z"",""no_price_dollars"":""0.3200"",""taker_side"":""no"",""ticker"":""KXETH15M-26APR272030-30"",""trade_id"":""ff163323-e73b-4b49-9005-aa9e416d758c"",""yes_price_dollars"":""0.6800""}"
KXETH15M-26APR272030-30,68c85fff-83a3-7317-0d21-d6ee29851aa1,1777335429,0.7,5.0,yes,"{""count_fp"":""5.00"",""created_time"":""2026-04-28T00:17:09.341686Z"",""no_price_dollars"":""0.3000"",""taker_side"":""yes"",""ticker"":""KXETH15M-26APR272030-30"",""trade_id"":""68c85fff-83a3-7317-0d21-d6ee29851aa1"",""yes_price_dollars"":""0.7000""}"
KXETH15M-26APR272030-30,ce4a4d80-0453-4c6b-3941-1597f6071153,1777335430,0.71,3.07,no,"{""count_fp"":""3.07"",""created_time"":""2026-04-28T00:17:10.919019Z"",""no_price_dollars"":""0.2900"",""taker_side"":""no"",""ticker"":""KXETH15M-26APR272030-30"",""trade_id"":""ce4a4d80-0453-4c6b-3941-1597f6071153"",""yes_price_dollars"":""0.7100""}"
KXETH15M-26APR272030-30,601d495d-48a3-40c1-7c1d-92ab962b940c,1777335437,0.72,54.85,no,"{""count_fp"":""54.85"",""created_time"":""2026-04-28T00:17:17.871441Z"",""no_price_dollars"":""0.2800"",""taker_side"":""no"",""ticker"":""KXETH15M-26APR272030-30"",""trade_id"":""601d495d-48a3-40c1-7c1d-92ab962b940c"",""yes_price_dollars"":""0.7200""}"
KXETH15M-26APR272030-30,5c73e93f-4670-4c7c-6786-f996f70a51a7,1777335437,0.72,10.0,no,"{""count_fp"":""10.00"",""created_time"":""2026-04-28T00:17:17.871441Z"",""no_price_dollars"":""0.2800"",""taker_side"":""no"",""ticker"":""KXETH15M-26APR272030-30"",""trade_id"":""5c73e93f-4670-4c7c-6786-f996f70a51a7"",""yes_price_dollars"":""0.7200""}"
KXETH15M-26APR272030-30,83626073-352b-4c75-7db7-b63f1093288c,1777335440,0.71,4.92,no,"{""count_fp"":""4.92"",""created_time"":""2026-04-28T00:17:20.997078Z"",""no_price_dollars"":""0.2900"",""taker_side"":""no"",""ticker"":""KXETH15M-26APR272030-30"",""trade_id"":""83626073-352b-4c75-7db7-b63f1093288c"",""yes_price_dollars"":""0.7100""}"
KXETH15M-26APR272030-30,70626776-5aa4-494d-6531-da96af69d26a,1777335440,0.71,3.0,no,"{""count_fp"":""3.00"",""created_time"":""2026-04-28T00:17:20.997078Z"",""no_price_dollars"":""0.2900"",""taker_side"":""no"",""ticker"":""KXETH15M-26APR272030-30"",""trade_id"":""70626776-5aa4-494d-6531-da96af69d26a"",""yes_price_dollars"":""0.7100""}"
KXETH15M-26APR272030-30,0bcdad4c-6da3-42a3-6d5d-cdd91e2e03ab,1777335440,0.71,1.93,no,"{""count_fp"":""1.93"",""created_time"":""2026-04-28T00:17:20.997078Z"",""no_price_dollars"":""0.2900"",""taker_side"":""no"",""ticker"":""KXETH15M-26APR272030-30"",""trade_id"":""0bcdad4c-6da3-42a3-6d5d-cdd91e2e03ab"",""yes_price_dollars"":""0.7100""}"
KXETH15M-26APR272030-30,da2fb2b0-f2d1-4eaa-fee6-9db799e43277,1777335441,0.74,8.79,yes,"{""count_fp"":""8.79"",""created_time"":""2026-04-28T00:17:21.566123Z"",""no_price_dollars"":""0.2600"",""taker_side"":""yes"",""ticker"":""KXETH15M-26APR272030-30"",""trade_id"":""da2fb2b0-f2d1-4eaa-fee6-9db799e43277"",""yes_price_dollars"":""0.7400""}"
KXETH15M-26APR272030-30,70415544-ae11-44de-c392-5a4051fc5a0c,1777335441,0.74,59.68,yes,"{""count_fp"":""59.68"",""created_time"":""2026-04-28T00:17:21.566123Z"",""no_price_dollars"":""0.2600"",""taker_side"":""yes"",""ticker"":""KXETH15M-26APR272030-30"",""trade_id"":""70415544-ae11-44de-c392-5a4051fc5a0c"",""yes_price_dollars"":""0.7400""}"
KXETH15M-26APR272030-30,036baacb-b37d-512f-7245-46c863c40297,1777335444,0.73,6.63,yes,"{""count_fp"":""6.63"",""created_time"":""2026-04-28T00:17:24.766315Z"",""no_price_dollars"":""0.2700"",""taker_side"":""yes"",""ticker"":""KXETH15M-26APR272030-30"",""trade_id"":""036baacb-b37d-512f-7245-46c863c40297"",""yes_price_dollars"":""0.7300""}"
KXETH15M-26APR272030-30,8360c780-a17b-43b9-3278-7876f2bebd08,1777335445,0.7,21.77,no,"{""count_fp"":""21.77"",""created_time"":""2026-04-28T00:17:25.099876Z"",""no_price_dollars"":""0.3000"",""taker_side"":""no"",""ticker"":""KXETH15M-26APR272030-30"",""trade_id"":""8360c780-a17b-43b9-3278-7876f2bebd08"",""yes_price_dollars"":""0.7000""}"
KXETH15M-26APR272030-30,4d0879af-cd66-4f3b-25aa-3ffa4e92c032,1777335445,0.7,10.0,no,"{""count_fp"":""10.00"",""created_time"":""2026-04-28T00:17:25.099876Z"",""no_price_dollars"":""0.3000"",""taker_side"":""no"",""ticker"":""KXETH15M-26APR272030-30"",""trade_id"":""4d0879af-cd66-4f3b-25aa-3ffa4e92c032"",""yes_price_dollars"":""0.7000""}"
KXETH15M-26APR272030-30,708accbb-7b12-7d8f-9ac5-35d870aef536,1777335449,0.74,10.0,yes,"{""count_fp"":""10.00"",""created_time"":""2026-04-28T00:17:29.591596Z"",""no_price_dollars"":""0.2600"",""taker_side"":""yes"",""ticker"":""KXETH15M-26APR272030-30"",""trade_id"":""708accbb-7b12-7d8f-9ac5-35d870aef536"",""yes_price_dollars"":""0.7400""}"
KXETH15M-26APR272030-30,c23de6af-2e36-6804-da7c-ef49a0a1f28d,1777335453,0.73,5.0,no,"{""count_fp"":""5.00"",""created_time"":""2026-04-28T00:17:33.178851Z"",""no_price_dollars"":""0.2700"",""taker_side"":""no"",""ticker"":""KXETH15M-26APR272030-30"",""trade_id"":""c23de6af-2e36-6804-da7c-ef49a0a1f28d"",""yes_price_dollars"":""0.7300""}"
KXETH15M-26APR272030-30,c785aad9-3bc7-77dd-e3e8-5b6138284bbc,1777335455,0.73,35.0,no,"{""count_fp"":""35.00"",""created_time"":""2026-04-28T00:17:35.660281Z"",""no_price_dollars"":""0.2700"",""taker_side"":""no"",""ticker"":""KXETH15M-26APR272030-30"",""trade_id"":""c785aad9-3bc7-77dd-e3e8-5b6138284bbc"",""yes_price_dollars"":""0.7300""}"
KXETH15M-26APR272030-30,c3c1963e-38f6-7520-d66f-079daac17169,1777335455,0.73,5.0,no,"{""count_fp"":""5.00"",""created_time"":""2026-04-28T00:17:35.660281Z"",""no_price_dollars"":""0.2700"",""taker_side"":""no"",""ticker"":""KXETH15M-26APR272030-30"",""trade_id"":""c3c1963e-38f6-7520-d66f-079daac17169"",""yes_price_dollars"":""0.7300""}"
KXETH15M-26APR272030-30,df0b8344-88d3-6fb3-1491-0e96049e6bdf,1777335459,0.75,6.0,yes,"{""count_fp"":""6.00"",""created_time"":""2026-04-28T00:17:39.408034Z"",""no_price_dollars"":""0.2500"",""taker_side"":""yes"",""ticker"":""KXETH15M-26APR272030-30"",""trade_id"":""df0b8344-88d3-6fb3-1491-0e96049e6bdf"",""yes_price_dollars"":""0.7500""}"
KXETH15M-26APR272030-30,f9d7ef4f-e729-64a6-d90a-e508a00a9ed3,1777335467,0.73,3.88,yes,"{""count_fp"":""3.88"",""created_time"":""2026-04-28T00:17:47.182887Z"",""no_price_dollars"":""0.2700"",""taker_side"":""yes"",""ticker"":""KXETH15M-26APR272030-30"",""trade_id"":""f9d7ef4f-e729-64a6-d90a-e508a00a9ed3"",""yes_price_dollars"":""0.7300""}"
KXETH15M-26APR272030-30,f3f89e42-98ad-72ea-475b-d77b9692e89c,1777335467,0.72,4.48,yes,"{""count_fp"":""4.48"",""created_time"":""2026-04-28T00:17:47.178313Z"",""no_price_dollars"":""0.2800"",""taker_side"":""yes"",""ticker"":""KXETH15M-26APR272030-30"",""trade_id"":""f3f89e42-98ad-72ea-475b-d77b9692e89c"",""yes_price_dollars"":""0.7200""}"
KXETH15M-26APR272030-30,5801bc66-cfc6-741b-7954-da60d3069ef3,1777335467,0.72,10.0,yes,"{""count_fp"":""10.00"",""created_time"":""2026-04-28T00:17:47.178313Z"",""no_price_dollars"":""0.2800"",""taker_side"":""yes"",""ticker"":""KXETH15M-26APR272030-30"",""trade_id"":""5801bc66-cfc6-741b-7954-da60d3069ef3"",""yes_price_dollars"":""0.7200""}"
KXETH15M-26APR272030-30,1ea6ade7-2465-7ebe-4922-27afb1a4ce9f,1777335467,0.73,11.67,yes,"{""count_fp"":""11.67"",""created_time"":""2026-04-28T00:17:47.178313Z"",""no_price_dollars"":""0.2700"",""taker_side"":""yes"",""ticker"":""KXETH15M-26APR272030-30"",""trade_id"":""1ea6ade7-2465-7ebe-4922-27afb1a4ce9f"",""yes_price_dollars"":""0.7300""}"
KXETH15M-26APR272030-30,ee196b34-e3da-428d-d078-5de9bc3ce623,1777335469,0.68,1.93,no,"{""count_fp"":""1.93"",""created_time"":""2026-04-28T00:17:49.326515Z"",""no_price_dollars"":""0.3200"",""taker_side"":""no"",""ticker"":""KXETH15M-26APR272030-30"",""trade_id"":""ee196b34-e3da-428d-d078-5de9bc3ce623"",""yes_price_dollars"":""0.6800""}"
KXETH15M-26APR272030-30,b92db549-78b9-4939-c076-ff6c78e8b937,1777335469,0.68,10.0,no,"{""count_fp"":""10.00"",""created_time"":""2026-04-28T00:17:49.326515Z"",""no_price_dollars"":""0.3200"",""taker_side"":""no"",""ticker"":""KXETH15M-26APR272030-30"",""trade_id"":""b92db549-78b9-4939-c076-ff6c78e8b937"",""yes_price_dollars"":""0.6800""}"
KXETH15M-26APR272030-30,aa34a16a-7232-5140-f7a7-10818faa1d4f,1777335474,0.7,10.0,yes,"{""count_fp"":""10.00"",""created_time"":""2026-04-28T00:17:54.263402Z"",""no_price_dollars"":""0.3000"",""taker_side"":""yes"",""ticker"":""KXETH15M-26APR272030-30"",""trade_id"":""aa34a16a-7232-5140-f7a7-10818faa1d4f"",""yes_price_dollars"":""0.7000""}"
KXETH15M-26APR272030-30,3bb1753c-7649-539e-fb5a-9b8aacd38493,1777335474,0.7,435.15,yes,"{""count_fp"":""435.15"",""created_time"":""2026-04-28T00:17:54.263402Z"",""no_price_dollars"":""0.3000"",""taker_side"":""yes"",""ticker"":""KXETH15M-26APR272030-30"",""trade_id"":""3bb1753c-7649-539e-fb5a-9b8aacd38493"",""yes_price_dollars"":""0.7000""}"
KXETH15M-26APR272030-30,783f6ca8-1a2f-540f-b834-c39939c100f3,1777335477,0.69,1.0,yes,"{""count_fp"":""1.00"",""created_time"":""2026-04-28T00:17:57.487386Z"",""no_price_dollars"":""0.3100"",""taker_side"":""yes"",""ticker"":""KXETH15M-26APR272030-30"",""trade_id"":""783f6ca8-1a2f-540f-b834-c39939c100f3"",""yes_price_dollars"":""0.6900""}"
KXETH15M-26APR272030-30,df641a07-3ee9-62fa-fe95-58aed3108bb7,1777335477,0.7,6.72,yes,"{""count_fp"":""6.72"",""created_time"":""2026-04-28T00:17:57.108244Z"",""no_price_dollars"":""0.3000"",""taker_side"":""yes"",""ticker"":""KXETH15M-26APR272030-30"",""trade_id"":""df641a07-3ee9-62fa-fe95-58aed3108bb7"",""yes_price_dollars"":""0.7000""}"
KXETH15M-26APR272030-30,427020b1-8f63-431d-ebe8-fe92d4147f04,1777335481,0.66,1.0,no,"{""count_fp"":""1.00"",""created_time"":""2026-04-28T00:18:01.361893Z"",""no_price_dollars"":""0.3400"",""taker_side"":""no"",""ticker"":""KXETH15M-26APR272030-30"",""trade_id"":""427020b1-8f63-431d-ebe8-fe92d4147f04"",""yes_price_dollars"":""0.6600""}"
KXETH15M-26APR272030-30,93974e4a-b128-5cc2-16b5-fd3877c000b4,1777335484,0.67,10.0,yes,"{""count_fp"":""10.00"",""created_time"":""2026-04-28T00:18:04.142754Z"",""no_price_dollars"":""0.3300"",""taker_side"":""yes"",""ticker"":""KXETH15M-26APR272030-30"",""trade_id"":""93974e4a-b128-5cc2-16b5-fd3877c000b4"",""yes_price_dollars"":""0.6700""}"
KXETH15M-26APR272030-30,54dd3a99-ffe9-54a2-3914-d7ad621c5b10,1777335484,0.68,2.0,yes,"{""count_fp"":""2.00"",""created_time"":""2026-04-28T00:18:04.142754Z"",""no_price_dollars"":""0.3200"",""taker_side"":""yes"",""ticker"":""KXETH15M-26APR272030-30"",""trade_id"":""54dd3a99-ffe9-54a2-3914-d7ad621c5b10"",""yes_price_dollars"":""0.6800""}"
KXETH15M-26APR272030-30,0218882a-be55-5e0e-2413-85389f002a7f,1777335489,0.68,20.0,yes,"{""count_fp"":""20.00"",""created_time"":""2026-04-28T00:18:09.938276Z"",""no_price_dollars"":""0.3200"",""taker_side"":""yes"",""ticker"":""KXETH15M-26APR272030-30"",""trade_id"":""0218882a-be55-5e0e-2413-85389f002a7f"",""yes_price_dollars"":""0.6800""}"
KXETH15M-26APR272030-30,25e21a66-48f7-5e89-c28e-023d3c14c52c,1777335489,0.66,6.72,no,"{""count_fp"":""6.72"",""created_time"":""2026-04-28T00:18:09.239084Z"",""no_price_dollars"":""0.3400"",""taker_side"":""no"",""ticker"":""KXETH15M-26APR272030-30"",""trade_id"":""25e21a66-48f7-5e89-c28e-023d3c14c52c"",""yes_price_dollars"":""0.6600""}"
KXETH15M-26APR272030-30,1738a16d-020e-4769-fede-4cafba053517,1777335495,0.67,1.0,yes,"{""count_fp"":""1.00"",""created_time"":""2026-04-28T00:18:15.880944Z"",""no_price_dollars"":""0.3300"",""taker_side"":""yes"",""ticker"":""KXETH15M-26APR272030-30"",""trade_id"":""1738a16d-020e-4769-fede-4cafba053517"",""yes_price_dollars"":""0.6700""}"
KXETH15M-26APR272030-30,aa889f20-46ff-5fdd-c24f-cb51fbb5ba98,1777335497,0.66,1.0,no,"{""count_fp"":""1.00"",""created_time"":""2026-04-28T00:18:17.453184Z"",""no_price_dollars"":""0.3400"",""taker_side"":""no"",""ticker"":""KXETH15M-26APR272030-30"",""trade_id"":""aa889f20-46ff-5fdd-c24f-cb51fbb5ba98"",""yes_price_dollars"":""0.6600""}"
KXETH15M-26APR272030-30,4b883a8a-ad22-4341-b2dd-06ff4799fc79,1777335501,0.68,1.41,yes,"{""count_fp"":""1.41"",""created_time"":""2026-04-28T00:18:21.798888Z"",""no_price_dollars"":""0.3200"",""taker_side"":""yes"",""ticker"":""KXETH15M-26APR272030-30"",""trade_id"":""4b883a8a-ad22-4341-b2dd-06ff4799fc79"",""yes_price_dollars"":""0.6800""}"
KXETH15M-26APR272030-30,676d086b-f3e7-42d1-0804-24502569bccc,1777335507,0.66,14.05,no,"{""count_fp"":""14.05"",""created_time"":""2026-04-28T00:18:27.416615Z"",""no_price_dollars"":""0.3400"",""taker_side"":""no"",""ticker"":""KXETH15M-26APR272030-30"",""trade_id"":""676d086b-f3e7-42d1-0804-24502569bccc"",""yes_price_dollars"":""0.6600""}"
KXETH15M-26APR272030-30,b5de364f-b123-6c89-d5d2-fd3286e79f98,1777335508,0.66,10.0,no,"{""count_fp"":""10.00"",""created_time"":""2026-04-28T00:18:28.964775Z"",""no_price_dollars"":""0.3400"",""taker_side"":""no"",""ticker"":""KXETH15M-26APR272030-30"",""trade_id"":""b5de364f-b123-6c89-d5d2-fd3286e79f98"",""yes_price_dollars"":""0.6600""}"
KXETH15M-26APR272030-30,1265d209-ec8f-6e59-1f22-5115e5facccc,1777335508,0.66,3.0,no,"{""count_fp"":""3.00"",""created_time"":""2026-04-28T00:18:28.815084Z"",""no_price_dollars"":""0.3400"",""taker_side"":""no"",""ticker"":""KXETH15M-26APR272030-30"",""trade_id"":""1265d209-ec8f-6e59-1f22-5115e5facccc"",""yes_price_dollars"":""0.6600""}"
KXETH15M-26APR272030-30,207efe4a-a7cb-7a79-138b-bec2616858a4,1777335508,0.66,104.0,no,"{""count_fp"":""104.00"",""created_time"":""2026-04-28T00:18:28.260276Z"",""no_price_dollars"":""0.3400"",""taker_side"":""no"",""ticker"":""KXETH15M-26APR272030-30"",""trade_id"":""207efe4a-a7cb-7a79-138b-bec2616858a4"",""yes_price_dollars"":""0.6600""}"
KXETH15M-26APR272030-30,8b4fcce9-4937-668d-c2ff-db74622e2d60,1777335508,0.66,5.0,no,"{""count_fp"":""5.00"",""created_time"":""2026-04-28T00:18:28.239068Z"",""no_price_dollars"":""0.3400"",""taker_side"":""no"",""ticker"":""KXETH15M-26APR272030-30"",""trade_id"":""8b4fcce9-4937-668d-c2ff-db74622e2d60"",""yes_price_dollars"":""0.6600""}"
KXETH15M-26APR272030-30,a9173154-6b4d-7796-6052-c834d656f7a7,1777335509,0.67,10.0,yes,"{""count_fp"":""10.00"",""created_time"":""2026-04-28T00:18:29.885688Z"",""no_price_dollars"":""0.3300"",""taker_side"":""yes"",""ticker"":""KXETH15M-26APR272030-30"",""trade_id"":""a9173154-6b4d-7796-6052-c834d656f7a7"",""yes_price_dollars"":""0.6700""}"
KXETH15M-26APR272030-30,1f2046a7-15a7-6489-d46e-71f68dbf9660,1777335509,0.66,10.0,no,"{""count_fp"":""10.00"",""created_time"":""2026-04-28T00:18:29.177429Z"",""no_price_dollars"":""0.3400"",""taker_side"":""no"",""ticker"":""KXETH15M-26APR272030-30"",""trade_id"":""1f2046a7-15a7-6489-d46e-71f68dbf9660"",""yes_price_dollars"":""0.6600""}"
KXETH15M-26APR272030-30,2ad159ff-20c3-7c59-9720-be32ac2ce5d0,1777335510,0.66,26.0,no,"{""count_fp"":""26.00"",""created_time"":""2026-04-28T00:18:30.719324Z"",""no_price_dollars"":""0.3400"",""taker_side"":""no"",""ticker"":""KXETH15M-26APR272030-30"",""trade_id"":""2ad159ff-20c3-7c59-9720-be32ac2ce5d0"",""yes_price_dollars"":""0.6600""}"
KXETH15M-26APR272030-30,34ef638b-eb97-7a05-61c0-6719dfcd4658,1777335510,0.66,5.0,no,"{""count_fp"":""5.00"",""created_time"":""2026-04-28T00:18:30.050034Z"",""no_price_dollars"":""0.3400"",""taker_side"":""no"",""ticker"":""KXETH15M-26APR272030-30"",""trade_id"":""34ef638b-eb97-7a05-61c0-6719dfcd4658"",""yes_price_dollars"":""0.6600""}"
KXETH15M-26APR272030-30,7dfaccfc-5f37-5a6d-0821-e0d9eca495d0,1777335511,0.66,50.0,no,"{""count_fp"":""50.00"",""created_time"":""2026-04-28T00:18:31.765317Z"",""no_price_dollars"":""0.3400"",""taker_side"":""no"",""ticker"":""KXETH15M-26APR272030-30"",""trade_id"":""7dfaccfc-5f37-5a6d-0821-e0d9eca495d0"",""yes_price_dollars"":""0.6600""}"
KXETH15M-26APR272030-30,7d3bba84-d5e3-5a61-c44d-c2cbc1804aa8,1777335511,0.66,25.0,no,"{""count_fp"":""25.00"",""created_time"":""2026-04-28T00:18:31.548242Z"",""no_price_dollars"":""0.3400"",""taker_side"":""no"",""ticker"":""KXETH15M-26APR272030-30"",""trade_id"":""7d3bba84-d5e3-5a61-c44d-c2cbc1804aa8"",""yes_price_dollars"":""0.6600""}"
KXETH15M-26APR272030-30,0c4f89f8-a2bf-4089-e45a-8174e3927164,1777335512,0.66,75.0,no,"{""count_fp"":""75.00"",""created_time"":""2026-04-28T00:18:32.557232Z"",""no_price_dollars"":""0.3400"",""taker_side"":""no"",""ticker"":""KXETH15M-26APR272030-30"",""trade_id"":""0c4f89f8-a2bf-4089-e45a-8174e3927164"",""yes_price_dollars"":""0.6600""}"
KXETH15M-26APR272030-30,7faca968-3e63-71b1-88e0-07ad5a817138,1777335513,0.66,75.0,no,"{""count_fp"":""75.00"",""created_time"":""2026-04-28T00:18:33.880115Z"",""no_price_dollars"":""0.3400"",""taker_side"":""no"",""ticker"":""KXETH15M-26APR272030-30"",""trade_id"":""7faca968-3e63-71b1-88e0-07ad5a817138"",""yes_price_dollars"":""0.6600""}"
KXETH15M-26APR272030-30,1ff9664a-6607-7155-74a2-1fbc77b95e94,1777335513,0.66,19.0,no,"{""count_fp"":""19.00"",""created_time"":""2026-04-28T00:18:33.404646Z"",""no_price_dollars"":""0.3400"",""taker_side"":""no"",""ticker"":""KXETH15M-26APR272030-30"",""trade_id"":""1ff9664a-6607-7155-74a2-1fbc77b95e94"",""yes_price_dollars"":""0.6600""}"
KXETH15M-26APR272030-30,e9b3ecf7-4e0b-4349-9b6c-4cd7a78351b0,1777335514,0.66,8.0,no,"{""count_fp"":""8.00"",""created_time"":""2026-04-28T00:18:34.528971Z"",""no_price_dollars"":""0.3400"",""taker_side"":""no"",""ticker"":""KXETH15M-26APR272030-30"",""trade_id"":""e9b3ecf7-4e0b-4349-9b6c-4cd7a78351b0"",""yes_price_dollars"":""0.6600""}"
KXETH15M-26APR272030-30,c613f1f7-9f37-69cd-116f-d1c837037e04,1777335514,0.66,315.0,no,"{""count_fp"":""315.00"",""created_time"":""2026-04-28T00:18:34.221066Z"",""no_price_dollars"":""0.3400"",""taker_side"":""no"",""ticker"":""KXETH15M-26APR272030-30"",""trade_id"":""c613f1f7-9f37-69cd-116f-d1c837037e04"",""yes_price_dollars"":""0.6600""}"
KXETH15M-26APR272030-30,afd2cc40-0a7b-5a49-160a-f637c20e4f64,1777335516,0.66,5.62,no,"{""count_fp"":""5.62"",""created_time"":""2026-04-28T00:18:36.434572Z"",""no_price_dollars"":""0.3400"",""taker_side"":""no"",""ticker"":""KXETH15M-26APR272030-30"",""trade_id"":""afd2cc40-0a7b-5a49-160a-f637c20e4f64"",""yes_price_dollars"":""0.6600""}"
KXETH15M-26APR272030-30,56a1ec9e-8755-7f92-d201-a3291687754b,1777335517,0.67,1.0,yes,"{""count_fp"":""1.00"",""created_time"":""2026-04-28T00:18:37.860993Z"",""no_price_dollars"":""0.3300"",""taker_side"":""yes"",""ticker"":""KXETH15M-26APR272030-30"",""trade_id"":""56a1ec9e-8755-7f92-d201-a3291687754b"",""yes_price_dollars"":""0.6700""}"
KXETH15M-26APR272030-30,556fad4a-9aad-6d62-f132-194ea0b4c2a3,1777335517,0.67,7.29,yes,"{""count_fp"":""7.29"",""created_time"":""2026-04-28T00:18:37.852498Z"",""no_price_dollars"":""0.3300"",""taker_side"":""yes"",""ticker"":""KXETH15M-26APR272030-30"",""trade_id"":""556fad4a-9aad-6d62-f132-194ea0b4c2a3"",""yes_price_dollars"":""0.6700""}"
KXETH15M-26APR272030-30,22320a84-fe8b-68dd-2219-6b564c9454ac,1777335517,0.66,50.0,no,"{""count_fp"":""50.00"",""created_time"":""2026-04-28T00:18:37.559865Z"",""no_price_dollars"":""0.3400"",""taker_side"":""no"",""ticker"":""KXETH15M-26APR272030-30"",""trade_id"":""22320a84-fe8b-68dd-2219-6b564c9454ac"",""yes_price_dollars"":""0.6600""}"
KXETH15M-26APR272030-30,fed02255-9b1e-4a2f-8cf2-44304ce1a71b,1777335518,0.66,1.0,no,"{""count_fp"":""1.00"",""created_time"":""2026-04-28T00:18:38.686805Z"",""no_price_dollars"":""0.3400"",""taker_side"":""no"",""ticker"":""KXETH15M-26APR272030-30"",""trade_id"":""fed02255-9b1e-4a2f-8cf2-44304ce1a71b"",""yes_price_dollars"":""0.6600""}"
KXETH15M-26APR272030-30,f0991f2e-6a99-43f9-b6de-0803f4e8767d,1777335518,0.66,1.0,no,"{""count_fp"":""1.00"",""created_time"":""2026-04-28T00:18:38.686805Z"",""no_price_dollars"":""0.3400"",""taker_side"":""no"",""ticker"":""KXETH15M-26APR272030-30"",""trade_id"":""f0991f2e-6a99-43f9-b6de-0803f4e8767d"",""yes_price_dollars"":""0.6600""}"
KXETH15M-26APR272030-30,f065007e-74ba-4e16-ba9b-e8c092af2fbc,1777335518,0.66,1.0,no,"{""count_fp"":""1.00"",""created_time"":""2026-04-28T00:18:38.686805Z"",""no_price_dollars"":""0.3400"",""taker_side"":""no"",""ticker"":""KXETH15M-26APR272030-30"",""trade_id"":""f065007e-74ba-4e16-ba9b-e8c092af2fbc"",""yes_price_dollars"":""0.6600""}"
KXETH15M-26APR272030-30,eb8506a4-b922-4cb0-b726-40d035153dc3,1777335518,0.66,1.0,no,"{""count_fp"":""1.00"",""created_time"":""2026-04-28T00:18:38.686805Z"",""no_price_dollars"":""0.3400"",""taker_side"":""no"",""ticker"":""KXETH15M-26APR272030-30"",""trade_id"":""eb8506a4-b922-4cb0-b726-40d035153dc3"",""yes_price_dollars"":""0.6600""}"
KXETH15M-26APR272030-30,e97657d3-cdc9-44df-acaf-9bcbed2791ba,1777335518,0.66,1.0,no,"{""count_fp"":""1.00"",""created_time"":""2026-04-28T00:18:38.686805Z"",""no_price_dollars"":""0.3400"",""taker_side"":""no"",""ticker"":""KXETH15M-26APR272030-30"",""trade_id"":""e97657d3-cdc9-44df-acaf-9bcbed2791ba"",""yes_price_dollars"":""0.6600""}"
KXETH15M-26APR272030-30,e8e18888-5d7f-4206-9cf6-7915fa121bb1,1777335518,0.66,1.0,no,"{""count_fp"":""1.00"",""created_time"":""2026-04-28T00:18:38.686805Z"",""no_price_dollars"":""0.3400"",""taker_side"":""no"",""ticker"":""KXETH15M-26APR272030-30"",""trade_id"":""e8e18888-5d7f-4206-9cf6-7915fa121bb1"",""yes_price_dollars"":""0.6600""}"
KXETH15M-26APR272030-30,de215827-0851-4a7c-9866-513b0799118a,1777335518,0.66,1.0,no,"{""count_fp"":""1.00"",""created_time"":""2026-04-28T00:18:38.686805Z"",""no_price_dollars"":""0.3400"",""taker_side"":""no"",""ticker"":""KXETH15M-26APR272030-30"",""trade_id"":""de215827-0851-4a7c-9866-513b0799118a"",""yes_price_dollars"":""0.6600""}"
KXETH15M-26APR272030-30,cd9b49b0-4488-447a-89d9-dadd2ece65f7,1777335518,0.66,1.0,no,"{""count_fp"":""1.00"",""created_time"":""2026-04-28T00:18:38.686805Z"",""no_price_dollars"":""0.3400"",""taker_side"":""no"",""ticker"":""KXETH15M-26APR272030-30"",""trade_id"":""cd9b49b0-4488-447a-89d9-dadd2ece65f7"",""yes_price_dollars"":""0.6600""}"
KXETH15M-26APR272030-30,a1af8bb7-66d7-41f8-be66-bf1c157ea030,1777335518,0.66,1.0,no,"{""count_fp"":""1.00"",""created_time"":""2026-04-28T00:18:38.686805Z"",""no_price_dollars"":""0.3400"",""taker_side"":""no"",""ticker"":""KXETH15M-26APR272030-30"",""trade_id"":""a1af8bb7-66d7-41f8-be66-bf1c157ea030"",""yes_price_dollars"":""0.6600""}"
KXETH15M-26APR272030-30,900ece62-4c43-4c91-8004-5a1cc6adbf2c,1777335518,0.66,12.06,no,"{""count_fp"":""12.06"",""created_time"":""2026-04-28T00:18:38.686805Z"",""no_price_dollars"":""0.3400"",""taker_side"":""no"",""ticker"":""KXETH15M-26APR272030-30"",""trade_id"":""900ece62-4c43-4c91-8004-5a1cc6adbf2c"",""yes_price_dollars"":""0.6600""}"
KXETH15M-26APR272030-30,82725ce0-3f50-4504-9822-64688f67d91c,1777335518,0.66,1.0,no,"{""count_fp"":""1.00"",""created_time"":""2026-04-28T00:18:38.686805Z"",""no_price_dollars"":""0.3400"",""taker_side"":""no"",""ticker"":""KXETH15M-26APR272030-30"",""trade_id"":""82725ce0-3f50-4504-9822-64688f67d91c"",""yes_price_dollars"":""0.6600""}"
KXETH15M-26APR272030-30,8251dc8a-3345-4e34-9611-3493c4f51526,1777335518,0.66,1.0,no,"{""count_fp"":""1.00"",""created_time"":""2026-04-28T00:18:38.686805Z"",""no_price_dollars"":""0.3400"",""taker_side"":""no"",""ticker"":""KXETH15M-26APR272030-30"",""trade_id"":""8251dc8a-3345-4e34-9611-3493c4f51526"",""yes_price_dollars"":""0.6600""}"
KXETH15M-26APR272030-30,75f55093-c875-4171-9b09-e5b6a790d853,1777335518,0.66,1.0,no,"{""count_fp"":""1.00"",""created_time"":""2026-04-28T00:18:38.686805Z"",""no_price_dollars"":""0.3400"",""taker_side"":""no"",""ticker"":""KXETH15M-26APR272030-30"",""trade_id"":""75f55093-c875-4171-9b09-e5b6a790d853"",""yes_price_dollars"":""0.6600""}"
KXETH15M-26APR272030-30,65b83fc2-b973-4742-872b-4b81e09a5784,1777335518,0.66,1.0,no,"{""count_fp"":""1.00"",""created_time"":""2026-04-28T00:18:38.686805Z"",""no_price_dollars"":""0.3400"",""taker_side"":""no"",""ticker"":""KXETH15M-26APR272030-30"",""trade_id"":""65b83fc2-b973-4742-872b-4b81e09a5784"",""yes_price_dollars"":""0.6600""}"
KXETH15M-26APR272030-30,5d6cd275-abc4-4733-8851-fb2243612220,1777335518,0.66,1.0,no,"{""count_fp"":""1.00"",""created_time"":""2026-04-28T00:18:38.686805Z"",""no_price_dollars"":""0.3400"",""taker_side"":""no"",""ticker"":""KXETH15M-26APR272030-30"",""trade_id"":""5d6cd275-abc4-4733-8851-fb2243612220"",""yes_price_dollars"":""0.6600""}"
KXETH15M-26APR272030-30,5682ce86-21e7-4506-95b6-b4a55f77f1c7,1777335518,0.66,1.0,no,"{""count_fp"":""1.00"",""created_time"":""2026-04-28T00:18:38.686805Z"",""no_price_dollars"":""0.3400"",""taker_side"":""no"",""ticker"":""KXETH15M-26APR272030-30"",""trade_id"":""5682ce86-21e7-4506-95b6-b4a55f77f1c7"",""yes_price_dollars"":""0.6600""}"
KXETH15M-26APR272030-30,41b0dc25-c383-4041-b9c8-df43ec1755c5,1777335518,0.66,3.94,no,"{""count_fp"":""3.94"",""created_time"":""2026-04-28T00:18:38.686805Z"",""no_price_dollars"":""0.3400"",""taker_side"":""no"",""ticker"":""KXETH15M-26APR272030-30"",""trade_id"":""41b0dc25-c383-4041-b9c8-df43ec1755c5"",""yes_price_dollars"":""0.6600""}"
KXETH15M-26APR272030-30,4184e321-0dac-4ce0-a6c8-f4016964bdd2,1777335518,0.66,1.0,no,"{""count_fp"":""1.00"",""created_time"":""2026-04-28T00:18:38.686805Z"",""no_price_dollars"":""0.3400"",""taker_side"":""no"",""ticker"":""KXETH15M-26APR272030-30"",""trade_id"":""4184e321-0dac-4ce0-a6c8-f4016964bdd2"",""yes_price_dollars"":""0.6600""}"
KXETH15M-26APR272030-30,14f076ee-c35a-4f98-a7dd-9f222bd1b5ad,1777335518,0.66,1.0,no,"{""count_fp"":""1.00"",""created_time"":""2026-04-28T00:18:38.686805Z"",""no_price_dollars"":""0.3400"",""taker_side"":""no"",""ticker"":""KXETH15M-26APR272030-30"",""trade_id"":""14f076ee-c35a-4f98-a7dd-9f222bd1b5ad"",""yes_price_dollars"":""0.6600""}"
KXETH15M-26APR272030-30,5df1e8a6-648b-7e8d-a08d-e482fdf02e59,1777335519,0.66,0.06,no,"{""count_fp"":""0.06"",""created_time"":""2026-04-28T00:18:39.791255Z"",""no_price_dollars"":""0.3400"",""taker_side"":""no"",""ticker"":""KXETH15M-26APR272030-30"",""trade_id"":""5df1e8a6-648b-7e8d-a08d-e482fdf02e59"",""yes_price_dollars"":""0.6600""}"
KXETH15M-26APR272030-30,31e1ce7a-061c-7c8b-828c-fe30b0bf43c6,1777335519,0.66,899.94,no,"{""count_fp"":""899.94"",""created_time"":""2026-04-28T00:18:39.791255Z"",""no_price_dollars"":""0.3400"",""taker_side"":""no"",""ticker"":""KXETH15M-26APR272030-30"",""trade_id"":""31e1ce7a-061c-7c8b-828c-fe30b0bf43c6"",""yes_price_dollars"":""0.6600""}"
KXETH15M-26APR272030-30,20d45d67-7093-6943-5f51-5658b043fa15,1777335521,0.65,2.0,no,"{""count_fp"":""2.00"",""created_time"":""2026-04-28T00:18:41.941517Z"",""no_price_dollars"":""0.3500"",""taker_side"":""no"",""ticker"":""KXETH15M-26APR272030-30"",""trade_id"":""20d45d67-7093-6943-5f51-5658b043fa15"",""yes_price_dollars"":""0.6500""}"
KXETH15M-26APR272030-30,685f1d4d-eb5c-5ecb-12e0-c80ff61b07d6,1777335521,0.66,0.06,no,"{""count_fp"":""0.06"",""created_time"":""2026-04-28T00:18:41.915979Z"",""no_price_dollars"":""0.3400"",""taker_side"":""no"",""ticker"":""KXETH15M-26APR272030-30"",""trade_id"":""685f1d4d-eb5c-5ecb-12e0-c80ff61b07d6"",""yes_price_dollars"":""0.6600""}"
KXETH15M-26APR272030-30,f57361d3-c2a8-7603-ac6b-cd1f41049e72,1777335521,0.66,842.0,no,"{""count_fp"":""842.00"",""created_time"":""2026-04-28T00:18:41.886012Z"",""no_price_dollars"":""0.3400"",""taker_side"":""no"",""ticker"":""KXETH15M-26APR272030-30"",""trade_id"":""f57361d3-c2a8-7603-ac6b-cd1f41049e72"",""yes_price_dollars"":""0.6600""}"
KXETH15M-26APR272030-30,7f086f32-8730-5f2f-018a-ab4f5a84aaea,1777335521,0.66,5.0,no,"{""count_fp"":""5.00"",""created_time"":""2026-04-28T00:18:41.289324Z"",""no_price_dollars"":""0.3400"",""taker_side"":""no"",""ticker"":""KXETH15M-26APR272030-30"",""trade_id"":""7f086f32-8730-5f2f-018a-ab4f5a84aaea"",""yes_price_dollars"":""0.6600""}"
KXETH15M-26APR272030-30,8aff5c20-3590-7467-0c51-72283e94a412,1777335521,0.66,3.0,no,"{""count_fp"":""3.00"",""created_time"":""2026-04-28T00:18:41.252824Z"",""no_price_dollars"":""0.3400"",""taker_side"":""no"",""ticker"":""KXETH15M-26APR272030-30"",""trade_id"":""8aff5c20-3590-7467-0c51-72283e94a412"",""yes_price_dollars"":""0.6600""}"
KXETH15M-26APR272030-30,1514016d-d5bf-420b-166f-69c702198209,1777335522,0.65,1.0,no,"{""count_fp"":""1.00"",""created_time"":""2026-04-28T00:18:42.633974Z"",""no_price_dollars"":""0.3500"",""taker_side"":""no"",""ticker"":""KXETH15M-26APR272030-30"",""trade_id"":""1514016d-d5bf-420b-166f-69c702198209"",""yes_price_dollars"":""0.6500""}"
KXETH15M-26APR272030-30,13df6ec0-f98c-4c7b-10e4-09ae630fd736,1777335522,0.64,3.0,no,"{""count_fp"":""3.00"",""created_time"":""2026-04-28T00:18:42.633974Z"",""no_price_dollars"":""0.3600"",""taker_side"":""no"",""ticker"":""KXETH15M-26APR272030-30"",""trade_id"":""13df6ec0-f98c-4c7b-10e4-09ae630fd736"",""yes_price_dollars"":""0.6400""}"
KXETH15M-26APR272030-30,57fa3365-ecb9-754b-e73a-c04265e0c7c2,1777335525,0.62,1.0,no,"{""count_fp"":""1.00"",""created_time"":""2026-04-28T00:18:45.794111Z"",""no_price_dollars"":""0.3800"",""taker_side"":""no"",""ticker"":""KXETH15M-26APR272030-30"",""trade_id"":""57fa3365-ecb9-754b-e73a-c04265e0c7c2"",""yes_price_dollars"":""0.6200""}"
KXETH15M-26APR272030-30,03ade476-85c6-5c83-239f-f2460cedbe73,1777335528,0.59,2.34,no,"{""count_fp"":""2.34"",""created_time"":""2026-04-28T00:18:48.531085Z"",""no_price_dollars"":""0.4100"",""taker_side"":""no"",""ticker"":""KXETH15M-26APR272030-30"",""trade_id"":""03ade476-85c6-5c83-239f-f2460cedbe73"",""yes_price_dollars"":""0.5900""}"
KXETH15M-26APR272030-30,ee42072b-eaa2-5387-10d0-daf67c13ba13,1777335529,0.59,11.71,no,"{""count_fp"":""11.71"",""created_time"":""2026-04-28T00:18:49.509623Z"",""no_price_dollars"":""0.4100"",""taker_side"":""no"",""ticker"":""KXETH15M-26APR272030-30"",""trade_id"":""ee42072b-eaa2-5387-10d0-daf67c13ba13"",""yes_price_dollars"":""0.5900""}"
KXETH15M-26APR272030-30,51ff3b58-2c1e-4b8f-c20f-a525f4a6afe7,1777335529,0.59,23.42,no,"{""count_fp"":""23.42"",""created_time"":""2026-04-28T00:18:49.140924Z"",""no_price_dollars"":""0.4100"",""taker_side"":""no"",""ticker"":""KXETH15M-26APR272030-30"",""trade_id"":""51ff3b58-2c1e-4b8f-c20f-a525f4a6afe7"",""yes_price_dollars"":""0.5900""}"
KXETH15M-26APR272030-30,eb4305cb-e052-45fc-305b-6a5a2b5c1f45,1777335530,0.58,5.0,no,"{""count_fp"":""5.00"",""created_time"":""2026-04-28T00:18:50.169022Z"",""no_price_dollars"":""0.4200"",""taker_side"":""no"",""ticker"":""KXETH15M-26APR272030-30"",""trade_id"":""eb4305cb-e052-45fc-305b-6a5a2b5c1f45"",""yes_price_dollars"":""0.5800""}"
KXETH15M-26APR272030-30,33c55445-730f-4358-9b76-dbfb55400eb6,1777335532,0.58,5.0,no,"{""count_fp"":""5.00"",""created_time"":""2026-04-28T00:18:52.764888Z"",""no_price_dollars"":""0.4200"",""taker_side"":""no"",""ticker"":""KXETH15M-26APR272030-30"",""trade_id"":""33c55445-730f-4358-9b76-dbfb55400eb6"",""yes_price_dollars"":""0.5800""}"
KXETH15M-26APR272030-30,7ad9dfb8-54f0-56d9-1352-adcca10ead60,1777335532,0.59,3.0,yes,"{""count_fp"":""3.00"",""created_time"":""2026-04-28T00:18:52.517007Z"",""no_price_dollars"":""0.4100"",""taker_side"":""yes"",""ticker"":""KXETH15M-26APR272030-30"",""trade_id"":""7ad9dfb8-54f0-56d9-1352-adcca10ead60"",""yes_price_dollars"":""0.5900""}"
KXETH15M-26APR272030-30,0dbd4230-fac9-587a-168a-b85995eae4ec,1777335532,0.62,1.71,yes,"{""count_fp"":""1.71"",""created_time"":""2026-04-28T00:18:52.517007Z"",""no_price_dollars"":""0.3800"",""taker_side"":""yes"",""ticker"":""KXETH15M-26APR272030-30"",""trade_id"":""0dbd4230-fac9-587a-168a-b85995eae4ec"",""yes_price_dollars"":""0.6200""}"
KXETH15M-26APR272030-30,e5b0e8e7-17ea-7c4d-65f6-e757f0894c13,1777335534,0.57,5.0,no,"{""count_fp"":""5.00"",""created_time"":""2026-04-28T00:18:54.974239Z"",""no_price_dollars"":""0.4300"",""taker_side"":""no"",""ticker"":""KXETH15M-26APR272030-30"",""trade_id"":""e5b0e8e7-17ea-7c4d-65f6-e757f0894c13"",""yes_price_dollars"":""0.5700""}"
KXETH15M-26APR272030-30,b8e0f001-5fba-5b3f-be3b-c36da413f2a7,1777335539,0.55,0.5,no,"{""count_fp"":""0.50"",""created_time"":""2026-04-28T00:18:59.764964Z"",""no_price_dollars"":""0.4500"",""taker_side"":""no"",""ticker"":""KXETH15M-26APR272030-30"",""trade_id"":""b8e0f001-5fba-5b3f-be3b-c36da413f2a7"",""yes_price_dollars"":""0.5500""}"
KXETH15M-26APR272030-30,97bd4e6e-a20a-56ae-9dbd-a313aebf0fb5,1777335539,0.55,9.5,no,"{""count_fp"":""9.50"",""created_time"":""2026-04-28T00:18:59.764964Z"",""no_price_dollars"":""0.4500"",""taker_side"":""no"",""ticker"":""KXETH15M-26APR272030-30"",""trade_id"":""97bd4e6e-a20a-56ae-9dbd-a313aebf0fb5"",""yes_price_dollars"":""0.5500""}"
KXETH15M-26APR272030-30,449d6233-10b6-4c59-c7cf-93c702d60200,1777335539,0.55,10.0,no,"{""count_fp"":""10.00"",""created_time"":""2026-04-28T00:18:59.564317Z"",""no_price_dollars"":""0.4500"",""taker_side"":""no"",""ticker"":""KXETH15M-26APR272030-30"",""trade_id"":""449d6233-10b6-4c59-c7cf-93c702d60200"",""yes_price_dollars"":""0.5500""}"
KXETH15M-26APR272030-30,19030303-da0e-4432-f581-6eab083a3765,1777335539,0.55,0.68,no,"{""count_fp"":""0.68"",""created_time"":""2026-04-28T00:18:59.564317Z"",""no_price_dollars"":""0.4500"",""taker_side"":""no"",""ticker"":""KXETH15M-26APR272030-30"",""trade_id"":""19030303-da0e-4432-f581-6eab083a3765"",""yes_price_dollars"":""0.5500""}"
KXETH15M-26APR272030-30,e6d35df4-75ee-4d4b-d847-0c5fc3bd6fb3,1777335540,0.55,6.0,no,"{""count_fp"":""6.00"",""created_time"":""2026-04-28T00:19:00.925179Z"",""no_price_dollars"":""0.4500"",""taker_side"":""no"",""ticker"":""KXETH15M-26APR272030-30"",""trade_id"":""e6d35df4-75ee-4d4b-d847-0c5fc3bd6fb3"",""yes_price_dollars"":""0.5500""}"
KXETH15M-26APR272030-30,3a55ca19-ad82-5eab-7e89-8207bc8622db,1777335541,0.55,1.0,no,"{""count_fp"":""1.00"",""created_time"":""2026-04-28T00:19:01.034753Z"",""no_price_dollars"":""0.4500"",""taker_side"":""no"",""ticker"":""KXETH15M-26APR272030-30"",""trade_id"":""3a55ca19-ad82-5eab-7e89-8207bc8622db"",""yes_price_dollars"":""0.5500""}"
KXETH15M-26APR272030-30,ad47551a-432a-6dbf-c126-4782c876942d,1777335544,0.56,3.0,yes,"{""count_fp"":""3.00"",""created_time"":""2026-04-28T00:19:04.464149Z"",""no_price_dollars"":""0.4400"",""taker_side"":""yes"",""ticker"":""KXETH15M-26APR272030-30"",""trade_id"":""ad47551a-432a-6dbf-c126-4782c876942d"",""yes_price_dollars"":""0.5600""}"
KXETH15M-26APR272030-30,89490814-7262-632c-f728-6fcd21a5f051,1777335544,0.58,0.41,yes,"{""count_fp"":""0.41"",""created_time"":""2026-04-28T00:19:04.464149Z"",""no_price_dollars"":""0.4200"",""taker_side"":""yes"",""ticker"":""KXETH15M-26APR272030-30"",""trade_id"":""89490814-7262-632c-f728-6fcd21a5f051"",""yes_price_dollars"":""0.5800""}"
KXETH15M-26APR272030-30,83653349-edb1-668e-fd9c-9e314e575dac,1777335545,0.59,44.24,yes,"{""count_fp"":""44.24"",""created_time"":""2026-04-28T00:19:05.725086Z"",""no_price_dollars"":""0.4100"",""taker_side"":""yes"",""ticker"":""KXETH15M-26APR272030-30"",""trade_id"":""83653349-edb1-668e-fd9c-9e314e575dac"",""yes_price_dollars"":""0.5900""}"
KXETH15M-26APR272030-30,1ee9f8c2-3f7f-6466-d732-1d5c0293e2e5,1777335545,0.58,5.0,yes,"{""count_fp"":""5.00"",""created_time"":""2026-04-28T00:19:05.725086Z"",""no_price_dollars"":""0.4200"",""taker_side"":""yes"",""ticker"":""KXETH15M-26APR272030-30"",""trade_id"":""1ee9f8c2-3f7f-6466-d732-1d5c0293e2e5"",""yes_price_dollars"":""0.5800""}"
KXETH15M-26APR272030-30,e35cb65c-0774-7745-85f8-8fe71c8ca4f6,1777335547,0.55,2.0,no,"{""count_fp"":""2.00"",""created_time"":""2026-04-28T00:19:07.359982Z"",""no_price_dollars"":""0.4500"",""taker_side"":""no"",""ticker"":""KXETH15M-26APR272030-30"",""trade_id"":""e35cb65c-0774-7745-85f8-8fe71c8ca4f6"",""yes_price_dollars"":""0.5500""}"
KXETH15M-26APR272030-30,f8bc21ab-4926-7870-a3e0-84cf347323ed,1777335549,0.52,1.0,no,"{""count_fp"":""1.00"",""created_time"":""2026-04-28T00:19:09.552061Z"",""no_price_dollars"":""0.4800"",""taker_side"":""no"",""ticker"":""KXETH15M-26APR272030-30"",""trade_id"":""f8bc21ab-4926-7870-a3e0-84cf347323ed"",""yes_price_dollars"":""0.5200""}"
KXETH15M-26APR272030-30,d00b8440-2b79-7cb1-8b53-e159045f6b35,1777335549,0.52,1.0,no,"{""count_fp"":""1.00"",""created_time"":""2026-04-28T00:19:09.552061Z"",""no_price_dollars"":""0.4800"",""taker_side"":""no"",""ticker"":""KXETH15M-26APR272030-30"",""trade_id"":""d00b8440-2b79-7cb1-8b53-e159045f6b35"",""yes_price_dollars"":""0.5200""}"
KXETH15M-26APR272030-30,bd8f4abd-3f7f-77eb-8520-4924d8038c54,1777335549,0.55,3.0,no,"{""count_fp"":""3.00"",""created_time"":""2026-04-28T00:19:09.552061Z"",""no_price_dollars"":""0.4500"",""taker_side"":""no"",""ticker"":""KXETH15M-26APR272030-30"",""trade_id"":""bd8f4abd-3f7f-77eb-8520-4924d8038c54"",""yes_price_dollars"":""0.5500""}"
KXETH15M-26APR272030-30,9e78404a-92e9-7b8a-8b78-6395360e6102,1777335549,0.53,10.0,no,"{""count_fp"":""10.00"",""created_time"":""2026-04-28T00:19:09.552061Z"",""no_price_dollars"":""0.4700"",""taker_side"":""no"",""ticker"":""KXETH15M-26APR272030-30"",""trade_id"":""9e78404a-92e9-7b8a-8b78-6395360e6102"",""yes_price_dollars"":""0.5300""}"
KXETH15M-26APR272030-30,65162f55-7b1b-71be-8f4b-afcbddbcac59,1777335549,0.52,1.0,no,"{""count_fp"":""1.00"",""created_time"":""2026-04-28T00:19:09.552061Z"",""no_price_dollars"":""0.4800"",""taker_side"":""no"",""ticker"":""KXETH15M-26APR272030-30"",""trade_id"":""65162f55-7b1b-71be-8f4b-afcbddbcac59"",""yes_price_dollars"":""0.5200""}"
KXETH15M-26APR272030-30,458d803f-d047-7134-a49a-22dbb3cf4201,1777335549,0.52,1.0,no,"{""count_fp"":""1.00"",""created_time"":""2026-04-28T00:19:09.552061Z"",""no_price_dollars"":""0.4800"",""taker_side"":""no"",""ticker"":""KXETH15M-26APR272030-30"",""trade_id"":""458d803f-d047-7134-a49a-22dbb3cf4201"",""yes_price_dollars"":""0.5200""}"
KXETH15M-26APR272030-30,4029816f-f8e0-768e-9bb8-0df27b5572d3,1777335549,0.52,5.0,no,"{""count_fp"":""5.00"",""created_time"":""2026-04-28T00:19:09.552061Z"",""no_price_dollars"":""0.4800"",""taker_side"":""no"",""ticker"":""KXETH15M-26APR272030-30"",""trade_id"":""4029816f-f8e0-768e-9bb8-0df27b5572d3"",""yes_price_dollars"":""0.5200""}"
KXETH15M-26APR272030-30,3961f9c2-bdc6-7ff3-90c5-0ea9a3758431,1777335549,0.52,1.0,no,"{""count_fp"":""1.00"",""created_time"":""2026-04-28T00:19:09.552061Z"",""no_price_dollars"":""0.4800"",""taker_side"":""no"",""ticker"":""KXETH15M-26APR272030-30"",""trade_id"":""3961f9c2-bdc6-7ff3-90c5-0ea9a3758431"",""yes_price_dollars"":""0.5200""}"
KXETH15M-26APR272030-30,35c866ca-da93-76a1-a8fd-f32c505e2bcf,1777335549,0.52,1.0,no,"{""count_fp"":""1.00"",""created_time"":""2026-04-28T00:19:09.552061Z"",""no_price_dollars"":""0.4800"",""taker_side"":""no"",""ticker"":""KXETH15M-26APR272030-30"",""trade_id"":""35c866ca-da93-76a1-a8fd-f32c505e2bcf"",""yes_price_dollars"":""0.5200""}"
KXETH15M-26APR272030-30,2d438895-8730-77c5-be32-4c6bc7efd648,1777335549,0.52,1.0,no,"{""count_fp"":""1.00"",""created_time"":""2026-04-28T00:19:09.552061Z"",""no_price_dollars"":""0.4800"",""taker_side"":""no"",""ticker"":""KXETH15M-26APR272030-30"",""trade_id"":""2d438895-8730-77c5-be32-4c6bc7efd648"",""yes_price_dollars"":""0.5200""}"
KXETH15M-26APR272030-30,1d5bc6f4-4364-7f6e-92bc-a6d56a41c590,1777335549,0.52,1.0,no,"{""count_fp"":""1.00"",""created_time"":""2026-04-28T00:19:09.552061Z"",""no_price_dollars"":""0.4800"",""taker_side"":""no"",""ticker"":""KXETH15M-26APR272030-30"",""trade_id"":""1d5bc6f4-4364-7f6e-92bc-a6d56a41c590"",""yes_price_dollars"":""0.5200""}"
KXETH15M-26APR272030-30,1350026a-1e20-747b-8564-7f0f4215eaab,1777335549,0.52,1.0,no,"{""count_fp"":""1.00"",""created_time"":""2026-04-28T00:19:09.552061Z"",""no_price_dollars"":""0.4800"",""taker_side"":""no"",""ticker"":""KXETH15M-26APR272030-30"",""trade_id"":""1350026a-1e20-747b-8564-7f0f4215eaab"",""yes_price_dollars"":""0.5200""}"
KXETH15M-26APR272030-30,12e6180e-6afb-7e4a-96bb-b89dc6ae9998,1777335549,0.52,1.0,no,"{""count_fp"":""1.00"",""created_time"":""2026-04-28T00:19:09.552061Z"",""no_price_dollars"":""0.4800"",""taker_side"":""no"",""ticker"":""KXETH15M-26APR272030-30"",""trade_id"":""12e6180e-6afb-7e4a-96bb-b89dc6ae9998"",""yes_price_dollars"":""0.5200""}"
KXETH15M-26APR272030-30,b6554c82-d30a-678b-667d-e66a61e92203,1777335554,0.5,1.0,no,"{""count_fp"":""1.00"",""created_time"":""2026-04-28T00:19:14.361801Z"",""no_price_dollars"":""0.5000"",""taker_side"":""no"",""ticker"":""KXETH15M-26APR272030-30"",""trade_id"":""b6554c82-d30a-678b-667d-e66a61e92203"",""yes_price_dollars"":""0.5000""}"
KXETH15M-26APR272030-30,54a5d9be-2a76-51ef-207a-9ab58079fbb8,1777335558,0.45,1.0,no,"{""count_fp"":""1.00"",""created_time"":""2026-04-28T00:19:18.736894Z"",""no_price_dollars"":""0.5500"",""taker_side"":""no"",""ticker"":""KXETH15M-26APR272030-30"",""trade_id"":""54a5d9be-2a76-51ef-207a-9ab58079fbb8"",""yes_price_dollars"":""0.4500""}"
KXETH15M-26APR272030-30,f64fa144-aa1f-4e92-fcca-82e09a7d4ff2,1777335558,0.46,10.0,no,"{""count_fp"":""10.00"",""created_time"":""2026-04-28T00:19:18.247489Z"",""no_price_dollars"":""0.5400"",""taker_side"":""no"",""ticker"":""KXETH15M-26APR272030-30"",""trade_id"":""f64fa144-aa1f-4e92-fcca-82e09a7d4ff2"",""yes_price_dollars"":""0.4600""}"
KXETH15M-26APR272030-30,ce71a921-04cb-6938-c79c-52868e5426a7,1777335559,0.46,16.83,yes,"{""count_fp"":""16.83"",""created_time"":""2026-04-28T00:19:19.791046Z"",""no_price_dollars"":""0.5400"",""taker_side"":""yes"",""ticker"":""KXETH15M-26APR272030-30"",""trade_id"":""ce71a921-04cb-6938-c79c-52868e5426a7"",""yes_price_dollars"":""0.4600""}"
KXETH15M-26APR272030-30,279033aa-ac05-4a7a-4c17-1e2507996363,1777335560,0.44,149.28,yes,"{""count_fp"":""149.28"",""created_time"":""2026-04-28T00:19:20.351463Z"",""no_price_dollars"":""0.5600"",""taker_side"":""yes"",""ticker"":""KXETH15M-26APR272030-30"",""trade_id"":""279033aa-ac05-4a7a-4c17-1e2507996363"",""yes_price_dollars"":""0.4400""}"
KXETH15M-26APR272030-30,025a74cb-d5df-4b94-6d88-414ca9dac2b3,1777335560,0.43,100.0,yes,"{""count_fp"":""100.00"",""created_time"":""2026-04-28T00:19:20.351463Z"",""no_price_dollars"":""0.5700"",""taker_side"":""yes"",""ticker"":""KXETH15M-26APR272030-30"",""trade_id"":""025a74cb-d5df-4b94-6d88-414ca9dac2b3"",""yes_price_dollars"":""0.4300""}"
KXETH15M-26APR272030-30,725c1ecc-80fa-6977-6d4e-dd8e8b482b6c,1777335560,0.45,9.0,no,"{""count_fp"":""9.00"",""created_time"":""2026-04-28T00:19:20.052523Z"",""no_price_dollars"":""0.5500"",""taker_side"":""no"",""ticker"":""KXETH15M-26APR272030-30"",""trade_id"":""725c1ecc-80fa-6977-6d4e-dd8e8b482b6c"",""yes_price_dollars"":""0.4500""}"
KXETH15M-26APR272030-30,f056c8ff-8e0a-4c0a-7b78-279c9a5cf742,1777335565,0.4,6.0,no,"{""count_fp"":""6.00"",""created_time"":""2026-04-28T00:19:25.903997Z"",""no_price_dollars"":""0.6000"",""taker_side"":""no"",""ticker"":""KXETH15M-26APR272030-30"",""trade_id"":""f056c8ff-8e0a-4c0a-7b78-279c9a5cf742"",""yes_price_dollars"":""0.4000""}"
KXETH15M-26APR272030-30,0fe898e9-0396-4cca-db3b-8855db8543b2,1777335565,0.4,2.0,no,"{""count_fp"":""2.00"",""created_time"":""2026-04-28T00:19:25.768052Z"",""no_price_dollars"":""0.6000"",""taker_side"":""no"",""ticker"":""KXETH15M-26APR272030-30"",""trade_id"":""0fe898e9-0396-4cca-db3b-8855db8543b2"",""yes_price_dollars"":""0.4000""}"
KXETH15M-26APR272030-30,318df6fa-bb76-6ad0-3480-03b568f261bf,1777335566,0.37,4.68,yes,"{""count_fp"":""4.68"",""created_time"":""2026-04-28T00:19:26.224325Z"",""no_price_dollars"":""0.6300"",""taker_side"":""yes"",""ticker"":""KXETH15M-26APR272030-30"",""trade_id"":""318df6fa-bb76-6ad0-3480-03b568f261bf"",""yes_price_dollars"":""0.3700""}"
KXETH15M-26APR272030-30,bf798733-285b-4233-549c-1bed492403f0,1777335567,0.36,10.0,yes,"{""count_fp"":""10.00"",""created_time"":""2026-04-28T00:19:27.672261Z"",""no_price_dollars"":""0.6400"",""taker_side"":""yes"",""ticker"":""KXETH15M-26APR272030-30"",""trade_id"":""bf798733-285b-4233-549c-1bed492403f0"",""yes_price_dollars"":""0.3600""}"
KXETH15M-26APR272030-30,8c485f73-4ba1-4da9-4dfa-8603e8100d37,1777335567,0.38,5.0,yes,"{""count_fp"":""5.00"",""created_time"":""2026-04-28T00:19:27.672261Z"",""no_price_dollars"":""0.6200"",""taker_side"":""yes"",""ticker"":""KXETH15M-26APR272030-30"",""trade_id"":""8c485f73-4ba1-4da9-4dfa-8603e8100d37"",""yes_price_dollars"":""0.3800""}"
KXETH15M-26APR272030-30,88579078-cd46-43f4-7096-51a879ef6fe7,1777335567,0.36,100.0,yes,"{""count_fp"":""100.00"",""created_time"":""2026-04-28T00:19:27.672261Z"",""no_price_dollars"":""0.6400"",""taker_side"":""yes"",""ticker"":""KXETH15M-26APR272030-30"",""trade_id"":""88579078-cd46-43f4-7096-51a879ef6fe7"",""yes_price_dollars"":""0.3600""}"
KXETH15M-26APR272030-30,0b556892-1895-4f96-5857-92e2df6361ab,1777335567,0.39,353.45,yes,"{""count_fp"":""353.45"",""created_time"":""2026-04-28T00:19:27.672261Z"",""no_price_dollars"":""0.6100"",""taker_side"":""yes"",""ticker"":""KXETH15M-26APR272030-30"",""trade_id"":""0b556892-1895-4f96-5857-92e2df6361ab"",""yes_price_dollars"":""0.3900""}"
KXETH15M-26APR272030-30,55e8364f-460c-5c3e-8587-27143d909e7a,1777335568,0.36,2.0,yes,"{""count_fp"":""2.00"",""created_time"":""2026-04-28T00:19:28.713275Z"",""no_price_dollars"":""0.6400"",""taker_side"":""yes"",""ticker"":""KXETH15M-26APR272030-30"",""trade_id"":""55e8364f-460c-5c3e-8587-27143d909e7a"",""yes_price_dollars"":""0.3600""}"
KXETH15M-26APR272030-30,febca55e-bde6-5508-97c1-68310ec5c58a,1777335569,0.33,10.0,no,"{""count_fp"":""10.00"",""created_time"":""2026-04-28T00:19:29.576374Z"",""no_price_dollars"":""0.6700"",""taker_side"":""no"",""ticker"":""KXETH15M-26APR272030-30"",""trade_id"":""febca55e-bde6-5508-97c1-68310ec5c58a"",""yes_price_dollars"":""0.3300""}"
KXETH15M-26APR272030-30,a5d5eaa6-684f-5e23-8bcf-176874c66ef4,1777335569,0.33,3.0,no,"{""count_fp"":""3.00"",""created_time"":""2026-04-28T00:19:29.576374Z"",""no_price_dollars"":""0.6700"",""taker_side"":""no"",""ticker"":""KXETH15M-26APR272030-30"",""trade_id"":""a5d5eaa6-684f-5e23-8bcf-176874c66ef4"",""yes_price_dollars"":""0.3300""}"
KXETH15M-26APR272030-30,8c76dc98-e952-5b1b-b53c-68c9f40cab5b,1777335569,0.32,1.0,no,"{""count_fp"":""1.00"",""created_time"":""2026-04-28T00:19:29.576374Z"",""no_price_dollars"":""0.6800"",""taker_side"":""no"",""ticker"":""KXETH15M-26APR272030-30"",""trade_id"":""8c76dc98-e952-5b1b-b53c-68c9f40cab5b"",""yes_price_dollars"":""0.3200""}"
KXETH15M-26APR272030-30,16466975-3fe8-5703-b522-5281d1ca09a4,1777335569,0.35,1.0,no,"{""count_fp"":""1.00"",""created_time"":""2026-04-28T00:19:29.576374Z"",""no_price_dollars"":""0.6500"",""taker_side"":""no"",""ticker"":""KXETH15M-26APR272030-30"",""trade_id"":""16466975-3fe8-5703-b522-5281d1ca09a4"",""yes_price_dollars"":""0.3500""}"
KXETH15M-26APR272030-30,15aa7490-078d-4600-ca8e-2d016220c4ab,1777335571,0.3,1.0,no,"{""count_fp"":""1.00"",""created_time"":""2026-04-28T00:19:31.406486Z"",""no_price_dollars"":""0.7000"",""taker_side"":""no"",""ticker"":""KXETH15M-26APR272030-30"",""trade_id"":""15aa7490-078d-4600-ca8e-2d016220c4ab"",""yes_price_dollars"":""0.3000""}"
KXETH15M-26APR272030-30,cc426e36-44a5-6c9c-0cf3-78156a6014bf,1777335572,0.3,18.0,no,"{""count_fp"":""18.00"",""created_time"":""2026-04-28T00:19:32.626014Z"",""no_price_dollars"":""0.7000"",""taker_side"":""no"",""ticker"":""KXETH15M-26APR272030-30"",""trade_id"":""cc426e36-44a5-6c9c-0cf3-78156a6014bf"",""yes_price_dollars"":""0.3000""}"
KXETH15M-26APR272030-30,5124b44b-a4b5-6235-1101-35ca10ee01ce,1777335572,0.28,1.18,no,"{""count_fp"":""1.18"",""created_time"":""2026-04-28T00:19:32.626014Z"",""no_price_dollars"":""0.7200"",""taker_side"":""no"",""ticker"":""KXETH15M-26APR272030-30"",""trade_id"":""5124b44b-a4b5-6235-1101-35ca10ee01ce"",""yes_price_dollars"":""0.2800""}"
KXETH15M-26APR272030-30,7cd0fc52-3418-681a-eb49-b82ed0d9de7e,1777335572,0.32,12.29,yes,"{""count_fp"":""12.29"",""created_time"":""2026-04-28T00:19:32.315244Z"",""no_price_dollars"":""0.6800"",""taker_side"":""yes"",""ticker"":""KXETH15M-26APR272030-30"",""trade_id"":""7cd0fc52-3418-681a-eb49-b82ed0d9de7e"",""yes_price_dollars"":""0.3200""}"
KXETH15M-26APR272030-30,86e4a376-a47d-6598-2b58-c005f99fc197,1777335572,0.3,10.0,no,"{""count_fp"":""10.00"",""created_time"":""2026-04-28T00:19:32.063187Z"",""no_price_dollars"":""0.7000"",""taker_side"":""no"",""ticker"":""KXETH15M-26APR272030-30"",""trade_id"":""86e4a376-a47d-6598-2b58-c005f99fc197"",""yes_price_dollars"":""0.3000""}"
KXETH15M-26APR272030-30,cd3eea07-29bc-7562-58cd-42fdfd2f5b02,1777335573,0.3,23.95,yes,"{""count_fp"":""23.95"",""created_time"":""2026-04-28T00:19:33.648488Z"",""no_price_dollars"":""0.7000"",""taker_side"":""yes"",""ticker"":""KXETH15M-26APR272030-30"",""trade_id"":""cd3eea07-29bc-7562-58cd-42fdfd2f5b02"",""yes_price_dollars"":""0.3000""}"
KXETH15M-26APR272030-30,e0ecba87-8e9d-7ff0-a956-e7dd0fe9edb8,1777335574,0.29,11.93,yes,"{""count_fp"":""11.93"",""created_time"":""2026-04-28T00:19:34.080261Z"",""no_price_dollars"":""0.7100"",""taker_side"":""yes"",""ticker"":""KXETH15M-26APR272030-30"",""trade_id"":""e0ecba87-8e9d-7ff0-a956-e7dd0fe9edb8"",""yes_price_dollars"":""0.2900""}"
KXETH15M-26APR272030-30,559bbd17-39c9-59e4-f750-f63ee28abd10,1777335576,0.28,17.0,yes,"{""count_fp"":""17.00"",""created_time"":""2026-04-28T00:19:36.846183Z"",""no_price_dollars"":""0.7200"",""taker_side"":""yes"",""ticker"":""KXETH15M-26APR272030-30"",""trade_id"":""559bbd17-39c9-59e4-f750-f63ee28abd10"",""yes_price_dollars"":""0.2800""}"
KXETH15M-26APR272030-30,d0607b4e-99e9-5988-ae72-89e0d95ac214,1777335580,0.27,15.42,yes,"{""count_fp"":""15.42"",""created_time"":""2026-04-28T00:19:40.604367Z"",""no_price_dollars"":""0.7300"",""taker_side"":""yes"",""ticker"":""KXETH15M-26APR272030-30"",""trade_id"":""d0607b4e-99e9-5988-ae72-89e0d95ac214"",""yes_price_dollars"":""0.2700""}"
KXETH15M-26APR272030-30,abe5542f-afdc-5f1b-8280-98ad2da1ac62,1777335580,0.27,1.0,yes,"{""count_fp"":""1.00"",""created_time"":""2026-04-28T00:19:40.604367Z"",""no_price_dollars"":""0.7300"",""taker_side"":""yes"",""ticker"":""KXETH15M-26APR272030-30"",""trade_id"":""abe5542f-afdc-5f1b-8280-98ad2da1ac62"",""yes_price_dollars"":""0.2700""}"
KXETH15M-26APR272030-30,f042d9b5-a782-6892-64d7-d57c0bcb2380,1777335581,0.26,19.9,no,"{""count_fp"":""19.90"",""created_time"":""2026-04-28T00:19:41.977296Z"",""no_price_dollars"":""0.7400"",""taker_side"":""no"",""ticker"":""KXETH15M-26APR272030-30"",""trade_id"":""f042d9b5-a782-6892-64d7-d57c0bcb2380"",""yes_price_dollars"":""0.2600""}"
KXETH15M-26APR272030-30,e31253ed-0c71-4f60-5902-1638d9d892d0,1777335582,0.28,8.5,yes,"{""count_fp"":""8.50"",""created_time"":""2026-04-28T00:19:42.565919Z"",""no_price_dollars"":""0.7200"",""taker_side"":""yes"",""ticker"":""KXETH15M-26APR272030-30"",""trade_id"":""e31253ed-0c71-4f60-5902-1638d9d892d0"",""yes_price_dollars"":""0.2800""}"
KXETH15M-26APR272030-30,b474f4b1-a77a-7626-5b57-751e1fd25da4,1777335583,0.26,1.32,no,"{""count_fp"":""1.32"",""created_time"":""2026-04-28T00:19:43.731335Z"",""no_price_dollars"":""0.7400"",""taker_side"":""no"",""ticker"":""KXETH15M-26APR272030-30"",""trade_id"":""b474f4b1-a77a-7626-5b57-751e1fd25da4"",""yes_price_dollars"":""0.2600""}"
KXETH15M-26APR272030-30,a3a05643-7ee1-5f0c-3b6c-7a28e8ff61e0,1777335583,0.28,6.8,yes,"{""count_fp"":""6.80"",""created_time"":""2026-04-28T00:19:43.593489Z"",""no_price_dollars"":""0.7200"",""taker_side"":""yes"",""ticker"":""KXETH15M-26APR272030-30"",""trade_id"":""a3a05643-7ee1-5f0c-3b6c-7a28e8ff61e0"",""yes_price_dollars"":""0.2800""}"
KXETH15M-26APR272030-30,e9e3772a-250e-6492-54f0-28c2b3133210,1777335583,0.26,1.0,no,"{""count_fp"":""1.00"",""created_time"":""2026-04-28T00:19:43.412748Z"",""no_price_dollars"":""0.7400"",""taker_side"":""no"",""ticker"":""KXETH15M-26APR272030-30"",""trade_id"":""e9e3772a-250e-6492-54f0-28c2b3133210"",""yes_price_dollars"":""0.2600""}"
KXETH15M-26APR272030-30,5bbf56f8-de5f-5044-d701-4331875b53a2,1777335588,0.27,1.0,no,"{""count_fp"":""1.00"",""created_time"":""2026-04-28T00:19:48.860547Z"",""no_price_dollars"":""0.7300"",""taker_side"":""no"",""ticker"":""KXETH15M-26APR272030-30"",""trade_id"":""5bbf56f8-de5f-5044-d701-4331875b53a2"",""yes_price_dollars"":""0.2700""}"
KXETH15M-26APR272030-30,e3a8d2e0-5885-4e7f-a56d-e5f921a01bb5,1777335588,0.28,10.0,yes,"{""count_fp"":""10.00"",""created_time"":""2026-04-28T00:19:48.333925Z"",""no_price_dollars"":""0.7200"",""taker_side"":""yes"",""ticker"":""KXETH15M-26APR272030-30"",""trade_id"":""e3a8d2e0-5885-4e7f-a56d-e5f921a01bb5"",""yes_price_dollars"":""0.2800""}"
KXETH15M-26APR272030-30,c099fccc-3a85-4484-a424-e46f7bb086e9,1777335588,0.29,2.0,yes,"{""count_fp"":""2.00"",""created_time"":""2026-04-28T00:19:48.333925Z"",""no_price_dollars"":""0.7100"",""taker_side"":""yes"",""ticker"":""KXETH15M-26APR272030-30"",""trade_id"":""c099fccc-3a85-4484-a424-e46f7bb086e9"",""yes_price_dollars"":""0.2900""}"
KXETH15M-26APR272030-30,bb872ac9-7eb5-4030-9020-9f66d918cd7c,1777335588,0.28,100.0,yes,"{""count_fp"":""100.00"",""created_time"":""2026-04-28T00:19:48.333925Z"",""no_price_dollars"":""0.7200"",""taker_side"":""yes"",""ticker"":""KXETH15M-26APR272030-30"",""trade_id"":""bb872ac9-7eb5-4030-9020-9f66d918cd7c"",""yes_price_dollars"":""0.2800""}"
KXETH15M-26APR272030-30,a8d7c227-2010-4a1c-8db4-22cc55c1c108,1777335588,0.29,2.0,yes,"{""count_fp"":""2.00"",""created_time"":""2026-04-28T00:19:48.333925Z"",""no_price_dollars"":""0.7100"",""taker_side"":""yes"",""ticker"":""KXETH15M-26APR272030-30"",""trade_id"":""a8d7c227-2010-4a1c-8db4-22cc55c1c108"",""yes_price_dollars"":""0.2900""}"
KXETH15M-26APR272030-30,958da229-352d-48b2-bd17-5080d1ed0f9b,1777335588,0.29,2.0,yes,"{""count_fp"":""2.00"",""created_time"":""2026-04-28T00:19:48.333925Z"",""no_price_dollars"":""0.7100"",""taker_side"":""yes"",""ticker"":""KXETH15M-26APR272030-30"",""trade_id"":""958da229-352d-48b2-bd17-5080d1ed0f9b"",""yes_price_dollars"":""0.2900""}"
KXETH15M-26APR272030-30,6dec0cb7-7fc2-4336-9086-a65de9d693fe,1777335588,0.29,2.0,yes,"{""count_fp"":""2.00"",""created_time"":""2026-04-28T00:19:48.333925Z"",""no_price_dollars"":""0.7100"",""taker_side"":""yes"",""ticker"":""KXETH15M-26APR272030-30"",""trade_id"":""6dec0cb7-7fc2-4336-9086-a65de9d693fe"",""yes_price_dollars"":""0.2900""}"
KXETH15M-26APR272030-30,5ac20155-8d85-45e6-85de-8d564a41c36f,1777335588,0.32,33.59,yes,"{""count_fp"":""33.59"",""created_time"":""2026-04-28T00:19:48.333925Z"",""no_price_dollars"":""0.6800"",""taker_side"":""yes"",""ticker"":""KXETH15M-26APR272030-30"",""trade_id"":""5ac20155-8d85-45e6-85de-8d564a41c36f"",""yes_price_dollars"":""0.3200""}"
KXETH15M-26APR272030-30,587a768b-393d-42d2-91b9-c3b6f110d494,1777335588,0.29,2.0,yes,"{""count_fp"":""2.00"",""created_time"":""2026-04-28T00:19:48.333925Z"",""no_price_dollars"":""0.7100"",""taker_side"":""yes"",""ticker"":""KXETH15M-26APR272030-30"",""trade_id"":""587a768b-393d-42d2-91b9-c3b6f110d494"",""yes_price_dollars"":""0.2900""}"
KXETH15M-26APR272030-30,3dbb2d25-adb1-4bfd-8170-747aacf629f8,1777335588,0.29,2.0,yes,"{""count_fp"":""2.00"",""created_time"":""2026-04-28T00:19:48.333925Z"",""no_price_dollars"":""0.7100"",""taker_side"":""yes"",""ticker"":""KXETH15M-26APR272030-30"",""trade_id"":""3dbb2d25-adb1-4bfd-8170-747aacf629f8"",""yes_price_dollars"":""0.2900""}"
KXETH15M-26APR272030-30,096b06e9-751d-496c-b2ee-cca34fa33694,1777335588,0.29,2.0,yes,"{""count_fp"":""2.00"",""created_time"":""2026-04-28T00:19:48.333925Z"",""no_price_dollars"":""0.7100"",""taker_side"":""yes"",""ticker"":""KXETH15M-26APR272030-30"",""trade_id"":""096b06e9-751d-496c-b2ee-cca34fa33694"",""yes_price_dollars"":""0.2900""}"
KXETH15M-26APR272030-30,b009409c-c887-4f59-5a0c-fc88d82684d2,1777335590,0.29,9.23,yes,"{""count_fp"":""9.23"",""created_time"":""2026-04-28T00:19:50.909582Z"",""no_price_dollars"":""0.7100"",""taker_side"":""yes"",""ticker"":""KXETH15M-26APR272030-30"",""trade_id"":""b009409c-c887-4f59-5a0c-fc88d82684d2"",""yes_price_dollars"":""0.2900""}"
KXETH15M-26APR272030-30,511cbbde-e223-7204-7823-41f7723789da,1777335590,0.27,5.0,no,"{""count_fp"":""5.00"",""created_time"":""2026-04-28T00:19:50.269532Z"",""no_price_dollars"":""0.7300"",""taker_side"":""no"",""ticker"":""KXETH15M-26APR272030-30"",""trade_id"":""511cbbde-e223-7204-7823-41f7723789da"",""yes_price_dollars"":""0.2700""}"
KXETH15M-26APR272030-30,4f2dfe36-4eeb-6421-437b-4c5896895372,1777335593,0.28,13.14,yes,"{""count_fp"":""13.14"",""created_time"":""2026-04-28T00:19:53.527133Z"",""no_price_dollars"":""0.7200"",""taker_side"":""yes"",""ticker"":""KXETH15M-26APR272030-30"",""trade_id"":""4f2dfe36-4eeb-6421-437b-4c5896895372"",""yes_price_dollars"":""0.2800""}"
KXETH15M-26APR272030-30,6a4a1aca-2a9f-4d75-23de-8bc4c99b6a82,1777335594,0.29,82.06,yes,"{""count_fp"":""82.06"",""created_time"":""2026-04-28T00:19:54.884877Z"",""no_price_dollars"":""0.7100"",""taker_side"":""yes"",""ticker"":""KXETH15M-26APR272030-30"",""trade_id"":""6a4a1aca-2a9f-4d75-23de-8bc4c99b6a82"",""yes_price_dollars"":""0.2900""}"
KXETH15M-26APR272030-30,3e258048-c791-40a6-653f-8e73109ed4b1,1777335595,0.27,44.67,yes,"{""count_fp"":""44.67"",""created_time"":""2026-04-28T00:19:55.150493Z"",""no_price_dollars"":""0.7300"",""taker_side"":""yes"",""ticker"":""KXETH15M-26APR272030-30"",""trade_id"":""3e258048-c791-40a6-653f-8e73109ed4b1"",""yes_price_dollars"":""0.2700""}"
KXETH15M-26APR272030-30,24d8554c-07f1-707a-dc17-f9a04b45a1c5,1777335599,0.27,2.96,yes,"{""count_fp"":""2.96"",""created_time"":""2026-04-28T00:19:59.599109Z"",""no_price_dollars"":""0.7300"",""taker_side"":""yes"",""ticker"":""KXETH15M-26APR272030-30"",""trade_id"":""24d8554c-07f1-707a-dc17-f9a04b45a1c5"",""yes_price_dollars"":""0.2700""}"
KXETH15M-26APR272030-30,7d16d5b6-1e94-61a8-87d2-72c7a12dfe27,1777335600,0.26,5.0,no,"{""count_fp"":""5.00"",""created_time"":""2026-04-28T00:20:00.909703Z"",""no_price_dollars"":""0.7400"",""taker_side"":""no"",""ticker"":""KXETH15M-26APR272030-30"",""trade_id"":""7d16d5b6-1e94-61a8-87d2-72c7a12dfe27"",""yes_price_dollars"":""0.2600""}"
KXETH15M-26APR272030-30,798da752-f888-4f2e-952d-0f6132d18b21,1777335603,0.31,18.79,yes,"{""count_fp"":""18.79"",""created_time"":""2026-04-28T00:20:03.369154Z"",""no_price_dollars"":""0.6900"",""taker_side"":""yes"",""ticker"":""KXETH15M-26APR272030-30"",""trade_id"":""798da752-f888-4f2e-952d-0f6132d18b21"",""yes_price_dollars"":""0.3100""}"
KXETH15M-26APR272030-30,5ac2736e-0e37-42bf-ad70-b78e62dc57e2,1777335603,0.3,5.0,yes,"{""count_fp"":""5.00"",""created_time"":""2026-04-28T00:20:03.369154Z"",""no_price_dollars"":""0.7000"",""taker_side"":""yes"",""ticker"":""KXETH15M-26APR272030-30"",""trade_id"":""5ac2736e-0e37-42bf-ad70-b78e62dc57e2"",""yes_price_dollars"":""0.3000""}"
KXETH15M-26APR272030-30,58853d4c-bec5-47de-ab59-ead97fada0e9,1777335603,0.27,97.04,yes,"{""count_fp"":""97.04"",""created_time"":""2026-04-28T00:20:03.369154Z"",""no_price_dollars"":""0.7300"",""taker_side"":""yes"",""ticker"":""KXETH15M-26APR272030-30"",""trade_id"":""58853d4c-bec5-47de-ab59-ead97fada0e9"",""yes_price_dollars"":""0.2700""}"
KXETH15M-26APR272030-30,4ddceb4b-eabc-47e9-822a-8476f90c6044,1777335603,0.28,5.0,yes,"{""count_fp"":""5.00"",""created_time"":""2026-04-28T00:20:03.369154Z"",""no_price_dollars"":""0.7200"",""taker_side"":""yes"",""ticker"":""KXETH15M-26APR272030-30"",""trade_id"":""4ddceb4b-eabc-47e9-822a-8476f90c6044"",""yes_price_dollars"":""0.2800""}"
KXETH15M-26APR272030-30,04cc8748-6ed5-48d4-b06f-28ae214131b9,1777335603,0.31,10.0,yes,"{""count_fp"":""10.00"",""created_time"":""2026-04-28T00:20:03.369154Z"",""no_price_dollars"":""0.6900"",""taker_side"":""yes"",""ticker"":""KXETH15M-26APR272030-30"",""trade_id"":""04cc8748-6ed5-48d4-b06f-28ae214131b9"",""yes_price_dollars"":""0.3100""}"
KXETH15M-26APR272030-30,aacbad4e-e7b2-6ba3-406f-d0ff6b2d735b,1777335604,0.21,93.0,no,"{""count_fp"":""93.00"",""created_time"":""2026-04-28T00:20:04.237845Z"",""no_price_dollars"":""0.7900"",""taker_side"":""no"",""ticker"":""KXETH15M-26APR272030-30"",""trade_id"":""aacbad4e-e7b2-6ba3-406f-d0ff6b2d735b"",""yes_price_dollars"":""0.2100""}"
KXETH15M-26APR272030-30,947ee752-d447-6cf0-68a4-1a0532e513cb,1777335606,0.21,18.0,yes,"{""count_fp"":""18.00"",""created_time"":""2026-04-28T00:20:06.837396Z"",""no_price_dollars"":""0.7900"",""taker_side"":""yes"",""ticker"":""KXETH15M-26APR272030-30"",""trade_id"":""947ee752-d447-6cf0-68a4-1a0532e513cb"",""yes_price_dollars"":""0.2100""}"
KXETH15M-26APR272030-30,508151a8-fa93-5f10-3b30-424e9ca68fe3,1777335606,0.21,1.32,yes,"{""count_fp"":""1.32"",""created_time"":""2026-04-28T00:20:06.744577Z"",""no_price_dollars"":""0.7900"",""taker_side"":""yes"",""ticker"":""KXETH15M-26APR272030-30"",""trade_id"":""508151a8-fa93-5f10-3b30-424e9ca68fe3"",""yes_price_dollars"":""0.2100""}"
KXETH15M-26APR272030-30,febe3232-5c1f-6b40-e3cc-1e414a95c951,1777335606,0.2,1.0,no,"{""count_fp"":""1.00"",""created_time"":""2026-04-28T00:20:06.023796Z"",""no_price_dollars"":""0.8000"",""taker_side"":""no"",""ticker"":""KXETH15M-26APR272030-30"",""trade_id"":""febe3232-5c1f-6b40-e3cc-1e414a95c951"",""yes_price_dollars"":""0.2000""}"
KXETH15M-26APR272030-30,8a4362d5-fcb7-7c1c-c371-22f075806173,1777335607,0.21,55.19,yes,"{""count_fp"":""55.19"",""created_time"":""2026-04-28T00:20:07.406566Z"",""no_price_dollars"":""0.7900"",""taker_side"":""yes"",""ticker"":""KXETH15M-26APR272030-30"",""trade_id"":""8a4362d5-fcb7-7c1c-c371-22f075806173"",""yes_price_dollars"":""0.2100""}"
KXETH15M-26APR272030-30,0225ed55-1557-6c04-2c73-fc13ee7912f7,1777335607,0.21,17.22,yes,"{""count_fp"":""17.22"",""created_time"":""2026-04-28T00:20:07.030927Z"",""no_price_dollars"":""0.7900"",""taker_side"":""yes"",""ticker"":""KXETH15M-26APR272030-30"",""trade_id"":""0225ed55-1557-6c04-2c73-fc13ee7912f7"",""yes_price_dollars"":""0.2100""}"
KXETH15M-26APR272030-30,da191f82-5a9a-4c32-ebb3-f926858719c7,1777335609,0.22,0.75,yes,"{""count_fp"":""0.75"",""created_time"":""2026-04-28T00:20:09.382827Z"",""no_price_dollars"":""0.7800"",""taker_side"":""yes"",""ticker"":""KXETH15M-26APR272030-30"",""trade_id"":""da191f82-5a9a-4c32-ebb3-f926858719c7"",""yes_price_dollars"":""0.2200""}"
KXETH15M-26APR272030-30,c79ab3ae-a483-4d34-ee49-9b9d15f06d4b,1777335609,0.21,8.27,yes,"{""count_fp"":""8.27"",""created_time"":""2026-04-28T00:20:09.382827Z"",""no_price_dollars"":""0.7900"",""taker_side"":""yes"",""ticker"":""KXETH15M-26APR272030-30"",""trade_id"":""c79ab3ae-a483-4d34-ee49-9b9d15f06d4b"",""yes_price_dollars"":""0.2100""}"
KXETH15M-26APR272030-30,bf28456b-83fa-6bdb-0f4e-1ecb85bdc4eb,1777335612,0.2,2.5,no,"{""count_fp"":""2.50"",""created_time"":""2026-04-28T00:20:12.266955Z"",""no_price_dollars"":""0.8000"",""taker_side"":""no"",""ticker"":""KXETH15M-26APR272030-30"",""trade_id"":""bf28456b-83fa-6bdb-0f4e-1ecb85bdc4eb"",""yes_price_dollars"":""0.2000""}"
KXETH15M-26APR272030-30,e322c8a9-a7f2-45a3-f040-8d8c1e08dbfb,1777335614,0.2,1.0,no,"{""count_fp"":""1.00"",""created_time"":""2026-04-28T00:20:14.799799Z"",""no_price_dollars"":""0.8000"",""taker_side"":""no"",""ticker"":""KXETH15M-26APR272030-30"",""trade_id"":""e322c8a9-a7f2-45a3-f040-8d8c1e08dbfb"",""yes_price_dollars"":""0.2000""}"
KXETH15M-26APR272030-30,5039b8a7-f56a-62df-59c5-649e03f7f01b,1777335615,0.2,1.0,no,"{""count_fp"":""1.00"",""created_time"":""2026-04-28T00:20:15.083391Z"",""no_price_dollars"":""0.8000"",""taker_side"":""no"",""ticker"":""KXETH15M-26APR272030-30"",""trade_id"":""5039b8a7-f56a-62df-59c5-649e03f7f01b"",""yes_price_dollars"":""0.2000""}"
KXETH15M-26APR272030-30,8c41a6bc-12b5-4c2f-bfb7-5b76c1315f09,1777335617,0.23,4.12,yes,"{""count_fp"":""4.12"",""created_time"":""2026-04-28T00:20:17.165536Z"",""no_price_dollars"":""0.7700"",""taker_side"":""yes"",""ticker"":""KXETH15M-26APR272030-30"",""trade_id"":""8c41a6bc-12b5-4c2f-bfb7-5b76c1315f09"",""yes_price_dollars"":""0.2300""}"
KXETH15M-26APR272030-30,8a1bbca6-9d02-717b-d8af-1408011554fb,1777335619,0.2,3.0,no,"{""count_fp"":""3.00"",""created_time"":""2026-04-28T00:20:19.725836Z"",""no_price_dollars"":""0.8000"",""taker_side"":""no"",""ticker"":""KXETH15M-26APR272030-30"",""trade_id"":""8a1bbca6-9d02-717b-d8af-1408011554fb"",""yes_price_dollars"":""0.2000""}"
KXETH15M-26APR272030-30,4f2330b6-2443-5aa0-f8d5-8772123b0d5e,1777335620,0.19,0.11,no,"{""count_fp"":""0.11"",""created_time"":""2026-04-28T00:20:20.041258Z"",""no_price_dollars"":""0.8100"",""taker_side"":""no"",""ticker"":""KXETH15M-26APR272030-30"",""trade_id"":""4f2330b6-2443-5aa0-f8d5-8772123b0d5e"",""yes_price_dollars"":""0.1900""}"
KXETH15M-26APR272030-30,25fd289b-a1e4-5a80-e0f6-90c1a4b2cfac,1777335620,0.2,10.75,no,"{""count_fp"":""10.75"",""created_time"":""2026-04-28T00:20:20.041258Z"",""no_price_dollars"":""0.8000"",""taker_side"":""no"",""ticker"":""KXETH15M-26APR272030-30"",""trade_id"":""25fd289b-a1e4-5a80-e0f6-90c1a4b2cfac"",""yes_price_dollars"":""0.2000""}"
KXETH15M-26APR272030-30,b6f02f89-b8e5-65df-1a0e-007ffc3cdc4d,1777335621,0.2,25.94,yes,"{""count_fp"":""25.94"",""created_time"":""2026-04-28T00:20:21.710079Z"",""no_price_dollars"":""0.8000"",""taker_side"":""yes"",""ticker"":""KXETH15M-26APR272030-30"",""trade_id"":""b6f02f89-b8e5-65df-1a0e-007ffc3cdc4d"",""yes_price_dollars"":""0.2000""}"
KXETH15M-26APR272030-30,8319e451-20d9-414f-4e86-5ff37de558b5,1777335622,0.2,0.06,yes,"{""count_fp"":""0.06"",""created_time"":""2026-04-28T00:20:22.718017Z"",""no_price_dollars"":""0.8000"",""taker_side"":""yes"",""ticker"":""KXETH15M-26APR272030-30"",""trade_id"":""8319e451-20d9-414f-4e86-5ff37de558b5"",""yes_price_dollars"":""0.2000""}"
KXETH15M-26APR272030-30,e16791d4-f421-47df-cbd3-45861b0abc39,1777335622,0.2,72.0,yes,"{""count_fp"":""72.00"",""created_time"":""2026-04-28T00:20:22.706457Z"",""no_price_dollars"":""0.8000"",""taker_side"":""yes"",""ticker"":""KXETH15M-26APR272030-30"",""trade_id"":""e16791d4-f421-47df-cbd3-45861b0abc39"",""yes_price_dollars"":""0.2000""}"
KXETH15M-26APR272030-30,5706abc2-9d66-4bc4-4b4c-a3fc4f894bf4,1777335623,0.23,8.0,yes,"{""count_fp"":""8.00"",""created_time"":""2026-04-28T00:20:23.865802Z"",""no_price_dollars"":""0.7700"",""taker_side"":""yes"",""ticker"":""KXETH15M-26APR272030-30"",""trade_id"":""5706abc2-9d66-4bc4-4b4c-a3fc4f894bf4"",""yes_price_dollars"":""0.2300""}"
KXETH15M-26APR272030-30,cb45342a-8494-6f21-7911-e7f443b2b88c,1777335623,0.21,90.0,yes,"{""count_fp"":""90.00"",""created_time"":""2026-04-28T00:20:23.841904Z"",""no_price_dollars"":""0.7900"",""taker_side"":""yes"",""ticker"":""KXETH15M-26APR272030-30"",""trade_id"":""cb45342a-8494-6f21-7911-e7f443b2b88c"",""yes_price_dollars"":""0.2100""}"
KXETH15M-26APR272030-30,3f3b222e-a8f8-405d-816b-bc9ecd1b81e4,1777335623,0.21,10.0,yes,"{""count_fp"":""10.00"",""created_time"":""2026-04-28T00:20:23.835775Z"",""no_price_dollars"":""0.7900"",""taker_side"":""yes"",""ticker"":""KXETH15M-26APR272030-30"",""trade_id"":""3f3b222e-a8f8-405d-816b-bc9ecd1b81e4"",""yes_price_dollars"":""0.2100""}"
KXETH15M-26APR272030-30,3ac9e968-fc26-49fd-413b-c2a1458aaea4,1777335624,0.22,21.0,no,"{""count_fp"":""21.00"",""created_time"":""2026-04-28T00:20:24.615837Z"",""no_price_dollars"":""0.7800"",""taker_side"":""no"",""ticker"":""KXETH15M-26APR272030-30"",""trade_id"":""3ac9e968-fc26-49fd-413b-c2a1458aaea4"",""yes_price_dollars"":""0.2200""}"
KXETH15M-26APR272030-30,3aeb7502-14e0-72ad-a008-dc3d7161b35f,1777335624,0.23,41.25,yes,"{""count_fp"":""41.25"",""created_time"":""2026-04-28T00:20:24.224333Z"",""no_price_dollars"":""0.7700"",""taker_side"":""yes"",""ticker"":""KXETH15M-26APR272030-30"",""trade_id"":""3aeb7502-14e0-72ad-a008-dc3d7161b35f"",""yes_price_dollars"":""0.2300""}"
