ticker,trade_id,ts,yes_price,count,taker_side,raw_json
KXETH15M-26APR281215-15,fdfc8d61-c40a-7d7d-e2b1-4543695fb1fc,1777392011,0.55,3.0,yes,"{""count_fp"":""3.00"",""created_time"":""2026-04-28T16:00:11.394362Z"",""no_price_dollars"":""0.4500"",""taker_side"":""yes"",""ticker"":""KXETH15M-26APR281215-15"",""trade_id"":""fdfc8d61-c40a-7d7d-e2b1-4543695fb1fc"",""yes_price_dollars"":""0.5500""}"
KXETH15M-26APR281215-15,afde0ffd-d2ad-78bf-de3a-7d03390bbaf9,1777392011,0.57,2.0,yes,"{""count_fp"":""2.00"",""created_time"":""2026-04-28T16:00:11.394362Z"",""no_price_dollars"":""0.4300"",""taker_side"":""yes"",""ticker"":""KXETH15M-26APR281215-15"",""trade_id"":""afde0ffd-d2ad-78bf-de3a-7d03390bbaf9"",""yes_price_dollars"":""0.5700""}"
KXETH15M-26APR281215-15,1f2b359c-3697-4a02-438a-596339b50cd0,1777392021,0.52,1.97,no,"{""count_fp"":""1.97"",""created_time"":""2026-04-28T16:00:21.572831Z"",""no_price_dollars"":""0.4800"",""taker_side"":""no"",""ticker"":""KXETH15M-26APR281215-15"",""trade_id"":""1f2b359c-3697-4a02-438a-596339b50cd0"",""yes_price_dollars"":""0.5200""}"
KXETH15M-26APR281215-15,5394e720-1a70-4eeb-da8e-4d817b3c7db9,1777392022,0.57,0.16,yes,"{""count_fp"":""0.16"",""created_time"":""2026-04-28T16:00:22.807324Z"",""no_price_dollars"":""0.4300"",""taker_side"":""yes"",""ticker"":""KXETH15M-26APR281215-15"",""trade_id"":""5394e720-1a70-4eeb-da8e-4d817b3c7db9"",""yes_price_dollars"":""0.5700""}"
KXETH15M-26APR281215-15,c4685393-c792-7dcf-e718-a9ab638f8507,1777392026,0.51,34.73,no,"{""count_fp"":""34.73"",""created_time"":""2026-04-28T16:00:26.210848Z"",""no_price_dollars"":""0.4900"",""taker_side"":""no"",""ticker"":""KXETH15M-26APR281215-15"",""trade_id"":""c4685393-c792-7dcf-e718-a9ab638f8507"",""yes_price_dollars"":""0.5100""}"
KXETH15M-26APR281215-15,654821ee-787c-5447-1e68-91ab6d201753,1777392043,0.56,3.0,no,"{""count_fp"":""3.00"",""created_time"":""2026-04-28T16:00:43.546145Z"",""no_price_dollars"":""0.4400"",""taker_side"":""no"",""ticker"":""KXETH15M-26APR281215-15"",""trade_id"":""654821ee-787c-5447-1e68-91ab6d201753"",""yes_price_dollars"":""0.5600""}"
KXETH15M-26APR281215-15,d793d5a0-e6ea-7ef6-695b-ecfb42dd5cda,1777392044,0.57,2.0,yes,"{""count_fp"":""2.00"",""created_time"":""2026-04-28T16:00:44.606002Z"",""no_price_dollars"":""0.4300"",""taker_side"":""yes"",""ticker"":""KXETH15M-26APR281215-15"",""trade_id"":""d793d5a0-e6ea-7ef6-695b-ecfb42dd5cda"",""yes_price_dollars"":""0.5700""}"
KXETH15M-26APR281215-15,d6781a23-af73-7df6-7b00-70742b238e99,1777392044,0.57,1.0,yes,"{""count_fp"":""1.00"",""created_time"":""2026-04-28T16:00:44.606002Z"",""no_price_dollars"":""0.4300"",""taker_side"":""yes"",""ticker"":""KXETH15M-26APR281215-15"",""trade_id"":""d6781a23-af73-7df6-7b00-70742b238e99"",""yes_price_dollars"":""0.5700""}"
KXETH15M-26APR281215-15,9b1d34bc-d5e3-43ac-2253-eab6648210fb,1777392050,0.55,10.0,no,"{""count_fp"":""10.00"",""created_time"":""2026-04-28T16:00:50.865948Z"",""no_price_dollars"":""0.4500"",""taker_side"":""no"",""ticker"":""KXETH15M-26APR281215-15"",""trade_id"":""9b1d34bc-d5e3-43ac-2253-eab6648210fb"",""yes_price_dollars"":""0.5500""}"
KXETH15M-26APR281215-15,902945db-4173-47ec-05b3-985df7d63e30,1777392050,0.54,2.0,no,"{""count_fp"":""2.00"",""created_time"":""2026-04-28T16:00:50.865948Z"",""no_price_dollars"":""0.4600"",""taker_side"":""no"",""ticker"":""KXETH15M-26APR281215-15"",""trade_id"":""902945db-4173-47ec-05b3-985df7d63e30"",""yes_price_dollars"":""0.5400""}"
KXETH15M-26APR281215-15,5ba23b34-b52f-45d9-31fc-5e7d7b63348b,1777392050,0.54,3.74,no,"{""count_fp"":""3.74"",""created_time"":""2026-04-28T16:00:50.865948Z"",""no_price_dollars"":""0.4600"",""taker_side"":""no"",""ticker"":""KXETH15M-26APR281215-15"",""trade_id"":""5ba23b34-b52f-45d9-31fc-5e7d7b63348b"",""yes_price_dollars"":""0.5400""}"
KXETH15M-26APR281215-15,e4d0521c-7518-5ca9-732b-3e50a07aaf18,1777392053,0.57,2.0,yes,"{""count_fp"":""2.00"",""created_time"":""2026-04-28T16:00:53.699963Z"",""no_price_dollars"":""0.4300"",""taker_side"":""yes"",""ticker"":""KXETH15M-26APR281215-15"",""trade_id"":""e4d0521c-7518-5ca9-732b-3e50a07aaf18"",""yes_price_dollars"":""0.5700""}"
KXETH15M-26APR281215-15,d6ebd27c-d020-5380-59ea-f592eb1b079b,1777392053,0.58,33.18,yes,"{""count_fp"":""33.18"",""created_time"":""2026-04-28T16:00:53.699963Z"",""no_price_dollars"":""0.4200"",""taker_side"":""yes"",""ticker"":""KXETH15M-26APR281215-15"",""trade_id"":""d6ebd27c-d020-5380-59ea-f592eb1b079b"",""yes_price_dollars"":""0.5800""}"
KXETH15M-26APR281215-15,44edce79-c59a-7eac-993f-82473aac464b,1777392059,0.54,1.0,no,"{""count_fp"":""1.00"",""created_time"":""2026-04-28T16:00:59.696941Z"",""no_price_dollars"":""0.4600"",""taker_side"":""no"",""ticker"":""KXETH15M-26APR281215-15"",""trade_id"":""44edce79-c59a-7eac-993f-82473aac464b"",""yes_price_dollars"":""0.5400""}"
KXETH15M-26APR281215-15,2b5bda0f-6e06-4eef-e040-38d8cc9ad0e4,1777392060,0.55,8.0,no,"{""count_fp"":""8.00"",""created_time"":""2026-04-28T16:01:00.919302Z"",""no_price_dollars"":""0.4500"",""taker_side"":""no"",""ticker"":""KXETH15M-26APR281215-15"",""trade_id"":""2b5bda0f-6e06-4eef-e040-38d8cc9ad0e4"",""yes_price_dollars"":""0.5500""}"
KXETH15M-26APR281215-15,c82013d0-d10a-4ab7-5093-2fa2055dad23,1777392060,0.57,1.0,yes,"{""count_fp"":""1.00"",""created_time"":""2026-04-28T16:01:00.512746Z"",""no_price_dollars"":""0.4300"",""taker_side"":""yes"",""ticker"":""KXETH15M-26APR281215-15"",""trade_id"":""c82013d0-d10a-4ab7-5093-2fa2055dad23"",""yes_price_dollars"":""0.5700""}"
KXETH15M-26APR281215-15,2b6d67c5-3fac-7ff8-d75d-6763d9f45c7f,1777392063,0.58,1.0,yes,"{""count_fp"":""1.00"",""created_time"":""2026-04-28T16:01:03.097109Z"",""no_price_dollars"":""0.4200"",""taker_side"":""yes"",""ticker"":""KXETH15M-26APR281215-15"",""trade_id"":""2b6d67c5-3fac-7ff8-d75d-6763d9f45c7f"",""yes_price_dollars"":""0.5800""}"
KXETH15M-26APR281215-15,0ee6de36-f946-78af-fd05-7acc7572b4a3,1777392063,0.57,1.0,yes,"{""count_fp"":""1.00"",""created_time"":""2026-04-28T16:01:03.097109Z"",""no_price_dollars"":""0.4300"",""taker_side"":""yes"",""ticker"":""KXETH15M-26APR281215-15"",""trade_id"":""0ee6de36-f946-78af-fd05-7acc7572b4a3"",""yes_price_dollars"":""0.5700""}"
KXETH15M-26APR281215-15,50998763-9ff3-6bee-16d9-869888b25530,1777392066,0.56,1.0,no,"{""count_fp"":""1.00"",""created_time"":""2026-04-28T16:01:06.989303Z"",""no_price_dollars"":""0.4400"",""taker_side"":""no"",""ticker"":""KXETH15M-26APR281215-15"",""trade_id"":""50998763-9ff3-6bee-16d9-869888b25530"",""yes_price_dollars"":""0.5600""}"
KXETH15M-26APR281215-15,38cb8103-629e-6507-19a6-9c2785cef49a,1777392066,0.55,37.18,no,"{""count_fp"":""37.18"",""created_time"":""2026-04-28T16:01:06.989303Z"",""no_price_dollars"":""0.4500"",""taker_side"":""no"",""ticker"":""KXETH15M-26APR281215-15"",""trade_id"":""38cb8103-629e-6507-19a6-9c2785cef49a"",""yes_price_dollars"":""0.5500""}"
KXETH15M-26APR281215-15,2d6c9202-8861-66dc-11ea-232eb472cbdd,1777392066,0.58,4.18,no,"{""count_fp"":""4.18"",""created_time"":""2026-04-28T16:01:06.989303Z"",""no_price_dollars"":""0.4200"",""taker_side"":""no"",""ticker"":""KXETH15M-26APR281215-15"",""trade_id"":""2d6c9202-8861-66dc-11ea-232eb472cbdd"",""yes_price_dollars"":""0.5800""}"
KXETH15M-26APR281215-15,0e6c525e-cc0e-68f9-2164-c616c64482f2,1777392066,0.55,10.0,no,"{""count_fp"":""10.00"",""created_time"":""2026-04-28T16:01:06.989303Z"",""no_price_dollars"":""0.4500"",""taker_side"":""no"",""ticker"":""KXETH15M-26APR281215-15"",""trade_id"":""0e6c525e-cc0e-68f9-2164-c616c64482f2"",""yes_price_dollars"":""0.5500""}"
KXETH15M-26APR281215-15,adb38c9a-87c8-5348-729a-3a3318287a7f,1777392066,0.58,5.82,yes,"{""count_fp"":""5.82"",""created_time"":""2026-04-28T16:01:06.229934Z"",""no_price_dollars"":""0.4200"",""taker_side"":""yes"",""ticker"":""KXETH15M-26APR281215-15"",""trade_id"":""adb38c9a-87c8-5348-729a-3a3318287a7f"",""yes_price_dollars"":""0.5800""}"
KXETH15M-26APR281215-15,7fa09f4f-67cb-7172-7d4e-d1cdfdeea7a5,1777392067,0.55,1.0,yes,"{""count_fp"":""1.00"",""created_time"":""2026-04-28T16:01:07.738931Z"",""no_price_dollars"":""0.4500"",""taker_side"":""yes"",""ticker"":""KXETH15M-26APR281215-15"",""trade_id"":""7fa09f4f-67cb-7172-7d4e-d1cdfdeea7a5"",""yes_price_dollars"":""0.5500""}"
KXETH15M-26APR281215-15,1a63e3a7-5557-5dee-9a99-3c1ec7b3bbc9,1777392070,0.54,3.0,yes,"{""count_fp"":""3.00"",""created_time"":""2026-04-28T16:01:10.725824Z"",""no_price_dollars"":""0.4600"",""taker_side"":""yes"",""ticker"":""KXETH15M-26APR281215-15"",""trade_id"":""1a63e3a7-5557-5dee-9a99-3c1ec7b3bbc9"",""yes_price_dollars"":""0.5400""}"
KXETH15M-26APR281215-15,b96ebbb0-0463-5ce9-603a-6fd2dc53043c,1777392079,0.53,1.0,yes,"{""count_fp"":""1.00"",""created_time"":""2026-04-28T16:01:19.764302Z"",""no_price_dollars"":""0.4700"",""taker_side"":""yes"",""ticker"":""KXETH15M-26APR281215-15"",""trade_id"":""b96ebbb0-0463-5ce9-603a-6fd2dc53043c"",""yes_price_dollars"":""0.5300""}"
KXETH15M-26APR281215-15,c30bfa74-643f-6065-c33f-331a11704b5c,1777392079,0.53,0.45,yes,"{""count_fp"":""0.45"",""created_time"":""2026-04-28T16:01:19.614371Z"",""no_price_dollars"":""0.4700"",""taker_side"":""yes"",""ticker"":""KXETH15M-26APR281215-15"",""trade_id"":""c30bfa74-643f-6065-c33f-331a11704b5c"",""yes_price_dollars"":""0.5300""}"
KXETH15M-26APR281215-15,d6ad6e8f-4bb3-4ffe-9d0c-98512fd15954,1777392082,0.56,45.17,no,"{""count_fp"":""45.17"",""created_time"":""2026-04-28T16:01:22.468926Z"",""no_price_dollars"":""0.4400"",""taker_side"":""no"",""ticker"":""KXETH15M-26APR281215-15"",""trade_id"":""d6ad6e8f-4bb3-4ffe-9d0c-98512fd15954"",""yes_price_dollars"":""0.5600""}"
KXETH15M-26APR281215-15,46d0df22-3a3d-4d1d-a42f-6364b4e3482e,1777392082,0.57,10.0,no,"{""count_fp"":""10.00"",""created_time"":""2026-04-28T16:01:22.468926Z"",""no_price_dollars"":""0.4300"",""taker_side"":""no"",""ticker"":""KXETH15M-26APR281215-15"",""trade_id"":""46d0df22-3a3d-4d1d-a42f-6364b4e3482e"",""yes_price_dollars"":""0.5700""}"
KXETH15M-26APR281215-15,7f016b9d-a24e-5848-6166-aca825a88022,1777392082,0.55,10.0,yes,"{""count_fp"":""10.00"",""created_time"":""2026-04-28T16:01:22.285744Z"",""no_price_dollars"":""0.4500"",""taker_side"":""yes"",""ticker"":""KXETH15M-26APR281215-15"",""trade_id"":""7f016b9d-a24e-5848-6166-aca825a88022"",""yes_price_dollars"":""0.5500""}"
KXETH15M-26APR281215-15,5ce2f748-cfdf-5f5c-e783-53aedc2b888b,1777392082,0.53,0.55,yes,"{""count_fp"":""0.55"",""created_time"":""2026-04-28T16:01:22.285252Z"",""no_price_dollars"":""0.4700"",""taker_side"":""yes"",""ticker"":""KXETH15M-26APR281215-15"",""trade_id"":""5ce2f748-cfdf-5f5c-e783-53aedc2b888b"",""yes_price_dollars"":""0.5300""}"
KXETH15M-26APR281215-15,e75dedb9-36bb-5f7d-bb28-c69ac3b6b284,1777392082,0.53,0.55,yes,"{""count_fp"":""0.55"",""created_time"":""2026-04-28T16:01:22.278362Z"",""no_price_dollars"":""0.4700"",""taker_side"":""yes"",""ticker"":""KXETH15M-26APR281215-15"",""trade_id"":""e75dedb9-36bb-5f7d-bb28-c69ac3b6b284"",""yes_price_dollars"":""0.5300""}"
KXETH15M-26APR281215-15,00869b3f-2183-5f00-b768-e3b3bb067f53,1777392082,0.53,9.45,yes,"{""count_fp"":""9.45"",""created_time"":""2026-04-28T16:01:22.278362Z"",""no_price_dollars"":""0.4700"",""taker_side"":""yes"",""ticker"":""KXETH15M-26APR281215-15"",""trade_id"":""00869b3f-2183-5f00-b768-e3b3bb067f53"",""yes_price_dollars"":""0.5300""}"
KXETH15M-26APR281215-15,6aa78113-2353-75d6-8d0b-51bfb03400a9,1777392088,0.59,0.22,yes,"{""count_fp"":""0.22"",""created_time"":""2026-04-28T16:01:28.125997Z"",""no_price_dollars"":""0.4100"",""taker_side"":""yes"",""ticker"":""KXETH15M-26APR281215-15"",""trade_id"":""6aa78113-2353-75d6-8d0b-51bfb03400a9"",""yes_price_dollars"":""0.5900""}"
KXETH15M-26APR281215-15,68129060-4fd9-7890-bc5e-564a07c15545,1777392088,0.58,40.0,yes,"{""count_fp"":""40.00"",""created_time"":""2026-04-28T16:01:28.125997Z"",""no_price_dollars"":""0.4200"",""taker_side"":""yes"",""ticker"":""KXETH15M-26APR281215-15"",""trade_id"":""68129060-4fd9-7890-bc5e-564a07c15545"",""yes_price_dollars"":""0.5800""}"
KXETH15M-26APR281215-15,060ac302-ba24-72df-a6bf-dd60426dfe41,1777392088,0.58,10.0,yes,"{""count_fp"":""10.00"",""created_time"":""2026-04-28T16:01:28.125997Z"",""no_price_dollars"":""0.4200"",""taker_side"":""yes"",""ticker"":""KXETH15M-26APR281215-15"",""trade_id"":""060ac302-ba24-72df-a6bf-dd60426dfe41"",""yes_price_dollars"":""0.5800""}"
KXETH15M-26APR281215-15,c8148a6d-3767-497e-64f1-49d88713e885,1777392090,0.59,0.81,yes,"{""count_fp"":""0.81"",""created_time"":""2026-04-28T16:01:30.649696Z"",""no_price_dollars"":""0.4100"",""taker_side"":""yes"",""ticker"":""KXETH15M-26APR281215-15"",""trade_id"":""c8148a6d-3767-497e-64f1-49d88713e885"",""yes_price_dollars"":""0.5900""}"
KXETH15M-26APR281215-15,79b1a866-67ae-6edf-62cd-56b5a963369e,1777392092,0.6,53.0,no,"{""count_fp"":""53.00"",""created_time"":""2026-04-28T16:01:32.998612Z"",""no_price_dollars"":""0.4000"",""taker_side"":""no"",""ticker"":""KXETH15M-26APR281215-15"",""trade_id"":""79b1a866-67ae-6edf-62cd-56b5a963369e"",""yes_price_dollars"":""0.6000""}"
KXETH15M-26APR281215-15,b797c574-29e8-754d-ce3c-9a98a7c6ba95,1777392092,0.61,4.0,no,"{""count_fp"":""4.00"",""created_time"":""2026-04-28T16:01:32.947111Z"",""no_price_dollars"":""0.3900"",""taker_side"":""no"",""ticker"":""KXETH15M-26APR281215-15"",""trade_id"":""b797c574-29e8-754d-ce3c-9a98a7c6ba95"",""yes_price_dollars"":""0.6100""}"
KXETH15M-26APR281215-15,f2117142-ec4b-6da3-253b-34dbb3724c59,1777392092,0.63,57.0,no,"{""count_fp"":""57.00"",""created_time"":""2026-04-28T16:01:32.930444Z"",""no_price_dollars"":""0.3700"",""taker_side"":""no"",""ticker"":""KXETH15M-26APR281215-15"",""trade_id"":""f2117142-ec4b-6da3-253b-34dbb3724c59"",""yes_price_dollars"":""0.6300""}"
KXETH15M-26APR281215-15,32fc54f2-74f1-653c-e32d-0c2c38282ccb,1777392092,0.64,57.0,no,"{""count_fp"":""57.00"",""created_time"":""2026-04-28T16:01:32.926384Z"",""no_price_dollars"":""0.3600"",""taker_side"":""no"",""ticker"":""KXETH15M-26APR281215-15"",""trade_id"":""32fc54f2-74f1-653c-e32d-0c2c38282ccb"",""yes_price_dollars"":""0.6400""}"
KXETH15M-26APR281215-15,2fef0be4-a214-5655-8aef-fc8f1f11f86e,1777392092,0.68,10.0,no,"{""count_fp"":""10.00"",""created_time"":""2026-04-28T16:01:32.865964Z"",""no_price_dollars"":""0.3200"",""taker_side"":""no"",""ticker"":""KXETH15M-26APR281215-15"",""trade_id"":""2fef0be4-a214-5655-8aef-fc8f1f11f86e"",""yes_price_dollars"":""0.6800""}"
KXETH15M-26APR281215-15,aac6fccd-4534-5a38-b5b1-ae3c4976f59e,1777392092,0.69,10.0,no,"{""count_fp"":""10.00"",""created_time"":""2026-04-28T16:01:32.858896Z"",""no_price_dollars"":""0.3100"",""taker_side"":""no"",""ticker"":""KXETH15M-26APR281215-15"",""trade_id"":""aac6fccd-4534-5a38-b5b1-ae3c4976f59e"",""yes_price_dollars"":""0.6900""}"
KXETH15M-26APR281215-15,2f1d28b0-717b-433b-7a62-bd292079879f,1777392092,0.66,10.0,yes,"{""count_fp"":""10.00"",""created_time"":""2026-04-28T16:01:32.622316Z"",""no_price_dollars"":""0.3400"",""taker_side"":""yes"",""ticker"":""KXETH15M-26APR281215-15"",""trade_id"":""2f1d28b0-717b-433b-7a62-bd292079879f"",""yes_price_dollars"":""0.6600""}"
KXETH15M-26APR281215-15,e9a7ede1-26f7-6d5a-c99d-a0cea27f42ac,1777392092,0.61,10.0,yes,"{""count_fp"":""10.00"",""created_time"":""2026-04-28T16:01:32.522806Z"",""no_price_dollars"":""0.3900"",""taker_side"":""yes"",""ticker"":""KXETH15M-26APR281215-15"",""trade_id"":""e9a7ede1-26f7-6d5a-c99d-a0cea27f42ac"",""yes_price_dollars"":""0.6100""}"
KXETH15M-26APR281215-15,48d41619-1b09-6a41-c3d0-d3ddb3325552,1777392092,0.62,10.0,yes,"{""count_fp"":""10.00"",""created_time"":""2026-04-28T16:01:32.522806Z"",""no_price_dollars"":""0.3800"",""taker_side"":""yes"",""ticker"":""KXETH15M-26APR281215-15"",""trade_id"":""48d41619-1b09-6a41-c3d0-d3ddb3325552"",""yes_price_dollars"":""0.6200""}"
KXETH15M-26APR281215-15,0b71b04f-a5ad-68a3-e66d-cce222fa7bfd,1777392092,0.63,58.0,yes,"{""count_fp"":""58.00"",""created_time"":""2026-04-28T16:01:32.522806Z"",""no_price_dollars"":""0.3700"",""taker_side"":""yes"",""ticker"":""KXETH15M-26APR281215-15"",""trade_id"":""0b71b04f-a5ad-68a3-e66d-cce222fa7bfd"",""yes_price_dollars"":""0.6300""}"
KXETH15M-26APR281215-15,81e3f765-ffa1-7716-c647-773518a68e2b,1777392093,0.61,6.0,yes,"{""count_fp"":""6.00"",""created_time"":""2026-04-28T16:01:33.677064Z"",""no_price_dollars"":""0.3900"",""taker_side"":""yes"",""ticker"":""KXETH15M-26APR281215-15"",""trade_id"":""81e3f765-ffa1-7716-c647-773518a68e2b"",""yes_price_dollars"":""0.6100""}"
KXETH15M-26APR281215-15,edda4d4a-ca1f-40c7-392d-e24d5c237c96,1777392093,0.68,5.0,yes,"{""count_fp"":""5.00"",""created_time"":""2026-04-28T16:01:33.143273Z"",""no_price_dollars"":""0.3200"",""taker_side"":""yes"",""ticker"":""KXETH15M-26APR281215-15"",""trade_id"":""edda4d4a-ca1f-40c7-392d-e24d5c237c96"",""yes_price_dollars"":""0.6800""}"
KXETH15M-26APR281215-15,4cb3941f-8e6f-4f80-6e49-22c194c8e04b,1777392093,0.6,10.0,no,"{""count_fp"":""10.00"",""created_time"":""2026-04-28T16:01:33.015147Z"",""no_price_dollars"":""0.4000"",""taker_side"":""no"",""ticker"":""KXETH15M-26APR281215-15"",""trade_id"":""4cb3941f-8e6f-4f80-6e49-22c194c8e04b"",""yes_price_dollars"":""0.6000""}"
KXETH15M-26APR281215-15,8395bbec-c7d9-535e-a56b-c69217cd3371,1777392110,0.62,6.0,no,"{""count_fp"":""6.00"",""created_time"":""2026-04-28T16:01:50.773266Z"",""no_price_dollars"":""0.3800"",""taker_side"":""no"",""ticker"":""KXETH15M-26APR281215-15"",""trade_id"":""8395bbec-c7d9-535e-a56b-c69217cd3371"",""yes_price_dollars"":""0.6200""}"
KXETH15M-26APR281215-15,e868750a-7273-7193-6e56-96f8f9d608b5,1777392110,0.63,0.17,yes,"{""count_fp"":""0.17"",""created_time"":""2026-04-28T16:01:50.727535Z"",""no_price_dollars"":""0.3700"",""taker_side"":""yes"",""ticker"":""KXETH15M-26APR281215-15"",""trade_id"":""e868750a-7273-7193-6e56-96f8f9d608b5"",""yes_price_dollars"":""0.6300""}"
KXETH15M-26APR281215-15,b6fc550d-168e-5390-a1f5-000aba851a9f,1777392115,0.62,10.0,no,"{""count_fp"":""10.00"",""created_time"":""2026-04-28T16:01:55.622928Z"",""no_price_dollars"":""0.3800"",""taker_side"":""no"",""ticker"":""KXETH15M-26APR281215-15"",""trade_id"":""b6fc550d-168e-5390-a1f5-000aba851a9f"",""yes_price_dollars"":""0.6200""}"
KXETH15M-26APR281215-15,0ddc5ff1-f342-5369-911d-7788003aedd2,1777392115,0.62,13.99,no,"{""count_fp"":""13.99"",""created_time"":""2026-04-28T16:01:55.622928Z"",""no_price_dollars"":""0.3800"",""taker_side"":""no"",""ticker"":""KXETH15M-26APR281215-15"",""trade_id"":""0ddc5ff1-f342-5369-911d-7788003aedd2"",""yes_price_dollars"":""0.6200""}"
KXETH15M-26APR281215-15,8a4086fa-7ac5-6ab6-d177-00e46c2ed650,1777392119,0.62,11.71,no,"{""count_fp"":""11.71"",""created_time"":""2026-04-28T16:01:59.944342Z"",""no_price_dollars"":""0.3800"",""taker_side"":""no"",""ticker"":""KXETH15M-26APR281215-15"",""trade_id"":""8a4086fa-7ac5-6ab6-d177-00e46c2ed650"",""yes_price_dollars"":""0.6200""}"
KXETH15M-26APR281215-15,0f1cd8d7-8dbf-4deb-51f1-b3c125945ac1,1777392121,0.63,1.0,yes,"{""count_fp"":""1.00"",""created_time"":""2026-04-28T16:02:01.844696Z"",""no_price_dollars"":""0.3700"",""taker_side"":""yes"",""ticker"":""KXETH15M-26APR281215-15"",""trade_id"":""0f1cd8d7-8dbf-4deb-51f1-b3c125945ac1"",""yes_price_dollars"":""0.6300""}"
KXETH15M-26APR281215-15,238ac741-64c3-5bbb-78ee-c80edb78820a,1777392125,0.7,0.83,yes,"{""count_fp"":""0.83"",""created_time"":""2026-04-28T16:02:05.993117Z"",""no_price_dollars"":""0.3000"",""taker_side"":""yes"",""ticker"":""KXETH15M-26APR281215-15"",""trade_id"":""238ac741-64c3-5bbb-78ee-c80edb78820a"",""yes_price_dollars"":""0.7000""}"
KXETH15M-26APR281215-15,d39e574d-8a9e-6c2e-c9d0-a64e52912f3c,1777392125,0.69,10.0,yes,"{""count_fp"":""10.00"",""created_time"":""2026-04-28T16:02:05.974192Z"",""no_price_dollars"":""0.3100"",""taker_side"":""yes"",""ticker"":""KXETH15M-26APR281215-15"",""trade_id"":""d39e574d-8a9e-6c2e-c9d0-a64e52912f3c"",""yes_price_dollars"":""0.6900""}"
KXETH15M-26APR281215-15,31467a1e-539e-734a-9afd-14195c6ea060,1777392125,0.64,0.83,yes,"{""count_fp"":""0.83"",""created_time"":""2026-04-28T16:02:05.917682Z"",""no_price_dollars"":""0.3600"",""taker_side"":""yes"",""ticker"":""KXETH15M-26APR281215-15"",""trade_id"":""31467a1e-539e-734a-9afd-14195c6ea060"",""yes_price_dollars"":""0.6400""}"
KXETH15M-26APR281215-15,08843a23-bc0f-7c1f-8e15-12fbdc320742,1777392125,0.68,9.17,yes,"{""count_fp"":""9.17"",""created_time"":""2026-04-28T16:02:05.917682Z"",""no_price_dollars"":""0.3200"",""taker_side"":""yes"",""ticker"":""KXETH15M-26APR281215-15"",""trade_id"":""08843a23-bc0f-7c1f-8e15-12fbdc320742"",""yes_price_dollars"":""0.6800""}"
KXETH15M-26APR281215-15,c419ac3e-a8ce-5c0a-69b9-17d169676ca4,1777392125,0.64,39.17,yes,"{""count_fp"":""39.17"",""created_time"":""2026-04-28T16:02:05.633372Z"",""no_price_dollars"":""0.3600"",""taker_side"":""yes"",""ticker"":""KXETH15M-26APR281215-15"",""trade_id"":""c419ac3e-a8ce-5c0a-69b9-17d169676ca4"",""yes_price_dollars"":""0.6400""}"
KXETH15M-26APR281215-15,8a4e573a-02e3-5ab3-7581-46fb0a8ac759,1777392125,0.63,3.83,yes,"{""count_fp"":""3.83"",""created_time"":""2026-04-28T16:02:05.633372Z"",""no_price_dollars"":""0.3700"",""taker_side"":""yes"",""ticker"":""KXETH15M-26APR281215-15"",""trade_id"":""8a4e573a-02e3-5ab3-7581-46fb0a8ac759"",""yes_price_dollars"":""0.6300""}"
KXETH15M-26APR281215-15,11ab2611-cea8-5a73-cd5e-3992ba627ac2,1777392126,0.72,1.0,yes,"{""count_fp"":""1.00"",""created_time"":""2026-04-28T16:02:06.641754Z"",""no_price_dollars"":""0.2800"",""taker_side"":""yes"",""ticker"":""KXETH15M-26APR281215-15"",""trade_id"":""11ab2611-cea8-5a73-cd5e-3992ba627ac2"",""yes_price_dollars"":""0.7200""}"
KXETH15M-26APR281215-15,45de374c-a316-753a-3b82-f3e71c754cd0,1777392126,0.73,10.0,yes,"{""count_fp"":""10.00"",""created_time"":""2026-04-28T16:02:06.539062Z"",""no_price_dollars"":""0.2700"",""taker_side"":""yes"",""ticker"":""KXETH15M-26APR281215-15"",""trade_id"":""45de374c-a316-753a-3b82-f3e71c754cd0"",""yes_price_dollars"":""0.7300""}"
KXETH15M-26APR281215-15,e4094f17-089d-6b3e-8afc-aca5ed792b0f,1777392130,0.74,1.0,yes,"{""count_fp"":""1.00"",""created_time"":""2026-04-28T16:02:10.731356Z"",""no_price_dollars"":""0.2600"",""taker_side"":""yes"",""ticker"":""KXETH15M-26APR281215-15"",""trade_id"":""e4094f17-089d-6b3e-8afc-aca5ed792b0f"",""yes_price_dollars"":""0.7400""}"
KXETH15M-26APR281215-15,8b65f34d-9bcd-658d-6c45-a70da99217ba,1777392130,0.74,6.63,yes,"{""count_fp"":""6.63"",""created_time"":""2026-04-28T16:02:10.577152Z"",""no_price_dollars"":""0.2600"",""taker_side"":""yes"",""ticker"":""KXETH15M-26APR281215-15"",""trade_id"":""8b65f34d-9bcd-658d-6c45-a70da99217ba"",""yes_price_dollars"":""0.7400""}"
KXETH15M-26APR281215-15,a187c37b-624d-6002-85ba-194fde596b93,1777392131,0.7,6.15,no,"{""count_fp"":""6.15"",""created_time"":""2026-04-28T16:02:11.597723Z"",""no_price_dollars"":""0.3000"",""taker_side"":""no"",""ticker"":""KXETH15M-26APR281215-15"",""trade_id"":""a187c37b-624d-6002-85ba-194fde596b93"",""yes_price_dollars"":""0.7000""}"
KXETH15M-26APR281215-15,a0ec5e6f-c253-6f21-a8c3-d14616e3d75b,1777392132,0.73,2.0,yes,"{""count_fp"":""2.00"",""created_time"":""2026-04-28T16:02:12.919751Z"",""no_price_dollars"":""0.2700"",""taker_side"":""yes"",""ticker"":""KXETH15M-26APR281215-15"",""trade_id"":""a0ec5e6f-c253-6f21-a8c3-d14616e3d75b"",""yes_price_dollars"":""0.7300""}"
KXETH15M-26APR281215-15,901c996a-1e3c-72e7-d567-37b2bcdda3a6,1777392132,0.73,4.0,yes,"{""count_fp"":""4.00"",""created_time"":""2026-04-28T16:02:12.161128Z"",""no_price_dollars"":""0.2700"",""taker_side"":""yes"",""ticker"":""KXETH15M-26APR281215-15"",""trade_id"":""901c996a-1e3c-72e7-d567-37b2bcdda3a6"",""yes_price_dollars"":""0.7300""}"
KXETH15M-26APR281215-15,5dc3bb1d-971a-6c5d-5427-c5568416b442,1777392135,0.69,0.3,no,"{""count_fp"":""0.30"",""created_time"":""2026-04-28T16:02:15.981594Z"",""no_price_dollars"":""0.3100"",""taker_side"":""no"",""ticker"":""KXETH15M-26APR281215-15"",""trade_id"":""5dc3bb1d-971a-6c5d-5427-c5568416b442"",""yes_price_dollars"":""0.6900""}"
KXETH15M-26APR281215-15,c8d30df6-a7c6-6905-781c-db53050b3f0e,1777392135,0.69,0.3,no,"{""count_fp"":""0.30"",""created_time"":""2026-04-28T16:02:15.793138Z"",""no_price_dollars"":""0.3100"",""taker_side"":""no"",""ticker"":""KXETH15M-26APR281215-15"",""trade_id"":""c8d30df6-a7c6-6905-781c-db53050b3f0e"",""yes_price_dollars"":""0.6900""}"
KXETH15M-26APR281215-15,59aa01fc-e49b-55f0-193f-cd3eda37a57f,1777392135,0.69,0.3,no,"{""count_fp"":""0.30"",""created_time"":""2026-04-28T16:02:15.612385Z"",""no_price_dollars"":""0.3100"",""taker_side"":""no"",""ticker"":""KXETH15M-26APR281215-15"",""trade_id"":""59aa01fc-e49b-55f0-193f-cd3eda37a57f"",""yes_price_dollars"":""0.6900""}"
KXETH15M-26APR281215-15,8d98cd3d-9c5f-6938-d32a-62e7725a348e,1777392135,0.69,0.3,no,"{""count_fp"":""0.30"",""created_time"":""2026-04-28T16:02:15.298084Z"",""no_price_dollars"":""0.3100"",""taker_side"":""no"",""ticker"":""KXETH15M-26APR281215-15"",""trade_id"":""8d98cd3d-9c5f-6938-d32a-62e7725a348e"",""yes_price_dollars"":""0.6900""}"
KXETH15M-26APR281215-15,fd66f6c3-be55-410a-e784-5566b6039b8c,1777392136,0.69,0.3,no,"{""count_fp"":""0.30"",""created_time"":""2026-04-28T16:02:16.531847Z"",""no_price_dollars"":""0.3100"",""taker_side"":""no"",""ticker"":""KXETH15M-26APR281215-15"",""trade_id"":""fd66f6c3-be55-410a-e784-5566b6039b8c"",""yes_price_dollars"":""0.6900""}"
KXETH15M-26APR281215-15,f09f1bac-8f33-6016-da8c-e9f0501395b7,1777392137,0.7,0.7,no,"{""count_fp"":""0.70"",""created_time"":""2026-04-28T16:02:17.483348Z"",""no_price_dollars"":""0.3000"",""taker_side"":""no"",""ticker"":""KXETH15M-26APR281215-15"",""trade_id"":""f09f1bac-8f33-6016-da8c-e9f0501395b7"",""yes_price_dollars"":""0.7000""}"
KXETH15M-26APR281215-15,e13b9c9c-e9cf-7526-6917-040bdf0241bb,1777392137,0.7,0.3,no,"{""count_fp"":""0.30"",""created_time"":""2026-04-28T16:02:17.415025Z"",""no_price_dollars"":""0.3000"",""taker_side"":""no"",""ticker"":""KXETH15M-26APR281215-15"",""trade_id"":""e13b9c9c-e9cf-7526-6917-040bdf0241bb"",""yes_price_dollars"":""0.7000""}"
KXETH15M-26APR281215-15,6ba68ddf-1945-4bf6-617f-918ff9b71290,1777392137,0.69,0.3,no,"{""count_fp"":""0.30"",""created_time"":""2026-04-28T16:02:17.108191Z"",""no_price_dollars"":""0.3100"",""taker_side"":""no"",""ticker"":""KXETH15M-26APR281215-15"",""trade_id"":""6ba68ddf-1945-4bf6-617f-918ff9b71290"",""yes_price_dollars"":""0.6900""}"
KXETH15M-26APR281215-15,6594d072-a805-7eb9-dbe4-211949c18e7a,1777392138,0.67,1.0,yes,"{""count_fp"":""1.00"",""created_time"":""2026-04-28T16:02:18.545081Z"",""no_price_dollars"":""0.3300"",""taker_side"":""yes"",""ticker"":""KXETH15M-26APR281215-15"",""trade_id"":""6594d072-a805-7eb9-dbe4-211949c18e7a"",""yes_price_dollars"":""0.6700""}"
KXETH15M-26APR281215-15,ebe927f1-7827-6e60-5f21-c8c1e74e3173,1777392138,0.66,0.91,no,"{""count_fp"":""0.91"",""created_time"":""2026-04-28T16:02:18.442724Z"",""no_price_dollars"":""0.3400"",""taker_side"":""no"",""ticker"":""KXETH15M-26APR281215-15"",""trade_id"":""ebe927f1-7827-6e60-5f21-c8c1e74e3173"",""yes_price_dollars"":""0.6600""}"
KXETH15M-26APR281215-15,d25ddff7-046e-7d62-6b5c-819bbbf52c8b,1777392139,0.6,5.0,no,"{""count_fp"":""5.00"",""created_time"":""2026-04-28T16:02:19.992451Z"",""no_price_dollars"":""0.4000"",""taker_side"":""no"",""ticker"":""KXETH15M-26APR281215-15"",""trade_id"":""d25ddff7-046e-7d62-6b5c-819bbbf52c8b"",""yes_price_dollars"":""0.6000""}"
KXETH15M-26APR281215-15,66e2fd36-52e8-4684-a3e5-d76a946e5cd0,1777392139,0.6,10.0,no,"{""count_fp"":""10.00"",""created_time"":""2026-04-28T16:02:19.988449Z"",""no_price_dollars"":""0.4000"",""taker_side"":""no"",""ticker"":""KXETH15M-26APR281215-15"",""trade_id"":""66e2fd36-52e8-4684-a3e5-d76a946e5cd0"",""yes_price_dollars"":""0.6000""}"
KXETH15M-26APR281215-15,22aea15c-8a7a-49e2-b490-02138ef6d0ab,1777392139,0.6,5.0,no,"{""count_fp"":""5.00"",""created_time"":""2026-04-28T16:02:19.988449Z"",""no_price_dollars"":""0.4000"",""taker_side"":""no"",""ticker"":""KXETH15M-26APR281215-15"",""trade_id"":""22aea15c-8a7a-49e2-b490-02138ef6d0ab"",""yes_price_dollars"":""0.6000""}"
KXETH15M-26APR281215-15,c7ae0c3c-ab42-7697-9ada-cc5ca77b9b77,1777392139,0.63,5.0,no,"{""count_fp"":""5.00"",""created_time"":""2026-04-28T16:02:19.975729Z"",""no_price_dollars"":""0.3700"",""taker_side"":""no"",""ticker"":""KXETH15M-26APR281215-15"",""trade_id"":""c7ae0c3c-ab42-7697-9ada-cc5ca77b9b77"",""yes_price_dollars"":""0.6300""}"
KXETH15M-26APR281215-15,faaf7dbd-3553-4d64-f153-73006073e05f,1777392139,0.64,10.0,no,"{""count_fp"":""10.00"",""created_time"":""2026-04-28T16:02:19.875356Z"",""no_price_dollars"":""0.3600"",""taker_side"":""no"",""ticker"":""KXETH15M-26APR281215-15"",""trade_id"":""faaf7dbd-3553-4d64-f153-73006073e05f"",""yes_price_dollars"":""0.6400""}"
KXETH15M-26APR281215-15,ce6b1b12-27e4-61c3-69c4-e33a5267cef2,1777392139,0.67,0.3,yes,"{""count_fp"":""0.30"",""created_time"":""2026-04-28T16:02:19.156509Z"",""no_price_dollars"":""0.3300"",""taker_side"":""yes"",""ticker"":""KXETH15M-26APR281215-15"",""trade_id"":""ce6b1b12-27e4-61c3-69c4-e33a5267cef2"",""yes_price_dollars"":""0.6700""}"
KXETH15M-26APR281215-15,1ea7d3b5-8d05-6902-4190-258b0bee4f13,1777392139,0.67,35.13,yes,"{""count_fp"":""35.13"",""created_time"":""2026-04-28T16:02:19.156509Z"",""no_price_dollars"":""0.3300"",""taker_side"":""yes"",""ticker"":""KXETH15M-26APR281215-15"",""trade_id"":""1ea7d3b5-8d05-6902-4190-258b0bee4f13"",""yes_price_dollars"":""0.6700""}"
KXETH15M-26APR281215-15,4e4aeb6a-5cc6-43c7-a367-24a2261a4258,1777392140,0.6,15.0,no,"{""count_fp"":""15.00"",""created_time"":""2026-04-28T16:02:20.004736Z"",""no_price_dollars"":""0.4000"",""taker_side"":""no"",""ticker"":""KXETH15M-26APR281215-15"",""trade_id"":""4e4aeb6a-5cc6-43c7-a367-24a2261a4258"",""yes_price_dollars"":""0.6000""}"
KXETH15M-26APR281215-15,c6e8c6e5-092f-6464-e666-b0a375326fc4,1777392141,0.58,0.2,no,"{""count_fp"":""0.20"",""created_time"":""2026-04-28T16:02:21.899434Z"",""no_price_dollars"":""0.4200"",""taker_side"":""no"",""ticker"":""KXETH15M-26APR281215-15"",""trade_id"":""c6e8c6e5-092f-6464-e666-b0a375326fc4"",""yes_price_dollars"":""0.5800""}"
KXETH15M-26APR281215-15,184517df-fadb-4008-04cd-fd71d41a3984,1777392141,0.58,0.2,no,"{""count_fp"":""0.20"",""created_time"":""2026-04-28T16:02:21.760296Z"",""no_price_dollars"":""0.4200"",""taker_side"":""no"",""ticker"":""KXETH15M-26APR281215-15"",""trade_id"":""184517df-fadb-4008-04cd-fd71d41a3984"",""yes_price_dollars"":""0.5800""}"
KXETH15M-26APR281215-15,9a6dabd3-2df3-72fc-7e1d-a700a5156888,1777392141,0.58,0.2,no,"{""count_fp"":""0.20"",""created_time"":""2026-04-28T16:02:21.571381Z"",""no_price_dollars"":""0.4200"",""taker_side"":""no"",""ticker"":""KXETH15M-26APR281215-15"",""trade_id"":""9a6dabd3-2df3-72fc-7e1d-a700a5156888"",""yes_price_dollars"":""0.5800""}"
KXETH15M-26APR281215-15,5523d321-2ee7-70a8-f42a-ba53ab70cce8,1777392141,0.58,0.2,no,"{""count_fp"":""0.20"",""created_time"":""2026-04-28T16:02:21.306025Z"",""no_price_dollars"":""0.4200"",""taker_side"":""no"",""ticker"":""KXETH15M-26APR281215-15"",""trade_id"":""5523d321-2ee7-70a8-f42a-ba53ab70cce8"",""yes_price_dollars"":""0.5800""}"
KXETH15M-26APR281215-15,3d64ffca-316f-77b8-38a3-f20ac54e90f4,1777392142,0.58,0.2,no,"{""count_fp"":""0.20"",""created_time"":""2026-04-28T16:02:22.893829Z"",""no_price_dollars"":""0.4200"",""taker_side"":""no"",""ticker"":""KXETH15M-26APR281215-15"",""trade_id"":""3d64ffca-316f-77b8-38a3-f20ac54e90f4"",""yes_price_dollars"":""0.5800""}"
KXETH15M-26APR281215-15,16dfbf8b-997f-7574-068d-f00fcfcb72b0,1777392142,0.58,0.2,no,"{""count_fp"":""0.20"",""created_time"":""2026-04-28T16:02:22.641802Z"",""no_price_dollars"":""0.4200"",""taker_side"":""no"",""ticker"":""KXETH15M-26APR281215-15"",""trade_id"":""16dfbf8b-997f-7574-068d-f00fcfcb72b0"",""yes_price_dollars"":""0.5800""}"
KXETH15M-26APR281215-15,7e9887bf-dd2f-6fe4-4d9c-2b140018d010,1777392142,0.58,0.2,no,"{""count_fp"":""0.20"",""created_time"":""2026-04-28T16:02:22.418301Z"",""no_price_dollars"":""0.4200"",""taker_side"":""no"",""ticker"":""KXETH15M-26APR281215-15"",""trade_id"":""7e9887bf-dd2f-6fe4-4d9c-2b140018d010"",""yes_price_dollars"":""0.5800""}"
KXETH15M-26APR281215-15,eca49668-125f-6a18-1879-c910aa160a74,1777392143,0.58,0.2,no,"{""count_fp"":""0.20"",""created_time"":""2026-04-28T16:02:23.564747Z"",""no_price_dollars"":""0.4200"",""taker_side"":""no"",""ticker"":""KXETH15M-26APR281215-15"",""trade_id"":""eca49668-125f-6a18-1879-c910aa160a74"",""yes_price_dollars"":""0.5800""}"
KXETH15M-26APR281215-15,2f8ef4e1-f75f-4ccc-4ace-7628e92f17e8,1777392143,0.58,0.2,no,"{""count_fp"":""0.20"",""created_time"":""2026-04-28T16:02:23.215328Z"",""no_price_dollars"":""0.4200"",""taker_side"":""no"",""ticker"":""KXETH15M-26APR281215-15"",""trade_id"":""2f8ef4e1-f75f-4ccc-4ace-7628e92f17e8"",""yes_price_dollars"":""0.5800""}"
KXETH15M-26APR281215-15,fe95ec29-7899-4332-eec7-6bc33b2e7bd7,1777392144,0.6,31.92,yes,"{""count_fp"":""31.92"",""created_time"":""2026-04-28T16:02:24.474672Z"",""no_price_dollars"":""0.4000"",""taker_side"":""yes"",""ticker"":""KXETH15M-26APR281215-15"",""trade_id"":""fe95ec29-7899-4332-eec7-6bc33b2e7bd7"",""yes_price_dollars"":""0.6000""}"
KXETH15M-26APR281215-15,2a201d7d-02c7-78bd-8840-2587ec9a3989,1777392144,0.59,9.0,yes,"{""count_fp"":""9.00"",""created_time"":""2026-04-28T16:02:24.061936Z"",""no_price_dollars"":""0.4100"",""taker_side"":""yes"",""ticker"":""KXETH15M-26APR281215-15"",""trade_id"":""2a201d7d-02c7-78bd-8840-2587ec9a3989"",""yes_price_dollars"":""0.5900""}"
KXETH15M-26APR281215-15,bcfe70a6-7e22-4142-051b-9b46376706a5,1777392148,0.57,0.2,no,"{""count_fp"":""0.20"",""created_time"":""2026-04-28T16:02:28.954229Z"",""no_price_dollars"":""0.4300"",""taker_side"":""no"",""ticker"":""KXETH15M-26APR281215-15"",""trade_id"":""bcfe70a6-7e22-4142-051b-9b46376706a5"",""yes_price_dollars"":""0.5700""}"
KXETH15M-26APR281215-15,c85901a6-e74b-5f48-fdca-7505db3ad384,1777392148,0.58,0.2,no,"{""count_fp"":""0.20"",""created_time"":""2026-04-28T16:02:28.631802Z"",""no_price_dollars"":""0.4200"",""taker_side"":""no"",""ticker"":""KXETH15M-26APR281215-15"",""trade_id"":""c85901a6-e74b-5f48-fdca-7505db3ad384"",""yes_price_dollars"":""0.5800""}"
KXETH15M-26APR281215-15,c38d1200-3e52-4242-5088-1241db51d729,1777392149,0.57,0.2,no,"{""count_fp"":""0.20"",""created_time"":""2026-04-28T16:02:29.480376Z"",""no_price_dollars"":""0.4300"",""taker_side"":""no"",""ticker"":""KXETH15M-26APR281215-15"",""trade_id"":""c38d1200-3e52-4242-5088-1241db51d729"",""yes_price_dollars"":""0.5700""}"
KXETH15M-26APR281215-15,cb27686d-597e-6f32-e155-b0eb41da9be1,1777392149,0.57,0.2,no,"{""count_fp"":""0.20"",""created_time"":""2026-04-28T16:02:29.309506Z"",""no_price_dollars"":""0.4300"",""taker_side"":""no"",""ticker"":""KXETH15M-26APR281215-15"",""trade_id"":""cb27686d-597e-6f32-e155-b0eb41da9be1"",""yes_price_dollars"":""0.5700""}"
KXETH15M-26APR281215-15,411d8ae8-a522-7882-2e50-008dda63584d,1777392151,0.57,0.2,no,"{""count_fp"":""0.20"",""created_time"":""2026-04-28T16:02:31.877709Z"",""no_price_dollars"":""0.4300"",""taker_side"":""no"",""ticker"":""KXETH15M-26APR281215-15"",""trade_id"":""411d8ae8-a522-7882-2e50-008dda63584d"",""yes_price_dollars"":""0.5700""}"
KXETH15M-26APR281215-15,0a67d955-89f1-7b62-a765-0808cefb1b13,1777392151,0.58,1.67,yes,"{""count_fp"":""1.67"",""created_time"":""2026-04-28T16:02:31.429934Z"",""no_price_dollars"":""0.4200"",""taker_side"":""yes"",""ticker"":""KXETH15M-26APR281215-15"",""trade_id"":""0a67d955-89f1-7b62-a765-0808cefb1b13"",""yes_price_dollars"":""0.5800""}"
KXETH15M-26APR281215-15,9e0ee523-8d65-7762-4b56-71e1fe09c75f,1777392151,0.58,5.02,yes,"{""count_fp"":""5.02"",""created_time"":""2026-04-28T16:02:31.361011Z"",""no_price_dollars"":""0.4200"",""taker_side"":""yes"",""ticker"":""KXETH15M-26APR281215-15"",""trade_id"":""9e0ee523-8d65-7762-4b56-71e1fe09c75f"",""yes_price_dollars"":""0.5800""}"
KXETH15M-26APR281215-15,1d5b592c-a696-7a06-e57f-dafa1b64cf11,1777392151,0.57,0.2,no,"{""count_fp"":""0.20"",""created_time"":""2026-04-28T16:02:31.357376Z"",""no_price_dollars"":""0.4300"",""taker_side"":""no"",""ticker"":""KXETH15M-26APR281215-15"",""trade_id"":""1d5b592c-a696-7a06-e57f-dafa1b64cf11"",""yes_price_dollars"":""0.5700""}"
KXETH15M-26APR281215-15,d08b482c-d6f2-599e-63da-13a398b5b40d,1777392151,0.57,0.2,no,"{""count_fp"":""0.20"",""created_time"":""2026-04-28T16:02:31.069265Z"",""no_price_dollars"":""0.4300"",""taker_side"":""no"",""ticker"":""KXETH15M-26APR281215-15"",""trade_id"":""d08b482c-d6f2-599e-63da-13a398b5b40d"",""yes_price_dollars"":""0.5700""}"
KXETH15M-26APR281215-15,0016d9b0-b346-742e-b061-dde18cd7db81,1777392152,0.57,0.4,no,"{""count_fp"":""0.40"",""created_time"":""2026-04-28T16:02:32.572845Z"",""no_price_dollars"":""0.4300"",""taker_side"":""no"",""ticker"":""KXETH15M-26APR281215-15"",""trade_id"":""0016d9b0-b346-742e-b061-dde18cd7db81"",""yes_price_dollars"":""0.5700""}"
KXETH15M-26APR281215-15,a5870953-c766-4f76-910c-c3a903129955,1777392152,0.57,0.2,no,"{""count_fp"":""0.20"",""created_time"":""2026-04-28T16:02:32.224154Z"",""no_price_dollars"":""0.4300"",""taker_side"":""no"",""ticker"":""KXETH15M-26APR281215-15"",""trade_id"":""a5870953-c766-4f76-910c-c3a903129955"",""yes_price_dollars"":""0.5700""}"
KXETH15M-26APR281215-15,ae2636c0-35c3-422a-8c8b-0271ba90f085,1777392153,0.52,336.0,no,"{""count_fp"":""336.00"",""created_time"":""2026-04-28T16:02:33.379725Z"",""no_price_dollars"":""0.4800"",""taker_side"":""no"",""ticker"":""KXETH15M-26APR281215-15"",""trade_id"":""ae2636c0-35c3-422a-8c8b-0271ba90f085"",""yes_price_dollars"":""0.5200""}"
KXETH15M-26APR281215-15,fd604623-cec7-7966-6ae6-3c3399ae9411,1777392153,0.52,14.0,no,"{""count_fp"":""14.00"",""created_time"":""2026-04-28T16:02:33.195279Z"",""no_price_dollars"":""0.4800"",""taker_side"":""no"",""ticker"":""KXETH15M-26APR281215-15"",""trade_id"":""fd604623-cec7-7966-6ae6-3c3399ae9411"",""yes_price_dollars"":""0.5200""}"
KXETH15M-26APR281215-15,aae4e036-5dd1-5afb-be03-1ec96cc3a424,1777392154,0.52,10.0,yes,"{""count_fp"":""10.00"",""created_time"":""2026-04-28T16:02:34.897106Z"",""no_price_dollars"":""0.4800"",""taker_side"":""yes"",""ticker"":""KXETH15M-26APR281215-15"",""trade_id"":""aae4e036-5dd1-5afb-be03-1ec96cc3a424"",""yes_price_dollars"":""0.5200""}"
KXETH15M-26APR281215-15,61f8f787-6916-5a06-86ab-44ae05e63e44,1777392154,0.52,6.74,yes,"{""count_fp"":""6.74"",""created_time"":""2026-04-28T16:02:34.897106Z"",""no_price_dollars"":""0.4800"",""taker_side"":""yes"",""ticker"":""KXETH15M-26APR281215-15"",""trade_id"":""61f8f787-6916-5a06-86ab-44ae05e63e44"",""yes_price_dollars"":""0.5200""}"
KXETH15M-26APR281215-15,33996f8a-e359-5652-075c-b4150cf1f19f,1777392155,0.49,2.0,yes,"{""count_fp"":""2.00"",""created_time"":""2026-04-28T16:02:35.599387Z"",""no_price_dollars"":""0.5100"",""taker_side"":""yes"",""ticker"":""KXETH15M-26APR281215-15"",""trade_id"":""33996f8a-e359-5652-075c-b4150cf1f19f"",""yes_price_dollars"":""0.4900""}"
KXETH15M-26APR281215-15,f2f96c8d-cb0d-6b54-0b3c-0096819d3209,1777392155,0.49,28.0,no,"{""count_fp"":""28.00"",""created_time"":""2026-04-28T16:02:35.410953Z"",""no_price_dollars"":""0.5100"",""taker_side"":""no"",""ticker"":""KXETH15M-26APR281215-15"",""trade_id"":""f2f96c8d-cb0d-6b54-0b3c-0096819d3209"",""yes_price_dollars"":""0.4900""}"
KXETH15M-26APR281215-15,f1a26342-fe8d-426e-c391-16c163d3572b,1777392157,0.49,4.5,yes,"{""count_fp"":""4.50"",""created_time"":""2026-04-28T16:02:37.329418Z"",""no_price_dollars"":""0.5100"",""taker_side"":""yes"",""ticker"":""KXETH15M-26APR281215-15"",""trade_id"":""f1a26342-fe8d-426e-c391-16c163d3572b"",""yes_price_dollars"":""0.4900""}"
KXETH15M-26APR281215-15,88332506-d6b1-6056-2a46-38cffc998aa1,1777392165,0.48,1.86,no,"{""count_fp"":""1.86"",""created_time"":""2026-04-28T16:02:45.608426Z"",""no_price_dollars"":""0.5200"",""taker_side"":""no"",""ticker"":""KXETH15M-26APR281215-15"",""trade_id"":""88332506-d6b1-6056-2a46-38cffc998aa1"",""yes_price_dollars"":""0.4800""}"
KXETH15M-26APR281215-15,64b45648-71be-500d-8624-5b9f930ab5d3,1777392165,0.51,1.89,yes,"{""count_fp"":""1.89"",""created_time"":""2026-04-28T16:02:45.545873Z"",""no_price_dollars"":""0.4900"",""taker_side"":""yes"",""ticker"":""KXETH15M-26APR281215-15"",""trade_id"":""64b45648-71be-500d-8624-5b9f930ab5d3"",""yes_price_dollars"":""0.5100""}"
KXETH15M-26APR281215-15,14a10a99-2d25-5d32-422b-bd18ba53f22f,1777392171,0.46,0.2,yes,"{""count_fp"":""0.20"",""created_time"":""2026-04-28T16:02:51.818472Z"",""no_price_dollars"":""0.5400"",""taker_side"":""yes"",""ticker"":""KXETH15M-26APR281215-15"",""trade_id"":""14a10a99-2d25-5d32-422b-bd18ba53f22f"",""yes_price_dollars"":""0.4600""}"
KXETH15M-26APR281215-15,9457ad9f-2449-5792-babd-5de0b700e14f,1777392171,0.46,0.2,yes,"{""count_fp"":""0.20"",""created_time"":""2026-04-28T16:02:51.660206Z"",""no_price_dollars"":""0.5400"",""taker_side"":""yes"",""ticker"":""KXETH15M-26APR281215-15"",""trade_id"":""9457ad9f-2449-5792-babd-5de0b700e14f"",""yes_price_dollars"":""0.4600""}"
KXETH15M-26APR281215-15,de40c169-a6dc-6128-0473-b36fe6c9920f,1777392171,0.47,0.2,yes,"{""count_fp"":""0.20"",""created_time"":""2026-04-28T16:02:51.403027Z"",""no_price_dollars"":""0.5300"",""taker_side"":""yes"",""ticker"":""KXETH15M-26APR281215-15"",""trade_id"":""de40c169-a6dc-6128-0473-b36fe6c9920f"",""yes_price_dollars"":""0.4700""}"
KXETH15M-26APR281215-15,3982cf09-1011-7860-58ac-0de8bac1c9e8,1777392171,0.48,0.2,yes,"{""count_fp"":""0.20"",""created_time"":""2026-04-28T16:02:51.145447Z"",""no_price_dollars"":""0.5200"",""taker_side"":""yes"",""ticker"":""KXETH15M-26APR281215-15"",""trade_id"":""3982cf09-1011-7860-58ac-0de8bac1c9e8"",""yes_price_dollars"":""0.4800""}"
KXETH15M-26APR281215-15,2f2a3187-bab1-6816-9821-9c7225d21bc7,1777392172,0.46,0.2,yes,"{""count_fp"":""0.20"",""created_time"":""2026-04-28T16:02:52.453693Z"",""no_price_dollars"":""0.5400"",""taker_side"":""yes"",""ticker"":""KXETH15M-26APR281215-15"",""trade_id"":""2f2a3187-bab1-6816-9821-9c7225d21bc7"",""yes_price_dollars"":""0.4600""}"
KXETH15M-26APR281215-15,addd6f43-2e4d-4d1a-6e60-37728c3c8bd7,1777392172,0.46,52.36,yes,"{""count_fp"":""52.36"",""created_time"":""2026-04-28T16:02:52.327563Z"",""no_price_dollars"":""0.5400"",""taker_side"":""yes"",""ticker"":""KXETH15M-26APR281215-15"",""trade_id"":""addd6f43-2e4d-4d1a-6e60-37728c3c8bd7"",""yes_price_dollars"":""0.4600""}"
KXETH15M-26APR281215-15,68a5e435-c349-7eba-1541-97230b99674b,1777392172,0.46,0.2,yes,"{""count_fp"":""0.20"",""created_time"":""2026-04-28T16:02:52.221188Z"",""no_price_dollars"":""0.5400"",""taker_side"":""yes"",""ticker"":""KXETH15M-26APR281215-15"",""trade_id"":""68a5e435-c349-7eba-1541-97230b99674b"",""yes_price_dollars"":""0.4600""}"
KXETH15M-26APR281215-15,2611765c-bf95-666a-55ed-56f545b431af,1777392172,0.46,0.2,yes,"{""count_fp"":""0.20"",""created_time"":""2026-04-28T16:02:52.014684Z"",""no_price_dollars"":""0.5400"",""taker_side"":""yes"",""ticker"":""KXETH15M-26APR281215-15"",""trade_id"":""2611765c-bf95-666a-55ed-56f545b431af"",""yes_price_dollars"":""0.4600""}"
KXETH15M-26APR281215-15,53cffd69-3e39-79e6-3c6a-dfc57e8b6a2f,1777392173,0.46,0.1,yes,"{""count_fp"":""0.10"",""created_time"":""2026-04-28T16:02:53.633685Z"",""no_price_dollars"":""0.5400"",""taker_side"":""yes"",""ticker"":""KXETH15M-26APR281215-15"",""trade_id"":""53cffd69-3e39-79e6-3c6a-dfc57e8b6a2f"",""yes_price_dollars"":""0.4600""}"
KXETH15M-26APR281215-15,ebb68136-bbd1-6a2a-f5b7-76fcbf00e5b3,1777392173,0.46,0.1,yes,"{""count_fp"":""0.10"",""created_time"":""2026-04-28T16:02:53.334541Z"",""no_price_dollars"":""0.5400"",""taker_side"":""yes"",""ticker"":""KXETH15M-26APR281215-15"",""trade_id"":""ebb68136-bbd1-6a2a-f5b7-76fcbf00e5b3"",""yes_price_dollars"":""0.4600""}"
KXETH15M-26APR281215-15,396e7550-bae9-7b42-85de-46496dba2f93,1777392173,0.46,0.2,yes,"{""count_fp"":""0.20"",""created_time"":""2026-04-28T16:02:53.053436Z"",""no_price_dollars"":""0.5400"",""taker_side"":""yes"",""ticker"":""KXETH15M-26APR281215-15"",""trade_id"":""396e7550-bae9-7b42-85de-46496dba2f93"",""yes_price_dollars"":""0.4600""}"
KXETH15M-26APR281215-15,4d790f78-01be-7a32-2f5d-af5e926a0e5e,1777392174,0.43,0.1,yes,"{""count_fp"":""0.10"",""created_time"":""2026-04-28T16:02:54.661781Z"",""no_price_dollars"":""0.5700"",""taker_side"":""yes"",""ticker"":""KXETH15M-26APR281215-15"",""trade_id"":""4d790f78-01be-7a32-2f5d-af5e926a0e5e"",""yes_price_dollars"":""0.4300""}"
KXETH15M-26APR281215-15,b2a395f4-60ca-6eeb-1f47-b05a8ce10a3f,1777392174,0.43,10.0,no,"{""count_fp"":""10.00"",""created_time"":""2026-04-28T16:02:54.405089Z"",""no_price_dollars"":""0.5700"",""taker_side"":""no"",""ticker"":""KXETH15M-26APR281215-15"",""trade_id"":""b2a395f4-60ca-6eeb-1f47-b05a8ce10a3f"",""yes_price_dollars"":""0.4300""}"
KXETH15M-26APR281215-15,71db2055-6ab5-6026-19ec-ae284200be7b,1777392174,0.43,8.58,no,"{""count_fp"":""8.58"",""created_time"":""2026-04-28T16:02:54.405089Z"",""no_price_dollars"":""0.5700"",""taker_side"":""no"",""ticker"":""KXETH15M-26APR281215-15"",""trade_id"":""71db2055-6ab5-6026-19ec-ae284200be7b"",""yes_price_dollars"":""0.4300""}"
KXETH15M-26APR281215-15,f7e65985-cae5-496e-0b21-3a054fee7daf,1777392175,0.46,0.08,yes,"{""count_fp"":""0.08"",""created_time"":""2026-04-28T16:02:55.998178Z"",""no_price_dollars"":""0.5400"",""taker_side"":""yes"",""ticker"":""KXETH15M-26APR281215-15"",""trade_id"":""f7e65985-cae5-496e-0b21-3a054fee7daf"",""yes_price_dollars"":""0.4600""}"
KXETH15M-26APR281215-15,8561f904-2002-41ea-06ca-17b5b679a9c6,1777392175,0.43,0.02,yes,"{""count_fp"":""0.02"",""created_time"":""2026-04-28T16:02:55.998178Z"",""no_price_dollars"":""0.5700"",""taker_side"":""yes"",""ticker"":""KXETH15M-26APR281215-15"",""trade_id"":""8561f904-2002-41ea-06ca-17b5b679a9c6"",""yes_price_dollars"":""0.4300""}"
KXETH15M-26APR281215-15,d0ae0471-ec1e-4d7a-b733-25f7126a55ca,1777392175,0.43,0.1,yes,"{""count_fp"":""0.10"",""created_time"":""2026-04-28T16:02:55.638045Z"",""no_price_dollars"":""0.5700"",""taker_side"":""yes"",""ticker"":""KXETH15M-26APR281215-15"",""trade_id"":""d0ae0471-ec1e-4d7a-b733-25f7126a55ca"",""yes_price_dollars"":""0.4300""}"
KXETH15M-26APR281215-15,60fa4d9a-b14a-6a1a-f454-282c41e438b2,1777392175,0.43,0.1,yes,"{""count_fp"":""0.10"",""created_time"":""2026-04-28T16:02:55.377092Z"",""no_price_dollars"":""0.5700"",""taker_side"":""yes"",""ticker"":""KXETH15M-26APR281215-15"",""trade_id"":""60fa4d9a-b14a-6a1a-f454-282c41e438b2"",""yes_price_dollars"":""0.4300""}"
KXETH15M-26APR281215-15,1add2a33-ba3d-4c1c-08d5-d45bf453fe1f,1777392182,0.43,0.2,yes,"{""count_fp"":""0.20"",""created_time"":""2026-04-28T16:03:02.794103Z"",""no_price_dollars"":""0.5700"",""taker_side"":""yes"",""ticker"":""KXETH15M-26APR281215-15"",""trade_id"":""1add2a33-ba3d-4c1c-08d5-d45bf453fe1f"",""yes_price_dollars"":""0.4300""}"
KXETH15M-26APR281215-15,d4ebf9fe-af67-7bcb-ced4-39ef3f9e35e3,1777392186,0.46,5.0,yes,"{""count_fp"":""5.00"",""created_time"":""2026-04-28T16:03:06.871335Z"",""no_price_dollars"":""0.5400"",""taker_side"":""yes"",""ticker"":""KXETH15M-26APR281215-15"",""trade_id"":""d4ebf9fe-af67-7bcb-ced4-39ef3f9e35e3"",""yes_price_dollars"":""0.4600""}"
KXETH15M-26APR281215-15,ccb7bef0-cf19-47ac-854e-654c3b437d8c,1777392187,0.48,0.1,yes,"{""count_fp"":""0.10"",""created_time"":""2026-04-28T16:03:07.146225Z"",""no_price_dollars"":""0.5200"",""taker_side"":""yes"",""ticker"":""KXETH15M-26APR281215-15"",""trade_id"":""ccb7bef0-cf19-47ac-854e-654c3b437d8c"",""yes_price_dollars"":""0.4800""}"
KXETH15M-26APR281215-15,640bca2f-45f7-6061-fe41-2de1f32d74c1,1777392188,0.47,1.0,no,"{""count_fp"":""1.00"",""created_time"":""2026-04-28T16:03:08.812364Z"",""no_price_dollars"":""0.5300"",""taker_side"":""no"",""ticker"":""KXETH15M-26APR281215-15"",""trade_id"":""640bca2f-45f7-6061-fe41-2de1f32d74c1"",""yes_price_dollars"":""0.4700""}"
KXETH15M-26APR281215-15,b4d9a3d2-9992-7e10-3b2f-8d83031b31fd,1777392189,0.46,5.0,no,"{""count_fp"":""5.00"",""created_time"":""2026-04-28T16:03:09.884258Z"",""no_price_dollars"":""0.5400"",""taker_side"":""no"",""ticker"":""KXETH15M-26APR281215-15"",""trade_id"":""b4d9a3d2-9992-7e10-3b2f-8d83031b31fd"",""yes_price_dollars"":""0.4600""}"
KXETH15M-26APR281215-15,79ab108c-51d5-6768-7114-a413f821e580,1777392190,0.48,4.7,yes,"{""count_fp"":""4.70"",""created_time"":""2026-04-28T16:03:10.018324Z"",""no_price_dollars"":""0.5200"",""taker_side"":""yes"",""ticker"":""KXETH15M-26APR281215-15"",""trade_id"":""79ab108c-51d5-6768-7114-a413f821e580"",""yes_price_dollars"":""0.4800""}"
KXETH15M-26APR281215-15,6571c890-6e40-656b-49a8-f9f9de675ffa,1777392190,0.5,4.03,yes,"{""count_fp"":""4.03"",""created_time"":""2026-04-28T16:03:10.018324Z"",""no_price_dollars"":""0.5000"",""taker_side"":""yes"",""ticker"":""KXETH15M-26APR281215-15"",""trade_id"":""6571c890-6e40-656b-49a8-f9f9de675ffa"",""yes_price_dollars"":""0.5000""}"
KXETH15M-26APR281215-15,41d3f07c-effc-62a0-5598-40254b443a92,1777392190,0.48,1.0,yes,"{""count_fp"":""1.00"",""created_time"":""2026-04-28T16:03:10.018324Z"",""no_price_dollars"":""0.5200"",""taker_side"":""yes"",""ticker"":""KXETH15M-26APR281215-15"",""trade_id"":""41d3f07c-effc-62a0-5598-40254b443a92"",""yes_price_dollars"":""0.4800""}"
KXETH15M-26APR281215-15,b82ed9a9-a9d9-4ef2-d55c-52aac3a07958,1777392195,0.44,5.0,no,"{""count_fp"":""5.00"",""created_time"":""2026-04-28T16:03:15.988681Z"",""no_price_dollars"":""0.5600"",""taker_side"":""no"",""ticker"":""KXETH15M-26APR281215-15"",""trade_id"":""b82ed9a9-a9d9-4ef2-d55c-52aac3a07958"",""yes_price_dollars"":""0.4400""}"
KXETH15M-26APR281215-15,7c0bb4d8-9141-674a-3a2c-3e13e2748584,1777392197,0.44,45.04,no,"{""count_fp"":""45.04"",""created_time"":""2026-04-28T16:03:17.901881Z"",""no_price_dollars"":""0.5600"",""taker_side"":""no"",""ticker"":""KXETH15M-26APR281215-15"",""trade_id"":""7c0bb4d8-9141-674a-3a2c-3e13e2748584"",""yes_price_dollars"":""0.4400""}"
KXETH15M-26APR281215-15,f2794f18-b179-7b3a-dd45-f025160b46d8,1777392207,0.45,31.92,no,"{""count_fp"":""31.92"",""created_time"":""2026-04-28T16:03:27.090242Z"",""no_price_dollars"":""0.5500"",""taker_side"":""no"",""ticker"":""KXETH15M-26APR281215-15"",""trade_id"":""f2794f18-b179-7b3a-dd45-f025160b46d8"",""yes_price_dollars"":""0.4500""}"
KXETH15M-26APR281215-15,f76be418-68e1-6cda-9e2d-f9fbfbe8dfc8,1777392210,0.45,1.0,no,"{""count_fp"":""1.00"",""created_time"":""2026-04-28T16:03:30.722981Z"",""no_price_dollars"":""0.5500"",""taker_side"":""no"",""ticker"":""KXETH15M-26APR281215-15"",""trade_id"":""f76be418-68e1-6cda-9e2d-f9fbfbe8dfc8"",""yes_price_dollars"":""0.4500""}"
KXETH15M-26APR281215-15,657dc6c0-1675-67b6-57c0-4270ac32d448,1777392210,0.45,16.74,no,"{""count_fp"":""16.74"",""created_time"":""2026-04-28T16:03:30.093638Z"",""no_price_dollars"":""0.5500"",""taker_side"":""no"",""ticker"":""KXETH15M-26APR281215-15"",""trade_id"":""657dc6c0-1675-67b6-57c0-4270ac32d448"",""yes_price_dollars"":""0.4500""}"
KXETH15M-26APR281215-15,42e89e37-704c-752b-394c-2fecdef30fda,1777392212,0.49,5.0,yes,"{""count_fp"":""5.00"",""created_time"":""2026-04-28T16:03:32.645546Z"",""no_price_dollars"":""0.5100"",""taker_side"":""yes"",""ticker"":""KXETH15M-26APR281215-15"",""trade_id"":""42e89e37-704c-752b-394c-2fecdef30fda"",""yes_price_dollars"":""0.4900""}"
KXETH15M-26APR281215-15,32abd52a-2cdc-72d4-26ec-c82a2770ad16,1777392216,0.47,5.0,no,"{""count_fp"":""5.00"",""created_time"":""2026-04-28T16:03:36.065331Z"",""no_price_dollars"":""0.5300"",""taker_side"":""no"",""ticker"":""KXETH15M-26APR281215-15"",""trade_id"":""32abd52a-2cdc-72d4-26ec-c82a2770ad16"",""yes_price_dollars"":""0.4700""}"
KXETH15M-26APR281215-15,00c4efac-45ee-53ab-6fec-16989ce2625c,1777392220,0.44,5.0,no,"{""count_fp"":""5.00"",""created_time"":""2026-04-28T16:03:40.405049Z"",""no_price_dollars"":""0.5600"",""taker_side"":""no"",""ticker"":""KXETH15M-26APR281215-15"",""trade_id"":""00c4efac-45ee-53ab-6fec-16989ce2625c"",""yes_price_dollars"":""0.4400""}"
KXETH15M-26APR281215-15,9d41fe33-9e00-7f8c-31ac-fc420c5e8f2c,1777392221,0.49,10.0,yes,"{""count_fp"":""10.00"",""created_time"":""2026-04-28T16:03:41.005939Z"",""no_price_dollars"":""0.5100"",""taker_side"":""yes"",""ticker"":""KXETH15M-26APR281215-15"",""trade_id"":""9d41fe33-9e00-7f8c-31ac-fc420c5e8f2c"",""yes_price_dollars"":""0.4900""}"
KXETH15M-26APR281215-15,47ac3d66-dac0-77bf-11b8-a216c220aa96,1777392221,0.5,27.06,yes,"{""count_fp"":""27.06"",""created_time"":""2026-04-28T16:03:41.005939Z"",""no_price_dollars"":""0.5000"",""taker_side"":""yes"",""ticker"":""KXETH15M-26APR281215-15"",""trade_id"":""47ac3d66-dac0-77bf-11b8-a216c220aa96"",""yes_price_dollars"":""0.5000""}"
KXETH15M-26APR281215-15,2c434e46-fd23-5f30-290a-6002b3e86b4b,1777392227,0.48,5.0,no,"{""count_fp"":""5.00"",""created_time"":""2026-04-28T16:03:47.245554Z"",""no_price_dollars"":""0.5200"",""taker_side"":""no"",""ticker"":""KXETH15M-26APR281215-15"",""trade_id"":""2c434e46-fd23-5f30-290a-6002b3e86b4b"",""yes_price_dollars"":""0.4800""}"
KXETH15M-26APR281215-15,a19e23bf-c068-72d3-e758-ab0da858b96a,1777392228,0.5,10.0,yes,"{""count_fp"":""10.00"",""created_time"":""2026-04-28T16:03:48.224496Z"",""no_price_dollars"":""0.5000"",""taker_side"":""yes"",""ticker"":""KXETH15M-26APR281215-15"",""trade_id"":""a19e23bf-c068-72d3-e758-ab0da858b96a"",""yes_price_dollars"":""0.5000""}"
KXETH15M-26APR281215-15,04e8cfe1-dbaa-54ba-f8e9-be5df78a9537,1777392233,0.49,5.0,no,"{""count_fp"":""5.00"",""created_time"":""2026-04-28T16:03:53.330286Z"",""no_price_dollars"":""0.5100"",""taker_side"":""no"",""ticker"":""KXETH15M-26APR281215-15"",""trade_id"":""04e8cfe1-dbaa-54ba-f8e9-be5df78a9537"",""yes_price_dollars"":""0.4900""}"
KXETH15M-26APR281215-15,f8b54d62-bb45-4b23-01d8-f1574122e483,1777392236,0.54,10.0,yes,"{""count_fp"":""10.00"",""created_time"":""2026-04-28T16:03:56.682708Z"",""no_price_dollars"":""0.4600"",""taker_side"":""yes"",""ticker"":""KXETH15M-26APR281215-15"",""trade_id"":""f8b54d62-bb45-4b23-01d8-f1574122e483"",""yes_price_dollars"":""0.5400""}"
KXETH15M-26APR281215-15,1806562f-cf1b-408f-12b3-731b3ab94204,1777392236,0.54,10.0,yes,"{""count_fp"":""10.00"",""created_time"":""2026-04-28T16:03:56.682708Z"",""no_price_dollars"":""0.4600"",""taker_side"":""yes"",""ticker"":""KXETH15M-26APR281215-15"",""trade_id"":""1806562f-cf1b-408f-12b3-731b3ab94204"",""yes_price_dollars"":""0.5400""}"
KXETH15M-26APR281215-15,fdf601b2-c4d0-4d4b-1390-cf2ba3a50d3e,1777392236,0.5,0.94,yes,"{""count_fp"":""0.94"",""created_time"":""2026-04-28T16:03:56.654659Z"",""no_price_dollars"":""0.5000"",""taker_side"":""yes"",""ticker"":""KXETH15M-26APR281215-15"",""trade_id"":""fdf601b2-c4d0-4d4b-1390-cf2ba3a50d3e"",""yes_price_dollars"":""0.5000""}"
KXETH15M-26APR281215-15,652adb05-9f20-4adc-2bb4-cc9195fede6e,1777392238,0.57,1.0,yes,"{""count_fp"":""1.00"",""created_time"":""2026-04-28T16:03:58.758128Z"",""no_price_dollars"":""0.4300"",""taker_side"":""yes"",""ticker"":""KXETH15M-26APR281215-15"",""trade_id"":""652adb05-9f20-4adc-2bb4-cc9195fede6e"",""yes_price_dollars"":""0.5700""}"
KXETH15M-26APR281215-15,caca5d69-749c-412c-c1b0-c2b262ce9d3e,1777392238,0.57,10.0,yes,"{""count_fp"":""10.00"",""created_time"":""2026-04-28T16:03:58.625314Z"",""no_price_dollars"":""0.4300"",""taker_side"":""yes"",""ticker"":""KXETH15M-26APR281215-15"",""trade_id"":""caca5d69-749c-412c-c1b0-c2b262ce9d3e"",""yes_price_dollars"":""0.5700""}"
KXETH15M-26APR281215-15,d92b001c-6821-7bf5-5d52-6bf8634fe875,1777392238,0.55,10.0,no,"{""count_fp"":""10.00"",""created_time"":""2026-04-28T16:03:58.382208Z"",""no_price_dollars"":""0.4500"",""taker_side"":""no"",""ticker"":""KXETH15M-26APR281215-15"",""trade_id"":""d92b001c-6821-7bf5-5d52-6bf8634fe875"",""yes_price_dollars"":""0.5500""}"
KXETH15M-26APR281215-15,b5055d35-be14-7888-440c-83fc923ab4c1,1777392238,0.55,10.0,no,"{""count_fp"":""10.00"",""created_time"":""2026-04-28T16:03:58.382208Z"",""no_price_dollars"":""0.4500"",""taker_side"":""no"",""ticker"":""KXETH15M-26APR281215-15"",""trade_id"":""b5055d35-be14-7888-440c-83fc923ab4c1"",""yes_price_dollars"":""0.5500""}"
KXETH15M-26APR281215-15,05b1d594-264e-46b1-8450-60a0a8aaa173,1777392239,0.51,5.0,no,"{""count_fp"":""5.00"",""created_time"":""2026-04-28T16:03:59.041836Z"",""no_price_dollars"":""0.4900"",""taker_side"":""no"",""ticker"":""KXETH15M-26APR281215-15"",""trade_id"":""05b1d594-264e-46b1-8450-60a0a8aaa173"",""yes_price_dollars"":""0.5100""}"
KXETH15M-26APR281215-15,658618f1-5ce3-65e4-5a79-983257266f0c,1777392241,0.59,5.0,yes,"{""count_fp"":""5.00"",""created_time"":""2026-04-28T16:04:01.542417Z"",""no_price_dollars"":""0.4100"",""taker_side"":""yes"",""ticker"":""KXETH15M-26APR281215-15"",""trade_id"":""658618f1-5ce3-65e4-5a79-983257266f0c"",""yes_price_dollars"":""0.5900""}"
KXETH15M-26APR281215-15,059c72ac-5f7a-6681-4008-c32c308a8d87,1777392241,0.59,6.71,yes,"{""count_fp"":""6.71"",""created_time"":""2026-04-28T16:04:01.542417Z"",""no_price_dollars"":""0.4100"",""taker_side"":""yes"",""ticker"":""KXETH15M-26APR281215-15"",""trade_id"":""059c72ac-5f7a-6681-4008-c32c308a8d87"",""yes_price_dollars"":""0.5900""}"
KXETH15M-26APR281215-15,247c50bf-6442-436a-0572-73ff8ed2e5db,1777392241,0.53,10.0,no,"{""count_fp"":""10.00"",""created_time"":""2026-04-28T16:04:01.262643Z"",""no_price_dollars"":""0.4700"",""taker_side"":""no"",""ticker"":""KXETH15M-26APR281215-15"",""trade_id"":""247c50bf-6442-436a-0572-73ff8ed2e5db"",""yes_price_dollars"":""0.5300""}"
KXETH15M-26APR281215-15,013c6106-221a-493d-23c5-ee63dfb3168e,1777392241,0.53,9.7,no,"{""count_fp"":""9.70"",""created_time"":""2026-04-28T16:04:01.262643Z"",""no_price_dollars"":""0.4700"",""taker_side"":""no"",""ticker"":""KXETH15M-26APR281215-15"",""trade_id"":""013c6106-221a-493d-23c5-ee63dfb3168e"",""yes_price_dollars"":""0.5300""}"
KXETH15M-26APR281215-15,c0ba4229-eb2e-6b29-da91-a1e7db3f1f77,1777392242,0.58,1.67,yes,"{""count_fp"":""1.67"",""created_time"":""2026-04-28T16:04:02.882336Z"",""no_price_dollars"":""0.4200"",""taker_side"":""yes"",""ticker"":""KXETH15M-26APR281215-15"",""trade_id"":""c0ba4229-eb2e-6b29-da91-a1e7db3f1f77"",""yes_price_dollars"":""0.5800""}"
KXETH15M-26APR281215-15,ba871583-3ae6-7961-310b-ec21eeb6ee3b,1777392245,0.56,10.0,yes,"{""count_fp"":""10.00"",""created_time"":""2026-04-28T16:04:05.828595Z"",""no_price_dollars"":""0.4400"",""taker_side"":""yes"",""ticker"":""KXETH15M-26APR281215-15"",""trade_id"":""ba871583-3ae6-7961-310b-ec21eeb6ee3b"",""yes_price_dollars"":""0.5600""}"
KXETH15M-26APR281215-15,3300ce54-3655-7281-3f02-f4f6377f0c77,1777392245,0.57,30.24,yes,"{""count_fp"":""30.24"",""created_time"":""2026-04-28T16:04:05.828595Z"",""no_price_dollars"":""0.4300"",""taker_side"":""yes"",""ticker"":""KXETH15M-26APR281215-15"",""trade_id"":""3300ce54-3655-7281-3f02-f4f6377f0c77"",""yes_price_dollars"":""0.5700""}"
KXETH15M-26APR281215-15,0981a985-df10-78a8-16a3-8f8b6b17d7cc,1777392245,0.57,10.0,yes,"{""count_fp"":""10.00"",""created_time"":""2026-04-28T16:04:05.828595Z"",""no_price_dollars"":""0.4300"",""taker_side"":""yes"",""ticker"":""KXETH15M-26APR281215-15"",""trade_id"":""0981a985-df10-78a8-16a3-8f8b6b17d7cc"",""yes_price_dollars"":""0.5700""}"
KXETH15M-26APR281215-15,f2c14792-5379-5a21-14cd-2caef24c7e57,1777392247,0.57,1.69,yes,"{""count_fp"":""1.69"",""created_time"":""2026-04-28T16:04:07.651522Z"",""no_price_dollars"":""0.4300"",""taker_side"":""yes"",""ticker"":""KXETH15M-26APR281215-15"",""trade_id"":""f2c14792-5379-5a21-14cd-2caef24c7e57"",""yes_price_dollars"":""0.5700""}"
KXETH15M-26APR281215-15,dd420f1d-319c-78d4-aa5f-47a52d66de8e,1777392247,0.56,10.0,yes,"{""count_fp"":""10.00"",""created_time"":""2026-04-28T16:04:07.298Z"",""no_price_dollars"":""0.4400"",""taker_side"":""yes"",""ticker"":""KXETH15M-26APR281215-15"",""trade_id"":""dd420f1d-319c-78d4-aa5f-47a52d66de8e"",""yes_price_dollars"":""0.5600""}"
KXETH15M-26APR281215-15,1776cdb9-89f9-5930-f144-363aaa1eaf7e,1777392248,0.53,5.0,no,"{""count_fp"":""5.00"",""created_time"":""2026-04-28T16:04:08.459661Z"",""no_price_dollars"":""0.4700"",""taker_side"":""no"",""ticker"":""KXETH15M-26APR281215-15"",""trade_id"":""1776cdb9-89f9-5930-f144-363aaa1eaf7e"",""yes_price_dollars"":""0.5300""}"
KXETH15M-26APR281215-15,f73e5c70-b879-6b34-c191-2dcac1b56aea,1777392251,0.5,10.0,no,"{""count_fp"":""10.00"",""created_time"":""2026-04-28T16:04:11.377443Z"",""no_price_dollars"":""0.5000"",""taker_side"":""no"",""ticker"":""KXETH15M-26APR281215-15"",""trade_id"":""f73e5c70-b879-6b34-c191-2dcac1b56aea"",""yes_price_dollars"":""0.5000""}"
KXETH15M-26APR281215-15,11161070-56a2-6a6e-6f1e-d20c6168e1cc,1777392252,0.46,5.0,no,"{""count_fp"":""5.00"",""created_time"":""2026-04-28T16:04:12.085497Z"",""no_price_dollars"":""0.5400"",""taker_side"":""no"",""ticker"":""KXETH15M-26APR281215-15"",""trade_id"":""11161070-56a2-6a6e-6f1e-d20c6168e1cc"",""yes_price_dollars"":""0.4600""}"
KXETH15M-26APR281215-15,bf3c2364-4b18-727b-6749-51862b8bb68c,1777392270,0.5,10.0,no,"{""count_fp"":""10.00"",""created_time"":""2026-04-28T16:04:30.601662Z"",""no_price_dollars"":""0.5000"",""taker_side"":""no"",""ticker"":""KXETH15M-26APR281215-15"",""trade_id"":""bf3c2364-4b18-727b-6749-51862b8bb68c"",""yes_price_dollars"":""0.5000""}"
KXETH15M-26APR281215-15,7943b027-aa0b-7573-5edf-88f8ac390e72,1777392270,0.5,10.0,no,"{""count_fp"":""10.00"",""created_time"":""2026-04-28T16:04:30.601662Z"",""no_price_dollars"":""0.5000"",""taker_side"":""no"",""ticker"":""KXETH15M-26APR281215-15"",""trade_id"":""7943b027-aa0b-7573-5edf-88f8ac390e72"",""yes_price_dollars"":""0.5000""}"
KXETH15M-26APR281215-15,b69ae3b5-f8d5-55b5-cea3-80832e70f5c7,1777392275,0.59,13.06,yes,"{""count_fp"":""13.06"",""created_time"":""2026-04-28T16:04:35.325948Z"",""no_price_dollars"":""0.4100"",""taker_side"":""yes"",""ticker"":""KXETH15M-26APR281215-15"",""trade_id"":""b69ae3b5-f8d5-55b5-cea3-80832e70f5c7"",""yes_price_dollars"":""0.5900""}"
KXETH15M-26APR281215-15,af95825d-d9ed-5ad0-c354-f5ea39e46e19,1777392275,0.58,10.0,yes,"{""count_fp"":""10.00"",""created_time"":""2026-04-28T16:04:35.325948Z"",""no_price_dollars"":""0.4200"",""taker_side"":""yes"",""ticker"":""KXETH15M-26APR281215-15"",""trade_id"":""af95825d-d9ed-5ad0-c354-f5ea39e46e19"",""yes_price_dollars"":""0.5800""}"
KXETH15M-26APR281215-15,783fa54a-3c15-577c-cf77-6ed7e73e6178,1777392275,0.58,9.52,yes,"{""count_fp"":""9.52"",""created_time"":""2026-04-28T16:04:35.325948Z"",""no_price_dollars"":""0.4200"",""taker_side"":""yes"",""ticker"":""KXETH15M-26APR281215-15"",""trade_id"":""783fa54a-3c15-577c-cf77-6ed7e73e6178"",""yes_price_dollars"":""0.5800""}"
KXETH15M-26APR281215-15,6c7728e6-d527-6cd0-c819-e22f8da3f8a6,1777392282,0.55,2.13,no,"{""count_fp"":""2.13"",""created_time"":""2026-04-28T16:04:42.416422Z"",""no_price_dollars"":""0.4500"",""taker_side"":""no"",""ticker"":""KXETH15M-26APR281215-15"",""trade_id"":""6c7728e6-d527-6cd0-c819-e22f8da3f8a6"",""yes_price_dollars"":""0.5500""}"
KXETH15M-26APR281215-15,c726d906-bdd9-4805-02f4-463237f6e91f,1777392284,0.58,0.16,yes,"{""count_fp"":""0.16"",""created_time"":""2026-04-28T16:04:44.609102Z"",""no_price_dollars"":""0.4200"",""taker_side"":""yes"",""ticker"":""KXETH15M-26APR281215-15"",""trade_id"":""c726d906-bdd9-4805-02f4-463237f6e91f"",""yes_price_dollars"":""0.5800""}"
KXETH15M-26APR281215-15,267f53ef-15e2-5165-75c4-e20c32b85c67,1777392292,0.54,20.0,no,"{""count_fp"":""20.00"",""created_time"":""2026-04-28T16:04:52.927079Z"",""no_price_dollars"":""0.4600"",""taker_side"":""no"",""ticker"":""KXETH15M-26APR281215-15"",""trade_id"":""267f53ef-15e2-5165-75c4-e20c32b85c67"",""yes_price_dollars"":""0.5400""}"
KXETH15M-26APR281215-15,36d9cad4-3f2a-694c-fc1e-d2f8188cacc4,1777392293,0.6,8.04,yes,"{""count_fp"":""8.04"",""created_time"":""2026-04-28T16:04:53.750503Z"",""no_price_dollars"":""0.4000"",""taker_side"":""yes"",""ticker"":""KXETH15M-26APR281215-15"",""trade_id"":""36d9cad4-3f2a-694c-fc1e-d2f8188cacc4"",""yes_price_dollars"":""0.6000""}"
KXETH15M-26APR281215-15,9cecaaa9-8921-65f1-81a4-a44f9406957f,1777392297,0.59,41.19,yes,"{""count_fp"":""41.19"",""created_time"":""2026-04-28T16:04:57.618128Z"",""no_price_dollars"":""0.4100"",""taker_side"":""yes"",""ticker"":""KXETH15M-26APR281215-15"",""trade_id"":""9cecaaa9-8921-65f1-81a4-a44f9406957f"",""yes_price_dollars"":""0.5900""}"
KXETH15M-26APR281215-15,2cb3fc8b-10b6-6034-83ee-ac0704ea2dd7,1777392298,0.54,5.0,no,"{""count_fp"":""5.00"",""created_time"":""2026-04-28T16:04:58.650542Z"",""no_price_dollars"":""0.4600"",""taker_side"":""no"",""ticker"":""KXETH15M-26APR281215-15"",""trade_id"":""2cb3fc8b-10b6-6034-83ee-ac0704ea2dd7"",""yes_price_dollars"":""0.5400""}"
KXETH15M-26APR281215-15,a9630787-bc69-415f-d354-1257ecf5577a,1777392302,0.52,3.0,no,"{""count_fp"":""3.00"",""created_time"":""2026-04-28T16:05:02.775355Z"",""no_price_dollars"":""0.4800"",""taker_side"":""no"",""ticker"":""KXETH15M-26APR281215-15"",""trade_id"":""a9630787-bc69-415f-d354-1257ecf5577a"",""yes_price_dollars"":""0.5200""}"
KXETH15M-26APR281215-15,82b3e755-2001-4d9a-edd7-e915c87ef2fa,1777392302,0.5,2.0,no,"{""count_fp"":""2.00"",""created_time"":""2026-04-28T16:05:02.775355Z"",""no_price_dollars"":""0.5000"",""taker_side"":""no"",""ticker"":""KXETH15M-26APR281215-15"",""trade_id"":""82b3e755-2001-4d9a-edd7-e915c87ef2fa"",""yes_price_dollars"":""0.5000""}"
KXETH15M-26APR281215-15,3bf558d4-1b92-6048-1a9d-5b2ef9efa7b7,1777392308,0.5,10.0,no,"{""count_fp"":""10.00"",""created_time"":""2026-04-28T16:05:08.580193Z"",""no_price_dollars"":""0.5000"",""taker_side"":""no"",""ticker"":""KXETH15M-26APR281215-15"",""trade_id"":""3bf558d4-1b92-6048-1a9d-5b2ef9efa7b7"",""yes_price_dollars"":""0.5000""}"
KXETH15M-26APR281215-15,e8e8803a-84df-7e72-8f2d-6bea8071e722,1777392309,0.45,3.0,no,"{""count_fp"":""3.00"",""created_time"":""2026-04-28T16:05:09.870589Z"",""no_price_dollars"":""0.5500"",""taker_side"":""no"",""ticker"":""KXETH15M-26APR281215-15"",""trade_id"":""e8e8803a-84df-7e72-8f2d-6bea8071e722"",""yes_price_dollars"":""0.4500""}"
KXETH15M-26APR281215-15,230e63a8-7172-79ab-bdd4-5c3abc96558b,1777392309,0.44,2.0,no,"{""count_fp"":""2.00"",""created_time"":""2026-04-28T16:05:09.870589Z"",""no_price_dollars"":""0.5600"",""taker_side"":""no"",""ticker"":""KXETH15M-26APR281215-15"",""trade_id"":""230e63a8-7172-79ab-bdd4-5c3abc96558b"",""yes_price_dollars"":""0.4400""}"
KXETH15M-26APR281215-15,0e117902-1903-55ed-5951-381511830b8c,1777392313,0.48,10.0,yes,"{""count_fp"":""10.00"",""created_time"":""2026-04-28T16:05:13.833448Z"",""no_price_dollars"":""0.5200"",""taker_side"":""yes"",""ticker"":""KXETH15M-26APR281215-15"",""trade_id"":""0e117902-1903-55ed-5951-381511830b8c"",""yes_price_dollars"":""0.4800""}"
KXETH15M-26APR281215-15,b47700ae-6eae-6c3f-7ee2-3cb4609613a3,1777392314,0.44,10.0,no,"{""count_fp"":""10.00"",""created_time"":""2026-04-28T16:05:14.703065Z"",""no_price_dollars"":""0.5600"",""taker_side"":""no"",""ticker"":""KXETH15M-26APR281215-15"",""trade_id"":""b47700ae-6eae-6c3f-7ee2-3cb4609613a3"",""yes_price_dollars"":""0.4400""}"
KXETH15M-26APR281215-15,8938cfa2-0163-6fa4-5bfc-7d15988b3949,1777392314,0.44,4.0,no,"{""count_fp"":""4.00"",""created_time"":""2026-04-28T16:05:14.703065Z"",""no_price_dollars"":""0.5600"",""taker_side"":""no"",""ticker"":""KXETH15M-26APR281215-15"",""trade_id"":""8938cfa2-0163-6fa4-5bfc-7d15988b3949"",""yes_price_dollars"":""0.4400""}"
KXETH15M-26APR281215-15,2ebb5426-51bd-6013-74b6-dcba98e3edd5,1777392314,0.44,10.0,no,"{""count_fp"":""10.00"",""created_time"":""2026-04-28T16:05:14.703065Z"",""no_price_dollars"":""0.5600"",""taker_side"":""no"",""ticker"":""KXETH15M-26APR281215-15"",""trade_id"":""2ebb5426-51bd-6013-74b6-dcba98e3edd5"",""yes_price_dollars"":""0.4400""}"
KXETH15M-26APR281215-15,143cc062-30bd-7a31-bd9d-c6acf6f4c414,1777392320,0.46,2.09,yes,"{""count_fp"":""2.09"",""created_time"":""2026-04-28T16:05:20.675176Z"",""no_price_dollars"":""0.5400"",""taker_side"":""yes"",""ticker"":""KXETH15M-26APR281215-15"",""trade_id"":""143cc062-30bd-7a31-bd9d-c6acf6f4c414"",""yes_price_dollars"":""0.4600""}"
KXETH15M-26APR281215-15,10eb7099-df26-561b-b172-4cab06098509,1777392325,0.42,8.2,no,"{""count_fp"":""8.20"",""created_time"":""2026-04-28T16:05:25.559325Z"",""no_price_dollars"":""0.5800"",""taker_side"":""no"",""ticker"":""KXETH15M-26APR281215-15"",""trade_id"":""10eb7099-df26-561b-b172-4cab06098509"",""yes_price_dollars"":""0.4200""}"
KXETH15M-26APR281215-15,93b8613c-a3db-479b-94fb-3ddc8145259b,1777392333,0.49,10.0,yes,"{""count_fp"":""10.00"",""created_time"":""2026-04-28T16:05:33.574148Z"",""no_price_dollars"":""0.5100"",""taker_side"":""yes"",""ticker"":""KXETH15M-26APR281215-15"",""trade_id"":""93b8613c-a3db-479b-94fb-3ddc8145259b"",""yes_price_dollars"":""0.4900""}"
KXETH15M-26APR281215-15,069dff20-dafe-416c-a89e-3fadcda7c2f0,1777392333,0.49,10.0,yes,"{""count_fp"":""10.00"",""created_time"":""2026-04-28T16:05:33.574148Z"",""no_price_dollars"":""0.5100"",""taker_side"":""yes"",""ticker"":""KXETH15M-26APR281215-15"",""trade_id"":""069dff20-dafe-416c-a89e-3fadcda7c2f0"",""yes_price_dollars"":""0.4900""}"
KXETH15M-26APR281215-15,a97b6f8c-4d1c-5e67-f224-5b1a046b8bf3,1777392333,0.43,5.0,yes,"{""count_fp"":""5.00"",""created_time"":""2026-04-28T16:05:33.388867Z"",""no_price_dollars"":""0.5700"",""taker_side"":""yes"",""ticker"":""KXETH15M-26APR281215-15"",""trade_id"":""a97b6f8c-4d1c-5e67-f224-5b1a046b8bf3"",""yes_price_dollars"":""0.4300""}"
KXETH15M-26APR281215-15,b4da1377-c8e4-648f-79bb-8fd0f66432f9,1777392337,0.5,1.93,no,"{""count_fp"":""1.93"",""created_time"":""2026-04-28T16:05:37.135714Z"",""no_price_dollars"":""0.5000"",""taker_side"":""no"",""ticker"":""KXETH15M-26APR281215-15"",""trade_id"":""b4da1377-c8e4-648f-79bb-8fd0f66432f9"",""yes_price_dollars"":""0.5000""}"
KXETH15M-26APR281215-15,a8a2505b-0966-6b1c-7011-dc934a407bda,1777392349,0.54,10.0,no,"{""count_fp"":""10.00"",""created_time"":""2026-04-28T16:05:49.316812Z"",""no_price_dollars"":""0.4600"",""taker_side"":""no"",""ticker"":""KXETH15M-26APR281215-15"",""trade_id"":""a8a2505b-0966-6b1c-7011-dc934a407bda"",""yes_price_dollars"":""0.5400""}"
KXETH15M-26APR281215-15,4e79ddff-c95a-6b85-5109-b201daba280f,1777392349,0.51,0.44,no,"{""count_fp"":""0.44"",""created_time"":""2026-04-28T16:05:49.316812Z"",""no_price_dollars"":""0.4900"",""taker_side"":""no"",""ticker"":""KXETH15M-26APR281215-15"",""trade_id"":""4e79ddff-c95a-6b85-5109-b201daba280f"",""yes_price_dollars"":""0.5100""}"
KXETH15M-26APR281215-15,db0e6462-e73a-458d-d44f-7b4c9d4ffb3b,1777392351,0.49,1.0,no,"{""count_fp"":""1.00"",""created_time"":""2026-04-28T16:05:51.249803Z"",""no_price_dollars"":""0.5100"",""taker_side"":""no"",""ticker"":""KXETH15M-26APR281215-15"",""trade_id"":""db0e6462-e73a-458d-d44f-7b4c9d4ffb3b"",""yes_price_dollars"":""0.4900""}"
KXETH15M-26APR281215-15,b68380e4-b08c-6328-c725-e51274a81fa6,1777392361,0.43,17.0,yes,"{""count_fp"":""17.00"",""created_time"":""2026-04-28T16:06:01.506985Z"",""no_price_dollars"":""0.5700"",""taker_side"":""yes"",""ticker"":""KXETH15M-26APR281215-15"",""trade_id"":""b68380e4-b08c-6328-c725-e51274a81fa6"",""yes_price_dollars"":""0.4300""}"
KXETH15M-26APR281215-15,ada6b8d4-b90a-4cf2-8eb3-6553a42c3b66,1777392364,0.46,10.0,yes,"{""count_fp"":""10.00"",""created_time"":""2026-04-28T16:06:04.434762Z"",""no_price_dollars"":""0.5400"",""taker_side"":""yes"",""ticker"":""KXETH15M-26APR281215-15"",""trade_id"":""ada6b8d4-b90a-4cf2-8eb3-6553a42c3b66"",""yes_price_dollars"":""0.4600""}"
KXETH15M-26APR281215-15,9a2fe6da-6bdd-44e8-9b9b-e52b125dea4e,1777392364,0.43,1.0,yes,"{""count_fp"":""1.00"",""created_time"":""2026-04-28T16:06:04.434762Z"",""no_price_dollars"":""0.5700"",""taker_side"":""yes"",""ticker"":""KXETH15M-26APR281215-15"",""trade_id"":""9a2fe6da-6bdd-44e8-9b9b-e52b125dea4e"",""yes_price_dollars"":""0.4300""}"
KXETH15M-26APR281215-15,9830a698-18f1-4ddd-8aeb-84c324962d03,1777392364,0.48,550.66,yes,"{""count_fp"":""550.66"",""created_time"":""2026-04-28T16:06:04.434762Z"",""no_price_dollars"":""0.5200"",""taker_side"":""yes"",""ticker"":""KXETH15M-26APR281215-15"",""trade_id"":""9830a698-18f1-4ddd-8aeb-84c324962d03"",""yes_price_dollars"":""0.4800""}"
KXETH15M-26APR281215-15,51d99cca-6b5a-49ea-945a-82dfae8841ad,1777392364,0.44,10.0,yes,"{""count_fp"":""10.00"",""created_time"":""2026-04-28T16:06:04.434762Z"",""no_price_dollars"":""0.5600"",""taker_side"":""yes"",""ticker"":""KXETH15M-26APR281215-15"",""trade_id"":""51d99cca-6b5a-49ea-945a-82dfae8841ad"",""yes_price_dollars"":""0.4400""}"
KXETH15M-26APR281215-15,82d95070-0328-4952-86d4-8ce3b5968640,1777392365,0.46,1.67,no,"{""count_fp"":""1.67"",""created_time"":""2026-04-28T16:06:05.128819Z"",""no_price_dollars"":""0.5400"",""taker_side"":""no"",""ticker"":""KXETH15M-26APR281215-15"",""trade_id"":""82d95070-0328-4952-86d4-8ce3b5968640"",""yes_price_dollars"":""0.4600""}"
KXETH15M-26APR281215-15,6defc804-db1e-42b5-71a5-a32dc9618e77,1777392366,0.49,18.0,no,"{""count_fp"":""18.00"",""created_time"":""2026-04-28T16:06:06.059387Z"",""no_price_dollars"":""0.5100"",""taker_side"":""no"",""ticker"":""KXETH15M-26APR281215-15"",""trade_id"":""6defc804-db1e-42b5-71a5-a32dc9618e77"",""yes_price_dollars"":""0.4900""}"
KXETH15M-26APR281215-15,2fb091f2-552a-70a1-cbbc-ab36be954928,1777392379,0.5,5.0,no,"{""count_fp"":""5.00"",""created_time"":""2026-04-28T16:06:19.929716Z"",""no_price_dollars"":""0.5000"",""taker_side"":""no"",""ticker"":""KXETH15M-26APR281215-15"",""trade_id"":""2fb091f2-552a-70a1-cbbc-ab36be954928"",""yes_price_dollars"":""0.5000""}"
KXETH15M-26APR281215-15,88b3d385-260a-7583-34ce-eb937e3dbdf9,1777392395,0.5,0.21,yes,"{""count_fp"":""0.21"",""created_time"":""2026-04-28T16:06:35.541726Z"",""no_price_dollars"":""0.5000"",""taker_side"":""yes"",""ticker"":""KXETH15M-26APR281215-15"",""trade_id"":""88b3d385-260a-7583-34ce-eb937e3dbdf9"",""yes_price_dollars"":""0.5000""}"
KXETH15M-26APR281215-15,5dd36ebc-1bc8-5bed-c9ce-5a17aa841332,1777392399,0.52,27.21,yes,"{""count_fp"":""27.21"",""created_time"":""2026-04-28T16:06:39.946308Z"",""no_price_dollars"":""0.4800"",""taker_side"":""yes"",""ticker"":""KXETH15M-26APR281215-15"",""trade_id"":""5dd36ebc-1bc8-5bed-c9ce-5a17aa841332"",""yes_price_dollars"":""0.5200""}"
KXETH15M-26APR281215-15,0c15f836-251b-5592-fcaa-1fe65502ce4c,1777392399,0.52,10.0,yes,"{""count_fp"":""10.00"",""created_time"":""2026-04-28T16:06:39.946308Z"",""no_price_dollars"":""0.4800"",""taker_side"":""yes"",""ticker"":""KXETH15M-26APR281215-15"",""trade_id"":""0c15f836-251b-5592-fcaa-1fe65502ce4c"",""yes_price_dollars"":""0.5200""}"
KXETH15M-26APR281215-15,7d42f139-a74c-60c9-d117-b1409293e876,1777392407,0.43,10.0,no,"{""count_fp"":""10.00"",""created_time"":""2026-04-28T16:06:47.916548Z"",""no_price_dollars"":""0.5700"",""taker_side"":""no"",""ticker"":""KXETH15M-26APR281215-15"",""trade_id"":""7d42f139-a74c-60c9-d117-b1409293e876"",""yes_price_dollars"":""0.4300""}"
KXETH15M-26APR281215-15,34c0cd01-327a-413a-b733-89ea7347185f,1777392407,0.44,11.0,no,"{""count_fp"":""11.00"",""created_time"":""2026-04-28T16:06:47.616835Z"",""no_price_dollars"":""0.5600"",""taker_side"":""no"",""ticker"":""KXETH15M-26APR281215-15"",""trade_id"":""34c0cd01-327a-413a-b733-89ea7347185f"",""yes_price_dollars"":""0.4400""}"
KXETH15M-26APR281215-15,342c5c55-5002-78cd-241f-2e07ae822687,1777392407,0.47,57.56,no,"{""count_fp"":""57.56"",""created_time"":""2026-04-28T16:06:47.600524Z"",""no_price_dollars"":""0.5300"",""taker_side"":""no"",""ticker"":""KXETH15M-26APR281215-15"",""trade_id"":""342c5c55-5002-78cd-241f-2e07ae822687"",""yes_price_dollars"":""0.4700""}"
KXETH15M-26APR281215-15,135d61a0-c286-56d1-5bdd-b8efa9d5ba77,1777392407,0.47,493.0,no,"{""count_fp"":""493.00"",""created_time"":""2026-04-28T16:06:47.579245Z"",""no_price_dollars"":""0.5300"",""taker_side"":""no"",""ticker"":""KXETH15M-26APR281215-15"",""trade_id"":""135d61a0-c286-56d1-5bdd-b8efa9d5ba77"",""yes_price_dollars"":""0.4700""}"
KXETH15M-26APR281215-15,72e7f1bc-5b4c-713e-04e5-e03755843e6c,1777392413,0.42,0.8,no,"{""count_fp"":""0.80"",""created_time"":""2026-04-28T16:06:53.589491Z"",""no_price_dollars"":""0.5800"",""taker_side"":""no"",""ticker"":""KXETH15M-26APR281215-15"",""trade_id"":""72e7f1bc-5b4c-713e-04e5-e03755843e6c"",""yes_price_dollars"":""0.4200""}"
KXETH15M-26APR281215-15,fe74142e-cbf8-4cf6-a6d3-c0f1713aaa80,1777392413,0.41,9.2,no,"{""count_fp"":""9.20"",""created_time"":""2026-04-28T16:06:53.574156Z"",""no_price_dollars"":""0.5900"",""taker_side"":""no"",""ticker"":""KXETH15M-26APR281215-15"",""trade_id"":""fe74142e-cbf8-4cf6-a6d3-c0f1713aaa80"",""yes_price_dollars"":""0.4100""}"
KXETH15M-26APR281215-15,2a8dad5a-513a-4c6b-a9cf-b258b0b2fed1,1777392413,0.42,0.8,no,"{""count_fp"":""0.80"",""created_time"":""2026-04-28T16:06:53.574156Z"",""no_price_dollars"":""0.5800"",""taker_side"":""no"",""ticker"":""KXETH15M-26APR281215-15"",""trade_id"":""2a8dad5a-513a-4c6b-a9cf-b258b0b2fed1"",""yes_price_dollars"":""0.4200""}"
KXETH15M-26APR281215-15,8caa1f92-901e-72eb-497f-b19cfbe59249,1777392413,0.42,464.0,no,"{""count_fp"":""464.00"",""created_time"":""2026-04-28T16:06:53.526991Z"",""no_price_dollars"":""0.5800"",""taker_side"":""no"",""ticker"":""KXETH15M-26APR281215-15"",""trade_id"":""8caa1f92-901e-72eb-497f-b19cfbe59249"",""yes_price_dollars"":""0.4200""}"
KXETH15M-26APR281215-15,96a42bcf-8aa4-7add-28b3-9ee1db90518e,1777392417,0.41,35.13,yes,"{""count_fp"":""35.13"",""created_time"":""2026-04-28T16:06:57.507828Z"",""no_price_dollars"":""0.5900"",""taker_side"":""yes"",""ticker"":""KXETH15M-26APR281215-15"",""trade_id"":""96a42bcf-8aa4-7add-28b3-9ee1db90518e"",""yes_price_dollars"":""0.4100""}"
KXETH15M-26APR281215-15,8b6137b6-d7cc-54d1-872c-e8bdf03fd4b2,1777392418,0.4,2.0,yes,"{""count_fp"":""2.00"",""created_time"":""2026-04-28T16:06:58.997376Z"",""no_price_dollars"":""0.6000"",""taker_side"":""yes"",""ticker"":""KXETH15M-26APR281215-15"",""trade_id"":""8b6137b6-d7cc-54d1-872c-e8bdf03fd4b2"",""yes_price_dollars"":""0.4000""}"
KXETH15M-26APR281215-15,1bf5211e-c5bd-6deb-fcde-3f924dfa4ee3,1777392418,0.4,5.0,no,"{""count_fp"":""5.00"",""created_time"":""2026-04-28T16:06:58.906041Z"",""no_price_dollars"":""0.6000"",""taker_side"":""no"",""ticker"":""KXETH15M-26APR281215-15"",""trade_id"":""1bf5211e-c5bd-6deb-fcde-3f924dfa4ee3"",""yes_price_dollars"":""0.4000""}"
KXETH15M-26APR281215-15,6375c768-37d1-5f10-40d6-eda1ed3d19a5,1777392419,0.35,5.0,no,"{""count_fp"":""5.00"",""created_time"":""2026-04-28T16:06:59.740482Z"",""no_price_dollars"":""0.6500"",""taker_side"":""no"",""ticker"":""KXETH15M-26APR281215-15"",""trade_id"":""6375c768-37d1-5f10-40d6-eda1ed3d19a5"",""yes_price_dollars"":""0.3500""}"
KXETH15M-26APR281215-15,ec61ad40-29d1-7e0c-8ec2-24900a75200a,1777392420,0.37,23.64,yes,"{""count_fp"":""23.64"",""created_time"":""2026-04-28T16:07:00.195009Z"",""no_price_dollars"":""0.6300"",""taker_side"":""yes"",""ticker"":""KXETH15M-26APR281215-15"",""trade_id"":""ec61ad40-29d1-7e0c-8ec2-24900a75200a"",""yes_price_dollars"":""0.3700""}"
KXETH15M-26APR281215-15,50a485d2-f7bc-51c1-cabf-9bc515879f1a,1777392422,0.36,0.82,yes,"{""count_fp"":""0.82"",""created_time"":""2026-04-28T16:07:02.910069Z"",""no_price_dollars"":""0.6400"",""taker_side"":""yes"",""ticker"":""KXETH15M-26APR281215-15"",""trade_id"":""50a485d2-f7bc-51c1-cabf-9bc515879f1a"",""yes_price_dollars"":""0.3600""}"
KXETH15M-26APR281215-15,dc5a179d-5ad9-7318-63ad-792baced3b79,1777392422,0.35,1.5,no,"{""count_fp"":""1.50"",""created_time"":""2026-04-28T16:07:02.232871Z"",""no_price_dollars"":""0.6500"",""taker_side"":""no"",""ticker"":""KXETH15M-26APR281215-15"",""trade_id"":""dc5a179d-5ad9-7318-63ad-792baced3b79"",""yes_price_dollars"":""0.3500""}"
KXETH15M-26APR281215-15,f8bd5f69-47b9-5288-7aab-56663f0964c5,1777392426,0.35,7.5,no,"{""count_fp"":""7.50"",""created_time"":""2026-04-28T16:07:06.910118Z"",""no_price_dollars"":""0.6500"",""taker_side"":""no"",""ticker"":""KXETH15M-26APR281215-15"",""trade_id"":""f8bd5f69-47b9-5288-7aab-56663f0964c5"",""yes_price_dollars"":""0.3500""}"
KXETH15M-26APR281215-15,6a8b5c87-4ec9-501b-4657-26127968bca8,1777392426,0.35,10.0,no,"{""count_fp"":""10.00"",""created_time"":""2026-04-28T16:07:06.910118Z"",""no_price_dollars"":""0.6500"",""taker_side"":""no"",""ticker"":""KXETH15M-26APR281215-15"",""trade_id"":""6a8b5c87-4ec9-501b-4657-26127968bca8"",""yes_price_dollars"":""0.3500""}"
KXETH15M-26APR281215-15,2da8e4d0-5cbf-555c-7cea-376cda0a78de,1777392426,0.35,5.0,no,"{""count_fp"":""5.00"",""created_time"":""2026-04-28T16:07:06.910118Z"",""no_price_dollars"":""0.6500"",""taker_side"":""no"",""ticker"":""KXETH15M-26APR281215-15"",""trade_id"":""2da8e4d0-5cbf-555c-7cea-376cda0a78de"",""yes_price_dollars"":""0.3500""}"
KXETH15M-26APR281215-15,69c8d34b-a764-7171-45b5-d58d320ef768,1777392427,0.32,0.87,no,"{""count_fp"":""0.87"",""created_time"":""2026-04-28T16:07:07.935908Z"",""no_price_dollars"":""0.6800"",""taker_side"":""no"",""ticker"":""KXETH15M-26APR281215-15"",""trade_id"":""69c8d34b-a764-7171-45b5-d58d320ef768"",""yes_price_dollars"":""0.3200""}"
KXETH15M-26APR281215-15,a65eb5e8-4728-40cd-5f15-2604d46285d4,1777392427,0.32,353.0,no,"{""count_fp"":""353.00"",""created_time"":""2026-04-28T16:07:07.905188Z"",""no_price_dollars"":""0.6800"",""taker_side"":""no"",""ticker"":""KXETH15M-26APR281215-15"",""trade_id"":""a65eb5e8-4728-40cd-5f15-2604d46285d4"",""yes_price_dollars"":""0.3200""}"
KXETH15M-26APR281215-15,cf5caf2c-339c-72b1-7fa8-d25457685c74,1777392427,0.32,249.13,no,"{""count_fp"":""249.13"",""created_time"":""2026-04-28T16:07:07.794167Z"",""no_price_dollars"":""0.6800"",""taker_side"":""no"",""ticker"":""KXETH15M-26APR281215-15"",""trade_id"":""cf5caf2c-339c-72b1-7fa8-d25457685c74"",""yes_price_dollars"":""0.3200""}"
KXETH15M-26APR281215-15,2646d138-7cc2-5c73-9a6b-c8d9472abe67,1777392427,0.33,5.0,yes,"{""count_fp"":""5.00"",""created_time"":""2026-04-28T16:07:07.792799Z"",""no_price_dollars"":""0.6700"",""taker_side"":""yes"",""ticker"":""KXETH15M-26APR281215-15"",""trade_id"":""2646d138-7cc2-5c73-9a6b-c8d9472abe67"",""yes_price_dollars"":""0.3300""}"
KXETH15M-26APR281215-15,ba5445e2-55c4-41c2-0d1b-af8b7451dd07,1777392427,0.33,1.0,yes,"{""count_fp"":""1.00"",""created_time"":""2026-04-28T16:07:07.695176Z"",""no_price_dollars"":""0.6700"",""taker_side"":""yes"",""ticker"":""KXETH15M-26APR281215-15"",""trade_id"":""ba5445e2-55c4-41c2-0d1b-af8b7451dd07"",""yes_price_dollars"":""0.3300""}"
KXETH15M-26APR281215-15,d166ed3a-6394-7535-70dc-093b7d3f3fb4,1777392427,0.32,97.0,no,"{""count_fp"":""97.00"",""created_time"":""2026-04-28T16:07:07.209672Z"",""no_price_dollars"":""0.6800"",""taker_side"":""no"",""ticker"":""KXETH15M-26APR281215-15"",""trade_id"":""d166ed3a-6394-7535-70dc-093b7d3f3fb4"",""yes_price_dollars"":""0.3200""}"
KXETH15M-26APR281215-15,43d5aef9-e96e-43f8-a533-28261697bd5c,1777392429,0.28,4.0,no,"{""count_fp"":""4.00"",""created_time"":""2026-04-28T16:07:09.795272Z"",""no_price_dollars"":""0.7200"",""taker_side"":""no"",""ticker"":""KXETH15M-26APR281215-15"",""trade_id"":""43d5aef9-e96e-43f8-a533-28261697bd5c"",""yes_price_dollars"":""0.2800""}"
KXETH15M-26APR281215-15,97f68080-b6d2-6b10-887e-452cd074ccb0,1777392430,0.28,10.0,no,"{""count_fp"":""10.00"",""created_time"":""2026-04-28T16:07:10.091493Z"",""no_price_dollars"":""0.7200"",""taker_side"":""no"",""ticker"":""KXETH15M-26APR281215-15"",""trade_id"":""97f68080-b6d2-6b10-887e-452cd074ccb0"",""yes_price_dollars"":""0.2800""}"
KXETH15M-26APR281215-15,161dcc1b-dfd4-7fed-6f38-841d25292ea6,1777392432,0.29,100.0,yes,"{""count_fp"":""100.00"",""created_time"":""2026-04-28T16:07:12.623774Z"",""no_price_dollars"":""0.7100"",""taker_side"":""yes"",""ticker"":""KXETH15M-26APR281215-15"",""trade_id"":""161dcc1b-dfd4-7fed-6f38-841d25292ea6"",""yes_price_dollars"":""0.2900""}"
KXETH15M-26APR281215-15,c72e14d0-6fa4-780c-e416-adc72aaad425,1777392433,0.35,1.0,yes,"{""count_fp"":""1.00"",""created_time"":""2026-04-28T16:07:13.656527Z"",""no_price_dollars"":""0.6500"",""taker_side"":""yes"",""ticker"":""KXETH15M-26APR281215-15"",""trade_id"":""c72e14d0-6fa4-780c-e416-adc72aaad425"",""yes_price_dollars"":""0.3500""}"
KXETH15M-26APR281215-15,40afb2ff-60db-7346-e46a-6bd21520d8fa,1777392433,0.35,5.0,yes,"{""count_fp"":""5.00"",""created_time"":""2026-04-28T16:07:13.656527Z"",""no_price_dollars"":""0.6500"",""taker_side"":""yes"",""ticker"":""KXETH15M-26APR281215-15"",""trade_id"":""40afb2ff-60db-7346-e46a-6bd21520d8fa"",""yes_price_dollars"":""0.3500""}"
KXETH15M-26APR281215-15,b1c86ffb-2fd3-7c6b-be05-e2e222333a71,1777392433,0.31,10.0,yes,"{""count_fp"":""10.00"",""created_time"":""2026-04-28T16:07:13.065714Z"",""no_price_dollars"":""0.6900"",""taker_side"":""yes"",""ticker"":""KXETH15M-26APR281215-15"",""trade_id"":""b1c86ffb-2fd3-7c6b-be05-e2e222333a71"",""yes_price_dollars"":""0.3100""}"
KXETH15M-26APR281215-15,3a47243a-a5c4-72fb-98c5-62ee901d52dd,1777392433,0.32,100.0,yes,"{""count_fp"":""100.00"",""created_time"":""2026-04-28T16:07:13.065714Z"",""no_price_dollars"":""0.6800"",""taker_side"":""yes"",""ticker"":""KXETH15M-26APR281215-15"",""trade_id"":""3a47243a-a5c4-72fb-98c5-62ee901d52dd"",""yes_price_dollars"":""0.3200""}"
KXETH15M-26APR281215-15,38a17cf2-3b2c-7f22-976e-b55c16340afb,1777392433,0.32,10.0,yes,"{""count_fp"":""10.00"",""created_time"":""2026-04-28T16:07:13.065714Z"",""no_price_dollars"":""0.6800"",""taker_side"":""yes"",""ticker"":""KXETH15M-26APR281215-15"",""trade_id"":""38a17cf2-3b2c-7f22-976e-b55c16340afb"",""yes_price_dollars"":""0.3200""}"
KXETH15M-26APR281215-15,96aa7241-c215-7c3d-1dfd-eeb71d602fd6,1777392434,0.33,2.0,no,"{""count_fp"":""2.00"",""created_time"":""2026-04-28T16:07:14.827539Z"",""no_price_dollars"":""0.6700"",""taker_side"":""no"",""ticker"":""KXETH15M-26APR281215-15"",""trade_id"":""96aa7241-c215-7c3d-1dfd-eeb71d602fd6"",""yes_price_dollars"":""0.3300""}"
KXETH15M-26APR281215-15,d37b4bcb-acb1-437d-5cd3-bb0b04feee22,1777392437,0.34,2.0,no,"{""count_fp"":""2.00"",""created_time"":""2026-04-28T16:07:17.758028Z"",""no_price_dollars"":""0.6600"",""taker_side"":""no"",""ticker"":""KXETH15M-26APR281215-15"",""trade_id"":""d37b4bcb-acb1-437d-5cd3-bb0b04feee22"",""yes_price_dollars"":""0.3400""}"
KXETH15M-26APR281215-15,3adb97e6-e065-4514-ba83-628ed57584bb,1777392441,0.34,2.09,no,"{""count_fp"":""2.09"",""created_time"":""2026-04-28T16:07:21.587855Z"",""no_price_dollars"":""0.6600"",""taker_side"":""no"",""ticker"":""KXETH15M-26APR281215-15"",""trade_id"":""3adb97e6-e065-4514-ba83-628ed57584bb"",""yes_price_dollars"":""0.3400""}"
KXETH15M-26APR281215-15,8e01f97a-125b-6e4b-f7a8-3533f54e609d,1777392444,0.37,9.0,no,"{""count_fp"":""9.00"",""created_time"":""2026-04-28T16:07:24.212973Z"",""no_price_dollars"":""0.6300"",""taker_side"":""no"",""ticker"":""KXETH15M-26APR281215-15"",""trade_id"":""8e01f97a-125b-6e4b-f7a8-3533f54e609d"",""yes_price_dollars"":""0.3700""}"
KXETH15M-26APR281215-15,6d8b5736-448e-6c3f-8766-642bb887bcfe,1777392447,0.42,1.0,no,"{""count_fp"":""1.00"",""created_time"":""2026-04-28T16:07:27.029365Z"",""no_price_dollars"":""0.5800"",""taker_side"":""no"",""ticker"":""KXETH15M-26APR281215-15"",""trade_id"":""6d8b5736-448e-6c3f-8766-642bb887bcfe"",""yes_price_dollars"":""0.4200""}"
KXETH15M-26APR281215-15,a0a388ce-a329-5f4b-c815-f6b7661fd9f9,1777392451,0.43,6.0,no,"{""count_fp"":""6.00"",""created_time"":""2026-04-28T16:07:31.466562Z"",""no_price_dollars"":""0.5700"",""taker_side"":""no"",""ticker"":""KXETH15M-26APR281215-15"",""trade_id"":""a0a388ce-a329-5f4b-c815-f6b7661fd9f9"",""yes_price_dollars"":""0.4300""}"
KXETH15M-26APR281215-15,ba983b30-82ce-6b47-db88-ee4b9415d354,1777392458,0.45,10.0,yes,"{""count_fp"":""10.00"",""created_time"":""2026-04-28T16:07:38.628735Z"",""no_price_dollars"":""0.5500"",""taker_side"":""yes"",""ticker"":""KXETH15M-26APR281215-15"",""trade_id"":""ba983b30-82ce-6b47-db88-ee4b9415d354"",""yes_price_dollars"":""0.4500""}"
KXETH15M-26APR281215-15,350a7c72-9bd9-4ca5-e28b-6c06a9e23ad6,1777392458,0.44,10.0,yes,"{""count_fp"":""10.00"",""created_time"":""2026-04-28T16:07:38.523269Z"",""no_price_dollars"":""0.5600"",""taker_side"":""yes"",""ticker"":""KXETH15M-26APR281215-15"",""trade_id"":""350a7c72-9bd9-4ca5-e28b-6c06a9e23ad6"",""yes_price_dollars"":""0.4400""}"
KXETH15M-26APR281215-15,eaa2b6d3-9172-4857-4a9f-efd3ec96351e,1777392459,0.46,5.22,no,"{""count_fp"":""5.22"",""created_time"":""2026-04-28T16:07:39.446702Z"",""no_price_dollars"":""0.5400"",""taker_side"":""no"",""ticker"":""KXETH15M-26APR281215-15"",""trade_id"":""eaa2b6d3-9172-4857-4a9f-efd3ec96351e"",""yes_price_dollars"":""0.4600""}"
KXETH15M-26APR281215-15,986d7843-bbd1-4f75-6265-25fc6ad2c08e,1777392459,0.46,10.0,no,"{""count_fp"":""10.00"",""created_time"":""2026-04-28T16:07:39.446702Z"",""no_price_dollars"":""0.5400"",""taker_side"":""no"",""ticker"":""KXETH15M-26APR281215-15"",""trade_id"":""986d7843-bbd1-4f75-6265-25fc6ad2c08e"",""yes_price_dollars"":""0.4600""}"
KXETH15M-26APR281215-15,3972aeb3-a99c-55fb-fd1f-1a4163e19590,1777392463,0.53,300.0,yes,"{""count_fp"":""300.00"",""created_time"":""2026-04-28T16:07:43.987988Z"",""no_price_dollars"":""0.4700"",""taker_side"":""yes"",""ticker"":""KXETH15M-26APR281215-15"",""trade_id"":""3972aeb3-a99c-55fb-fd1f-1a4163e19590"",""yes_price_dollars"":""0.5300""}"
KXETH15M-26APR281215-15,fb2013e9-3134-4978-0efd-043a68f2b30b,1777392475,0.54,3.0,yes,"{""count_fp"":""3.00"",""created_time"":""2026-04-28T16:07:55.110174Z"",""no_price_dollars"":""0.4600"",""taker_side"":""yes"",""ticker"":""KXETH15M-26APR281215-15"",""trade_id"":""fb2013e9-3134-4978-0efd-043a68f2b30b"",""yes_price_dollars"":""0.5400""}"
KXETH15M-26APR281215-15,e1bfe01a-042f-4bfd-eadb-c11b0f5b8193,1777392486,0.53,10.0,no,"{""count_fp"":""10.00"",""created_time"":""2026-04-28T16:08:06.684134Z"",""no_price_dollars"":""0.4700"",""taker_side"":""no"",""ticker"":""KXETH15M-26APR281215-15"",""trade_id"":""e1bfe01a-042f-4bfd-eadb-c11b0f5b8193"",""yes_price_dollars"":""0.5300""}"
KXETH15M-26APR281215-15,84714ebd-be7a-4705-e6ea-9f39a5c6cd74,1777392486,0.53,10.0,no,"{""count_fp"":""10.00"",""created_time"":""2026-04-28T16:08:06.684134Z"",""no_price_dollars"":""0.4700"",""taker_side"":""no"",""ticker"":""KXETH15M-26APR281215-15"",""trade_id"":""84714ebd-be7a-4705-e6ea-9f39a5c6cd74"",""yes_price_dollars"":""0.5300""}"
KXETH15M-26APR281215-15,aa723ba3-3652-62e7-996b-d9eabdee4197,1777392487,0.56,10.0,yes,"{""count_fp"":""10.00"",""created_time"":""2026-04-28T16:08:07.423999Z"",""no_price_dollars"":""0.4400"",""taker_side"":""yes"",""ticker"":""KXETH15M-26APR281215-15"",""trade_id"":""aa723ba3-3652-62e7-996b-d9eabdee4197"",""yes_price_dollars"":""0.5600""}"
KXETH15M-26APR281215-15,52de1081-5798-4360-23d2-800cce2a5137,1777392488,0.6,1.0,yes,"{""count_fp"":""1.00"",""created_time"":""2026-04-28T16:08:08.657285Z"",""no_price_dollars"":""0.4000"",""taker_side"":""yes"",""ticker"":""KXETH15M-26APR281215-15"",""trade_id"":""52de1081-5798-4360-23d2-800cce2a5137"",""yes_price_dollars"":""0.6000""}"
KXETH15M-26APR281215-15,72b3ee2f-0100-6d14-99f3-e6ea1e920d1f,1777392492,0.61,2.0,yes,"{""count_fp"":""2.00"",""created_time"":""2026-04-28T16:08:12.063575Z"",""no_price_dollars"":""0.3900"",""taker_side"":""yes"",""ticker"":""KXETH15M-26APR281215-15"",""trade_id"":""72b3ee2f-0100-6d14-99f3-e6ea1e920d1f"",""yes_price_dollars"":""0.6100""}"
KXETH15M-26APR281215-15,cdfbf170-ec22-69c9-83e2-4b88830c352f,1777392493,0.63,10.0,yes,"{""count_fp"":""10.00"",""created_time"":""2026-04-28T16:08:13.352037Z"",""no_price_dollars"":""0.3700"",""taker_side"":""yes"",""ticker"":""KXETH15M-26APR281215-15"",""trade_id"":""cdfbf170-ec22-69c9-83e2-4b88830c352f"",""yes_price_dollars"":""0.6300""}"
KXETH15M-26APR281215-15,32ea8ecd-0e62-5813-5189-1a609631743a,1777392493,0.62,37.06,no,"{""count_fp"":""37.06"",""created_time"":""2026-04-28T16:08:13.295846Z"",""no_price_dollars"":""0.3800"",""taker_side"":""no"",""ticker"":""KXETH15M-26APR281215-15"",""trade_id"":""32ea8ecd-0e62-5813-5189-1a609631743a"",""yes_price_dollars"":""0.6200""}"
KXETH15M-26APR281215-15,d938a632-db32-7002-cbc6-4b5b390748a1,1777392495,0.65,9.0,no,"{""count_fp"":""9.00"",""created_time"":""2026-04-28T16:08:15.788923Z"",""no_price_dollars"":""0.3500"",""taker_side"":""no"",""ticker"":""KXETH15M-26APR281215-15"",""trade_id"":""d938a632-db32-7002-cbc6-4b5b390748a1"",""yes_price_dollars"":""0.6500""}"
KXETH15M-26APR281215-15,77f2abf7-36f5-7095-d7fd-4bf00e4e649f,1777392495,0.66,1.0,no,"{""count_fp"":""1.00"",""created_time"":""2026-04-28T16:08:15.788923Z"",""no_price_dollars"":""0.3400"",""taker_side"":""no"",""ticker"":""KXETH15M-26APR281215-15"",""trade_id"":""77f2abf7-36f5-7095-d7fd-4bf00e4e649f"",""yes_price_dollars"":""0.6600""}"
KXETH15M-26APR281215-15,2da2f2e4-be9a-5cef-7600-f4cc362a3b56,1777392496,0.64,1.35,no,"{""count_fp"":""1.35"",""created_time"":""2026-04-28T16:08:16.038491Z"",""no_price_dollars"":""0.3600"",""taker_side"":""no"",""ticker"":""KXETH15M-26APR281215-15"",""trade_id"":""2da2f2e4-be9a-5cef-7600-f4cc362a3b56"",""yes_price_dollars"":""0.6400""}"
KXETH15M-26APR281215-15,3f4c10a9-c376-65d9-24a4-20facd975370,1777392497,0.7,1.0,yes,"{""count_fp"":""1.00"",""created_time"":""2026-04-28T16:08:17.032013Z"",""no_price_dollars"":""0.3000"",""taker_side"":""yes"",""ticker"":""KXETH15M-26APR281215-15"",""trade_id"":""3f4c10a9-c376-65d9-24a4-20facd975370"",""yes_price_dollars"":""0.7000""}"
KXETH15M-26APR281215-15,5e3f1df8-ac09-516d-6468-9cd7b0a5beb1,1777392498,0.69,8.93,no,"{""count_fp"":""8.93"",""created_time"":""2026-04-28T16:08:18.190146Z"",""no_price_dollars"":""0.3100"",""taker_side"":""no"",""ticker"":""KXETH15M-26APR281215-15"",""trade_id"":""5e3f1df8-ac09-516d-6468-9cd7b0a5beb1"",""yes_price_dollars"":""0.6900""}"
KXETH15M-26APR281215-15,7b5ae65c-6586-5c4b-6766-a657d9154782,1777392500,0.68,0.45,no,"{""count_fp"":""0.45"",""created_time"":""2026-04-28T16:08:20.327502Z"",""no_price_dollars"":""0.3200"",""taker_side"":""no"",""ticker"":""KXETH15M-26APR281215-15"",""trade_id"":""7b5ae65c-6586-5c4b-6766-a657d9154782"",""yes_price_dollars"":""0.6800""}"
KXETH15M-26APR281215-15,6c665142-69a8-6b0c-8598-c5dcb86455c3,1777392502,0.7,10.0,no,"{""count_fp"":""10.00"",""created_time"":""2026-04-28T16:08:22.657662Z"",""no_price_dollars"":""0.3000"",""taker_side"":""no"",""ticker"":""KXETH15M-26APR281215-15"",""trade_id"":""6c665142-69a8-6b0c-8598-c5dcb86455c3"",""yes_price_dollars"":""0.7000""}"
KXETH15M-26APR281215-15,5ecb2ee5-052e-68f3-b37b-3103d66151ee,1777392502,0.69,4.0,no,"{""count_fp"":""4.00"",""created_time"":""2026-04-28T16:08:22.657662Z"",""no_price_dollars"":""0.3100"",""taker_side"":""no"",""ticker"":""KXETH15M-26APR281215-15"",""trade_id"":""5ecb2ee5-052e-68f3-b37b-3103d66151ee"",""yes_price_dollars"":""0.6900""}"
KXETH15M-26APR281215-15,9952a62f-5ade-5caf-88f1-8abaa3abb415,1777392502,0.72,10.0,yes,"{""count_fp"":""10.00"",""created_time"":""2026-04-28T16:08:22.128491Z"",""no_price_dollars"":""0.2800"",""taker_side"":""yes"",""ticker"":""KXETH15M-26APR281215-15"",""trade_id"":""9952a62f-5ade-5caf-88f1-8abaa3abb415"",""yes_price_dollars"":""0.7200""}"
KXETH15M-26APR281215-15,01b1f525-d444-57fa-8b86-8aa50ddc9d97,1777392502,0.73,42.93,yes,"{""count_fp"":""42.93"",""created_time"":""2026-04-28T16:08:22.128491Z"",""no_price_dollars"":""0.2700"",""taker_side"":""yes"",""ticker"":""KXETH15M-26APR281215-15"",""trade_id"":""01b1f525-d444-57fa-8b86-8aa50ddc9d97"",""yes_price_dollars"":""0.7300""}"
KXETH15M-26APR281215-15,4fdd7c4e-c86b-6486-ed34-a34d1836f1c1,1777392509,0.7,10.0,no,"{""count_fp"":""10.00"",""created_time"":""2026-04-28T16:08:29.387621Z"",""no_price_dollars"":""0.3000"",""taker_side"":""no"",""ticker"":""KXETH15M-26APR281215-15"",""trade_id"":""4fdd7c4e-c86b-6486-ed34-a34d1836f1c1"",""yes_price_dollars"":""0.7000""}"
KXETH15M-26APR281215-15,21c73379-736e-6107-da07-813193c35076,1777392509,0.69,139.45,no,"{""count_fp"":""139.45"",""created_time"":""2026-04-28T16:08:29.387621Z"",""no_price_dollars"":""0.3100"",""taker_side"":""no"",""ticker"":""KXETH15M-26APR281215-15"",""trade_id"":""21c73379-736e-6107-da07-813193c35076"",""yes_price_dollars"":""0.6900""}"
KXETH15M-26APR281215-15,bf7971af-222e-6ef7-78ff-f764e0d08157,1777392514,0.72,1.0,yes,"{""count_fp"":""1.00"",""created_time"":""2026-04-28T16:08:34.940308Z"",""no_price_dollars"":""0.2800"",""taker_side"":""yes"",""ticker"":""KXETH15M-26APR281215-15"",""trade_id"":""bf7971af-222e-6ef7-78ff-f764e0d08157"",""yes_price_dollars"":""0.7200""}"
KXETH15M-26APR281215-15,57519724-e886-5a64-2c40-4518fbc28bf9,1777392516,0.72,6.0,no,"{""count_fp"":""6.00"",""created_time"":""2026-04-28T16:08:36.051546Z"",""no_price_dollars"":""0.2800"",""taker_side"":""no"",""ticker"":""KXETH15M-26APR281215-15"",""trade_id"":""57519724-e886-5a64-2c40-4518fbc28bf9"",""yes_price_dollars"":""0.7200""}"
KXETH15M-26APR281215-15,1ab12c47-7ea4-478c-8f56-74e9412cf0bb,1777392522,0.72,20.0,yes,"{""count_fp"":""20.00"",""created_time"":""2026-04-28T16:08:42.166365Z"",""no_price_dollars"":""0.2800"",""taker_side"":""yes"",""ticker"":""KXETH15M-26APR281215-15"",""trade_id"":""1ab12c47-7ea4-478c-8f56-74e9412cf0bb"",""yes_price_dollars"":""0.7200""}"
KXETH15M-26APR281215-15,854e621a-7049-4d20-ec0d-91fcd0bb67e8,1777392523,0.68,9.0,no,"{""count_fp"":""9.00"",""created_time"":""2026-04-28T16:08:43.523597Z"",""no_price_dollars"":""0.3200"",""taker_side"":""no"",""ticker"":""KXETH15M-26APR281215-15"",""trade_id"":""854e621a-7049-4d20-ec0d-91fcd0bb67e8"",""yes_price_dollars"":""0.6800""}"
KXETH15M-26APR281215-15,1a6d2b95-64de-57bc-8b17-92cbc554d7c9,1777392525,0.66,7.39,yes,"{""count_fp"":""7.39"",""created_time"":""2026-04-28T16:08:45.798785Z"",""no_price_dollars"":""0.3400"",""taker_side"":""yes"",""ticker"":""KXETH15M-26APR281215-15"",""trade_id"":""1a6d2b95-64de-57bc-8b17-92cbc554d7c9"",""yes_price_dollars"":""0.6600""}"
KXETH15M-26APR281215-15,1ed3ed3d-17d2-4fdf-8045-a02ae895c322,1777392529,0.59,232.53,no,"{""count_fp"":""232.53"",""created_time"":""2026-04-28T16:08:49.796216Z"",""no_price_dollars"":""0.4100"",""taker_side"":""no"",""ticker"":""KXETH15M-26APR281215-15"",""trade_id"":""1ed3ed3d-17d2-4fdf-8045-a02ae895c322"",""yes_price_dollars"":""0.5900""}"
KXETH15M-26APR281215-15,080dfe15-1486-768f-1e5e-ac3d0b66dca2,1777392529,0.58,217.12,no,"{""count_fp"":""217.12"",""created_time"":""2026-04-28T16:08:49.464865Z"",""no_price_dollars"":""0.4200"",""taker_side"":""no"",""ticker"":""KXETH15M-26APR281215-15"",""trade_id"":""080dfe15-1486-768f-1e5e-ac3d0b66dca2"",""yes_price_dollars"":""0.5800""}"
KXETH15M-26APR281215-15,eaf0f781-71b9-6588-7c2f-1f63d132778c,1777392532,0.6,10.0,no,"{""count_fp"":""10.00"",""created_time"":""2026-04-28T16:08:52.673904Z"",""no_price_dollars"":""0.4000"",""taker_side"":""no"",""ticker"":""KXETH15M-26APR281215-15"",""trade_id"":""eaf0f781-71b9-6588-7c2f-1f63d132778c"",""yes_price_dollars"":""0.6000""}"
KXETH15M-26APR281215-15,b82c8e21-9f45-69d7-5cbb-cf9daf786fcb,1777392532,0.61,10.0,no,"{""count_fp"":""10.00"",""created_time"":""2026-04-28T16:08:52.673904Z"",""no_price_dollars"":""0.3900"",""taker_side"":""no"",""ticker"":""KXETH15M-26APR281215-15"",""trade_id"":""b82c8e21-9f45-69d7-5cbb-cf9daf786fcb"",""yes_price_dollars"":""0.6100""}"
KXETH15M-26APR281215-15,b9c2e66f-a38b-4514-817e-4248a096a0af,1777392533,0.52,10.0,no,"{""count_fp"":""10.00"",""created_time"":""2026-04-28T16:08:53.350562Z"",""no_price_dollars"":""0.4800"",""taker_side"":""no"",""ticker"":""KXETH15M-26APR281215-15"",""trade_id"":""b9c2e66f-a38b-4514-817e-4248a096a0af"",""yes_price_dollars"":""0.5200""}"
KXETH15M-26APR281215-15,50c3c11f-faec-4a33-ac38-10915f99e039,1777392533,0.51,10.0,no,"{""count_fp"":""10.00"",""created_time"":""2026-04-28T16:08:53.350562Z"",""no_price_dollars"":""0.4900"",""taker_side"":""no"",""ticker"":""KXETH15M-26APR281215-15"",""trade_id"":""50c3c11f-faec-4a33-ac38-10915f99e039"",""yes_price_dollars"":""0.5100""}"
KXETH15M-26APR281215-15,465e0d49-6ced-4033-9dcc-131b75c12f8e,1777392533,0.53,60.0,no,"{""count_fp"":""60.00"",""created_time"":""2026-04-28T16:08:53.350562Z"",""no_price_dollars"":""0.4700"",""taker_side"":""no"",""ticker"":""KXETH15M-26APR281215-15"",""trade_id"":""465e0d49-6ced-4033-9dcc-131b75c12f8e"",""yes_price_dollars"":""0.5300""}"
