ticker,trade_id,ts,yes_price,count,taker_side,raw_json
KXETH15M-26APR281345-45,4b35bc66-7a34-4328-456f-30aaf6c2ee98,1777397408,0.41,7.0,no,"{""count_fp"":""7.00"",""created_time"":""2026-04-28T17:30:08.514286Z"",""no_price_dollars"":""0.5900"",""taker_side"":""no"",""ticker"":""KXETH15M-26APR281345-45"",""trade_id"":""4b35bc66-7a34-4328-456f-30aaf6c2ee98"",""yes_price_dollars"":""0.4100""}"
KXETH15M-26APR281345-45,4ff0cf4d-bb08-6f04-421a-510c6fc79f38,1777397410,0.42,21.56,no,"{""count_fp"":""21.56"",""created_time"":""2026-04-28T17:30:10.170811Z"",""no_price_dollars"":""0.5800"",""taker_side"":""no"",""ticker"":""KXETH15M-26APR281345-45"",""trade_id"":""4ff0cf4d-bb08-6f04-421a-510c6fc79f38"",""yes_price_dollars"":""0.4200""}"
KXETH15M-26APR281345-45,0b7a4779-4506-62a3-51d9-ad44b238e25f,1777397410,0.43,8.58,no,"{""count_fp"":""8.58"",""created_time"":""2026-04-28T17:30:10.170811Z"",""no_price_dollars"":""0.5700"",""taker_side"":""no"",""ticker"":""KXETH15M-26APR281345-45"",""trade_id"":""0b7a4779-4506-62a3-51d9-ad44b238e25f"",""yes_price_dollars"":""0.4300""}"
KXETH15M-26APR281345-45,a3c7bc40-dd3b-6a4c-924b-3edd073b3088,1777397417,0.46,1.58,no,"{""count_fp"":""1.58"",""created_time"":""2026-04-28T17:30:17.080297Z"",""no_price_dollars"":""0.5400"",""taker_side"":""no"",""ticker"":""KXETH15M-26APR281345-45"",""trade_id"":""a3c7bc40-dd3b-6a4c-924b-3edd073b3088"",""yes_price_dollars"":""0.4600""}"
KXETH15M-26APR281345-45,7abc6621-add0-69c0-bf08-3bda9c106625,1777397417,0.47,2.0,no,"{""count_fp"":""2.00"",""created_time"":""2026-04-28T17:30:17.080297Z"",""no_price_dollars"":""0.5300"",""taker_side"":""no"",""ticker"":""KXETH15M-26APR281345-45"",""trade_id"":""7abc6621-add0-69c0-bf08-3bda9c106625"",""yes_price_dollars"":""0.4700""}"
KXETH15M-26APR281345-45,201ceba3-71c8-6fa8-7223-066e97438d4e,1777397419,0.48,1.0,yes,"{""count_fp"":""1.00"",""created_time"":""2026-04-28T17:30:19.704927Z"",""no_price_dollars"":""0.5200"",""taker_side"":""yes"",""ticker"":""KXETH15M-26APR281345-45"",""trade_id"":""201ceba3-71c8-6fa8-7223-066e97438d4e"",""yes_price_dollars"":""0.4800""}"
KXETH15M-26APR281345-45,6b9ecdb4-73a6-6c2e-ec57-5ef34142f481,1777397420,0.45,7.79,no,"{""count_fp"":""7.79"",""created_time"":""2026-04-28T17:30:20.267635Z"",""no_price_dollars"":""0.5500"",""taker_side"":""no"",""ticker"":""KXETH15M-26APR281345-45"",""trade_id"":""6b9ecdb4-73a6-6c2e-ec57-5ef34142f481"",""yes_price_dollars"":""0.4500""}"
KXETH15M-26APR281345-45,27cbffcd-3de7-664c-c9b9-b07b63e8c17c,1777397420,0.46,10.0,no,"{""count_fp"":""10.00"",""created_time"":""2026-04-28T17:30:20.267635Z"",""no_price_dollars"":""0.5400"",""taker_side"":""no"",""ticker"":""KXETH15M-26APR281345-45"",""trade_id"":""27cbffcd-3de7-664c-c9b9-b07b63e8c17c"",""yes_price_dollars"":""0.4600""}"
KXETH15M-26APR281345-45,d8859a6c-fd58-4530-14b6-7ddc104c97aa,1777397422,0.48,1.0,yes,"{""count_fp"":""1.00"",""created_time"":""2026-04-28T17:30:22.096142Z"",""no_price_dollars"":""0.5200"",""taker_side"":""yes"",""ticker"":""KXETH15M-26APR281345-45"",""trade_id"":""d8859a6c-fd58-4530-14b6-7ddc104c97aa"",""yes_price_dollars"":""0.4800""}"
KXETH15M-26APR281345-45,729cfbce-a643-4dcc-9df8-13c5daedeaea,1777397425,0.47,1.0,no,"{""count_fp"":""1.00"",""created_time"":""2026-04-28T17:30:25.829048Z"",""no_price_dollars"":""0.5300"",""taker_side"":""no"",""ticker"":""KXETH15M-26APR281345-45"",""trade_id"":""729cfbce-a643-4dcc-9df8-13c5daedeaea"",""yes_price_dollars"":""0.4700""}"
KXETH15M-26APR281345-45,55992f4e-0162-4b2a-9a63-f2b7b43ae579,1777397425,0.46,0.8,no,"{""count_fp"":""0.80"",""created_time"":""2026-04-28T17:30:25.829048Z"",""no_price_dollars"":""0.5400"",""taker_side"":""no"",""ticker"":""KXETH15M-26APR281345-45"",""trade_id"":""55992f4e-0162-4b2a-9a63-f2b7b43ae579"",""yes_price_dollars"":""0.4600""}"
KXETH15M-26APR281345-45,be193990-187d-6def-289a-297cfc4006be,1777397429,0.5,5.0,yes,"{""count_fp"":""5.00"",""created_time"":""2026-04-28T17:30:29.217626Z"",""no_price_dollars"":""0.5000"",""taker_side"":""yes"",""ticker"":""KXETH15M-26APR281345-45"",""trade_id"":""be193990-187d-6def-289a-297cfc4006be"",""yes_price_dollars"":""0.5000""}"
KXETH15M-26APR281345-45,9b93b1e7-3754-6a8f-1413-03dc7133aa2a,1777397429,0.5,1.0,yes,"{""count_fp"":""1.00"",""created_time"":""2026-04-28T17:30:29.217626Z"",""no_price_dollars"":""0.5000"",""taker_side"":""yes"",""ticker"":""KXETH15M-26APR281345-45"",""trade_id"":""9b93b1e7-3754-6a8f-1413-03dc7133aa2a"",""yes_price_dollars"":""0.5000""}"
KXETH15M-26APR281345-45,6a0a170c-923f-67bd-19aa-0c8871c1c39b,1777397429,0.5,1.0,yes,"{""count_fp"":""1.00"",""created_time"":""2026-04-28T17:30:29.217626Z"",""no_price_dollars"":""0.5000"",""taker_side"":""yes"",""ticker"":""KXETH15M-26APR281345-45"",""trade_id"":""6a0a170c-923f-67bd-19aa-0c8871c1c39b"",""yes_price_dollars"":""0.5000""}"
KXETH15M-26APR281345-45,96d4e4e9-e446-5dc1-8a41-96e09b68a7ca,1777397429,0.49,1.0,yes,"{""count_fp"":""1.00"",""created_time"":""2026-04-28T17:30:29.070099Z"",""no_price_dollars"":""0.5100"",""taker_side"":""yes"",""ticker"":""KXETH15M-26APR281345-45"",""trade_id"":""96d4e4e9-e446-5dc1-8a41-96e09b68a7ca"",""yes_price_dollars"":""0.4900""}"
KXETH15M-26APR281345-45,fb616a1c-2004-6611-0202-3163353a4d10,1777397429,0.48,0.9,yes,"{""count_fp"":""0.90"",""created_time"":""2026-04-28T17:30:29.058549Z"",""no_price_dollars"":""0.5200"",""taker_side"":""yes"",""ticker"":""KXETH15M-26APR281345-45"",""trade_id"":""fb616a1c-2004-6611-0202-3163353a4d10"",""yes_price_dollars"":""0.4800""}"
KXETH15M-26APR281345-45,3d644491-2e88-6d25-9ae9-b94a24f25a38,1777397429,0.48,1.1,yes,"{""count_fp"":""1.10"",""created_time"":""2026-04-28T17:30:29.046744Z"",""no_price_dollars"":""0.5200"",""taker_side"":""yes"",""ticker"":""KXETH15M-26APR281345-45"",""trade_id"":""3d644491-2e88-6d25-9ae9-b94a24f25a38"",""yes_price_dollars"":""0.4800""}"
KXETH15M-26APR281345-45,0c42fadd-b038-6874-9052-ce0ed3e5c356,1777397429,0.48,34.9,yes,"{""count_fp"":""34.90"",""created_time"":""2026-04-28T17:30:29.046744Z"",""no_price_dollars"":""0.5200"",""taker_side"":""yes"",""ticker"":""KXETH15M-26APR281345-45"",""trade_id"":""0c42fadd-b038-6874-9052-ce0ed3e5c356"",""yes_price_dollars"":""0.4800""}"
KXETH15M-26APR281345-45,42c68035-8ad6-7492-494a-50efce97c969,1777397430,0.51,1.76,no,"{""count_fp"":""1.76"",""created_time"":""2026-04-28T17:30:30.576839Z"",""no_price_dollars"":""0.4900"",""taker_side"":""no"",""ticker"":""KXETH15M-26APR281345-45"",""trade_id"":""42c68035-8ad6-7492-494a-50efce97c969"",""yes_price_dollars"":""0.5100""}"
KXETH15M-26APR281345-45,3082afe5-5b32-41f2-4e05-7a7388200fbd,1777397435,0.53,2.05,no,"{""count_fp"":""2.05"",""created_time"":""2026-04-28T17:30:35.695755Z"",""no_price_dollars"":""0.4700"",""taker_side"":""no"",""ticker"":""KXETH15M-26APR281345-45"",""trade_id"":""3082afe5-5b32-41f2-4e05-7a7388200fbd"",""yes_price_dollars"":""0.5300""}"
KXETH15M-26APR281345-45,05805600-d4de-5276-b5fc-f9080624f019,1777397435,0.53,16.0,no,"{""count_fp"":""16.00"",""created_time"":""2026-04-28T17:30:35.608541Z"",""no_price_dollars"":""0.4700"",""taker_side"":""no"",""ticker"":""KXETH15M-26APR281345-45"",""trade_id"":""05805600-d4de-5276-b5fc-f9080624f019"",""yes_price_dollars"":""0.5300""}"
KXETH15M-26APR281345-45,f0c9ec8a-7f80-6057-628b-83e03f04ea0f,1777397436,0.54,9.44,no,"{""count_fp"":""9.44"",""created_time"":""2026-04-28T17:30:36.473775Z"",""no_price_dollars"":""0.4600"",""taker_side"":""no"",""ticker"":""KXETH15M-26APR281345-45"",""trade_id"":""f0c9ec8a-7f80-6057-628b-83e03f04ea0f"",""yes_price_dollars"":""0.5400""}"
KXETH15M-26APR281345-45,698e5dd1-8e53-6fff-45a5-7c5d1383a6a3,1777397436,0.54,6.56,no,"{""count_fp"":""6.56"",""created_time"":""2026-04-28T17:30:36.473775Z"",""no_price_dollars"":""0.4600"",""taker_side"":""no"",""ticker"":""KXETH15M-26APR281345-45"",""trade_id"":""698e5dd1-8e53-6fff-45a5-7c5d1383a6a3"",""yes_price_dollars"":""0.5400""}"
KXETH15M-26APR281345-45,aa12136e-ffd9-6fec-3fe9-35452b64a5f9,1777397441,0.55,1.76,yes,"{""count_fp"":""1.76"",""created_time"":""2026-04-28T17:30:41.602811Z"",""no_price_dollars"":""0.4500"",""taker_side"":""yes"",""ticker"":""KXETH15M-26APR281345-45"",""trade_id"":""aa12136e-ffd9-6fec-3fe9-35452b64a5f9"",""yes_price_dollars"":""0.5500""}"
KXETH15M-26APR281345-45,f04dca73-1d5a-75b8-7c2b-f108cbbe8ebc,1777397442,0.57,40.0,yes,"{""count_fp"":""40.00"",""created_time"":""2026-04-28T17:30:42.564556Z"",""no_price_dollars"":""0.4300"",""taker_side"":""yes"",""ticker"":""KXETH15M-26APR281345-45"",""trade_id"":""f04dca73-1d5a-75b8-7c2b-f108cbbe8ebc"",""yes_price_dollars"":""0.5700""}"
KXETH15M-26APR281345-45,ca097863-e64e-7569-69e0-78e12eef7d3b,1777397442,0.57,10.0,yes,"{""count_fp"":""10.00"",""created_time"":""2026-04-28T17:30:42.564556Z"",""no_price_dollars"":""0.4300"",""taker_side"":""yes"",""ticker"":""KXETH15M-26APR281345-45"",""trade_id"":""ca097863-e64e-7569-69e0-78e12eef7d3b"",""yes_price_dollars"":""0.5700""}"
KXETH15M-26APR281345-45,8a612078-e52d-7c9c-f8a2-d7d17cdd39c5,1777397442,0.55,0.24,yes,"{""count_fp"":""0.24"",""created_time"":""2026-04-28T17:30:42.237232Z"",""no_price_dollars"":""0.4500"",""taker_side"":""yes"",""ticker"":""KXETH15M-26APR281345-45"",""trade_id"":""8a612078-e52d-7c9c-f8a2-d7d17cdd39c5"",""yes_price_dollars"":""0.5500""}"
KXETH15M-26APR281345-45,193b1371-7144-71d6-5a7a-5644da79c4ec,1777397443,0.6,5.0,yes,"{""count_fp"":""5.00"",""created_time"":""2026-04-28T17:30:43.784859Z"",""no_price_dollars"":""0.4000"",""taker_side"":""yes"",""ticker"":""KXETH15M-26APR281345-45"",""trade_id"":""193b1371-7144-71d6-5a7a-5644da79c4ec"",""yes_price_dollars"":""0.6000""}"
KXETH15M-26APR281345-45,09670e88-1c96-61e2-01b3-6d6ce51595e9,1777397443,0.57,17.0,no,"{""count_fp"":""17.00"",""created_time"":""2026-04-28T17:30:43.647602Z"",""no_price_dollars"":""0.4300"",""taker_side"":""no"",""ticker"":""KXETH15M-26APR281345-45"",""trade_id"":""09670e88-1c96-61e2-01b3-6d6ce51595e9"",""yes_price_dollars"":""0.5700""}"
KXETH15M-26APR281345-45,b271f4e1-08ec-6b6a-4d93-8164b0be5c08,1777397444,0.6,7.0,yes,"{""count_fp"":""7.00"",""created_time"":""2026-04-28T17:30:44.357887Z"",""no_price_dollars"":""0.4000"",""taker_side"":""yes"",""ticker"":""KXETH15M-26APR281345-45"",""trade_id"":""b271f4e1-08ec-6b6a-4d93-8164b0be5c08"",""yes_price_dollars"":""0.6000""}"
KXETH15M-26APR281345-45,2f54258f-3048-678c-5d29-e1b4869f0d1d,1777397444,0.6,9.0,yes,"{""count_fp"":""9.00"",""created_time"":""2026-04-28T17:30:44.357887Z"",""no_price_dollars"":""0.4000"",""taker_side"":""yes"",""ticker"":""KXETH15M-26APR281345-45"",""trade_id"":""2f54258f-3048-678c-5d29-e1b4869f0d1d"",""yes_price_dollars"":""0.6000""}"
KXETH15M-26APR281345-45,de870b27-36a2-598e-ba70-f20d56637e4d,1777397447,0.58,5.0,no,"{""count_fp"":""5.00"",""created_time"":""2026-04-28T17:30:47.408361Z"",""no_price_dollars"":""0.4200"",""taker_side"":""no"",""ticker"":""KXETH15M-26APR281345-45"",""trade_id"":""de870b27-36a2-598e-ba70-f20d56637e4d"",""yes_price_dollars"":""0.5800""}"
KXETH15M-26APR281345-45,2df7b4e3-212e-74a7-8f71-7b72aa533e5f,1777397450,0.6,1.0,yes,"{""count_fp"":""1.00"",""created_time"":""2026-04-28T17:30:50.784655Z"",""no_price_dollars"":""0.4000"",""taker_side"":""yes"",""ticker"":""KXETH15M-26APR281345-45"",""trade_id"":""2df7b4e3-212e-74a7-8f71-7b72aa533e5f"",""yes_price_dollars"":""0.6000""}"
KXETH15M-26APR281345-45,1d63f7fa-fd1c-6c9c-eb15-7107bb9173bd,1777397450,0.63,1.54,yes,"{""count_fp"":""1.54"",""created_time"":""2026-04-28T17:30:50.135017Z"",""no_price_dollars"":""0.3700"",""taker_side"":""yes"",""ticker"":""KXETH15M-26APR281345-45"",""trade_id"":""1d63f7fa-fd1c-6c9c-eb15-7107bb9173bd"",""yes_price_dollars"":""0.6300""}"
KXETH15M-26APR281345-45,ba55523f-c270-79f2-6192-5f4f5867df68,1777397451,0.59,1.0,no,"{""count_fp"":""1.00"",""created_time"":""2026-04-28T17:30:51.705744Z"",""no_price_dollars"":""0.4100"",""taker_side"":""no"",""ticker"":""KXETH15M-26APR281345-45"",""trade_id"":""ba55523f-c270-79f2-6192-5f4f5867df68"",""yes_price_dollars"":""0.5900""}"
KXETH15M-26APR281345-45,5c255fce-a74e-74ca-4db5-bdd41405ac72,1777397451,0.57,1.28,no,"{""count_fp"":""1.28"",""created_time"":""2026-04-28T17:30:51.705744Z"",""no_price_dollars"":""0.4300"",""taker_side"":""no"",""ticker"":""KXETH15M-26APR281345-45"",""trade_id"":""5c255fce-a74e-74ca-4db5-bdd41405ac72"",""yes_price_dollars"":""0.5700""}"
KXETH15M-26APR281345-45,4d45f358-31aa-6ff4-22d8-f27b77ed3aaa,1777397461,0.58,1.0,yes,"{""count_fp"":""1.00"",""created_time"":""2026-04-28T17:31:01.174035Z"",""no_price_dollars"":""0.4200"",""taker_side"":""yes"",""ticker"":""KXETH15M-26APR281345-45"",""trade_id"":""4d45f358-31aa-6ff4-22d8-f27b77ed3aaa"",""yes_price_dollars"":""0.5800""}"
KXETH15M-26APR281345-45,dd359206-ba11-5562-bac9-ca0f55d1bc4f,1777397462,0.55,1.0,no,"{""count_fp"":""1.00"",""created_time"":""2026-04-28T17:31:02.300509Z"",""no_price_dollars"":""0.4500"",""taker_side"":""no"",""ticker"":""KXETH15M-26APR281345-45"",""trade_id"":""dd359206-ba11-5562-bac9-ca0f55d1bc4f"",""yes_price_dollars"":""0.5500""}"
KXETH15M-26APR281345-45,f00f04dd-adf5-7117-4eec-4cb263f0bf36,1777397467,0.53,6.33,no,"{""count_fp"":""6.33"",""created_time"":""2026-04-28T17:31:07.370176Z"",""no_price_dollars"":""0.4700"",""taker_side"":""no"",""ticker"":""KXETH15M-26APR281345-45"",""trade_id"":""f00f04dd-adf5-7117-4eec-4cb263f0bf36"",""yes_price_dollars"":""0.5300""}"
KXETH15M-26APR281345-45,ab1c5233-3c08-7874-4bd4-851397ca3711,1777397467,0.54,2.0,no,"{""count_fp"":""2.00"",""created_time"":""2026-04-28T17:31:07.370176Z"",""no_price_dollars"":""0.4600"",""taker_side"":""no"",""ticker"":""KXETH15M-26APR281345-45"",""trade_id"":""ab1c5233-3c08-7874-4bd4-851397ca3711"",""yes_price_dollars"":""0.5400""}"
KXETH15M-26APR281345-45,18ac66cf-d0a1-7da5-604e-e6d3ae44e968,1777397467,0.54,2.0,no,"{""count_fp"":""2.00"",""created_time"":""2026-04-28T17:31:07.370176Z"",""no_price_dollars"":""0.4600"",""taker_side"":""no"",""ticker"":""KXETH15M-26APR281345-45"",""trade_id"":""18ac66cf-d0a1-7da5-604e-e6d3ae44e968"",""yes_price_dollars"":""0.5400""}"
KXETH15M-26APR281345-45,787605da-3f64-7205-bd28-3f32277cfe50,1777397469,0.54,10.0,yes,"{""count_fp"":""10.00"",""created_time"":""2026-04-28T17:31:09.365609Z"",""no_price_dollars"":""0.4600"",""taker_side"":""yes"",""ticker"":""KXETH15M-26APR281345-45"",""trade_id"":""787605da-3f64-7205-bd28-3f32277cfe50"",""yes_price_dollars"":""0.5400""}"
KXETH15M-26APR281345-45,18565f80-52f7-7a95-b0ac-f5655fcb4a07,1777397474,0.58,2.0,no,"{""count_fp"":""2.00"",""created_time"":""2026-04-28T17:31:14.271839Z"",""no_price_dollars"":""0.4200"",""taker_side"":""no"",""ticker"":""KXETH15M-26APR281345-45"",""trade_id"":""18565f80-52f7-7a95-b0ac-f5655fcb4a07"",""yes_price_dollars"":""0.5800""}"
KXETH15M-26APR281345-45,8b495d03-20e0-5d7e-ae65-5d2a3923e933,1777397475,0.6,1.0,yes,"{""count_fp"":""1.00"",""created_time"":""2026-04-28T17:31:15.228454Z"",""no_price_dollars"":""0.4000"",""taker_side"":""yes"",""ticker"":""KXETH15M-26APR281345-45"",""trade_id"":""8b495d03-20e0-5d7e-ae65-5d2a3923e933"",""yes_price_dollars"":""0.6000""}"
KXETH15M-26APR281345-45,6749e373-7d8e-4b92-84a4-8fd32000c5ad,1777397476,0.57,11.16,no,"{""count_fp"":""11.16"",""created_time"":""2026-04-28T17:31:16.725716Z"",""no_price_dollars"":""0.4300"",""taker_side"":""no"",""ticker"":""KXETH15M-26APR281345-45"",""trade_id"":""6749e373-7d8e-4b92-84a4-8fd32000c5ad"",""yes_price_dollars"":""0.5700""}"
KXETH15M-26APR281345-45,ced0dd6a-dddc-4d3f-ab6a-456218ebfd48,1777397488,0.58,9.65,no,"{""count_fp"":""9.65"",""created_time"":""2026-04-28T17:31:28.622247Z"",""no_price_dollars"":""0.4200"",""taker_side"":""no"",""ticker"":""KXETH15M-26APR281345-45"",""trade_id"":""ced0dd6a-dddc-4d3f-ab6a-456218ebfd48"",""yes_price_dollars"":""0.5800""}"
KXETH15M-26APR281345-45,684dbeae-a847-4db3-aaec-93717f2142b3,1777397488,0.57,6.94,no,"{""count_fp"":""6.94"",""created_time"":""2026-04-28T17:31:28.622247Z"",""no_price_dollars"":""0.4300"",""taker_side"":""no"",""ticker"":""KXETH15M-26APR281345-45"",""trade_id"":""684dbeae-a847-4db3-aaec-93717f2142b3"",""yes_price_dollars"":""0.5700""}"
KXETH15M-26APR281345-45,57784d08-6fa1-4e02-8818-68ddc110fe2d,1777397488,0.57,5.0,no,"{""count_fp"":""5.00"",""created_time"":""2026-04-28T17:31:28.622247Z"",""no_price_dollars"":""0.4300"",""taker_side"":""no"",""ticker"":""KXETH15M-26APR281345-45"",""trade_id"":""57784d08-6fa1-4e02-8818-68ddc110fe2d"",""yes_price_dollars"":""0.5700""}"
KXETH15M-26APR281345-45,30ca017f-95bc-43d9-87be-07f6b384baf7,1777397488,0.58,1.0,no,"{""count_fp"":""1.00"",""created_time"":""2026-04-28T17:31:28.622247Z"",""no_price_dollars"":""0.4200"",""taker_side"":""no"",""ticker"":""KXETH15M-26APR281345-45"",""trade_id"":""30ca017f-95bc-43d9-87be-07f6b384baf7"",""yes_price_dollars"":""0.5800""}"
KXETH15M-26APR281345-45,20af55fc-87a4-7e2b-de23-f1f6131a3e98,1777397490,0.61,9.97,yes,"{""count_fp"":""9.97"",""created_time"":""2026-04-28T17:31:30.065104Z"",""no_price_dollars"":""0.3900"",""taker_side"":""yes"",""ticker"":""KXETH15M-26APR281345-45"",""trade_id"":""20af55fc-87a4-7e2b-de23-f1f6131a3e98"",""yes_price_dollars"":""0.6100""}"
KXETH15M-26APR281345-45,17c9f8b4-0aba-7eb2-ca1f-921b9b2874d0,1777397490,0.59,0.36,yes,"{""count_fp"":""0.36"",""created_time"":""2026-04-28T17:31:30.065104Z"",""no_price_dollars"":""0.4100"",""taker_side"":""yes"",""ticker"":""KXETH15M-26APR281345-45"",""trade_id"":""17c9f8b4-0aba-7eb2-ca1f-921b9b2874d0"",""yes_price_dollars"":""0.5900""}"
KXETH15M-26APR281345-45,53491198-3bc2-7798-6117-58358afeba36,1777397491,0.64,5.0,yes,"{""count_fp"":""5.00"",""created_time"":""2026-04-28T17:31:31.808567Z"",""no_price_dollars"":""0.3600"",""taker_side"":""yes"",""ticker"":""KXETH15M-26APR281345-45"",""trade_id"":""53491198-3bc2-7798-6117-58358afeba36"",""yes_price_dollars"":""0.6400""}"
KXETH15M-26APR281345-45,928bf5fa-f327-7ed3-f1ad-45248cd5674e,1777397491,0.59,10.0,no,"{""count_fp"":""10.00"",""created_time"":""2026-04-28T17:31:31.250426Z"",""no_price_dollars"":""0.4100"",""taker_side"":""no"",""ticker"":""KXETH15M-26APR281345-45"",""trade_id"":""928bf5fa-f327-7ed3-f1ad-45248cd5674e"",""yes_price_dollars"":""0.5900""}"
KXETH15M-26APR281345-45,1458a1f0-3f0b-76bb-fbc1-7ce6250f6aa3,1777397491,0.58,12.0,no,"{""count_fp"":""12.00"",""created_time"":""2026-04-28T17:31:31.250426Z"",""no_price_dollars"":""0.4200"",""taker_side"":""no"",""ticker"":""KXETH15M-26APR281345-45"",""trade_id"":""1458a1f0-3f0b-76bb-fbc1-7ce6250f6aa3"",""yes_price_dollars"":""0.5800""}"
KXETH15M-26APR281345-45,ef820eb8-d9e7-54eb-47d4-3920de38ae93,1777397492,0.59,38.0,no,"{""count_fp"":""38.00"",""created_time"":""2026-04-28T17:31:32.591423Z"",""no_price_dollars"":""0.4100"",""taker_side"":""no"",""ticker"":""KXETH15M-26APR281345-45"",""trade_id"":""ef820eb8-d9e7-54eb-47d4-3920de38ae93"",""yes_price_dollars"":""0.5900""}"
KXETH15M-26APR281345-45,9a7fcdf3-5820-5ed7-6bdb-f788c2fbb9dc,1777397492,0.59,2.0,no,"{""count_fp"":""2.00"",""created_time"":""2026-04-28T17:31:32.591423Z"",""no_price_dollars"":""0.4100"",""taker_side"":""no"",""ticker"":""KXETH15M-26APR281345-45"",""trade_id"":""9a7fcdf3-5820-5ed7-6bdb-f788c2fbb9dc"",""yes_price_dollars"":""0.5900""}"
KXETH15M-26APR281345-45,986444e2-6d58-6cae-852d-08d75b7b97b8,1777397492,0.63,3.0,no,"{""count_fp"":""3.00"",""created_time"":""2026-04-28T17:31:32.108749Z"",""no_price_dollars"":""0.3700"",""taker_side"":""no"",""ticker"":""KXETH15M-26APR281345-45"",""trade_id"":""986444e2-6d58-6cae-852d-08d75b7b97b8"",""yes_price_dollars"":""0.6300""}"
KXETH15M-26APR281345-45,ddd0847a-a333-75e3-e955-5e64fae15e28,1777397494,0.62,2.0,yes,"{""count_fp"":""2.00"",""created_time"":""2026-04-28T17:31:34.961974Z"",""no_price_dollars"":""0.3800"",""taker_side"":""yes"",""ticker"":""KXETH15M-26APR281345-45"",""trade_id"":""ddd0847a-a333-75e3-e955-5e64fae15e28"",""yes_price_dollars"":""0.6200""}"
KXETH15M-26APR281345-45,30dc2bc3-a59d-7790-c0d9-34b27003a60f,1777397494,0.63,0.39,yes,"{""count_fp"":""0.39"",""created_time"":""2026-04-28T17:31:34.961974Z"",""no_price_dollars"":""0.3700"",""taker_side"":""yes"",""ticker"":""KXETH15M-26APR281345-45"",""trade_id"":""30dc2bc3-a59d-7790-c0d9-34b27003a60f"",""yes_price_dollars"":""0.6300""}"
KXETH15M-26APR281345-45,21dc0832-0dfc-7a10-fdcd-d18385824ff1,1777397494,0.63,10.0,yes,"{""count_fp"":""10.00"",""created_time"":""2026-04-28T17:31:34.961974Z"",""no_price_dollars"":""0.3700"",""taker_side"":""yes"",""ticker"":""KXETH15M-26APR281345-45"",""trade_id"":""21dc0832-0dfc-7a10-fdcd-d18385824ff1"",""yes_price_dollars"":""0.6300""}"
KXETH15M-26APR281345-45,931e0fec-aec6-73ab-c00e-e448a0acb969,1777397503,0.6,3.31,no,"{""count_fp"":""3.31"",""created_time"":""2026-04-28T17:31:43.259096Z"",""no_price_dollars"":""0.4000"",""taker_side"":""no"",""ticker"":""KXETH15M-26APR281345-45"",""trade_id"":""931e0fec-aec6-73ab-c00e-e448a0acb969"",""yes_price_dollars"":""0.6000""}"
KXETH15M-26APR281345-45,73169161-488b-7c43-dc7e-14dfcd05f555,1777397503,0.61,2.0,no,"{""count_fp"":""2.00"",""created_time"":""2026-04-28T17:31:43.259096Z"",""no_price_dollars"":""0.3900"",""taker_side"":""no"",""ticker"":""KXETH15M-26APR281345-45"",""trade_id"":""73169161-488b-7c43-dc7e-14dfcd05f555"",""yes_price_dollars"":""0.6100""}"
KXETH15M-26APR281345-45,6689ae85-354d-7d3e-f8ea-23411ae87e1a,1777397503,0.61,10.0,no,"{""count_fp"":""10.00"",""created_time"":""2026-04-28T17:31:43.259096Z"",""no_price_dollars"":""0.3900"",""taker_side"":""no"",""ticker"":""KXETH15M-26APR281345-45"",""trade_id"":""6689ae85-354d-7d3e-f8ea-23411ae87e1a"",""yes_price_dollars"":""0.6100""}"
KXETH15M-26APR281345-45,19502b31-08b7-75bf-d1d0-152e30962e93,1777397503,0.61,100.0,no,"{""count_fp"":""100.00"",""created_time"":""2026-04-28T17:31:43.259096Z"",""no_price_dollars"":""0.3900"",""taker_side"":""no"",""ticker"":""KXETH15M-26APR281345-45"",""trade_id"":""19502b31-08b7-75bf-d1d0-152e30962e93"",""yes_price_dollars"":""0.6100""}"
KXETH15M-26APR281345-45,189de0ef-f70c-7599-c4d7-483811c2488c,1777397503,0.61,10.0,no,"{""count_fp"":""10.00"",""created_time"":""2026-04-28T17:31:43.259096Z"",""no_price_dollars"":""0.3900"",""taker_side"":""no"",""ticker"":""KXETH15M-26APR281345-45"",""trade_id"":""189de0ef-f70c-7599-c4d7-483811c2488c"",""yes_price_dollars"":""0.6100""}"
KXETH15M-26APR281345-45,8508154d-c64e-5a94-6727-925d3f8f75e2,1777397509,0.59,0.4,yes,"{""count_fp"":""0.40"",""created_time"":""2026-04-28T17:31:49.580569Z"",""no_price_dollars"":""0.4100"",""taker_side"":""yes"",""ticker"":""KXETH15M-26APR281345-45"",""trade_id"":""8508154d-c64e-5a94-6727-925d3f8f75e2"",""yes_price_dollars"":""0.5900""}"
KXETH15M-26APR281345-45,8e93106e-f4d0-7c46-c11f-2452dae8d989,1777397511,0.6,1.0,no,"{""count_fp"":""1.00"",""created_time"":""2026-04-28T17:31:51.063833Z"",""no_price_dollars"":""0.4000"",""taker_side"":""no"",""ticker"":""KXETH15M-26APR281345-45"",""trade_id"":""8e93106e-f4d0-7c46-c11f-2452dae8d989"",""yes_price_dollars"":""0.6000""}"
KXETH15M-26APR281345-45,a4155bb2-d16c-65fe-9090-d7a4b60b9db6,1777397521,0.64,1.65,yes,"{""count_fp"":""1.65"",""created_time"":""2026-04-28T17:32:01.709229Z"",""no_price_dollars"":""0.3600"",""taker_side"":""yes"",""ticker"":""KXETH15M-26APR281345-45"",""trade_id"":""a4155bb2-d16c-65fe-9090-d7a4b60b9db6"",""yes_price_dollars"":""0.6400""}"
KXETH15M-26APR281345-45,541380df-8ef7-6936-aa3f-10b7431e3ffc,1777397521,0.62,1.0,yes,"{""count_fp"":""1.00"",""created_time"":""2026-04-28T17:32:01.709229Z"",""no_price_dollars"":""0.3800"",""taker_side"":""yes"",""ticker"":""KXETH15M-26APR281345-45"",""trade_id"":""541380df-8ef7-6936-aa3f-10b7431e3ffc"",""yes_price_dollars"":""0.6200""}"
KXETH15M-26APR281345-45,0a313a74-2bf4-6476-b96f-c4c294fca0a3,1777397521,0.62,2.0,yes,"{""count_fp"":""2.00"",""created_time"":""2026-04-28T17:32:01.709229Z"",""no_price_dollars"":""0.3800"",""taker_side"":""yes"",""ticker"":""KXETH15M-26APR281345-45"",""trade_id"":""0a313a74-2bf4-6476-b96f-c4c294fca0a3"",""yes_price_dollars"":""0.6200""}"
KXETH15M-26APR281345-45,b1440f6f-0d06-77ba-deae-126a61697645,1777397523,0.6,4.0,no,"{""count_fp"":""4.00"",""created_time"":""2026-04-28T17:32:03.178132Z"",""no_price_dollars"":""0.4000"",""taker_side"":""no"",""ticker"":""KXETH15M-26APR281345-45"",""trade_id"":""b1440f6f-0d06-77ba-deae-126a61697645"",""yes_price_dollars"":""0.6000""}"
KXETH15M-26APR281345-45,f3f077ed-3273-73e1-3643-1ee98c10e275,1777397526,0.63,1.0,no,"{""count_fp"":""1.00"",""created_time"":""2026-04-28T17:32:06.371522Z"",""no_price_dollars"":""0.3700"",""taker_side"":""no"",""ticker"":""KXETH15M-26APR281345-45"",""trade_id"":""f3f077ed-3273-73e1-3643-1ee98c10e275"",""yes_price_dollars"":""0.6300""}"
KXETH15M-26APR281345-45,3f1c0058-4dc6-7031-ba2b-efd400ce4b01,1777397533,0.64,1.0,yes,"{""count_fp"":""1.00"",""created_time"":""2026-04-28T17:32:13.932263Z"",""no_price_dollars"":""0.3600"",""taker_side"":""yes"",""ticker"":""KXETH15M-26APR281345-45"",""trade_id"":""3f1c0058-4dc6-7031-ba2b-efd400ce4b01"",""yes_price_dollars"":""0.6400""}"
KXETH15M-26APR281345-45,bdf8cbc9-8ad2-5069-0b26-c1ab2f0ba555,1777397539,0.64,1.0,yes,"{""count_fp"":""1.00"",""created_time"":""2026-04-28T17:32:19.195411Z"",""no_price_dollars"":""0.3600"",""taker_side"":""yes"",""ticker"":""KXETH15M-26APR281345-45"",""trade_id"":""bdf8cbc9-8ad2-5069-0b26-c1ab2f0ba555"",""yes_price_dollars"":""0.6400""}"
KXETH15M-26APR281345-45,5a5f50ed-757b-5a42-15b4-746c45398ed8,1777397539,0.64,0.52,yes,"{""count_fp"":""0.52"",""created_time"":""2026-04-28T17:32:19.195411Z"",""no_price_dollars"":""0.3600"",""taker_side"":""yes"",""ticker"":""KXETH15M-26APR281345-45"",""trade_id"":""5a5f50ed-757b-5a42-15b4-746c45398ed8"",""yes_price_dollars"":""0.6400""}"
KXETH15M-26APR281345-45,acf2d58b-e60c-71bb-2ee0-388095f51f1c,1777397541,0.62,12.12,no,"{""count_fp"":""12.12"",""created_time"":""2026-04-28T17:32:21.919167Z"",""no_price_dollars"":""0.3800"",""taker_side"":""no"",""ticker"":""KXETH15M-26APR281345-45"",""trade_id"":""acf2d58b-e60c-71bb-2ee0-388095f51f1c"",""yes_price_dollars"":""0.6200""}"
KXETH15M-26APR281345-45,2dfa50e4-341a-7400-20e1-a55ad2c249df,1777397541,0.62,0.48,no,"{""count_fp"":""0.48"",""created_time"":""2026-04-28T17:32:21.919167Z"",""no_price_dollars"":""0.3800"",""taker_side"":""no"",""ticker"":""KXETH15M-26APR281345-45"",""trade_id"":""2dfa50e4-341a-7400-20e1-a55ad2c249df"",""yes_price_dollars"":""0.6200""}"
KXETH15M-26APR281345-45,606f1357-8a06-4dbc-1e6a-cc2584f2a32b,1777397541,0.62,2.52,no,"{""count_fp"":""2.52"",""created_time"":""2026-04-28T17:32:21.903751Z"",""no_price_dollars"":""0.3800"",""taker_side"":""no"",""ticker"":""KXETH15M-26APR281345-45"",""trade_id"":""606f1357-8a06-4dbc-1e6a-cc2584f2a32b"",""yes_price_dollars"":""0.6200""}"
KXETH15M-26APR281345-45,e261c8fe-c9cf-6e26-4b25-8ad5b76b4709,1777397542,0.63,1.0,yes,"{""count_fp"":""1.00"",""created_time"":""2026-04-28T17:32:22.343179Z"",""no_price_dollars"":""0.3700"",""taker_side"":""yes"",""ticker"":""KXETH15M-26APR281345-45"",""trade_id"":""e261c8fe-c9cf-6e26-4b25-8ad5b76b4709"",""yes_price_dollars"":""0.6300""}"
KXETH15M-26APR281345-45,fee85ef8-90d0-757f-fd2a-5e467f037614,1777397543,0.62,5.04,no,"{""count_fp"":""5.04"",""created_time"":""2026-04-28T17:32:23.422943Z"",""no_price_dollars"":""0.3800"",""taker_side"":""no"",""ticker"":""KXETH15M-26APR281345-45"",""trade_id"":""fee85ef8-90d0-757f-fd2a-5e467f037614"",""yes_price_dollars"":""0.6200""}"
KXETH15M-26APR281345-45,f3e0cf1e-fa29-68d0-3956-e65bd2409605,1777397551,0.62,10.0,no,"{""count_fp"":""10.00"",""created_time"":""2026-04-28T17:32:31.504429Z"",""no_price_dollars"":""0.3800"",""taker_side"":""no"",""ticker"":""KXETH15M-26APR281345-45"",""trade_id"":""f3e0cf1e-fa29-68d0-3956-e65bd2409605"",""yes_price_dollars"":""0.6200""}"
KXETH15M-26APR281345-45,d3cb0e56-8a4d-6662-17a9-1b554f5368c5,1777397551,0.62,9.83,no,"{""count_fp"":""9.83"",""created_time"":""2026-04-28T17:32:31.504429Z"",""no_price_dollars"":""0.3800"",""taker_side"":""no"",""ticker"":""KXETH15M-26APR281345-45"",""trade_id"":""d3cb0e56-8a4d-6662-17a9-1b554f5368c5"",""yes_price_dollars"":""0.6200""}"
KXETH15M-26APR281345-45,c92e7036-31e7-6a3a-30fd-71a8dcdbe126,1777397551,0.62,2.0,no,"{""count_fp"":""2.00"",""created_time"":""2026-04-28T17:32:31.504429Z"",""no_price_dollars"":""0.3800"",""taker_side"":""no"",""ticker"":""KXETH15M-26APR281345-45"",""trade_id"":""c92e7036-31e7-6a3a-30fd-71a8dcdbe126"",""yes_price_dollars"":""0.6200""}"
KXETH15M-26APR281345-45,bbd24bdc-ed59-67ba-1b83-4dfcf23c0d4e,1777397551,0.61,3.31,no,"{""count_fp"":""3.31"",""created_time"":""2026-04-28T17:32:31.504429Z"",""no_price_dollars"":""0.3900"",""taker_side"":""no"",""ticker"":""KXETH15M-26APR281345-45"",""trade_id"":""bbd24bdc-ed59-67ba-1b83-4dfcf23c0d4e"",""yes_price_dollars"":""0.6100""}"
KXETH15M-26APR281345-45,b7505b7f-41c7-43b2-d92e-041af19147d1,1777397554,0.63,22.0,yes,"{""count_fp"":""22.00"",""created_time"":""2026-04-28T17:32:34.759595Z"",""no_price_dollars"":""0.3700"",""taker_side"":""yes"",""ticker"":""KXETH15M-26APR281345-45"",""trade_id"":""b7505b7f-41c7-43b2-d92e-041af19147d1"",""yes_price_dollars"":""0.6300""}"
KXETH15M-26APR281345-45,59c8dcb8-c1e0-5523-3287-95d2f4264eec,1777397555,0.62,1.99,no,"{""count_fp"":""1.99"",""created_time"":""2026-04-28T17:32:35.907273Z"",""no_price_dollars"":""0.3800"",""taker_side"":""no"",""ticker"":""KXETH15M-26APR281345-45"",""trade_id"":""59c8dcb8-c1e0-5523-3287-95d2f4264eec"",""yes_price_dollars"":""0.6200""}"
KXETH15M-26APR281345-45,1f99d152-6549-5927-0545-eab36326e74e,1777397555,0.62,10.0,no,"{""count_fp"":""10.00"",""created_time"":""2026-04-28T17:32:35.907273Z"",""no_price_dollars"":""0.3800"",""taker_side"":""no"",""ticker"":""KXETH15M-26APR281345-45"",""trade_id"":""1f99d152-6549-5927-0545-eab36326e74e"",""yes_price_dollars"":""0.6200""}"
KXETH15M-26APR281345-45,607d22a1-9f5b-415a-6d62-7fc04d9e28d9,1777397556,0.63,17.0,yes,"{""count_fp"":""17.00"",""created_time"":""2026-04-28T17:32:36.152485Z"",""no_price_dollars"":""0.3700"",""taker_side"":""yes"",""ticker"":""KXETH15M-26APR281345-45"",""trade_id"":""607d22a1-9f5b-415a-6d62-7fc04d9e28d9"",""yes_price_dollars"":""0.6300""}"
KXETH15M-26APR281345-45,e1fe3ade-4fd7-713f-e735-4e6747d5946e,1777397558,0.7,10.0,yes,"{""count_fp"":""10.00"",""created_time"":""2026-04-28T17:32:38.896754Z"",""no_price_dollars"":""0.3000"",""taker_side"":""yes"",""ticker"":""KXETH15M-26APR281345-45"",""trade_id"":""e1fe3ade-4fd7-713f-e735-4e6747d5946e"",""yes_price_dollars"":""0.7000""}"
KXETH15M-26APR281345-45,801625b6-c55e-703a-fe83-8e105986dcc1,1777397558,0.65,5.0,yes,"{""count_fp"":""5.00"",""created_time"":""2026-04-28T17:32:38.896754Z"",""no_price_dollars"":""0.3500"",""taker_side"":""yes"",""ticker"":""KXETH15M-26APR281345-45"",""trade_id"":""801625b6-c55e-703a-fe83-8e105986dcc1"",""yes_price_dollars"":""0.6500""}"
KXETH15M-26APR281345-45,738d1d27-faa8-760e-fc48-0c3472ced5bc,1777397558,0.7,9.0,yes,"{""count_fp"":""9.00"",""created_time"":""2026-04-28T17:32:38.896754Z"",""no_price_dollars"":""0.3000"",""taker_side"":""yes"",""ticker"":""KXETH15M-26APR281345-45"",""trade_id"":""738d1d27-faa8-760e-fc48-0c3472ced5bc"",""yes_price_dollars"":""0.7000""}"
KXETH15M-26APR281345-45,068e71dd-e9b9-4c47-2456-19a3d30c9b83,1777397559,0.66,1.0,no,"{""count_fp"":""1.00"",""created_time"":""2026-04-28T17:32:39.862645Z"",""no_price_dollars"":""0.3400"",""taker_side"":""no"",""ticker"":""KXETH15M-26APR281345-45"",""trade_id"":""068e71dd-e9b9-4c47-2456-19a3d30c9b83"",""yes_price_dollars"":""0.6600""}"
KXETH15M-26APR281345-45,03ee6e37-403e-7f09-da55-d5fc23f3bc9b,1777397559,0.7,5.0,yes,"{""count_fp"":""5.00"",""created_time"":""2026-04-28T17:32:39.266199Z"",""no_price_dollars"":""0.3000"",""taker_side"":""yes"",""ticker"":""KXETH15M-26APR281345-45"",""trade_id"":""03ee6e37-403e-7f09-da55-d5fc23f3bc9b"",""yes_price_dollars"":""0.7000""}"
KXETH15M-26APR281345-45,e00ae053-a1cf-4f72-4114-ec71759fb245,1777397564,0.68,2.0,no,"{""count_fp"":""2.00"",""created_time"":""2026-04-28T17:32:44.960686Z"",""no_price_dollars"":""0.3200"",""taker_side"":""no"",""ticker"":""KXETH15M-26APR281345-45"",""trade_id"":""e00ae053-a1cf-4f72-4114-ec71759fb245"",""yes_price_dollars"":""0.6800""}"
KXETH15M-26APR281345-45,efc0640f-945a-55fc-ebb6-3eab06fbe880,1777397564,0.69,1.0,yes,"{""count_fp"":""1.00"",""created_time"":""2026-04-28T17:32:44.272368Z"",""no_price_dollars"":""0.3100"",""taker_side"":""yes"",""ticker"":""KXETH15M-26APR281345-45"",""trade_id"":""efc0640f-945a-55fc-ebb6-3eab06fbe880"",""yes_price_dollars"":""0.6900""}"
KXETH15M-26APR281345-45,74dafc1b-269a-7bc5-5be5-d97d201a6a5b,1777397575,0.8,10.0,yes,"{""count_fp"":""10.00"",""created_time"":""2026-04-28T17:32:55.705436Z"",""no_price_dollars"":""0.2000"",""taker_side"":""yes"",""ticker"":""KXETH15M-26APR281345-45"",""trade_id"":""74dafc1b-269a-7bc5-5be5-d97d201a6a5b"",""yes_price_dollars"":""0.8000""}"
KXETH15M-26APR281345-45,67a6bf83-3bce-7b14-657c-5c466cedcead,1777397575,0.8,1.0,yes,"{""count_fp"":""1.00"",""created_time"":""2026-04-28T17:32:55.705436Z"",""no_price_dollars"":""0.2000"",""taker_side"":""yes"",""ticker"":""KXETH15M-26APR281345-45"",""trade_id"":""67a6bf83-3bce-7b14-657c-5c466cedcead"",""yes_price_dollars"":""0.8000""}"
KXETH15M-26APR281345-45,1505da44-53e6-7674-4d9d-c654b976283e,1777397575,0.81,220.65,yes,"{""count_fp"":""220.65"",""created_time"":""2026-04-28T17:32:55.705436Z"",""no_price_dollars"":""0.1900"",""taker_side"":""yes"",""ticker"":""KXETH15M-26APR281345-45"",""trade_id"":""1505da44-53e6-7674-4d9d-c654b976283e"",""yes_price_dollars"":""0.8100""}"
KXETH15M-26APR281345-45,0cb6e630-eea4-767a-4e9b-35218276441a,1777397575,0.8,68.35,yes,"{""count_fp"":""68.35"",""created_time"":""2026-04-28T17:32:55.705436Z"",""no_price_dollars"":""0.2000"",""taker_side"":""yes"",""ticker"":""KXETH15M-26APR281345-45"",""trade_id"":""0cb6e630-eea4-767a-4e9b-35218276441a"",""yes_price_dollars"":""0.8000""}"
KXETH15M-26APR281345-45,9a08c9a4-dac8-5e9f-09dd-1d722f3acf98,1777397576,0.78,10.0,no,"{""count_fp"":""10.00"",""created_time"":""2026-04-28T17:32:56.693879Z"",""no_price_dollars"":""0.2200"",""taker_side"":""no"",""ticker"":""KXETH15M-26APR281345-45"",""trade_id"":""9a08c9a4-dac8-5e9f-09dd-1d722f3acf98"",""yes_price_dollars"":""0.7800""}"
KXETH15M-26APR281345-45,2d8199a1-1c04-59ff-0324-1e3fbd07c23c,1777397576,0.77,69.12,no,"{""count_fp"":""69.12"",""created_time"":""2026-04-28T17:32:56.693879Z"",""no_price_dollars"":""0.2300"",""taker_side"":""no"",""ticker"":""KXETH15M-26APR281345-45"",""trade_id"":""2d8199a1-1c04-59ff-0324-1e3fbd07c23c"",""yes_price_dollars"":""0.7700""}"
KXETH15M-26APR281345-45,b2cccfb5-0b41-54b6-0e02-d194c8863bda,1777397578,0.77,10.0,no,"{""count_fp"":""10.00"",""created_time"":""2026-04-28T17:32:58.515994Z"",""no_price_dollars"":""0.2300"",""taker_side"":""no"",""ticker"":""KXETH15M-26APR281345-45"",""trade_id"":""b2cccfb5-0b41-54b6-0e02-d194c8863bda"",""yes_price_dollars"":""0.7700""}"
KXETH15M-26APR281345-45,99047a4d-2e03-5c76-1f40-1a47281a6bc5,1777397578,0.76,18.0,no,"{""count_fp"":""18.00"",""created_time"":""2026-04-28T17:32:58.515994Z"",""no_price_dollars"":""0.2400"",""taker_side"":""no"",""ticker"":""KXETH15M-26APR281345-45"",""trade_id"":""99047a4d-2e03-5c76-1f40-1a47281a6bc5"",""yes_price_dollars"":""0.7600""}"
KXETH15M-26APR281345-45,4cdea673-1840-5e08-2b2c-e5808050f609,1777397578,0.76,1.0,no,"{""count_fp"":""1.00"",""created_time"":""2026-04-28T17:32:58.515994Z"",""no_price_dollars"":""0.2400"",""taker_side"":""no"",""ticker"":""KXETH15M-26APR281345-45"",""trade_id"":""4cdea673-1840-5e08-2b2c-e5808050f609"",""yes_price_dollars"":""0.7600""}"
KXETH15M-26APR281345-45,4c212618-a2f6-53aa-3935-128eb5d3e491,1777397578,0.74,59.0,no,"{""count_fp"":""59.00"",""created_time"":""2026-04-28T17:32:58.515994Z"",""no_price_dollars"":""0.2600"",""taker_side"":""no"",""ticker"":""KXETH15M-26APR281345-45"",""trade_id"":""4c212618-a2f6-53aa-3935-128eb5d3e491"",""yes_price_dollars"":""0.7400""}"
KXETH15M-26APR281345-45,2296d66f-a320-5257-02a2-c5ed4403e088,1777397578,0.76,100.0,no,"{""count_fp"":""100.00"",""created_time"":""2026-04-28T17:32:58.515994Z"",""no_price_dollars"":""0.2400"",""taker_side"":""no"",""ticker"":""KXETH15M-26APR281345-45"",""trade_id"":""2296d66f-a320-5257-02a2-c5ed4403e088"",""yes_price_dollars"":""0.7600""}"
KXETH15M-26APR281345-45,f239a19d-2566-7e2a-fc9c-71c16ba205a0,1777397580,0.76,5.0,no,"{""count_fp"":""5.00"",""created_time"":""2026-04-28T17:33:00.537061Z"",""no_price_dollars"":""0.2400"",""taker_side"":""no"",""ticker"":""KXETH15M-26APR281345-45"",""trade_id"":""f239a19d-2566-7e2a-fc9c-71c16ba205a0"",""yes_price_dollars"":""0.7600""}"
KXETH15M-26APR281345-45,e17f1b6f-f47d-7508-ef70-b73bc3125bc5,1777397580,0.76,10.0,no,"{""count_fp"":""10.00"",""created_time"":""2026-04-28T17:33:00.537061Z"",""no_price_dollars"":""0.2400"",""taker_side"":""no"",""ticker"":""KXETH15M-26APR281345-45"",""trade_id"":""e17f1b6f-f47d-7508-ef70-b73bc3125bc5"",""yes_price_dollars"":""0.7600""}"
KXETH15M-26APR281345-45,50e52263-9407-7180-d167-465a18eb4683,1777397580,0.76,10.0,no,"{""count_fp"":""10.00"",""created_time"":""2026-04-28T17:33:00.537061Z"",""no_price_dollars"":""0.2400"",""taker_side"":""no"",""ticker"":""KXETH15M-26APR281345-45"",""trade_id"":""50e52263-9407-7180-d167-465a18eb4683"",""yes_price_dollars"":""0.7600""}"
KXETH15M-26APR281345-45,0ed26ff9-0f0a-660a-9b34-4c94a32a4214,1777397582,0.8,2.0,no,"{""count_fp"":""2.00"",""created_time"":""2026-04-28T17:33:02.495994Z"",""no_price_dollars"":""0.2000"",""taker_side"":""no"",""ticker"":""KXETH15M-26APR281345-45"",""trade_id"":""0ed26ff9-0f0a-660a-9b34-4c94a32a4214"",""yes_price_dollars"":""0.8000""}"
KXETH15M-26APR281345-45,0cd33626-92db-68a0-aa3d-35e643054cec,1777397582,0.81,1.0,no,"{""count_fp"":""1.00"",""created_time"":""2026-04-28T17:33:02.495994Z"",""no_price_dollars"":""0.1900"",""taker_side"":""no"",""ticker"":""KXETH15M-26APR281345-45"",""trade_id"":""0cd33626-92db-68a0-aa3d-35e643054cec"",""yes_price_dollars"":""0.8100""}"
KXETH15M-26APR281345-45,b5eb3e19-2ad1-4181-4971-f2d7964559d4,1777397582,0.82,1.0,yes,"{""count_fp"":""1.00"",""created_time"":""2026-04-28T17:33:02.025612Z"",""no_price_dollars"":""0.1800"",""taker_side"":""yes"",""ticker"":""KXETH15M-26APR281345-45"",""trade_id"":""b5eb3e19-2ad1-4181-4971-f2d7964559d4"",""yes_price_dollars"":""0.8200""}"
KXETH15M-26APR281345-45,435380d5-0f5b-7955-a3d7-def022f7cb7e,1777397584,0.82,5.91,yes,"{""count_fp"":""5.91"",""created_time"":""2026-04-28T17:33:04.196639Z"",""no_price_dollars"":""0.1800"",""taker_side"":""yes"",""ticker"":""KXETH15M-26APR281345-45"",""trade_id"":""435380d5-0f5b-7955-a3d7-def022f7cb7e"",""yes_price_dollars"":""0.8200""}"
KXETH15M-26APR281345-45,06e14307-31aa-6e08-7c03-bb82e84edf5e,1777397586,0.82,1.0,yes,"{""count_fp"":""1.00"",""created_time"":""2026-04-28T17:33:06.179164Z"",""no_price_dollars"":""0.1800"",""taker_side"":""yes"",""ticker"":""KXETH15M-26APR281345-45"",""trade_id"":""06e14307-31aa-6e08-7c03-bb82e84edf5e"",""yes_price_dollars"":""0.8200""}"
KXETH15M-26APR281345-45,b906b168-b715-7a05-8da6-d26eeeec121c,1777397588,0.75,2.0,no,"{""count_fp"":""2.00"",""created_time"":""2026-04-28T17:33:08.346669Z"",""no_price_dollars"":""0.2500"",""taker_side"":""no"",""ticker"":""KXETH15M-26APR281345-45"",""trade_id"":""b906b168-b715-7a05-8da6-d26eeeec121c"",""yes_price_dollars"":""0.7500""}"
KXETH15M-26APR281345-45,4faf0b88-2d52-74bc-aafb-d650f7727f32,1777397588,0.75,28.0,no,"{""count_fp"":""28.00"",""created_time"":""2026-04-28T17:33:08.346669Z"",""no_price_dollars"":""0.2500"",""taker_side"":""no"",""ticker"":""KXETH15M-26APR281345-45"",""trade_id"":""4faf0b88-2d52-74bc-aafb-d650f7727f32"",""yes_price_dollars"":""0.7500""}"
KXETH15M-26APR281345-45,0df9a078-d785-72b4-8bdf-6e68ad594cbe,1777397588,0.76,10.0,no,"{""count_fp"":""10.00"",""created_time"":""2026-04-28T17:33:08.346669Z"",""no_price_dollars"":""0.2400"",""taker_side"":""no"",""ticker"":""KXETH15M-26APR281345-45"",""trade_id"":""0df9a078-d785-72b4-8bdf-6e68ad594cbe"",""yes_price_dollars"":""0.7600""}"
KXETH15M-26APR281345-45,e8450868-ef62-4f50-0c3b-f52346856076,1777397591,0.77,6.0,yes,"{""count_fp"":""6.00"",""created_time"":""2026-04-28T17:33:11.574011Z"",""no_price_dollars"":""0.2300"",""taker_side"":""yes"",""ticker"":""KXETH15M-26APR281345-45"",""trade_id"":""e8450868-ef62-4f50-0c3b-f52346856076"",""yes_price_dollars"":""0.7700""}"
KXETH15M-26APR281345-45,3e760a5a-da46-4e00-5bad-e0eb7b2a95aa,1777397591,0.77,81.0,yes,"{""count_fp"":""81.00"",""created_time"":""2026-04-28T17:33:11.403165Z"",""no_price_dollars"":""0.2300"",""taker_side"":""yes"",""ticker"":""KXETH15M-26APR281345-45"",""trade_id"":""3e760a5a-da46-4e00-5bad-e0eb7b2a95aa"",""yes_price_dollars"":""0.7700""}"
KXETH15M-26APR281345-45,c4dfd9d1-5e0e-6f94-83fa-b435ad167292,1777397597,0.74,2.05,yes,"{""count_fp"":""2.05"",""created_time"":""2026-04-28T17:33:17.234736Z"",""no_price_dollars"":""0.2600"",""taker_side"":""yes"",""ticker"":""KXETH15M-26APR281345-45"",""trade_id"":""c4dfd9d1-5e0e-6f94-83fa-b435ad167292"",""yes_price_dollars"":""0.7400""}"
KXETH15M-26APR281345-45,5771949c-878e-4ed4-18ac-52b47ec44992,1777397597,0.74,1.0,yes,"{""count_fp"":""1.00"",""created_time"":""2026-04-28T17:33:17.225842Z"",""no_price_dollars"":""0.2600"",""taker_side"":""yes"",""ticker"":""KXETH15M-26APR281345-45"",""trade_id"":""5771949c-878e-4ed4-18ac-52b47ec44992"",""yes_price_dollars"":""0.7400""}"
KXETH15M-26APR281345-45,03c271f7-5132-5dfc-8e0f-34e927c00c1f,1777397598,0.75,2.62,no,"{""count_fp"":""2.62"",""created_time"":""2026-04-28T17:33:18.449262Z"",""no_price_dollars"":""0.2500"",""taker_side"":""no"",""ticker"":""KXETH15M-26APR281345-45"",""trade_id"":""03c271f7-5132-5dfc-8e0f-34e927c00c1f"",""yes_price_dollars"":""0.7500""}"
KXETH15M-26APR281345-45,77407162-4c15-796b-7960-076170aa6143,1777397598,0.75,5.0,no,"{""count_fp"":""5.00"",""created_time"":""2026-04-28T17:33:18.305405Z"",""no_price_dollars"":""0.2500"",""taker_side"":""no"",""ticker"":""KXETH15M-26APR281345-45"",""trade_id"":""77407162-4c15-796b-7960-076170aa6143"",""yes_price_dollars"":""0.7500""}"
KXETH15M-26APR281345-45,725dd6c7-3bb6-7ea8-5023-3348c06e792b,1777397598,0.75,1.57,no,"{""count_fp"":""1.57"",""created_time"":""2026-04-28T17:33:18.305405Z"",""no_price_dollars"":""0.2500"",""taker_side"":""no"",""ticker"":""KXETH15M-26APR281345-45"",""trade_id"":""725dd6c7-3bb6-7ea8-5023-3348c06e792b"",""yes_price_dollars"":""0.7500""}"
KXETH15M-26APR281345-45,a2274aa4-41c6-62e2-7105-ce9b60034f1d,1777397601,0.73,5.0,no,"{""count_fp"":""5.00"",""created_time"":""2026-04-28T17:33:21.334517Z"",""no_price_dollars"":""0.2700"",""taker_side"":""no"",""ticker"":""KXETH15M-26APR281345-45"",""trade_id"":""a2274aa4-41c6-62e2-7105-ce9b60034f1d"",""yes_price_dollars"":""0.7300""}"
KXETH15M-26APR281345-45,91290fbf-73a7-6e0c-7bcc-ff188166fce1,1777397601,0.74,50.0,no,"{""count_fp"":""50.00"",""created_time"":""2026-04-28T17:33:21.334517Z"",""no_price_dollars"":""0.2600"",""taker_side"":""no"",""ticker"":""KXETH15M-26APR281345-45"",""trade_id"":""91290fbf-73a7-6e0c-7bcc-ff188166fce1"",""yes_price_dollars"":""0.7400""}"
KXETH15M-26APR281345-45,ec89659d-8d6b-658b-8da3-56f7234a40f7,1777397601,0.74,50.0,no,"{""count_fp"":""50.00"",""created_time"":""2026-04-28T17:33:21.318982Z"",""no_price_dollars"":""0.2600"",""taker_side"":""no"",""ticker"":""KXETH15M-26APR281345-45"",""trade_id"":""ec89659d-8d6b-658b-8da3-56f7234a40f7"",""yes_price_dollars"":""0.7400""}"
KXETH15M-26APR281345-45,d9b12c45-d18f-6bc6-b6fc-2430a9cacd6a,1777397601,0.76,1.0,no,"{""count_fp"":""1.00"",""created_time"":""2026-04-28T17:33:21.318982Z"",""no_price_dollars"":""0.2400"",""taker_side"":""no"",""ticker"":""KXETH15M-26APR281345-45"",""trade_id"":""d9b12c45-d18f-6bc6-b6fc-2430a9cacd6a"",""yes_price_dollars"":""0.7600""}"
KXETH15M-26APR281345-45,9c8d8104-1c1a-6284-b613-f30d0df013ab,1777397601,0.74,10.0,no,"{""count_fp"":""10.00"",""created_time"":""2026-04-28T17:33:21.318982Z"",""no_price_dollars"":""0.2600"",""taker_side"":""no"",""ticker"":""KXETH15M-26APR281345-45"",""trade_id"":""9c8d8104-1c1a-6284-b613-f30d0df013ab"",""yes_price_dollars"":""0.7400""}"
KXETH15M-26APR281345-45,774b1331-887e-63a3-8931-ddb61e296134,1777397601,0.74,10.0,no,"{""count_fp"":""10.00"",""created_time"":""2026-04-28T17:33:21.318982Z"",""no_price_dollars"":""0.2600"",""taker_side"":""no"",""ticker"":""KXETH15M-26APR281345-45"",""trade_id"":""774b1331-887e-63a3-8931-ddb61e296134"",""yes_price_dollars"":""0.7400""}"
KXETH15M-26APR281345-45,1b275b6b-40e7-59d9-4ee4-a4f400ddca1e,1777397603,0.74,6.63,yes,"{""count_fp"":""6.63"",""created_time"":""2026-04-28T17:33:23.235213Z"",""no_price_dollars"":""0.2600"",""taker_side"":""yes"",""ticker"":""KXETH15M-26APR281345-45"",""trade_id"":""1b275b6b-40e7-59d9-4ee4-a4f400ddca1e"",""yes_price_dollars"":""0.7400""}"
KXETH15M-26APR281345-45,2e5e6b0e-9cbb-5e2c-d870-8965eea3c4a6,1777397605,0.7,1.0,no,"{""count_fp"":""1.00"",""created_time"":""2026-04-28T17:33:25.642236Z"",""no_price_dollars"":""0.3000"",""taker_side"":""no"",""ticker"":""KXETH15M-26APR281345-45"",""trade_id"":""2e5e6b0e-9cbb-5e2c-d870-8965eea3c4a6"",""yes_price_dollars"":""0.7000""}"
KXETH15M-26APR281345-45,2b82e5a3-f7a5-7ee1-0d5d-d43cda4036b9,1777397606,0.69,5.0,yes,"{""count_fp"":""5.00"",""created_time"":""2026-04-28T17:33:26.555525Z"",""no_price_dollars"":""0.3100"",""taker_side"":""yes"",""ticker"":""KXETH15M-26APR281345-45"",""trade_id"":""2b82e5a3-f7a5-7ee1-0d5d-d43cda4036b9"",""yes_price_dollars"":""0.6900""}"
KXETH15M-26APR281345-45,6a7acfbc-dbc9-7ee1-079f-d324e2734811,1777397610,0.71,1.0,yes,"{""count_fp"":""1.00"",""created_time"":""2026-04-28T17:33:30.398059Z"",""no_price_dollars"":""0.2900"",""taker_side"":""yes"",""ticker"":""KXETH15M-26APR281345-45"",""trade_id"":""6a7acfbc-dbc9-7ee1-079f-d324e2734811"",""yes_price_dollars"":""0.7100""}"
KXETH15M-26APR281345-45,4974e788-c72b-6215-415f-0e1d49efa08e,1777397613,0.71,10.0,yes,"{""count_fp"":""10.00"",""created_time"":""2026-04-28T17:33:33.894579Z"",""no_price_dollars"":""0.2900"",""taker_side"":""yes"",""ticker"":""KXETH15M-26APR281345-45"",""trade_id"":""4974e788-c72b-6215-415f-0e1d49efa08e"",""yes_price_dollars"":""0.7100""}"
KXETH15M-26APR281345-45,2890b11d-e358-6238-4871-423752299faa,1777397613,0.71,10.0,yes,"{""count_fp"":""10.00"",""created_time"":""2026-04-28T17:33:33.894579Z"",""no_price_dollars"":""0.2900"",""taker_side"":""yes"",""ticker"":""KXETH15M-26APR281345-45"",""trade_id"":""2890b11d-e358-6238-4871-423752299faa"",""yes_price_dollars"":""0.7100""}"
KXETH15M-26APR281345-45,243905b0-9c8e-6c68-779f-9e0c8dccc66e,1777397613,0.72,5.0,yes,"{""count_fp"":""5.00"",""created_time"":""2026-04-28T17:33:33.894579Z"",""no_price_dollars"":""0.2800"",""taker_side"":""yes"",""ticker"":""KXETH15M-26APR281345-45"",""trade_id"":""243905b0-9c8e-6c68-779f-9e0c8dccc66e"",""yes_price_dollars"":""0.7200""}"
KXETH15M-26APR281345-45,b6652491-1346-437c-efd6-b0cf3adbdfdf,1777397615,0.71,1.0,yes,"{""count_fp"":""1.00"",""created_time"":""2026-04-28T17:33:35.062846Z"",""no_price_dollars"":""0.2900"",""taker_side"":""yes"",""ticker"":""KXETH15M-26APR281345-45"",""trade_id"":""b6652491-1346-437c-efd6-b0cf3adbdfdf"",""yes_price_dollars"":""0.7100""}"
KXETH15M-26APR281345-45,7c619d51-0f15-7f15-f0c0-44f8da850ed0,1777397616,0.7,1.38,yes,"{""count_fp"":""1.38"",""created_time"":""2026-04-28T17:33:36.057779Z"",""no_price_dollars"":""0.3000"",""taker_side"":""yes"",""ticker"":""KXETH15M-26APR281345-45"",""trade_id"":""7c619d51-0f15-7f15-f0c0-44f8da850ed0"",""yes_price_dollars"":""0.7000""}"
KXETH15M-26APR281345-45,a174f45f-0e82-595f-8f4f-251afe49788e,1777397624,0.71,1.0,yes,"{""count_fp"":""1.00"",""created_time"":""2026-04-28T17:33:44.015895Z"",""no_price_dollars"":""0.2900"",""taker_side"":""yes"",""ticker"":""KXETH15M-26APR281345-45"",""trade_id"":""a174f45f-0e82-595f-8f4f-251afe49788e"",""yes_price_dollars"":""0.7100""}"
KXETH15M-26APR281345-45,df9ddae2-0b56-4a4b-d49e-ee2134157517,1777397629,0.72,1.0,no,"{""count_fp"":""1.00"",""created_time"":""2026-04-28T17:33:49.590726Z"",""no_price_dollars"":""0.2800"",""taker_side"":""no"",""ticker"":""KXETH15M-26APR281345-45"",""trade_id"":""df9ddae2-0b56-4a4b-d49e-ee2134157517"",""yes_price_dollars"":""0.7200""}"
KXETH15M-26APR281345-45,c086ff7d-74e6-4178-c91e-cc3c80a2e27f,1777397629,0.7,0.76,no,"{""count_fp"":""0.76"",""created_time"":""2026-04-28T17:33:49.590726Z"",""no_price_dollars"":""0.3000"",""taker_side"":""no"",""ticker"":""KXETH15M-26APR281345-45"",""trade_id"":""c086ff7d-74e6-4178-c91e-cc3c80a2e27f"",""yes_price_dollars"":""0.7000""}"
KXETH15M-26APR281345-45,e52bc319-96d1-6c36-00fb-7ed39d5d6fd9,1777397630,0.73,1.0,yes,"{""count_fp"":""1.00"",""created_time"":""2026-04-28T17:33:50.381904Z"",""no_price_dollars"":""0.2700"",""taker_side"":""yes"",""ticker"":""KXETH15M-26APR281345-45"",""trade_id"":""e52bc319-96d1-6c36-00fb-7ed39d5d6fd9"",""yes_price_dollars"":""0.7300""}"
KXETH15M-26APR281345-45,84e73b3f-c253-6598-098f-a83f6d392b86,1777397630,0.74,0.94,yes,"{""count_fp"":""0.94"",""created_time"":""2026-04-28T17:33:50.381904Z"",""no_price_dollars"":""0.2600"",""taker_side"":""yes"",""ticker"":""KXETH15M-26APR281345-45"",""trade_id"":""84e73b3f-c253-6598-098f-a83f6d392b86"",""yes_price_dollars"":""0.7400""}"
KXETH15M-26APR281345-45,f3f490a4-2581-705f-b219-7e92b0d65848,1777397638,0.7,1.34,yes,"{""count_fp"":""1.34"",""created_time"":""2026-04-28T17:33:58.630694Z"",""no_price_dollars"":""0.3000"",""taker_side"":""yes"",""ticker"":""KXETH15M-26APR281345-45"",""trade_id"":""f3f490a4-2581-705f-b219-7e92b0d65848"",""yes_price_dollars"":""0.7000""}"
KXETH15M-26APR281345-45,44bd2ebb-57ab-504f-b43d-03f7c445f710,1777397641,0.69,5.96,no,"{""count_fp"":""5.96"",""created_time"":""2026-04-28T17:34:01.715986Z"",""no_price_dollars"":""0.3100"",""taker_side"":""no"",""ticker"":""KXETH15M-26APR281345-45"",""trade_id"":""44bd2ebb-57ab-504f-b43d-03f7c445f710"",""yes_price_dollars"":""0.6900""}"
KXETH15M-26APR281345-45,fbdc4f97-f996-4f07-e92e-6d97f40954ec,1777397643,0.68,1.0,no,"{""count_fp"":""1.00"",""created_time"":""2026-04-28T17:34:03.148754Z"",""no_price_dollars"":""0.3200"",""taker_side"":""no"",""ticker"":""KXETH15M-26APR281345-45"",""trade_id"":""fbdc4f97-f996-4f07-e92e-6d97f40954ec"",""yes_price_dollars"":""0.6800""}"
KXETH15M-26APR281345-45,72ccb7f4-a58a-4d32-cd17-330ba5841638,1777397643,0.68,7.94,no,"{""count_fp"":""7.94"",""created_time"":""2026-04-28T17:34:03.148754Z"",""no_price_dollars"":""0.3200"",""taker_side"":""no"",""ticker"":""KXETH15M-26APR281345-45"",""trade_id"":""72ccb7f4-a58a-4d32-cd17-330ba5841638"",""yes_price_dollars"":""0.6800""}"
KXETH15M-26APR281345-45,9351c00d-7ca6-53b8-4bda-5d02548e9ba6,1777397647,0.69,4.0,no,"{""count_fp"":""4.00"",""created_time"":""2026-04-28T17:34:07.462502Z"",""no_price_dollars"":""0.3100"",""taker_side"":""no"",""ticker"":""KXETH15M-26APR281345-45"",""trade_id"":""9351c00d-7ca6-53b8-4bda-5d02548e9ba6"",""yes_price_dollars"":""0.6900""}"
KXETH15M-26APR281345-45,992734d5-98cd-5c0b-a122-ef33c5b85348,1777397650,0.7,10.0,yes,"{""count_fp"":""10.00"",""created_time"":""2026-04-28T17:34:10.822185Z"",""no_price_dollars"":""0.3000"",""taker_side"":""yes"",""ticker"":""KXETH15M-26APR281345-45"",""trade_id"":""992734d5-98cd-5c0b-a122-ef33c5b85348"",""yes_price_dollars"":""0.7000""}"
KXETH15M-26APR281345-45,f20c19cd-d0b2-4096-23c9-c074e8361e08,1777397650,0.69,3.07,no,"{""count_fp"":""3.07"",""created_time"":""2026-04-28T17:34:10.748959Z"",""no_price_dollars"":""0.3100"",""taker_side"":""no"",""ticker"":""KXETH15M-26APR281345-45"",""trade_id"":""f20c19cd-d0b2-4096-23c9-c074e8361e08"",""yes_price_dollars"":""0.6900""}"
KXETH15M-26APR281345-45,2d7b6730-4949-4db3-3860-6d9ade1dbd84,1777397652,0.7,1.39,yes,"{""count_fp"":""1.39"",""created_time"":""2026-04-28T17:34:12.936188Z"",""no_price_dollars"":""0.3000"",""taker_side"":""yes"",""ticker"":""KXETH15M-26APR281345-45"",""trade_id"":""2d7b6730-4949-4db3-3860-6d9ade1dbd84"",""yes_price_dollars"":""0.7000""}"
KXETH15M-26APR281345-45,a3e88f6b-8ba5-575b-40d7-accde1320ec4,1777397652,0.7,1.0,yes,"{""count_fp"":""1.00"",""created_time"":""2026-04-28T17:34:12.220483Z"",""no_price_dollars"":""0.3000"",""taker_side"":""yes"",""ticker"":""KXETH15M-26APR281345-45"",""trade_id"":""a3e88f6b-8ba5-575b-40d7-accde1320ec4"",""yes_price_dollars"":""0.7000""}"
KXETH15M-26APR281345-45,04f7bafa-cbe5-63bb-c496-2f3b4b2ef3e8,1777397655,0.7,1.39,yes,"{""count_fp"":""1.39"",""created_time"":""2026-04-28T17:34:15.279851Z"",""no_price_dollars"":""0.3000"",""taker_side"":""yes"",""ticker"":""KXETH15M-26APR281345-45"",""trade_id"":""04f7bafa-cbe5-63bb-c496-2f3b4b2ef3e8"",""yes_price_dollars"":""0.7000""}"
KXETH15M-26APR281345-45,aa57382c-a325-4b5f-ea19-182f7797b764,1777397663,0.7,0.68,yes,"{""count_fp"":""0.68"",""created_time"":""2026-04-28T17:34:23.214383Z"",""no_price_dollars"":""0.3000"",""taker_side"":""yes"",""ticker"":""KXETH15M-26APR281345-45"",""trade_id"":""aa57382c-a325-4b5f-ea19-182f7797b764"",""yes_price_dollars"":""0.7000""}"
KXETH15M-26APR281345-45,061671e6-116c-67e4-2946-2d66ef07a308,1777397667,0.69,1.39,no,"{""count_fp"":""1.39"",""created_time"":""2026-04-28T17:34:27.609359Z"",""no_price_dollars"":""0.3100"",""taker_side"":""no"",""ticker"":""KXETH15M-26APR281345-45"",""trade_id"":""061671e6-116c-67e4-2946-2d66ef07a308"",""yes_price_dollars"":""0.6900""}"
KXETH15M-26APR281345-45,f231c2c3-7999-58ff-e117-58076f3f5294,1777397673,0.7,0.2,yes,"{""count_fp"":""0.20"",""created_time"":""2026-04-28T17:34:33.426535Z"",""no_price_dollars"":""0.3000"",""taker_side"":""yes"",""ticker"":""KXETH15M-26APR281345-45"",""trade_id"":""f231c2c3-7999-58ff-e117-58076f3f5294"",""yes_price_dollars"":""0.7000""}"
KXETH15M-26APR281345-45,3390db9d-821f-7b10-40ec-0bfc875a8320,1777397680,0.77,1.26,yes,"{""count_fp"":""1.26"",""created_time"":""2026-04-28T17:34:40.734804Z"",""no_price_dollars"":""0.2300"",""taker_side"":""yes"",""ticker"":""KXETH15M-26APR281345-45"",""trade_id"":""3390db9d-821f-7b10-40ec-0bfc875a8320"",""yes_price_dollars"":""0.7700""}"
KXETH15M-26APR281345-45,bf9d6ac0-ba8c-5c73-9150-2e792fce8b17,1777397680,0.76,1.0,yes,"{""count_fp"":""1.00"",""created_time"":""2026-04-28T17:34:40.409315Z"",""no_price_dollars"":""0.2400"",""taker_side"":""yes"",""ticker"":""KXETH15M-26APR281345-45"",""trade_id"":""bf9d6ac0-ba8c-5c73-9150-2e792fce8b17"",""yes_price_dollars"":""0.7600""}"
KXETH15M-26APR281345-45,dfaa3e47-bba9-7dfd-4aad-2c8928d42fd8,1777397684,0.8,1.0,yes,"{""count_fp"":""1.00"",""created_time"":""2026-04-28T17:34:44.430946Z"",""no_price_dollars"":""0.2000"",""taker_side"":""yes"",""ticker"":""KXETH15M-26APR281345-45"",""trade_id"":""dfaa3e47-bba9-7dfd-4aad-2c8928d42fd8"",""yes_price_dollars"":""0.8000""}"
KXETH15M-26APR281345-45,00345bd9-7660-72ec-5aea-7ff44c111a07,1777397684,0.78,24.0,yes,"{""count_fp"":""24.00"",""created_time"":""2026-04-28T17:34:44.430946Z"",""no_price_dollars"":""0.2200"",""taker_side"":""yes"",""ticker"":""KXETH15M-26APR281345-45"",""trade_id"":""00345bd9-7660-72ec-5aea-7ff44c111a07"",""yes_price_dollars"":""0.7800""}"
KXETH15M-26APR281345-45,52653d7c-008c-5ca6-b5bf-4250167cc8e2,1777397687,0.79,4.0,no,"{""count_fp"":""4.00"",""created_time"":""2026-04-28T17:34:47.912809Z"",""no_price_dollars"":""0.2100"",""taker_side"":""no"",""ticker"":""KXETH15M-26APR281345-45"",""trade_id"":""52653d7c-008c-5ca6-b5bf-4250167cc8e2"",""yes_price_dollars"":""0.7900""}"
KXETH15M-26APR281345-45,83165bb4-794b-556e-cb25-eb60ff1621ff,1777397688,0.81,3.07,yes,"{""count_fp"":""3.07"",""created_time"":""2026-04-28T17:34:48.977838Z"",""no_price_dollars"":""0.1900"",""taker_side"":""yes"",""ticker"":""KXETH15M-26APR281345-45"",""trade_id"":""83165bb4-794b-556e-cb25-eb60ff1621ff"",""yes_price_dollars"":""0.8100""}"
KXETH15M-26APR281345-45,59e7e479-c260-6ede-9a93-dfa97dfe1f3e,1777397691,0.8,9.02,no,"{""count_fp"":""9.02"",""created_time"":""2026-04-28T17:34:51.790348Z"",""no_price_dollars"":""0.2000"",""taker_side"":""no"",""ticker"":""KXETH15M-26APR281345-45"",""trade_id"":""59e7e479-c260-6ede-9a93-dfa97dfe1f3e"",""yes_price_dollars"":""0.8000""}"
KXETH15M-26APR281345-45,f6ab8047-2f6b-5fb6-0fe8-e0c5311d4ab7,1777397691,0.81,1.93,yes,"{""count_fp"":""1.93"",""created_time"":""2026-04-28T17:34:51.462386Z"",""no_price_dollars"":""0.1900"",""taker_side"":""yes"",""ticker"":""KXETH15M-26APR281345-45"",""trade_id"":""f6ab8047-2f6b-5fb6-0fe8-e0c5311d4ab7"",""yes_price_dollars"":""0.8100""}"
KXETH15M-26APR281345-45,c17ff43f-bb35-5149-1c38-a9d4b092dd12,1777397691,0.83,290.07,yes,"{""count_fp"":""290.07"",""created_time"":""2026-04-28T17:34:51.462386Z"",""no_price_dollars"":""0.1700"",""taker_side"":""yes"",""ticker"":""KXETH15M-26APR281345-45"",""trade_id"":""c17ff43f-bb35-5149-1c38-a9d4b092dd12"",""yes_price_dollars"":""0.8300""}"
KXETH15M-26APR281345-45,4c49b104-7c10-5f38-32f3-41dee31be652,1777397691,0.83,7.0,yes,"{""count_fp"":""7.00"",""created_time"":""2026-04-28T17:34:51.462386Z"",""no_price_dollars"":""0.1700"",""taker_side"":""yes"",""ticker"":""KXETH15M-26APR281345-45"",""trade_id"":""4c49b104-7c10-5f38-32f3-41dee31be652"",""yes_price_dollars"":""0.8300""}"
KXETH15M-26APR281345-45,460a675a-15b0-53e4-3ce0-dc0c5663bf73,1777397691,0.83,1.0,yes,"{""count_fp"":""1.00"",""created_time"":""2026-04-28T17:34:51.462386Z"",""no_price_dollars"":""0.1700"",""taker_side"":""yes"",""ticker"":""KXETH15M-26APR281345-45"",""trade_id"":""460a675a-15b0-53e4-3ce0-dc0c5663bf73"",""yes_price_dollars"":""0.8300""}"
KXETH15M-26APR281345-45,d24e686a-5ad2-6946-4405-faa9d8da2a47,1777397692,0.85,5.0,yes,"{""count_fp"":""5.00"",""created_time"":""2026-04-28T17:34:52.533728Z"",""no_price_dollars"":""0.1500"",""taker_side"":""yes"",""ticker"":""KXETH15M-26APR281345-45"",""trade_id"":""d24e686a-5ad2-6946-4405-faa9d8da2a47"",""yes_price_dollars"":""0.8500""}"
KXETH15M-26APR281345-45,a0812b2c-cdb1-5bcd-835b-5a94ae3eda46,1777397692,0.85,1.0,yes,"{""count_fp"":""1.00"",""created_time"":""2026-04-28T17:34:52.116756Z"",""no_price_dollars"":""0.1500"",""taker_side"":""yes"",""ticker"":""KXETH15M-26APR281345-45"",""trade_id"":""a0812b2c-cdb1-5bcd-835b-5a94ae3eda46"",""yes_price_dollars"":""0.8500""}"
KXETH15M-26APR281345-45,24a82c2b-1e97-5245-9ed4-3e05c4460cb5,1777397692,0.85,6.0,yes,"{""count_fp"":""6.00"",""created_time"":""2026-04-28T17:34:52.116756Z"",""no_price_dollars"":""0.1500"",""taker_side"":""yes"",""ticker"":""KXETH15M-26APR281345-45"",""trade_id"":""24a82c2b-1e97-5245-9ed4-3e05c4460cb5"",""yes_price_dollars"":""0.8500""}"
KXETH15M-26APR281345-45,0b4888f4-6d2b-5a89-a334-5b043f31d2c2,1777397692,0.84,5.0,yes,"{""count_fp"":""5.00"",""created_time"":""2026-04-28T17:34:52.116756Z"",""no_price_dollars"":""0.1600"",""taker_side"":""yes"",""ticker"":""KXETH15M-26APR281345-45"",""trade_id"":""0b4888f4-6d2b-5a89-a334-5b043f31d2c2"",""yes_price_dollars"":""0.8400""}"
KXETH15M-26APR281345-45,0250fcb2-4314-55ff-a537-7c356724345f,1777397692,0.84,1.0,yes,"{""count_fp"":""1.00"",""created_time"":""2026-04-28T17:34:52.116756Z"",""no_price_dollars"":""0.1600"",""taker_side"":""yes"",""ticker"":""KXETH15M-26APR281345-45"",""trade_id"":""0250fcb2-4314-55ff-a537-7c356724345f"",""yes_price_dollars"":""0.8400""}"
KXETH15M-26APR281345-45,a260a155-aa87-748f-a5dd-b6e0044b51ca,1777397693,0.87,3.0,yes,"{""count_fp"":""3.00"",""created_time"":""2026-04-28T17:34:53.135633Z"",""no_price_dollars"":""0.1300"",""taker_side"":""yes"",""ticker"":""KXETH15M-26APR281345-45"",""trade_id"":""a260a155-aa87-748f-a5dd-b6e0044b51ca"",""yes_price_dollars"":""0.8700""}"
KXETH15M-26APR281345-45,097d4a74-e105-78f8-9b0e-bab835312779,1777397693,0.87,61.0,yes,"{""count_fp"":""61.00"",""created_time"":""2026-04-28T17:34:53.135633Z"",""no_price_dollars"":""0.1300"",""taker_side"":""yes"",""ticker"":""KXETH15M-26APR281345-45"",""trade_id"":""097d4a74-e105-78f8-9b0e-bab835312779"",""yes_price_dollars"":""0.8700""}"
KXETH15M-26APR281345-45,84296d1b-8b7a-6c92-c00b-91f6b04c0c69,1777397693,0.86,5.0,yes,"{""count_fp"":""5.00"",""created_time"":""2026-04-28T17:34:53.058924Z"",""no_price_dollars"":""0.1400"",""taker_side"":""yes"",""ticker"":""KXETH15M-26APR281345-45"",""trade_id"":""84296d1b-8b7a-6c92-c00b-91f6b04c0c69"",""yes_price_dollars"":""0.8600""}"
KXETH15M-26APR281345-45,a4047f0d-48e9-423a-c239-3714874ee824,1777397694,0.87,3.0,no,"{""count_fp"":""3.00"",""created_time"":""2026-04-28T17:34:54.376842Z"",""no_price_dollars"":""0.1300"",""taker_side"":""no"",""ticker"":""KXETH15M-26APR281345-45"",""trade_id"":""a4047f0d-48e9-423a-c239-3714874ee824"",""yes_price_dollars"":""0.8700""}"
KXETH15M-26APR281345-45,b036efe2-2112-6638-1cd7-074f19cfa5ff,1777397694,0.89,28.0,yes,"{""count_fp"":""28.00"",""created_time"":""2026-04-28T17:34:54.205739Z"",""no_price_dollars"":""0.1100"",""taker_side"":""yes"",""ticker"":""KXETH15M-26APR281345-45"",""trade_id"":""b036efe2-2112-6638-1cd7-074f19cfa5ff"",""yes_price_dollars"":""0.8900""}"
KXETH15M-26APR281345-45,86031012-81dc-799b-ced4-9e0e1b6d98da,1777397695,0.89,1.0,yes,"{""count_fp"":""1.00"",""created_time"":""2026-04-28T17:34:55.441669Z"",""no_price_dollars"":""0.1100"",""taker_side"":""yes"",""ticker"":""KXETH15M-26APR281345-45"",""trade_id"":""86031012-81dc-799b-ced4-9e0e1b6d98da"",""yes_price_dollars"":""0.8900""}"
KXETH15M-26APR281345-45,5277a04d-af06-5571-cbc7-71b97607536d,1777397696,0.86,3.0,no,"{""count_fp"":""3.00"",""created_time"":""2026-04-28T17:34:56.173761Z"",""no_price_dollars"":""0.1400"",""taker_side"":""no"",""ticker"":""KXETH15M-26APR281345-45"",""trade_id"":""5277a04d-af06-5571-cbc7-71b97607536d"",""yes_price_dollars"":""0.8600""}"
KXETH15M-26APR281345-45,e04aed71-a3a7-45ff-511a-b9acbda7e30f,1777397701,0.902,5.0,no,"{""count_fp"":""5.00"",""created_time"":""2026-04-28T17:35:01.563356Z"",""no_price_dollars"":""0.0980"",""taker_side"":""no"",""ticker"":""KXETH15M-26APR281345-45"",""trade_id"":""e04aed71-a3a7-45ff-511a-b9acbda7e30f"",""yes_price_dollars"":""0.9020""}"
KXETH15M-26APR281345-45,f989bbcf-5a74-4c55-a582-30b74fb03534,1777397701,0.9,3.0,yes,"{""count_fp"":""3.00"",""created_time"":""2026-04-28T17:35:01.111156Z"",""no_price_dollars"":""0.1000"",""taker_side"":""yes"",""ticker"":""KXETH15M-26APR281345-45"",""trade_id"":""f989bbcf-5a74-4c55-a582-30b74fb03534"",""yes_price_dollars"":""0.9000""}"
KXETH15M-26APR281345-45,dbedb87d-c3ad-4db5-a068-df90e432e860,1777397701,0.9,1.0,yes,"{""count_fp"":""1.00"",""created_time"":""2026-04-28T17:35:01.111156Z"",""no_price_dollars"":""0.1000"",""taker_side"":""yes"",""ticker"":""KXETH15M-26APR281345-45"",""trade_id"":""dbedb87d-c3ad-4db5-a068-df90e432e860"",""yes_price_dollars"":""0.9000""}"
KXETH15M-26APR281345-45,b5a677e8-2dc5-4738-93bb-0b4137b97e99,1777397701,0.9,1.0,yes,"{""count_fp"":""1.00"",""created_time"":""2026-04-28T17:35:01.111156Z"",""no_price_dollars"":""0.1000"",""taker_side"":""yes"",""ticker"":""KXETH15M-26APR281345-45"",""trade_id"":""b5a677e8-2dc5-4738-93bb-0b4137b97e99"",""yes_price_dollars"":""0.9000""}"
KXETH15M-26APR281345-45,563ebe6f-5174-414c-aa9d-7b815ba6322b,1777397701,0.9,5.0,yes,"{""count_fp"":""5.00"",""created_time"":""2026-04-28T17:35:01.111156Z"",""no_price_dollars"":""0.1000"",""taker_side"":""yes"",""ticker"":""KXETH15M-26APR281345-45"",""trade_id"":""563ebe6f-5174-414c-aa9d-7b815ba6322b"",""yes_price_dollars"":""0.9000""}"
KXETH15M-26APR281345-45,5006e519-08cf-4aea-ae09-2bb93733fc61,1777397701,0.9,1.0,yes,"{""count_fp"":""1.00"",""created_time"":""2026-04-28T17:35:01.111156Z"",""no_price_dollars"":""0.1000"",""taker_side"":""yes"",""ticker"":""KXETH15M-26APR281345-45"",""trade_id"":""5006e519-08cf-4aea-ae09-2bb93733fc61"",""yes_price_dollars"":""0.9000""}"
KXETH15M-26APR281345-45,37447419-7283-4874-a4f8-7ae0a686ba03,1777397701,0.9,70.0,yes,"{""count_fp"":""70.00"",""created_time"":""2026-04-28T17:35:01.111156Z"",""no_price_dollars"":""0.1000"",""taker_side"":""yes"",""ticker"":""KXETH15M-26APR281345-45"",""trade_id"":""37447419-7283-4874-a4f8-7ae0a686ba03"",""yes_price_dollars"":""0.9000""}"
KXETH15M-26APR281345-45,06807afd-16aa-491e-97ef-6fd077e15364,1777397701,0.9,4.0,yes,"{""count_fp"":""4.00"",""created_time"":""2026-04-28T17:35:01.111156Z"",""no_price_dollars"":""0.1000"",""taker_side"":""yes"",""ticker"":""KXETH15M-26APR281345-45"",""trade_id"":""06807afd-16aa-491e-97ef-6fd077e15364"",""yes_price_dollars"":""0.9000""}"
KXETH15M-26APR281345-45,03ac4aba-0864-4c73-a0e2-27f968e9411c,1777397701,0.9,1.0,yes,"{""count_fp"":""1.00"",""created_time"":""2026-04-28T17:35:01.111156Z"",""no_price_dollars"":""0.1000"",""taker_side"":""yes"",""ticker"":""KXETH15M-26APR281345-45"",""trade_id"":""03ac4aba-0864-4c73-a0e2-27f968e9411c"",""yes_price_dollars"":""0.9000""}"
KXETH15M-26APR281345-45,0b2575ed-140c-4098-415c-03ace5c72b41,1777397701,0.89,1.0,no,"{""count_fp"":""1.00"",""created_time"":""2026-04-28T17:35:01.038934Z"",""no_price_dollars"":""0.1100"",""taker_side"":""no"",""ticker"":""KXETH15M-26APR281345-45"",""trade_id"":""0b2575ed-140c-4098-415c-03ace5c72b41"",""yes_price_dollars"":""0.8900""}"
KXETH15M-26APR281345-45,53547b0f-d7e9-6bd0-e40f-eccc02b85eca,1777397702,0.91,4.0,yes,"{""count_fp"":""4.00"",""created_time"":""2026-04-28T17:35:02.710515Z"",""no_price_dollars"":""0.0900"",""taker_side"":""yes"",""ticker"":""KXETH15M-26APR281345-45"",""trade_id"":""53547b0f-d7e9-6bd0-e40f-eccc02b85eca"",""yes_price_dollars"":""0.9100""}"
KXETH15M-26APR281345-45,42c79f8e-61b2-619d-e42e-8bc38635db26,1777397702,0.91,3.0,yes,"{""count_fp"":""3.00"",""created_time"":""2026-04-28T17:35:02.710515Z"",""no_price_dollars"":""0.0900"",""taker_side"":""yes"",""ticker"":""KXETH15M-26APR281345-45"",""trade_id"":""42c79f8e-61b2-619d-e42e-8bc38635db26"",""yes_price_dollars"":""0.9100""}"
KXETH15M-26APR281345-45,ef1682c5-f291-7cea-de34-3bccd345da19,1777397702,0.91,9.0,yes,"{""count_fp"":""9.00"",""created_time"":""2026-04-28T17:35:02.058553Z"",""no_price_dollars"":""0.0900"",""taker_side"":""yes"",""ticker"":""KXETH15M-26APR281345-45"",""trade_id"":""ef1682c5-f291-7cea-de34-3bccd345da19"",""yes_price_dollars"":""0.9100""}"
KXETH15M-26APR281345-45,92f3d24e-5a79-7e46-d872-cab6b1524f2e,1777397702,0.91,1.0,yes,"{""count_fp"":""1.00"",""created_time"":""2026-04-28T17:35:02.058553Z"",""no_price_dollars"":""0.0900"",""taker_side"":""yes"",""ticker"":""KXETH15M-26APR281345-45"",""trade_id"":""92f3d24e-5a79-7e46-d872-cab6b1524f2e"",""yes_price_dollars"":""0.9100""}"
KXETH15M-26APR281345-45,abdd79b4-1043-4a6d-ab19-2db9d2a32e0a,1777397703,0.93,1.0,yes,"{""count_fp"":""1.00"",""created_time"":""2026-04-28T17:35:03.985712Z"",""no_price_dollars"":""0.0700"",""taker_side"":""yes"",""ticker"":""KXETH15M-26APR281345-45"",""trade_id"":""abdd79b4-1043-4a6d-ab19-2db9d2a32e0a"",""yes_price_dollars"":""0.9300""}"
KXETH15M-26APR281345-45,9145711f-e768-4b71-a0e2-a0f30fe724e5,1777397703,0.93,8.0,yes,"{""count_fp"":""8.00"",""created_time"":""2026-04-28T17:35:03.985712Z"",""no_price_dollars"":""0.0700"",""taker_side"":""yes"",""ticker"":""KXETH15M-26APR281345-45"",""trade_id"":""9145711f-e768-4b71-a0e2-a0f30fe724e5"",""yes_price_dollars"":""0.9300""}"
KXETH15M-26APR281345-45,876d6868-8ec3-4757-a6dd-4f05d1d7cf54,1777397703,0.93,1.0,yes,"{""count_fp"":""1.00"",""created_time"":""2026-04-28T17:35:03.985712Z"",""no_price_dollars"":""0.0700"",""taker_side"":""yes"",""ticker"":""KXETH15M-26APR281345-45"",""trade_id"":""876d6868-8ec3-4757-a6dd-4f05d1d7cf54"",""yes_price_dollars"":""0.9300""}"
KXETH15M-26APR281345-45,afdd1475-9f8d-724a-ea8e-4062da56694e,1777397703,0.92,6.0,yes,"{""count_fp"":""6.00"",""created_time"":""2026-04-28T17:35:03.254647Z"",""no_price_dollars"":""0.0800"",""taker_side"":""yes"",""ticker"":""KXETH15M-26APR281345-45"",""trade_id"":""afdd1475-9f8d-724a-ea8e-4062da56694e"",""yes_price_dollars"":""0.9200""}"
KXETH15M-26APR281345-45,75e57ffb-e0d3-7d90-fdc9-3a5d104286aa,1777397703,0.92,1.0,yes,"{""count_fp"":""1.00"",""created_time"":""2026-04-28T17:35:03.254647Z"",""no_price_dollars"":""0.0800"",""taker_side"":""yes"",""ticker"":""KXETH15M-26APR281345-45"",""trade_id"":""75e57ffb-e0d3-7d90-fdc9-3a5d104286aa"",""yes_price_dollars"":""0.9200""}"
KXETH15M-26APR281345-45,04662e96-8aab-7e30-dd66-d316ee873351,1777397703,0.92,3.0,yes,"{""count_fp"":""3.00"",""created_time"":""2026-04-28T17:35:03.254647Z"",""no_price_dollars"":""0.0800"",""taker_side"":""yes"",""ticker"":""KXETH15M-26APR281345-45"",""trade_id"":""04662e96-8aab-7e30-dd66-d316ee873351"",""yes_price_dollars"":""0.9200""}"
KXETH15M-26APR281345-45,ddc21617-1a13-686e-7291-315fe7377c56,1777397705,0.917,8.59,no,"{""count_fp"":""8.59"",""created_time"":""2026-04-28T17:35:05.370177Z"",""no_price_dollars"":""0.0830"",""taker_side"":""no"",""ticker"":""KXETH15M-26APR281345-45"",""trade_id"":""ddc21617-1a13-686e-7291-315fe7377c56"",""yes_price_dollars"":""0.9170""}"
KXETH15M-26APR281345-45,d8ac0135-aeef-64c2-59cc-b377be07786f,1777397705,0.92,1.0,no,"{""count_fp"":""1.00"",""created_time"":""2026-04-28T17:35:05.370177Z"",""no_price_dollars"":""0.0800"",""taker_side"":""no"",""ticker"":""KXETH15M-26APR281345-45"",""trade_id"":""d8ac0135-aeef-64c2-59cc-b377be07786f"",""yes_price_dollars"":""0.9200""}"
KXETH15M-26APR281345-45,c177b04b-5b87-46a2-60f5-65176ab87b52,1777397707,0.93,5.0,yes,"{""count_fp"":""5.00"",""created_time"":""2026-04-28T17:35:07.441803Z"",""no_price_dollars"":""0.0700"",""taker_side"":""yes"",""ticker"":""KXETH15M-26APR281345-45"",""trade_id"":""c177b04b-5b87-46a2-60f5-65176ab87b52"",""yes_price_dollars"":""0.9300""}"
KXETH15M-26APR281345-45,e8649749-280f-79e1-05e9-c76c8cfcecc2,1777397709,0.94,3.0,yes,"{""count_fp"":""3.00"",""created_time"":""2026-04-28T17:35:09.157515Z"",""no_price_dollars"":""0.0600"",""taker_side"":""yes"",""ticker"":""KXETH15M-26APR281345-45"",""trade_id"":""e8649749-280f-79e1-05e9-c76c8cfcecc2"",""yes_price_dollars"":""0.9400""}"
KXETH15M-26APR281345-45,9394c98c-79f9-7e37-018d-ca4b529006e3,1777397709,0.94,12.0,yes,"{""count_fp"":""12.00"",""created_time"":""2026-04-28T17:35:09.157515Z"",""no_price_dollars"":""0.0600"",""taker_side"":""yes"",""ticker"":""KXETH15M-26APR281345-45"",""trade_id"":""9394c98c-79f9-7e37-018d-ca4b529006e3"",""yes_price_dollars"":""0.9400""}"
KXETH15M-26APR281345-45,490b1f19-eece-798f-0075-abbf6a581283,1777397709,0.94,8.0,yes,"{""count_fp"":""8.00"",""created_time"":""2026-04-28T17:35:09.157515Z"",""no_price_dollars"":""0.0600"",""taker_side"":""yes"",""ticker"":""KXETH15M-26APR281345-45"",""trade_id"":""490b1f19-eece-798f-0075-abbf6a581283"",""yes_price_dollars"":""0.9400""}"
KXETH15M-26APR281345-45,1aa64648-6eb2-731b-32b9-c5ace06375f3,1777397709,0.94,1.0,yes,"{""count_fp"":""1.00"",""created_time"":""2026-04-28T17:35:09.157515Z"",""no_price_dollars"":""0.0600"",""taker_side"":""yes"",""ticker"":""KXETH15M-26APR281345-45"",""trade_id"":""1aa64648-6eb2-731b-32b9-c5ace06375f3"",""yes_price_dollars"":""0.9400""}"
KXETH15M-26APR281345-45,18f74905-a0e9-77fc-1593-dec02a0f8ad5,1777397709,0.94,1.0,yes,"{""count_fp"":""1.00"",""created_time"":""2026-04-28T17:35:09.157515Z"",""no_price_dollars"":""0.0600"",""taker_side"":""yes"",""ticker"":""KXETH15M-26APR281345-45"",""trade_id"":""18f74905-a0e9-77fc-1593-dec02a0f8ad5"",""yes_price_dollars"":""0.9400""}"
KXETH15M-26APR281345-45,08616f5d-67c8-7adf-24b2-d3c8cdd736d5,1777397709,0.94,1.0,yes,"{""count_fp"":""1.00"",""created_time"":""2026-04-28T17:35:09.157515Z"",""no_price_dollars"":""0.0600"",""taker_side"":""yes"",""ticker"":""KXETH15M-26APR281345-45"",""trade_id"":""08616f5d-67c8-7adf-24b2-d3c8cdd736d5"",""yes_price_dollars"":""0.9400""}"
KXETH15M-26APR281345-45,fddb514a-c2d3-720d-f32a-75eea4717b65,1777397710,0.95,1.0,yes,"{""count_fp"":""1.00"",""created_time"":""2026-04-28T17:35:10.693113Z"",""no_price_dollars"":""0.0500"",""taker_side"":""yes"",""ticker"":""KXETH15M-26APR281345-45"",""trade_id"":""fddb514a-c2d3-720d-f32a-75eea4717b65"",""yes_price_dollars"":""0.9500""}"
KXETH15M-26APR281345-45,b2c4d4a8-d875-74f4-fe18-9f84dc90cda7,1777397710,0.95,2.0,yes,"{""count_fp"":""2.00"",""created_time"":""2026-04-28T17:35:10.693113Z"",""no_price_dollars"":""0.0500"",""taker_side"":""yes"",""ticker"":""KXETH15M-26APR281345-45"",""trade_id"":""b2c4d4a8-d875-74f4-fe18-9f84dc90cda7"",""yes_price_dollars"":""0.9500""}"
KXETH15M-26APR281345-45,a4ae63c2-74e0-4786-c0cd-fa1af071292e,1777397712,0.943,10.0,no,"{""count_fp"":""10.00"",""created_time"":""2026-04-28T17:35:12.464235Z"",""no_price_dollars"":""0.0570"",""taker_side"":""no"",""ticker"":""KXETH15M-26APR281345-45"",""trade_id"":""a4ae63c2-74e0-4786-c0cd-fa1af071292e"",""yes_price_dollars"":""0.9430""}"
KXETH15M-26APR281345-45,134d9934-a100-4a30-c550-dea0cc13280d,1777397712,0.943,69.49,no,"{""count_fp"":""69.49"",""created_time"":""2026-04-28T17:35:12.464235Z"",""no_price_dollars"":""0.0570"",""taker_side"":""no"",""ticker"":""KXETH15M-26APR281345-45"",""trade_id"":""134d9934-a100-4a30-c550-dea0cc13280d"",""yes_price_dollars"":""0.9430""}"
KXETH15M-26APR281345-45,728071e8-4de0-4a74-6a83-9542481221b0,1777397713,0.96,1.0,yes,"{""count_fp"":""1.00"",""created_time"":""2026-04-28T17:35:13.311714Z"",""no_price_dollars"":""0.0400"",""taker_side"":""yes"",""ticker"":""KXETH15M-26APR281345-45"",""trade_id"":""728071e8-4de0-4a74-6a83-9542481221b0"",""yes_price_dollars"":""0.9600""}"
KXETH15M-26APR281345-45,6fbecae5-aa35-49b5-6ed2-0ec367abc8f1,1777397713,0.95,3.0,yes,"{""count_fp"":""3.00"",""created_time"":""2026-04-28T17:35:13.311714Z"",""no_price_dollars"":""0.0500"",""taker_side"":""yes"",""ticker"":""KXETH15M-26APR281345-45"",""trade_id"":""6fbecae5-aa35-49b5-6ed2-0ec367abc8f1"",""yes_price_dollars"":""0.9500""}"
KXETH15M-26APR281345-45,45a6d221-d0b5-4fe0-5e80-78b07fa95dfb,1777397713,0.95,8.0,yes,"{""count_fp"":""8.00"",""created_time"":""2026-04-28T17:35:13.311714Z"",""no_price_dollars"":""0.0500"",""taker_side"":""yes"",""ticker"":""KXETH15M-26APR281345-45"",""trade_id"":""45a6d221-d0b5-4fe0-5e80-78b07fa95dfb"",""yes_price_dollars"":""0.9500""}"
KXETH15M-26APR281345-45,1624d344-29c5-4561-5bfe-43c1a9c1dc50,1777397713,0.96,4.72,yes,"{""count_fp"":""4.72"",""created_time"":""2026-04-28T17:35:13.311714Z"",""no_price_dollars"":""0.0400"",""taker_side"":""yes"",""ticker"":""KXETH15M-26APR281345-45"",""trade_id"":""1624d344-29c5-4561-5bfe-43c1a9c1dc50"",""yes_price_dollars"":""0.9600""}"
KXETH15M-26APR281345-45,0280307b-b681-5bb9-66e2-3843fb80c54c,1777397714,0.95,20.0,no,"{""count_fp"":""20.00"",""created_time"":""2026-04-28T17:35:14.936041Z"",""no_price_dollars"":""0.0500"",""taker_side"":""no"",""ticker"":""KXETH15M-26APR281345-45"",""trade_id"":""0280307b-b681-5bb9-66e2-3843fb80c54c"",""yes_price_dollars"":""0.9500""}"
KXETH15M-26APR281345-45,9f5e1cbc-26a6-6a43-0eb1-2208f13ec0c9,1777397715,0.94,5.0,no,"{""count_fp"":""5.00"",""created_time"":""2026-04-28T17:35:15.999448Z"",""no_price_dollars"":""0.0600"",""taker_side"":""no"",""ticker"":""KXETH15M-26APR281345-45"",""trade_id"":""9f5e1cbc-26a6-6a43-0eb1-2208f13ec0c9"",""yes_price_dollars"":""0.9400""}"
KXETH15M-26APR281345-45,35d64412-1619-649c-1727-bdc726f3c60d,1777397715,0.939,7.39,no,"{""count_fp"":""7.39"",""created_time"":""2026-04-28T17:35:15.999448Z"",""no_price_dollars"":""0.0610"",""taker_side"":""no"",""ticker"":""KXETH15M-26APR281345-45"",""trade_id"":""35d64412-1619-649c-1727-bdc726f3c60d"",""yes_price_dollars"":""0.9390""}"
KXETH15M-26APR281345-45,c0f4953b-449b-4d7b-09c0-4ef12f289a55,1777397717,0.95,26.0,no,"{""count_fp"":""26.00"",""created_time"":""2026-04-28T17:35:17.769515Z"",""no_price_dollars"":""0.0500"",""taker_side"":""no"",""ticker"":""KXETH15M-26APR281345-45"",""trade_id"":""c0f4953b-449b-4d7b-09c0-4ef12f289a55"",""yes_price_dollars"":""0.9500""}"
KXETH15M-26APR281345-45,8697724e-a528-4adc-699b-32f1a400f7c2,1777397722,0.947,5.25,yes,"{""count_fp"":""5.25"",""created_time"":""2026-04-28T17:35:22.673292Z"",""no_price_dollars"":""0.0530"",""taker_side"":""yes"",""ticker"":""KXETH15M-26APR281345-45"",""trade_id"":""8697724e-a528-4adc-699b-32f1a400f7c2"",""yes_price_dollars"":""0.9470""}"
KXETH15M-26APR281345-45,319daff3-b17e-67ac-1e44-ecaf0dd1ad0b,1777397722,0.948,1.05,yes,"{""count_fp"":""1.05"",""created_time"":""2026-04-28T17:35:22.101824Z"",""no_price_dollars"":""0.0520"",""taker_side"":""yes"",""ticker"":""KXETH15M-26APR281345-45"",""trade_id"":""319daff3-b17e-67ac-1e44-ecaf0dd1ad0b"",""yes_price_dollars"":""0.9480""}"
KXETH15M-26APR281345-45,bb72eebe-b760-53ba-e2e3-2c105c93f7e1,1777397725,0.933,11.66,no,"{""count_fp"":""11.66"",""created_time"":""2026-04-28T17:35:25.765173Z"",""no_price_dollars"":""0.0670"",""taker_side"":""no"",""ticker"":""KXETH15M-26APR281345-45"",""trade_id"":""bb72eebe-b760-53ba-e2e3-2c105c93f7e1"",""yes_price_dollars"":""0.9330""}"
KXETH15M-26APR281345-45,c65cf0e0-6ae3-657b-dcdb-3b48ca75c65b,1777397726,0.932,72.65,no,"{""count_fp"":""72.65"",""created_time"":""2026-04-28T17:35:26.893853Z"",""no_price_dollars"":""0.0680"",""taker_side"":""no"",""ticker"":""KXETH15M-26APR281345-45"",""trade_id"":""c65cf0e0-6ae3-657b-dcdb-3b48ca75c65b"",""yes_price_dollars"":""0.9320""}"
KXETH15M-26APR281345-45,c169dda8-5c92-6a79-fab4-89c841b60c73,1777397726,0.935,10.0,no,"{""count_fp"":""10.00"",""created_time"":""2026-04-28T17:35:26.893853Z"",""no_price_dollars"":""0.0650"",""taker_side"":""no"",""ticker"":""KXETH15M-26APR281345-45"",""trade_id"":""c169dda8-5c92-6a79-fab4-89c841b60c73"",""yes_price_dollars"":""0.9350""}"
KXETH15M-26APR281345-45,3d637048-732a-652d-dd2f-5b17044ad636,1777397726,0.941,44.0,no,"{""count_fp"":""44.00"",""created_time"":""2026-04-28T17:35:26.893853Z"",""no_price_dollars"":""0.0590"",""taker_side"":""no"",""ticker"":""KXETH15M-26APR281345-45"",""trade_id"":""3d637048-732a-652d-dd2f-5b17044ad636"",""yes_price_dollars"":""0.9410""}"
KXETH15M-26APR281345-45,229028f8-b475-41e2-fe2c-a33f0248042f,1777397726,0.958,2.05,yes,"{""count_fp"":""2.05"",""created_time"":""2026-04-28T17:35:26.666414Z"",""no_price_dollars"":""0.0420"",""taker_side"":""yes"",""ticker"":""KXETH15M-26APR281345-45"",""trade_id"":""229028f8-b475-41e2-fe2c-a33f0248042f"",""yes_price_dollars"":""0.9580""}"
KXETH15M-26APR281345-45,ac8c4c0b-f697-63f7-c47b-4b47f72e462b,1777397739,0.942,4.5,no,"{""count_fp"":""4.50"",""created_time"":""2026-04-28T17:35:39.330015Z"",""no_price_dollars"":""0.0580"",""taker_side"":""no"",""ticker"":""KXETH15M-26APR281345-45"",""trade_id"":""ac8c4c0b-f697-63f7-c47b-4b47f72e462b"",""yes_price_dollars"":""0.9420""}"
KXETH15M-26APR281345-45,c6d69c0d-7123-5093-8832-83359bb7c8ab,1777397742,0.942,2.82,no,"{""count_fp"":""2.82"",""created_time"":""2026-04-28T17:35:42.899385Z"",""no_price_dollars"":""0.0580"",""taker_side"":""no"",""ticker"":""KXETH15M-26APR281345-45"",""trade_id"":""c6d69c0d-7123-5093-8832-83359bb7c8ab"",""yes_price_dollars"":""0.9420""}"
KXETH15M-26APR281345-45,484a1b83-4d17-5bf9-97eb-5accf5156496,1777397742,0.943,10.0,no,"{""count_fp"":""10.00"",""created_time"":""2026-04-28T17:35:42.899385Z"",""no_price_dollars"":""0.0570"",""taker_side"":""no"",""ticker"":""KXETH15M-26APR281345-45"",""trade_id"":""484a1b83-4d17-5bf9-97eb-5accf5156496"",""yes_price_dollars"":""0.9430""}"
KXETH15M-26APR281345-45,3d8117fd-9f0c-5cc7-c986-61b50a6f9f1f,1777397745,0.95,0.17,yes,"{""count_fp"":""0.17"",""created_time"":""2026-04-28T17:35:45.818378Z"",""no_price_dollars"":""0.0500"",""taker_side"":""yes"",""ticker"":""KXETH15M-26APR281345-45"",""trade_id"":""3d8117fd-9f0c-5cc7-c986-61b50a6f9f1f"",""yes_price_dollars"":""0.9500""}"
KXETH15M-26APR281345-45,867b3c6e-d6cd-6f62-8a60-f667951bddda,1777397754,0.943,17.12,no,"{""count_fp"":""17.12"",""created_time"":""2026-04-28T17:35:54.678195Z"",""no_price_dollars"":""0.0570"",""taker_side"":""no"",""ticker"":""KXETH15M-26APR281345-45"",""trade_id"":""867b3c6e-d6cd-6f62-8a60-f667951bddda"",""yes_price_dollars"":""0.9430""}"
KXETH15M-26APR281345-45,6aa7c0a1-1109-641a-80fb-b255c6d34a03,1777397754,0.943,10.0,no,"{""count_fp"":""10.00"",""created_time"":""2026-04-28T17:35:54.678195Z"",""no_price_dollars"":""0.0570"",""taker_side"":""no"",""ticker"":""KXETH15M-26APR281345-45"",""trade_id"":""6aa7c0a1-1109-641a-80fb-b255c6d34a03"",""yes_price_dollars"":""0.9430""}"
KXETH15M-26APR281345-45,069246d6-794f-6edf-9f3f-c1a26f225c87,1777397754,0.942,5.2,no,"{""count_fp"":""5.20"",""created_time"":""2026-04-28T17:35:54.678195Z"",""no_price_dollars"":""0.0580"",""taker_side"":""no"",""ticker"":""KXETH15M-26APR281345-45"",""trade_id"":""069246d6-794f-6edf-9f3f-c1a26f225c87"",""yes_price_dollars"":""0.9420""}"
KXETH15M-26APR281345-45,70ae949f-8824-7357-a20d-6597bca23d43,1777397762,0.95,1.0,yes,"{""count_fp"":""1.00"",""created_time"":""2026-04-28T17:36:02.628735Z"",""no_price_dollars"":""0.0500"",""taker_side"":""yes"",""ticker"":""KXETH15M-26APR281345-45"",""trade_id"":""70ae949f-8824-7357-a20d-6597bca23d43"",""yes_price_dollars"":""0.9500""}"
KXETH15M-26APR281345-45,af31501b-7b3b-5817-12ea-0b97c5b8f3fb,1777397764,0.952,80.95,no,"{""count_fp"":""80.95"",""created_time"":""2026-04-28T17:36:04.218237Z"",""no_price_dollars"":""0.0480"",""taker_side"":""no"",""ticker"":""KXETH15M-26APR281345-45"",""trade_id"":""af31501b-7b3b-5817-12ea-0b97c5b8f3fb"",""yes_price_dollars"":""0.9520""}"
KXETH15M-26APR281345-45,5351d60a-a9cc-69aa-61c8-9a21a6c16c64,1777397768,0.952,10.0,no,"{""count_fp"":""10.00"",""created_time"":""2026-04-28T17:36:08.891013Z"",""no_price_dollars"":""0.0480"",""taker_side"":""no"",""ticker"":""KXETH15M-26APR281345-45"",""trade_id"":""5351d60a-a9cc-69aa-61c8-9a21a6c16c64"",""yes_price_dollars"":""0.9520""}"
KXETH15M-26APR281345-45,4cc7fe93-5209-6ec4-6f86-e8a536847c3e,1777397768,0.953,10.0,no,"{""count_fp"":""10.00"",""created_time"":""2026-04-28T17:36:08.891013Z"",""no_price_dollars"":""0.0470"",""taker_side"":""no"",""ticker"":""KXETH15M-26APR281345-45"",""trade_id"":""4cc7fe93-5209-6ec4-6f86-e8a536847c3e"",""yes_price_dollars"":""0.9530""}"
KXETH15M-26APR281345-45,7fba1b6e-8170-52ba-92d3-f6dc5a3a4ea4,1777397770,0.952,90.0,no,"{""count_fp"":""90.00"",""created_time"":""2026-04-28T17:36:10.105796Z"",""no_price_dollars"":""0.0480"",""taker_side"":""no"",""ticker"":""KXETH15M-26APR281345-45"",""trade_id"":""7fba1b6e-8170-52ba-92d3-f6dc5a3a4ea4"",""yes_price_dollars"":""0.9520""}"
KXETH15M-26APR281345-45,3e7bf25d-b12b-585a-8068-29a661c8128c,1777397770,0.952,3.97,no,"{""count_fp"":""3.97"",""created_time"":""2026-04-28T17:36:10.105796Z"",""no_price_dollars"":""0.0480"",""taker_side"":""no"",""ticker"":""KXETH15M-26APR281345-45"",""trade_id"":""3e7bf25d-b12b-585a-8068-29a661c8128c"",""yes_price_dollars"":""0.9520""}"
KXETH15M-26APR281345-45,c1982352-40be-5cb4-f5c8-583e8939d9cf,1777397772,0.952,15.0,no,"{""count_fp"":""15.00"",""created_time"":""2026-04-28T17:36:12.601606Z"",""no_price_dollars"":""0.0480"",""taker_side"":""no"",""ticker"":""KXETH15M-26APR281345-45"",""trade_id"":""c1982352-40be-5cb4-f5c8-583e8939d9cf"",""yes_price_dollars"":""0.9520""}"
KXETH15M-26APR281345-45,86c1f78f-42a7-7259-0e4b-53ab1f0128b9,1777397774,0.961,107.97,yes,"{""count_fp"":""107.97"",""created_time"":""2026-04-28T17:36:14.012451Z"",""no_price_dollars"":""0.0390"",""taker_side"":""yes"",""ticker"":""KXETH15M-26APR281345-45"",""trade_id"":""86c1f78f-42a7-7259-0e4b-53ab1f0128b9"",""yes_price_dollars"":""0.9610""}"
KXETH15M-26APR281345-45,460a470c-58db-7bd6-1ddd-091819791c8f,1777397774,0.96,1.0,yes,"{""count_fp"":""1.00"",""created_time"":""2026-04-28T17:36:14.012451Z"",""no_price_dollars"":""0.0400"",""taker_side"":""yes"",""ticker"":""KXETH15M-26APR281345-45"",""trade_id"":""460a470c-58db-7bd6-1ddd-091819791c8f"",""yes_price_dollars"":""0.9600""}"
KXETH15M-26APR281345-45,06f61bee-f8b1-7261-3b73-75ab54b4095c,1777397774,0.96,5.28,yes,"{""count_fp"":""5.28"",""created_time"":""2026-04-28T17:36:14.012451Z"",""no_price_dollars"":""0.0400"",""taker_side"":""yes"",""ticker"":""KXETH15M-26APR281345-45"",""trade_id"":""06f61bee-f8b1-7261-3b73-75ab54b4095c"",""yes_price_dollars"":""0.9600""}"
KXETH15M-26APR281345-45,7ee92b73-4947-7cc0-9f85-300e7ed03a83,1777397775,0.943,10.0,no,"{""count_fp"":""10.00"",""created_time"":""2026-04-28T17:36:15.743913Z"",""no_price_dollars"":""0.0570"",""taker_side"":""no"",""ticker"":""KXETH15M-26APR281345-45"",""trade_id"":""7ee92b73-4947-7cc0-9f85-300e7ed03a83"",""yes_price_dollars"":""0.9430""}"
KXETH15M-26APR281345-45,cb5a8373-f0ba-53b3-af41-cdbe5098680c,1777397777,0.96,1.0,no,"{""count_fp"":""1.00"",""created_time"":""2026-04-28T17:36:17.575418Z"",""no_price_dollars"":""0.0400"",""taker_side"":""no"",""ticker"":""KXETH15M-26APR281345-45"",""trade_id"":""cb5a8373-f0ba-53b3-af41-cdbe5098680c"",""yes_price_dollars"":""0.9600""}"
KXETH15M-26APR281345-45,a2aa3f48-121b-5ac0-8c00-923bf9992444,1777397782,0.96,25.98,yes,"{""count_fp"":""25.98"",""created_time"":""2026-04-28T17:36:22.038662Z"",""no_price_dollars"":""0.0400"",""taker_side"":""yes"",""ticker"":""KXETH15M-26APR281345-45"",""trade_id"":""a2aa3f48-121b-5ac0-8c00-923bf9992444"",""yes_price_dollars"":""0.9600""}"
KXETH15M-26APR281345-45,954266aa-7a5d-72ef-5dcd-855fe25752c1,1777397783,0.95,3.31,no,"{""count_fp"":""3.31"",""created_time"":""2026-04-28T17:36:23.955577Z"",""no_price_dollars"":""0.0500"",""taker_side"":""no"",""ticker"":""KXETH15M-26APR281345-45"",""trade_id"":""954266aa-7a5d-72ef-5dcd-855fe25752c1"",""yes_price_dollars"":""0.9500""}"
KXETH15M-26APR281345-45,e0e67271-cfcf-4ec4-67a8-a2f05eea4b84,1777397786,0.96,5.0,yes,"{""count_fp"":""5.00"",""created_time"":""2026-04-28T17:36:26.168078Z"",""no_price_dollars"":""0.0400"",""taker_side"":""yes"",""ticker"":""KXETH15M-26APR281345-45"",""trade_id"":""e0e67271-cfcf-4ec4-67a8-a2f05eea4b84"",""yes_price_dollars"":""0.9600""}"
KXETH15M-26APR281345-45,31c69874-aa6e-6d8c-2e91-2a8a5ff64d5b,1777397793,0.952,1.0,no,"{""count_fp"":""1.00"",""created_time"":""2026-04-28T17:36:33.590696Z"",""no_price_dollars"":""0.0480"",""taker_side"":""no"",""ticker"":""KXETH15M-26APR281345-45"",""trade_id"":""31c69874-aa6e-6d8c-2e91-2a8a5ff64d5b"",""yes_price_dollars"":""0.9520""}"
KXETH15M-26APR281345-45,123fa6de-ccc8-64b0-3854-cbd3f2bd6d0d,1777397796,0.954,19.33,no,"{""count_fp"":""19.33"",""created_time"":""2026-04-28T17:36:36.749639Z"",""no_price_dollars"":""0.0460"",""taker_side"":""no"",""ticker"":""KXETH15M-26APR281345-45"",""trade_id"":""123fa6de-ccc8-64b0-3854-cbd3f2bd6d0d"",""yes_price_dollars"":""0.9540""}"
KXETH15M-26APR281345-45,778441fe-fed0-62e5-a64d-e39e3e0a64a0,1777397798,0.953,15.08,no,"{""count_fp"":""15.08"",""created_time"":""2026-04-28T17:36:38.180004Z"",""no_price_dollars"":""0.0470"",""taker_side"":""no"",""ticker"":""KXETH15M-26APR281345-45"",""trade_id"":""778441fe-fed0-62e5-a64d-e39e3e0a64a0"",""yes_price_dollars"":""0.9530""}"
KXETH15M-26APR281345-45,0bebdb63-5846-7518-47a0-6b33110082bf,1777397800,0.952,0.68,no,"{""count_fp"":""0.68"",""created_time"":""2026-04-28T17:36:40.757893Z"",""no_price_dollars"":""0.0480"",""taker_side"":""no"",""ticker"":""KXETH15M-26APR281345-45"",""trade_id"":""0bebdb63-5846-7518-47a0-6b33110082bf"",""yes_price_dollars"":""0.9520""}"
KXETH15M-26APR281345-45,fb6e032f-2516-4ca4-26bd-ec65761c6c60,1777397811,0.96,5.0,yes,"{""count_fp"":""5.00"",""created_time"":""2026-04-28T17:36:51.814798Z"",""no_price_dollars"":""0.0400"",""taker_side"":""yes"",""ticker"":""KXETH15M-26APR281345-45"",""trade_id"":""fb6e032f-2516-4ca4-26bd-ec65761c6c60"",""yes_price_dollars"":""0.9600""}"
KXETH15M-26APR281345-45,e3a847cd-c262-5964-7eb5-3e53401c8430,1777397811,0.96,5.0,yes,"{""count_fp"":""5.00"",""created_time"":""2026-04-28T17:36:51.413957Z"",""no_price_dollars"":""0.0400"",""taker_side"":""yes"",""ticker"":""KXETH15M-26APR281345-45"",""trade_id"":""e3a847cd-c262-5964-7eb5-3e53401c8430"",""yes_price_dollars"":""0.9600""}"
KXETH15M-26APR281345-45,ba1d070f-280e-640c-49a7-e9e110568d88,1777397811,0.96,5.0,yes,"{""count_fp"":""5.00"",""created_time"":""2026-04-28T17:36:51.077078Z"",""no_price_dollars"":""0.0400"",""taker_side"":""yes"",""ticker"":""KXETH15M-26APR281345-45"",""trade_id"":""ba1d070f-280e-640c-49a7-e9e110568d88"",""yes_price_dollars"":""0.9600""}"
KXETH15M-26APR281345-45,0de68935-6f12-48d0-212e-d01993f3af64,1777397812,0.96,5.0,yes,"{""count_fp"":""5.00"",""created_time"":""2026-04-28T17:36:52.150155Z"",""no_price_dollars"":""0.0400"",""taker_side"":""yes"",""ticker"":""KXETH15M-26APR281345-45"",""trade_id"":""0de68935-6f12-48d0-212e-d01993f3af64"",""yes_price_dollars"":""0.9600""}"
KXETH15M-26APR281345-45,fc693b93-0392-4f1c-db3f-dace3f436b7f,1777397814,0.952,2.13,no,"{""count_fp"":""2.13"",""created_time"":""2026-04-28T17:36:54.122378Z"",""no_price_dollars"":""0.0480"",""taker_side"":""no"",""ticker"":""KXETH15M-26APR281345-45"",""trade_id"":""fc693b93-0392-4f1c-db3f-dace3f436b7f"",""yes_price_dollars"":""0.9520""}"
KXETH15M-26APR281345-45,0d8217e9-190e-7148-725f-fa845ecef84c,1777397818,0.96,5.0,yes,"{""count_fp"":""5.00"",""created_time"":""2026-04-28T17:36:58.873569Z"",""no_price_dollars"":""0.0400"",""taker_side"":""yes"",""ticker"":""KXETH15M-26APR281345-45"",""trade_id"":""0d8217e9-190e-7148-725f-fa845ecef84c"",""yes_price_dollars"":""0.9600""}"
KXETH15M-26APR281345-45,5d9ec781-ec16-7884-7c6d-ecde01107b00,1777397819,0.96,5.0,yes,"{""count_fp"":""5.00"",""created_time"":""2026-04-28T17:36:59.879588Z"",""no_price_dollars"":""0.0400"",""taker_side"":""yes"",""ticker"":""KXETH15M-26APR281345-45"",""trade_id"":""5d9ec781-ec16-7884-7c6d-ecde01107b00"",""yes_price_dollars"":""0.9600""}"
KXETH15M-26APR281345-45,9d77cbe0-908a-52b0-9e4b-833aef6c90a4,1777397819,0.96,5.0,yes,"{""count_fp"":""5.00"",""created_time"":""2026-04-28T17:36:59.546259Z"",""no_price_dollars"":""0.0400"",""taker_side"":""yes"",""ticker"":""KXETH15M-26APR281345-45"",""trade_id"":""9d77cbe0-908a-52b0-9e4b-833aef6c90a4"",""yes_price_dollars"":""0.9600""}"
KXETH15M-26APR281345-45,a9658f6a-1972-4e08-ebda-678a9e155f04,1777397819,0.96,5.0,yes,"{""count_fp"":""5.00"",""created_time"":""2026-04-28T17:36:59.208942Z"",""no_price_dollars"":""0.0400"",""taker_side"":""yes"",""ticker"":""KXETH15M-26APR281345-45"",""trade_id"":""a9658f6a-1972-4e08-ebda-678a9e155f04"",""yes_price_dollars"":""0.9600""}"
KXETH15M-26APR281345-45,df92f24e-9a51-481c-91dd-43942491967b,1777397822,0.97,4.15,no,"{""count_fp"":""4.15"",""created_time"":""2026-04-28T17:37:02.912386Z"",""no_price_dollars"":""0.0300"",""taker_side"":""no"",""ticker"":""KXETH15M-26APR281345-45"",""trade_id"":""df92f24e-9a51-481c-91dd-43942491967b"",""yes_price_dollars"":""0.9700""}"
KXETH15M-26APR281345-45,ee1466a7-82ae-77d5-e5e5-d8b02dd12fd0,1777397822,0.97,15.0,yes,"{""count_fp"":""15.00"",""created_time"":""2026-04-28T17:37:02.642952Z"",""no_price_dollars"":""0.0300"",""taker_side"":""yes"",""ticker"":""KXETH15M-26APR281345-45"",""trade_id"":""ee1466a7-82ae-77d5-e5e5-d8b02dd12fd0"",""yes_price_dollars"":""0.9700""}"
KXETH15M-26APR281345-45,bb3be8e1-57fe-7f46-f783-ae6f652f3384,1777397822,0.97,1.0,yes,"{""count_fp"":""1.00"",""created_time"":""2026-04-28T17:37:02.642952Z"",""no_price_dollars"":""0.0300"",""taker_side"":""yes"",""ticker"":""KXETH15M-26APR281345-45"",""trade_id"":""bb3be8e1-57fe-7f46-f783-ae6f652f3384"",""yes_price_dollars"":""0.9700""}"
KXETH15M-26APR281345-45,5909c5bc-8b4e-7731-ded1-cea16da46fc7,1777397822,0.967,1.0,yes,"{""count_fp"":""1.00"",""created_time"":""2026-04-28T17:37:02.642952Z"",""no_price_dollars"":""0.0330"",""taker_side"":""yes"",""ticker"":""KXETH15M-26APR281345-45"",""trade_id"":""5909c5bc-8b4e-7731-ded1-cea16da46fc7"",""yes_price_dollars"":""0.9670""}"
KXETH15M-26APR281345-45,3bad461d-efe2-7924-e73a-9494d0b2d2e9,1777397822,0.97,3.0,yes,"{""count_fp"":""3.00"",""created_time"":""2026-04-28T17:37:02.642952Z"",""no_price_dollars"":""0.0300"",""taker_side"":""yes"",""ticker"":""KXETH15M-26APR281345-45"",""trade_id"":""3bad461d-efe2-7924-e73a-9494d0b2d2e9"",""yes_price_dollars"":""0.9700""}"
KXETH15M-26APR281345-45,1d11c8d1-2fea-7848-c86b-5aebe642a573,1777397822,0.97,1.0,yes,"{""count_fp"":""1.00"",""created_time"":""2026-04-28T17:37:02.642952Z"",""no_price_dollars"":""0.0300"",""taker_side"":""yes"",""ticker"":""KXETH15M-26APR281345-45"",""trade_id"":""1d11c8d1-2fea-7848-c86b-5aebe642a573"",""yes_price_dollars"":""0.9700""}"
KXETH15M-26APR281345-45,819863f9-93c8-6f5d-51c6-e5920b0de4cc,1777397825,0.976,26.0,yes,"{""count_fp"":""26.00"",""created_time"":""2026-04-28T17:37:05.894178Z"",""no_price_dollars"":""0.0240"",""taker_side"":""yes"",""ticker"":""KXETH15M-26APR281345-45"",""trade_id"":""819863f9-93c8-6f5d-51c6-e5920b0de4cc"",""yes_price_dollars"":""0.9760""}"
KXETH15M-26APR281345-45,0fb7fb5b-19cd-4a88-29eb-32a31bad0803,1777397832,0.97,10.0,no,"{""count_fp"":""10.00"",""created_time"":""2026-04-28T17:37:12.902384Z"",""no_price_dollars"":""0.0300"",""taker_side"":""no"",""ticker"":""KXETH15M-26APR281345-45"",""trade_id"":""0fb7fb5b-19cd-4a88-29eb-32a31bad0803"",""yes_price_dollars"":""0.9700""}"
KXETH15M-26APR281345-45,3c1dcf61-cff9-6461-339b-0823f58e42f6,1777397832,0.976,20.0,yes,"{""count_fp"":""20.00"",""created_time"":""2026-04-28T17:37:12.899549Z"",""no_price_dollars"":""0.0240"",""taker_side"":""yes"",""ticker"":""KXETH15M-26APR281345-45"",""trade_id"":""3c1dcf61-cff9-6461-339b-0823f58e42f6"",""yes_price_dollars"":""0.9760""}"
KXETH15M-26APR281345-45,300c192e-2c63-6b5a-39a6-ccf838a852e7,1777397832,0.977,9.0,yes,"{""count_fp"":""9.00"",""created_time"":""2026-04-28T17:37:12.899549Z"",""no_price_dollars"":""0.0230"",""taker_side"":""yes"",""ticker"":""KXETH15M-26APR281345-45"",""trade_id"":""300c192e-2c63-6b5a-39a6-ccf838a852e7"",""yes_price_dollars"":""0.9770""}"
KXETH15M-26APR281345-45,86e4b673-3aad-5894-e560-733a3d085773,1777397838,0.97,100.0,no,"{""count_fp"":""100.00"",""created_time"":""2026-04-28T17:37:18.266904Z"",""no_price_dollars"":""0.0300"",""taker_side"":""no"",""ticker"":""KXETH15M-26APR281345-45"",""trade_id"":""86e4b673-3aad-5894-e560-733a3d085773"",""yes_price_dollars"":""0.9700""}"
KXETH15M-26APR281345-45,72bad49a-33cd-5294-ad54-897b28c6986f,1777397839,0.97,1.0,no,"{""count_fp"":""1.00"",""created_time"":""2026-04-28T17:37:19.401152Z"",""no_price_dollars"":""0.0300"",""taker_side"":""no"",""ticker"":""KXETH15M-26APR281345-45"",""trade_id"":""72bad49a-33cd-5294-ad54-897b28c6986f"",""yes_price_dollars"":""0.9700""}"
KXETH15M-26APR281345-45,be2ee544-3266-4294-72b9-9c318baf8e7f,1777397844,0.978,5.0,yes,"{""count_fp"":""5.00"",""created_time"":""2026-04-28T17:37:24.335563Z"",""no_price_dollars"":""0.0220"",""taker_side"":""yes"",""ticker"":""KXETH15M-26APR281345-45"",""trade_id"":""be2ee544-3266-4294-72b9-9c318baf8e7f"",""yes_price_dollars"":""0.9780""}"
KXETH15M-26APR281345-45,2d808d7d-065c-509c-4e92-fbf484f968f0,1777397844,0.977,8.16,yes,"{""count_fp"":""8.16"",""created_time"":""2026-04-28T17:37:24.263134Z"",""no_price_dollars"":""0.0230"",""taker_side"":""yes"",""ticker"":""KXETH15M-26APR281345-45"",""trade_id"":""2d808d7d-065c-509c-4e92-fbf484f968f0"",""yes_price_dollars"":""0.9770""}"
KXETH15M-26APR281345-45,504337f4-5c11-5a08-4953-f2fd4e10d89b,1777397851,0.97,62.42,no,"{""count_fp"":""62.42"",""created_time"":""2026-04-28T17:37:31.284236Z"",""no_price_dollars"":""0.0300"",""taker_side"":""no"",""ticker"":""KXETH15M-26APR281345-45"",""trade_id"":""504337f4-5c11-5a08-4953-f2fd4e10d89b"",""yes_price_dollars"":""0.9700""}"
KXETH15M-26APR281345-45,fd1efd56-943a-7c8c-99c1-a87719073f63,1777397857,0.962,51.82,no,"{""count_fp"":""51.82"",""created_time"":""2026-04-28T17:37:37.580468Z"",""no_price_dollars"":""0.0380"",""taker_side"":""no"",""ticker"":""KXETH15M-26APR281345-45"",""trade_id"":""fd1efd56-943a-7c8c-99c1-a87719073f63"",""yes_price_dollars"":""0.9620""}"
KXETH15M-26APR281345-45,f2470af4-330c-77eb-b00c-9869b8f1612d,1777397857,0.966,44.0,no,"{""count_fp"":""44.00"",""created_time"":""2026-04-28T17:37:37.580468Z"",""no_price_dollars"":""0.0340"",""taker_side"":""no"",""ticker"":""KXETH15M-26APR281345-45"",""trade_id"":""f2470af4-330c-77eb-b00c-9869b8f1612d"",""yes_price_dollars"":""0.9660""}"
KXETH15M-26APR281345-45,f0f97268-14c4-7138-a68d-5e016be02ab3,1777397857,0.97,10.0,no,"{""count_fp"":""10.00"",""created_time"":""2026-04-28T17:37:37.580468Z"",""no_price_dollars"":""0.0300"",""taker_side"":""no"",""ticker"":""KXETH15M-26APR281345-45"",""trade_id"":""f0f97268-14c4-7138-a68d-5e016be02ab3"",""yes_price_dollars"":""0.9700""}"
KXETH15M-26APR281345-45,51af5bc4-0a65-7f49-b783-ba39921ba276,1777397857,0.97,3.0,no,"{""count_fp"":""3.00"",""created_time"":""2026-04-28T17:37:37.580468Z"",""no_price_dollars"":""0.0300"",""taker_side"":""no"",""ticker"":""KXETH15M-26APR281345-45"",""trade_id"":""51af5bc4-0a65-7f49-b783-ba39921ba276"",""yes_price_dollars"":""0.9700""}"
KXETH15M-26APR281345-45,2731a898-dae9-787c-b7c5-86526f9609cb,1777397857,0.97,1.43,no,"{""count_fp"":""1.43"",""created_time"":""2026-04-28T17:37:37.580468Z"",""no_price_dollars"":""0.0300"",""taker_side"":""no"",""ticker"":""KXETH15M-26APR281345-45"",""trade_id"":""2731a898-dae9-787c-b7c5-86526f9609cb"",""yes_price_dollars"":""0.9700""}"
KXETH15M-26APR281345-45,07126262-6bd9-71df-b5de-669ff4a1345e,1777397857,0.97,4.0,no,"{""count_fp"":""4.00"",""created_time"":""2026-04-28T17:37:37.580468Z"",""no_price_dollars"":""0.0300"",""taker_side"":""no"",""ticker"":""KXETH15M-26APR281345-45"",""trade_id"":""07126262-6bd9-71df-b5de-669ff4a1345e"",""yes_price_dollars"":""0.9700""}"
KXETH15M-26APR281345-45,f18932d2-1f67-6573-631c-20f65a56cd0f,1777397864,0.965,5.25,no,"{""count_fp"":""5.25"",""created_time"":""2026-04-28T17:37:44.650173Z"",""no_price_dollars"":""0.0350"",""taker_side"":""no"",""ticker"":""KXETH15M-26APR281345-45"",""trade_id"":""f18932d2-1f67-6573-631c-20f65a56cd0f"",""yes_price_dollars"":""0.9650""}"
KXETH15M-26APR281345-45,dfd125cb-feb2-4b10-d704-7580f4992037,1777397886,0.962,23.42,no,"{""count_fp"":""23.42"",""created_time"":""2026-04-28T17:38:06.945932Z"",""no_price_dollars"":""0.0380"",""taker_side"":""no"",""ticker"":""KXETH15M-26APR281345-45"",""trade_id"":""dfd125cb-feb2-4b10-d704-7580f4992037"",""yes_price_dollars"":""0.9620""}"
KXETH15M-26APR281345-45,594159ec-1eec-4480-56ae-51f0cac33a05,1777397893,0.967,2.0,yes,"{""count_fp"":""2.00"",""created_time"":""2026-04-28T17:38:13.810896Z"",""no_price_dollars"":""0.0330"",""taker_side"":""yes"",""ticker"":""KXETH15M-26APR281345-45"",""trade_id"":""594159ec-1eec-4480-56ae-51f0cac33a05"",""yes_price_dollars"":""0.9670""}"
KXETH15M-26APR281345-45,b6f09dab-4476-5644-3b15-0d44886d9dd7,1777397901,0.962,1.05,no,"{""count_fp"":""1.05"",""created_time"":""2026-04-28T17:38:21.782688Z"",""no_price_dollars"":""0.0380"",""taker_side"":""no"",""ticker"":""KXETH15M-26APR281345-45"",""trade_id"":""b6f09dab-4476-5644-3b15-0d44886d9dd7"",""yes_price_dollars"":""0.9620""}"
KXETH15M-26APR281345-45,08a67e7a-687b-55e4-1ef0-40b9a7c89f65,1777397901,0.96,10.0,no,"{""count_fp"":""10.00"",""created_time"":""2026-04-28T17:38:21.586574Z"",""no_price_dollars"":""0.0400"",""taker_side"":""no"",""ticker"":""KXETH15M-26APR281345-45"",""trade_id"":""08a67e7a-687b-55e4-1ef0-40b9a7c89f65"",""yes_price_dollars"":""0.9600""}"
KXETH15M-26APR281345-45,637f5995-44c6-7e50-5e97-e82f8af617d7,1777397906,0.962,1.94,no,"{""count_fp"":""1.94"",""created_time"":""2026-04-28T17:38:26.326082Z"",""no_price_dollars"":""0.0380"",""taker_side"":""no"",""ticker"":""KXETH15M-26APR281345-45"",""trade_id"":""637f5995-44c6-7e50-5e97-e82f8af617d7"",""yes_price_dollars"":""0.9620""}"
KXETH15M-26APR281345-45,65f3581e-aa5d-6463-6056-c2221670ae72,1777397909,0.967,5.04,yes,"{""count_fp"":""5.04"",""created_time"":""2026-04-28T17:38:29.991986Z"",""no_price_dollars"":""0.0330"",""taker_side"":""yes"",""ticker"":""KXETH15M-26APR281345-45"",""trade_id"":""65f3581e-aa5d-6463-6056-c2221670ae72"",""yes_price_dollars"":""0.9670""}"
KXETH15M-26APR281345-45,2023aee0-3f7f-5f30-0121-42ea0c0e6419,1777397916,0.96,23.42,no,"{""count_fp"":""23.42"",""created_time"":""2026-04-28T17:38:36.094923Z"",""no_price_dollars"":""0.0400"",""taker_side"":""no"",""ticker"":""KXETH15M-26APR281345-45"",""trade_id"":""2023aee0-3f7f-5f30-0121-42ea0c0e6419"",""yes_price_dollars"":""0.9600""}"
KXETH15M-26APR281345-45,7ca1792f-e4a3-546c-dd80-0fbf7ec26855,1777397922,0.96,23.42,no,"{""count_fp"":""23.42"",""created_time"":""2026-04-28T17:38:42.455886Z"",""no_price_dollars"":""0.0400"",""taker_side"":""no"",""ticker"":""KXETH15M-26APR281345-45"",""trade_id"":""7ca1792f-e4a3-546c-dd80-0fbf7ec26855"",""yes_price_dollars"":""0.9600""}"
