ticker,trade_id,ts,yes_price,count,taker_side,raw_json
KXETH15M-26APR271900-00,afdd4282-d0db-760f-9d6f-dfde9e04a713,1777329919,0.62,1.0,no,"{""count_fp"":""1.00"",""created_time"":""2026-04-27T22:45:19.756002Z"",""no_price_dollars"":""0.3800"",""taker_side"":""no"",""ticker"":""KXETH15M-26APR271900-00"",""trade_id"":""afdd4282-d0db-760f-9d6f-dfde9e04a713"",""yes_price_dollars"":""0.6200""}"
KXETH15M-26APR271900-00,c53a51b6-5937-5e73-0440-8d4a86ab7cac,1777329922,0.62,1.0,no,"{""count_fp"":""1.00"",""created_time"":""2026-04-27T22:45:22.302924Z"",""no_price_dollars"":""0.3800"",""taker_side"":""no"",""ticker"":""KXETH15M-26APR271900-00"",""trade_id"":""c53a51b6-5937-5e73-0440-8d4a86ab7cac"",""yes_price_dollars"":""0.6200""}"
KXETH15M-26APR271900-00,dd875593-8956-6b4e-3be3-785adcd7ee63,1777329927,0.65,50.0,yes,"{""count_fp"":""50.00"",""created_time"":""2026-04-27T22:45:27.703877Z"",""no_price_dollars"":""0.3500"",""taker_side"":""yes"",""ticker"":""KXETH15M-26APR271900-00"",""trade_id"":""dd875593-8956-6b4e-3be3-785adcd7ee63"",""yes_price_dollars"":""0.6500""}"
KXETH15M-26APR271900-00,6d30ee6c-3e4d-4ca5-6885-bb844c838822,1777329927,0.64,1.0,yes,"{""count_fp"":""1.00"",""created_time"":""2026-04-27T22:45:27.703766Z"",""no_price_dollars"":""0.3600"",""taker_side"":""yes"",""ticker"":""KXETH15M-26APR271900-00"",""trade_id"":""6d30ee6c-3e4d-4ca5-6885-bb844c838822"",""yes_price_dollars"":""0.6400""}"
KXETH15M-26APR271900-00,ca94a68b-5dbe-4ee0-e8b2-7e0a50a91231,1777329929,0.68,1.0,no,"{""count_fp"":""1.00"",""created_time"":""2026-04-27T22:45:29.618649Z"",""no_price_dollars"":""0.3200"",""taker_side"":""no"",""ticker"":""KXETH15M-26APR271900-00"",""trade_id"":""ca94a68b-5dbe-4ee0-e8b2-7e0a50a91231"",""yes_price_dollars"":""0.6800""}"
KXETH15M-26APR271900-00,741963f9-8df9-44ed-ddac-a650543b9484,1777329929,0.68,58.65,no,"{""count_fp"":""58.65"",""created_time"":""2026-04-27T22:45:29.618649Z"",""no_price_dollars"":""0.3200"",""taker_side"":""no"",""ticker"":""KXETH15M-26APR271900-00"",""trade_id"":""741963f9-8df9-44ed-ddac-a650543b9484"",""yes_price_dollars"":""0.6800""}"
KXETH15M-26APR271900-00,64014185-3eed-6a51-075e-aeccbfe7f950,1777329931,0.67,14.0,yes,"{""count_fp"":""14.00"",""created_time"":""2026-04-27T22:45:31.317979Z"",""no_price_dollars"":""0.3300"",""taker_side"":""yes"",""ticker"":""KXETH15M-26APR271900-00"",""trade_id"":""64014185-3eed-6a51-075e-aeccbfe7f950"",""yes_price_dollars"":""0.6700""}"
KXETH15M-26APR271900-00,77d67661-1a0b-6c83-e38f-a3129675d8b4,1777329932,0.64,29.0,no,"{""count_fp"":""29.00"",""created_time"":""2026-04-27T22:45:32.752906Z"",""no_price_dollars"":""0.3600"",""taker_side"":""no"",""ticker"":""KXETH15M-26APR271900-00"",""trade_id"":""77d67661-1a0b-6c83-e38f-a3129675d8b4"",""yes_price_dollars"":""0.6400""}"
KXETH15M-26APR271900-00,e15b78ad-f08d-71ad-d02a-4062c7d8a9c4,1777329934,0.66,59.0,no,"{""count_fp"":""59.00"",""created_time"":""2026-04-27T22:45:34.474037Z"",""no_price_dollars"":""0.3400"",""taker_side"":""no"",""ticker"":""KXETH15M-26APR271900-00"",""trade_id"":""e15b78ad-f08d-71ad-d02a-4062c7d8a9c4"",""yes_price_dollars"":""0.6600""}"
KXETH15M-26APR271900-00,45960bfb-abb9-7b84-c89c-5993d994fecf,1777329934,0.66,1.0,no,"{""count_fp"":""1.00"",""created_time"":""2026-04-27T22:45:34.474037Z"",""no_price_dollars"":""0.3400"",""taker_side"":""no"",""ticker"":""KXETH15M-26APR271900-00"",""trade_id"":""45960bfb-abb9-7b84-c89c-5993d994fecf"",""yes_price_dollars"":""0.6600""}"
KXETH15M-26APR271900-00,3705ccfc-ef19-6c6b-cebd-c00e79c96fbe,1777329935,0.65,4.0,no,"{""count_fp"":""4.00"",""created_time"":""2026-04-27T22:45:35.357341Z"",""no_price_dollars"":""0.3500"",""taker_side"":""no"",""ticker"":""KXETH15M-26APR271900-00"",""trade_id"":""3705ccfc-ef19-6c6b-cebd-c00e79c96fbe"",""yes_price_dollars"":""0.6500""}"
KXETH15M-26APR271900-00,9d85f702-7de5-55bb-b22e-cc53e6ba0a6e,1777329935,0.65,12.0,no,"{""count_fp"":""12.00"",""created_time"":""2026-04-27T22:45:35.331578Z"",""no_price_dollars"":""0.3500"",""taker_side"":""no"",""ticker"":""KXETH15M-26APR271900-00"",""trade_id"":""9d85f702-7de5-55bb-b22e-cc53e6ba0a6e"",""yes_price_dollars"":""0.6500""}"
KXETH15M-26APR271900-00,331a5877-f634-5ab7-a399-e867af70ebe6,1777329935,0.65,1.0,no,"{""count_fp"":""1.00"",""created_time"":""2026-04-27T22:45:35.331578Z"",""no_price_dollars"":""0.3500"",""taker_side"":""no"",""ticker"":""KXETH15M-26APR271900-00"",""trade_id"":""331a5877-f634-5ab7-a399-e867af70ebe6"",""yes_price_dollars"":""0.6500""}"
KXETH15M-26APR271900-00,391e335d-394d-6aa9-413b-30247858d77d,1777329935,0.66,1.0,no,"{""count_fp"":""1.00"",""created_time"":""2026-04-27T22:45:35.068529Z"",""no_price_dollars"":""0.3400"",""taker_side"":""no"",""ticker"":""KXETH15M-26APR271900-00"",""trade_id"":""391e335d-394d-6aa9-413b-30247858d77d"",""yes_price_dollars"":""0.6600""}"
KXETH15M-26APR271900-00,4efb24c6-5d00-6037-6f65-4e1650226b72,1777329936,0.7,2.0,yes,"{""count_fp"":""2.00"",""created_time"":""2026-04-27T22:45:36.609736Z"",""no_price_dollars"":""0.3000"",""taker_side"":""yes"",""ticker"":""KXETH15M-26APR271900-00"",""trade_id"":""4efb24c6-5d00-6037-6f65-4e1650226b72"",""yes_price_dollars"":""0.7000""}"
KXETH15M-26APR271900-00,c4c953a7-7237-504c-5480-e2ad267ec53b,1777329938,0.65,1.0,no,"{""count_fp"":""1.00"",""created_time"":""2026-04-27T22:45:38.881663Z"",""no_price_dollars"":""0.3500"",""taker_side"":""no"",""ticker"":""KXETH15M-26APR271900-00"",""trade_id"":""c4c953a7-7237-504c-5480-e2ad267ec53b"",""yes_price_dollars"":""0.6500""}"
KXETH15M-26APR271900-00,13c893ef-a2d5-5d8b-4d7d-901a7f3192a6,1777329938,0.65,1.0,no,"{""count_fp"":""1.00"",""created_time"":""2026-04-27T22:45:38.881663Z"",""no_price_dollars"":""0.3500"",""taker_side"":""no"",""ticker"":""KXETH15M-26APR271900-00"",""trade_id"":""13c893ef-a2d5-5d8b-4d7d-901a7f3192a6"",""yes_price_dollars"":""0.6500""}"
KXETH15M-26APR271900-00,780c35b4-b1f1-597b-2d05-d2f1792a6a70,1777329939,0.66,1.0,no,"{""count_fp"":""1.00"",""created_time"":""2026-04-27T22:45:39.494745Z"",""no_price_dollars"":""0.3400"",""taker_side"":""no"",""ticker"":""KXETH15M-26APR271900-00"",""trade_id"":""780c35b4-b1f1-597b-2d05-d2f1792a6a70"",""yes_price_dollars"":""0.6600""}"
KXETH15M-26APR271900-00,00fa0b35-1c4d-562f-25c2-ee089b67a98a,1777329939,0.66,0.41,no,"{""count_fp"":""0.41"",""created_time"":""2026-04-27T22:45:39.494745Z"",""no_price_dollars"":""0.3400"",""taker_side"":""no"",""ticker"":""KXETH15M-26APR271900-00"",""trade_id"":""00fa0b35-1c4d-562f-25c2-ee089b67a98a"",""yes_price_dollars"":""0.6600""}"
KXETH15M-26APR271900-00,e8917b6e-aba0-529b-e0dd-83233b5bb4fe,1777329941,0.7,2.0,yes,"{""count_fp"":""2.00"",""created_time"":""2026-04-27T22:45:41.875808Z"",""no_price_dollars"":""0.3000"",""taker_side"":""yes"",""ticker"":""KXETH15M-26APR271900-00"",""trade_id"":""e8917b6e-aba0-529b-e0dd-83233b5bb4fe"",""yes_price_dollars"":""0.7000""}"
KXETH15M-26APR271900-00,dabbf16e-81a0-542f-fb52-ca3ede7937be,1777329941,0.7,4.0,yes,"{""count_fp"":""4.00"",""created_time"":""2026-04-27T22:45:41.875808Z"",""no_price_dollars"":""0.3000"",""taker_side"":""yes"",""ticker"":""KXETH15M-26APR271900-00"",""trade_id"":""dabbf16e-81a0-542f-fb52-ca3ede7937be"",""yes_price_dollars"":""0.7000""}"
KXETH15M-26APR271900-00,4ce8a3a3-a979-528d-e241-d7cee56b3bc0,1777329941,0.69,1.0,yes,"{""count_fp"":""1.00"",""created_time"":""2026-04-27T22:45:41.875808Z"",""no_price_dollars"":""0.3100"",""taker_side"":""yes"",""ticker"":""KXETH15M-26APR271900-00"",""trade_id"":""4ce8a3a3-a979-528d-e241-d7cee56b3bc0"",""yes_price_dollars"":""0.6900""}"
KXETH15M-26APR271900-00,56313ce5-bbda-6926-7122-d47a91241200,1777329946,0.69,10.0,no,"{""count_fp"":""10.00"",""created_time"":""2026-04-27T22:45:46.667021Z"",""no_price_dollars"":""0.3100"",""taker_side"":""no"",""ticker"":""KXETH15M-26APR271900-00"",""trade_id"":""56313ce5-bbda-6926-7122-d47a91241200"",""yes_price_dollars"":""0.6900""}"
KXETH15M-26APR271900-00,f5247b5b-0e4e-6b5b-6acd-eb1511ddedfe,1777329946,0.69,5.0,no,"{""count_fp"":""5.00"",""created_time"":""2026-04-27T22:45:46.640244Z"",""no_price_dollars"":""0.3100"",""taker_side"":""no"",""ticker"":""KXETH15M-26APR271900-00"",""trade_id"":""f5247b5b-0e4e-6b5b-6acd-eb1511ddedfe"",""yes_price_dollars"":""0.6900""}"
KXETH15M-26APR271900-00,bcde5aae-9931-691f-7073-54e730380512,1777329946,0.69,100.0,no,"{""count_fp"":""100.00"",""created_time"":""2026-04-27T22:45:46.640244Z"",""no_price_dollars"":""0.3100"",""taker_side"":""no"",""ticker"":""KXETH15M-26APR271900-00"",""trade_id"":""bcde5aae-9931-691f-7073-54e730380512"",""yes_price_dollars"":""0.6900""}"
KXETH15M-26APR271900-00,85296a69-5da2-46f6-ae62-cbfcb47b4429,1777329948,0.65,35.0,no,"{""count_fp"":""35.00"",""created_time"":""2026-04-27T22:45:48.255571Z"",""no_price_dollars"":""0.3500"",""taker_side"":""no"",""ticker"":""KXETH15M-26APR271900-00"",""trade_id"":""85296a69-5da2-46f6-ae62-cbfcb47b4429"",""yes_price_dollars"":""0.6500""}"
KXETH15M-26APR271900-00,96afe6dc-5fab-7f48-eb13-35e0fa12eec9,1777329951,0.61,10.0,no,"{""count_fp"":""10.00"",""created_time"":""2026-04-27T22:45:51.044189Z"",""no_price_dollars"":""0.3900"",""taker_side"":""no"",""ticker"":""KXETH15M-26APR271900-00"",""trade_id"":""96afe6dc-5fab-7f48-eb13-35e0fa12eec9"",""yes_price_dollars"":""0.6100""}"
KXETH15M-26APR271900-00,277a7cf1-72c5-6a67-d15d-502f46633312,1777329953,0.58,3.0,no,"{""count_fp"":""3.00"",""created_time"":""2026-04-27T22:45:53.521137Z"",""no_price_dollars"":""0.4200"",""taker_side"":""no"",""ticker"":""KXETH15M-26APR271900-00"",""trade_id"":""277a7cf1-72c5-6a67-d15d-502f46633312"",""yes_price_dollars"":""0.5800""}"
KXETH15M-26APR271900-00,c79eef0a-91d0-40b2-6667-8082177cbb5e,1777329953,0.59,10.0,no,"{""count_fp"":""10.00"",""created_time"":""2026-04-27T22:45:53.494369Z"",""no_price_dollars"":""0.4100"",""taker_side"":""no"",""ticker"":""KXETH15M-26APR271900-00"",""trade_id"":""c79eef0a-91d0-40b2-6667-8082177cbb5e"",""yes_price_dollars"":""0.5900""}"
KXETH15M-26APR271900-00,c30f1c08-f564-46fb-c8c8-40daa4909079,1777329955,0.55,83.0,no,"{""count_fp"":""83.00"",""created_time"":""2026-04-27T22:45:55.842663Z"",""no_price_dollars"":""0.4500"",""taker_side"":""no"",""ticker"":""KXETH15M-26APR271900-00"",""trade_id"":""c30f1c08-f564-46fb-c8c8-40daa4909079"",""yes_price_dollars"":""0.5500""}"
KXETH15M-26APR271900-00,66a5728e-7253-4f96-e905-f56afb52c8ac,1777329955,0.55,1.0,no,"{""count_fp"":""1.00"",""created_time"":""2026-04-27T22:45:55.842663Z"",""no_price_dollars"":""0.4500"",""taker_side"":""no"",""ticker"":""KXETH15M-26APR271900-00"",""trade_id"":""66a5728e-7253-4f96-e905-f56afb52c8ac"",""yes_price_dollars"":""0.5500""}"
KXETH15M-26APR271900-00,20f0c894-6be5-4bdd-6a92-9f5751de06c9,1777329960,0.59,6.0,yes,"{""count_fp"":""6.00"",""created_time"":""2026-04-27T22:46:00.092665Z"",""no_price_dollars"":""0.4100"",""taker_side"":""yes"",""ticker"":""KXETH15M-26APR271900-00"",""trade_id"":""20f0c894-6be5-4bdd-6a92-9f5751de06c9"",""yes_price_dollars"":""0.5900""}"
KXETH15M-26APR271900-00,d4af3072-0c85-7add-16ad-e3dd5c83f069,1777329960,0.59,4.0,yes,"{""count_fp"":""4.00"",""created_time"":""2026-04-27T22:46:00.062736Z"",""no_price_dollars"":""0.4100"",""taker_side"":""yes"",""ticker"":""KXETH15M-26APR271900-00"",""trade_id"":""d4af3072-0c85-7add-16ad-e3dd5c83f069"",""yes_price_dollars"":""0.5900""}"
KXETH15M-26APR271900-00,be01a319-cac7-50ff-c491-af824b6ce154,1777329962,0.62,8.51,no,"{""count_fp"":""8.51"",""created_time"":""2026-04-27T22:46:02.098226Z"",""no_price_dollars"":""0.3800"",""taker_side"":""no"",""ticker"":""KXETH15M-26APR271900-00"",""trade_id"":""be01a319-cac7-50ff-c491-af824b6ce154"",""yes_price_dollars"":""0.6200""}"
KXETH15M-26APR271900-00,e51b16c4-9d70-4664-346a-d34822954939,1777329962,0.65,60.0,yes,"{""count_fp"":""60.00"",""created_time"":""2026-04-27T22:46:02.032383Z"",""no_price_dollars"":""0.3500"",""taker_side"":""yes"",""ticker"":""KXETH15M-26APR271900-00"",""trade_id"":""e51b16c4-9d70-4664-346a-d34822954939"",""yes_price_dollars"":""0.6500""}"
KXETH15M-26APR271900-00,8a1d34d6-b171-41c0-267e-e1be6141999f,1777329962,0.66,83.0,yes,"{""count_fp"":""83.00"",""created_time"":""2026-04-27T22:46:02.032383Z"",""no_price_dollars"":""0.3400"",""taker_side"":""yes"",""ticker"":""KXETH15M-26APR271900-00"",""trade_id"":""8a1d34d6-b171-41c0-267e-e1be6141999f"",""yes_price_dollars"":""0.6600""}"
KXETH15M-26APR271900-00,4670b186-3b7c-46ef-2b0e-92078e943766,1777329962,0.64,1.0,yes,"{""count_fp"":""1.00"",""created_time"":""2026-04-27T22:46:02.032383Z"",""no_price_dollars"":""0.3600"",""taker_side"":""yes"",""ticker"":""KXETH15M-26APR271900-00"",""trade_id"":""4670b186-3b7c-46ef-2b0e-92078e943766"",""yes_price_dollars"":""0.6400""}"
KXETH15M-26APR271900-00,8069c6e0-9fce-6848-c781-e512effa2572,1777329964,0.67,10.0,yes,"{""count_fp"":""10.00"",""created_time"":""2026-04-27T22:46:04.682612Z"",""no_price_dollars"":""0.3300"",""taker_side"":""yes"",""ticker"":""KXETH15M-26APR271900-00"",""trade_id"":""8069c6e0-9fce-6848-c781-e512effa2572"",""yes_price_dollars"":""0.6700""}"
KXETH15M-26APR271900-00,6e6ae29b-1265-6e7b-fdf0-8c57e317a3e9,1777329964,0.68,39.14,yes,"{""count_fp"":""39.14"",""created_time"":""2026-04-27T22:46:04.682612Z"",""no_price_dollars"":""0.3200"",""taker_side"":""yes"",""ticker"":""KXETH15M-26APR271900-00"",""trade_id"":""6e6ae29b-1265-6e7b-fdf0-8c57e317a3e9"",""yes_price_dollars"":""0.6800""}"
KXETH15M-26APR271900-00,608fe040-a8c0-6d4b-d7ef-0bcc7d6797b4,1777329964,0.67,1.0,yes,"{""count_fp"":""1.00"",""created_time"":""2026-04-27T22:46:04.682612Z"",""no_price_dollars"":""0.3300"",""taker_side"":""yes"",""ticker"":""KXETH15M-26APR271900-00"",""trade_id"":""608fe040-a8c0-6d4b-d7ef-0bcc7d6797b4"",""yes_price_dollars"":""0.6700""}"
KXETH15M-26APR271900-00,e9c5496c-3f86-456a-195b-6a2777bdb714,1777329966,0.67,18.0,no,"{""count_fp"":""18.00"",""created_time"":""2026-04-27T22:46:06.465757Z"",""no_price_dollars"":""0.3300"",""taker_side"":""no"",""ticker"":""KXETH15M-26APR271900-00"",""trade_id"":""e9c5496c-3f86-456a-195b-6a2777bdb714"",""yes_price_dollars"":""0.6700""}"
KXETH15M-26APR271900-00,2dd99066-5d78-42fa-1f60-521920c0d96f,1777329966,0.67,3.0,no,"{""count_fp"":""3.00"",""created_time"":""2026-04-27T22:46:06.465757Z"",""no_price_dollars"":""0.3300"",""taker_side"":""no"",""ticker"":""KXETH15M-26APR271900-00"",""trade_id"":""2dd99066-5d78-42fa-1f60-521920c0d96f"",""yes_price_dollars"":""0.6700""}"
KXETH15M-26APR271900-00,b9739dd4-0c06-4331-b53b-c99f0366013a,1777329966,0.66,1.0,yes,"{""count_fp"":""1.00"",""created_time"":""2026-04-27T22:46:06.228529Z"",""no_price_dollars"":""0.3400"",""taker_side"":""yes"",""ticker"":""KXETH15M-26APR271900-00"",""trade_id"":""b9739dd4-0c06-4331-b53b-c99f0366013a"",""yes_price_dollars"":""0.6600""}"
KXETH15M-26APR271900-00,429f696e-6b7b-5acc-abcd-debeb17a71cf,1777329967,0.69,17.0,yes,"{""count_fp"":""17.00"",""created_time"":""2026-04-27T22:46:07.116559Z"",""no_price_dollars"":""0.3100"",""taker_side"":""yes"",""ticker"":""KXETH15M-26APR271900-00"",""trade_id"":""429f696e-6b7b-5acc-abcd-debeb17a71cf"",""yes_price_dollars"":""0.6900""}"
KXETH15M-26APR271900-00,28a5555d-4230-5fa9-af7f-5fff6b788cd4,1777329967,0.68,1.0,yes,"{""count_fp"":""1.00"",""created_time"":""2026-04-27T22:46:07.116559Z"",""no_price_dollars"":""0.3200"",""taker_side"":""yes"",""ticker"":""KXETH15M-26APR271900-00"",""trade_id"":""28a5555d-4230-5fa9-af7f-5fff6b788cd4"",""yes_price_dollars"":""0.6800""}"
KXETH15M-26APR271900-00,f8dd5dfe-9b3b-6138-515a-13c60582312f,1777329971,0.68,4.0,yes,"{""count_fp"":""4.00"",""created_time"":""2026-04-27T22:46:11.616301Z"",""no_price_dollars"":""0.3200"",""taker_side"":""yes"",""ticker"":""KXETH15M-26APR271900-00"",""trade_id"":""f8dd5dfe-9b3b-6138-515a-13c60582312f"",""yes_price_dollars"":""0.6800""}"
KXETH15M-26APR271900-00,caaf3aff-de7c-623e-568e-b438a451e267,1777329971,0.67,1.0,yes,"{""count_fp"":""1.00"",""created_time"":""2026-04-27T22:46:11.616301Z"",""no_price_dollars"":""0.3300"",""taker_side"":""yes"",""ticker"":""KXETH15M-26APR271900-00"",""trade_id"":""caaf3aff-de7c-623e-568e-b438a451e267"",""yes_price_dollars"":""0.6700""}"
KXETH15M-26APR271900-00,f7046e85-240e-6687-a9e6-b778be00957e,1777329973,0.66,3.0,no,"{""count_fp"":""3.00"",""created_time"":""2026-04-27T22:46:13.478566Z"",""no_price_dollars"":""0.3400"",""taker_side"":""no"",""ticker"":""KXETH15M-26APR271900-00"",""trade_id"":""f7046e85-240e-6687-a9e6-b778be00957e"",""yes_price_dollars"":""0.6600""}"
KXETH15M-26APR271900-00,e7960d48-c276-68a3-9715-789ea44497d2,1777329973,0.67,1.0,yes,"{""count_fp"":""1.00"",""created_time"":""2026-04-27T22:46:13.320321Z"",""no_price_dollars"":""0.3300"",""taker_side"":""yes"",""ticker"":""KXETH15M-26APR271900-00"",""trade_id"":""e7960d48-c276-68a3-9715-789ea44497d2"",""yes_price_dollars"":""0.6700""}"
KXETH15M-26APR271900-00,dc33bff3-1656-6b94-9191-bb73be26b98b,1777329973,0.67,10.0,yes,"{""count_fp"":""10.00"",""created_time"":""2026-04-27T22:46:13.320321Z"",""no_price_dollars"":""0.3300"",""taker_side"":""yes"",""ticker"":""KXETH15M-26APR271900-00"",""trade_id"":""dc33bff3-1656-6b94-9191-bb73be26b98b"",""yes_price_dollars"":""0.6700""}"
KXETH15M-26APR271900-00,031eb3e1-5604-6e26-9b88-373b58fc7a74,1777329973,0.67,10.58,yes,"{""count_fp"":""10.58"",""created_time"":""2026-04-27T22:46:13.320321Z"",""no_price_dollars"":""0.3300"",""taker_side"":""yes"",""ticker"":""KXETH15M-26APR271900-00"",""trade_id"":""031eb3e1-5604-6e26-9b88-373b58fc7a74"",""yes_price_dollars"":""0.6700""}"
KXETH15M-26APR271900-00,e6686ca5-6afb-7f30-786a-63f2759c05a8,1777329975,0.67,1.0,yes,"{""count_fp"":""1.00"",""created_time"":""2026-04-27T22:46:15.440615Z"",""no_price_dollars"":""0.3300"",""taker_side"":""yes"",""ticker"":""KXETH15M-26APR271900-00"",""trade_id"":""e6686ca5-6afb-7f30-786a-63f2759c05a8"",""yes_price_dollars"":""0.6700""}"
KXETH15M-26APR271900-00,2ff13cd1-c573-7490-4921-eda7edf577c3,1777329975,0.67,39.0,yes,"{""count_fp"":""39.00"",""created_time"":""2026-04-27T22:46:15.440615Z"",""no_price_dollars"":""0.3300"",""taker_side"":""yes"",""ticker"":""KXETH15M-26APR271900-00"",""trade_id"":""2ff13cd1-c573-7490-4921-eda7edf577c3"",""yes_price_dollars"":""0.6700""}"
KXETH15M-26APR271900-00,0178826e-a368-6d8f-a108-eaf13e43d021,1777329975,0.66,197.0,yes,"{""count_fp"":""197.00"",""created_time"":""2026-04-27T22:46:15.426608Z"",""no_price_dollars"":""0.3400"",""taker_side"":""yes"",""ticker"":""KXETH15M-26APR271900-00"",""trade_id"":""0178826e-a368-6d8f-a108-eaf13e43d021"",""yes_price_dollars"":""0.6600""}"
KXETH15M-26APR271900-00,bdcc589d-2ee4-740b-b38c-1be0d2f340f6,1777329979,0.7,596.0,yes,"{""count_fp"":""596.00"",""created_time"":""2026-04-27T22:46:19.955007Z"",""no_price_dollars"":""0.3000"",""taker_side"":""yes"",""ticker"":""KXETH15M-26APR271900-00"",""trade_id"":""bdcc589d-2ee4-740b-b38c-1be0d2f340f6"",""yes_price_dollars"":""0.7000""}"
KXETH15M-26APR271900-00,bd04edc3-8d92-7e3f-bf61-a686feea696b,1777329979,0.69,100.0,yes,"{""count_fp"":""100.00"",""created_time"":""2026-04-27T22:46:19.955007Z"",""no_price_dollars"":""0.3100"",""taker_side"":""yes"",""ticker"":""KXETH15M-26APR271900-00"",""trade_id"":""bd04edc3-8d92-7e3f-bf61-a686feea696b"",""yes_price_dollars"":""0.6900""}"
KXETH15M-26APR271900-00,2c5a39f6-dc59-7eb6-953b-2d60b7671f69,1777329979,0.71,50.0,yes,"{""count_fp"":""50.00"",""created_time"":""2026-04-27T22:46:19.955007Z"",""no_price_dollars"":""0.2900"",""taker_side"":""yes"",""ticker"":""KXETH15M-26APR271900-00"",""trade_id"":""2c5a39f6-dc59-7eb6-953b-2d60b7671f69"",""yes_price_dollars"":""0.7100""}"
KXETH15M-26APR271900-00,bcc49ba0-96f5-6d80-3eac-fe2202e62aee,1777329979,0.66,10.0,yes,"{""count_fp"":""10.00"",""created_time"":""2026-04-27T22:46:19.951815Z"",""no_price_dollars"":""0.3400"",""taker_side"":""yes"",""ticker"":""KXETH15M-26APR271900-00"",""trade_id"":""bcc49ba0-96f5-6d80-3eac-fe2202e62aee"",""yes_price_dollars"":""0.6600""}"
KXETH15M-26APR271900-00,71fb4069-7aca-68e9-2a1b-9801d29a4cef,1777329979,0.66,1.0,yes,"{""count_fp"":""1.00"",""created_time"":""2026-04-27T22:46:19.951815Z"",""no_price_dollars"":""0.3400"",""taker_side"":""yes"",""ticker"":""KXETH15M-26APR271900-00"",""trade_id"":""71fb4069-7aca-68e9-2a1b-9801d29a4cef"",""yes_price_dollars"":""0.6600""}"
KXETH15M-26APR271900-00,001427ae-324a-6244-0aaf-89c690fbfd97,1777329979,0.68,60.0,yes,"{""count_fp"":""60.00"",""created_time"":""2026-04-27T22:46:19.951815Z"",""no_price_dollars"":""0.3200"",""taker_side"":""yes"",""ticker"":""KXETH15M-26APR271900-00"",""trade_id"":""001427ae-324a-6244-0aaf-89c690fbfd97"",""yes_price_dollars"":""0.6800""}"
KXETH15M-26APR271900-00,cab1ba17-646b-760f-03d6-112517101244,1777329980,0.72,5.0,no,"{""count_fp"":""5.00"",""created_time"":""2026-04-27T22:46:20.228392Z"",""no_price_dollars"":""0.2800"",""taker_side"":""no"",""ticker"":""KXETH15M-26APR271900-00"",""trade_id"":""cab1ba17-646b-760f-03d6-112517101244"",""yes_price_dollars"":""0.7200""}"
KXETH15M-26APR271900-00,c638ae46-b8be-6c5e-ab30-dc6420ce4403,1777329988,0.76,5.0,yes,"{""count_fp"":""5.00"",""created_time"":""2026-04-27T22:46:28.926722Z"",""no_price_dollars"":""0.2400"",""taker_side"":""yes"",""ticker"":""KXETH15M-26APR271900-00"",""trade_id"":""c638ae46-b8be-6c5e-ab30-dc6420ce4403"",""yes_price_dollars"":""0.7600""}"
KXETH15M-26APR271900-00,9b3dff77-75d1-6e5a-b50d-dade3561a337,1777329988,0.78,14.0,yes,"{""count_fp"":""14.00"",""created_time"":""2026-04-27T22:46:28.926722Z"",""no_price_dollars"":""0.2200"",""taker_side"":""yes"",""ticker"":""KXETH15M-26APR271900-00"",""trade_id"":""9b3dff77-75d1-6e5a-b50d-dade3561a337"",""yes_price_dollars"":""0.7800""}"
KXETH15M-26APR271900-00,0543139b-49c0-6419-afad-fc38e20c56de,1777329988,0.75,1.0,yes,"{""count_fp"":""1.00"",""created_time"":""2026-04-27T22:46:28.926722Z"",""no_price_dollars"":""0.2500"",""taker_side"":""yes"",""ticker"":""KXETH15M-26APR271900-00"",""trade_id"":""0543139b-49c0-6419-afad-fc38e20c56de"",""yes_price_dollars"":""0.7500""}"
KXETH15M-26APR271900-00,da5a3930-adc5-5286-e7cf-93a2b596c558,1777329991,0.77,1.0,no,"{""count_fp"":""1.00"",""created_time"":""2026-04-27T22:46:31.256583Z"",""no_price_dollars"":""0.2300"",""taker_side"":""no"",""ticker"":""KXETH15M-26APR271900-00"",""trade_id"":""da5a3930-adc5-5286-e7cf-93a2b596c558"",""yes_price_dollars"":""0.7700""}"
KXETH15M-26APR271900-00,b27a1295-df4f-51fb-e108-17a86cfea77e,1777329991,0.75,2.65,no,"{""count_fp"":""2.65"",""created_time"":""2026-04-27T22:46:31.256583Z"",""no_price_dollars"":""0.2500"",""taker_side"":""no"",""ticker"":""KXETH15M-26APR271900-00"",""trade_id"":""b27a1295-df4f-51fb-e108-17a86cfea77e"",""yes_price_dollars"":""0.7500""}"
KXETH15M-26APR271900-00,d820d109-9d03-7fe3-2790-1e17ec97e869,1777329994,0.77,1.0,no,"{""count_fp"":""1.00"",""created_time"":""2026-04-27T22:46:34.035313Z"",""no_price_dollars"":""0.2300"",""taker_side"":""no"",""ticker"":""KXETH15M-26APR271900-00"",""trade_id"":""d820d109-9d03-7fe3-2790-1e17ec97e869"",""yes_price_dollars"":""0.7700""}"
KXETH15M-26APR271900-00,5fdb3c70-5cff-5668-6634-6404afffd649,1777329998,0.76,11.13,no,"{""count_fp"":""11.13"",""created_time"":""2026-04-27T22:46:38.833771Z"",""no_price_dollars"":""0.2400"",""taker_side"":""no"",""ticker"":""KXETH15M-26APR271900-00"",""trade_id"":""5fdb3c70-5cff-5668-6634-6404afffd649"",""yes_price_dollars"":""0.7600""}"
KXETH15M-26APR271900-00,4c8789fc-498b-53cf-5b3b-0c8d5486dd04,1777329998,0.75,15.19,no,"{""count_fp"":""15.19"",""created_time"":""2026-04-27T22:46:38.833771Z"",""no_price_dollars"":""0.2500"",""taker_side"":""no"",""ticker"":""KXETH15M-26APR271900-00"",""trade_id"":""4c8789fc-498b-53cf-5b3b-0c8d5486dd04"",""yes_price_dollars"":""0.7500""}"
KXETH15M-26APR271900-00,2a309548-fb2b-5c80-66aa-423e8aa6e23d,1777329998,0.76,1.0,no,"{""count_fp"":""1.00"",""created_time"":""2026-04-27T22:46:38.833771Z"",""no_price_dollars"":""0.2400"",""taker_side"":""no"",""ticker"":""KXETH15M-26APR271900-00"",""trade_id"":""2a309548-fb2b-5c80-66aa-423e8aa6e23d"",""yes_price_dollars"":""0.7600""}"
KXETH15M-26APR271900-00,b8f7cd57-050b-7d5f-0c6e-7d8bfdb2d79c,1777330000,0.75,186.87,no,"{""count_fp"":""186.87"",""created_time"":""2026-04-27T22:46:40.478588Z"",""no_price_dollars"":""0.2500"",""taker_side"":""no"",""ticker"":""KXETH15M-26APR271900-00"",""trade_id"":""b8f7cd57-050b-7d5f-0c6e-7d8bfdb2d79c"",""yes_price_dollars"":""0.7500""}"
KXETH15M-26APR271900-00,3a10d289-4075-7258-0d7f-2126b3821866,1777330000,0.76,11.13,no,"{""count_fp"":""11.13"",""created_time"":""2026-04-27T22:46:40.478588Z"",""no_price_dollars"":""0.2400"",""taker_side"":""no"",""ticker"":""KXETH15M-26APR271900-00"",""trade_id"":""3a10d289-4075-7258-0d7f-2126b3821866"",""yes_price_dollars"":""0.7600""}"
KXETH15M-26APR271900-00,30c9e351-b43a-73c3-0748-edad0d9af625,1777330000,0.76,1.0,no,"{""count_fp"":""1.00"",""created_time"":""2026-04-27T22:46:40.478588Z"",""no_price_dollars"":""0.2400"",""taker_side"":""no"",""ticker"":""KXETH15M-26APR271900-00"",""trade_id"":""30c9e351-b43a-73c3-0748-edad0d9af625"",""yes_price_dollars"":""0.7600""}"
KXETH15M-26APR271900-00,0ab4f22f-3a97-5f03-82ea-b1d3367aca70,1777330001,0.76,11.86,no,"{""count_fp"":""11.86"",""created_time"":""2026-04-27T22:46:41.764362Z"",""no_price_dollars"":""0.2400"",""taker_side"":""no"",""ticker"":""KXETH15M-26APR271900-00"",""trade_id"":""0ab4f22f-3a97-5f03-82ea-b1d3367aca70"",""yes_price_dollars"":""0.7600""}"
KXETH15M-26APR271900-00,3b52e58c-6e47-4da2-4762-3f0ca6eb191f,1777330003,0.75,1.0,yes,"{""count_fp"":""1.00"",""created_time"":""2026-04-27T22:46:43.067046Z"",""no_price_dollars"":""0.2500"",""taker_side"":""yes"",""ticker"":""KXETH15M-26APR271900-00"",""trade_id"":""3b52e58c-6e47-4da2-4762-3f0ca6eb191f"",""yes_price_dollars"":""0.7500""}"
KXETH15M-26APR271900-00,b914ecab-8f82-5605-53e8-d4e3c868b17a,1777330008,0.74,1.0,yes,"{""count_fp"":""1.00"",""created_time"":""2026-04-27T22:46:48.812505Z"",""no_price_dollars"":""0.2600"",""taker_side"":""yes"",""ticker"":""KXETH15M-26APR271900-00"",""trade_id"":""b914ecab-8f82-5605-53e8-d4e3c868b17a"",""yes_price_dollars"":""0.7400""}"
KXETH15M-26APR271900-00,4f91780c-8b1f-474d-fef2-0626aed6556f,1777330009,0.74,0.79,yes,"{""count_fp"":""0.79"",""created_time"":""2026-04-27T22:46:49.620119Z"",""no_price_dollars"":""0.2600"",""taker_side"":""yes"",""ticker"":""KXETH15M-26APR271900-00"",""trade_id"":""4f91780c-8b1f-474d-fef2-0626aed6556f"",""yes_price_dollars"":""0.7400""}"
KXETH15M-26APR271900-00,675f5650-5981-4ac4-57b7-09de70c4711f,1777330020,0.75,1.0,yes,"{""count_fp"":""1.00"",""created_time"":""2026-04-27T22:47:00.448934Z"",""no_price_dollars"":""0.2500"",""taker_side"":""yes"",""ticker"":""KXETH15M-26APR271900-00"",""trade_id"":""675f5650-5981-4ac4-57b7-09de70c4711f"",""yes_price_dollars"":""0.7500""}"
KXETH15M-26APR271900-00,ff222984-e63b-7a91-5498-43a923964965,1777330024,0.74,1.0,no,"{""count_fp"":""1.00"",""created_time"":""2026-04-27T22:47:04.101911Z"",""no_price_dollars"":""0.2600"",""taker_side"":""no"",""ticker"":""KXETH15M-26APR271900-00"",""trade_id"":""ff222984-e63b-7a91-5498-43a923964965"",""yes_price_dollars"":""0.7400""}"
KXETH15M-26APR271900-00,621bdc8f-9b3b-7987-7edf-d4ba91f4ee6a,1777330024,0.74,1.11,no,"{""count_fp"":""1.11"",""created_time"":""2026-04-27T22:47:04.101911Z"",""no_price_dollars"":""0.2600"",""taker_side"":""no"",""ticker"":""KXETH15M-26APR271900-00"",""trade_id"":""621bdc8f-9b3b-7987-7edf-d4ba91f4ee6a"",""yes_price_dollars"":""0.7400""}"
KXETH15M-26APR271900-00,1ade1868-aa7a-7eb4-6b51-61c5341f37e2,1777330028,0.78,1.0,no,"{""count_fp"":""1.00"",""created_time"":""2026-04-27T22:47:08.806272Z"",""no_price_dollars"":""0.2200"",""taker_side"":""no"",""ticker"":""KXETH15M-26APR271900-00"",""trade_id"":""1ade1868-aa7a-7eb4-6b51-61c5341f37e2"",""yes_price_dollars"":""0.7800""}"
KXETH15M-26APR271900-00,0133d53e-25b3-7a1b-4f0f-cdae43cd4a26,1777330028,0.76,2.8,no,"{""count_fp"":""2.80"",""created_time"":""2026-04-27T22:47:08.806272Z"",""no_price_dollars"":""0.2400"",""taker_side"":""no"",""ticker"":""KXETH15M-26APR271900-00"",""trade_id"":""0133d53e-25b3-7a1b-4f0f-cdae43cd4a26"",""yes_price_dollars"":""0.7600""}"
KXETH15M-26APR271900-00,de4a3a29-b5d4-7a8c-744c-92cf2abfd276,1777330029,0.76,1.0,no,"{""count_fp"":""1.00"",""created_time"":""2026-04-27T22:47:09.597506Z"",""no_price_dollars"":""0.2400"",""taker_side"":""no"",""ticker"":""KXETH15M-26APR271900-00"",""trade_id"":""de4a3a29-b5d4-7a8c-744c-92cf2abfd276"",""yes_price_dollars"":""0.7600""}"
KXETH15M-26APR271900-00,ad1ecc5e-6eda-7b0a-486a-b6018b1f71b3,1777330029,0.75,0.34,no,"{""count_fp"":""0.34"",""created_time"":""2026-04-27T22:47:09.597506Z"",""no_price_dollars"":""0.2500"",""taker_side"":""no"",""ticker"":""KXETH15M-26APR271900-00"",""trade_id"":""ad1ecc5e-6eda-7b0a-486a-b6018b1f71b3"",""yes_price_dollars"":""0.7500""}"
KXETH15M-26APR271900-00,c41a4f02-800f-4e99-6ba7-129be808e5f7,1777330032,0.75,1.0,yes,"{""count_fp"":""1.00"",""created_time"":""2026-04-27T22:47:12.239805Z"",""no_price_dollars"":""0.2500"",""taker_side"":""yes"",""ticker"":""KXETH15M-26APR271900-00"",""trade_id"":""c41a4f02-800f-4e99-6ba7-129be808e5f7"",""yes_price_dollars"":""0.7500""}"
KXETH15M-26APR271900-00,f31bc028-4f27-7acd-93c5-b556ecff43b3,1777330039,0.73,122.71,yes,"{""count_fp"":""122.71"",""created_time"":""2026-04-27T22:47:19.432751Z"",""no_price_dollars"":""0.2700"",""taker_side"":""yes"",""ticker"":""KXETH15M-26APR271900-00"",""trade_id"":""f31bc028-4f27-7acd-93c5-b556ecff43b3"",""yes_price_dollars"":""0.7300""}"
KXETH15M-26APR271900-00,3f9f50d5-612c-7d08-b3e8-bc9a03a13316,1777330039,0.73,10.0,yes,"{""count_fp"":""10.00"",""created_time"":""2026-04-27T22:47:19.432751Z"",""no_price_dollars"":""0.2700"",""taker_side"":""yes"",""ticker"":""KXETH15M-26APR271900-00"",""trade_id"":""3f9f50d5-612c-7d08-b3e8-bc9a03a13316"",""yes_price_dollars"":""0.7300""}"
KXETH15M-26APR271900-00,ef62c2b5-de64-7cdb-cf18-f1822f8032b4,1777330041,0.75,1.0,no,"{""count_fp"":""1.00"",""created_time"":""2026-04-27T22:47:21.878017Z"",""no_price_dollars"":""0.2500"",""taker_side"":""no"",""ticker"":""KXETH15M-26APR271900-00"",""trade_id"":""ef62c2b5-de64-7cdb-cf18-f1822f8032b4"",""yes_price_dollars"":""0.7500""}"
KXETH15M-26APR271900-00,ecfbcd9c-18f5-79ff-e2c7-daddb88bcd45,1777330041,0.76,5.0,no,"{""count_fp"":""5.00"",""created_time"":""2026-04-27T22:47:21.878017Z"",""no_price_dollars"":""0.2400"",""taker_side"":""no"",""ticker"":""KXETH15M-26APR271900-00"",""trade_id"":""ecfbcd9c-18f5-79ff-e2c7-daddb88bcd45"",""yes_price_dollars"":""0.7600""}"
KXETH15M-26APR271900-00,287a7e95-baf2-7bd5-fafb-40030dad10db,1777330041,0.74,12.29,no,"{""count_fp"":""12.29"",""created_time"":""2026-04-27T22:47:21.878017Z"",""no_price_dollars"":""0.2600"",""taker_side"":""no"",""ticker"":""KXETH15M-26APR271900-00"",""trade_id"":""287a7e95-baf2-7bd5-fafb-40030dad10db"",""yes_price_dollars"":""0.7400""}"
KXETH15M-26APR271900-00,65f8f610-ef37-5024-9d52-91ad5cc35fef,1777330042,0.74,10.0,yes,"{""count_fp"":""10.00"",""created_time"":""2026-04-27T22:47:22.131069Z"",""no_price_dollars"":""0.2600"",""taker_side"":""yes"",""ticker"":""KXETH15M-26APR271900-00"",""trade_id"":""65f8f610-ef37-5024-9d52-91ad5cc35fef"",""yes_price_dollars"":""0.7400""}"
KXETH15M-26APR271900-00,f2aba15a-1fbd-7a62-972d-2527594d4869,1777330049,0.78,1.0,yes,"{""count_fp"":""1.00"",""created_time"":""2026-04-27T22:47:29.904406Z"",""no_price_dollars"":""0.2200"",""taker_side"":""yes"",""ticker"":""KXETH15M-26APR271900-00"",""trade_id"":""f2aba15a-1fbd-7a62-972d-2527594d4869"",""yes_price_dollars"":""0.7800""}"
KXETH15M-26APR271900-00,8c0250a6-3750-7ac4-bdfc-64125acc8094,1777330049,0.79,5.23,yes,"{""count_fp"":""5.23"",""created_time"":""2026-04-27T22:47:29.904406Z"",""no_price_dollars"":""0.2100"",""taker_side"":""yes"",""ticker"":""KXETH15M-26APR271900-00"",""trade_id"":""8c0250a6-3750-7ac4-bdfc-64125acc8094"",""yes_price_dollars"":""0.7900""}"
KXETH15M-26APR271900-00,e04104e9-83f6-602b-8a1a-05d51808ae85,1777330054,0.76,30.17,no,"{""count_fp"":""30.17"",""created_time"":""2026-04-27T22:47:34.952497Z"",""no_price_dollars"":""0.2400"",""taker_side"":""no"",""ticker"":""KXETH15M-26APR271900-00"",""trade_id"":""e04104e9-83f6-602b-8a1a-05d51808ae85"",""yes_price_dollars"":""0.7600""}"
KXETH15M-26APR271900-00,c574e2d3-2772-7cf3-71bd-596ca2b630fd,1777330055,0.76,14.79,no,"{""count_fp"":""14.79"",""created_time"":""2026-04-27T22:47:35.409669Z"",""no_price_dollars"":""0.2400"",""taker_side"":""no"",""ticker"":""KXETH15M-26APR271900-00"",""trade_id"":""c574e2d3-2772-7cf3-71bd-596ca2b630fd"",""yes_price_dollars"":""0.7600""}"
KXETH15M-26APR271900-00,3b42ff23-84ea-5d47-7bd7-22728268c119,1777330055,0.76,4.0,no,"{""count_fp"":""4.00"",""created_time"":""2026-04-27T22:47:35.109205Z"",""no_price_dollars"":""0.2400"",""taker_side"":""no"",""ticker"":""KXETH15M-26APR271900-00"",""trade_id"":""3b42ff23-84ea-5d47-7bd7-22728268c119"",""yes_price_dollars"":""0.7600""}"
KXETH15M-26APR271900-00,645ee485-5b2b-619c-4bc3-9fca3603a8a0,1777330057,0.79,1.0,yes,"{""count_fp"":""1.00"",""created_time"":""2026-04-27T22:47:37.608245Z"",""no_price_dollars"":""0.2100"",""taker_side"":""yes"",""ticker"":""KXETH15M-26APR271900-00"",""trade_id"":""645ee485-5b2b-619c-4bc3-9fca3603a8a0"",""yes_price_dollars"":""0.7900""}"
KXETH15M-26APR271900-00,21d163af-2c93-46a9-e0da-3bfd55f824a3,1777330064,0.72,14.0,yes,"{""count_fp"":""14.00"",""created_time"":""2026-04-27T22:47:44.110867Z"",""no_price_dollars"":""0.2800"",""taker_side"":""yes"",""ticker"":""KXETH15M-26APR271900-00"",""trade_id"":""21d163af-2c93-46a9-e0da-3bfd55f824a3"",""yes_price_dollars"":""0.7200""}"
KXETH15M-26APR271900-00,131fbd20-236e-407c-e8f1-e68ff0ecc0df,1777330064,0.72,1.0,yes,"{""count_fp"":""1.00"",""created_time"":""2026-04-27T22:47:44.110867Z"",""no_price_dollars"":""0.2800"",""taker_side"":""yes"",""ticker"":""KXETH15M-26APR271900-00"",""trade_id"":""131fbd20-236e-407c-e8f1-e68ff0ecc0df"",""yes_price_dollars"":""0.7200""}"
KXETH15M-26APR271900-00,7f08029a-5463-6645-6d4c-43bd42785a33,1777330069,0.72,14.0,yes,"{""count_fp"":""14.00"",""created_time"":""2026-04-27T22:47:49.112755Z"",""no_price_dollars"":""0.2800"",""taker_side"":""yes"",""ticker"":""KXETH15M-26APR271900-00"",""trade_id"":""7f08029a-5463-6645-6d4c-43bd42785a33"",""yes_price_dollars"":""0.7200""}"
KXETH15M-26APR271900-00,6e21b3b2-626f-7e4d-8c6f-3900b0aa5b2f,1777330072,0.72,1.36,yes,"{""count_fp"":""1.36"",""created_time"":""2026-04-27T22:47:52.552109Z"",""no_price_dollars"":""0.2800"",""taker_side"":""yes"",""ticker"":""KXETH15M-26APR271900-00"",""trade_id"":""6e21b3b2-626f-7e4d-8c6f-3900b0aa5b2f"",""yes_price_dollars"":""0.7200""}"
KXETH15M-26APR271900-00,87b08975-8e17-680d-3008-435eb07f0c3b,1777330075,0.72,1.0,yes,"{""count_fp"":""1.00"",""created_time"":""2026-04-27T22:47:55.813302Z"",""no_price_dollars"":""0.2800"",""taker_side"":""yes"",""ticker"":""KXETH15M-26APR271900-00"",""trade_id"":""87b08975-8e17-680d-3008-435eb07f0c3b"",""yes_price_dollars"":""0.7200""}"
KXETH15M-26APR271900-00,e708c6ea-ea77-5903-4afa-5b3fa70eb5b2,1777330076,0.68,4.12,no,"{""count_fp"":""4.12"",""created_time"":""2026-04-27T22:47:56.666209Z"",""no_price_dollars"":""0.3200"",""taker_side"":""no"",""ticker"":""KXETH15M-26APR271900-00"",""trade_id"":""e708c6ea-ea77-5903-4afa-5b3fa70eb5b2"",""yes_price_dollars"":""0.6800""}"
KXETH15M-26APR271900-00,a1ad0278-ef59-5075-4893-8eb89cc853ec,1777330076,0.69,10.0,no,"{""count_fp"":""10.00"",""created_time"":""2026-04-27T22:47:56.666209Z"",""no_price_dollars"":""0.3100"",""taker_side"":""no"",""ticker"":""KXETH15M-26APR271900-00"",""trade_id"":""a1ad0278-ef59-5075-4893-8eb89cc853ec"",""yes_price_dollars"":""0.6900""}"
KXETH15M-26APR271900-00,562c4c78-729a-57ba-78cd-519b82824279,1777330076,0.68,1.0,no,"{""count_fp"":""1.00"",""created_time"":""2026-04-27T22:47:56.666209Z"",""no_price_dollars"":""0.3200"",""taker_side"":""no"",""ticker"":""KXETH15M-26APR271900-00"",""trade_id"":""562c4c78-729a-57ba-78cd-519b82824279"",""yes_price_dollars"":""0.6800""}"
KXETH15M-26APR271900-00,a89ba101-9623-6927-79dd-eee357603b36,1777330079,0.68,71.6,no,"{""count_fp"":""71.60"",""created_time"":""2026-04-27T22:47:59.679118Z"",""no_price_dollars"":""0.3200"",""taker_side"":""no"",""ticker"":""KXETH15M-26APR271900-00"",""trade_id"":""a89ba101-9623-6927-79dd-eee357603b36"",""yes_price_dollars"":""0.6800""}"
KXETH15M-26APR271900-00,fcb7c649-44d7-7e0d-e30c-a66084945768,1777330079,0.69,10.0,no,"{""count_fp"":""10.00"",""created_time"":""2026-04-27T22:47:59.559162Z"",""no_price_dollars"":""0.3100"",""taker_side"":""no"",""ticker"":""KXETH15M-26APR271900-00"",""trade_id"":""fcb7c649-44d7-7e0d-e30c-a66084945768"",""yes_price_dollars"":""0.6900""}"
KXETH15M-26APR271900-00,41ccaec7-feb0-78df-e684-4a65e6a8ae95,1777330079,0.69,1.0,no,"{""count_fp"":""1.00"",""created_time"":""2026-04-27T22:47:59.559162Z"",""no_price_dollars"":""0.3100"",""taker_side"":""no"",""ticker"":""KXETH15M-26APR271900-00"",""trade_id"":""41ccaec7-feb0-78df-e684-4a65e6a8ae95"",""yes_price_dollars"":""0.6900""}"
KXETH15M-26APR271900-00,159bde5c-6eff-7563-e8cf-aeb38c34aa6a,1777330079,0.68,4.26,no,"{""count_fp"":""4.26"",""created_time"":""2026-04-27T22:47:59.559162Z"",""no_price_dollars"":""0.3200"",""taker_side"":""no"",""ticker"":""KXETH15M-26APR271900-00"",""trade_id"":""159bde5c-6eff-7563-e8cf-aeb38c34aa6a"",""yes_price_dollars"":""0.6800""}"
KXETH15M-26APR271900-00,3135c565-b957-69a1-cdec-35304aa75caf,1777330080,0.72,15.0,yes,"{""count_fp"":""15.00"",""created_time"":""2026-04-27T22:48:00.901392Z"",""no_price_dollars"":""0.2800"",""taker_side"":""yes"",""ticker"":""KXETH15M-26APR271900-00"",""trade_id"":""3135c565-b957-69a1-cdec-35304aa75caf"",""yes_price_dollars"":""0.7200""}"
KXETH15M-26APR271900-00,a5b5f00d-6e13-7fe1-c377-532c2b80bc73,1777330080,0.72,2.0,yes,"{""count_fp"":""2.00"",""created_time"":""2026-04-27T22:48:00.360923Z"",""no_price_dollars"":""0.2800"",""taker_side"":""yes"",""ticker"":""KXETH15M-26APR271900-00"",""trade_id"":""a5b5f00d-6e13-7fe1-c377-532c2b80bc73"",""yes_price_dollars"":""0.7200""}"
KXETH15M-26APR271900-00,e1267bc4-4f8e-6f2d-9a69-d70c87a7345e,1777330080,0.69,1.0,no,"{""count_fp"":""1.00"",""created_time"":""2026-04-27T22:48:00.160945Z"",""no_price_dollars"":""0.3100"",""taker_side"":""no"",""ticker"":""KXETH15M-26APR271900-00"",""trade_id"":""e1267bc4-4f8e-6f2d-9a69-d70c87a7345e"",""yes_price_dollars"":""0.6900""}"
KXETH15M-26APR271900-00,be2ad10e-2639-6031-a3b5-c0b2b22f2e75,1777330080,0.68,4.98,no,"{""count_fp"":""4.98"",""created_time"":""2026-04-27T22:48:00.160945Z"",""no_price_dollars"":""0.3200"",""taker_side"":""no"",""ticker"":""KXETH15M-26APR271900-00"",""trade_id"":""be2ad10e-2639-6031-a3b5-c0b2b22f2e75"",""yes_price_dollars"":""0.6800""}"
KXETH15M-26APR271900-00,36d30a80-cf5e-711b-03fa-68ff919ce010,1777330081,0.7,2.07,no,"{""count_fp"":""2.07"",""created_time"":""2026-04-27T22:48:01.612268Z"",""no_price_dollars"":""0.3000"",""taker_side"":""no"",""ticker"":""KXETH15M-26APR271900-00"",""trade_id"":""36d30a80-cf5e-711b-03fa-68ff919ce010"",""yes_price_dollars"":""0.7000""}"
KXETH15M-26APR271900-00,02f24f3f-1750-7fb8-0279-3796762c2e3f,1777330081,0.71,1.0,no,"{""count_fp"":""1.00"",""created_time"":""2026-04-27T22:48:01.612268Z"",""no_price_dollars"":""0.2900"",""taker_side"":""no"",""ticker"":""KXETH15M-26APR271900-00"",""trade_id"":""02f24f3f-1750-7fb8-0279-3796762c2e3f"",""yes_price_dollars"":""0.7100""}"
KXETH15M-26APR271900-00,c8dde112-efa2-5797-1365-a7cb73d765b7,1777330081,0.71,1.0,no,"{""count_fp"":""1.00"",""created_time"":""2026-04-27T22:48:01.353306Z"",""no_price_dollars"":""0.2900"",""taker_side"":""no"",""ticker"":""KXETH15M-26APR271900-00"",""trade_id"":""c8dde112-efa2-5797-1365-a7cb73d765b7"",""yes_price_dollars"":""0.7100""}"
KXETH15M-26APR271900-00,9fc2aac9-6192-5443-2d8b-bcfa735aec28,1777330081,0.71,7.0,no,"{""count_fp"":""7.00"",""created_time"":""2026-04-27T22:48:01.353306Z"",""no_price_dollars"":""0.2900"",""taker_side"":""no"",""ticker"":""KXETH15M-26APR271900-00"",""trade_id"":""9fc2aac9-6192-5443-2d8b-bcfa735aec28"",""yes_price_dollars"":""0.7100""}"
KXETH15M-26APR271900-00,9da353f9-2d3f-6c41-9bae-fdf65a3f5a0f,1777330081,0.72,38.0,yes,"{""count_fp"":""38.00"",""created_time"":""2026-04-27T22:48:01.096694Z"",""no_price_dollars"":""0.2800"",""taker_side"":""yes"",""ticker"":""KXETH15M-26APR271900-00"",""trade_id"":""9da353f9-2d3f-6c41-9bae-fdf65a3f5a0f"",""yes_price_dollars"":""0.7200""}"
KXETH15M-26APR271900-00,3f2be7b3-50f6-7a07-1fc2-b2595ecb7976,1777330082,0.71,1.0,no,"{""count_fp"":""1.00"",""created_time"":""2026-04-27T22:48:02.951974Z"",""no_price_dollars"":""0.2900"",""taker_side"":""no"",""ticker"":""KXETH15M-26APR271900-00"",""trade_id"":""3f2be7b3-50f6-7a07-1fc2-b2595ecb7976"",""yes_price_dollars"":""0.7100""}"
KXETH15M-26APR271900-00,3b26d8ce-b779-77ed-33a0-e5f253226179,1777330082,0.7,29.81,no,"{""count_fp"":""29.81"",""created_time"":""2026-04-27T22:48:02.951974Z"",""no_price_dollars"":""0.3000"",""taker_side"":""no"",""ticker"":""KXETH15M-26APR271900-00"",""trade_id"":""3b26d8ce-b779-77ed-33a0-e5f253226179"",""yes_price_dollars"":""0.7000""}"
KXETH15M-26APR271900-00,4fc842e3-0feb-59b1-5ec6-a5bda733a543,1777330082,0.72,29.0,yes,"{""count_fp"":""29.00"",""created_time"":""2026-04-27T22:48:02.138832Z"",""no_price_dollars"":""0.2800"",""taker_side"":""yes"",""ticker"":""KXETH15M-26APR271900-00"",""trade_id"":""4fc842e3-0feb-59b1-5ec6-a5bda733a543"",""yes_price_dollars"":""0.7200""}"
KXETH15M-26APR271900-00,6f9106b9-8a11-4256-065e-bc0515601822,1777330088,0.72,1.0,yes,"{""count_fp"":""1.00"",""created_time"":""2026-04-27T22:48:08.270127Z"",""no_price_dollars"":""0.2800"",""taker_side"":""yes"",""ticker"":""KXETH15M-26APR271900-00"",""trade_id"":""6f9106b9-8a11-4256-065e-bc0515601822"",""yes_price_dollars"":""0.7200""}"
KXETH15M-26APR271900-00,457d8f2d-1726-4cdf-1cd1-f8da50a90545,1777330088,0.73,5.55,yes,"{""count_fp"":""5.55"",""created_time"":""2026-04-27T22:48:08.270127Z"",""no_price_dollars"":""0.2700"",""taker_side"":""yes"",""ticker"":""KXETH15M-26APR271900-00"",""trade_id"":""457d8f2d-1726-4cdf-1cd1-f8da50a90545"",""yes_price_dollars"":""0.7300""}"
KXETH15M-26APR271900-00,911e747f-75dd-525a-6e78-57c5a3ad8f79,1777330093,0.71,10.0,no,"{""count_fp"":""10.00"",""created_time"":""2026-04-27T22:48:13.995188Z"",""no_price_dollars"":""0.2900"",""taker_side"":""no"",""ticker"":""KXETH15M-26APR271900-00"",""trade_id"":""911e747f-75dd-525a-6e78-57c5a3ad8f79"",""yes_price_dollars"":""0.7100""}"
KXETH15M-26APR271900-00,df40e299-e653-6090-a6f1-cf29d89497b9,1777330095,0.7,1.0,yes,"{""count_fp"":""1.00"",""created_time"":""2026-04-27T22:48:15.915142Z"",""no_price_dollars"":""0.3000"",""taker_side"":""yes"",""ticker"":""KXETH15M-26APR271900-00"",""trade_id"":""df40e299-e653-6090-a6f1-cf29d89497b9"",""yes_price_dollars"":""0.7000""}"
KXETH15M-26APR271900-00,123e0d91-869c-6ade-ab07-d473db61d7e3,1777330095,0.71,2.8,yes,"{""count_fp"":""2.80"",""created_time"":""2026-04-27T22:48:15.915142Z"",""no_price_dollars"":""0.2900"",""taker_side"":""yes"",""ticker"":""KXETH15M-26APR271900-00"",""trade_id"":""123e0d91-869c-6ade-ab07-d473db61d7e3"",""yes_price_dollars"":""0.7100""}"
KXETH15M-26APR271900-00,c8d8b91d-f618-5b79-8482-b1fb1b2dff04,1777330097,0.7,1.0,yes,"{""count_fp"":""1.00"",""created_time"":""2026-04-27T22:48:17.117376Z"",""no_price_dollars"":""0.3000"",""taker_side"":""yes"",""ticker"":""KXETH15M-26APR271900-00"",""trade_id"":""c8d8b91d-f618-5b79-8482-b1fb1b2dff04"",""yes_price_dollars"":""0.7000""}"
KXETH15M-26APR271900-00,4a9d0c81-fac5-526d-9e74-c2a95497de9a,1777330097,0.7,10.33,yes,"{""count_fp"":""10.33"",""created_time"":""2026-04-27T22:48:17.117376Z"",""no_price_dollars"":""0.3000"",""taker_side"":""yes"",""ticker"":""KXETH15M-26APR271900-00"",""trade_id"":""4a9d0c81-fac5-526d-9e74-c2a95497de9a"",""yes_price_dollars"":""0.7000""}"
KXETH15M-26APR271900-00,340f7302-6247-57f1-bd3e-971a092a2e6b,1777330097,0.71,12.67,yes,"{""count_fp"":""12.67"",""created_time"":""2026-04-27T22:48:17.117376Z"",""no_price_dollars"":""0.2900"",""taker_side"":""yes"",""ticker"":""KXETH15M-26APR271900-00"",""trade_id"":""340f7302-6247-57f1-bd3e-971a092a2e6b"",""yes_price_dollars"":""0.7100""}"
KXETH15M-26APR271900-00,a1635782-f4a0-69a9-9876-1ae91407f580,1777330099,0.69,3.56,yes,"{""count_fp"":""3.56"",""created_time"":""2026-04-27T22:48:19.992688Z"",""no_price_dollars"":""0.3100"",""taker_side"":""yes"",""ticker"":""KXETH15M-26APR271900-00"",""trade_id"":""a1635782-f4a0-69a9-9876-1ae91407f580"",""yes_price_dollars"":""0.6900""}"
KXETH15M-26APR271900-00,7fb933c5-cd10-6460-8d5d-6e9e05e5006d,1777330099,0.69,10.0,yes,"{""count_fp"":""10.00"",""created_time"":""2026-04-27T22:48:19.992688Z"",""no_price_dollars"":""0.3100"",""taker_side"":""yes"",""ticker"":""KXETH15M-26APR271900-00"",""trade_id"":""7fb933c5-cd10-6460-8d5d-6e9e05e5006d"",""yes_price_dollars"":""0.6900""}"
KXETH15M-26APR271900-00,b2c944c0-455b-5905-6127-9b64f25b288f,1777330100,0.7,17.98,yes,"{""count_fp"":""17.98"",""created_time"":""2026-04-27T22:48:20.320376Z"",""no_price_dollars"":""0.3000"",""taker_side"":""yes"",""ticker"":""KXETH15M-26APR271900-00"",""trade_id"":""b2c944c0-455b-5905-6127-9b64f25b288f"",""yes_price_dollars"":""0.7000""}"
KXETH15M-26APR271900-00,080b2848-9216-56be-42c3-4c1758e7962d,1777330100,0.7,1.0,yes,"{""count_fp"":""1.00"",""created_time"":""2026-04-27T22:48:20.320376Z"",""no_price_dollars"":""0.3000"",""taker_side"":""yes"",""ticker"":""KXETH15M-26APR271900-00"",""trade_id"":""080b2848-9216-56be-42c3-4c1758e7962d"",""yes_price_dollars"":""0.7000""}"
KXETH15M-26APR271900-00,0153ad52-57e4-532a-79a9-00061d14d15a,1777330100,0.7,2.0,yes,"{""count_fp"":""2.00"",""created_time"":""2026-04-27T22:48:20.320376Z"",""no_price_dollars"":""0.3000"",""taker_side"":""yes"",""ticker"":""KXETH15M-26APR271900-00"",""trade_id"":""0153ad52-57e4-532a-79a9-00061d14d15a"",""yes_price_dollars"":""0.7000""}"
KXETH15M-26APR271900-00,c7c4e7b3-9a59-6895-3e00-5af88987d832,1777330101,0.68,1.0,yes,"{""count_fp"":""1.00"",""created_time"":""2026-04-27T22:48:21.778038Z"",""no_price_dollars"":""0.3200"",""taker_side"":""yes"",""ticker"":""KXETH15M-26APR271900-00"",""trade_id"":""c7c4e7b3-9a59-6895-3e00-5af88987d832"",""yes_price_dollars"":""0.6800""}"
KXETH15M-26APR271900-00,17b83f24-f387-655d-11dc-885cfc0ceb23,1777330101,0.69,1.0,yes,"{""count_fp"":""1.00"",""created_time"":""2026-04-27T22:48:21.778038Z"",""no_price_dollars"":""0.3100"",""taker_side"":""yes"",""ticker"":""KXETH15M-26APR271900-00"",""trade_id"":""17b83f24-f387-655d-11dc-885cfc0ceb23"",""yes_price_dollars"":""0.6900""}"
KXETH15M-26APR271900-00,ac93ef78-2be5-7f0d-fb63-8d8e4718a73c,1777330106,0.7,1.0,no,"{""count_fp"":""1.00"",""created_time"":""2026-04-27T22:48:26.285955Z"",""no_price_dollars"":""0.3000"",""taker_side"":""no"",""ticker"":""KXETH15M-26APR271900-00"",""trade_id"":""ac93ef78-2be5-7f0d-fb63-8d8e4718a73c"",""yes_price_dollars"":""0.7000""}"
KXETH15M-26APR271900-00,aa2f2ba2-4e29-7a3d-c5a7-72155ee3815d,1777330106,0.7,100.0,no,"{""count_fp"":""100.00"",""created_time"":""2026-04-27T22:48:26.285955Z"",""no_price_dollars"":""0.3000"",""taker_side"":""no"",""ticker"":""KXETH15M-26APR271900-00"",""trade_id"":""aa2f2ba2-4e29-7a3d-c5a7-72155ee3815d"",""yes_price_dollars"":""0.7000""}"
KXETH15M-26APR271900-00,3e57ea34-e9cf-7333-d8b0-b3f9dda3646d,1777330106,0.7,10.0,no,"{""count_fp"":""10.00"",""created_time"":""2026-04-27T22:48:26.285955Z"",""no_price_dollars"":""0.3000"",""taker_side"":""no"",""ticker"":""KXETH15M-26APR271900-00"",""trade_id"":""3e57ea34-e9cf-7333-d8b0-b3f9dda3646d"",""yes_price_dollars"":""0.7000""}"
KXETH15M-26APR271900-00,3a4e954b-7178-7542-e834-4d8f7b75bc60,1777330106,0.68,43.64,no,"{""count_fp"":""43.64"",""created_time"":""2026-04-27T22:48:26.285955Z"",""no_price_dollars"":""0.3200"",""taker_side"":""no"",""ticker"":""KXETH15M-26APR271900-00"",""trade_id"":""3a4e954b-7178-7542-e834-4d8f7b75bc60"",""yes_price_dollars"":""0.6800""}"
KXETH15M-26APR271900-00,37d8e6fb-f67e-7037-f4ce-08b034841c49,1777330106,0.67,403.6,no,"{""count_fp"":""403.60"",""created_time"":""2026-04-27T22:48:26.285955Z"",""no_price_dollars"":""0.3300"",""taker_side"":""no"",""ticker"":""KXETH15M-26APR271900-00"",""trade_id"":""37d8e6fb-f67e-7037-f4ce-08b034841c49"",""yes_price_dollars"":""0.6700""}"
KXETH15M-26APR271900-00,066bd468-9d13-7602-e01b-83654a05f8cc,1777330106,0.7,12.09,no,"{""count_fp"":""12.09"",""created_time"":""2026-04-27T22:48:26.285955Z"",""no_price_dollars"":""0.3000"",""taker_side"":""no"",""ticker"":""KXETH15M-26APR271900-00"",""trade_id"":""066bd468-9d13-7602-e01b-83654a05f8cc"",""yes_price_dollars"":""0.7000""}"
KXETH15M-26APR271900-00,065c3239-3c83-7cc2-fead-fd41e2e9c5e4,1777330106,0.69,2.0,no,"{""count_fp"":""2.00"",""created_time"":""2026-04-27T22:48:26.285955Z"",""no_price_dollars"":""0.3100"",""taker_side"":""no"",""ticker"":""KXETH15M-26APR271900-00"",""trade_id"":""065c3239-3c83-7cc2-fead-fd41e2e9c5e4"",""yes_price_dollars"":""0.6900""}"
KXETH15M-26APR271900-00,dca5dfea-8ff8-7ecb-2993-94ec035fb8c9,1777330107,0.7,1.0,no,"{""count_fp"":""1.00"",""created_time"":""2026-04-27T22:48:27.574942Z"",""no_price_dollars"":""0.3000"",""taker_side"":""no"",""ticker"":""KXETH15M-26APR271900-00"",""trade_id"":""dca5dfea-8ff8-7ecb-2993-94ec035fb8c9"",""yes_price_dollars"":""0.7000""}"
KXETH15M-26APR271900-00,9a6f3d5a-3f4e-75d7-0cef-8d25c1becd89,1777330107,0.68,6.0,no,"{""count_fp"":""6.00"",""created_time"":""2026-04-27T22:48:27.574942Z"",""no_price_dollars"":""0.3200"",""taker_side"":""no"",""ticker"":""KXETH15M-26APR271900-00"",""trade_id"":""9a6f3d5a-3f4e-75d7-0cef-8d25c1becd89"",""yes_price_dollars"":""0.6800""}"
KXETH15M-26APR271900-00,c50cfa65-e57d-7380-4877-9c64cf213349,1777330108,0.72,1.0,yes,"{""count_fp"":""1.00"",""created_time"":""2026-04-27T22:48:28.811503Z"",""no_price_dollars"":""0.2800"",""taker_side"":""yes"",""ticker"":""KXETH15M-26APR271900-00"",""trade_id"":""c50cfa65-e57d-7380-4877-9c64cf213349"",""yes_price_dollars"":""0.7200""}"
KXETH15M-26APR271900-00,fdde4bb4-6c02-41a8-425f-b8527773b5e8,1777330108,0.72,1.0,no,"{""count_fp"":""1.00"",""created_time"":""2026-04-27T22:48:28.533975Z"",""no_price_dollars"":""0.2800"",""taker_side"":""no"",""ticker"":""KXETH15M-26APR271900-00"",""trade_id"":""fdde4bb4-6c02-41a8-425f-b8527773b5e8"",""yes_price_dollars"":""0.7200""}"
KXETH15M-26APR271900-00,bf4eb205-33ed-4b89-f4c5-01e3bf185b25,1777330109,0.72,2.0,no,"{""count_fp"":""2.00"",""created_time"":""2026-04-27T22:48:29.782018Z"",""no_price_dollars"":""0.2800"",""taker_side"":""no"",""ticker"":""KXETH15M-26APR271900-00"",""trade_id"":""bf4eb205-33ed-4b89-f4c5-01e3bf185b25"",""yes_price_dollars"":""0.7200""}"
KXETH15M-26APR271900-00,63015901-cb25-60d3-d0a7-6387db18bae9,1777330110,0.7,10.0,no,"{""count_fp"":""10.00"",""created_time"":""2026-04-27T22:48:30.937409Z"",""no_price_dollars"":""0.3000"",""taker_side"":""no"",""ticker"":""KXETH15M-26APR271900-00"",""trade_id"":""63015901-cb25-60d3-d0a7-6387db18bae9"",""yes_price_dollars"":""0.7000""}"
KXETH15M-26APR271900-00,d0304a2f-e7eb-571d-920f-df3e2f906bb7,1777330113,0.71,10.0,yes,"{""count_fp"":""10.00"",""created_time"":""2026-04-27T22:48:33.853624Z"",""no_price_dollars"":""0.2900"",""taker_side"":""yes"",""ticker"":""KXETH15M-26APR271900-00"",""trade_id"":""d0304a2f-e7eb-571d-920f-df3e2f906bb7"",""yes_price_dollars"":""0.7100""}"
KXETH15M-26APR271900-00,71f83e9b-7018-5cbd-ad2a-af9615d3ebfd,1777330113,0.73,10.25,yes,"{""count_fp"":""10.25"",""created_time"":""2026-04-27T22:48:33.853624Z"",""no_price_dollars"":""0.2700"",""taker_side"":""yes"",""ticker"":""KXETH15M-26APR271900-00"",""trade_id"":""71f83e9b-7018-5cbd-ad2a-af9615d3ebfd"",""yes_price_dollars"":""0.7300""}"
KXETH15M-26APR271900-00,d19e934c-616a-5d7f-aefa-876cfc1eb12d,1777330116,0.72,3.17,no,"{""count_fp"":""3.17"",""created_time"":""2026-04-27T22:48:36.181941Z"",""no_price_dollars"":""0.2800"",""taker_side"":""no"",""ticker"":""KXETH15M-26APR271900-00"",""trade_id"":""d19e934c-616a-5d7f-aefa-876cfc1eb12d"",""yes_price_dollars"":""0.7200""}"
KXETH15M-26APR271900-00,708ad11b-e6c5-63f6-c4bc-3abe649b4c62,1777330116,0.73,1.0,yes,"{""count_fp"":""1.00"",""created_time"":""2026-04-27T22:48:36.105155Z"",""no_price_dollars"":""0.2700"",""taker_side"":""yes"",""ticker"":""KXETH15M-26APR271900-00"",""trade_id"":""708ad11b-e6c5-63f6-c4bc-3abe649b4c62"",""yes_price_dollars"":""0.7300""}"
KXETH15M-26APR271900-00,bbe182aa-cb86-6336-10de-b6871de832d9,1777330118,0.68,1.0,no,"{""count_fp"":""1.00"",""created_time"":""2026-04-27T22:48:38.559862Z"",""no_price_dollars"":""0.3200"",""taker_side"":""no"",""ticker"":""KXETH15M-26APR271900-00"",""trade_id"":""bbe182aa-cb86-6336-10de-b6871de832d9"",""yes_price_dollars"":""0.6800""}"
KXETH15M-26APR271900-00,70772dca-5762-54d9-50d6-ecf4a7c7863c,1777330121,0.69,4.14,yes,"{""count_fp"":""4.14"",""created_time"":""2026-04-27T22:48:41.267928Z"",""no_price_dollars"":""0.3100"",""taker_side"":""yes"",""ticker"":""KXETH15M-26APR271900-00"",""trade_id"":""70772dca-5762-54d9-50d6-ecf4a7c7863c"",""yes_price_dollars"":""0.6900""}"
KXETH15M-26APR271900-00,a52adabf-130a-5de9-2cd7-e4e6f4e62fa8,1777330123,0.69,28.36,yes,"{""count_fp"":""28.36"",""created_time"":""2026-04-27T22:48:43.370437Z"",""no_price_dollars"":""0.3100"",""taker_side"":""yes"",""ticker"":""KXETH15M-26APR271900-00"",""trade_id"":""a52adabf-130a-5de9-2cd7-e4e6f4e62fa8"",""yes_price_dollars"":""0.6900""}"
KXETH15M-26APR271900-00,adbb8f0c-12be-7aad-b805-729b45ea2ca4,1777330128,0.68,13.69,yes,"{""count_fp"":""13.69"",""created_time"":""2026-04-27T22:48:48.322539Z"",""no_price_dollars"":""0.3200"",""taker_side"":""yes"",""ticker"":""KXETH15M-26APR271900-00"",""trade_id"":""adbb8f0c-12be-7aad-b805-729b45ea2ca4"",""yes_price_dollars"":""0.6800""}"
KXETH15M-26APR271900-00,22e28758-3d06-46f1-1356-19aa29748c3c,1777330129,0.68,25.0,yes,"{""count_fp"":""25.00"",""created_time"":""2026-04-27T22:48:49.086242Z"",""no_price_dollars"":""0.3200"",""taker_side"":""yes"",""ticker"":""KXETH15M-26APR271900-00"",""trade_id"":""22e28758-3d06-46f1-1356-19aa29748c3c"",""yes_price_dollars"":""0.6800""}"
KXETH15M-26APR271900-00,bdf55649-f2c4-7bf0-fe07-6d60ac2de101,1777330129,0.65,9.13,no,"{""count_fp"":""9.13"",""created_time"":""2026-04-27T22:48:49.010443Z"",""no_price_dollars"":""0.3500"",""taker_side"":""no"",""ticker"":""KXETH15M-26APR271900-00"",""trade_id"":""bdf55649-f2c4-7bf0-fe07-6d60ac2de101"",""yes_price_dollars"":""0.6500""}"
KXETH15M-26APR271900-00,6aacbddd-30a3-7e51-d8fb-5ce8d001b29f,1777330129,0.67,5.0,no,"{""count_fp"":""5.00"",""created_time"":""2026-04-27T22:48:49.010443Z"",""no_price_dollars"":""0.3300"",""taker_side"":""no"",""ticker"":""KXETH15M-26APR271900-00"",""trade_id"":""6aacbddd-30a3-7e51-d8fb-5ce8d001b29f"",""yes_price_dollars"":""0.6700""}"
KXETH15M-26APR271900-00,1042a566-34c0-7204-d9d8-b3abd4001e5a,1777330129,0.66,10.0,no,"{""count_fp"":""10.00"",""created_time"":""2026-04-27T22:48:49.010443Z"",""no_price_dollars"":""0.3400"",""taker_side"":""no"",""ticker"":""KXETH15M-26APR271900-00"",""trade_id"":""1042a566-34c0-7204-d9d8-b3abd4001e5a"",""yes_price_dollars"":""0.6600""}"
KXETH15M-26APR271900-00,01082c5b-6b83-7919-c68f-ad71ef0adc89,1777330129,0.65,1.0,no,"{""count_fp"":""1.00"",""created_time"":""2026-04-27T22:48:49.010443Z"",""no_price_dollars"":""0.3500"",""taker_side"":""no"",""ticker"":""KXETH15M-26APR271900-00"",""trade_id"":""01082c5b-6b83-7919-c68f-ad71ef0adc89"",""yes_price_dollars"":""0.6500""}"
KXETH15M-26APR271900-00,5c1d6813-4a76-73c9-dce6-50623ae5d554,1777330130,0.68,1.29,yes,"{""count_fp"":""1.29"",""created_time"":""2026-04-27T22:48:50.918583Z"",""no_price_dollars"":""0.3200"",""taker_side"":""yes"",""ticker"":""KXETH15M-26APR271900-00"",""trade_id"":""5c1d6813-4a76-73c9-dce6-50623ae5d554"",""yes_price_dollars"":""0.6800""}"
KXETH15M-26APR271900-00,16e936ab-c2b3-420d-7adb-716403d5620c,1777330135,0.67,17.36,no,"{""count_fp"":""17.36"",""created_time"":""2026-04-27T22:48:55.693903Z"",""no_price_dollars"":""0.3300"",""taker_side"":""no"",""ticker"":""KXETH15M-26APR271900-00"",""trade_id"":""16e936ab-c2b3-420d-7adb-716403d5620c"",""yes_price_dollars"":""0.6700""}"
KXETH15M-26APR271900-00,14d74758-d1e7-7a60-b1ba-9c72587d43ef,1777330140,0.7,2.0,yes,"{""count_fp"":""2.00"",""created_time"":""2026-04-27T22:49:00.493458Z"",""no_price_dollars"":""0.3000"",""taker_side"":""yes"",""ticker"":""KXETH15M-26APR271900-00"",""trade_id"":""14d74758-d1e7-7a60-b1ba-9c72587d43ef"",""yes_price_dollars"":""0.7000""}"
KXETH15M-26APR271900-00,80ac80a9-039f-5839-0482-2d299b805138,1777330143,0.68,1.49,no,"{""count_fp"":""1.49"",""created_time"":""2026-04-27T22:49:03.345911Z"",""no_price_dollars"":""0.3200"",""taker_side"":""no"",""ticker"":""KXETH15M-26APR271900-00"",""trade_id"":""80ac80a9-039f-5839-0482-2d299b805138"",""yes_price_dollars"":""0.6800""}"
KXETH15M-26APR271900-00,a981011b-75d3-6769-fbf3-d7396acf574d,1777330146,0.71,4.0,yes,"{""count_fp"":""4.00"",""created_time"":""2026-04-27T22:49:06.912601Z"",""no_price_dollars"":""0.2900"",""taker_side"":""yes"",""ticker"":""KXETH15M-26APR271900-00"",""trade_id"":""a981011b-75d3-6769-fbf3-d7396acf574d"",""yes_price_dollars"":""0.7100""}"
KXETH15M-26APR271900-00,a374505c-3d48-6cdd-eeb8-49805ad8a774,1777330146,0.7,5.0,yes,"{""count_fp"":""5.00"",""created_time"":""2026-04-27T22:49:06.912601Z"",""no_price_dollars"":""0.3000"",""taker_side"":""yes"",""ticker"":""KXETH15M-26APR271900-00"",""trade_id"":""a374505c-3d48-6cdd-eeb8-49805ad8a774"",""yes_price_dollars"":""0.7000""}"
KXETH15M-26APR271900-00,1348d34b-af17-61e6-c44a-1f7aede6cbe9,1777330146,0.7,1.0,yes,"{""count_fp"":""1.00"",""created_time"":""2026-04-27T22:49:06.912601Z"",""no_price_dollars"":""0.3000"",""taker_side"":""yes"",""ticker"":""KXETH15M-26APR271900-00"",""trade_id"":""1348d34b-af17-61e6-c44a-1f7aede6cbe9"",""yes_price_dollars"":""0.7000""}"
KXETH15M-26APR271900-00,44fe18fb-1399-7551-a5a1-a15f94a9965a,1777330148,0.7,1.0,yes,"{""count_fp"":""1.00"",""created_time"":""2026-04-27T22:49:08.223117Z"",""no_price_dollars"":""0.3000"",""taker_side"":""yes"",""ticker"":""KXETH15M-26APR271900-00"",""trade_id"":""44fe18fb-1399-7551-a5a1-a15f94a9965a"",""yes_price_dollars"":""0.7000""}"
KXETH15M-26APR271900-00,c15d37db-557b-4161-98c6-21985cdfe448,1777330149,0.68,4.91,no,"{""count_fp"":""4.91"",""created_time"":""2026-04-27T22:49:09.247008Z"",""no_price_dollars"":""0.3200"",""taker_side"":""no"",""ticker"":""KXETH15M-26APR271900-00"",""trade_id"":""c15d37db-557b-4161-98c6-21985cdfe448"",""yes_price_dollars"":""0.6800""}"
KXETH15M-26APR271900-00,b2a2dbff-9b4a-4824-8f47-e246e3688161,1777330149,0.68,10.0,no,"{""count_fp"":""10.00"",""created_time"":""2026-04-27T22:49:09.247008Z"",""no_price_dollars"":""0.3200"",""taker_side"":""no"",""ticker"":""KXETH15M-26APR271900-00"",""trade_id"":""b2a2dbff-9b4a-4824-8f47-e246e3688161"",""yes_price_dollars"":""0.6800""}"
KXETH15M-26APR271900-00,503a708c-2f9d-7d11-ebda-5f42f19f5399,1777330156,0.69,2.0,no,"{""count_fp"":""2.00"",""created_time"":""2026-04-27T22:49:16.292Z"",""no_price_dollars"":""0.3100"",""taker_side"":""no"",""ticker"":""KXETH15M-26APR271900-00"",""trade_id"":""503a708c-2f9d-7d11-ebda-5f42f19f5399"",""yes_price_dollars"":""0.6900""}"
KXETH15M-26APR271900-00,344d2537-131a-4ef2-292c-6f9c3340b773,1777330158,0.71,4.14,yes,"{""count_fp"":""4.14"",""created_time"":""2026-04-27T22:49:18.759918Z"",""no_price_dollars"":""0.2900"",""taker_side"":""yes"",""ticker"":""KXETH15M-26APR271900-00"",""trade_id"":""344d2537-131a-4ef2-292c-6f9c3340b773"",""yes_price_dollars"":""0.7100""}"
KXETH15M-26APR271900-00,025a1325-cdf7-40db-a023-5ef09335fe8e,1777330161,0.68,10.0,no,"{""count_fp"":""10.00"",""created_time"":""2026-04-27T22:49:21.909534Z"",""no_price_dollars"":""0.3200"",""taker_side"":""no"",""ticker"":""KXETH15M-26APR271900-00"",""trade_id"":""025a1325-cdf7-40db-a023-5ef09335fe8e"",""yes_price_dollars"":""0.6800""}"
KXETH15M-26APR271900-00,b293f8c6-dccc-6401-2469-66c6314ac55a,1777330162,0.66,1.0,yes,"{""count_fp"":""1.00"",""created_time"":""2026-04-27T22:49:22.876981Z"",""no_price_dollars"":""0.3400"",""taker_side"":""yes"",""ticker"":""KXETH15M-26APR271900-00"",""trade_id"":""b293f8c6-dccc-6401-2469-66c6314ac55a"",""yes_price_dollars"":""0.6600""}"
KXETH15M-26APR271900-00,504dbf9a-4942-6839-094f-ce5da6b5c3f8,1777330162,0.67,1.11,yes,"{""count_fp"":""1.11"",""created_time"":""2026-04-27T22:49:22.876981Z"",""no_price_dollars"":""0.3300"",""taker_side"":""yes"",""ticker"":""KXETH15M-26APR271900-00"",""trade_id"":""504dbf9a-4942-6839-094f-ce5da6b5c3f8"",""yes_price_dollars"":""0.6700""}"
KXETH15M-26APR271900-00,9546ec04-acbe-4d0b-541e-32a98d7abe40,1777330162,0.67,1.0,yes,"{""count_fp"":""1.00"",""created_time"":""2026-04-27T22:49:22.686733Z"",""no_price_dollars"":""0.3300"",""taker_side"":""yes"",""ticker"":""KXETH15M-26APR271900-00"",""trade_id"":""9546ec04-acbe-4d0b-541e-32a98d7abe40"",""yes_price_dollars"":""0.6700""}"
KXETH15M-26APR271900-00,8a94936e-5932-4b91-6771-37827c863700,1777330162,0.67,1.0,yes,"{""count_fp"":""1.00"",""created_time"":""2026-04-27T22:49:22.686733Z"",""no_price_dollars"":""0.3300"",""taker_side"":""yes"",""ticker"":""KXETH15M-26APR271900-00"",""trade_id"":""8a94936e-5932-4b91-6771-37827c863700"",""yes_price_dollars"":""0.6700""}"
KXETH15M-26APR271900-00,a728a86a-51a4-68e4-cbab-0a5cc8f54385,1777330166,0.65,21.86,no,"{""count_fp"":""21.86"",""created_time"":""2026-04-27T22:49:26.714052Z"",""no_price_dollars"":""0.3500"",""taker_side"":""no"",""ticker"":""KXETH15M-26APR271900-00"",""trade_id"":""a728a86a-51a4-68e4-cbab-0a5cc8f54385"",""yes_price_dollars"":""0.6500""}"
KXETH15M-26APR271900-00,33539628-5900-56ec-b438-e696c72efa21,1777330167,0.65,30.06,no,"{""count_fp"":""30.06"",""created_time"":""2026-04-27T22:49:27.780036Z"",""no_price_dollars"":""0.3500"",""taker_side"":""no"",""ticker"":""KXETH15M-26APR271900-00"",""trade_id"":""33539628-5900-56ec-b438-e696c72efa21"",""yes_price_dollars"":""0.6500""}"
KXETH15M-26APR271900-00,f7989828-2bbb-78d8-8149-3bbebc65449c,1777330172,0.67,10.0,yes,"{""count_fp"":""10.00"",""created_time"":""2026-04-27T22:49:32.950479Z"",""no_price_dollars"":""0.3300"",""taker_side"":""yes"",""ticker"":""KXETH15M-26APR271900-00"",""trade_id"":""f7989828-2bbb-78d8-8149-3bbebc65449c"",""yes_price_dollars"":""0.6700""}"
KXETH15M-26APR271900-00,8bf018b9-dfc8-7afe-abd0-da628172e1f2,1777330172,0.67,1.0,yes,"{""count_fp"":""1.00"",""created_time"":""2026-04-27T22:49:32.950479Z"",""no_price_dollars"":""0.3300"",""taker_side"":""yes"",""ticker"":""KXETH15M-26APR271900-00"",""trade_id"":""8bf018b9-dfc8-7afe-abd0-da628172e1f2"",""yes_price_dollars"":""0.6700""}"
KXETH15M-26APR271900-00,be0bb8ec-ba77-6934-b6a5-c32a13f3abb2,1777330174,0.73,1.0,no,"{""count_fp"":""1.00"",""created_time"":""2026-04-27T22:49:34.676221Z"",""no_price_dollars"":""0.2700"",""taker_side"":""no"",""ticker"":""KXETH15M-26APR271900-00"",""trade_id"":""be0bb8ec-ba77-6934-b6a5-c32a13f3abb2"",""yes_price_dollars"":""0.7300""}"
KXETH15M-26APR271900-00,5f9a7381-c18f-6b81-ac67-ae13d3344128,1777330174,0.73,19.0,no,"{""count_fp"":""19.00"",""created_time"":""2026-04-27T22:49:34.676221Z"",""no_price_dollars"":""0.2700"",""taker_side"":""no"",""ticker"":""KXETH15M-26APR271900-00"",""trade_id"":""5f9a7381-c18f-6b81-ac67-ae13d3344128"",""yes_price_dollars"":""0.7300""}"
KXETH15M-26APR271900-00,1f622513-8efb-5a71-c520-d65be03c86cc,1777330178,0.73,66.0,no,"{""count_fp"":""66.00"",""created_time"":""2026-04-27T22:49:38.289614Z"",""no_price_dollars"":""0.2700"",""taker_side"":""no"",""ticker"":""KXETH15M-26APR271900-00"",""trade_id"":""1f622513-8efb-5a71-c520-d65be03c86cc"",""yes_price_dollars"":""0.7300""}"
KXETH15M-26APR271900-00,ce0f9a0b-a5ec-4293-5379-d3f9327206dc,1777330179,0.71,3.0,no,"{""count_fp"":""3.00"",""created_time"":""2026-04-27T22:49:39.278943Z"",""no_price_dollars"":""0.2900"",""taker_side"":""no"",""ticker"":""KXETH15M-26APR271900-00"",""trade_id"":""ce0f9a0b-a5ec-4293-5379-d3f9327206dc"",""yes_price_dollars"":""0.7100""}"
KXETH15M-26APR271900-00,0bbf0c6e-12be-6584-81c7-2df1b0af2f98,1777330190,0.74,10.0,yes,"{""count_fp"":""10.00"",""created_time"":""2026-04-27T22:49:50.576728Z"",""no_price_dollars"":""0.2600"",""taker_side"":""yes"",""ticker"":""KXETH15M-26APR271900-00"",""trade_id"":""0bbf0c6e-12be-6584-81c7-2df1b0af2f98"",""yes_price_dollars"":""0.7400""}"
KXETH15M-26APR271900-00,5b98897e-7260-7003-24ca-31093bc446a9,1777330193,0.77,1.0,yes,"{""count_fp"":""1.00"",""created_time"":""2026-04-27T22:49:53.613694Z"",""no_price_dollars"":""0.2300"",""taker_side"":""yes"",""ticker"":""KXETH15M-26APR271900-00"",""trade_id"":""5b98897e-7260-7003-24ca-31093bc446a9"",""yes_price_dollars"":""0.7700""}"
KXETH15M-26APR271900-00,43d58eb4-1009-7e62-26c9-d8c022f18aa3,1777330193,0.77,24.0,yes,"{""count_fp"":""24.00"",""created_time"":""2026-04-27T22:49:53.613694Z"",""no_price_dollars"":""0.2300"",""taker_side"":""yes"",""ticker"":""KXETH15M-26APR271900-00"",""trade_id"":""43d58eb4-1009-7e62-26c9-d8c022f18aa3"",""yes_price_dollars"":""0.7700""}"
KXETH15M-26APR271900-00,b325ed50-9d19-5c52-0301-8475dc5057f7,1777330195,0.77,5.39,yes,"{""count_fp"":""5.39"",""created_time"":""2026-04-27T22:49:55.211377Z"",""no_price_dollars"":""0.2300"",""taker_side"":""yes"",""ticker"":""KXETH15M-26APR271900-00"",""trade_id"":""b325ed50-9d19-5c52-0301-8475dc5057f7"",""yes_price_dollars"":""0.7700""}"
KXETH15M-26APR271900-00,87cf375e-fcf5-58ef-161c-b317782a5c72,1777330195,0.77,1.0,yes,"{""count_fp"":""1.00"",""created_time"":""2026-04-27T22:49:55.211377Z"",""no_price_dollars"":""0.2300"",""taker_side"":""yes"",""ticker"":""KXETH15M-26APR271900-00"",""trade_id"":""87cf375e-fcf5-58ef-161c-b317782a5c72"",""yes_price_dollars"":""0.7700""}"
KXETH15M-26APR271900-00,0fb84ec2-a210-7ef9-5b50-c0fae053f065,1777330200,0.77,2.0,no,"{""count_fp"":""2.00"",""created_time"":""2026-04-27T22:50:00.987779Z"",""no_price_dollars"":""0.2300"",""taker_side"":""no"",""ticker"":""KXETH15M-26APR271900-00"",""trade_id"":""0fb84ec2-a210-7ef9-5b50-c0fae053f065"",""yes_price_dollars"":""0.7700""}"
KXETH15M-26APR271900-00,e3d10437-6bb4-4ebd-d555-784cd2f2aa58,1777330202,0.71,100.0,no,"{""count_fp"":""100.00"",""created_time"":""2026-04-27T22:50:02.297636Z"",""no_price_dollars"":""0.2900"",""taker_side"":""no"",""ticker"":""KXETH15M-26APR271900-00"",""trade_id"":""e3d10437-6bb4-4ebd-d555-784cd2f2aa58"",""yes_price_dollars"":""0.7100""}"
KXETH15M-26APR271900-00,8c698220-e77c-4413-ce59-e27dcb47bcab,1777330202,0.72,2.0,no,"{""count_fp"":""2.00"",""created_time"":""2026-04-27T22:50:02.297636Z"",""no_price_dollars"":""0.2800"",""taker_side"":""no"",""ticker"":""KXETH15M-26APR271900-00"",""trade_id"":""8c698220-e77c-4413-ce59-e27dcb47bcab"",""yes_price_dollars"":""0.7200""}"
KXETH15M-26APR271900-00,ffc82cb0-f034-6d40-bfff-a0a1ebfe61f3,1777330205,0.72,1.0,yes,"{""count_fp"":""1.00"",""created_time"":""2026-04-27T22:50:05.543499Z"",""no_price_dollars"":""0.2800"",""taker_side"":""yes"",""ticker"":""KXETH15M-26APR271900-00"",""trade_id"":""ffc82cb0-f034-6d40-bfff-a0a1ebfe61f3"",""yes_price_dollars"":""0.7200""}"
KXETH15M-26APR271900-00,fa5fbad5-85b8-687b-9fed-84b898115c7c,1777330205,0.73,1.0,yes,"{""count_fp"":""1.00"",""created_time"":""2026-04-27T22:50:05.543499Z"",""no_price_dollars"":""0.2700"",""taker_side"":""yes"",""ticker"":""KXETH15M-26APR271900-00"",""trade_id"":""fa5fbad5-85b8-687b-9fed-84b898115c7c"",""yes_price_dollars"":""0.7300""}"
KXETH15M-26APR271900-00,f6e31770-bdc8-6a7a-9a0d-f9a13caff851,1777330205,0.78,5.0,yes,"{""count_fp"":""5.00"",""created_time"":""2026-04-27T22:50:05.543499Z"",""no_price_dollars"":""0.2200"",""taker_side"":""yes"",""ticker"":""KXETH15M-26APR271900-00"",""trade_id"":""f6e31770-bdc8-6a7a-9a0d-f9a13caff851"",""yes_price_dollars"":""0.7800""}"
KXETH15M-26APR271900-00,f1e631db-703d-6d0e-9629-186fe38659a8,1777330205,0.76,5.0,yes,"{""count_fp"":""5.00"",""created_time"":""2026-04-27T22:50:05.543499Z"",""no_price_dollars"":""0.2400"",""taker_side"":""yes"",""ticker"":""KXETH15M-26APR271900-00"",""trade_id"":""f1e631db-703d-6d0e-9629-186fe38659a8"",""yes_price_dollars"":""0.7600""}"
KXETH15M-26APR271900-00,e03ab1af-9994-6870-98b7-1f0e958888e6,1777330205,0.75,100.0,yes,"{""count_fp"":""100.00"",""created_time"":""2026-04-27T22:50:05.543499Z"",""no_price_dollars"":""0.2500"",""taker_side"":""yes"",""ticker"":""KXETH15M-26APR271900-00"",""trade_id"":""e03ab1af-9994-6870-98b7-1f0e958888e6"",""yes_price_dollars"":""0.7500""}"
KXETH15M-26APR271900-00,c2d9af22-27af-68eb-ac10-cc1b9253071b,1777330205,0.82,71.73,yes,"{""count_fp"":""71.73"",""created_time"":""2026-04-27T22:50:05.543499Z"",""no_price_dollars"":""0.1800"",""taker_side"":""yes"",""ticker"":""KXETH15M-26APR271900-00"",""trade_id"":""c2d9af22-27af-68eb-ac10-cc1b9253071b"",""yes_price_dollars"":""0.8200""}"
KXETH15M-26APR271900-00,b79aa7a5-a467-6d14-899e-95684adb1908,1777330205,0.75,4.0,yes,"{""count_fp"":""4.00"",""created_time"":""2026-04-27T22:50:05.543499Z"",""no_price_dollars"":""0.2500"",""taker_side"":""yes"",""ticker"":""KXETH15M-26APR271900-00"",""trade_id"":""b79aa7a5-a467-6d14-899e-95684adb1908"",""yes_price_dollars"":""0.7500""}"
KXETH15M-26APR271900-00,7706a61a-f6e5-68ce-b7d2-fa81d9fc45a7,1777330205,0.73,2.7,yes,"{""count_fp"":""2.70"",""created_time"":""2026-04-27T22:50:05.543499Z"",""no_price_dollars"":""0.2700"",""taker_side"":""yes"",""ticker"":""KXETH15M-26APR271900-00"",""trade_id"":""7706a61a-f6e5-68ce-b7d2-fa81d9fc45a7"",""yes_price_dollars"":""0.7300""}"
KXETH15M-26APR271900-00,374ad33e-e00f-673f-86c0-56983baae84c,1777330205,0.81,50.0,yes,"{""count_fp"":""50.00"",""created_time"":""2026-04-27T22:50:05.543499Z"",""no_price_dollars"":""0.1900"",""taker_side"":""yes"",""ticker"":""KXETH15M-26APR271900-00"",""trade_id"":""374ad33e-e00f-673f-86c0-56983baae84c"",""yes_price_dollars"":""0.8100""}"
KXETH15M-26APR271900-00,339f9c98-cb10-6a6a-93a5-30e987a39490,1777330205,0.7,825.0,yes,"{""count_fp"":""825.00"",""created_time"":""2026-04-27T22:50:05.543499Z"",""no_price_dollars"":""0.3000"",""taker_side"":""yes"",""ticker"":""KXETH15M-26APR271900-00"",""trade_id"":""339f9c98-cb10-6a6a-93a5-30e987a39490"",""yes_price_dollars"":""0.7000""}"
KXETH15M-26APR271900-00,23275c5c-9b99-6635-9111-744b2340011b,1777330205,0.8,5.0,yes,"{""count_fp"":""5.00"",""created_time"":""2026-04-27T22:50:05.543499Z"",""no_price_dollars"":""0.2000"",""taker_side"":""yes"",""ticker"":""KXETH15M-26APR271900-00"",""trade_id"":""23275c5c-9b99-6635-9111-744b2340011b"",""yes_price_dollars"":""0.8000""}"
KXETH15M-26APR271900-00,114fd4a3-2914-6f25-8c16-7fa6bdea4b00,1777330205,0.7,10.33,yes,"{""count_fp"":""10.33"",""created_time"":""2026-04-27T22:50:05.543499Z"",""no_price_dollars"":""0.3000"",""taker_side"":""yes"",""ticker"":""KXETH15M-26APR271900-00"",""trade_id"":""114fd4a3-2914-6f25-8c16-7fa6bdea4b00"",""yes_price_dollars"":""0.7000""}"
KXETH15M-26APR271900-00,05d2a57f-41ce-6805-bfb1-5e407a04a9d6,1777330205,0.74,10.0,yes,"{""count_fp"":""10.00"",""created_time"":""2026-04-27T22:50:05.543499Z"",""no_price_dollars"":""0.2600"",""taker_side"":""yes"",""ticker"":""KXETH15M-26APR271900-00"",""trade_id"":""05d2a57f-41ce-6805-bfb1-5e407a04a9d6"",""yes_price_dollars"":""0.7400""}"
KXETH15M-26APR271900-00,002f801e-048d-6b14-a448-24c92293d247,1777330205,0.81,10.0,yes,"{""count_fp"":""10.00"",""created_time"":""2026-04-27T22:50:05.543499Z"",""no_price_dollars"":""0.1900"",""taker_side"":""yes"",""ticker"":""KXETH15M-26APR271900-00"",""trade_id"":""002f801e-048d-6b14-a448-24c92293d247"",""yes_price_dollars"":""0.8100""}"
KXETH15M-26APR271900-00,7c904675-2a41-7ddc-25ae-61307187fae2,1777330208,0.7,6.39,no,"{""count_fp"":""6.39"",""created_time"":""2026-04-27T22:50:08.822021Z"",""no_price_dollars"":""0.3000"",""taker_side"":""no"",""ticker"":""KXETH15M-26APR271900-00"",""trade_id"":""7c904675-2a41-7ddc-25ae-61307187fae2"",""yes_price_dollars"":""0.7000""}"
KXETH15M-26APR271900-00,e74435ff-679c-4876-2d76-3b6fd09e52cc,1777330210,0.69,0.77,no,"{""count_fp"":""0.77"",""created_time"":""2026-04-27T22:50:10.863233Z"",""no_price_dollars"":""0.3100"",""taker_side"":""no"",""ticker"":""KXETH15M-26APR271900-00"",""trade_id"":""e74435ff-679c-4876-2d76-3b6fd09e52cc"",""yes_price_dollars"":""0.6900""}"
KXETH15M-26APR271900-00,a57438a1-48fc-4c24-3da3-672a16392e86,1777330210,0.71,8.61,no,"{""count_fp"":""8.61"",""created_time"":""2026-04-27T22:50:10.863233Z"",""no_price_dollars"":""0.2900"",""taker_side"":""no"",""ticker"":""KXETH15M-26APR271900-00"",""trade_id"":""a57438a1-48fc-4c24-3da3-672a16392e86"",""yes_price_dollars"":""0.7100""}"
KXETH15M-26APR271900-00,4ae8b99e-1343-4ef7-3515-2342eb8afcab,1777330210,0.7,5.0,no,"{""count_fp"":""5.00"",""created_time"":""2026-04-27T22:50:10.863233Z"",""no_price_dollars"":""0.3000"",""taker_side"":""no"",""ticker"":""KXETH15M-26APR271900-00"",""trade_id"":""4ae8b99e-1343-4ef7-3515-2342eb8afcab"",""yes_price_dollars"":""0.7000""}"
KXETH15M-26APR271900-00,18b470db-13d6-4e61-3e76-3124a67053c9,1777330210,0.69,1.0,no,"{""count_fp"":""1.00"",""created_time"":""2026-04-27T22:50:10.863233Z"",""no_price_dollars"":""0.3100"",""taker_side"":""no"",""ticker"":""KXETH15M-26APR271900-00"",""trade_id"":""18b470db-13d6-4e61-3e76-3124a67053c9"",""yes_price_dollars"":""0.6900""}"
KXETH15M-26APR271900-00,9e1f7099-eab9-43b2-0320-9af932c49f9f,1777330210,0.72,6.81,yes,"{""count_fp"":""6.81"",""created_time"":""2026-04-27T22:50:10.344132Z"",""no_price_dollars"":""0.2800"",""taker_side"":""yes"",""ticker"":""KXETH15M-26APR271900-00"",""trade_id"":""9e1f7099-eab9-43b2-0320-9af932c49f9f"",""yes_price_dollars"":""0.7200""}"
KXETH15M-26APR271900-00,aaebec7c-9fdc-7907-9690-3251d2322d32,1777330213,0.69,10.0,no,"{""count_fp"":""10.00"",""created_time"":""2026-04-27T22:50:13.999502Z"",""no_price_dollars"":""0.3100"",""taker_side"":""no"",""ticker"":""KXETH15M-26APR271900-00"",""trade_id"":""aaebec7c-9fdc-7907-9690-3251d2322d32"",""yes_price_dollars"":""0.6900""}"
KXETH15M-26APR271900-00,58f7839b-9d65-7d4d-dc92-aed13e905614,1777330216,0.67,1.0,no,"{""count_fp"":""1.00"",""created_time"":""2026-04-27T22:50:16.313152Z"",""no_price_dollars"":""0.3300"",""taker_side"":""no"",""ticker"":""KXETH15M-26APR271900-00"",""trade_id"":""58f7839b-9d65-7d4d-dc92-aed13e905614"",""yes_price_dollars"":""0.6700""}"
KXETH15M-26APR271900-00,e5bca278-90b4-6233-922e-55695ee2088c,1777330217,0.69,6.9,yes,"{""count_fp"":""6.90"",""created_time"":""2026-04-27T22:50:17.150264Z"",""no_price_dollars"":""0.3100"",""taker_side"":""yes"",""ticker"":""KXETH15M-26APR271900-00"",""trade_id"":""e5bca278-90b4-6233-922e-55695ee2088c"",""yes_price_dollars"":""0.6900""}"
KXETH15M-26APR271900-00,4c829352-6f78-6bff-ddee-27bd58affcb8,1777330225,0.66,2.83,yes,"{""count_fp"":""2.83"",""created_time"":""2026-04-27T22:50:25.454844Z"",""no_price_dollars"":""0.3400"",""taker_side"":""yes"",""ticker"":""KXETH15M-26APR271900-00"",""trade_id"":""4c829352-6f78-6bff-ddee-27bd58affcb8"",""yes_price_dollars"":""0.6600""}"
KXETH15M-26APR271900-00,cefeec86-7d24-7c38-caa2-d5c269254765,1777330226,0.65,2.0,no,"{""count_fp"":""2.00"",""created_time"":""2026-04-27T22:50:26.247907Z"",""no_price_dollars"":""0.3500"",""taker_side"":""no"",""ticker"":""KXETH15M-26APR271900-00"",""trade_id"":""cefeec86-7d24-7c38-caa2-d5c269254765"",""yes_price_dollars"":""0.6500""}"
KXETH15M-26APR271900-00,1cbfa66a-0984-5454-9093-b03a606d91a1,1777330228,0.65,54.65,no,"{""count_fp"":""54.65"",""created_time"":""2026-04-27T22:50:28.806311Z"",""no_price_dollars"":""0.3500"",""taker_side"":""no"",""ticker"":""KXETH15M-26APR271900-00"",""trade_id"":""1cbfa66a-0984-5454-9093-b03a606d91a1"",""yes_price_dollars"":""0.6500""}"
KXETH15M-26APR271900-00,a9a1049c-8a48-4db4-d604-cfd3a00df019,1777330234,0.65,1.63,no,"{""count_fp"":""1.63"",""created_time"":""2026-04-27T22:50:34.626694Z"",""no_price_dollars"":""0.3500"",""taker_side"":""no"",""ticker"":""KXETH15M-26APR271900-00"",""trade_id"":""a9a1049c-8a48-4db4-d604-cfd3a00df019"",""yes_price_dollars"":""0.6500""}"
KXETH15M-26APR271900-00,bfe58c7d-101a-5c9f-a22c-ae9908076605,1777330237,0.69,60.0,yes,"{""count_fp"":""60.00"",""created_time"":""2026-04-27T22:50:37.609281Z"",""no_price_dollars"":""0.3100"",""taker_side"":""yes"",""ticker"":""KXETH15M-26APR271900-00"",""trade_id"":""bfe58c7d-101a-5c9f-a22c-ae9908076605"",""yes_price_dollars"":""0.6900""}"
KXETH15M-26APR271900-00,6c07f34e-2656-51f4-995a-5faf429ad9c5,1777330237,0.69,3.0,yes,"{""count_fp"":""3.00"",""created_time"":""2026-04-27T22:50:37.609281Z"",""no_price_dollars"":""0.3100"",""taker_side"":""yes"",""ticker"":""KXETH15M-26APR271900-00"",""trade_id"":""6c07f34e-2656-51f4-995a-5faf429ad9c5"",""yes_price_dollars"":""0.6900""}"
KXETH15M-26APR271900-00,977e8df5-5d38-5f47-51f0-87c29e47fd8e,1777330237,0.67,10.0,yes,"{""count_fp"":""10.00"",""created_time"":""2026-04-27T22:50:37.602797Z"",""no_price_dollars"":""0.3300"",""taker_side"":""yes"",""ticker"":""KXETH15M-26APR271900-00"",""trade_id"":""977e8df5-5d38-5f47-51f0-87c29e47fd8e"",""yes_price_dollars"":""0.6700""}"
KXETH15M-26APR271900-00,15d7d059-7f03-56ca-5ade-7fb1e32e5f21,1777330237,0.67,9.0,yes,"{""count_fp"":""9.00"",""created_time"":""2026-04-27T22:50:37.602797Z"",""no_price_dollars"":""0.3300"",""taker_side"":""yes"",""ticker"":""KXETH15M-26APR271900-00"",""trade_id"":""15d7d059-7f03-56ca-5ade-7fb1e32e5f21"",""yes_price_dollars"":""0.6700""}"
KXETH15M-26APR271900-00,8f5b0380-de01-6be0-b435-eed44f10430c,1777330241,0.71,23.0,no,"{""count_fp"":""23.00"",""created_time"":""2026-04-27T22:50:41.165356Z"",""no_price_dollars"":""0.2900"",""taker_side"":""no"",""ticker"":""KXETH15M-26APR271900-00"",""trade_id"":""8f5b0380-de01-6be0-b435-eed44f10430c"",""yes_price_dollars"":""0.7100""}"
KXETH15M-26APR271900-00,facaf7ab-4308-5a49-65a9-deeec1ff96fc,1777330241,0.74,1.0,no,"{""count_fp"":""1.00"",""created_time"":""2026-04-27T22:50:41.130142Z"",""no_price_dollars"":""0.2600"",""taker_side"":""no"",""ticker"":""KXETH15M-26APR271900-00"",""trade_id"":""facaf7ab-4308-5a49-65a9-deeec1ff96fc"",""yes_price_dollars"":""0.7400""}"
KXETH15M-26APR271900-00,97e8a42b-1813-7dc5-377f-f1f6084abed7,1777330243,0.72,4.0,yes,"{""count_fp"":""4.00"",""created_time"":""2026-04-27T22:50:43.943378Z"",""no_price_dollars"":""0.2800"",""taker_side"":""yes"",""ticker"":""KXETH15M-26APR271900-00"",""trade_id"":""97e8a42b-1813-7dc5-377f-f1f6084abed7"",""yes_price_dollars"":""0.7200""}"
KXETH15M-26APR271900-00,5db9bd4e-bb0f-79f2-0404-49266d4f6837,1777330243,0.74,5.0,yes,"{""count_fp"":""5.00"",""created_time"":""2026-04-27T22:50:43.943378Z"",""no_price_dollars"":""0.2600"",""taker_side"":""yes"",""ticker"":""KXETH15M-26APR271900-00"",""trade_id"":""5db9bd4e-bb0f-79f2-0404-49266d4f6837"",""yes_price_dollars"":""0.7400""}"
KXETH15M-26APR271900-00,d0431eeb-e67f-4960-0a6c-b4a21ca4d183,1777330244,0.77,1.0,no,"{""count_fp"":""1.00"",""created_time"":""2026-04-27T22:50:44.458442Z"",""no_price_dollars"":""0.2300"",""taker_side"":""no"",""ticker"":""KXETH15M-26APR271900-00"",""trade_id"":""d0431eeb-e67f-4960-0a6c-b4a21ca4d183"",""yes_price_dollars"":""0.7700""}"
KXETH15M-26APR271900-00,77a6b4ca-8d08-4546-22c9-13e53c141880,1777330244,0.76,39.0,no,"{""count_fp"":""39.00"",""created_time"":""2026-04-27T22:50:44.458442Z"",""no_price_dollars"":""0.2400"",""taker_side"":""no"",""ticker"":""KXETH15M-26APR271900-00"",""trade_id"":""77a6b4ca-8d08-4546-22c9-13e53c141880"",""yes_price_dollars"":""0.7600""}"
KXETH15M-26APR271900-00,fa3715cc-9dca-5831-4654-2140a1f09d9b,1777330244,0.75,10.0,yes,"{""count_fp"":""10.00"",""created_time"":""2026-04-27T22:50:44.053987Z"",""no_price_dollars"":""0.2500"",""taker_side"":""yes"",""ticker"":""KXETH15M-26APR271900-00"",""trade_id"":""fa3715cc-9dca-5831-4654-2140a1f09d9b"",""yes_price_dollars"":""0.7500""}"
KXETH15M-26APR271900-00,f8d5e154-e989-6160-8e41-40655fdd5385,1777330245,0.76,1.0,no,"{""count_fp"":""1.00"",""created_time"":""2026-04-27T22:50:45.413611Z"",""no_price_dollars"":""0.2400"",""taker_side"":""no"",""ticker"":""KXETH15M-26APR271900-00"",""trade_id"":""f8d5e154-e989-6160-8e41-40655fdd5385"",""yes_price_dollars"":""0.7600""}"
KXETH15M-26APR271900-00,a77fab13-be48-6036-a5f1-baa561a77558,1777330245,0.76,28.0,no,"{""count_fp"":""28.00"",""created_time"":""2026-04-27T22:50:45.413611Z"",""no_price_dollars"":""0.2400"",""taker_side"":""no"",""ticker"":""KXETH15M-26APR271900-00"",""trade_id"":""a77fab13-be48-6036-a5f1-baa561a77558"",""yes_price_dollars"":""0.7600""}"
KXETH15M-26APR271900-00,7903f823-6858-7da6-ea30-f9cbbfe49468,1777330248,0.76,1.96,no,"{""count_fp"":""1.96"",""created_time"":""2026-04-27T22:50:48.538943Z"",""no_price_dollars"":""0.2400"",""taker_side"":""no"",""ticker"":""KXETH15M-26APR271900-00"",""trade_id"":""7903f823-6858-7da6-ea30-f9cbbfe49468"",""yes_price_dollars"":""0.7600""}"
KXETH15M-26APR271900-00,48d5855c-e840-7bcc-f5c2-db2a2da2cd73,1777330248,0.76,2.0,no,"{""count_fp"":""2.00"",""created_time"":""2026-04-27T22:50:48.538943Z"",""no_price_dollars"":""0.2400"",""taker_side"":""no"",""ticker"":""KXETH15M-26APR271900-00"",""trade_id"":""48d5855c-e840-7bcc-f5c2-db2a2da2cd73"",""yes_price_dollars"":""0.7600""}"
KXETH15M-26APR271900-00,53d70e85-d909-6b1c-42c6-d128b315c9d8,1777330249,0.75,3.0,no,"{""count_fp"":""3.00"",""created_time"":""2026-04-27T22:50:49.222765Z"",""no_price_dollars"":""0.2500"",""taker_side"":""no"",""ticker"":""KXETH15M-26APR271900-00"",""trade_id"":""53d70e85-d909-6b1c-42c6-d128b315c9d8"",""yes_price_dollars"":""0.7500""}"
KXETH15M-26APR271900-00,a7ae2181-b5c1-5368-de37-55309d9f40a8,1777330251,0.75,2.83,no,"{""count_fp"":""2.83"",""created_time"":""2026-04-27T22:50:51.425141Z"",""no_price_dollars"":""0.2500"",""taker_side"":""no"",""ticker"":""KXETH15M-26APR271900-00"",""trade_id"":""a7ae2181-b5c1-5368-de37-55309d9f40a8"",""yes_price_dollars"":""0.7500""}"
KXETH15M-26APR271900-00,fe0ba4fb-a28d-4e4c-9247-6d7acbfc33d0,1777330254,0.78,2.0,no,"{""count_fp"":""2.00"",""created_time"":""2026-04-27T22:50:54.495379Z"",""no_price_dollars"":""0.2200"",""taker_side"":""no"",""ticker"":""KXETH15M-26APR271900-00"",""trade_id"":""fe0ba4fb-a28d-4e4c-9247-6d7acbfc33d0"",""yes_price_dollars"":""0.7800""}"
KXETH15M-26APR271900-00,b9775131-2271-497c-87a3-9a014d706ace,1777330254,0.76,3.0,no,"{""count_fp"":""3.00"",""created_time"":""2026-04-27T22:50:54.495379Z"",""no_price_dollars"":""0.2400"",""taker_side"":""no"",""ticker"":""KXETH15M-26APR271900-00"",""trade_id"":""b9775131-2271-497c-87a3-9a014d706ace"",""yes_price_dollars"":""0.7600""}"
KXETH15M-26APR271900-00,be8001f7-23f9-71dc-89ae-d91ebe193a08,1777330254,0.78,3.0,no,"{""count_fp"":""3.00"",""created_time"":""2026-04-27T22:50:54.440594Z"",""no_price_dollars"":""0.2200"",""taker_side"":""no"",""ticker"":""KXETH15M-26APR271900-00"",""trade_id"":""be8001f7-23f9-71dc-89ae-d91ebe193a08"",""yes_price_dollars"":""0.7800""}"
KXETH15M-26APR271900-00,05782b26-a8e8-7162-f6a7-c9dfc13b9e50,1777330255,0.78,65.0,no,"{""count_fp"":""65.00"",""created_time"":""2026-04-27T22:50:55.948934Z"",""no_price_dollars"":""0.2200"",""taker_side"":""no"",""ticker"":""KXETH15M-26APR271900-00"",""trade_id"":""05782b26-a8e8-7162-f6a7-c9dfc13b9e50"",""yes_price_dollars"":""0.7800""}"
KXETH15M-26APR271900-00,b150d2bd-4016-78d0-8889-eb2956a42a1c,1777330256,0.78,66.0,no,"{""count_fp"":""66.00"",""created_time"":""2026-04-27T22:50:56.757051Z"",""no_price_dollars"":""0.2200"",""taker_side"":""no"",""ticker"":""KXETH15M-26APR271900-00"",""trade_id"":""b150d2bd-4016-78d0-8889-eb2956a42a1c"",""yes_price_dollars"":""0.7800""}"
KXETH15M-26APR271900-00,37381d5c-01e3-71d5-8997-f3c9a8d07f53,1777330256,0.8,5.0,no,"{""count_fp"":""5.00"",""created_time"":""2026-04-27T22:50:56.757051Z"",""no_price_dollars"":""0.2000"",""taker_side"":""no"",""ticker"":""KXETH15M-26APR271900-00"",""trade_id"":""37381d5c-01e3-71d5-8997-f3c9a8d07f53"",""yes_price_dollars"":""0.8000""}"
KXETH15M-26APR271900-00,77603262-1065-6060-56b5-a753fa1deb49,1777330256,0.8,5.0,no,"{""count_fp"":""5.00"",""created_time"":""2026-04-27T22:50:56.130413Z"",""no_price_dollars"":""0.2000"",""taker_side"":""no"",""ticker"":""KXETH15M-26APR271900-00"",""trade_id"":""77603262-1065-6060-56b5-a753fa1deb49"",""yes_price_dollars"":""0.8000""}"
KXETH15M-26APR271900-00,5a1d41cc-063f-6c8c-c707-f28eb7e5f128,1777330256,0.79,2.0,yes,"{""count_fp"":""2.00"",""created_time"":""2026-04-27T22:50:56.089109Z"",""no_price_dollars"":""0.2100"",""taker_side"":""yes"",""ticker"":""KXETH15M-26APR271900-00"",""trade_id"":""5a1d41cc-063f-6c8c-c707-f28eb7e5f128"",""yes_price_dollars"":""0.7900""}"
KXETH15M-26APR271900-00,9925a5ef-d52f-561d-9d47-b593eb814c77,1777330259,0.81,0.22,yes,"{""count_fp"":""0.22"",""created_time"":""2026-04-27T22:50:59.796446Z"",""no_price_dollars"":""0.1900"",""taker_side"":""yes"",""ticker"":""KXETH15M-26APR271900-00"",""trade_id"":""9925a5ef-d52f-561d-9d47-b593eb814c77"",""yes_price_dollars"":""0.8100""}"
KXETH15M-26APR271900-00,eb68a680-595a-4c61-b4ff-4c11da5f383d,1777330259,0.77,1.0,no,"{""count_fp"":""1.00"",""created_time"":""2026-04-27T22:50:59.440306Z"",""no_price_dollars"":""0.2300"",""taker_side"":""no"",""ticker"":""KXETH15M-26APR271900-00"",""trade_id"":""eb68a680-595a-4c61-b4ff-4c11da5f383d"",""yes_price_dollars"":""0.7700""}"
KXETH15M-26APR271900-00,6b2b8d0c-d252-4639-9d1d-7449fa293ae2,1777330259,0.78,5.0,no,"{""count_fp"":""5.00"",""created_time"":""2026-04-27T22:50:59.440306Z"",""no_price_dollars"":""0.2200"",""taker_side"":""no"",""ticker"":""KXETH15M-26APR271900-00"",""trade_id"":""6b2b8d0c-d252-4639-9d1d-7449fa293ae2"",""yes_price_dollars"":""0.7800""}"
KXETH15M-26APR271900-00,631bfca3-7cd2-4783-ba63-134f213641c4,1777330259,0.77,7.69,no,"{""count_fp"":""7.69"",""created_time"":""2026-04-27T22:50:59.440306Z"",""no_price_dollars"":""0.2300"",""taker_side"":""no"",""ticker"":""KXETH15M-26APR271900-00"",""trade_id"":""631bfca3-7cd2-4783-ba63-134f213641c4"",""yes_price_dollars"":""0.7700""}"
KXETH15M-26APR271900-00,aa07c63c-1093-77f6-4589-2b0a40ba6aff,1777330260,0.79,1.0,yes,"{""count_fp"":""1.00"",""created_time"":""2026-04-27T22:51:00.716226Z"",""no_price_dollars"":""0.2100"",""taker_side"":""yes"",""ticker"":""KXETH15M-26APR271900-00"",""trade_id"":""aa07c63c-1093-77f6-4589-2b0a40ba6aff"",""yes_price_dollars"":""0.7900""}"
KXETH15M-26APR271900-00,e45874df-1a3e-44e7-6c13-f49b75eac7be,1777330261,0.8,1.0,yes,"{""count_fp"":""1.00"",""created_time"":""2026-04-27T22:51:01.744672Z"",""no_price_dollars"":""0.2000"",""taker_side"":""yes"",""ticker"":""KXETH15M-26APR271900-00"",""trade_id"":""e45874df-1a3e-44e7-6c13-f49b75eac7be"",""yes_price_dollars"":""0.8000""}"
KXETH15M-26APR271900-00,c7094026-4819-40de-4ab9-50fe8647d8ac,1777330261,0.8,39.0,yes,"{""count_fp"":""39.00"",""created_time"":""2026-04-27T22:51:01.744672Z"",""no_price_dollars"":""0.2000"",""taker_side"":""yes"",""ticker"":""KXETH15M-26APR271900-00"",""trade_id"":""c7094026-4819-40de-4ab9-50fe8647d8ac"",""yes_price_dollars"":""0.8000""}"
KXETH15M-26APR271900-00,3b2fa91a-5f3a-65cb-50a5-785da516676a,1777330261,0.8,1.0,yes,"{""count_fp"":""1.00"",""created_time"":""2026-04-27T22:51:01.232211Z"",""no_price_dollars"":""0.2000"",""taker_side"":""yes"",""ticker"":""KXETH15M-26APR271900-00"",""trade_id"":""3b2fa91a-5f3a-65cb-50a5-785da516676a"",""yes_price_dollars"":""0.8000""}"
KXETH15M-26APR271900-00,05dea405-7753-7467-f768-4510da38ed92,1777330261,0.79,1.0,no,"{""count_fp"":""1.00"",""created_time"":""2026-04-27T22:51:01.111703Z"",""no_price_dollars"":""0.2100"",""taker_side"":""no"",""ticker"":""KXETH15M-26APR271900-00"",""trade_id"":""05dea405-7753-7467-f768-4510da38ed92"",""yes_price_dollars"":""0.7900""}"
KXETH15M-26APR271900-00,9597b3a1-6bb5-52ad-8081-aedd2ce2f483,1777330266,0.76,5.0,no,"{""count_fp"":""5.00"",""created_time"":""2026-04-27T22:51:06.196989Z"",""no_price_dollars"":""0.2400"",""taker_side"":""no"",""ticker"":""KXETH15M-26APR271900-00"",""trade_id"":""9597b3a1-6bb5-52ad-8081-aedd2ce2f483"",""yes_price_dollars"":""0.7600""}"
KXETH15M-26APR271900-00,4ccc821d-55ce-57a3-8fb4-aa666adf0434,1777330266,0.76,34.52,no,"{""count_fp"":""34.52"",""created_time"":""2026-04-27T22:51:06.196989Z"",""no_price_dollars"":""0.2400"",""taker_side"":""no"",""ticker"":""KXETH15M-26APR271900-00"",""trade_id"":""4ccc821d-55ce-57a3-8fb4-aa666adf0434"",""yes_price_dollars"":""0.7600""}"
KXETH15M-26APR271900-00,ab65f9ec-35ab-773d-9cc3-d51f17bf2425,1777330270,0.83,0.71,yes,"{""count_fp"":""0.71"",""created_time"":""2026-04-27T22:51:10.817362Z"",""no_price_dollars"":""0.1700"",""taker_side"":""yes"",""ticker"":""KXETH15M-26APR271900-00"",""trade_id"":""ab65f9ec-35ab-773d-9cc3-d51f17bf2425"",""yes_price_dollars"":""0.8300""}"
KXETH15M-26APR271900-00,76127568-d217-79bc-8b56-dd2fcf1e1eb4,1777330270,0.83,1.0,yes,"{""count_fp"":""1.00"",""created_time"":""2026-04-27T22:51:10.817362Z"",""no_price_dollars"":""0.1700"",""taker_side"":""yes"",""ticker"":""KXETH15M-26APR271900-00"",""trade_id"":""76127568-d217-79bc-8b56-dd2fcf1e1eb4"",""yes_price_dollars"":""0.8300""}"
KXETH15M-26APR271900-00,689472d5-7f2e-74e3-baad-7240fad620e4,1777330270,0.83,9.0,yes,"{""count_fp"":""9.00"",""created_time"":""2026-04-27T22:51:10.817362Z"",""no_price_dollars"":""0.1700"",""taker_side"":""yes"",""ticker"":""KXETH15M-26APR271900-00"",""trade_id"":""689472d5-7f2e-74e3-baad-7240fad620e4"",""yes_price_dollars"":""0.8300""}"
KXETH15M-26APR271900-00,3d5eb0fc-56c6-76bb-9d48-7c6188597914,1777330270,0.82,1.0,yes,"{""count_fp"":""1.00"",""created_time"":""2026-04-27T22:51:10.817362Z"",""no_price_dollars"":""0.1800"",""taker_side"":""yes"",""ticker"":""KXETH15M-26APR271900-00"",""trade_id"":""3d5eb0fc-56c6-76bb-9d48-7c6188597914"",""yes_price_dollars"":""0.8200""}"
KXETH15M-26APR271900-00,f1387de3-4112-55e4-d3ab-7e630719aac8,1777330271,0.79,26.0,no,"{""count_fp"":""26.00"",""created_time"":""2026-04-27T22:51:11.902774Z"",""no_price_dollars"":""0.2100"",""taker_side"":""no"",""ticker"":""KXETH15M-26APR271900-00"",""trade_id"":""f1387de3-4112-55e4-d3ab-7e630719aac8"",""yes_price_dollars"":""0.7900""}"
KXETH15M-26APR271900-00,d69416b7-1716-7f6c-66ee-d1228dd9a8fc,1777330271,0.79,25.0,no,"{""count_fp"":""25.00"",""created_time"":""2026-04-27T22:51:11.077981Z"",""no_price_dollars"":""0.2100"",""taker_side"":""no"",""ticker"":""KXETH15M-26APR271900-00"",""trade_id"":""d69416b7-1716-7f6c-66ee-d1228dd9a8fc"",""yes_price_dollars"":""0.7900""}"
KXETH15M-26APR271900-00,47d0e411-e8b6-4c74-9f07-2ff08baa00b4,1777330272,0.79,1.0,no,"{""count_fp"":""1.00"",""created_time"":""2026-04-27T22:51:12.811964Z"",""no_price_dollars"":""0.2100"",""taker_side"":""no"",""ticker"":""KXETH15M-26APR271900-00"",""trade_id"":""47d0e411-e8b6-4c74-9f07-2ff08baa00b4"",""yes_price_dollars"":""0.7900""}"
KXETH15M-26APR271900-00,cf4b78d4-c960-7997-81de-dcd20f430c98,1777330286,0.77,0.13,yes,"{""count_fp"":""0.13"",""created_time"":""2026-04-27T22:51:26.436063Z"",""no_price_dollars"":""0.2300"",""taker_side"":""yes"",""ticker"":""KXETH15M-26APR271900-00"",""trade_id"":""cf4b78d4-c960-7997-81de-dcd20f430c98"",""yes_price_dollars"":""0.7700""}"
KXETH15M-26APR271900-00,0650ac0f-6e8f-412a-e8da-3d1ff9c678a2,1777330289,0.76,2.0,no,"{""count_fp"":""2.00"",""created_time"":""2026-04-27T22:51:29.643552Z"",""no_price_dollars"":""0.2400"",""taker_side"":""no"",""ticker"":""KXETH15M-26APR271900-00"",""trade_id"":""0650ac0f-6e8f-412a-e8da-3d1ff9c678a2"",""yes_price_dollars"":""0.7600""}"
KXETH15M-26APR271900-00,f3693a20-ba38-5bee-46bd-5b22e510b3d6,1777330298,0.74,1.82,no,"{""count_fp"":""1.82"",""created_time"":""2026-04-27T22:51:38.664508Z"",""no_price_dollars"":""0.2600"",""taker_side"":""no"",""ticker"":""KXETH15M-26APR271900-00"",""trade_id"":""f3693a20-ba38-5bee-46bd-5b22e510b3d6"",""yes_price_dollars"":""0.7400""}"
KXETH15M-26APR271900-00,df6f8938-eb0f-7bef-72a0-2151e369b733,1777330299,0.78,1.0,yes,"{""count_fp"":""1.00"",""created_time"":""2026-04-27T22:51:39.316665Z"",""no_price_dollars"":""0.2200"",""taker_side"":""yes"",""ticker"":""KXETH15M-26APR271900-00"",""trade_id"":""df6f8938-eb0f-7bef-72a0-2151e369b733"",""yes_price_dollars"":""0.7800""}"
KXETH15M-26APR271900-00,a15c58e3-535e-78e3-6b26-fd08b1ece9de,1777330299,0.77,10.0,yes,"{""count_fp"":""10.00"",""created_time"":""2026-04-27T22:51:39.316665Z"",""no_price_dollars"":""0.2300"",""taker_side"":""yes"",""ticker"":""KXETH15M-26APR271900-00"",""trade_id"":""a15c58e3-535e-78e3-6b26-fd08b1ece9de"",""yes_price_dollars"":""0.7700""}"
KXETH15M-26APR271900-00,99b1cb51-a8e0-7fdf-4d30-3fcdf3beaa80,1777330299,0.78,16.88,yes,"{""count_fp"":""16.88"",""created_time"":""2026-04-27T22:51:39.316665Z"",""no_price_dollars"":""0.2200"",""taker_side"":""yes"",""ticker"":""KXETH15M-26APR271900-00"",""trade_id"":""99b1cb51-a8e0-7fdf-4d30-3fcdf3beaa80"",""yes_price_dollars"":""0.7800""}"
KXETH15M-26APR271900-00,327f8432-be28-7fce-7308-3d7b99452b49,1777330299,0.76,3.82,yes,"{""count_fp"":""3.82"",""created_time"":""2026-04-27T22:51:39.316665Z"",""no_price_dollars"":""0.2400"",""taker_side"":""yes"",""ticker"":""KXETH15M-26APR271900-00"",""trade_id"":""327f8432-be28-7fce-7308-3d7b99452b49"",""yes_price_dollars"":""0.7600""}"
KXETH15M-26APR271900-00,9978b801-c2fe-4593-78f8-c1be20185f1d,1777330306,0.78,6.31,yes,"{""count_fp"":""6.31"",""created_time"":""2026-04-27T22:51:46.327983Z"",""no_price_dollars"":""0.2200"",""taker_side"":""yes"",""ticker"":""KXETH15M-26APR271900-00"",""trade_id"":""9978b801-c2fe-4593-78f8-c1be20185f1d"",""yes_price_dollars"":""0.7800""}"
KXETH15M-26APR271900-00,094f5369-0fa2-7842-6dbe-37d497312077,1777330316,0.78,3.0,yes,"{""count_fp"":""3.00"",""created_time"":""2026-04-27T22:51:56.842442Z"",""no_price_dollars"":""0.2200"",""taker_side"":""yes"",""ticker"":""KXETH15M-26APR271900-00"",""trade_id"":""094f5369-0fa2-7842-6dbe-37d497312077"",""yes_price_dollars"":""0.7800""}"
KXETH15M-26APR271900-00,3999097e-10bb-68d1-534f-48a959ea6c36,1777330317,0.59,36.0,no,"{""count_fp"":""36.00"",""created_time"":""2026-04-27T22:51:57.797692Z"",""no_price_dollars"":""0.4100"",""taker_side"":""no"",""ticker"":""KXETH15M-26APR271900-00"",""trade_id"":""3999097e-10bb-68d1-534f-48a959ea6c36"",""yes_price_dollars"":""0.5900""}"
KXETH15M-26APR271900-00,d4b53e18-02c1-629a-a9d8-75bd7ef26e85,1777330317,0.66,10.0,no,"{""count_fp"":""10.00"",""created_time"":""2026-04-27T22:51:57.738055Z"",""no_price_dollars"":""0.3400"",""taker_side"":""no"",""ticker"":""KXETH15M-26APR271900-00"",""trade_id"":""d4b53e18-02c1-629a-a9d8-75bd7ef26e85"",""yes_price_dollars"":""0.6600""}"
KXETH15M-26APR271900-00,abc0e8b4-2230-6510-b651-a759a45de055,1777330317,0.65,10.67,no,"{""count_fp"":""10.67"",""created_time"":""2026-04-27T22:51:57.738055Z"",""no_price_dollars"":""0.3500"",""taker_side"":""no"",""ticker"":""KXETH15M-26APR271900-00"",""trade_id"":""abc0e8b4-2230-6510-b651-a759a45de055"",""yes_price_dollars"":""0.6500""}"
KXETH15M-26APR271900-00,a8ae4d13-0911-6ad6-9837-776052ce890d,1777330317,0.61,21.0,no,"{""count_fp"":""21.00"",""created_time"":""2026-04-27T22:51:57.738055Z"",""no_price_dollars"":""0.3900"",""taker_side"":""no"",""ticker"":""KXETH15M-26APR271900-00"",""trade_id"":""a8ae4d13-0911-6ad6-9837-776052ce890d"",""yes_price_dollars"":""0.6100""}"
KXETH15M-26APR271900-00,8f55eb6c-9f0c-615e-af87-c0c7b9389147,1777330317,0.6,15.0,no,"{""count_fp"":""15.00"",""created_time"":""2026-04-27T22:51:57.738055Z"",""no_price_dollars"":""0.4000"",""taker_side"":""no"",""ticker"":""KXETH15M-26APR271900-00"",""trade_id"":""8f55eb6c-9f0c-615e-af87-c0c7b9389147"",""yes_price_dollars"":""0.6000""}"
KXETH15M-26APR271900-00,3f9bc8fd-5b1e-735a-df68-37635bdcebd5,1777330317,0.69,1.0,no,"{""count_fp"":""1.00"",""created_time"":""2026-04-27T22:51:57.721737Z"",""no_price_dollars"":""0.3100"",""taker_side"":""no"",""ticker"":""KXETH15M-26APR271900-00"",""trade_id"":""3f9bc8fd-5b1e-735a-df68-37635bdcebd5"",""yes_price_dollars"":""0.6900""}"
KXETH15M-26APR271900-00,336be69a-68f2-7edf-f7df-1be218969134,1777330317,0.7,100.0,no,"{""count_fp"":""100.00"",""created_time"":""2026-04-27T22:51:57.721737Z"",""no_price_dollars"":""0.3000"",""taker_side"":""no"",""ticker"":""KXETH15M-26APR271900-00"",""trade_id"":""336be69a-68f2-7edf-f7df-1be218969134"",""yes_price_dollars"":""0.7000""}"
KXETH15M-26APR271900-00,eb973951-aa98-6737-6df1-64228c9aa758,1777330318,0.58,1.0,yes,"{""count_fp"":""1.00"",""created_time"":""2026-04-27T22:51:58.164039Z"",""no_price_dollars"":""0.4200"",""taker_side"":""yes"",""ticker"":""KXETH15M-26APR271900-00"",""trade_id"":""eb973951-aa98-6737-6df1-64228c9aa758"",""yes_price_dollars"":""0.5800""}"
KXETH15M-26APR271900-00,06b28f48-c1d0-6d17-1405-7b1ede8575b0,1777330318,0.58,104.0,yes,"{""count_fp"":""104.00"",""created_time"":""2026-04-27T22:51:58.098798Z"",""no_price_dollars"":""0.4200"",""taker_side"":""yes"",""ticker"":""KXETH15M-26APR271900-00"",""trade_id"":""06b28f48-c1d0-6d17-1405-7b1ede8575b0"",""yes_price_dollars"":""0.5800""}"
KXETH15M-26APR271900-00,bb90ba12-9d63-4b11-4839-5253b83701df,1777330319,0.57,10.0,yes,"{""count_fp"":""10.00"",""created_time"":""2026-04-27T22:51:59.095529Z"",""no_price_dollars"":""0.4300"",""taker_side"":""yes"",""ticker"":""KXETH15M-26APR271900-00"",""trade_id"":""bb90ba12-9d63-4b11-4839-5253b83701df"",""yes_price_dollars"":""0.5700""}"
KXETH15M-26APR271900-00,67c246a8-5254-419b-4701-122e341ce878,1777330319,0.58,84.0,yes,"{""count_fp"":""84.00"",""created_time"":""2026-04-27T22:51:59.095529Z"",""no_price_dollars"":""0.4200"",""taker_side"":""yes"",""ticker"":""KXETH15M-26APR271900-00"",""trade_id"":""67c246a8-5254-419b-4701-122e341ce878"",""yes_price_dollars"":""0.5800""}"
KXETH15M-26APR271900-00,797e3099-0086-4c7a-ef60-922d03bb3645,1777330320,0.52,150.0,no,"{""count_fp"":""150.00"",""created_time"":""2026-04-27T22:52:00.738595Z"",""no_price_dollars"":""0.4800"",""taker_side"":""no"",""ticker"":""KXETH15M-26APR271900-00"",""trade_id"":""797e3099-0086-4c7a-ef60-922d03bb3645"",""yes_price_dollars"":""0.5200""}"
KXETH15M-26APR271900-00,dac4b2e5-ac8a-7f1a-3402-7199fd1be957,1777330320,0.54,10.0,no,"{""count_fp"":""10.00"",""created_time"":""2026-04-27T22:52:00.367799Z"",""no_price_dollars"":""0.4600"",""taker_side"":""no"",""ticker"":""KXETH15M-26APR271900-00"",""trade_id"":""dac4b2e5-ac8a-7f1a-3402-7199fd1be957"",""yes_price_dollars"":""0.5400""}"
KXETH15M-26APR271900-00,af164536-ffdc-7d9f-99cc-1d0a69d27a74,1777330322,0.54,13.88,yes,"{""count_fp"":""13.88"",""created_time"":""2026-04-27T22:52:02.259824Z"",""no_price_dollars"":""0.4600"",""taker_side"":""yes"",""ticker"":""KXETH15M-26APR271900-00"",""trade_id"":""af164536-ffdc-7d9f-99cc-1d0a69d27a74"",""yes_price_dollars"":""0.5400""}"
KXETH15M-26APR271900-00,d59912a5-091d-49f3-0e89-95a72dcec259,1777330324,0.54,1.0,no,"{""count_fp"":""1.00"",""created_time"":""2026-04-27T22:52:04.271832Z"",""no_price_dollars"":""0.4600"",""taker_side"":""no"",""ticker"":""KXETH15M-26APR271900-00"",""trade_id"":""d59912a5-091d-49f3-0e89-95a72dcec259"",""yes_price_dollars"":""0.5400""}"
KXETH15M-26APR271900-00,e4851f91-90b0-6965-4c98-b022edf59f76,1777330326,0.53,10.0,yes,"{""count_fp"":""10.00"",""created_time"":""2026-04-27T22:52:06.932076Z"",""no_price_dollars"":""0.4700"",""taker_side"":""yes"",""ticker"":""KXETH15M-26APR271900-00"",""trade_id"":""e4851f91-90b0-6965-4c98-b022edf59f76"",""yes_price_dollars"":""0.5300""}"
KXETH15M-26APR271900-00,c34987ad-e030-6374-6333-64f7baae6c27,1777330326,0.53,1.0,yes,"{""count_fp"":""1.00"",""created_time"":""2026-04-27T22:52:06.932076Z"",""no_price_dollars"":""0.4700"",""taker_side"":""yes"",""ticker"":""KXETH15M-26APR271900-00"",""trade_id"":""c34987ad-e030-6374-6333-64f7baae6c27"",""yes_price_dollars"":""0.5300""}"
KXETH15M-26APR271900-00,999506f4-b748-6527-550a-e26de2094c48,1777330326,0.54,15.43,yes,"{""count_fp"":""15.43"",""created_time"":""2026-04-27T22:52:06.932076Z"",""no_price_dollars"":""0.4600"",""taker_side"":""yes"",""ticker"":""KXETH15M-26APR271900-00"",""trade_id"":""999506f4-b748-6527-550a-e26de2094c48"",""yes_price_dollars"":""0.5400""}"
KXETH15M-26APR271900-00,524c32be-96d2-57b1-558d-16e5b1486793,1777330328,0.52,10.0,no,"{""count_fp"":""10.00"",""created_time"":""2026-04-27T22:52:08.249167Z"",""no_price_dollars"":""0.4800"",""taker_side"":""no"",""ticker"":""KXETH15M-26APR271900-00"",""trade_id"":""524c32be-96d2-57b1-558d-16e5b1486793"",""yes_price_dollars"":""0.5200""}"
