ticker,trade_id,ts,yes_price,count,taker_side,raw_json
KXETH15M-26APR280000-00,d762a997-04e6-490a-182d-2d6ed18aabe2,1777347911,0.47,50.0,no,"{""count_fp"":""50.00"",""created_time"":""2026-04-28T03:45:11.009913Z"",""no_price_dollars"":""0.5300"",""taker_side"":""no"",""ticker"":""KXETH15M-26APR280000-00"",""trade_id"":""d762a997-04e6-490a-182d-2d6ed18aabe2"",""yes_price_dollars"":""0.4700""}"
KXETH15M-26APR280000-00,08749886-47a7-7dbd-ba41-3c6038e330f7,1777347913,0.46,1.0,no,"{""count_fp"":""1.00"",""created_time"":""2026-04-28T03:45:13.013482Z"",""no_price_dollars"":""0.5400"",""taker_side"":""no"",""ticker"":""KXETH15M-26APR280000-00"",""trade_id"":""08749886-47a7-7dbd-ba41-3c6038e330f7"",""yes_price_dollars"":""0.4600""}"
KXETH15M-26APR280000-00,63ca90bb-209b-4e3d-98ff-29c61db34d13,1777347914,0.47,1.0,yes,"{""count_fp"":""1.00"",""created_time"":""2026-04-28T03:45:14.986646Z"",""no_price_dollars"":""0.5300"",""taker_side"":""yes"",""ticker"":""KXETH15M-26APR280000-00"",""trade_id"":""63ca90bb-209b-4e3d-98ff-29c61db34d13"",""yes_price_dollars"":""0.4700""}"
KXETH15M-26APR280000-00,98395bc8-a00b-43e1-12a0-b4fd4d939643,1777347914,0.46,1.79,no,"{""count_fp"":""1.79"",""created_time"":""2026-04-28T03:45:14.627523Z"",""no_price_dollars"":""0.5400"",""taker_side"":""no"",""ticker"":""KXETH15M-26APR280000-00"",""trade_id"":""98395bc8-a00b-43e1-12a0-b4fd4d939643"",""yes_price_dollars"":""0.4600""}"
KXETH15M-26APR280000-00,2cc3c1d1-2420-4957-fdd3-17a89ad0f510,1777347917,0.47,1.0,no,"{""count_fp"":""1.00"",""created_time"":""2026-04-28T03:45:17.122092Z"",""no_price_dollars"":""0.5300"",""taker_side"":""no"",""ticker"":""KXETH15M-26APR280000-00"",""trade_id"":""2cc3c1d1-2420-4957-fdd3-17a89ad0f510"",""yes_price_dollars"":""0.4700""}"
KXETH15M-26APR280000-00,59d98223-9ac7-7107-3f9a-a00f9a7d4613,1777347919,0.48,1.0,yes,"{""count_fp"":""1.00"",""created_time"":""2026-04-28T03:45:19.134652Z"",""no_price_dollars"":""0.5200"",""taker_side"":""yes"",""ticker"":""KXETH15M-26APR280000-00"",""trade_id"":""59d98223-9ac7-7107-3f9a-a00f9a7d4613"",""yes_price_dollars"":""0.4800""}"
KXETH15M-26APR280000-00,a8fda459-21a4-7a48-f481-93a436fbd6b2,1777347924,0.45,100.0,no,"{""count_fp"":""100.00"",""created_time"":""2026-04-28T03:45:24.218495Z"",""no_price_dollars"":""0.5500"",""taker_side"":""no"",""ticker"":""KXETH15M-26APR280000-00"",""trade_id"":""a8fda459-21a4-7a48-f481-93a436fbd6b2"",""yes_price_dollars"":""0.4500""}"
KXETH15M-26APR280000-00,2c2c2648-db1f-74f2-e0b5-9b906d3ba0ae,1777347924,0.45,50.0,no,"{""count_fp"":""50.00"",""created_time"":""2026-04-28T03:45:24.218495Z"",""no_price_dollars"":""0.5500"",""taker_side"":""no"",""ticker"":""KXETH15M-26APR280000-00"",""trade_id"":""2c2c2648-db1f-74f2-e0b5-9b906d3ba0ae"",""yes_price_dollars"":""0.4500""}"
KXETH15M-26APR280000-00,cd35c73c-d994-4384-7399-741106b07190,1777347925,0.42,50.0,no,"{""count_fp"":""50.00"",""created_time"":""2026-04-28T03:45:25.054416Z"",""no_price_dollars"":""0.5800"",""taker_side"":""no"",""ticker"":""KXETH15M-26APR280000-00"",""trade_id"":""cd35c73c-d994-4384-7399-741106b07190"",""yes_price_dollars"":""0.4200""}"
KXETH15M-26APR280000-00,8e3f7220-a1e4-43b7-6640-0580805d25de,1777347925,0.42,10.0,no,"{""count_fp"":""10.00"",""created_time"":""2026-04-28T03:45:25.054416Z"",""no_price_dollars"":""0.5800"",""taker_side"":""no"",""ticker"":""KXETH15M-26APR280000-00"",""trade_id"":""8e3f7220-a1e4-43b7-6640-0580805d25de"",""yes_price_dollars"":""0.4200""}"
KXETH15M-26APR280000-00,c25c4750-daac-76fc-8aa3-e6b8342a3d5d,1777347926,0.37,1.0,yes,"{""count_fp"":""1.00"",""created_time"":""2026-04-28T03:45:26.952314Z"",""no_price_dollars"":""0.6300"",""taker_side"":""yes"",""ticker"":""KXETH15M-26APR280000-00"",""trade_id"":""c25c4750-daac-76fc-8aa3-e6b8342a3d5d"",""yes_price_dollars"":""0.3700""}"
KXETH15M-26APR280000-00,fac8fc44-d677-7982-540f-65abefe363c4,1777347926,0.38,100.0,no,"{""count_fp"":""100.00"",""created_time"":""2026-04-28T03:45:26.897643Z"",""no_price_dollars"":""0.6200"",""taker_side"":""no"",""ticker"":""KXETH15M-26APR280000-00"",""trade_id"":""fac8fc44-d677-7982-540f-65abefe363c4"",""yes_price_dollars"":""0.3800""}"
KXETH15M-26APR280000-00,aed806c9-1411-79ed-761d-ee1b9cba67fa,1777347926,0.37,60.0,no,"{""count_fp"":""60.00"",""created_time"":""2026-04-28T03:45:26.897643Z"",""no_price_dollars"":""0.6300"",""taker_side"":""no"",""ticker"":""KXETH15M-26APR280000-00"",""trade_id"":""aed806c9-1411-79ed-761d-ee1b9cba67fa"",""yes_price_dollars"":""0.3700""}"
KXETH15M-26APR280000-00,314b04df-aa60-7c4b-6707-8ed962559581,1777347926,0.37,5.0,no,"{""count_fp"":""5.00"",""created_time"":""2026-04-28T03:45:26.897643Z"",""no_price_dollars"":""0.6300"",""taker_side"":""no"",""ticker"":""KXETH15M-26APR280000-00"",""trade_id"":""314b04df-aa60-7c4b-6707-8ed962559581"",""yes_price_dollars"":""0.3700""}"
KXETH15M-26APR280000-00,6db6e93b-41b5-66fd-ea8b-0e82e40e3042,1777347926,0.4,5.0,no,"{""count_fp"":""5.00"",""created_time"":""2026-04-28T03:45:26.883288Z"",""no_price_dollars"":""0.6000"",""taker_side"":""no"",""ticker"":""KXETH15M-26APR280000-00"",""trade_id"":""6db6e93b-41b5-66fd-ea8b-0e82e40e3042"",""yes_price_dollars"":""0.4000""}"
KXETH15M-26APR280000-00,d0f62227-23cd-45e9-67ad-eed20961b2d3,1777347931,0.32,1.0,yes,"{""count_fp"":""1.00"",""created_time"":""2026-04-28T03:45:31.858554Z"",""no_price_dollars"":""0.6800"",""taker_side"":""yes"",""ticker"":""KXETH15M-26APR280000-00"",""trade_id"":""d0f62227-23cd-45e9-67ad-eed20961b2d3"",""yes_price_dollars"":""0.3200""}"
KXETH15M-26APR280000-00,34830f58-b519-4d58-7f01-cac868477d5e,1777347931,0.36,1.48,yes,"{""count_fp"":""1.48"",""created_time"":""2026-04-28T03:45:31.858554Z"",""no_price_dollars"":""0.6400"",""taker_side"":""yes"",""ticker"":""KXETH15M-26APR280000-00"",""trade_id"":""34830f58-b519-4d58-7f01-cac868477d5e"",""yes_price_dollars"":""0.3600""}"
KXETH15M-26APR280000-00,7e86111a-2859-686e-53d2-2862fcb6c237,1777347932,0.32,1.0,yes,"{""count_fp"":""1.00"",""created_time"":""2026-04-28T03:45:32.523798Z"",""no_price_dollars"":""0.6800"",""taker_side"":""yes"",""ticker"":""KXETH15M-26APR280000-00"",""trade_id"":""7e86111a-2859-686e-53d2-2862fcb6c237"",""yes_price_dollars"":""0.3200""}"
KXETH15M-26APR280000-00,6b0427e9-dff8-7ec8-7d0e-f1ae86edf3b3,1777347935,0.46,60.0,no,"{""count_fp"":""60.00"",""created_time"":""2026-04-28T03:45:35.875458Z"",""no_price_dollars"":""0.5400"",""taker_side"":""no"",""ticker"":""KXETH15M-26APR280000-00"",""trade_id"":""6b0427e9-dff8-7ec8-7d0e-f1ae86edf3b3"",""yes_price_dollars"":""0.4600""}"
KXETH15M-26APR280000-00,dd71eee3-3aed-454c-9a47-7a9d5deda3dc,1777347935,0.44,6.0,yes,"{""count_fp"":""6.00"",""created_time"":""2026-04-28T03:45:35.810878Z"",""no_price_dollars"":""0.5600"",""taker_side"":""yes"",""ticker"":""KXETH15M-26APR280000-00"",""trade_id"":""dd71eee3-3aed-454c-9a47-7a9d5deda3dc"",""yes_price_dollars"":""0.4400""}"
KXETH15M-26APR280000-00,d596f2b6-1218-4ee6-b3dc-33cba2e448a5,1777347935,0.44,100.0,yes,"{""count_fp"":""100.00"",""created_time"":""2026-04-28T03:45:35.810878Z"",""no_price_dollars"":""0.5600"",""taker_side"":""yes"",""ticker"":""KXETH15M-26APR280000-00"",""trade_id"":""d596f2b6-1218-4ee6-b3dc-33cba2e448a5"",""yes_price_dollars"":""0.4400""}"
KXETH15M-26APR280000-00,8defe634-1c36-4ed8-f8ee-75f056f56200,1777347935,0.41,10.0,yes,"{""count_fp"":""10.00"",""created_time"":""2026-04-28T03:45:35.802568Z"",""no_price_dollars"":""0.5900"",""taker_side"":""yes"",""ticker"":""KXETH15M-26APR280000-00"",""trade_id"":""8defe634-1c36-4ed8-f8ee-75f056f56200"",""yes_price_dollars"":""0.4100""}"
KXETH15M-26APR280000-00,56a1b389-6641-4cba-dcf2-01ce0bffb194,1777347935,0.33,1.0,yes,"{""count_fp"":""1.00"",""created_time"":""2026-04-28T03:45:35.802568Z"",""no_price_dollars"":""0.6700"",""taker_side"":""yes"",""ticker"":""KXETH15M-26APR280000-00"",""trade_id"":""56a1b389-6641-4cba-dcf2-01ce0bffb194"",""yes_price_dollars"":""0.3300""}"
KXETH15M-26APR280000-00,32137b32-4100-49cb-e335-14815cfa1be0,1777347935,0.4,4.0,yes,"{""count_fp"":""4.00"",""created_time"":""2026-04-28T03:45:35.802568Z"",""no_price_dollars"":""0.6000"",""taker_side"":""yes"",""ticker"":""KXETH15M-26APR280000-00"",""trade_id"":""32137b32-4100-49cb-e335-14815cfa1be0"",""yes_price_dollars"":""0.4000""}"
KXETH15M-26APR280000-00,31d386f8-1a87-43e9-cce9-3566ed5e15a1,1777347935,0.42,60.0,yes,"{""count_fp"":""60.00"",""created_time"":""2026-04-28T03:45:35.802568Z"",""no_price_dollars"":""0.5800"",""taker_side"":""yes"",""ticker"":""KXETH15M-26APR280000-00"",""trade_id"":""31d386f8-1a87-43e9-cce9-3566ed5e15a1"",""yes_price_dollars"":""0.4200""}"
KXETH15M-26APR280000-00,422fc4d4-bf41-6efa-724d-5b4c43e4ecc5,1777347936,0.51,1.0,yes,"{""count_fp"":""1.00"",""created_time"":""2026-04-28T03:45:36.658336Z"",""no_price_dollars"":""0.4900"",""taker_side"":""yes"",""ticker"":""KXETH15M-26APR280000-00"",""trade_id"":""422fc4d4-bf41-6efa-724d-5b4c43e4ecc5"",""yes_price_dollars"":""0.5100""}"
KXETH15M-26APR280000-00,c77ba6b3-f01a-6a49-72fe-c19c921f2868,1777347936,0.49,1.0,yes,"{""count_fp"":""1.00"",""created_time"":""2026-04-28T03:45:36.204459Z"",""no_price_dollars"":""0.5100"",""taker_side"":""yes"",""ticker"":""KXETH15M-26APR280000-00"",""trade_id"":""c77ba6b3-f01a-6a49-72fe-c19c921f2868"",""yes_price_dollars"":""0.4900""}"
KXETH15M-26APR280000-00,295d341b-3a34-6b57-42a6-da19cfb5f53e,1777347936,0.5,1.0,yes,"{""count_fp"":""1.00"",""created_time"":""2026-04-28T03:45:36.204459Z"",""no_price_dollars"":""0.5000"",""taker_side"":""yes"",""ticker"":""KXETH15M-26APR280000-00"",""trade_id"":""295d341b-3a34-6b57-42a6-da19cfb5f53e"",""yes_price_dollars"":""0.5000""}"
KXETH15M-26APR280000-00,acd8a089-d84c-5550-e729-4b4200ca0cf3,1777347938,0.53,6.0,no,"{""count_fp"":""6.00"",""created_time"":""2026-04-28T03:45:38.117612Z"",""no_price_dollars"":""0.4700"",""taker_side"":""no"",""ticker"":""KXETH15M-26APR280000-00"",""trade_id"":""acd8a089-d84c-5550-e729-4b4200ca0cf3"",""yes_price_dollars"":""0.5300""}"
KXETH15M-26APR280000-00,7150d1ec-0768-7373-cb45-6cc66454070f,1777347941,0.54,1.0,yes,"{""count_fp"":""1.00"",""created_time"":""2026-04-28T03:45:41.744959Z"",""no_price_dollars"":""0.4600"",""taker_side"":""yes"",""ticker"":""KXETH15M-26APR280000-00"",""trade_id"":""7150d1ec-0768-7373-cb45-6cc66454070f"",""yes_price_dollars"":""0.5400""}"
KXETH15M-26APR280000-00,385036bc-09cb-76d4-d470-e468c1ed9a60,1777347941,0.59,35.0,yes,"{""count_fp"":""35.00"",""created_time"":""2026-04-28T03:45:41.744959Z"",""no_price_dollars"":""0.4100"",""taker_side"":""yes"",""ticker"":""KXETH15M-26APR280000-00"",""trade_id"":""385036bc-09cb-76d4-d470-e468c1ed9a60"",""yes_price_dollars"":""0.5900""}"
KXETH15M-26APR280000-00,3512c3f2-20b1-7721-d8cf-ed75b78bf15c,1777347941,0.55,41.0,yes,"{""count_fp"":""41.00"",""created_time"":""2026-04-28T03:45:41.744959Z"",""no_price_dollars"":""0.4500"",""taker_side"":""yes"",""ticker"":""KXETH15M-26APR280000-00"",""trade_id"":""3512c3f2-20b1-7721-d8cf-ed75b78bf15c"",""yes_price_dollars"":""0.5500""}"
KXETH15M-26APR280000-00,284a3751-8659-75d5-dfea-61f5aca554cc,1777347941,0.54,10.0,yes,"{""count_fp"":""10.00"",""created_time"":""2026-04-28T03:45:41.744959Z"",""no_price_dollars"":""0.4600"",""taker_side"":""yes"",""ticker"":""KXETH15M-26APR280000-00"",""trade_id"":""284a3751-8659-75d5-dfea-61f5aca554cc"",""yes_price_dollars"":""0.5400""}"
KXETH15M-26APR280000-00,846e9061-2f14-576d-884d-256397859e43,1777347944,0.51,1.0,yes,"{""count_fp"":""1.00"",""created_time"":""2026-04-28T03:45:44.195085Z"",""no_price_dollars"":""0.4900"",""taker_side"":""yes"",""ticker"":""KXETH15M-26APR280000-00"",""trade_id"":""846e9061-2f14-576d-884d-256397859e43"",""yes_price_dollars"":""0.5100""}"
KXETH15M-26APR280000-00,2dc37ac3-1ee0-515e-5355-3f93774a9a96,1777347945,0.54,2.58,yes,"{""count_fp"":""2.58"",""created_time"":""2026-04-28T03:45:45.166612Z"",""no_price_dollars"":""0.4600"",""taker_side"":""yes"",""ticker"":""KXETH15M-26APR280000-00"",""trade_id"":""2dc37ac3-1ee0-515e-5355-3f93774a9a96"",""yes_price_dollars"":""0.5400""}"
KXETH15M-26APR280000-00,06c64939-b6f2-55e4-4592-9464ec5c4b21,1777347945,0.51,1.0,yes,"{""count_fp"":""1.00"",""created_time"":""2026-04-28T03:45:45.166612Z"",""no_price_dollars"":""0.4900"",""taker_side"":""yes"",""ticker"":""KXETH15M-26APR280000-00"",""trade_id"":""06c64939-b6f2-55e4-4592-9464ec5c4b21"",""yes_price_dollars"":""0.5100""}"
KXETH15M-26APR280000-00,2c8b26b8-d0cf-5369-2d5b-1b854f17a833,1777347949,0.49,1.0,yes,"{""count_fp"":""1.00"",""created_time"":""2026-04-28T03:45:49.767669Z"",""no_price_dollars"":""0.5100"",""taker_side"":""yes"",""ticker"":""KXETH15M-26APR280000-00"",""trade_id"":""2c8b26b8-d0cf-5369-2d5b-1b854f17a833"",""yes_price_dollars"":""0.4900""}"
KXETH15M-26APR280000-00,1b961f24-4a6f-5ad4-2da1-c91855e914a9,1777347949,0.49,1.0,yes,"{""count_fp"":""1.00"",""created_time"":""2026-04-28T03:45:49.767669Z"",""no_price_dollars"":""0.5100"",""taker_side"":""yes"",""ticker"":""KXETH15M-26APR280000-00"",""trade_id"":""1b961f24-4a6f-5ad4-2da1-c91855e914a9"",""yes_price_dollars"":""0.4900""}"
KXETH15M-26APR280000-00,f922fb7b-5d5d-5349-afab-618053ab4787,1777347950,0.51,1.0,yes,"{""count_fp"":""1.00"",""created_time"":""2026-04-28T03:45:50.770535Z"",""no_price_dollars"":""0.4900"",""taker_side"":""yes"",""ticker"":""KXETH15M-26APR280000-00"",""trade_id"":""f922fb7b-5d5d-5349-afab-618053ab4787"",""yes_price_dollars"":""0.5100""}"
KXETH15M-26APR280000-00,f009c80c-2c54-7a51-9f32-cc03a58fd35e,1777347952,0.5,89.61,no,"{""count_fp"":""89.61"",""created_time"":""2026-04-28T03:45:52.831278Z"",""no_price_dollars"":""0.5000"",""taker_side"":""no"",""ticker"":""KXETH15M-26APR280000-00"",""trade_id"":""f009c80c-2c54-7a51-9f32-cc03a58fd35e"",""yes_price_dollars"":""0.5000""}"
KXETH15M-26APR280000-00,bac0b882-0323-7a57-987d-1313091581a4,1777347952,0.5,7.0,no,"{""count_fp"":""7.00"",""created_time"":""2026-04-28T03:45:52.831278Z"",""no_price_dollars"":""0.5000"",""taker_side"":""no"",""ticker"":""KXETH15M-26APR280000-00"",""trade_id"":""bac0b882-0323-7a57-987d-1313091581a4"",""yes_price_dollars"":""0.5000""}"
KXETH15M-26APR280000-00,570ecbcd-e657-7697-dfd5-725f43c58994,1777347952,0.5,3.0,no,"{""count_fp"":""3.00"",""created_time"":""2026-04-28T03:45:52.209156Z"",""no_price_dollars"":""0.5000"",""taker_side"":""no"",""ticker"":""KXETH15M-26APR280000-00"",""trade_id"":""570ecbcd-e657-7697-dfd5-725f43c58994"",""yes_price_dollars"":""0.5000""}"
KXETH15M-26APR280000-00,e03df0ae-ccdd-53ee-cedf-bd543c49162e,1777347953,0.51,1.0,yes,"{""count_fp"":""1.00"",""created_time"":""2026-04-28T03:45:53.507011Z"",""no_price_dollars"":""0.4900"",""taker_side"":""yes"",""ticker"":""KXETH15M-26APR280000-00"",""trade_id"":""e03df0ae-ccdd-53ee-cedf-bd543c49162e"",""yes_price_dollars"":""0.5100""}"
KXETH15M-26APR280000-00,041f3e64-6c6c-5e2e-c5a6-dc96cc5113a6,1777347953,0.53,4.0,yes,"{""count_fp"":""4.00"",""created_time"":""2026-04-28T03:45:53.507011Z"",""no_price_dollars"":""0.4700"",""taker_side"":""yes"",""ticker"":""KXETH15M-26APR280000-00"",""trade_id"":""041f3e64-6c6c-5e2e-c5a6-dc96cc5113a6"",""yes_price_dollars"":""0.5300""}"
KXETH15M-26APR280000-00,6dd4cfac-b50d-4331-430f-3ba8198e43c4,1777347957,0.49,1.89,no,"{""count_fp"":""1.89"",""created_time"":""2026-04-28T03:45:57.643855Z"",""no_price_dollars"":""0.5100"",""taker_side"":""no"",""ticker"":""KXETH15M-26APR280000-00"",""trade_id"":""6dd4cfac-b50d-4331-430f-3ba8198e43c4"",""yes_price_dollars"":""0.4900""}"
KXETH15M-26APR280000-00,c7167148-c819-4a77-0f22-16ffd8dafa0c,1777347958,0.5,12.22,yes,"{""count_fp"":""12.22"",""created_time"":""2026-04-28T03:45:58.839308Z"",""no_price_dollars"":""0.5000"",""taker_side"":""yes"",""ticker"":""KXETH15M-26APR280000-00"",""trade_id"":""c7167148-c819-4a77-0f22-16ffd8dafa0c"",""yes_price_dollars"":""0.5000""}"
KXETH15M-26APR280000-00,7a1a857a-102e-47d5-2387-598712631033,1777347958,0.48,1.0,yes,"{""count_fp"":""1.00"",""created_time"":""2026-04-28T03:45:58.839308Z"",""no_price_dollars"":""0.5200"",""taker_side"":""yes"",""ticker"":""KXETH15M-26APR280000-00"",""trade_id"":""7a1a857a-102e-47d5-2387-598712631033"",""yes_price_dollars"":""0.4800""}"
KXETH15M-26APR280000-00,23172acb-026d-6aef-a069-ed7765433b34,1777347958,0.5,5.0,yes,"{""count_fp"":""5.00"",""created_time"":""2026-04-28T03:45:58.736183Z"",""no_price_dollars"":""0.5000"",""taker_side"":""yes"",""ticker"":""KXETH15M-26APR280000-00"",""trade_id"":""23172acb-026d-6aef-a069-ed7765433b34"",""yes_price_dollars"":""0.5000""}"
KXETH15M-26APR280000-00,c19a58c1-0d6c-76be-c3c5-cfa6985e1805,1777347958,0.48,1.0,yes,"{""count_fp"":""1.00"",""created_time"":""2026-04-28T03:45:58.645504Z"",""no_price_dollars"":""0.5200"",""taker_side"":""yes"",""ticker"":""KXETH15M-26APR280000-00"",""trade_id"":""c19a58c1-0d6c-76be-c3c5-cfa6985e1805"",""yes_price_dollars"":""0.4800""}"
KXETH15M-26APR280000-00,952e917f-f935-76c3-f02c-bc62c21fbdb0,1777347958,0.5,8.49,yes,"{""count_fp"":""8.49"",""created_time"":""2026-04-28T03:45:58.645504Z"",""no_price_dollars"":""0.5000"",""taker_side"":""yes"",""ticker"":""KXETH15M-26APR280000-00"",""trade_id"":""952e917f-f935-76c3-f02c-bc62c21fbdb0"",""yes_price_dollars"":""0.5000""}"
KXETH15M-26APR280000-00,6e3b4686-2044-6da1-0da1-d3b21b94ffd4,1777347958,0.48,1.0,yes,"{""count_fp"":""1.00"",""created_time"":""2026-04-28T03:45:58.375153Z"",""no_price_dollars"":""0.5200"",""taker_side"":""yes"",""ticker"":""KXETH15M-26APR280000-00"",""trade_id"":""6e3b4686-2044-6da1-0da1-d3b21b94ffd4"",""yes_price_dollars"":""0.4800""}"
KXETH15M-26APR280000-00,45851a3d-0515-65ef-2212-ca5a40ee0f70,1777347958,0.5,36.41,yes,"{""count_fp"":""36.41"",""created_time"":""2026-04-28T03:45:58.375153Z"",""no_price_dollars"":""0.5000"",""taker_side"":""yes"",""ticker"":""KXETH15M-26APR280000-00"",""trade_id"":""45851a3d-0515-65ef-2212-ca5a40ee0f70"",""yes_price_dollars"":""0.5000""}"
KXETH15M-26APR280000-00,d25c9da4-45aa-4689-bff7-1a0497e2f419,1777347960,0.48,1.0,yes,"{""count_fp"":""1.00"",""created_time"":""2026-04-28T03:46:00.568708Z"",""no_price_dollars"":""0.5200"",""taker_side"":""yes"",""ticker"":""KXETH15M-26APR280000-00"",""trade_id"":""d25c9da4-45aa-4689-bff7-1a0497e2f419"",""yes_price_dollars"":""0.4800""}"
KXETH15M-26APR280000-00,b13a4fa0-3648-4671-86eb-72fdf5201ec7,1777347960,0.48,10.38,yes,"{""count_fp"":""10.38"",""created_time"":""2026-04-28T03:46:00.568708Z"",""no_price_dollars"":""0.5200"",""taker_side"":""yes"",""ticker"":""KXETH15M-26APR280000-00"",""trade_id"":""b13a4fa0-3648-4671-86eb-72fdf5201ec7"",""yes_price_dollars"":""0.4800""}"
KXETH15M-26APR280000-00,5cc4567c-4575-4ce3-8d6a-705e6a53e350,1777347960,0.49,26.39,yes,"{""count_fp"":""26.39"",""created_time"":""2026-04-28T03:46:00.568708Z"",""no_price_dollars"":""0.5100"",""taker_side"":""yes"",""ticker"":""KXETH15M-26APR280000-00"",""trade_id"":""5cc4567c-4575-4ce3-8d6a-705e6a53e350"",""yes_price_dollars"":""0.4900""}"
KXETH15M-26APR280000-00,56265d81-9335-5d41-b3b7-ab7625791966,1777347961,0.46,10.0,no,"{""count_fp"":""10.00"",""created_time"":""2026-04-28T03:46:01.995911Z"",""no_price_dollars"":""0.5400"",""taker_side"":""no"",""ticker"":""KXETH15M-26APR280000-00"",""trade_id"":""56265d81-9335-5d41-b3b7-ab7625791966"",""yes_price_dollars"":""0.4600""}"
KXETH15M-26APR280000-00,747c35f2-b6b0-60ac-a290-7be2f284cfd2,1777347961,0.47,10.0,no,"{""count_fp"":""10.00"",""created_time"":""2026-04-28T03:46:01.721992Z"",""no_price_dollars"":""0.5300"",""taker_side"":""no"",""ticker"":""KXETH15M-26APR280000-00"",""trade_id"":""747c35f2-b6b0-60ac-a290-7be2f284cfd2"",""yes_price_dollars"":""0.4700""}"
KXETH15M-26APR280000-00,70779ac5-7f51-66d7-8fd4-40221d286d1e,1777347961,0.47,10.0,no,"{""count_fp"":""10.00"",""created_time"":""2026-04-28T03:46:01.721992Z"",""no_price_dollars"":""0.5300"",""taker_side"":""no"",""ticker"":""KXETH15M-26APR280000-00"",""trade_id"":""70779ac5-7f51-66d7-8fd4-40221d286d1e"",""yes_price_dollars"":""0.4700""}"
KXETH15M-26APR280000-00,98fb8fb1-579d-43f7-5c7f-4f4210c43267,1777347962,0.43,88.0,no,"{""count_fp"":""88.00"",""created_time"":""2026-04-28T03:46:02.050106Z"",""no_price_dollars"":""0.5700"",""taker_side"":""no"",""ticker"":""KXETH15M-26APR280000-00"",""trade_id"":""98fb8fb1-579d-43f7-5c7f-4f4210c43267"",""yes_price_dollars"":""0.4300""}"
KXETH15M-26APR280000-00,7ee7a171-dd3e-4499-52b9-eb4b1c5bcc5a,1777347962,0.43,60.0,no,"{""count_fp"":""60.00"",""created_time"":""2026-04-28T03:46:02.050106Z"",""no_price_dollars"":""0.5700"",""taker_side"":""no"",""ticker"":""KXETH15M-26APR280000-00"",""trade_id"":""7ee7a171-dd3e-4499-52b9-eb4b1c5bcc5a"",""yes_price_dollars"":""0.4300""}"
KXETH15M-26APR280000-00,2c866c5f-9ab8-68f9-f636-d87f15bb8d06,1777347963,0.42,23.09,no,"{""count_fp"":""23.09"",""created_time"":""2026-04-28T03:46:03.675881Z"",""no_price_dollars"":""0.5800"",""taker_side"":""no"",""ticker"":""KXETH15M-26APR280000-00"",""trade_id"":""2c866c5f-9ab8-68f9-f636-d87f15bb8d06"",""yes_price_dollars"":""0.4200""}"
KXETH15M-26APR280000-00,1aea19dd-30f4-64d6-f21a-21b58015e577,1777347963,0.42,10.0,no,"{""count_fp"":""10.00"",""created_time"":""2026-04-28T03:46:03.675881Z"",""no_price_dollars"":""0.5800"",""taker_side"":""no"",""ticker"":""KXETH15M-26APR280000-00"",""trade_id"":""1aea19dd-30f4-64d6-f21a-21b58015e577"",""yes_price_dollars"":""0.4200""}"
KXETH15M-26APR280000-00,f4d46c2d-2635-5d5f-d4f9-3c46cd06cb4c,1777347965,0.43,5.0,yes,"{""count_fp"":""5.00"",""created_time"":""2026-04-28T03:46:05.125646Z"",""no_price_dollars"":""0.5700"",""taker_side"":""yes"",""ticker"":""KXETH15M-26APR280000-00"",""trade_id"":""f4d46c2d-2635-5d5f-d4f9-3c46cd06cb4c"",""yes_price_dollars"":""0.4300""}"
KXETH15M-26APR280000-00,056f427f-15ee-5401-dd03-3c4f9b332403,1777347965,0.43,1.0,yes,"{""count_fp"":""1.00"",""created_time"":""2026-04-28T03:46:05.125646Z"",""no_price_dollars"":""0.5700"",""taker_side"":""yes"",""ticker"":""KXETH15M-26APR280000-00"",""trade_id"":""056f427f-15ee-5401-dd03-3c4f9b332403"",""yes_price_dollars"":""0.4300""}"
KXETH15M-26APR280000-00,fe5cb6d9-2bb0-6a4a-1cb2-2a4db79449e9,1777347967,0.42,10.0,no,"{""count_fp"":""10.00"",""created_time"":""2026-04-28T03:46:07.003898Z"",""no_price_dollars"":""0.5800"",""taker_side"":""no"",""ticker"":""KXETH15M-26APR280000-00"",""trade_id"":""fe5cb6d9-2bb0-6a4a-1cb2-2a4db79449e9"",""yes_price_dollars"":""0.4200""}"
KXETH15M-26APR280000-00,efcda67a-5b4d-4f73-79c9-81ed5dcb1600,1777347968,0.4,6.0,yes,"{""count_fp"":""6.00"",""created_time"":""2026-04-28T03:46:08.095244Z"",""no_price_dollars"":""0.6000"",""taker_side"":""yes"",""ticker"":""KXETH15M-26APR280000-00"",""trade_id"":""efcda67a-5b4d-4f73-79c9-81ed5dcb1600"",""yes_price_dollars"":""0.4000""}"
KXETH15M-26APR280000-00,80f04170-f2e6-4846-6d77-63e25c640145,1777347968,0.38,2.0,yes,"{""count_fp"":""2.00"",""created_time"":""2026-04-28T03:46:08.095244Z"",""no_price_dollars"":""0.6200"",""taker_side"":""yes"",""ticker"":""KXETH15M-26APR280000-00"",""trade_id"":""80f04170-f2e6-4846-6d77-63e25c640145"",""yes_price_dollars"":""0.3800""}"
KXETH15M-26APR280000-00,b26503fe-30d7-438d-b9ad-ae4328cd3da8,1777347969,0.41,1.0,yes,"{""count_fp"":""1.00"",""created_time"":""2026-04-28T03:46:09.097959Z"",""no_price_dollars"":""0.5900"",""taker_side"":""yes"",""ticker"":""KXETH15M-26APR280000-00"",""trade_id"":""b26503fe-30d7-438d-b9ad-ae4328cd3da8"",""yes_price_dollars"":""0.4100""}"
KXETH15M-26APR280000-00,9de4650b-efe8-409a-9a36-42414ccb6032,1777347969,0.42,7.0,yes,"{""count_fp"":""7.00"",""created_time"":""2026-04-28T03:46:09.097959Z"",""no_price_dollars"":""0.5800"",""taker_side"":""yes"",""ticker"":""KXETH15M-26APR280000-00"",""trade_id"":""9de4650b-efe8-409a-9a36-42414ccb6032"",""yes_price_dollars"":""0.4200""}"
KXETH15M-26APR280000-00,1e87be1b-4cd3-4974-a8cc-44817dd3f489,1777347969,0.36,1.0,yes,"{""count_fp"":""1.00"",""created_time"":""2026-04-28T03:46:09.097959Z"",""no_price_dollars"":""0.6400"",""taker_side"":""yes"",""ticker"":""KXETH15M-26APR280000-00"",""trade_id"":""1e87be1b-4cd3-4974-a8cc-44817dd3f489"",""yes_price_dollars"":""0.3600""}"
KXETH15M-26APR280000-00,0b83099d-feb9-5447-1472-9ff2cb49dc4c,1777347972,0.39,6.0,yes,"{""count_fp"":""6.00"",""created_time"":""2026-04-28T03:46:12.116672Z"",""no_price_dollars"":""0.6100"",""taker_side"":""yes"",""ticker"":""KXETH15M-26APR280000-00"",""trade_id"":""0b83099d-feb9-5447-1472-9ff2cb49dc4c"",""yes_price_dollars"":""0.3900""}"
KXETH15M-26APR280000-00,12f77b33-999f-75de-6b31-d15b19136384,1777347973,0.37,10.0,no,"{""count_fp"":""10.00"",""created_time"":""2026-04-28T03:46:13.771276Z"",""no_price_dollars"":""0.6300"",""taker_side"":""no"",""ticker"":""KXETH15M-26APR280000-00"",""trade_id"":""12f77b33-999f-75de-6b31-d15b19136384"",""yes_price_dollars"":""0.3700""}"
KXETH15M-26APR280000-00,9d53cac4-8f7d-787f-3359-4672ca736af0,1777347973,0.39,6.0,yes,"{""count_fp"":""6.00"",""created_time"":""2026-04-28T03:46:13.086164Z"",""no_price_dollars"":""0.6100"",""taker_side"":""yes"",""ticker"":""KXETH15M-26APR280000-00"",""trade_id"":""9d53cac4-8f7d-787f-3359-4672ca736af0"",""yes_price_dollars"":""0.3900""}"
KXETH15M-26APR280000-00,802c9e0e-23ed-6c0b-49d8-1aa731849e00,1777347974,0.38,6.0,yes,"{""count_fp"":""6.00"",""created_time"":""2026-04-28T03:46:14.109367Z"",""no_price_dollars"":""0.6200"",""taker_side"":""yes"",""ticker"":""KXETH15M-26APR280000-00"",""trade_id"":""802c9e0e-23ed-6c0b-49d8-1aa731849e00"",""yes_price_dollars"":""0.3800""}"
KXETH15M-26APR280000-00,28f80aa8-1c6a-6f42-574c-87152060264a,1777347977,0.35,5.07,no,"{""count_fp"":""5.07"",""created_time"":""2026-04-28T03:46:17.815162Z"",""no_price_dollars"":""0.6500"",""taker_side"":""no"",""ticker"":""KXETH15M-26APR280000-00"",""trade_id"":""28f80aa8-1c6a-6f42-574c-87152060264a"",""yes_price_dollars"":""0.3500""}"
KXETH15M-26APR280000-00,1660148c-2000-66f5-65fa-d4d6c41cae2d,1777347977,0.36,10.0,no,"{""count_fp"":""10.00"",""created_time"":""2026-04-28T03:46:17.815162Z"",""no_price_dollars"":""0.6400"",""taker_side"":""no"",""ticker"":""KXETH15M-26APR280000-00"",""trade_id"":""1660148c-2000-66f5-65fa-d4d6c41cae2d"",""yes_price_dollars"":""0.3600""}"
KXETH15M-26APR280000-00,611d4153-0af1-5603-98eb-2006fda9ff8c,1777347977,0.38,240.0,yes,"{""count_fp"":""240.00"",""created_time"":""2026-04-28T03:46:17.674289Z"",""no_price_dollars"":""0.6200"",""taker_side"":""yes"",""ticker"":""KXETH15M-26APR280000-00"",""trade_id"":""611d4153-0af1-5603-98eb-2006fda9ff8c"",""yes_price_dollars"":""0.3800""}"
KXETH15M-26APR280000-00,5240331a-f4dd-6a67-05b9-bc0c32908f5c,1777347978,0.38,5.04,yes,"{""count_fp"":""5.04"",""created_time"":""2026-04-28T03:46:18.052407Z"",""no_price_dollars"":""0.6200"",""taker_side"":""yes"",""ticker"":""KXETH15M-26APR280000-00"",""trade_id"":""5240331a-f4dd-6a67-05b9-bc0c32908f5c"",""yes_price_dollars"":""0.3800""}"
KXETH15M-26APR280000-00,989ea59e-0a76-46fa-b061-b2de101747fe,1777347979,0.35,0.15,no,"{""count_fp"":""0.15"",""created_time"":""2026-04-28T03:46:19.253177Z"",""no_price_dollars"":""0.6500"",""taker_side"":""no"",""ticker"":""KXETH15M-26APR280000-00"",""trade_id"":""989ea59e-0a76-46fa-b061-b2de101747fe"",""yes_price_dollars"":""0.3500""}"
KXETH15M-26APR280000-00,7cdf71df-28ff-445b-b29a-a158a8c3e554,1777347979,0.36,15.0,no,"{""count_fp"":""15.00"",""created_time"":""2026-04-28T03:46:19.253177Z"",""no_price_dollars"":""0.6400"",""taker_side"":""no"",""ticker"":""KXETH15M-26APR280000-00"",""trade_id"":""7cdf71df-28ff-445b-b29a-a158a8c3e554"",""yes_price_dollars"":""0.3600""}"
KXETH15M-26APR280000-00,9a903201-52de-63f6-bdf8-76906836d61e,1777347980,0.35,61.0,no,"{""count_fp"":""61.00"",""created_time"":""2026-04-28T03:46:20.925773Z"",""no_price_dollars"":""0.6500"",""taker_side"":""no"",""ticker"":""KXETH15M-26APR280000-00"",""trade_id"":""9a903201-52de-63f6-bdf8-76906836d61e"",""yes_price_dollars"":""0.3500""}"
KXETH15M-26APR280000-00,f492ba43-89c0-65f4-1400-868e772a07ca,1777347982,0.39,10.0,yes,"{""count_fp"":""10.00"",""created_time"":""2026-04-28T03:46:22.998146Z"",""no_price_dollars"":""0.6100"",""taker_side"":""yes"",""ticker"":""KXETH15M-26APR280000-00"",""trade_id"":""f492ba43-89c0-65f4-1400-868e772a07ca"",""yes_price_dollars"":""0.3900""}"
KXETH15M-26APR280000-00,cff0bf51-2095-6a1d-17c9-d05a26b49846,1777347982,0.4,3.24,yes,"{""count_fp"":""3.24"",""created_time"":""2026-04-28T03:46:22.998146Z"",""no_price_dollars"":""0.6000"",""taker_side"":""yes"",""ticker"":""KXETH15M-26APR280000-00"",""trade_id"":""cff0bf51-2095-6a1d-17c9-d05a26b49846"",""yes_price_dollars"":""0.4000""}"
KXETH15M-26APR280000-00,8c3b4fe6-75bc-6b92-2820-47890b29897e,1777347982,0.39,10.98,yes,"{""count_fp"":""10.98"",""created_time"":""2026-04-28T03:46:22.998146Z"",""no_price_dollars"":""0.6100"",""taker_side"":""yes"",""ticker"":""KXETH15M-26APR280000-00"",""trade_id"":""8c3b4fe6-75bc-6b92-2820-47890b29897e"",""yes_price_dollars"":""0.3900""}"
KXETH15M-26APR280000-00,6dd26e69-35c5-60a7-de14-257d77e44400,1777347984,0.4,23.97,yes,"{""count_fp"":""23.97"",""created_time"":""2026-04-28T03:46:24.327808Z"",""no_price_dollars"":""0.6000"",""taker_side"":""yes"",""ticker"":""KXETH15M-26APR280000-00"",""trade_id"":""6dd26e69-35c5-60a7-de14-257d77e44400"",""yes_price_dollars"":""0.4000""}"
KXETH15M-26APR280000-00,4758ee22-f09e-744a-568c-cd4b73d79066,1777347993,0.39,1.59,no,"{""count_fp"":""1.59"",""created_time"":""2026-04-28T03:46:33.552816Z"",""no_price_dollars"":""0.6100"",""taker_side"":""no"",""ticker"":""KXETH15M-26APR280000-00"",""trade_id"":""4758ee22-f09e-744a-568c-cd4b73d79066"",""yes_price_dollars"":""0.3900""}"
KXETH15M-26APR280000-00,8fc59ff1-44b6-762a-a578-df5ceb16d946,1777347995,0.39,1.0,no,"{""count_fp"":""1.00"",""created_time"":""2026-04-28T03:46:35.927362Z"",""no_price_dollars"":""0.6100"",""taker_side"":""no"",""ticker"":""KXETH15M-26APR280000-00"",""trade_id"":""8fc59ff1-44b6-762a-a578-df5ceb16d946"",""yes_price_dollars"":""0.3900""}"
KXETH15M-26APR280000-00,9b1bef02-74fa-7f82-6bc4-601eb7b51f72,1777347996,0.4,1.0,no,"{""count_fp"":""1.00"",""created_time"":""2026-04-28T03:46:36.724275Z"",""no_price_dollars"":""0.6000"",""taker_side"":""no"",""ticker"":""KXETH15M-26APR280000-00"",""trade_id"":""9b1bef02-74fa-7f82-6bc4-601eb7b51f72"",""yes_price_dollars"":""0.4000""}"
KXETH15M-26APR280000-00,edd30044-51c7-6eb4-ddc9-a469ea66a84e,1777347997,0.41,2.0,yes,"{""count_fp"":""2.00"",""created_time"":""2026-04-28T03:46:37.272832Z"",""no_price_dollars"":""0.5900"",""taker_side"":""yes"",""ticker"":""KXETH15M-26APR280000-00"",""trade_id"":""edd30044-51c7-6eb4-ddc9-a469ea66a84e"",""yes_price_dollars"":""0.4100""}"
KXETH15M-26APR280000-00,94b755d2-25bd-51b1-cc42-7e221e125faa,1777347999,0.46,1.0,no,"{""count_fp"":""1.00"",""created_time"":""2026-04-28T03:46:39.454376Z"",""no_price_dollars"":""0.5400"",""taker_side"":""no"",""ticker"":""KXETH15M-26APR280000-00"",""trade_id"":""94b755d2-25bd-51b1-cc42-7e221e125faa"",""yes_price_dollars"":""0.4600""}"
KXETH15M-26APR280000-00,76be8c54-2424-7e42-3b35-b5497342acce,1777348002,0.49,10.0,yes,"{""count_fp"":""10.00"",""created_time"":""2026-04-28T03:46:42.687358Z"",""no_price_dollars"":""0.5100"",""taker_side"":""yes"",""ticker"":""KXETH15M-26APR280000-00"",""trade_id"":""76be8c54-2424-7e42-3b35-b5497342acce"",""yes_price_dollars"":""0.4900""}"
KXETH15M-26APR280000-00,b2444cf8-ab28-4cb5-2ba8-5e9932c5f237,1777348003,0.51,10.0,yes,"{""count_fp"":""10.00"",""created_time"":""2026-04-28T03:46:43.337805Z"",""no_price_dollars"":""0.4900"",""taker_side"":""yes"",""ticker"":""KXETH15M-26APR280000-00"",""trade_id"":""b2444cf8-ab28-4cb5-2ba8-5e9932c5f237"",""yes_price_dollars"":""0.5100""}"
KXETH15M-26APR280000-00,32910919-958a-6ed1-214d-a2b6045229e1,1777348003,0.5,1.0,yes,"{""count_fp"":""1.00"",""created_time"":""2026-04-28T03:46:43.295364Z"",""no_price_dollars"":""0.5000"",""taker_side"":""yes"",""ticker"":""KXETH15M-26APR280000-00"",""trade_id"":""32910919-958a-6ed1-214d-a2b6045229e1"",""yes_price_dollars"":""0.5000""}"
KXETH15M-26APR280000-00,10a4a5fe-571f-62da-2da5-a2868e2aff47,1777348003,0.5,30.0,yes,"{""count_fp"":""30.00"",""created_time"":""2026-04-28T03:46:43.295364Z"",""no_price_dollars"":""0.5000"",""taker_side"":""yes"",""ticker"":""KXETH15M-26APR280000-00"",""trade_id"":""10a4a5fe-571f-62da-2da5-a2868e2aff47"",""yes_price_dollars"":""0.5000""}"
KXETH15M-26APR280000-00,5585a8e0-14f0-50d0-f32d-255dac0d5d37,1777348006,0.54,90.0,no,"{""count_fp"":""90.00"",""created_time"":""2026-04-28T03:46:46.493581Z"",""no_price_dollars"":""0.4600"",""taker_side"":""no"",""ticker"":""KXETH15M-26APR280000-00"",""trade_id"":""5585a8e0-14f0-50d0-f32d-255dac0d5d37"",""yes_price_dollars"":""0.5400""}"
KXETH15M-26APR280000-00,bc85af8f-6dcd-4fc3-c753-c084b7320360,1777348007,0.55,7.03,yes,"{""count_fp"":""7.03"",""created_time"":""2026-04-28T03:46:47.722777Z"",""no_price_dollars"":""0.4500"",""taker_side"":""yes"",""ticker"":""KXETH15M-26APR280000-00"",""trade_id"":""bc85af8f-6dcd-4fc3-c753-c084b7320360"",""yes_price_dollars"":""0.5500""}"
KXETH15M-26APR280000-00,acac2341-426f-4459-f11f-c9256a1bdb1f,1777348007,0.54,10.0,yes,"{""count_fp"":""10.00"",""created_time"":""2026-04-28T03:46:47.722777Z"",""no_price_dollars"":""0.4600"",""taker_side"":""yes"",""ticker"":""KXETH15M-26APR280000-00"",""trade_id"":""acac2341-426f-4459-f11f-c9256a1bdb1f"",""yes_price_dollars"":""0.5400""}"
KXETH15M-26APR280000-00,b3fb0798-3d99-4ecf-8296-3460ba2b1460,1777348012,0.54,5.0,yes,"{""count_fp"":""5.00"",""created_time"":""2026-04-28T03:46:52.675075Z"",""no_price_dollars"":""0.4600"",""taker_side"":""yes"",""ticker"":""KXETH15M-26APR280000-00"",""trade_id"":""b3fb0798-3d99-4ecf-8296-3460ba2b1460"",""yes_price_dollars"":""0.5400""}"
KXETH15M-26APR280000-00,2659237c-8f21-470b-5bdf-c3ae9144d930,1777348013,0.54,179.4,yes,"{""count_fp"":""179.40"",""created_time"":""2026-04-28T03:46:53.015733Z"",""no_price_dollars"":""0.4600"",""taker_side"":""yes"",""ticker"":""KXETH15M-26APR280000-00"",""trade_id"":""2659237c-8f21-470b-5bdf-c3ae9144d930"",""yes_price_dollars"":""0.5400""}"
KXETH15M-26APR280000-00,08febe1b-9b51-7503-8d42-a0a4eadb89e4,1777348015,0.54,0.17,yes,"{""count_fp"":""0.17"",""created_time"":""2026-04-28T03:46:55.669274Z"",""no_price_dollars"":""0.4600"",""taker_side"":""yes"",""ticker"":""KXETH15M-26APR280000-00"",""trade_id"":""08febe1b-9b51-7503-8d42-a0a4eadb89e4"",""yes_price_dollars"":""0.5400""}"
KXETH15M-26APR280000-00,a461d3f0-b6f4-4a08-85b8-efa207367e97,1777348020,0.52,9.85,no,"{""count_fp"":""9.85"",""created_time"":""2026-04-28T03:47:00.951201Z"",""no_price_dollars"":""0.4800"",""taker_side"":""no"",""ticker"":""KXETH15M-26APR280000-00"",""trade_id"":""a461d3f0-b6f4-4a08-85b8-efa207367e97"",""yes_price_dollars"":""0.5200""}"
KXETH15M-26APR280000-00,7b4056b3-1fec-71a8-ece8-f738e5988aaf,1777348021,0.52,1.0,no,"{""count_fp"":""1.00"",""created_time"":""2026-04-28T03:47:01.312023Z"",""no_price_dollars"":""0.4800"",""taker_side"":""no"",""ticker"":""KXETH15M-26APR280000-00"",""trade_id"":""7b4056b3-1fec-71a8-ece8-f738e5988aaf"",""yes_price_dollars"":""0.5200""}"
KXETH15M-26APR280000-00,ed9c333d-e170-57c8-0398-a166f252fb27,1777348022,0.52,0.98,no,"{""count_fp"":""0.98"",""created_time"":""2026-04-28T03:47:02.088678Z"",""no_price_dollars"":""0.4800"",""taker_side"":""no"",""ticker"":""KXETH15M-26APR280000-00"",""trade_id"":""ed9c333d-e170-57c8-0398-a166f252fb27"",""yes_price_dollars"":""0.5200""}"
KXETH15M-26APR280000-00,a267145c-0bad-6e74-6b99-ef99cdef112a,1777348024,0.58,40.0,yes,"{""count_fp"":""40.00"",""created_time"":""2026-04-28T03:47:04.274645Z"",""no_price_dollars"":""0.4200"",""taker_side"":""yes"",""ticker"":""KXETH15M-26APR280000-00"",""trade_id"":""a267145c-0bad-6e74-6b99-ef99cdef112a"",""yes_price_dollars"":""0.5800""}"
KXETH15M-26APR280000-00,5e153487-bdfe-65fe-60c3-edbf76ace2c5,1777348024,0.56,10.0,yes,"{""count_fp"":""10.00"",""created_time"":""2026-04-28T03:47:04.274645Z"",""no_price_dollars"":""0.4400"",""taker_side"":""yes"",""ticker"":""KXETH15M-26APR280000-00"",""trade_id"":""5e153487-bdfe-65fe-60c3-edbf76ace2c5"",""yes_price_dollars"":""0.5600""}"
KXETH15M-26APR280000-00,4843b1c6-69e1-606d-78bd-e5594b7c6356,1777348024,0.57,56.76,yes,"{""count_fp"":""56.76"",""created_time"":""2026-04-28T03:47:04.274645Z"",""no_price_dollars"":""0.4300"",""taker_side"":""yes"",""ticker"":""KXETH15M-26APR280000-00"",""trade_id"":""4843b1c6-69e1-606d-78bd-e5594b7c6356"",""yes_price_dollars"":""0.5700""}"
KXETH15M-26APR280000-00,35dc9564-fa29-6043-5529-f3c5afa192d7,1777348024,0.56,10.0,yes,"{""count_fp"":""10.00"",""created_time"":""2026-04-28T03:47:04.274645Z"",""no_price_dollars"":""0.4400"",""taker_side"":""yes"",""ticker"":""KXETH15M-26APR280000-00"",""trade_id"":""35dc9564-fa29-6043-5529-f3c5afa192d7"",""yes_price_dollars"":""0.5600""}"
KXETH15M-26APR280000-00,35a01dbc-e995-6493-7917-e49cdffda3f4,1777348024,0.59,119.49,yes,"{""count_fp"":""119.49"",""created_time"":""2026-04-28T03:47:04.274645Z"",""no_price_dollars"":""0.4100"",""taker_side"":""yes"",""ticker"":""KXETH15M-26APR280000-00"",""trade_id"":""35a01dbc-e995-6493-7917-e49cdffda3f4"",""yes_price_dollars"":""0.5900""}"
KXETH15M-26APR280000-00,2cf774d3-aca3-675c-7aea-9c11341b8560,1777348024,0.57,100.0,yes,"{""count_fp"":""100.00"",""created_time"":""2026-04-28T03:47:04.274645Z"",""no_price_dollars"":""0.4300"",""taker_side"":""yes"",""ticker"":""KXETH15M-26APR280000-00"",""trade_id"":""2cf774d3-aca3-675c-7aea-9c11341b8560"",""yes_price_dollars"":""0.5700""}"
KXETH15M-26APR280000-00,23f50677-88a1-7a4e-5640-4ad0714a9ed9,1777348026,0.57,3.4,yes,"{""count_fp"":""3.40"",""created_time"":""2026-04-28T03:47:06.724489Z"",""no_price_dollars"":""0.4300"",""taker_side"":""yes"",""ticker"":""KXETH15M-26APR280000-00"",""trade_id"":""23f50677-88a1-7a4e-5640-4ad0714a9ed9"",""yes_price_dollars"":""0.5700""}"
KXETH15M-26APR280000-00,b0df1db5-6c1f-57fd-26f8-1c67e50d3302,1777348034,0.53,10.0,no,"{""count_fp"":""10.00"",""created_time"":""2026-04-28T03:47:14.209927Z"",""no_price_dollars"":""0.4700"",""taker_side"":""no"",""ticker"":""KXETH15M-26APR280000-00"",""trade_id"":""b0df1db5-6c1f-57fd-26f8-1c67e50d3302"",""yes_price_dollars"":""0.5300""}"
KXETH15M-26APR280000-00,8f83d428-ed90-5ee9-37c9-577857b94ab4,1777348034,0.53,10.0,no,"{""count_fp"":""10.00"",""created_time"":""2026-04-28T03:47:14.209927Z"",""no_price_dollars"":""0.4700"",""taker_side"":""no"",""ticker"":""KXETH15M-26APR280000-00"",""trade_id"":""8f83d428-ed90-5ee9-37c9-577857b94ab4"",""yes_price_dollars"":""0.5300""}"
KXETH15M-26APR280000-00,58228526-7f68-5658-1ebe-ec1a7598ba03,1777348034,0.52,60.8,no,"{""count_fp"":""60.80"",""created_time"":""2026-04-28T03:47:14.209927Z"",""no_price_dollars"":""0.4800"",""taker_side"":""no"",""ticker"":""KXETH15M-26APR280000-00"",""trade_id"":""58228526-7f68-5658-1ebe-ec1a7598ba03"",""yes_price_dollars"":""0.5200""}"
KXETH15M-26APR280000-00,0a85dc1d-5bdb-5afd-1b31-95847b0ae481,1777348035,0.56,1.0,yes,"{""count_fp"":""1.00"",""created_time"":""2026-04-28T03:47:15.175554Z"",""no_price_dollars"":""0.4400"",""taker_side"":""yes"",""ticker"":""KXETH15M-26APR280000-00"",""trade_id"":""0a85dc1d-5bdb-5afd-1b31-95847b0ae481"",""yes_price_dollars"":""0.5600""}"
KXETH15M-26APR280000-00,0baa9cfa-4848-61a0-4811-00e8b93e5fdf,1777348036,0.54,20.5,no,"{""count_fp"":""20.50"",""created_time"":""2026-04-28T03:47:16.156613Z"",""no_price_dollars"":""0.4600"",""taker_side"":""no"",""ticker"":""KXETH15M-26APR280000-00"",""trade_id"":""0baa9cfa-4848-61a0-4811-00e8b93e5fdf"",""yes_price_dollars"":""0.5400""}"
KXETH15M-26APR280000-00,c38d9950-f4b1-78ed-d0b8-a44c4898dab8,1777348043,0.61,2.13,yes,"{""count_fp"":""2.13"",""created_time"":""2026-04-28T03:47:23.515167Z"",""no_price_dollars"":""0.3900"",""taker_side"":""yes"",""ticker"":""KXETH15M-26APR280000-00"",""trade_id"":""c38d9950-f4b1-78ed-d0b8-a44c4898dab8"",""yes_price_dollars"":""0.6100""}"
KXETH15M-26APR280000-00,8591bc99-9978-797c-0251-2f7a32b7706f,1777348044,0.58,14.0,no,"{""count_fp"":""14.00"",""created_time"":""2026-04-28T03:47:24.090519Z"",""no_price_dollars"":""0.4200"",""taker_side"":""no"",""ticker"":""KXETH15M-26APR280000-00"",""trade_id"":""8591bc99-9978-797c-0251-2f7a32b7706f"",""yes_price_dollars"":""0.5800""}"
KXETH15M-26APR280000-00,d528a66d-fe4d-404a-4f55-571cf670c7e9,1777348050,0.62,13.38,yes,"{""count_fp"":""13.38"",""created_time"":""2026-04-28T03:47:30.484757Z"",""no_price_dollars"":""0.3800"",""taker_side"":""yes"",""ticker"":""KXETH15M-26APR280000-00"",""trade_id"":""d528a66d-fe4d-404a-4f55-571cf670c7e9"",""yes_price_dollars"":""0.6200""}"
KXETH15M-26APR280000-00,c03ad56b-2b83-486a-5808-3447ba7a22a3,1777348050,0.61,10.0,yes,"{""count_fp"":""10.00"",""created_time"":""2026-04-28T03:47:30.484757Z"",""no_price_dollars"":""0.3900"",""taker_side"":""yes"",""ticker"":""KXETH15M-26APR280000-00"",""trade_id"":""c03ad56b-2b83-486a-5808-3447ba7a22a3"",""yes_price_dollars"":""0.6100""}"
KXETH15M-26APR280000-00,c3e9b1c3-5e26-4ca4-8feb-f39f0843b7b1,1777348053,0.58,10.0,no,"{""count_fp"":""10.00"",""created_time"":""2026-04-28T03:47:33.120764Z"",""no_price_dollars"":""0.4200"",""taker_side"":""no"",""ticker"":""KXETH15M-26APR280000-00"",""trade_id"":""c3e9b1c3-5e26-4ca4-8feb-f39f0843b7b1"",""yes_price_dollars"":""0.5800""}"
KXETH15M-26APR280000-00,7bc54483-6652-4627-9483-2d90788344e7,1777348053,0.57,4.0,no,"{""count_fp"":""4.00"",""created_time"":""2026-04-28T03:47:33.120764Z"",""no_price_dollars"":""0.4300"",""taker_side"":""no"",""ticker"":""KXETH15M-26APR280000-00"",""trade_id"":""7bc54483-6652-4627-9483-2d90788344e7"",""yes_price_dollars"":""0.5700""}"
KXETH15M-26APR280000-00,fbf63bb4-b5c4-50f6-5793-6641636f1b19,1777348060,0.57,4.47,no,"{""count_fp"":""4.47"",""created_time"":""2026-04-28T03:47:40.446766Z"",""no_price_dollars"":""0.4300"",""taker_side"":""no"",""ticker"":""KXETH15M-26APR280000-00"",""trade_id"":""fbf63bb4-b5c4-50f6-5793-6641636f1b19"",""yes_price_dollars"":""0.5700""}"
KXETH15M-26APR280000-00,81451562-fe1a-789f-9d74-7835052fb666,1777348066,0.6,1.0,yes,"{""count_fp"":""1.00"",""created_time"":""2026-04-28T03:47:46.671758Z"",""no_price_dollars"":""0.4000"",""taker_side"":""yes"",""ticker"":""KXETH15M-26APR280000-00"",""trade_id"":""81451562-fe1a-789f-9d74-7835052fb666"",""yes_price_dollars"":""0.6000""}"
KXETH15M-26APR280000-00,ed8d2471-d7e0-4b30-acd5-14be2315bc73,1777348066,0.57,0.67,no,"{""count_fp"":""0.67"",""created_time"":""2026-04-28T03:47:46.369111Z"",""no_price_dollars"":""0.4300"",""taker_side"":""no"",""ticker"":""KXETH15M-26APR280000-00"",""trade_id"":""ed8d2471-d7e0-4b30-acd5-14be2315bc73"",""yes_price_dollars"":""0.5700""}"
KXETH15M-26APR280000-00,b6cf1a79-b4bd-6da6-3e3e-3ac0c9821b03,1777348071,0.6,1.0,yes,"{""count_fp"":""1.00"",""created_time"":""2026-04-28T03:47:51.788199Z"",""no_price_dollars"":""0.4000"",""taker_side"":""yes"",""ticker"":""KXETH15M-26APR280000-00"",""trade_id"":""b6cf1a79-b4bd-6da6-3e3e-3ac0c9821b03"",""yes_price_dollars"":""0.6000""}"
KXETH15M-26APR280000-00,8cc15b9b-bb74-6cb6-a9a3-4e470bde020b,1777348074,0.56,5.04,no,"{""count_fp"":""5.04"",""created_time"":""2026-04-28T03:47:54.733584Z"",""no_price_dollars"":""0.4400"",""taker_side"":""no"",""ticker"":""KXETH15M-26APR280000-00"",""trade_id"":""8cc15b9b-bb74-6cb6-a9a3-4e470bde020b"",""yes_price_dollars"":""0.5600""}"
KXETH15M-26APR280000-00,0e0a9249-3c64-44e0-4d33-ccccdb620826,1777348075,0.54,10.0,no,"{""count_fp"":""10.00"",""created_time"":""2026-04-28T03:47:55.127228Z"",""no_price_dollars"":""0.4600"",""taker_side"":""no"",""ticker"":""KXETH15M-26APR280000-00"",""trade_id"":""0e0a9249-3c64-44e0-4d33-ccccdb620826"",""yes_price_dollars"":""0.5400""}"
KXETH15M-26APR280000-00,c651d9be-63fa-5e2b-a797-c2d34b29bd9b,1777348075,0.55,10.0,no,"{""count_fp"":""10.00"",""created_time"":""2026-04-28T03:47:55.032535Z"",""no_price_dollars"":""0.4500"",""taker_side"":""no"",""ticker"":""KXETH15M-26APR280000-00"",""trade_id"":""c651d9be-63fa-5e2b-a797-c2d34b29bd9b"",""yes_price_dollars"":""0.5500""}"
KXETH15M-26APR280000-00,4bff6138-f81b-5c24-c4d8-512dcf513400,1777348077,0.54,1.0,yes,"{""count_fp"":""1.00"",""created_time"":""2026-04-28T03:47:57.586813Z"",""no_price_dollars"":""0.4600"",""taker_side"":""yes"",""ticker"":""KXETH15M-26APR280000-00"",""trade_id"":""4bff6138-f81b-5c24-c4d8-512dcf513400"",""yes_price_dollars"":""0.5400""}"
KXETH15M-26APR280000-00,cdb82c26-5e12-7a4e-2001-7509f9036ad2,1777348080,0.5,8.0,no,"{""count_fp"":""8.00"",""created_time"":""2026-04-28T03:48:00.061818Z"",""no_price_dollars"":""0.5000"",""taker_side"":""no"",""ticker"":""KXETH15M-26APR280000-00"",""trade_id"":""cdb82c26-5e12-7a4e-2001-7509f9036ad2"",""yes_price_dollars"":""0.5000""}"
KXETH15M-26APR280000-00,39dd2478-6744-7b9f-14b2-1b9f06431547,1777348080,0.5,2.0,no,"{""count_fp"":""2.00"",""created_time"":""2026-04-28T03:48:00.061818Z"",""no_price_dollars"":""0.5000"",""taker_side"":""no"",""ticker"":""KXETH15M-26APR280000-00"",""trade_id"":""39dd2478-6744-7b9f-14b2-1b9f06431547"",""yes_price_dollars"":""0.5000""}"
KXETH15M-26APR280000-00,3611f03c-98e6-7d23-235c-1624ab77afa0,1777348080,0.51,10.0,no,"{""count_fp"":""10.00"",""created_time"":""2026-04-28T03:48:00.061818Z"",""no_price_dollars"":""0.4900"",""taker_side"":""no"",""ticker"":""KXETH15M-26APR280000-00"",""trade_id"":""3611f03c-98e6-7d23-235c-1624ab77afa0"",""yes_price_dollars"":""0.5100""}"
KXETH15M-26APR280000-00,d41151d1-2107-40f4-c062-97b855e018f4,1777348082,0.54,17.98,yes,"{""count_fp"":""17.98"",""created_time"":""2026-04-28T03:48:02.731936Z"",""no_price_dollars"":""0.4600"",""taker_side"":""yes"",""ticker"":""KXETH15M-26APR280000-00"",""trade_id"":""d41151d1-2107-40f4-c062-97b855e018f4"",""yes_price_dollars"":""0.5400""}"
KXETH15M-26APR280000-00,f16c7686-9784-5080-2ea8-94444ee44189,1777348082,0.53,1.0,yes,"{""count_fp"":""1.00"",""created_time"":""2026-04-28T03:48:02.269521Z"",""no_price_dollars"":""0.4700"",""taker_side"":""yes"",""ticker"":""KXETH15M-26APR280000-00"",""trade_id"":""f16c7686-9784-5080-2ea8-94444ee44189"",""yes_price_dollars"":""0.5300""}"
KXETH15M-26APR280000-00,654c2e6e-92ae-56c3-1dd0-cdb6dec6ac18,1777348082,0.53,2.0,yes,"{""count_fp"":""2.00"",""created_time"":""2026-04-28T03:48:02.269521Z"",""no_price_dollars"":""0.4700"",""taker_side"":""yes"",""ticker"":""KXETH15M-26APR280000-00"",""trade_id"":""654c2e6e-92ae-56c3-1dd0-cdb6dec6ac18"",""yes_price_dollars"":""0.5300""}"
KXETH15M-26APR280000-00,214983e3-286b-50a8-12ec-07697144b304,1777348082,0.54,17.0,yes,"{""count_fp"":""17.00"",""created_time"":""2026-04-28T03:48:02.269521Z"",""no_price_dollars"":""0.4600"",""taker_side"":""yes"",""ticker"":""KXETH15M-26APR280000-00"",""trade_id"":""214983e3-286b-50a8-12ec-07697144b304"",""yes_price_dollars"":""0.5400""}"
KXETH15M-26APR280000-00,2e288649-e0c8-6480-8796-d3dcfc6ebf9b,1777348084,0.51,1.0,no,"{""count_fp"":""1.00"",""created_time"":""2026-04-28T03:48:04.836073Z"",""no_price_dollars"":""0.4900"",""taker_side"":""no"",""ticker"":""KXETH15M-26APR280000-00"",""trade_id"":""2e288649-e0c8-6480-8796-d3dcfc6ebf9b"",""yes_price_dollars"":""0.5100""}"
KXETH15M-26APR280000-00,92c47c27-9b81-6cb7-6c49-b523b7884c7c,1777348085,0.55,518.96,yes,"{""count_fp"":""518.96"",""created_time"":""2026-04-28T03:48:05.819797Z"",""no_price_dollars"":""0.4500"",""taker_side"":""yes"",""ticker"":""KXETH15M-26APR280000-00"",""trade_id"":""92c47c27-9b81-6cb7-6c49-b523b7884c7c"",""yes_price_dollars"":""0.5500""}"
KXETH15M-26APR280000-00,42ee3139-1f89-68cc-578a-1ff36407e083,1777348085,0.54,10.0,yes,"{""count_fp"":""10.00"",""created_time"":""2026-04-28T03:48:05.819797Z"",""no_price_dollars"":""0.4600"",""taker_side"":""yes"",""ticker"":""KXETH15M-26APR280000-00"",""trade_id"":""42ee3139-1f89-68cc-578a-1ff36407e083"",""yes_price_dollars"":""0.5400""}"
KXETH15M-26APR280000-00,f3164fc7-e0fc-7ff8-f2c0-5037e76e60ff,1777348085,0.51,2.48,no,"{""count_fp"":""2.48"",""created_time"":""2026-04-28T03:48:05.250002Z"",""no_price_dollars"":""0.4900"",""taker_side"":""no"",""ticker"":""KXETH15M-26APR280000-00"",""trade_id"":""f3164fc7-e0fc-7ff8-f2c0-5037e76e60ff"",""yes_price_dollars"":""0.5100""}"
KXETH15M-26APR280000-00,32d1d83e-9d6d-545e-4715-5c2a4b9c8752,1777348087,0.53,1.0,no,"{""count_fp"":""1.00"",""created_time"":""2026-04-28T03:48:07.996274Z"",""no_price_dollars"":""0.4700"",""taker_side"":""no"",""ticker"":""KXETH15M-26APR280000-00"",""trade_id"":""32d1d83e-9d6d-545e-4715-5c2a4b9c8752"",""yes_price_dollars"":""0.5300""}"
KXETH15M-26APR280000-00,cafaf135-ff28-6a08-a429-b08ee82d6f33,1777348089,0.52,6.06,no,"{""count_fp"":""6.06"",""created_time"":""2026-04-28T03:48:09.384124Z"",""no_price_dollars"":""0.4800"",""taker_side"":""no"",""ticker"":""KXETH15M-26APR280000-00"",""trade_id"":""cafaf135-ff28-6a08-a429-b08ee82d6f33"",""yes_price_dollars"":""0.5200""}"
KXETH15M-26APR280000-00,0510f13d-c255-612e-958d-7fdaa3b429da,1777348089,0.53,4.0,no,"{""count_fp"":""4.00"",""created_time"":""2026-04-28T03:48:09.384124Z"",""no_price_dollars"":""0.4700"",""taker_side"":""no"",""ticker"":""KXETH15M-26APR280000-00"",""trade_id"":""0510f13d-c255-612e-958d-7fdaa3b429da"",""yes_price_dollars"":""0.5300""}"
KXETH15M-26APR280000-00,a203c64a-b34d-6468-e754-ab6e9c06aee4,1777348092,0.55,10.0,yes,"{""count_fp"":""10.00"",""created_time"":""2026-04-28T03:48:12.831528Z"",""no_price_dollars"":""0.4500"",""taker_side"":""yes"",""ticker"":""KXETH15M-26APR280000-00"",""trade_id"":""a203c64a-b34d-6468-e754-ab6e9c06aee4"",""yes_price_dollars"":""0.5500""}"
KXETH15M-26APR280000-00,4fdca9c9-7ccc-64f8-e556-f6c342a04618,1777348092,0.55,200.0,yes,"{""count_fp"":""200.00"",""created_time"":""2026-04-28T03:48:12.831528Z"",""no_price_dollars"":""0.4500"",""taker_side"":""yes"",""ticker"":""KXETH15M-26APR280000-00"",""trade_id"":""4fdca9c9-7ccc-64f8-e556-f6c342a04618"",""yes_price_dollars"":""0.5500""}"
KXETH15M-26APR280000-00,2a38b2cc-8e18-6e05-c35b-352814e58d94,1777348092,0.56,10.0,yes,"{""count_fp"":""10.00"",""created_time"":""2026-04-28T03:48:12.831528Z"",""no_price_dollars"":""0.4400"",""taker_side"":""yes"",""ticker"":""KXETH15M-26APR280000-00"",""trade_id"":""2a38b2cc-8e18-6e05-c35b-352814e58d94"",""yes_price_dollars"":""0.5600""}"
KXETH15M-26APR280000-00,302942da-f847-7cc5-ccd1-9fe92a405319,1777348094,0.59,4.02,no,"{""count_fp"":""4.02"",""created_time"":""2026-04-28T03:48:14.484177Z"",""no_price_dollars"":""0.4100"",""taker_side"":""no"",""ticker"":""KXETH15M-26APR280000-00"",""trade_id"":""302942da-f847-7cc5-ccd1-9fe92a405319"",""yes_price_dollars"":""0.5900""}"
KXETH15M-26APR280000-00,b54ce0a8-a3e3-5c78-93e0-8899c5a82cdb,1777348095,0.6,7.0,yes,"{""count_fp"":""7.00"",""created_time"":""2026-04-28T03:48:15.487031Z"",""no_price_dollars"":""0.4000"",""taker_side"":""yes"",""ticker"":""KXETH15M-26APR280000-00"",""trade_id"":""b54ce0a8-a3e3-5c78-93e0-8899c5a82cdb"",""yes_price_dollars"":""0.6000""}"
KXETH15M-26APR280000-00,399e0a0a-6ae0-5608-6f78-80c61f9dce6b,1777348095,0.58,1.0,no,"{""count_fp"":""1.00"",""created_time"":""2026-04-28T03:48:15.243735Z"",""no_price_dollars"":""0.4200"",""taker_side"":""no"",""ticker"":""KXETH15M-26APR280000-00"",""trade_id"":""399e0a0a-6ae0-5608-6f78-80c61f9dce6b"",""yes_price_dollars"":""0.5800""}"
KXETH15M-26APR280000-00,fbb4c1c9-8719-531f-f638-e4435a5ccac8,1777348096,0.63,1.54,yes,"{""count_fp"":""1.54"",""created_time"":""2026-04-28T03:48:16.949081Z"",""no_price_dollars"":""0.3700"",""taker_side"":""yes"",""ticker"":""KXETH15M-26APR280000-00"",""trade_id"":""fbb4c1c9-8719-531f-f638-e4435a5ccac8"",""yes_price_dollars"":""0.6300""}"
KXETH15M-26APR280000-00,5b68d7cd-05e8-71bc-e2ba-22bf3a1a642b,1777348096,0.61,27.0,no,"{""count_fp"":""27.00"",""created_time"":""2026-04-28T03:48:16.107209Z"",""no_price_dollars"":""0.3900"",""taker_side"":""no"",""ticker"":""KXETH15M-26APR280000-00"",""trade_id"":""5b68d7cd-05e8-71bc-e2ba-22bf3a1a642b"",""yes_price_dollars"":""0.6100""}"
KXETH15M-26APR280000-00,8a51e97f-60a8-46a0-c01b-7458e488cb93,1777348096,0.61,4.57,no,"{""count_fp"":""4.57"",""created_time"":""2026-04-28T03:48:16.017511Z"",""no_price_dollars"":""0.3900"",""taker_side"":""no"",""ticker"":""KXETH15M-26APR280000-00"",""trade_id"":""8a51e97f-60a8-46a0-c01b-7458e488cb93"",""yes_price_dollars"":""0.6100""}"
KXETH15M-26APR280000-00,3f9eb791-1b8c-76bc-00ef-8369206e9d4b,1777348097,0.61,26.0,no,"{""count_fp"":""26.00"",""created_time"":""2026-04-28T03:48:17.115432Z"",""no_price_dollars"":""0.3900"",""taker_side"":""no"",""ticker"":""KXETH15M-26APR280000-00"",""trade_id"":""3f9eb791-1b8c-76bc-00ef-8369206e9d4b"",""yes_price_dollars"":""0.6100""}"
KXETH15M-26APR280000-00,9a9614a1-e3ec-55c1-a4f0-5910845c7685,1777348098,0.63,1.0,yes,"{""count_fp"":""1.00"",""created_time"":""2026-04-28T03:48:18.673092Z"",""no_price_dollars"":""0.3700"",""taker_side"":""yes"",""ticker"":""KXETH15M-26APR280000-00"",""trade_id"":""9a9614a1-e3ec-55c1-a4f0-5910845c7685"",""yes_price_dollars"":""0.6300""}"
KXETH15M-26APR280000-00,66a271a0-57b0-4c28-dc51-57a2b6f8e5d3,1777348098,0.61,25.0,no,"{""count_fp"":""25.00"",""created_time"":""2026-04-28T03:48:18.114987Z"",""no_price_dollars"":""0.3900"",""taker_side"":""no"",""ticker"":""KXETH15M-26APR280000-00"",""trade_id"":""66a271a0-57b0-4c28-dc51-57a2b6f8e5d3"",""yes_price_dollars"":""0.6100""}"
KXETH15M-26APR280000-00,769442d1-c7c8-75dc-8146-f774814526c3,1777348099,0.61,1.0,no,"{""count_fp"":""1.00"",""created_time"":""2026-04-28T03:48:19.807404Z"",""no_price_dollars"":""0.3900"",""taker_side"":""no"",""ticker"":""KXETH15M-26APR280000-00"",""trade_id"":""769442d1-c7c8-75dc-8146-f774814526c3"",""yes_price_dollars"":""0.6100""}"
KXETH15M-26APR280000-00,6ac2cf27-f9ec-6990-6cb6-e5774a2110e3,1777348100,0.61,24.0,no,"{""count_fp"":""24.00"",""created_time"":""2026-04-28T03:48:20.100089Z"",""no_price_dollars"":""0.3900"",""taker_side"":""no"",""ticker"":""KXETH15M-26APR280000-00"",""trade_id"":""6ac2cf27-f9ec-6990-6cb6-e5774a2110e3"",""yes_price_dollars"":""0.6100""}"
KXETH15M-26APR280000-00,700efa2f-0104-6447-6bba-c41b39cf349f,1777348103,0.6,5.0,no,"{""count_fp"":""5.00"",""created_time"":""2026-04-28T03:48:23.355422Z"",""no_price_dollars"":""0.4000"",""taker_side"":""no"",""ticker"":""KXETH15M-26APR280000-00"",""trade_id"":""700efa2f-0104-6447-6bba-c41b39cf349f"",""yes_price_dollars"":""0.6000""}"
KXETH15M-26APR280000-00,b4062410-3ed5-60be-eb98-6d52bb04f129,1777348103,0.62,5.15,yes,"{""count_fp"":""5.15"",""created_time"":""2026-04-28T03:48:23.324387Z"",""no_price_dollars"":""0.3800"",""taker_side"":""yes"",""ticker"":""KXETH15M-26APR280000-00"",""trade_id"":""b4062410-3ed5-60be-eb98-6d52bb04f129"",""yes_price_dollars"":""0.6200""}"
KXETH15M-26APR280000-00,6d7dc489-2770-6131-c716-d36b7498a33d,1777348103,0.62,10.0,yes,"{""count_fp"":""10.00"",""created_time"":""2026-04-28T03:48:23.324387Z"",""no_price_dollars"":""0.3800"",""taker_side"":""yes"",""ticker"":""KXETH15M-26APR280000-00"",""trade_id"":""6d7dc489-2770-6131-c716-d36b7498a33d"",""yes_price_dollars"":""0.6200""}"
KXETH15M-26APR280000-00,e8d5bf05-fc3e-68a0-d2b8-48d49fa29d80,1777348107,0.62,1.0,no,"{""count_fp"":""1.00"",""created_time"":""2026-04-28T03:48:27.100674Z"",""no_price_dollars"":""0.3800"",""taker_side"":""no"",""ticker"":""KXETH15M-26APR280000-00"",""trade_id"":""e8d5bf05-fc3e-68a0-d2b8-48d49fa29d80"",""yes_price_dollars"":""0.6200""}"
KXETH15M-26APR280000-00,de1bf951-96cc-6664-d6bc-1e752fc484a7,1777348107,0.6,25.0,no,"{""count_fp"":""25.00"",""created_time"":""2026-04-28T03:48:27.100674Z"",""no_price_dollars"":""0.4000"",""taker_side"":""no"",""ticker"":""KXETH15M-26APR280000-00"",""trade_id"":""de1bf951-96cc-6664-d6bc-1e752fc484a7"",""yes_price_dollars"":""0.6000""}"
KXETH15M-26APR280000-00,d80c9d23-79cd-7687-84fc-cf0876843d63,1777348109,0.62,1.0,yes,"{""count_fp"":""1.00"",""created_time"":""2026-04-28T03:48:29.287942Z"",""no_price_dollars"":""0.3800"",""taker_side"":""yes"",""ticker"":""KXETH15M-26APR280000-00"",""trade_id"":""d80c9d23-79cd-7687-84fc-cf0876843d63"",""yes_price_dollars"":""0.6200""}"
KXETH15M-26APR280000-00,1c28ad59-ee36-7f0e-a7d3-3f39a0c34fde,1777348109,0.63,94.92,yes,"{""count_fp"":""94.92"",""created_time"":""2026-04-28T03:48:29.287942Z"",""no_price_dollars"":""0.3700"",""taker_side"":""yes"",""ticker"":""KXETH15M-26APR280000-00"",""trade_id"":""1c28ad59-ee36-7f0e-a7d3-3f39a0c34fde"",""yes_price_dollars"":""0.6300""}"
KXETH15M-26APR280000-00,e1206718-2fe6-72a3-fb1e-141850627ff1,1777348110,0.61,1.0,yes,"{""count_fp"":""1.00"",""created_time"":""2026-04-28T03:48:30.245292Z"",""no_price_dollars"":""0.3900"",""taker_side"":""yes"",""ticker"":""KXETH15M-26APR280000-00"",""trade_id"":""e1206718-2fe6-72a3-fb1e-141850627ff1"",""yes_price_dollars"":""0.6100""}"
KXETH15M-26APR280000-00,7f38d838-24f2-7bbe-e947-92f8bfb9f106,1777348110,0.62,14.47,yes,"{""count_fp"":""14.47"",""created_time"":""2026-04-28T03:48:30.245292Z"",""no_price_dollars"":""0.3800"",""taker_side"":""yes"",""ticker"":""KXETH15M-26APR280000-00"",""trade_id"":""7f38d838-24f2-7bbe-e947-92f8bfb9f106"",""yes_price_dollars"":""0.6200""}"
KXETH15M-26APR280000-00,c1e32ec6-c9cc-6e54-cfdb-c3d868b1158f,1777348112,0.6,0.23,no,"{""count_fp"":""0.23"",""created_time"":""2026-04-28T03:48:32.057557Z"",""no_price_dollars"":""0.4000"",""taker_side"":""no"",""ticker"":""KXETH15M-26APR280000-00"",""trade_id"":""c1e32ec6-c9cc-6e54-cfdb-c3d868b1158f"",""yes_price_dollars"":""0.6000""}"
KXETH15M-26APR280000-00,26203e34-8786-47cb-3df1-2cf696f2c62b,1777348113,0.6,2.39,no,"{""count_fp"":""2.39"",""created_time"":""2026-04-28T03:48:33.191548Z"",""no_price_dollars"":""0.4000"",""taker_side"":""no"",""ticker"":""KXETH15M-26APR280000-00"",""trade_id"":""26203e34-8786-47cb-3df1-2cf696f2c62b"",""yes_price_dollars"":""0.6000""}"
KXETH15M-26APR280000-00,1c6a2d77-caee-5f97-5b9c-e76cf7e0b07f,1777348118,0.63,0.15,yes,"{""count_fp"":""0.15"",""created_time"":""2026-04-28T03:48:38.240584Z"",""no_price_dollars"":""0.3700"",""taker_side"":""yes"",""ticker"":""KXETH15M-26APR280000-00"",""trade_id"":""1c6a2d77-caee-5f97-5b9c-e76cf7e0b07f"",""yes_price_dollars"":""0.6300""}"
KXETH15M-26APR280000-00,cbfe6b72-d043-676a-de85-640c1a96eb66,1777348119,0.62,1.0,no,"{""count_fp"":""1.00"",""created_time"":""2026-04-28T03:48:39.438688Z"",""no_price_dollars"":""0.3800"",""taker_side"":""no"",""ticker"":""KXETH15M-26APR280000-00"",""trade_id"":""cbfe6b72-d043-676a-de85-640c1a96eb66"",""yes_price_dollars"":""0.6200""}"
KXETH15M-26APR280000-00,fed596e2-bf63-7b11-2e36-dcf1eb4e8bd1,1777348120,0.61,6.12,no,"{""count_fp"":""6.12"",""created_time"":""2026-04-28T03:48:40.316734Z"",""no_price_dollars"":""0.3900"",""taker_side"":""no"",""ticker"":""KXETH15M-26APR280000-00"",""trade_id"":""fed596e2-bf63-7b11-2e36-dcf1eb4e8bd1"",""yes_price_dollars"":""0.6100""}"
KXETH15M-26APR280000-00,fb11a507-0b21-5935-638e-891316933b21,1777348130,0.63,1.0,yes,"{""count_fp"":""1.00"",""created_time"":""2026-04-28T03:48:50.150018Z"",""no_price_dollars"":""0.3700"",""taker_side"":""yes"",""ticker"":""KXETH15M-26APR280000-00"",""trade_id"":""fb11a507-0b21-5935-638e-891316933b21"",""yes_price_dollars"":""0.6300""}"
KXETH15M-26APR280000-00,3efcb3f3-2be8-5614-f3d9-e38b50af82db,1777348131,0.61,24.0,no,"{""count_fp"":""24.00"",""created_time"":""2026-04-28T03:48:51.114506Z"",""no_price_dollars"":""0.3900"",""taker_side"":""no"",""ticker"":""KXETH15M-26APR280000-00"",""trade_id"":""3efcb3f3-2be8-5614-f3d9-e38b50af82db"",""yes_price_dollars"":""0.6100""}"
KXETH15M-26APR280000-00,2de9fa9d-e1f8-5514-f9b8-ef2dea85e62f,1777348131,0.63,1.0,no,"{""count_fp"":""1.00"",""created_time"":""2026-04-28T03:48:51.114506Z"",""no_price_dollars"":""0.3700"",""taker_side"":""no"",""ticker"":""KXETH15M-26APR280000-00"",""trade_id"":""2de9fa9d-e1f8-5514-f9b8-ef2dea85e62f"",""yes_price_dollars"":""0.6300""}"
KXETH15M-26APR280000-00,7c7f994b-d247-6afa-b9a6-0f7ef42a9856,1777348133,0.69,1.0,yes,"{""count_fp"":""1.00"",""created_time"":""2026-04-28T03:48:53.548424Z"",""no_price_dollars"":""0.3100"",""taker_side"":""yes"",""ticker"":""KXETH15M-26APR280000-00"",""trade_id"":""7c7f994b-d247-6afa-b9a6-0f7ef42a9856"",""yes_price_dollars"":""0.6900""}"
KXETH15M-26APR280000-00,97bbb585-f746-4fc8-3597-e0a976178571,1777348134,0.7,1.0,yes,"{""count_fp"":""1.00"",""created_time"":""2026-04-28T03:48:54.896004Z"",""no_price_dollars"":""0.3000"",""taker_side"":""yes"",""ticker"":""KXETH15M-26APR280000-00"",""trade_id"":""97bbb585-f746-4fc8-3597-e0a976178571"",""yes_price_dollars"":""0.7000""}"
KXETH15M-26APR280000-00,b6dc04d3-15b4-5cd0-9588-cb3401ac1b1f,1777348134,0.68,27.0,no,"{""count_fp"":""27.00"",""created_time"":""2026-04-28T03:48:54.126991Z"",""no_price_dollars"":""0.3200"",""taker_side"":""no"",""ticker"":""KXETH15M-26APR280000-00"",""trade_id"":""b6dc04d3-15b4-5cd0-9588-cb3401ac1b1f"",""yes_price_dollars"":""0.6800""}"
KXETH15M-26APR280000-00,8a2f0a2e-e3f6-5e24-8705-02c704ca4e01,1777348134,0.68,1.0,no,"{""count_fp"":""1.00"",""created_time"":""2026-04-28T03:48:54.126991Z"",""no_price_dollars"":""0.3200"",""taker_side"":""no"",""ticker"":""KXETH15M-26APR280000-00"",""trade_id"":""8a2f0a2e-e3f6-5e24-8705-02c704ca4e01"",""yes_price_dollars"":""0.6800""}"
KXETH15M-26APR280000-00,c68afb5e-cc4a-7b90-8bcf-3f19efb351b1,1777348136,0.7,1.0,yes,"{""count_fp"":""1.00"",""created_time"":""2026-04-28T03:48:56.589457Z"",""no_price_dollars"":""0.3000"",""taker_side"":""yes"",""ticker"":""KXETH15M-26APR280000-00"",""trade_id"":""c68afb5e-cc4a-7b90-8bcf-3f19efb351b1"",""yes_price_dollars"":""0.7000""}"
KXETH15M-26APR280000-00,80683867-5753-791e-a245-fd530eb81c4a,1777348136,0.7,1.0,yes,"{""count_fp"":""1.00"",""created_time"":""2026-04-28T03:48:56.589457Z"",""no_price_dollars"":""0.3000"",""taker_side"":""yes"",""ticker"":""KXETH15M-26APR280000-00"",""trade_id"":""80683867-5753-791e-a245-fd530eb81c4a"",""yes_price_dollars"":""0.7000""}"
KXETH15M-26APR280000-00,5f85149d-9450-6aa0-4895-a966cb8ab697,1777348136,0.68,24.0,no,"{""count_fp"":""24.00"",""created_time"":""2026-04-28T03:48:56.105372Z"",""no_price_dollars"":""0.3200"",""taker_side"":""no"",""ticker"":""KXETH15M-26APR280000-00"",""trade_id"":""5f85149d-9450-6aa0-4895-a966cb8ab697"",""yes_price_dollars"":""0.6800""}"
KXETH15M-26APR280000-00,615cfc4f-17fc-5b18-5596-69089adedfab,1777348137,0.68,149.15,no,"{""count_fp"":""149.15"",""created_time"":""2026-04-28T03:48:57.482466Z"",""no_price_dollars"":""0.3200"",""taker_side"":""no"",""ticker"":""KXETH15M-26APR280000-00"",""trade_id"":""615cfc4f-17fc-5b18-5596-69089adedfab"",""yes_price_dollars"":""0.6800""}"
KXETH15M-26APR280000-00,fe179f82-6e34-5bed-e2fa-6b9cda66f2b8,1777348137,0.72,1.0,no,"{""count_fp"":""1.00"",""created_time"":""2026-04-28T03:48:57.411369Z"",""no_price_dollars"":""0.2800"",""taker_side"":""no"",""ticker"":""KXETH15M-26APR280000-00"",""trade_id"":""fe179f82-6e34-5bed-e2fa-6b9cda66f2b8"",""yes_price_dollars"":""0.7200""}"
KXETH15M-26APR280000-00,57c4dee6-12f4-4d34-8e1b-ab5e9f900dbb,1777348137,0.68,26.0,no,"{""count_fp"":""26.00"",""created_time"":""2026-04-28T03:48:57.125629Z"",""no_price_dollars"":""0.3200"",""taker_side"":""no"",""ticker"":""KXETH15M-26APR280000-00"",""trade_id"":""57c4dee6-12f4-4d34-8e1b-ab5e9f900dbb"",""yes_price_dollars"":""0.6800""}"
KXETH15M-26APR280000-00,41ec8928-17a0-48ad-98a6-833320ed1c8f,1777348137,0.71,1.0,no,"{""count_fp"":""1.00"",""created_time"":""2026-04-28T03:48:57.125629Z"",""no_price_dollars"":""0.2900"",""taker_side"":""no"",""ticker"":""KXETH15M-26APR280000-00"",""trade_id"":""41ec8928-17a0-48ad-98a6-833320ed1c8f"",""yes_price_dollars"":""0.7100""}"
KXETH15M-26APR280000-00,c3830053-dc1c-4f40-42ca-002933a386bf,1777348140,0.69,41.0,no,"{""count_fp"":""41.00"",""created_time"":""2026-04-28T03:49:00.132503Z"",""no_price_dollars"":""0.3100"",""taker_side"":""no"",""ticker"":""KXETH15M-26APR280000-00"",""trade_id"":""c3830053-dc1c-4f40-42ca-002933a386bf"",""yes_price_dollars"":""0.6900""}"
KXETH15M-26APR280000-00,a84e1d5f-34f5-55e9-4ec2-230b45656474,1777348140,0.7,10.0,yes,"{""count_fp"":""10.00"",""created_time"":""2026-04-28T03:49:00.061524Z"",""no_price_dollars"":""0.3000"",""taker_side"":""yes"",""ticker"":""KXETH15M-26APR280000-00"",""trade_id"":""a84e1d5f-34f5-55e9-4ec2-230b45656474"",""yes_price_dollars"":""0.7000""}"
KXETH15M-26APR280000-00,343540ed-055f-5412-6124-89328f354515,1777348140,0.7,10.0,yes,"{""count_fp"":""10.00"",""created_time"":""2026-04-28T03:49:00.061524Z"",""no_price_dollars"":""0.3000"",""taker_side"":""yes"",""ticker"":""KXETH15M-26APR280000-00"",""trade_id"":""343540ed-055f-5412-6124-89328f354515"",""yes_price_dollars"":""0.7000""}"
KXETH15M-26APR280000-00,f3657e99-fae7-4b81-0298-2c03d70d5821,1777348141,0.7,10.0,no,"{""count_fp"":""10.00"",""created_time"":""2026-04-28T03:49:01.129648Z"",""no_price_dollars"":""0.3000"",""taker_side"":""no"",""ticker"":""KXETH15M-26APR280000-00"",""trade_id"":""f3657e99-fae7-4b81-0298-2c03d70d5821"",""yes_price_dollars"":""0.7000""}"
KXETH15M-26APR280000-00,d1913ea5-a204-4878-0058-af124cf7f723,1777348141,0.68,29.0,no,"{""count_fp"":""29.00"",""created_time"":""2026-04-28T03:49:01.129648Z"",""no_price_dollars"":""0.3200"",""taker_side"":""no"",""ticker"":""KXETH15M-26APR280000-00"",""trade_id"":""d1913ea5-a204-4878-0058-af124cf7f723"",""yes_price_dollars"":""0.6800""}"
KXETH15M-26APR280000-00,c8df1fd6-c43c-4e0a-2136-1a206892d423,1777348141,0.7,10.0,no,"{""count_fp"":""10.00"",""created_time"":""2026-04-28T03:49:01.129648Z"",""no_price_dollars"":""0.3000"",""taker_side"":""no"",""ticker"":""KXETH15M-26APR280000-00"",""trade_id"":""c8df1fd6-c43c-4e0a-2136-1a206892d423"",""yes_price_dollars"":""0.7000""}"
KXETH15M-26APR280000-00,2e42cae1-1bf5-4527-3bdc-917f892525d9,1777348141,0.72,1.0,no,"{""count_fp"":""1.00"",""created_time"":""2026-04-28T03:49:01.129648Z"",""no_price_dollars"":""0.2800"",""taker_side"":""no"",""ticker"":""KXETH15M-26APR280000-00"",""trade_id"":""2e42cae1-1bf5-4527-3bdc-917f892525d9"",""yes_price_dollars"":""0.7200""}"
KXETH15M-26APR280000-00,592d5817-23e3-6dc2-62b6-76e22f873c3d,1777348142,0.74,5.0,yes,"{""count_fp"":""5.00"",""created_time"":""2026-04-28T03:49:02.832942Z"",""no_price_dollars"":""0.2600"",""taker_side"":""yes"",""ticker"":""KXETH15M-26APR280000-00"",""trade_id"":""592d5817-23e3-6dc2-62b6-76e22f873c3d"",""yes_price_dollars"":""0.7400""}"
KXETH15M-26APR280000-00,8bdf4867-48ec-57f0-40c8-b6a5e42efac3,1777348142,0.69,40.0,no,"{""count_fp"":""40.00"",""created_time"":""2026-04-28T03:49:02.136867Z"",""no_price_dollars"":""0.3100"",""taker_side"":""no"",""ticker"":""KXETH15M-26APR280000-00"",""trade_id"":""8bdf4867-48ec-57f0-40c8-b6a5e42efac3"",""yes_price_dollars"":""0.6900""}"
KXETH15M-26APR280000-00,0aa44994-46ec-5636-60fb-1bb5079922f8,1777348142,0.72,1.0,no,"{""count_fp"":""1.00"",""created_time"":""2026-04-28T03:49:02.136867Z"",""no_price_dollars"":""0.2800"",""taker_side"":""no"",""ticker"":""KXETH15M-26APR280000-00"",""trade_id"":""0aa44994-46ec-5636-60fb-1bb5079922f8"",""yes_price_dollars"":""0.7200""}"
KXETH15M-26APR280000-00,d82316bf-564d-57ed-979c-aac29e4d84e1,1777348144,0.71,1.0,no,"{""count_fp"":""1.00"",""created_time"":""2026-04-28T03:49:04.217227Z"",""no_price_dollars"":""0.2900"",""taker_side"":""no"",""ticker"":""KXETH15M-26APR280000-00"",""trade_id"":""d82316bf-564d-57ed-979c-aac29e4d84e1"",""yes_price_dollars"":""0.7100""}"
KXETH15M-26APR280000-00,4811d7a9-bd90-5f14-820b-2d1573e5f477,1777348144,0.69,0.61,no,"{""count_fp"":""0.61"",""created_time"":""2026-04-28T03:49:04.217227Z"",""no_price_dollars"":""0.3100"",""taker_side"":""no"",""ticker"":""KXETH15M-26APR280000-00"",""trade_id"":""4811d7a9-bd90-5f14-820b-2d1573e5f477"",""yes_price_dollars"":""0.6900""}"
KXETH15M-26APR280000-00,4870a969-6607-72ea-3bd0-e3e4ab595679,1777348149,0.72,0.13,yes,"{""count_fp"":""0.13"",""created_time"":""2026-04-28T03:49:09.908735Z"",""no_price_dollars"":""0.2800"",""taker_side"":""yes"",""ticker"":""KXETH15M-26APR280000-00"",""trade_id"":""4870a969-6607-72ea-3bd0-e3e4ab595679"",""yes_price_dollars"":""0.7200""}"
KXETH15M-26APR280000-00,f273bdb4-6b31-521b-492c-a172bba74a2d,1777348150,0.7,2.0,no,"{""count_fp"":""2.00"",""created_time"":""2026-04-28T03:49:10.650968Z"",""no_price_dollars"":""0.3000"",""taker_side"":""no"",""ticker"":""KXETH15M-26APR280000-00"",""trade_id"":""f273bdb4-6b31-521b-492c-a172bba74a2d"",""yes_price_dollars"":""0.7000""}"
KXETH15M-26APR280000-00,b6b6ec0a-542e-55b3-7434-a9355aa900fa,1777348150,0.71,1.0,no,"{""count_fp"":""1.00"",""created_time"":""2026-04-28T03:49:10.650968Z"",""no_price_dollars"":""0.2900"",""taker_side"":""no"",""ticker"":""KXETH15M-26APR280000-00"",""trade_id"":""b6b6ec0a-542e-55b3-7434-a9355aa900fa"",""yes_price_dollars"":""0.7100""}"
KXETH15M-26APR280000-00,fc6efd54-31b3-510e-cdbd-84b76290e695,1777348150,0.72,2.0,yes,"{""count_fp"":""2.00"",""created_time"":""2026-04-28T03:49:10.472662Z"",""no_price_dollars"":""0.2800"",""taker_side"":""yes"",""ticker"":""KXETH15M-26APR280000-00"",""trade_id"":""fc6efd54-31b3-510e-cdbd-84b76290e695"",""yes_price_dollars"":""0.7200""}"
KXETH15M-26APR280000-00,1364a41d-6ab5-474f-9733-4411e8bcf00b,1777348151,0.74,3.0,yes,"{""count_fp"":""3.00"",""created_time"":""2026-04-28T03:49:11.697243Z"",""no_price_dollars"":""0.2600"",""taker_side"":""yes"",""ticker"":""KXETH15M-26APR280000-00"",""trade_id"":""1364a41d-6ab5-474f-9733-4411e8bcf00b"",""yes_price_dollars"":""0.7400""}"
KXETH15M-26APR280000-00,e985b5c4-78e0-6d83-1573-2b565800a65c,1777348153,0.7,10.0,no,"{""count_fp"":""10.00"",""created_time"":""2026-04-28T03:49:13.285508Z"",""no_price_dollars"":""0.3000"",""taker_side"":""no"",""ticker"":""KXETH15M-26APR280000-00"",""trade_id"":""e985b5c4-78e0-6d83-1573-2b565800a65c"",""yes_price_dollars"":""0.7000""}"
KXETH15M-26APR280000-00,de3ceee5-cea0-657b-1b97-83135baa5e34,1777348153,0.69,10.0,no,"{""count_fp"":""10.00"",""created_time"":""2026-04-28T03:49:13.285508Z"",""no_price_dollars"":""0.3100"",""taker_side"":""no"",""ticker"":""KXETH15M-26APR280000-00"",""trade_id"":""de3ceee5-cea0-657b-1b97-83135baa5e34"",""yes_price_dollars"":""0.6900""}"
KXETH15M-26APR280000-00,a63b1496-047b-6988-177d-e9ce466ec180,1777348153,0.68,10.26,no,"{""count_fp"":""10.26"",""created_time"":""2026-04-28T03:49:13.285508Z"",""no_price_dollars"":""0.3200"",""taker_side"":""no"",""ticker"":""KXETH15M-26APR280000-00"",""trade_id"":""a63b1496-047b-6988-177d-e9ce466ec180"",""yes_price_dollars"":""0.6800""}"
KXETH15M-26APR280000-00,bd2eaa93-2b59-759b-451c-80658a1d3789,1777348158,0.7,3.0,no,"{""count_fp"":""3.00"",""created_time"":""2026-04-28T03:49:18.256057Z"",""no_price_dollars"":""0.3000"",""taker_side"":""no"",""ticker"":""KXETH15M-26APR280000-00"",""trade_id"":""bd2eaa93-2b59-759b-451c-80658a1d3789"",""yes_price_dollars"":""0.7000""}"
KXETH15M-26APR280000-00,0d4d57cc-c209-73eb-ed08-e38744361537,1777348158,0.72,1.36,yes,"{""count_fp"":""1.36"",""created_time"":""2026-04-28T03:49:18.192854Z"",""no_price_dollars"":""0.2800"",""taker_side"":""yes"",""ticker"":""KXETH15M-26APR280000-00"",""trade_id"":""0d4d57cc-c209-73eb-ed08-e38744361537"",""yes_price_dollars"":""0.7200""}"
KXETH15M-26APR280000-00,f7ef0d4c-9f7d-5687-fd2e-b41c685ada43,1777348163,0.72,1.0,yes,"{""count_fp"":""1.00"",""created_time"":""2026-04-28T03:49:23.152136Z"",""no_price_dollars"":""0.2800"",""taker_side"":""yes"",""ticker"":""KXETH15M-26APR280000-00"",""trade_id"":""f7ef0d4c-9f7d-5687-fd2e-b41c685ada43"",""yes_price_dollars"":""0.7200""}"
KXETH15M-26APR280000-00,56eb6de4-05b2-6cde-cc84-976de289bad8,1777348165,0.69,10.0,no,"{""count_fp"":""10.00"",""created_time"":""2026-04-28T03:49:25.267101Z"",""no_price_dollars"":""0.3100"",""taker_side"":""no"",""ticker"":""KXETH15M-26APR280000-00"",""trade_id"":""56eb6de4-05b2-6cde-cc84-976de289bad8"",""yes_price_dollars"":""0.6900""}"
KXETH15M-26APR280000-00,323b2306-925d-6cff-e250-e4a19fd6cfc7,1777348165,0.68,1.23,no,"{""count_fp"":""1.23"",""created_time"":""2026-04-28T03:49:25.267101Z"",""no_price_dollars"":""0.3200"",""taker_side"":""no"",""ticker"":""KXETH15M-26APR280000-00"",""trade_id"":""323b2306-925d-6cff-e250-e4a19fd6cfc7"",""yes_price_dollars"":""0.6800""}"
KXETH15M-26APR280000-00,2c3362eb-37c5-6efb-dce9-66cebc83614a,1777348165,0.71,1.0,no,"{""count_fp"":""1.00"",""created_time"":""2026-04-28T03:49:25.267101Z"",""no_price_dollars"":""0.2900"",""taker_side"":""no"",""ticker"":""KXETH15M-26APR280000-00"",""trade_id"":""2c3362eb-37c5-6efb-dce9-66cebc83614a"",""yes_price_dollars"":""0.7100""}"
KXETH15M-26APR280000-00,5d013426-7a6c-609b-e2ce-9167d52cd245,1777348169,0.69,2.0,no,"{""count_fp"":""2.00"",""created_time"":""2026-04-28T03:49:29.161838Z"",""no_price_dollars"":""0.3100"",""taker_side"":""no"",""ticker"":""KXETH15M-26APR280000-00"",""trade_id"":""5d013426-7a6c-609b-e2ce-9167d52cd245"",""yes_price_dollars"":""0.6900""}"
KXETH15M-26APR280000-00,1ce5765e-1201-6295-5724-4cc3ee5881b3,1777348171,0.7,1.54,no,"{""count_fp"":""1.54"",""created_time"":""2026-04-28T03:49:31.706515Z"",""no_price_dollars"":""0.3000"",""taker_side"":""no"",""ticker"":""KXETH15M-26APR280000-00"",""trade_id"":""1ce5765e-1201-6295-5724-4cc3ee5881b3"",""yes_price_dollars"":""0.7000""}"
KXETH15M-26APR280000-00,a693e81e-d5c6-7686-6fcd-cd6d03867154,1777348175,0.7,3.0,no,"{""count_fp"":""3.00"",""created_time"":""2026-04-28T03:49:35.239262Z"",""no_price_dollars"":""0.3000"",""taker_side"":""no"",""ticker"":""KXETH15M-26APR280000-00"",""trade_id"":""a693e81e-d5c6-7686-6fcd-cd6d03867154"",""yes_price_dollars"":""0.7000""}"
KXETH15M-26APR280000-00,a5dadfc5-dc3f-7b80-adac-6c5caf412ed8,1777348177,0.69,0.92,no,"{""count_fp"":""0.92"",""created_time"":""2026-04-28T03:49:37.058888Z"",""no_price_dollars"":""0.3100"",""taker_side"":""no"",""ticker"":""KXETH15M-26APR280000-00"",""trade_id"":""a5dadfc5-dc3f-7b80-adac-6c5caf412ed8"",""yes_price_dollars"":""0.6900""}"
KXETH15M-26APR280000-00,3d962dc1-802d-5af5-8923-a5949992ca0d,1777348179,0.73,10.0,yes,"{""count_fp"":""10.00"",""created_time"":""2026-04-28T03:49:39.495995Z"",""no_price_dollars"":""0.2700"",""taker_side"":""yes"",""ticker"":""KXETH15M-26APR280000-00"",""trade_id"":""3d962dc1-802d-5af5-8923-a5949992ca0d"",""yes_price_dollars"":""0.7300""}"
KXETH15M-26APR280000-00,e1f0cd54-2b35-61ea-42ea-95d65aba3779,1777348186,0.76,4.0,yes,"{""count_fp"":""4.00"",""created_time"":""2026-04-28T03:49:46.847281Z"",""no_price_dollars"":""0.2400"",""taker_side"":""yes"",""ticker"":""KXETH15M-26APR280000-00"",""trade_id"":""e1f0cd54-2b35-61ea-42ea-95d65aba3779"",""yes_price_dollars"":""0.7600""}"
KXETH15M-26APR280000-00,bb4969e6-46da-6d62-7b72-d9a65d694e23,1777348186,0.79,10.0,yes,"{""count_fp"":""10.00"",""created_time"":""2026-04-28T03:49:46.847281Z"",""no_price_dollars"":""0.2100"",""taker_side"":""yes"",""ticker"":""KXETH15M-26APR280000-00"",""trade_id"":""bb4969e6-46da-6d62-7b72-d9a65d694e23"",""yes_price_dollars"":""0.7900""}"
KXETH15M-26APR280000-00,f2882140-38ab-4000-3ddb-de3e4e2821a7,1777348186,0.75,0.61,yes,"{""count_fp"":""0.61"",""created_time"":""2026-04-28T03:49:46.030872Z"",""no_price_dollars"":""0.2500"",""taker_side"":""yes"",""ticker"":""KXETH15M-26APR280000-00"",""trade_id"":""f2882140-38ab-4000-3ddb-de3e4e2821a7"",""yes_price_dollars"":""0.7500""}"
KXETH15M-26APR280000-00,49a2029d-25ab-5ce0-6997-f9b400799737,1777348186,0.75,941.0,yes,"{""count_fp"":""941.00"",""created_time"":""2026-04-28T03:49:46.021618Z"",""no_price_dollars"":""0.2500"",""taker_side"":""yes"",""ticker"":""KXETH15M-26APR280000-00"",""trade_id"":""49a2029d-25ab-5ce0-6997-f9b400799737"",""yes_price_dollars"":""0.7500""}"
KXETH15M-26APR280000-00,9410693c-9f32-63a8-e6fd-93e0a466b555,1777348187,0.8,1.0,yes,"{""count_fp"":""1.00"",""created_time"":""2026-04-28T03:49:47.573524Z"",""no_price_dollars"":""0.2000"",""taker_side"":""yes"",""ticker"":""KXETH15M-26APR280000-00"",""trade_id"":""9410693c-9f32-63a8-e6fd-93e0a466b555"",""yes_price_dollars"":""0.8000""}"
KXETH15M-26APR280000-00,4919c81f-283a-4a48-a7dd-e41f184acb01,1777348189,0.8,2.8,yes,"{""count_fp"":""2.80"",""created_time"":""2026-04-28T03:49:49.757992Z"",""no_price_dollars"":""0.2000"",""taker_side"":""yes"",""ticker"":""KXETH15M-26APR280000-00"",""trade_id"":""4919c81f-283a-4a48-a7dd-e41f184acb01"",""yes_price_dollars"":""0.8000""}"
KXETH15M-26APR280000-00,cd3f919f-5386-6874-ab8e-a52b1d6021e5,1777348189,0.8,1.0,yes,"{""count_fp"":""1.00"",""created_time"":""2026-04-28T03:49:49.262474Z"",""no_price_dollars"":""0.2000"",""taker_side"":""yes"",""ticker"":""KXETH15M-26APR280000-00"",""trade_id"":""cd3f919f-5386-6874-ab8e-a52b1d6021e5"",""yes_price_dollars"":""0.8000""}"
KXETH15M-26APR280000-00,eaf1ef2c-110f-7ebc-0c27-f21e9e15f980,1777348189,0.78,28.0,no,"{""count_fp"":""28.00"",""created_time"":""2026-04-28T03:49:49.127942Z"",""no_price_dollars"":""0.2200"",""taker_side"":""no"",""ticker"":""KXETH15M-26APR280000-00"",""trade_id"":""eaf1ef2c-110f-7ebc-0c27-f21e9e15f980"",""yes_price_dollars"":""0.7800""}"
KXETH15M-26APR280000-00,3b6a5642-7c0a-75ee-3873-2608699ba40d,1777348189,0.78,10.0,no,"{""count_fp"":""10.00"",""created_time"":""2026-04-28T03:49:49.127942Z"",""no_price_dollars"":""0.2200"",""taker_side"":""no"",""ticker"":""KXETH15M-26APR280000-00"",""trade_id"":""3b6a5642-7c0a-75ee-3873-2608699ba40d"",""yes_price_dollars"":""0.7800""}"
KXETH15M-26APR280000-00,aed62493-c955-5ca7-e4d9-ebbac8833e6f,1777348191,0.77,24.0,yes,"{""count_fp"":""24.00"",""created_time"":""2026-04-28T03:49:51.751521Z"",""no_price_dollars"":""0.2300"",""taker_side"":""yes"",""ticker"":""KXETH15M-26APR280000-00"",""trade_id"":""aed62493-c955-5ca7-e4d9-ebbac8833e6f"",""yes_price_dollars"":""0.7700""}"
KXETH15M-26APR280000-00,f40a2e45-2abd-4a3b-ce75-7504817f9277,1777348196,0.77,1.27,yes,"{""count_fp"":""1.27"",""created_time"":""2026-04-28T03:49:56.837805Z"",""no_price_dollars"":""0.2300"",""taker_side"":""yes"",""ticker"":""KXETH15M-26APR280000-00"",""trade_id"":""f40a2e45-2abd-4a3b-ce75-7504817f9277"",""yes_price_dollars"":""0.7700""}"
KXETH15M-26APR280000-00,7492be84-bd69-72e3-601c-3e87a38b8503,1777348196,0.77,4.0,yes,"{""count_fp"":""4.00"",""created_time"":""2026-04-28T03:49:56.372972Z"",""no_price_dollars"":""0.2300"",""taker_side"":""yes"",""ticker"":""KXETH15M-26APR280000-00"",""trade_id"":""7492be84-bd69-72e3-601c-3e87a38b8503"",""yes_price_dollars"":""0.7700""}"
KXETH15M-26APR280000-00,589aa691-01e2-7b5b-5b39-63336e0e9113,1777348196,0.75,1.0,yes,"{""count_fp"":""1.00"",""created_time"":""2026-04-28T03:49:56.372972Z"",""no_price_dollars"":""0.2500"",""taker_side"":""yes"",""ticker"":""KXETH15M-26APR280000-00"",""trade_id"":""589aa691-01e2-7b5b-5b39-63336e0e9113"",""yes_price_dollars"":""0.7500""}"
KXETH15M-26APR280000-00,2d78e7c6-7ce6-7fd7-0bc8-e71a8a94ba3f,1777348196,0.75,1.0,yes,"{""count_fp"":""1.00"",""created_time"":""2026-04-28T03:49:56.183926Z"",""no_price_dollars"":""0.2500"",""taker_side"":""yes"",""ticker"":""KXETH15M-26APR280000-00"",""trade_id"":""2d78e7c6-7ce6-7fd7-0bc8-e71a8a94ba3f"",""yes_price_dollars"":""0.7500""}"
KXETH15M-26APR280000-00,8f0ee194-a5c6-56a4-94a3-1604a301fec5,1777348200,0.8,0.2,yes,"{""count_fp"":""0.20"",""created_time"":""2026-04-28T03:50:00.714294Z"",""no_price_dollars"":""0.2000"",""taker_side"":""yes"",""ticker"":""KXETH15M-26APR280000-00"",""trade_id"":""8f0ee194-a5c6-56a4-94a3-1604a301fec5"",""yes_price_dollars"":""0.8000""}"
KXETH15M-26APR280000-00,69685891-adff-5377-a123-3205859b8668,1777348200,0.8,61.99,yes,"{""count_fp"":""61.99"",""created_time"":""2026-04-28T03:50:00.714294Z"",""no_price_dollars"":""0.2000"",""taker_side"":""yes"",""ticker"":""KXETH15M-26APR280000-00"",""trade_id"":""69685891-adff-5377-a123-3205859b8668"",""yes_price_dollars"":""0.8000""}"
KXETH15M-26APR280000-00,4b85b8d7-6682-562b-ab15-e76f55902a2b,1777348200,0.8,14.81,yes,"{""count_fp"":""14.81"",""created_time"":""2026-04-28T03:50:00.714294Z"",""no_price_dollars"":""0.2000"",""taker_side"":""yes"",""ticker"":""KXETH15M-26APR280000-00"",""trade_id"":""4b85b8d7-6682-562b-ab15-e76f55902a2b"",""yes_price_dollars"":""0.8000""}"
KXETH15M-26APR280000-00,2d1b0840-2237-4238-9ab0-d80e4f9a3228,1777348201,0.79,12.76,no,"{""count_fp"":""12.76"",""created_time"":""2026-04-28T03:50:01.696242Z"",""no_price_dollars"":""0.2100"",""taker_side"":""no"",""ticker"":""KXETH15M-26APR280000-00"",""trade_id"":""2d1b0840-2237-4238-9ab0-d80e4f9a3228"",""yes_price_dollars"":""0.7900""}"
KXETH15M-26APR280000-00,566a41b0-9f66-55cf-c160-4931b02b514b,1777348201,0.8,0.66,yes,"{""count_fp"":""0.66"",""created_time"":""2026-04-28T03:50:01.443707Z"",""no_price_dollars"":""0.2000"",""taker_side"":""yes"",""ticker"":""KXETH15M-26APR280000-00"",""trade_id"":""566a41b0-9f66-55cf-c160-4931b02b514b"",""yes_price_dollars"":""0.8000""}"
KXETH15M-26APR280000-00,a21af017-ff17-53f0-e2bd-c12ed46feb08,1777348201,0.79,59.0,no,"{""count_fp"":""59.00"",""created_time"":""2026-04-28T03:50:01.149146Z"",""no_price_dollars"":""0.2100"",""taker_side"":""no"",""ticker"":""KXETH15M-26APR280000-00"",""trade_id"":""a21af017-ff17-53f0-e2bd-c12ed46feb08"",""yes_price_dollars"":""0.7900""}"
KXETH15M-26APR280000-00,91fe598e-931f-7e14-1f60-4945d7536a5c,1777348202,0.79,54.0,no,"{""count_fp"":""54.00"",""created_time"":""2026-04-28T03:50:02.085038Z"",""no_price_dollars"":""0.2100"",""taker_side"":""no"",""ticker"":""KXETH15M-26APR280000-00"",""trade_id"":""91fe598e-931f-7e14-1f60-4945d7536a5c"",""yes_price_dollars"":""0.7900""}"
KXETH15M-26APR280000-00,497dab5b-6b8f-6e90-9a45-5cc745dcae28,1777348203,0.8,323.25,no,"{""count_fp"":""323.25"",""created_time"":""2026-04-28T03:50:03.261018Z"",""no_price_dollars"":""0.2000"",""taker_side"":""no"",""ticker"":""KXETH15M-26APR280000-00"",""trade_id"":""497dab5b-6b8f-6e90-9a45-5cc745dcae28"",""yes_price_dollars"":""0.8000""}"
KXETH15M-26APR280000-00,f0d47ea1-f23a-5601-1ed4-807043ceac78,1777348206,0.8,3.52,no,"{""count_fp"":""3.52"",""created_time"":""2026-04-28T03:50:06.387979Z"",""no_price_dollars"":""0.2000"",""taker_side"":""no"",""ticker"":""KXETH15M-26APR280000-00"",""trade_id"":""f0d47ea1-f23a-5601-1ed4-807043ceac78"",""yes_price_dollars"":""0.8000""}"
KXETH15M-26APR280000-00,eeaf4545-38de-4be5-afb8-dc300ee9d2e0,1777348209,0.8,3.78,no,"{""count_fp"":""3.78"",""created_time"":""2026-04-28T03:50:09.351932Z"",""no_price_dollars"":""0.2000"",""taker_side"":""no"",""ticker"":""KXETH15M-26APR280000-00"",""trade_id"":""eeaf4545-38de-4be5-afb8-dc300ee9d2e0"",""yes_price_dollars"":""0.8000""}"
KXETH15M-26APR280000-00,1e111ddd-5cdf-5a01-4ce1-a0512a47e7be,1777348216,0.74,4.0,no,"{""count_fp"":""4.00"",""created_time"":""2026-04-28T03:50:16.800739Z"",""no_price_dollars"":""0.2600"",""taker_side"":""no"",""ticker"":""KXETH15M-26APR280000-00"",""trade_id"":""1e111ddd-5cdf-5a01-4ce1-a0512a47e7be"",""yes_price_dollars"":""0.7400""}"
KXETH15M-26APR280000-00,19cd5a0a-bd1b-578a-7fa1-268f47285336,1777348216,0.74,8.0,no,"{""count_fp"":""8.00"",""created_time"":""2026-04-28T03:50:16.800739Z"",""no_price_dollars"":""0.2600"",""taker_side"":""no"",""ticker"":""KXETH15M-26APR280000-00"",""trade_id"":""19cd5a0a-bd1b-578a-7fa1-268f47285336"",""yes_price_dollars"":""0.7400""}"
KXETH15M-26APR280000-00,e460563e-40d6-68e1-cff3-05cb29550b5c,1777348216,0.76,0.7,no,"{""count_fp"":""0.70"",""created_time"":""2026-04-28T03:50:16.762004Z"",""no_price_dollars"":""0.2400"",""taker_side"":""no"",""ticker"":""KXETH15M-26APR280000-00"",""trade_id"":""e460563e-40d6-68e1-cff3-05cb29550b5c"",""yes_price_dollars"":""0.7600""}"
KXETH15M-26APR280000-00,6f62ec9e-fdb6-5199-c600-eed49ff1c5d4,1777348216,0.76,8.0,no,"{""count_fp"":""8.00"",""created_time"":""2026-04-28T03:50:16.760955Z"",""no_price_dollars"":""0.2400"",""taker_side"":""no"",""ticker"":""KXETH15M-26APR280000-00"",""trade_id"":""6f62ec9e-fdb6-5199-c600-eed49ff1c5d4"",""yes_price_dollars"":""0.7600""}"
KXETH15M-26APR280000-00,5b898444-4186-5393-be99-4bbdfb528a30,1777348216,0.77,10.0,no,"{""count_fp"":""10.00"",""created_time"":""2026-04-28T03:50:16.700227Z"",""no_price_dollars"":""0.2300"",""taker_side"":""no"",""ticker"":""KXETH15M-26APR280000-00"",""trade_id"":""5b898444-4186-5393-be99-4bbdfb528a30"",""yes_price_dollars"":""0.7700""}"
KXETH15M-26APR280000-00,54c8420d-1d4d-41f2-b25d-1644245e3a15,1777348216,0.8,10.0,no,"{""count_fp"":""10.00"",""created_time"":""2026-04-28T03:50:16.398247Z"",""no_price_dollars"":""0.2000"",""taker_side"":""no"",""ticker"":""KXETH15M-26APR280000-00"",""trade_id"":""54c8420d-1d4d-41f2-b25d-1644245e3a15"",""yes_price_dollars"":""0.8000""}"
KXETH15M-26APR280000-00,1e0b255a-bef1-40b2-8417-2085f0363e07,1777348216,0.8,1.0,no,"{""count_fp"":""1.00"",""created_time"":""2026-04-28T03:50:16.398247Z"",""no_price_dollars"":""0.2000"",""taker_side"":""no"",""ticker"":""KXETH15M-26APR280000-00"",""trade_id"":""1e0b255a-bef1-40b2-8417-2085f0363e07"",""yes_price_dollars"":""0.8000""}"
KXETH15M-26APR280000-00,626cd2e9-e8dc-5bf2-35a6-55abe8630ba2,1777348217,0.75,10.0,yes,"{""count_fp"":""10.00"",""created_time"":""2026-04-28T03:50:17.298216Z"",""no_price_dollars"":""0.2500"",""taker_side"":""yes"",""ticker"":""KXETH15M-26APR280000-00"",""trade_id"":""626cd2e9-e8dc-5bf2-35a6-55abe8630ba2"",""yes_price_dollars"":""0.7500""}"
KXETH15M-26APR280000-00,578e04c0-01b8-48fe-c467-d498c1f9b8d0,1777348221,0.7,1.0,no,"{""count_fp"":""1.00"",""created_time"":""2026-04-28T03:50:21.922739Z"",""no_price_dollars"":""0.3000"",""taker_side"":""no"",""ticker"":""KXETH15M-26APR280000-00"",""trade_id"":""578e04c0-01b8-48fe-c467-d498c1f9b8d0"",""yes_price_dollars"":""0.7000""}"
KXETH15M-26APR280000-00,05daf965-9580-4bc0-fb14-a780dfec15dd,1777348221,0.7,10.0,no,"{""count_fp"":""10.00"",""created_time"":""2026-04-28T03:50:21.922739Z"",""no_price_dollars"":""0.3000"",""taker_side"":""no"",""ticker"":""KXETH15M-26APR280000-00"",""trade_id"":""05daf965-9580-4bc0-fb14-a780dfec15dd"",""yes_price_dollars"":""0.7000""}"
KXETH15M-26APR280000-00,c351194c-08c7-50ae-0fc4-ba465cc49934,1777348221,0.73,6.55,yes,"{""count_fp"":""6.55"",""created_time"":""2026-04-28T03:50:21.302187Z"",""no_price_dollars"":""0.2700"",""taker_side"":""yes"",""ticker"":""KXETH15M-26APR280000-00"",""trade_id"":""c351194c-08c7-50ae-0fc4-ba465cc49934"",""yes_price_dollars"":""0.7300""}"
KXETH15M-26APR280000-00,a0ea42de-c407-761e-b614-2dcb4f35278e,1777348222,0.66,10.0,no,"{""count_fp"":""10.00"",""created_time"":""2026-04-28T03:50:22.710387Z"",""no_price_dollars"":""0.3400"",""taker_side"":""no"",""ticker"":""KXETH15M-26APR280000-00"",""trade_id"":""a0ea42de-c407-761e-b614-2dcb4f35278e"",""yes_price_dollars"":""0.6600""}"
KXETH15M-26APR280000-00,a10f5948-b99f-4456-4f24-2cfcf3efb1a8,1777348223,0.66,3.52,yes,"{""count_fp"":""3.52"",""created_time"":""2026-04-28T03:50:23.723487Z"",""no_price_dollars"":""0.3400"",""taker_side"":""yes"",""ticker"":""KXETH15M-26APR280000-00"",""trade_id"":""a10f5948-b99f-4456-4f24-2cfcf3efb1a8"",""yes_price_dollars"":""0.6600""}"
KXETH15M-26APR280000-00,1cc6568e-0984-6544-cfb7-f8fc0643d86c,1777348227,0.68,2.0,yes,"{""count_fp"":""2.00"",""created_time"":""2026-04-28T03:50:27.432194Z"",""no_price_dollars"":""0.3200"",""taker_side"":""yes"",""ticker"":""KXETH15M-26APR280000-00"",""trade_id"":""1cc6568e-0984-6544-cfb7-f8fc0643d86c"",""yes_price_dollars"":""0.6800""}"
KXETH15M-26APR280000-00,8b88ed1f-0a90-6f67-4d62-97929e06028c,1777348228,0.66,3.0,no,"{""count_fp"":""3.00"",""created_time"":""2026-04-28T03:50:28.281741Z"",""no_price_dollars"":""0.3400"",""taker_side"":""no"",""ticker"":""KXETH15M-26APR280000-00"",""trade_id"":""8b88ed1f-0a90-6f67-4d62-97929e06028c"",""yes_price_dollars"":""0.6600""}"
KXETH15M-26APR280000-00,33031854-dff0-6830-c96e-ebbe781ee24f,1777348231,0.69,1.0,yes,"{""count_fp"":""1.00"",""created_time"":""2026-04-28T03:50:31.231876Z"",""no_price_dollars"":""0.3100"",""taker_side"":""yes"",""ticker"":""KXETH15M-26APR280000-00"",""trade_id"":""33031854-dff0-6830-c96e-ebbe781ee24f"",""yes_price_dollars"":""0.6900""}"
KXETH15M-26APR280000-00,1fbf6f83-b0ee-6b66-c821-d62cb5f09aab,1777348231,0.69,10.0,yes,"{""count_fp"":""10.00"",""created_time"":""2026-04-28T03:50:31.231876Z"",""no_price_dollars"":""0.3100"",""taker_side"":""yes"",""ticker"":""KXETH15M-26APR280000-00"",""trade_id"":""1fbf6f83-b0ee-6b66-c821-d62cb5f09aab"",""yes_price_dollars"":""0.6900""}"
KXETH15M-26APR280000-00,39f5033a-02e3-7c5b-3080-2152001ed2c5,1777348232,0.7,1.0,yes,"{""count_fp"":""1.00"",""created_time"":""2026-04-28T03:50:32.125476Z"",""no_price_dollars"":""0.3000"",""taker_side"":""yes"",""ticker"":""KXETH15M-26APR280000-00"",""trade_id"":""39f5033a-02e3-7c5b-3080-2152001ed2c5"",""yes_price_dollars"":""0.7000""}"
KXETH15M-26APR280000-00,d83d62c8-cf8f-773f-f4dd-89ca870352a5,1777348234,0.7,1.0,yes,"{""count_fp"":""1.00"",""created_time"":""2026-04-28T03:50:34.628388Z"",""no_price_dollars"":""0.3000"",""taker_side"":""yes"",""ticker"":""KXETH15M-26APR280000-00"",""trade_id"":""d83d62c8-cf8f-773f-f4dd-89ca870352a5"",""yes_price_dollars"":""0.7000""}"
KXETH15M-26APR280000-00,0280f1b1-9c07-5897-ccd2-52599e48c2ed,1777348236,0.7,22.0,yes,"{""count_fp"":""22.00"",""created_time"":""2026-04-28T03:50:36.072013Z"",""no_price_dollars"":""0.3000"",""taker_side"":""yes"",""ticker"":""KXETH15M-26APR280000-00"",""trade_id"":""0280f1b1-9c07-5897-ccd2-52599e48c2ed"",""yes_price_dollars"":""0.7000""}"
KXETH15M-26APR280000-00,90f07340-64bb-765c-5836-b8172cc1e560,1777348238,0.7,0.79,no,"{""count_fp"":""0.79"",""created_time"":""2026-04-28T03:50:38.767445Z"",""no_price_dollars"":""0.3000"",""taker_side"":""no"",""ticker"":""KXETH15M-26APR280000-00"",""trade_id"":""90f07340-64bb-765c-5836-b8172cc1e560"",""yes_price_dollars"":""0.7000""}"
KXETH15M-26APR280000-00,79ea222b-272c-4bc8-cbcd-c1ba863601d7,1777348239,0.73,10.0,yes,"{""count_fp"":""10.00"",""created_time"":""2026-04-28T03:50:39.095066Z"",""no_price_dollars"":""0.2700"",""taker_side"":""yes"",""ticker"":""KXETH15M-26APR280000-00"",""trade_id"":""79ea222b-272c-4bc8-cbcd-c1ba863601d7"",""yes_price_dollars"":""0.7300""}"
KXETH15M-26APR280000-00,5785d405-bf0f-4396-f564-d9cda3d52595,1777348239,0.74,10.0,yes,"{""count_fp"":""10.00"",""created_time"":""2026-04-28T03:50:39.095066Z"",""no_price_dollars"":""0.2600"",""taker_side"":""yes"",""ticker"":""KXETH15M-26APR280000-00"",""trade_id"":""5785d405-bf0f-4396-f564-d9cda3d52595"",""yes_price_dollars"":""0.7400""}"
KXETH15M-26APR280000-00,37cd8945-0ac7-48d0-c3b0-23aa6292779f,1777348239,0.75,13.13,yes,"{""count_fp"":""13.13"",""created_time"":""2026-04-28T03:50:39.095066Z"",""no_price_dollars"":""0.2500"",""taker_side"":""yes"",""ticker"":""KXETH15M-26APR280000-00"",""trade_id"":""37cd8945-0ac7-48d0-c3b0-23aa6292779f"",""yes_price_dollars"":""0.7500""}"
KXETH15M-26APR280000-00,cd2061fe-faaf-7940-45bd-49cb41b833c7,1777348240,0.75,3.24,yes,"{""count_fp"":""3.24"",""created_time"":""2026-04-28T03:50:40.279005Z"",""no_price_dollars"":""0.2500"",""taker_side"":""yes"",""ticker"":""KXETH15M-26APR280000-00"",""trade_id"":""cd2061fe-faaf-7940-45bd-49cb41b833c7"",""yes_price_dollars"":""0.7500""}"
KXETH15M-26APR280000-00,a537e96e-f0d4-7dcc-776d-8451796e8c68,1777348240,0.74,10.0,yes,"{""count_fp"":""10.00"",""created_time"":""2026-04-28T03:50:40.279005Z"",""no_price_dollars"":""0.2600"",""taker_side"":""yes"",""ticker"":""KXETH15M-26APR280000-00"",""trade_id"":""a537e96e-f0d4-7dcc-776d-8451796e8c68"",""yes_price_dollars"":""0.7400""}"
KXETH15M-26APR280000-00,79b12878-9a4d-7bbe-f06c-c16b7abc6ea8,1777348244,0.71,1.0,yes,"{""count_fp"":""1.00"",""created_time"":""2026-04-28T03:50:44.901238Z"",""no_price_dollars"":""0.2900"",""taker_side"":""yes"",""ticker"":""KXETH15M-26APR280000-00"",""trade_id"":""79b12878-9a4d-7bbe-f06c-c16b7abc6ea8"",""yes_price_dollars"":""0.7100""}"
KXETH15M-26APR280000-00,0f00acfd-bcd5-7ab3-c453-f46260ddff28,1777348244,0.72,10.0,yes,"{""count_fp"":""10.00"",""created_time"":""2026-04-28T03:50:44.901238Z"",""no_price_dollars"":""0.2800"",""taker_side"":""yes"",""ticker"":""KXETH15M-26APR280000-00"",""trade_id"":""0f00acfd-bcd5-7ab3-c453-f46260ddff28"",""yes_price_dollars"":""0.7200""}"
KXETH15M-26APR280000-00,354ffe80-484b-6f98-c677-76cd76c0b1cf,1777348247,0.75,2.0,yes,"{""count_fp"":""2.00"",""created_time"":""2026-04-28T03:50:47.963798Z"",""no_price_dollars"":""0.2500"",""taker_side"":""yes"",""ticker"":""KXETH15M-26APR280000-00"",""trade_id"":""354ffe80-484b-6f98-c677-76cd76c0b1cf"",""yes_price_dollars"":""0.7500""}"
KXETH15M-26APR280000-00,abc29fdf-0b5f-4280-5734-daebf66c1ef3,1777348247,0.75,2.0,yes,"{""count_fp"":""2.00"",""created_time"":""2026-04-28T03:50:47.963519Z"",""no_price_dollars"":""0.2500"",""taker_side"":""yes"",""ticker"":""KXETH15M-26APR280000-00"",""trade_id"":""abc29fdf-0b5f-4280-5734-daebf66c1ef3"",""yes_price_dollars"":""0.7500""}"
KXETH15M-26APR280000-00,91fa1041-a5ef-5ad0-e031-10e780469333,1777348247,0.75,2.0,yes,"{""count_fp"":""2.00"",""created_time"":""2026-04-28T03:50:47.584839Z"",""no_price_dollars"":""0.2500"",""taker_side"":""yes"",""ticker"":""KXETH15M-26APR280000-00"",""trade_id"":""91fa1041-a5ef-5ad0-e031-10e780469333"",""yes_price_dollars"":""0.7500""}"
KXETH15M-26APR280000-00,a11b1ae0-4ee7-5ca8-2821-fd1dbb5ae113,1777348248,0.75,2.0,yes,"{""count_fp"":""2.00"",""created_time"":""2026-04-28T03:50:48.061421Z"",""no_price_dollars"":""0.2500"",""taker_side"":""yes"",""ticker"":""KXETH15M-26APR280000-00"",""trade_id"":""a11b1ae0-4ee7-5ca8-2821-fd1dbb5ae113"",""yes_price_dollars"":""0.7500""}"
KXETH15M-26APR280000-00,035333fa-c81a-4670-d066-fadf50163ffb,1777348249,0.72,3.4,no,"{""count_fp"":""3.40"",""created_time"":""2026-04-28T03:50:49.953751Z"",""no_price_dollars"":""0.2800"",""taker_side"":""no"",""ticker"":""KXETH15M-26APR280000-00"",""trade_id"":""035333fa-c81a-4670-d066-fadf50163ffb"",""yes_price_dollars"":""0.7200""}"
KXETH15M-26APR280000-00,e47f9cf4-c501-4f32-2491-a3c252174ef9,1777348253,0.71,10.0,no,"{""count_fp"":""10.00"",""created_time"":""2026-04-28T03:50:53.706201Z"",""no_price_dollars"":""0.2900"",""taker_side"":""no"",""ticker"":""KXETH15M-26APR280000-00"",""trade_id"":""e47f9cf4-c501-4f32-2491-a3c252174ef9"",""yes_price_dollars"":""0.7100""}"
KXETH15M-26APR280000-00,dce27a56-e5b7-471f-3483-f4f087e8a5df,1777348253,0.71,10.0,no,"{""count_fp"":""10.00"",""created_time"":""2026-04-28T03:50:53.706201Z"",""no_price_dollars"":""0.2900"",""taker_side"":""no"",""ticker"":""KXETH15M-26APR280000-00"",""trade_id"":""dce27a56-e5b7-471f-3483-f4f087e8a5df"",""yes_price_dollars"":""0.7100""}"
KXETH15M-26APR280000-00,ac8de63a-cf8b-4c7c-235e-12b78cb55e2c,1777348253,0.7,73.92,no,"{""count_fp"":""73.92"",""created_time"":""2026-04-28T03:50:53.706201Z"",""no_price_dollars"":""0.3000"",""taker_side"":""no"",""ticker"":""KXETH15M-26APR280000-00"",""trade_id"":""ac8de63a-cf8b-4c7c-235e-12b78cb55e2c"",""yes_price_dollars"":""0.7000""}"
KXETH15M-26APR280000-00,1ac48099-9f7f-451a-1bf9-73a6993217a0,1777348253,0.71,2.0,no,"{""count_fp"":""2.00"",""created_time"":""2026-04-28T03:50:53.706201Z"",""no_price_dollars"":""0.2900"",""taker_side"":""no"",""ticker"":""KXETH15M-26APR280000-00"",""trade_id"":""1ac48099-9f7f-451a-1bf9-73a6993217a0"",""yes_price_dollars"":""0.7100""}"
KXETH15M-26APR280000-00,f6da20c4-20f5-544b-ebf0-5475c6708cd5,1777348253,0.74,2.0,yes,"{""count_fp"":""2.00"",""created_time"":""2026-04-28T03:50:53.454896Z"",""no_price_dollars"":""0.2600"",""taker_side"":""yes"",""ticker"":""KXETH15M-26APR280000-00"",""trade_id"":""f6da20c4-20f5-544b-ebf0-5475c6708cd5"",""yes_price_dollars"":""0.7400""}"
KXETH15M-26APR280000-00,e4a0a10b-699b-587b-eb43-9035cc015c4e,1777348253,0.73,1.0,yes,"{""count_fp"":""1.00"",""created_time"":""2026-04-28T03:50:53.454896Z"",""no_price_dollars"":""0.2700"",""taker_side"":""yes"",""ticker"":""KXETH15M-26APR280000-00"",""trade_id"":""e4a0a10b-699b-587b-eb43-9035cc015c4e"",""yes_price_dollars"":""0.7300""}"
KXETH15M-26APR280000-00,28837a3d-1b07-5fc8-e775-b3133afb75ab,1777348253,0.75,31.1,yes,"{""count_fp"":""31.10"",""created_time"":""2026-04-28T03:50:53.454896Z"",""no_price_dollars"":""0.2500"",""taker_side"":""yes"",""ticker"":""KXETH15M-26APR280000-00"",""trade_id"":""28837a3d-1b07-5fc8-e775-b3133afb75ab"",""yes_price_dollars"":""0.7500""}"
KXETH15M-26APR280000-00,c4fda181-9007-6530-e101-8b2cd38049e0,1777348255,0.7,7.34,no,"{""count_fp"":""7.34"",""created_time"":""2026-04-28T03:50:55.717737Z"",""no_price_dollars"":""0.3000"",""taker_side"":""no"",""ticker"":""KXETH15M-26APR280000-00"",""trade_id"":""c4fda181-9007-6530-e101-8b2cd38049e0"",""yes_price_dollars"":""0.7000""}"
KXETH15M-26APR280000-00,52f39a8e-d5ab-69ac-de58-29e6682d6904,1777348256,0.7,9.53,no,"{""count_fp"":""9.53"",""created_time"":""2026-04-28T03:50:56.813974Z"",""no_price_dollars"":""0.3000"",""taker_side"":""no"",""ticker"":""KXETH15M-26APR280000-00"",""trade_id"":""52f39a8e-d5ab-69ac-de58-29e6682d6904"",""yes_price_dollars"":""0.7000""}"
KXETH15M-26APR280000-00,7038e08b-a687-4d66-b438-800a41bed559,1777348256,0.71,2.0,no,"{""count_fp"":""2.00"",""created_time"":""2026-04-28T03:50:56.748215Z"",""no_price_dollars"":""0.2900"",""taker_side"":""no"",""ticker"":""KXETH15M-26APR280000-00"",""trade_id"":""7038e08b-a687-4d66-b438-800a41bed559"",""yes_price_dollars"":""0.7100""}"
KXETH15M-26APR280000-00,6e69774b-87de-4df2-9fa9-cd5a080afee2,1777348256,0.71,1.17,no,"{""count_fp"":""1.17"",""created_time"":""2026-04-28T03:50:56.748215Z"",""no_price_dollars"":""0.2900"",""taker_side"":""no"",""ticker"":""KXETH15M-26APR280000-00"",""trade_id"":""6e69774b-87de-4df2-9fa9-cd5a080afee2"",""yes_price_dollars"":""0.7100""}"
KXETH15M-26APR280000-00,d65bd80b-868d-6e7f-0fa2-d60dbfaddf20,1777348256,0.74,5.0,yes,"{""count_fp"":""5.00"",""created_time"":""2026-04-28T03:50:56.248778Z"",""no_price_dollars"":""0.2600"",""taker_side"":""yes"",""ticker"":""KXETH15M-26APR280000-00"",""trade_id"":""d65bd80b-868d-6e7f-0fa2-d60dbfaddf20"",""yes_price_dollars"":""0.7400""}"
KXETH15M-26APR280000-00,b6997d51-1516-6c22-2a59-9c4d70b5ef94,1777348256,0.73,1.0,yes,"{""count_fp"":""1.00"",""created_time"":""2026-04-28T03:50:56.248778Z"",""no_price_dollars"":""0.2700"",""taker_side"":""yes"",""ticker"":""KXETH15M-26APR280000-00"",""trade_id"":""b6997d51-1516-6c22-2a59-9c4d70b5ef94"",""yes_price_dollars"":""0.7300""}"
KXETH15M-26APR280000-00,c3c3b0c0-4edf-73c8-da28-0200ea09007b,1777348268,0.68,1.0,no,"{""count_fp"":""1.00"",""created_time"":""2026-04-28T03:51:08.861807Z"",""no_price_dollars"":""0.3200"",""taker_side"":""no"",""ticker"":""KXETH15M-26APR280000-00"",""trade_id"":""c3c3b0c0-4edf-73c8-da28-0200ea09007b"",""yes_price_dollars"":""0.6800""}"
KXETH15M-26APR280000-00,67857e80-1b8f-735a-fe59-e7fb54b45974,1777348269,0.7,267.23,yes,"{""count_fp"":""267.23"",""created_time"":""2026-04-28T03:51:09.154295Z"",""no_price_dollars"":""0.3000"",""taker_side"":""yes"",""ticker"":""KXETH15M-26APR280000-00"",""trade_id"":""67857e80-1b8f-735a-fe59-e7fb54b45974"",""yes_price_dollars"":""0.7000""}"
KXETH15M-26APR280000-00,52b31651-cf46-72be-ff16-320c762ac146,1777348269,0.69,1.0,yes,"{""count_fp"":""1.00"",""created_time"":""2026-04-28T03:51:09.154295Z"",""no_price_dollars"":""0.3100"",""taker_side"":""yes"",""ticker"":""KXETH15M-26APR280000-00"",""trade_id"":""52b31651-cf46-72be-ff16-320c762ac146"",""yes_price_dollars"":""0.6900""}"
KXETH15M-26APR280000-00,06f44575-4d28-5541-e95f-55a5181eb894,1777348279,0.66,5.62,no,"{""count_fp"":""5.62"",""created_time"":""2026-04-28T03:51:19.816102Z"",""no_price_dollars"":""0.3400"",""taker_side"":""no"",""ticker"":""KXETH15M-26APR280000-00"",""trade_id"":""06f44575-4d28-5541-e95f-55a5181eb894"",""yes_price_dollars"":""0.6600""}"
KXETH15M-26APR280000-00,0202af38-52e7-5d7e-6b7f-9ee4be4fd818,1777348282,0.69,1.38,yes,"{""count_fp"":""1.38"",""created_time"":""2026-04-28T03:51:22.196218Z"",""no_price_dollars"":""0.3100"",""taker_side"":""yes"",""ticker"":""KXETH15M-26APR280000-00"",""trade_id"":""0202af38-52e7-5d7e-6b7f-9ee4be4fd818"",""yes_price_dollars"":""0.6900""}"
KXETH15M-26APR280000-00,f3d989c3-cd4f-475e-6e7b-32791f278128,1777348282,0.69,27.39,yes,"{""count_fp"":""27.39"",""created_time"":""2026-04-28T03:51:22.184606Z"",""no_price_dollars"":""0.3100"",""taker_side"":""yes"",""ticker"":""KXETH15M-26APR280000-00"",""trade_id"":""f3d989c3-cd4f-475e-6e7b-32791f278128"",""yes_price_dollars"":""0.6900""}"
KXETH15M-26APR280000-00,a2b5993e-f9a9-47e6-5889-bbf6c3d5cddc,1777348282,0.67,1.0,yes,"{""count_fp"":""1.00"",""created_time"":""2026-04-28T03:51:22.184606Z"",""no_price_dollars"":""0.3300"",""taker_side"":""yes"",""ticker"":""KXETH15M-26APR280000-00"",""trade_id"":""a2b5993e-f9a9-47e6-5889-bbf6c3d5cddc"",""yes_price_dollars"":""0.6700""}"
