ticker,trade_id,ts,yes_price,count,taker_side,raw_json
KXETH15M-26APR280445-45,7c222073-d03b-437b-fa13-1090c3eac69a,1777365001,0.52,2.0,no,"{""count_fp"":""2.00"",""created_time"":""2026-04-28T08:30:01.172316Z"",""no_price_dollars"":""0.4800"",""taker_side"":""no"",""ticker"":""KXETH15M-26APR280445-45"",""trade_id"":""7c222073-d03b-437b-fa13-1090c3eac69a"",""yes_price_dollars"":""0.5200""}"
KXETH15M-26APR280445-45,962eb9fd-aefa-4ba3-a8c6-7bf31215bf58,1777365008,0.54,44.0,no,"{""count_fp"":""44.00"",""created_time"":""2026-04-28T08:30:08.625563Z"",""no_price_dollars"":""0.4600"",""taker_side"":""no"",""ticker"":""KXETH15M-26APR280445-45"",""trade_id"":""962eb9fd-aefa-4ba3-a8c6-7bf31215bf58"",""yes_price_dollars"":""0.5400""}"
KXETH15M-26APR280445-45,7db8bc73-1bf2-7c54-c6b7-2b965715c13d,1777365011,0.65,1.0,yes,"{""count_fp"":""1.00"",""created_time"":""2026-04-28T08:30:11.641749Z"",""no_price_dollars"":""0.3500"",""taker_side"":""yes"",""ticker"":""KXETH15M-26APR280445-45"",""trade_id"":""7db8bc73-1bf2-7c54-c6b7-2b965715c13d"",""yes_price_dollars"":""0.6500""}"
KXETH15M-26APR280445-45,f46f88d5-4f3a-5ae4-32d8-faaaafb432d9,1777365011,0.65,50.0,yes,"{""count_fp"":""50.00"",""created_time"":""2026-04-28T08:30:11.392844Z"",""no_price_dollars"":""0.3500"",""taker_side"":""yes"",""ticker"":""KXETH15M-26APR280445-45"",""trade_id"":""f46f88d5-4f3a-5ae4-32d8-faaaafb432d9"",""yes_price_dollars"":""0.6500""}"
KXETH15M-26APR280445-45,7eae40d7-4960-6afa-72a9-b15962391e71,1777365012,0.6,2.0,no,"{""count_fp"":""2.00"",""created_time"":""2026-04-28T08:30:12.160486Z"",""no_price_dollars"":""0.4000"",""taker_side"":""no"",""ticker"":""KXETH15M-26APR280445-45"",""trade_id"":""7eae40d7-4960-6afa-72a9-b15962391e71"",""yes_price_dollars"":""0.6000""}"
KXETH15M-26APR280445-45,e7c54bbc-67a6-669c-7638-d1174753af29,1777365018,0.66,1.0,yes,"{""count_fp"":""1.00"",""created_time"":""2026-04-28T08:30:18.891329Z"",""no_price_dollars"":""0.3400"",""taker_side"":""yes"",""ticker"":""KXETH15M-26APR280445-45"",""trade_id"":""e7c54bbc-67a6-669c-7638-d1174753af29"",""yes_price_dollars"":""0.6600""}"
KXETH15M-26APR280445-45,fe1f1c00-0a44-4210-5673-be1a40b1cbfd,1777365019,0.62,4.0,no,"{""count_fp"":""4.00"",""created_time"":""2026-04-28T08:30:19.960653Z"",""no_price_dollars"":""0.3800"",""taker_side"":""no"",""ticker"":""KXETH15M-26APR280445-45"",""trade_id"":""fe1f1c00-0a44-4210-5673-be1a40b1cbfd"",""yes_price_dollars"":""0.6200""}"
KXETH15M-26APR280445-45,dae61f4a-12bc-43a0-7a73-4d6aeeb5b425,1777365019,0.62,10.0,no,"{""count_fp"":""10.00"",""created_time"":""2026-04-28T08:30:19.960653Z"",""no_price_dollars"":""0.3800"",""taker_side"":""no"",""ticker"":""KXETH15M-26APR280445-45"",""trade_id"":""dae61f4a-12bc-43a0-7a73-4d6aeeb5b425"",""yes_price_dollars"":""0.6200""}"
KXETH15M-26APR280445-45,356bf5aa-af10-5f1a-4c36-23ddad108861,1777365020,0.6,1.0,no,"{""count_fp"":""1.00"",""created_time"":""2026-04-28T08:30:20.483046Z"",""no_price_dollars"":""0.4000"",""taker_side"":""no"",""ticker"":""KXETH15M-26APR280445-45"",""trade_id"":""356bf5aa-af10-5f1a-4c36-23ddad108861"",""yes_price_dollars"":""0.6000""}"
KXETH15M-26APR280445-45,3722ab54-412b-4578-3a94-ebf0cf954a77,1777365024,0.58,16.0,no,"{""count_fp"":""16.00"",""created_time"":""2026-04-28T08:30:24.706314Z"",""no_price_dollars"":""0.4200"",""taker_side"":""no"",""ticker"":""KXETH15M-26APR280445-45"",""trade_id"":""3722ab54-412b-4578-3a94-ebf0cf954a77"",""yes_price_dollars"":""0.5800""}"
KXETH15M-26APR280445-45,83f5d1c1-9d7e-4300-e8c7-efc504354a15,1777365026,0.62,44.0,yes,"{""count_fp"":""44.00"",""created_time"":""2026-04-28T08:30:26.724497Z"",""no_price_dollars"":""0.3800"",""taker_side"":""yes"",""ticker"":""KXETH15M-26APR280445-45"",""trade_id"":""83f5d1c1-9d7e-4300-e8c7-efc504354a15"",""yes_price_dollars"":""0.6200""}"
KXETH15M-26APR280445-45,c1135b74-09d7-7c77-42a3-b3f1bc88a8ca,1777365029,0.59,5.0,no,"{""count_fp"":""5.00"",""created_time"":""2026-04-28T08:30:29.819967Z"",""no_price_dollars"":""0.4100"",""taker_side"":""no"",""ticker"":""KXETH15M-26APR280445-45"",""trade_id"":""c1135b74-09d7-7c77-42a3-b3f1bc88a8ca"",""yes_price_dollars"":""0.5900""}"
KXETH15M-26APR280445-45,b60b1519-c287-6537-b8b2-3930dc013d76,1777365038,0.59,18.0,no,"{""count_fp"":""18.00"",""created_time"":""2026-04-28T08:30:38.759068Z"",""no_price_dollars"":""0.4100"",""taker_side"":""no"",""ticker"":""KXETH15M-26APR280445-45"",""trade_id"":""b60b1519-c287-6537-b8b2-3930dc013d76"",""yes_price_dollars"":""0.5900""}"
KXETH15M-26APR280445-45,4eb20d5b-61c7-7817-8a46-a85ceaebbd1a,1777365038,0.59,10.0,no,"{""count_fp"":""10.00"",""created_time"":""2026-04-28T08:30:38.457837Z"",""no_price_dollars"":""0.4100"",""taker_side"":""no"",""ticker"":""KXETH15M-26APR280445-45"",""trade_id"":""4eb20d5b-61c7-7817-8a46-a85ceaebbd1a"",""yes_price_dollars"":""0.5900""}"
KXETH15M-26APR280445-45,2b282656-92c3-66b3-a6eb-ccbaf160cbe2,1777365038,0.59,7.0,no,"{""count_fp"":""7.00"",""created_time"":""2026-04-28T08:30:38.034541Z"",""no_price_dollars"":""0.4100"",""taker_side"":""no"",""ticker"":""KXETH15M-26APR280445-45"",""trade_id"":""2b282656-92c3-66b3-a6eb-ccbaf160cbe2"",""yes_price_dollars"":""0.5900""}"
KXETH15M-26APR280445-45,8e4495a5-0d0e-7316-b73f-0dfdda9245cb,1777365039,0.54,20.0,no,"{""count_fp"":""20.00"",""created_time"":""2026-04-28T08:30:39.170179Z"",""no_price_dollars"":""0.4600"",""taker_side"":""no"",""ticker"":""KXETH15M-26APR280445-45"",""trade_id"":""8e4495a5-0d0e-7316-b73f-0dfdda9245cb"",""yes_price_dollars"":""0.5400""}"
KXETH15M-26APR280445-45,a55e8456-a096-5d14-8a11-134757cc80cd,1777365048,0.59,8.65,yes,"{""count_fp"":""8.65"",""created_time"":""2026-04-28T08:30:48.791306Z"",""no_price_dollars"":""0.4100"",""taker_side"":""yes"",""ticker"":""KXETH15M-26APR280445-45"",""trade_id"":""a55e8456-a096-5d14-8a11-134757cc80cd"",""yes_price_dollars"":""0.5900""}"
KXETH15M-26APR280445-45,11e9f9b6-9563-51c0-9e28-e4c3df777c11,1777365048,0.58,1.0,yes,"{""count_fp"":""1.00"",""created_time"":""2026-04-28T08:30:48.791306Z"",""no_price_dollars"":""0.4200"",""taker_side"":""yes"",""ticker"":""KXETH15M-26APR280445-45"",""trade_id"":""11e9f9b6-9563-51c0-9e28-e4c3df777c11"",""yes_price_dollars"":""0.5800""}"
KXETH15M-26APR280445-45,e245d71b-4c93-59b6-f1a5-63fa0c339100,1777365062,0.64,5.0,yes,"{""count_fp"":""5.00"",""created_time"":""2026-04-28T08:31:02.155896Z"",""no_price_dollars"":""0.3600"",""taker_side"":""yes"",""ticker"":""KXETH15M-26APR280445-45"",""trade_id"":""e245d71b-4c93-59b6-f1a5-63fa0c339100"",""yes_price_dollars"":""0.6400""}"
KXETH15M-26APR280445-45,ca3a2c8b-2120-595a-e7e8-3c6e47863948,1777365062,0.63,1.0,yes,"{""count_fp"":""1.00"",""created_time"":""2026-04-28T08:31:02.155896Z"",""no_price_dollars"":""0.3700"",""taker_side"":""yes"",""ticker"":""KXETH15M-26APR280445-45"",""trade_id"":""ca3a2c8b-2120-595a-e7e8-3c6e47863948"",""yes_price_dollars"":""0.6300""}"
KXETH15M-26APR280445-45,abd7de9d-c1ac-7399-c269-6654e27f1de7,1777365065,0.66,1.0,yes,"{""count_fp"":""1.00"",""created_time"":""2026-04-28T08:31:05.819759Z"",""no_price_dollars"":""0.3400"",""taker_side"":""yes"",""ticker"":""KXETH15M-26APR280445-45"",""trade_id"":""abd7de9d-c1ac-7399-c269-6654e27f1de7"",""yes_price_dollars"":""0.6600""}"
KXETH15M-26APR280445-45,99e35280-9be2-572c-004a-f33e1098ebfd,1777365066,0.67,14.41,yes,"{""count_fp"":""14.41"",""created_time"":""2026-04-28T08:31:06.627248Z"",""no_price_dollars"":""0.3300"",""taker_side"":""yes"",""ticker"":""KXETH15M-26APR280445-45"",""trade_id"":""99e35280-9be2-572c-004a-f33e1098ebfd"",""yes_price_dollars"":""0.6700""}"
KXETH15M-26APR280445-45,34aa7ea7-9b2b-4ec3-4731-7aecf5562521,1777365067,0.66,1.0,yes,"{""count_fp"":""1.00"",""created_time"":""2026-04-28T08:31:07.664704Z"",""no_price_dollars"":""0.3400"",""taker_side"":""yes"",""ticker"":""KXETH15M-26APR280445-45"",""trade_id"":""34aa7ea7-9b2b-4ec3-4731-7aecf5562521"",""yes_price_dollars"":""0.6600""}"
KXETH15M-26APR280445-45,3e2f0970-370e-43ad-f438-355a5793ebd2,1777365069,0.66,1.0,yes,"{""count_fp"":""1.00"",""created_time"":""2026-04-28T08:31:09.865634Z"",""no_price_dollars"":""0.3400"",""taker_side"":""yes"",""ticker"":""KXETH15M-26APR280445-45"",""trade_id"":""3e2f0970-370e-43ad-f438-355a5793ebd2"",""yes_price_dollars"":""0.6600""}"
KXETH15M-26APR280445-45,1520610e-f459-4e10-eb49-218d40de3b84,1777365069,0.67,15.05,yes,"{""count_fp"":""15.05"",""created_time"":""2026-04-28T08:31:09.865634Z"",""no_price_dollars"":""0.3300"",""taker_side"":""yes"",""ticker"":""KXETH15M-26APR280445-45"",""trade_id"":""1520610e-f459-4e10-eb49-218d40de3b84"",""yes_price_dollars"":""0.6700""}"
KXETH15M-26APR280445-45,2d0a66b6-3e45-5cbc-050d-f6b09751bdf0,1777365070,0.68,40.0,yes,"{""count_fp"":""40.00"",""created_time"":""2026-04-28T08:31:10.464796Z"",""no_price_dollars"":""0.3200"",""taker_side"":""yes"",""ticker"":""KXETH15M-26APR280445-45"",""trade_id"":""2d0a66b6-3e45-5cbc-050d-f6b09751bdf0"",""yes_price_dollars"":""0.6800""}"
KXETH15M-26APR280445-45,5a2d291e-8509-7f03-ad7c-3d94113ddc74,1777365071,0.67,10.0,yes,"{""count_fp"":""10.00"",""created_time"":""2026-04-28T08:31:11.043146Z"",""no_price_dollars"":""0.3300"",""taker_side"":""yes"",""ticker"":""KXETH15M-26APR280445-45"",""trade_id"":""5a2d291e-8509-7f03-ad7c-3d94113ddc74"",""yes_price_dollars"":""0.6700""}"
KXETH15M-26APR280445-45,3447e87f-5b89-7966-b37b-89049e3e3bd4,1777365071,0.67,1.0,yes,"{""count_fp"":""1.00"",""created_time"":""2026-04-28T08:31:11.043146Z"",""no_price_dollars"":""0.3300"",""taker_side"":""yes"",""ticker"":""KXETH15M-26APR280445-45"",""trade_id"":""3447e87f-5b89-7966-b37b-89049e3e3bd4"",""yes_price_dollars"":""0.6700""}"
KXETH15M-26APR280445-45,28291512-3a4b-7746-a7dc-b0a58127a1ec,1777365071,0.67,10.0,yes,"{""count_fp"":""10.00"",""created_time"":""2026-04-28T08:31:11.043146Z"",""no_price_dollars"":""0.3300"",""taker_side"":""yes"",""ticker"":""KXETH15M-26APR280445-45"",""trade_id"":""28291512-3a4b-7746-a7dc-b0a58127a1ec"",""yes_price_dollars"":""0.6700""}"
KXETH15M-26APR280445-45,8f1c69b5-0ad3-5aa3-6cf8-7de4a6f9fb5a,1777365079,0.66,10.0,yes,"{""count_fp"":""10.00"",""created_time"":""2026-04-28T08:31:19.479285Z"",""no_price_dollars"":""0.3400"",""taker_side"":""yes"",""ticker"":""KXETH15M-26APR280445-45"",""trade_id"":""8f1c69b5-0ad3-5aa3-6cf8-7de4a6f9fb5a"",""yes_price_dollars"":""0.6600""}"
KXETH15M-26APR280445-45,1b2cfa29-6f42-5b14-6937-d61711388c2d,1777365079,0.68,59.36,yes,"{""count_fp"":""59.36"",""created_time"":""2026-04-28T08:31:19.479285Z"",""no_price_dollars"":""0.3200"",""taker_side"":""yes"",""ticker"":""KXETH15M-26APR280445-45"",""trade_id"":""1b2cfa29-6f42-5b14-6937-d61711388c2d"",""yes_price_dollars"":""0.6800""}"
KXETH15M-26APR280445-45,d373c4f1-607a-5254-7998-cf1a7db47569,1777365082,0.68,14.38,yes,"{""count_fp"":""14.38"",""created_time"":""2026-04-28T08:31:22.874159Z"",""no_price_dollars"":""0.3200"",""taker_side"":""yes"",""ticker"":""KXETH15M-26APR280445-45"",""trade_id"":""d373c4f1-607a-5254-7998-cf1a7db47569"",""yes_price_dollars"":""0.6800""}"
KXETH15M-26APR280445-45,d970e1a1-c226-7188-018c-35c8b5fda8c9,1777365082,0.68,5.0,yes,"{""count_fp"":""5.00"",""created_time"":""2026-04-28T08:31:22.870824Z"",""no_price_dollars"":""0.3200"",""taker_side"":""yes"",""ticker"":""KXETH15M-26APR280445-45"",""trade_id"":""d970e1a1-c226-7188-018c-35c8b5fda8c9"",""yes_price_dollars"":""0.6800""}"
KXETH15M-26APR280445-45,fe93ff86-31a6-7609-319f-1f2c85713829,1777365083,0.67,5.31,no,"{""count_fp"":""5.31"",""created_time"":""2026-04-28T08:31:23.959464Z"",""no_price_dollars"":""0.3300"",""taker_side"":""no"",""ticker"":""KXETH15M-26APR280445-45"",""trade_id"":""fe93ff86-31a6-7609-319f-1f2c85713829"",""yes_price_dollars"":""0.6700""}"
KXETH15M-26APR280445-45,32933322-075d-78e4-f37f-f7c7f9d95de8,1777365090,0.71,1.0,yes,"{""count_fp"":""1.00"",""created_time"":""2026-04-28T08:31:30.245406Z"",""no_price_dollars"":""0.2900"",""taker_side"":""yes"",""ticker"":""KXETH15M-26APR280445-45"",""trade_id"":""32933322-075d-78e4-f37f-f7c7f9d95de8"",""yes_price_dollars"":""0.7100""}"
KXETH15M-26APR280445-45,db37b4f3-e5e8-7ec4-a317-fa05f9a288a9,1777365093,0.62,100.0,no,"{""count_fp"":""100.00"",""created_time"":""2026-04-28T08:31:33.953566Z"",""no_price_dollars"":""0.3800"",""taker_side"":""no"",""ticker"":""KXETH15M-26APR280445-45"",""trade_id"":""db37b4f3-e5e8-7ec4-a317-fa05f9a288a9"",""yes_price_dollars"":""0.6200""}"
KXETH15M-26APR280445-45,9eb65769-1d0e-7a61-a29c-c49d874e5345,1777365093,0.62,10.0,no,"{""count_fp"":""10.00"",""created_time"":""2026-04-28T08:31:33.953566Z"",""no_price_dollars"":""0.3800"",""taker_side"":""no"",""ticker"":""KXETH15M-26APR280445-45"",""trade_id"":""9eb65769-1d0e-7a61-a29c-c49d874e5345"",""yes_price_dollars"":""0.6200""}"
KXETH15M-26APR280445-45,1727637d-57ef-7591-b9b5-5625f99b534c,1777365093,0.61,37.48,no,"{""count_fp"":""37.48"",""created_time"":""2026-04-28T08:31:33.953566Z"",""no_price_dollars"":""0.3900"",""taker_side"":""no"",""ticker"":""KXETH15M-26APR280445-45"",""trade_id"":""1727637d-57ef-7591-b9b5-5625f99b534c"",""yes_price_dollars"":""0.6100""}"
KXETH15M-26APR280445-45,76e570a6-e4e7-7841-08aa-694f8bdd41f6,1777365093,0.65,6.0,no,"{""count_fp"":""6.00"",""created_time"":""2026-04-28T08:31:33.586029Z"",""no_price_dollars"":""0.3500"",""taker_side"":""no"",""ticker"":""KXETH15M-26APR280445-45"",""trade_id"":""76e570a6-e4e7-7841-08aa-694f8bdd41f6"",""yes_price_dollars"":""0.6500""}"
KXETH15M-26APR280445-45,2310ff27-f58b-78a7-0396-d911e7aae767,1777365093,0.63,8.0,no,"{""count_fp"":""8.00"",""created_time"":""2026-04-28T08:31:33.586029Z"",""no_price_dollars"":""0.3700"",""taker_side"":""no"",""ticker"":""KXETH15M-26APR280445-45"",""trade_id"":""2310ff27-f58b-78a7-0396-d911e7aae767"",""yes_price_dollars"":""0.6300""}"
KXETH15M-26APR280445-45,f4b963d7-50f1-5094-01f4-9be49ea1ac96,1777365095,0.64,1.0,yes,"{""count_fp"":""1.00"",""created_time"":""2026-04-28T08:31:35.987712Z"",""no_price_dollars"":""0.3600"",""taker_side"":""yes"",""ticker"":""KXETH15M-26APR280445-45"",""trade_id"":""f4b963d7-50f1-5094-01f4-9be49ea1ac96"",""yes_price_dollars"":""0.6400""}"
KXETH15M-26APR280445-45,102dab02-61e5-5c90-b5e3-4cd3c580bf4a,1777365096,0.64,4.0,yes,"{""count_fp"":""4.00"",""created_time"":""2026-04-28T08:31:36.102792Z"",""no_price_dollars"":""0.3600"",""taker_side"":""yes"",""ticker"":""KXETH15M-26APR280445-45"",""trade_id"":""102dab02-61e5-5c90-b5e3-4cd3c580bf4a"",""yes_price_dollars"":""0.6400""}"
KXETH15M-26APR280445-45,0f273df2-71b8-5b44-9f37-d7f8163cfbc2,1777365096,0.68,4.0,yes,"{""count_fp"":""4.00"",""created_time"":""2026-04-28T08:31:36.102792Z"",""no_price_dollars"":""0.3200"",""taker_side"":""yes"",""ticker"":""KXETH15M-26APR280445-45"",""trade_id"":""0f273df2-71b8-5b44-9f37-d7f8163cfbc2"",""yes_price_dollars"":""0.6800""}"
KXETH15M-26APR280445-45,5d1513b4-3f69-668c-8430-96ea78c662cb,1777365100,0.69,7.0,yes,"{""count_fp"":""7.00"",""created_time"":""2026-04-28T08:31:40.153315Z"",""no_price_dollars"":""0.3100"",""taker_side"":""yes"",""ticker"":""KXETH15M-26APR280445-45"",""trade_id"":""5d1513b4-3f69-668c-8430-96ea78c662cb"",""yes_price_dollars"":""0.6900""}"
KXETH15M-26APR280445-45,ba32f9b0-42b9-5608-67ce-d11f77b8b563,1777365107,0.66,9.0,no,"{""count_fp"":""9.00"",""created_time"":""2026-04-28T08:31:47.005158Z"",""no_price_dollars"":""0.3400"",""taker_side"":""no"",""ticker"":""KXETH15M-26APR280445-45"",""trade_id"":""ba32f9b0-42b9-5608-67ce-d11f77b8b563"",""yes_price_dollars"":""0.6600""}"
KXETH15M-26APR280445-45,bbd88842-0942-7a20-0a42-8b7db4fc3f25,1777365113,0.64,15.24,yes,"{""count_fp"":""15.24"",""created_time"":""2026-04-28T08:31:53.236649Z"",""no_price_dollars"":""0.3600"",""taker_side"":""yes"",""ticker"":""KXETH15M-26APR280445-45"",""trade_id"":""bbd88842-0942-7a20-0a42-8b7db4fc3f25"",""yes_price_dollars"":""0.6400""}"
KXETH15M-26APR280445-45,de4db618-92a0-5bb5-cfe3-7a7600f6d167,1777365114,0.61,1.0,no,"{""count_fp"":""1.00"",""created_time"":""2026-04-28T08:31:54.239669Z"",""no_price_dollars"":""0.3900"",""taker_side"":""no"",""ticker"":""KXETH15M-26APR280445-45"",""trade_id"":""de4db618-92a0-5bb5-cfe3-7a7600f6d167"",""yes_price_dollars"":""0.6100""}"
KXETH15M-26APR280445-45,e6d5fd10-e33f-59be-206c-f11ff84a3461,1777365119,0.58,8.0,no,"{""count_fp"":""8.00"",""created_time"":""2026-04-28T08:31:59.018025Z"",""no_price_dollars"":""0.4200"",""taker_side"":""no"",""ticker"":""KXETH15M-26APR280445-45"",""trade_id"":""e6d5fd10-e33f-59be-206c-f11ff84a3461"",""yes_price_dollars"":""0.5800""}"
KXETH15M-26APR280445-45,84891611-8409-48f0-169e-89dbe486594f,1777365120,0.58,2.0,no,"{""count_fp"":""2.00"",""created_time"":""2026-04-28T08:32:00.945819Z"",""no_price_dollars"":""0.4200"",""taker_side"":""no"",""ticker"":""KXETH15M-26APR280445-45"",""trade_id"":""84891611-8409-48f0-169e-89dbe486594f"",""yes_price_dollars"":""0.5800""}"
KXETH15M-26APR280445-45,653d9f21-01f3-42d6-183a-fd6f072224e9,1777365120,0.58,25.0,no,"{""count_fp"":""25.00"",""created_time"":""2026-04-28T08:32:00.945819Z"",""no_price_dollars"":""0.4200"",""taker_side"":""no"",""ticker"":""KXETH15M-26APR280445-45"",""trade_id"":""653d9f21-01f3-42d6-183a-fd6f072224e9"",""yes_price_dollars"":""0.5800""}"
KXETH15M-26APR280445-45,471deaec-cc57-7bee-e1f6-afda2571dec2,1777365121,0.56,1.0,yes,"{""count_fp"":""1.00"",""created_time"":""2026-04-28T08:32:01.431Z"",""no_price_dollars"":""0.4400"",""taker_side"":""yes"",""ticker"":""KXETH15M-26APR280445-45"",""trade_id"":""471deaec-cc57-7bee-e1f6-afda2571dec2"",""yes_price_dollars"":""0.5600""}"
KXETH15M-26APR280445-45,29e132f8-5ec5-5a20-b82f-efddcd808804,1777365126,0.56,1.0,no,"{""count_fp"":""1.00"",""created_time"":""2026-04-28T08:32:06.196494Z"",""no_price_dollars"":""0.4400"",""taker_side"":""no"",""ticker"":""KXETH15M-26APR280445-45"",""trade_id"":""29e132f8-5ec5-5a20-b82f-efddcd808804"",""yes_price_dollars"":""0.5600""}"
KXETH15M-26APR280445-45,e8d55048-0717-640b-cf09-a95e4abbe048,1777365127,0.6,40.0,no,"{""count_fp"":""40.00"",""created_time"":""2026-04-28T08:32:07.496242Z"",""no_price_dollars"":""0.4000"",""taker_side"":""no"",""ticker"":""KXETH15M-26APR280445-45"",""trade_id"":""e8d55048-0717-640b-cf09-a95e4abbe048"",""yes_price_dollars"":""0.6000""}"
KXETH15M-26APR280445-45,3f1d6034-abb2-4c07-bd32-231b19b8f853,1777365127,0.61,6.0,yes,"{""count_fp"":""6.00"",""created_time"":""2026-04-28T08:32:07.389369Z"",""no_price_dollars"":""0.3900"",""taker_side"":""yes"",""ticker"":""KXETH15M-26APR280445-45"",""trade_id"":""3f1d6034-abb2-4c07-bd32-231b19b8f853"",""yes_price_dollars"":""0.6100""}"
KXETH15M-26APR280445-45,0e00e932-6976-41d5-bcc1-22cc8e1aaae5,1777365127,0.61,10.0,yes,"{""count_fp"":""10.00"",""created_time"":""2026-04-28T08:32:07.389369Z"",""no_price_dollars"":""0.3900"",""taker_side"":""yes"",""ticker"":""KXETH15M-26APR280445-45"",""trade_id"":""0e00e932-6976-41d5-bcc1-22cc8e1aaae5"",""yes_price_dollars"":""0.6100""}"
KXETH15M-26APR280445-45,6a36b19d-bdb5-5a74-1f9d-cd7aecd05750,1777365128,0.55,1.0,no,"{""count_fp"":""1.00"",""created_time"":""2026-04-28T08:32:08.568974Z"",""no_price_dollars"":""0.4500"",""taker_side"":""no"",""ticker"":""KXETH15M-26APR280445-45"",""trade_id"":""6a36b19d-bdb5-5a74-1f9d-cd7aecd05750"",""yes_price_dollars"":""0.5500""}"
KXETH15M-26APR280445-45,7dc532f4-2f33-6289-b602-cec659682f2e,1777365128,0.55,5.0,no,"{""count_fp"":""5.00"",""created_time"":""2026-04-28T08:32:08.517943Z"",""no_price_dollars"":""0.4500"",""taker_side"":""no"",""ticker"":""KXETH15M-26APR280445-45"",""trade_id"":""7dc532f4-2f33-6289-b602-cec659682f2e"",""yes_price_dollars"":""0.5500""}"
KXETH15M-26APR280445-45,af130615-d259-72c8-c307-aec9f7295444,1777365134,0.54,10.0,no,"{""count_fp"":""10.00"",""created_time"":""2026-04-28T08:32:14.045574Z"",""no_price_dollars"":""0.4600"",""taker_side"":""no"",""ticker"":""KXETH15M-26APR280445-45"",""trade_id"":""af130615-d259-72c8-c307-aec9f7295444"",""yes_price_dollars"":""0.5400""}"
KXETH15M-26APR280445-45,1e9d32a0-c417-77a8-e1da-9e36de8b5193,1777365135,0.52,0.76,no,"{""count_fp"":""0.76"",""created_time"":""2026-04-28T08:32:15.729277Z"",""no_price_dollars"":""0.4800"",""taker_side"":""no"",""ticker"":""KXETH15M-26APR280445-45"",""trade_id"":""1e9d32a0-c417-77a8-e1da-9e36de8b5193"",""yes_price_dollars"":""0.5200""}"
KXETH15M-26APR280445-45,e5ac8073-be97-5638-1d03-d82707f866ab,1777365135,0.52,10.0,no,"{""count_fp"":""10.00"",""created_time"":""2026-04-28T08:32:15.726772Z"",""no_price_dollars"":""0.4800"",""taker_side"":""no"",""ticker"":""KXETH15M-26APR280445-45"",""trade_id"":""e5ac8073-be97-5638-1d03-d82707f866ab"",""yes_price_dollars"":""0.5200""}"
KXETH15M-26APR280445-45,85bda909-5bb4-533a-2b76-3e58d1264d84,1777365135,0.52,10.0,no,"{""count_fp"":""10.00"",""created_time"":""2026-04-28T08:32:15.726772Z"",""no_price_dollars"":""0.4800"",""taker_side"":""no"",""ticker"":""KXETH15M-26APR280445-45"",""trade_id"":""85bda909-5bb4-533a-2b76-3e58d1264d84"",""yes_price_dollars"":""0.5200""}"
KXETH15M-26APR280445-45,9f006b03-97b9-472a-17b1-f437e28807cc,1777365138,0.51,1.0,yes,"{""count_fp"":""1.00"",""created_time"":""2026-04-28T08:32:18.793092Z"",""no_price_dollars"":""0.4900"",""taker_side"":""yes"",""ticker"":""KXETH15M-26APR280445-45"",""trade_id"":""9f006b03-97b9-472a-17b1-f437e28807cc"",""yes_price_dollars"":""0.5100""}"
KXETH15M-26APR280445-45,d58eab00-92fa-7105-dce2-05604b4c31e0,1777365140,0.5,3.0,no,"{""count_fp"":""3.00"",""created_time"":""2026-04-28T08:32:20.625354Z"",""no_price_dollars"":""0.5000"",""taker_side"":""no"",""ticker"":""KXETH15M-26APR280445-45"",""trade_id"":""d58eab00-92fa-7105-dce2-05604b4c31e0"",""yes_price_dollars"":""0.5000""}"
KXETH15M-26APR280445-45,a787b991-4f95-73d0-d435-89e2ba50185f,1777365140,0.48,15.0,no,"{""count_fp"":""15.00"",""created_time"":""2026-04-28T08:32:20.625354Z"",""no_price_dollars"":""0.5200"",""taker_side"":""no"",""ticker"":""KXETH15M-26APR280445-45"",""trade_id"":""a787b991-4f95-73d0-d435-89e2ba50185f"",""yes_price_dollars"":""0.4800""}"
KXETH15M-26APR280445-45,44a122b9-0704-7e36-e70c-66ff4b5b2c00,1777365140,0.48,10.0,no,"{""count_fp"":""10.00"",""created_time"":""2026-04-28T08:32:20.625354Z"",""no_price_dollars"":""0.5200"",""taker_side"":""no"",""ticker"":""KXETH15M-26APR280445-45"",""trade_id"":""44a122b9-0704-7e36-e70c-66ff4b5b2c00"",""yes_price_dollars"":""0.4800""}"
KXETH15M-26APR280445-45,08d8eeef-f59c-7b64-ec43-04bbcdfabdb9,1777365140,0.5,1.0,no,"{""count_fp"":""1.00"",""created_time"":""2026-04-28T08:32:20.625354Z"",""no_price_dollars"":""0.5000"",""taker_side"":""no"",""ticker"":""KXETH15M-26APR280445-45"",""trade_id"":""08d8eeef-f59c-7b64-ec43-04bbcdfabdb9"",""yes_price_dollars"":""0.5000""}"
KXETH15M-26APR280445-45,97fe91ee-4480-59e8-4b56-8daec10e8dfc,1777365143,0.51,1.0,yes,"{""count_fp"":""1.00"",""created_time"":""2026-04-28T08:32:23.144342Z"",""no_price_dollars"":""0.4900"",""taker_side"":""yes"",""ticker"":""KXETH15M-26APR280445-45"",""trade_id"":""97fe91ee-4480-59e8-4b56-8daec10e8dfc"",""yes_price_dollars"":""0.5100""}"
KXETH15M-26APR280445-45,8adae3a9-20f6-4744-6a05-627bf1184582,1777365144,0.46,1.0,no,"{""count_fp"":""1.00"",""created_time"":""2026-04-28T08:32:24.230486Z"",""no_price_dollars"":""0.5400"",""taker_side"":""no"",""ticker"":""KXETH15M-26APR280445-45"",""trade_id"":""8adae3a9-20f6-4744-6a05-627bf1184582"",""yes_price_dollars"":""0.4600""}"
KXETH15M-26APR280445-45,04261668-1241-6c5d-a799-80fc427a2277,1777365145,0.48,46.69,yes,"{""count_fp"":""46.69"",""created_time"":""2026-04-28T08:32:25.043273Z"",""no_price_dollars"":""0.5200"",""taker_side"":""yes"",""ticker"":""KXETH15M-26APR280445-45"",""trade_id"":""04261668-1241-6c5d-a799-80fc427a2277"",""yes_price_dollars"":""0.4800""}"
KXETH15M-26APR280445-45,834bcb3e-64f1-57a0-aeaa-95d89f6d0761,1777365151,0.45,3.0,no,"{""count_fp"":""3.00"",""created_time"":""2026-04-28T08:32:31.516212Z"",""no_price_dollars"":""0.5500"",""taker_side"":""no"",""ticker"":""KXETH15M-26APR280445-45"",""trade_id"":""834bcb3e-64f1-57a0-aeaa-95d89f6d0761"",""yes_price_dollars"":""0.4500""}"
KXETH15M-26APR280445-45,2fa93864-2129-5750-bafb-2fcfbf397cef,1777365151,0.45,29.0,no,"{""count_fp"":""29.00"",""created_time"":""2026-04-28T08:32:31.516212Z"",""no_price_dollars"":""0.5500"",""taker_side"":""no"",""ticker"":""KXETH15M-26APR280445-45"",""trade_id"":""2fa93864-2129-5750-bafb-2fcfbf397cef"",""yes_price_dollars"":""0.4500""}"
KXETH15M-26APR280445-45,a3469204-e481-7eb4-4031-5ea44aaf3ac5,1777365152,0.46,84.0,yes,"{""count_fp"":""84.00"",""created_time"":""2026-04-28T08:32:32.178363Z"",""no_price_dollars"":""0.5400"",""taker_side"":""yes"",""ticker"":""KXETH15M-26APR280445-45"",""trade_id"":""a3469204-e481-7eb4-4031-5ea44aaf3ac5"",""yes_price_dollars"":""0.4600""}"
KXETH15M-26APR280445-45,fa3ee87f-06cd-43f7-12d3-35a850928412,1777365158,0.46,1.0,no,"{""count_fp"":""1.00"",""created_time"":""2026-04-28T08:32:38.197986Z"",""no_price_dollars"":""0.5400"",""taker_side"":""no"",""ticker"":""KXETH15M-26APR280445-45"",""trade_id"":""fa3ee87f-06cd-43f7-12d3-35a850928412"",""yes_price_dollars"":""0.4600""}"
KXETH15M-26APR280445-45,d2adcad0-ac5d-719f-f83d-dc1f1560d3ae,1777365162,0.46,22.0,no,"{""count_fp"":""22.00"",""created_time"":""2026-04-28T08:32:42.383656Z"",""no_price_dollars"":""0.5400"",""taker_side"":""no"",""ticker"":""KXETH15M-26APR280445-45"",""trade_id"":""d2adcad0-ac5d-719f-f83d-dc1f1560d3ae"",""yes_price_dollars"":""0.4600""}"
KXETH15M-26APR280445-45,36615d53-6f75-4325-2ced-21332bf957a7,1777365164,0.43,10.25,yes,"{""count_fp"":""10.25"",""created_time"":""2026-04-28T08:32:44.982542Z"",""no_price_dollars"":""0.5700"",""taker_side"":""yes"",""ticker"":""KXETH15M-26APR280445-45"",""trade_id"":""36615d53-6f75-4325-2ced-21332bf957a7"",""yes_price_dollars"":""0.4300""}"
KXETH15M-26APR280445-45,9ca546fc-fe11-41c5-ecd2-af680423a578,1777365164,0.4,2.0,no,"{""count_fp"":""2.00"",""created_time"":""2026-04-28T08:32:44.386119Z"",""no_price_dollars"":""0.6000"",""taker_side"":""no"",""ticker"":""KXETH15M-26APR280445-45"",""trade_id"":""9ca546fc-fe11-41c5-ecd2-af680423a578"",""yes_price_dollars"":""0.4000""}"
KXETH15M-26APR280445-45,0155e67e-a0ec-4704-dede-e1954e6a8ef1,1777365166,0.45,10.0,yes,"{""count_fp"":""10.00"",""created_time"":""2026-04-28T08:32:46.599787Z"",""no_price_dollars"":""0.5500"",""taker_side"":""yes"",""ticker"":""KXETH15M-26APR280445-45"",""trade_id"":""0155e67e-a0ec-4704-dede-e1954e6a8ef1"",""yes_price_dollars"":""0.4500""}"
KXETH15M-26APR280445-45,960146e1-9c56-5026-e01c-ca313fbc4c40,1777365170,0.48,1.0,no,"{""count_fp"":""1.00"",""created_time"":""2026-04-28T08:32:50.931167Z"",""no_price_dollars"":""0.5200"",""taker_side"":""no"",""ticker"":""KXETH15M-26APR280445-45"",""trade_id"":""960146e1-9c56-5026-e01c-ca313fbc4c40"",""yes_price_dollars"":""0.4800""}"
KXETH15M-26APR280445-45,c2033ad5-9660-54ee-89fa-e9cf26314425,1777365171,0.45,88.76,no,"{""count_fp"":""88.76"",""created_time"":""2026-04-28T08:32:51.349091Z"",""no_price_dollars"":""0.5500"",""taker_side"":""no"",""ticker"":""KXETH15M-26APR280445-45"",""trade_id"":""c2033ad5-9660-54ee-89fa-e9cf26314425"",""yes_price_dollars"":""0.4500""}"
KXETH15M-26APR280445-45,1ada68a5-23b0-4141-ab9b-c8ac974dfd0a,1777365172,0.44,7.0,yes,"{""count_fp"":""7.00"",""created_time"":""2026-04-28T08:32:52.290366Z"",""no_price_dollars"":""0.5600"",""taker_side"":""yes"",""ticker"":""KXETH15M-26APR280445-45"",""trade_id"":""1ada68a5-23b0-4141-ab9b-c8ac974dfd0a"",""yes_price_dollars"":""0.4400""}"
KXETH15M-26APR280445-45,46a4648b-93c9-54dd-b423-83a8d9c33f05,1777365173,0.47,1.0,no,"{""count_fp"":""1.00"",""created_time"":""2026-04-28T08:32:53.203245Z"",""no_price_dollars"":""0.5300"",""taker_side"":""no"",""ticker"":""KXETH15M-26APR280445-45"",""trade_id"":""46a4648b-93c9-54dd-b423-83a8d9c33f05"",""yes_price_dollars"":""0.4700""}"
KXETH15M-26APR280445-45,9fd7b5a8-a5de-73b8-695e-52e623ffd5a9,1777365178,0.45,10.0,no,"{""count_fp"":""10.00"",""created_time"":""2026-04-28T08:32:58.781107Z"",""no_price_dollars"":""0.5500"",""taker_side"":""no"",""ticker"":""KXETH15M-26APR280445-45"",""trade_id"":""9fd7b5a8-a5de-73b8-695e-52e623ffd5a9"",""yes_price_dollars"":""0.4500""}"
KXETH15M-26APR280445-45,07a64360-d829-7fd7-51aa-3d041f3fc7e1,1777365178,0.45,35.0,no,"{""count_fp"":""35.00"",""created_time"":""2026-04-28T08:32:58.781107Z"",""no_price_dollars"":""0.5500"",""taker_side"":""no"",""ticker"":""KXETH15M-26APR280445-45"",""trade_id"":""07a64360-d829-7fd7-51aa-3d041f3fc7e1"",""yes_price_dollars"":""0.4500""}"
KXETH15M-26APR280445-45,dfed9e72-34e1-484d-9872-f421ca69f503,1777365180,0.44,106.33,yes,"{""count_fp"":""106.33"",""created_time"":""2026-04-28T08:33:00.277112Z"",""no_price_dollars"":""0.5600"",""taker_side"":""yes"",""ticker"":""KXETH15M-26APR280445-45"",""trade_id"":""dfed9e72-34e1-484d-9872-f421ca69f503"",""yes_price_dollars"":""0.4400""}"
KXETH15M-26APR280445-45,c43bd51b-7859-5869-24e9-6bcca46716ef,1777365180,0.44,16.0,yes,"{""count_fp"":""16.00"",""created_time"":""2026-04-28T08:33:00.144306Z"",""no_price_dollars"":""0.5600"",""taker_side"":""yes"",""ticker"":""KXETH15M-26APR280445-45"",""trade_id"":""c43bd51b-7859-5869-24e9-6bcca46716ef"",""yes_price_dollars"":""0.4400""}"
KXETH15M-26APR280445-45,9d312ff4-0fbc-5dc3-3afd-8d878c934ea0,1777365180,0.42,8.0,yes,"{""count_fp"":""8.00"",""created_time"":""2026-04-28T08:33:00.144306Z"",""no_price_dollars"":""0.5800"",""taker_side"":""yes"",""ticker"":""KXETH15M-26APR280445-45"",""trade_id"":""9d312ff4-0fbc-5dc3-3afd-8d878c934ea0"",""yes_price_dollars"":""0.4200""}"
KXETH15M-26APR280445-45,760cf228-1ebc-7e83-7b0b-8132665bc259,1777365182,0.41,1.0,no,"{""count_fp"":""1.00"",""created_time"":""2026-04-28T08:33:02.858145Z"",""no_price_dollars"":""0.5900"",""taker_side"":""no"",""ticker"":""KXETH15M-26APR280445-45"",""trade_id"":""760cf228-1ebc-7e83-7b0b-8132665bc259"",""yes_price_dollars"":""0.4100""}"
KXETH15M-26APR280445-45,8734694e-7c18-79cb-7aee-d0f63b529f6d,1777365183,0.44,1.0,no,"{""count_fp"":""1.00"",""created_time"":""2026-04-28T08:33:03.775666Z"",""no_price_dollars"":""0.5600"",""taker_side"":""no"",""ticker"":""KXETH15M-26APR280445-45"",""trade_id"":""8734694e-7c18-79cb-7aee-d0f63b529f6d"",""yes_price_dollars"":""0.4400""}"
KXETH15M-26APR280445-45,e16aefb3-52f8-6c3e-b10e-f8d948846621,1777365192,0.37,47.24,no,"{""count_fp"":""47.24"",""created_time"":""2026-04-28T08:33:12.620046Z"",""no_price_dollars"":""0.6300"",""taker_side"":""no"",""ticker"":""KXETH15M-26APR280445-45"",""trade_id"":""e16aefb3-52f8-6c3e-b10e-f8d948846621"",""yes_price_dollars"":""0.3700""}"
KXETH15M-26APR280445-45,d2907903-8350-61fd-9d90-2af135adbd05,1777365192,0.37,10.0,no,"{""count_fp"":""10.00"",""created_time"":""2026-04-28T08:33:12.620046Z"",""no_price_dollars"":""0.6300"",""taker_side"":""no"",""ticker"":""KXETH15M-26APR280445-45"",""trade_id"":""d2907903-8350-61fd-9d90-2af135adbd05"",""yes_price_dollars"":""0.3700""}"
KXETH15M-26APR280445-45,fd3ce66a-2ff9-4c2b-84ac-0db23a8abe22,1777365194,0.38,10.0,no,"{""count_fp"":""10.00"",""created_time"":""2026-04-28T08:33:14.773029Z"",""no_price_dollars"":""0.6200"",""taker_side"":""no"",""ticker"":""KXETH15M-26APR280445-45"",""trade_id"":""fd3ce66a-2ff9-4c2b-84ac-0db23a8abe22"",""yes_price_dollars"":""0.3800""}"
KXETH15M-26APR280445-45,97f63e3c-b6fd-7502-27ed-39fc436e4c7c,1777365197,0.44,1.0,yes,"{""count_fp"":""1.00"",""created_time"":""2026-04-28T08:33:17.842306Z"",""no_price_dollars"":""0.5600"",""taker_side"":""yes"",""ticker"":""KXETH15M-26APR280445-45"",""trade_id"":""97f63e3c-b6fd-7502-27ed-39fc436e4c7c"",""yes_price_dollars"":""0.4400""}"
KXETH15M-26APR280445-45,d4e93464-ca9e-7e2b-b168-9683a1999526,1777365198,0.45,10.0,yes,"{""count_fp"":""10.00"",""created_time"":""2026-04-28T08:33:18.666068Z"",""no_price_dollars"":""0.5500"",""taker_side"":""yes"",""ticker"":""KXETH15M-26APR280445-45"",""trade_id"":""d4e93464-ca9e-7e2b-b168-9683a1999526"",""yes_price_dollars"":""0.4500""}"
KXETH15M-26APR280445-45,9c3b6f38-b7ad-749a-bec4-0deee32fef0c,1777365198,0.44,10.0,yes,"{""count_fp"":""10.00"",""created_time"":""2026-04-28T08:33:18.666068Z"",""no_price_dollars"":""0.5600"",""taker_side"":""yes"",""ticker"":""KXETH15M-26APR280445-45"",""trade_id"":""9c3b6f38-b7ad-749a-bec4-0deee32fef0c"",""yes_price_dollars"":""0.4400""}"
KXETH15M-26APR280445-45,b2dda6ae-48f8-506a-3a99-df595fac8845,1777365200,0.43,1.0,no,"{""count_fp"":""1.00"",""created_time"":""2026-04-28T08:33:20.017698Z"",""no_price_dollars"":""0.5700"",""taker_side"":""no"",""ticker"":""KXETH15M-26APR280445-45"",""trade_id"":""b2dda6ae-48f8-506a-3a99-df595fac8845"",""yes_price_dollars"":""0.4300""}"
KXETH15M-26APR280445-45,85a5ebef-758c-66b8-8e23-242e67538fcf,1777365201,0.46,10.0,yes,"{""count_fp"":""10.00"",""created_time"":""2026-04-28T08:33:21.324548Z"",""no_price_dollars"":""0.5400"",""taker_side"":""yes"",""ticker"":""KXETH15M-26APR280445-45"",""trade_id"":""85a5ebef-758c-66b8-8e23-242e67538fcf"",""yes_price_dollars"":""0.4600""}"
KXETH15M-26APR280445-45,1f19d820-ce96-6482-968b-dd3bd746633b,1777365201,0.46,10.0,yes,"{""count_fp"":""10.00"",""created_time"":""2026-04-28T08:33:21.324548Z"",""no_price_dollars"":""0.5400"",""taker_side"":""yes"",""ticker"":""KXETH15M-26APR280445-45"",""trade_id"":""1f19d820-ce96-6482-968b-dd3bd746633b"",""yes_price_dollars"":""0.4600""}"
KXETH15M-26APR280445-45,528743a4-a1dc-7b82-90a3-517e647a8149,1777365203,0.47,1.0,no,"{""count_fp"":""1.00"",""created_time"":""2026-04-28T08:33:23.238148Z"",""no_price_dollars"":""0.5300"",""taker_side"":""no"",""ticker"":""KXETH15M-26APR280445-45"",""trade_id"":""528743a4-a1dc-7b82-90a3-517e647a8149"",""yes_price_dollars"":""0.4700""}"
KXETH15M-26APR280445-45,a56713b3-5dd8-6c9a-664c-6efa4cee1cc9,1777365205,0.47,4.0,no,"{""count_fp"":""4.00"",""created_time"":""2026-04-28T08:33:25.633311Z"",""no_price_dollars"":""0.5300"",""taker_side"":""no"",""ticker"":""KXETH15M-26APR280445-45"",""trade_id"":""a56713b3-5dd8-6c9a-664c-6efa4cee1cc9"",""yes_price_dollars"":""0.4700""}"
KXETH15M-26APR280445-45,246ceb41-f7b9-484a-c035-fef96414791d,1777365210,0.46,0.41,yes,"{""count_fp"":""0.41"",""created_time"":""2026-04-28T08:33:30.871692Z"",""no_price_dollars"":""0.5400"",""taker_side"":""yes"",""ticker"":""KXETH15M-26APR280445-45"",""trade_id"":""246ceb41-f7b9-484a-c035-fef96414791d"",""yes_price_dollars"":""0.4600""}"
KXETH15M-26APR280445-45,ad9b3794-23bf-6401-73dd-a7a710a4aa2a,1777365222,0.42,2.42,no,"{""count_fp"":""2.42"",""created_time"":""2026-04-28T08:33:42.481025Z"",""no_price_dollars"":""0.5800"",""taker_side"":""no"",""ticker"":""KXETH15M-26APR280445-45"",""trade_id"":""ad9b3794-23bf-6401-73dd-a7a710a4aa2a"",""yes_price_dollars"":""0.4200""}"
KXETH15M-26APR280445-45,a48a88ec-0b83-6641-4112-117e407c58a3,1777365222,0.44,1.0,no,"{""count_fp"":""1.00"",""created_time"":""2026-04-28T08:33:42.481025Z"",""no_price_dollars"":""0.5600"",""taker_side"":""no"",""ticker"":""KXETH15M-26APR280445-45"",""trade_id"":""a48a88ec-0b83-6641-4112-117e407c58a3"",""yes_price_dollars"":""0.4400""}"
KXETH15M-26APR280445-45,a1551eb4-6d40-6719-77e7-637333961c22,1777365222,0.42,10.0,no,"{""count_fp"":""10.00"",""created_time"":""2026-04-28T08:33:42.481025Z"",""no_price_dollars"":""0.5800"",""taker_side"":""no"",""ticker"":""KXETH15M-26APR280445-45"",""trade_id"":""a1551eb4-6d40-6719-77e7-637333961c22"",""yes_price_dollars"":""0.4200""}"
KXETH15M-26APR280445-45,d9afa15d-8eb9-7e10-85e9-d7b451f24604,1777365229,0.39,3.0,no,"{""count_fp"":""3.00"",""created_time"":""2026-04-28T08:33:49.197404Z"",""no_price_dollars"":""0.6100"",""taker_side"":""no"",""ticker"":""KXETH15M-26APR280445-45"",""trade_id"":""d9afa15d-8eb9-7e10-85e9-d7b451f24604"",""yes_price_dollars"":""0.3900""}"
KXETH15M-26APR280445-45,787b5cdf-7356-7696-83e3-c86f51e657fa,1777365229,0.37,12.32,no,"{""count_fp"":""12.32"",""created_time"":""2026-04-28T08:33:49.197404Z"",""no_price_dollars"":""0.6300"",""taker_side"":""no"",""ticker"":""KXETH15M-26APR280445-45"",""trade_id"":""787b5cdf-7356-7696-83e3-c86f51e657fa"",""yes_price_dollars"":""0.3700""}"
KXETH15M-26APR280445-45,7a384805-6b09-69ad-6b6c-9ef7009371a2,1777365232,0.36,7.0,yes,"{""count_fp"":""7.00"",""created_time"":""2026-04-28T08:33:52.382662Z"",""no_price_dollars"":""0.6400"",""taker_side"":""yes"",""ticker"":""KXETH15M-26APR280445-45"",""trade_id"":""7a384805-6b09-69ad-6b6c-9ef7009371a2"",""yes_price_dollars"":""0.3600""}"
KXETH15M-26APR280445-45,bf6b0256-7c37-6b1e-a5b6-04fdbcac9c3d,1777365234,0.38,10.0,no,"{""count_fp"":""10.00"",""created_time"":""2026-04-28T08:33:54.617098Z"",""no_price_dollars"":""0.6200"",""taker_side"":""no"",""ticker"":""KXETH15M-26APR280445-45"",""trade_id"":""bf6b0256-7c37-6b1e-a5b6-04fdbcac9c3d"",""yes_price_dollars"":""0.3800""}"
KXETH15M-26APR280445-45,6b38297e-b715-6a9c-99e2-d1bebbacf857,1777365234,0.38,32.04,no,"{""count_fp"":""32.04"",""created_time"":""2026-04-28T08:33:54.617098Z"",""no_price_dollars"":""0.6200"",""taker_side"":""no"",""ticker"":""KXETH15M-26APR280445-45"",""trade_id"":""6b38297e-b715-6a9c-99e2-d1bebbacf857"",""yes_price_dollars"":""0.3800""}"
KXETH15M-26APR280445-45,0934636a-46f0-5646-5834-d3797085c2c9,1777365235,0.37,150.16,no,"{""count_fp"":""150.16"",""created_time"":""2026-04-28T08:33:55.838682Z"",""no_price_dollars"":""0.6300"",""taker_side"":""no"",""ticker"":""KXETH15M-26APR280445-45"",""trade_id"":""0934636a-46f0-5646-5834-d3797085c2c9"",""yes_price_dollars"":""0.3700""}"
KXETH15M-26APR280445-45,ec3e90a9-b044-4ec2-5e16-0caa96674b7d,1777365235,0.37,67.57,no,"{""count_fp"":""67.57"",""created_time"":""2026-04-28T08:33:55.051576Z"",""no_price_dollars"":""0.6300"",""taker_side"":""no"",""ticker"":""KXETH15M-26APR280445-45"",""trade_id"":""ec3e90a9-b044-4ec2-5e16-0caa96674b7d"",""yes_price_dollars"":""0.3700""}"
KXETH15M-26APR280445-45,da223cd0-810c-620e-0f72-0bb41f672315,1777365239,0.44,77.36,no,"{""count_fp"":""77.36"",""created_time"":""2026-04-28T08:33:59.866736Z"",""no_price_dollars"":""0.5600"",""taker_side"":""no"",""ticker"":""KXETH15M-26APR280445-45"",""trade_id"":""da223cd0-810c-620e-0f72-0bb41f672315"",""yes_price_dollars"":""0.4400""}"
KXETH15M-26APR280445-45,1ab1ce5a-7626-4a41-fea9-002a2c495a47,1777365239,0.44,32.0,yes,"{""count_fp"":""32.00"",""created_time"":""2026-04-28T08:33:59.803451Z"",""no_price_dollars"":""0.5600"",""taker_side"":""yes"",""ticker"":""KXETH15M-26APR280445-45"",""trade_id"":""1ab1ce5a-7626-4a41-fea9-002a2c495a47"",""yes_price_dollars"":""0.4400""}"
KXETH15M-26APR280445-45,9d59de49-659e-5bc2-81a7-4f25f014e212,1777365239,0.42,5.0,yes,"{""count_fp"":""5.00"",""created_time"":""2026-04-28T08:33:59.592213Z"",""no_price_dollars"":""0.5800"",""taker_side"":""yes"",""ticker"":""KXETH15M-26APR280445-45"",""trade_id"":""9d59de49-659e-5bc2-81a7-4f25f014e212"",""yes_price_dollars"":""0.4200""}"
KXETH15M-26APR280445-45,caffd766-61a0-7254-058a-2803cd97313e,1777365239,0.41,10.0,yes,"{""count_fp"":""10.00"",""created_time"":""2026-04-28T08:33:59.527259Z"",""no_price_dollars"":""0.5900"",""taker_side"":""yes"",""ticker"":""KXETH15M-26APR280445-45"",""trade_id"":""caffd766-61a0-7254-058a-2803cd97313e"",""yes_price_dollars"":""0.4100""}"
KXETH15M-26APR280445-45,92d4c025-eced-56cd-4df3-c9a04a4e3bde,1777365239,0.4,10.0,yes,"{""count_fp"":""10.00"",""created_time"":""2026-04-28T08:33:59.509987Z"",""no_price_dollars"":""0.6000"",""taker_side"":""yes"",""ticker"":""KXETH15M-26APR280445-45"",""trade_id"":""92d4c025-eced-56cd-4df3-c9a04a4e3bde"",""yes_price_dollars"":""0.4000""}"
KXETH15M-26APR280445-45,fcbc64e7-c40b-70c2-8bd9-55d9624c83d4,1777365250,0.46,5.0,yes,"{""count_fp"":""5.00"",""created_time"":""2026-04-28T08:34:10.836312Z"",""no_price_dollars"":""0.5400"",""taker_side"":""yes"",""ticker"":""KXETH15M-26APR280445-45"",""trade_id"":""fcbc64e7-c40b-70c2-8bd9-55d9624c83d4"",""yes_price_dollars"":""0.4600""}"
KXETH15M-26APR280445-45,cd4a1a92-fa54-73ee-a805-4822f4987be0,1777365250,0.46,10.0,yes,"{""count_fp"":""10.00"",""created_time"":""2026-04-28T08:34:10.836312Z"",""no_price_dollars"":""0.5400"",""taker_side"":""yes"",""ticker"":""KXETH15M-26APR280445-45"",""trade_id"":""cd4a1a92-fa54-73ee-a805-4822f4987be0"",""yes_price_dollars"":""0.4600""}"
KXETH15M-26APR280445-45,4279d0f7-af5d-7e07-9b8e-9615f03e9329,1777365250,0.45,1.0,yes,"{""count_fp"":""1.00"",""created_time"":""2026-04-28T08:34:10.836312Z"",""no_price_dollars"":""0.5500"",""taker_side"":""yes"",""ticker"":""KXETH15M-26APR280445-45"",""trade_id"":""4279d0f7-af5d-7e07-9b8e-9615f03e9329"",""yes_price_dollars"":""0.4500""}"
KXETH15M-26APR280445-45,a3f35db6-8f37-5d5c-6105-db1110e91040,1777365253,0.5,10.0,yes,"{""count_fp"":""10.00"",""created_time"":""2026-04-28T08:34:13.242086Z"",""no_price_dollars"":""0.5000"",""taker_side"":""yes"",""ticker"":""KXETH15M-26APR280445-45"",""trade_id"":""a3f35db6-8f37-5d5c-6105-db1110e91040"",""yes_price_dollars"":""0.5000""}"
KXETH15M-26APR280445-45,f3790500-f585-5b74-09f8-7a8cd18e8032,1777365255,0.52,10.0,yes,"{""count_fp"":""10.00"",""created_time"":""2026-04-28T08:34:15.698724Z"",""no_price_dollars"":""0.4800"",""taker_side"":""yes"",""ticker"":""KXETH15M-26APR280445-45"",""trade_id"":""f3790500-f585-5b74-09f8-7a8cd18e8032"",""yes_price_dollars"":""0.5200""}"
KXETH15M-26APR280445-45,b7517d24-2296-5903-37c2-2cee4512955a,1777365255,0.55,2.0,yes,"{""count_fp"":""2.00"",""created_time"":""2026-04-28T08:34:15.698724Z"",""no_price_dollars"":""0.4500"",""taker_side"":""yes"",""ticker"":""KXETH15M-26APR280445-45"",""trade_id"":""b7517d24-2296-5903-37c2-2cee4512955a"",""yes_price_dollars"":""0.5500""}"
KXETH15M-26APR280445-45,508d8bcb-4ee9-557e-3748-f963b5981a11,1777365255,0.53,10.0,yes,"{""count_fp"":""10.00"",""created_time"":""2026-04-28T08:34:15.698724Z"",""no_price_dollars"":""0.4700"",""taker_side"":""yes"",""ticker"":""KXETH15M-26APR280445-45"",""trade_id"":""508d8bcb-4ee9-557e-3748-f963b5981a11"",""yes_price_dollars"":""0.5300""}"
KXETH15M-26APR280445-45,3ebe0a33-4562-536b-283d-560373f138d5,1777365255,0.55,79.48,yes,"{""count_fp"":""79.48"",""created_time"":""2026-04-28T08:34:15.698724Z"",""no_price_dollars"":""0.4500"",""taker_side"":""yes"",""ticker"":""KXETH15M-26APR280445-45"",""trade_id"":""3ebe0a33-4562-536b-283d-560373f138d5"",""yes_price_dollars"":""0.5500""}"
KXETH15M-26APR280445-45,04cd2b9a-31a4-5ca8-0b48-8e327ea93386,1777365255,0.53,46.0,yes,"{""count_fp"":""46.00"",""created_time"":""2026-04-28T08:34:15.698724Z"",""no_price_dollars"":""0.4700"",""taker_side"":""yes"",""ticker"":""KXETH15M-26APR280445-45"",""trade_id"":""04cd2b9a-31a4-5ca8-0b48-8e327ea93386"",""yes_price_dollars"":""0.5300""}"
KXETH15M-26APR280445-45,8fcfa28b-9755-7141-d860-3433305e0f76,1777365255,0.5,1.0,no,"{""count_fp"":""1.00"",""created_time"":""2026-04-28T08:34:15.196888Z"",""no_price_dollars"":""0.5000"",""taker_side"":""no"",""ticker"":""KXETH15M-26APR280445-45"",""trade_id"":""8fcfa28b-9755-7141-d860-3433305e0f76"",""yes_price_dollars"":""0.5000""}"
KXETH15M-26APR280445-45,6bceb087-7dc1-61bd-17ac-c259a9864dde,1777365259,0.53,4.1,no,"{""count_fp"":""4.10"",""created_time"":""2026-04-28T08:34:19.260748Z"",""no_price_dollars"":""0.4700"",""taker_side"":""no"",""ticker"":""KXETH15M-26APR280445-45"",""trade_id"":""6bceb087-7dc1-61bd-17ac-c259a9864dde"",""yes_price_dollars"":""0.5300""}"
KXETH15M-26APR280445-45,8115e4c1-7798-614f-624b-b113fc379955,1777365262,0.57,5.31,yes,"{""count_fp"":""5.31"",""created_time"":""2026-04-28T08:34:22.875814Z"",""no_price_dollars"":""0.4300"",""taker_side"":""yes"",""ticker"":""KXETH15M-26APR280445-45"",""trade_id"":""8115e4c1-7798-614f-624b-b113fc379955"",""yes_price_dollars"":""0.5700""}"
KXETH15M-26APR280445-45,a64ae7a6-a5dd-6595-b897-141b2e3614b4,1777365262,0.55,10.0,yes,"{""count_fp"":""10.00"",""created_time"":""2026-04-28T08:34:22.604418Z"",""no_price_dollars"":""0.4500"",""taker_side"":""yes"",""ticker"":""KXETH15M-26APR280445-45"",""trade_id"":""a64ae7a6-a5dd-6595-b897-141b2e3614b4"",""yes_price_dollars"":""0.5500""}"
KXETH15M-26APR280445-45,875d7e54-aed6-6979-91cb-421e27ce495d,1777365262,0.56,60.0,yes,"{""count_fp"":""60.00"",""created_time"":""2026-04-28T08:34:22.604418Z"",""no_price_dollars"":""0.4400"",""taker_side"":""yes"",""ticker"":""KXETH15M-26APR280445-45"",""trade_id"":""875d7e54-aed6-6979-91cb-421e27ce495d"",""yes_price_dollars"":""0.5600""}"
KXETH15M-26APR280445-45,61041091-6780-6257-a9cd-af7591f7e6a0,1777365262,0.56,20.0,yes,"{""count_fp"":""20.00"",""created_time"":""2026-04-28T08:34:22.604418Z"",""no_price_dollars"":""0.4400"",""taker_side"":""yes"",""ticker"":""KXETH15M-26APR280445-45"",""trade_id"":""61041091-6780-6257-a9cd-af7591f7e6a0"",""yes_price_dollars"":""0.5600""}"
KXETH15M-26APR280445-45,4e7ad4d5-368d-6123-aa01-188096d0e0b6,1777365262,0.55,10.0,yes,"{""count_fp"":""10.00"",""created_time"":""2026-04-28T08:34:22.604418Z"",""no_price_dollars"":""0.4500"",""taker_side"":""yes"",""ticker"":""KXETH15M-26APR280445-45"",""trade_id"":""4e7ad4d5-368d-6123-aa01-188096d0e0b6"",""yes_price_dollars"":""0.5500""}"
KXETH15M-26APR280445-45,3b018726-cf9d-4959-dd48-3eb14ee71cfa,1777365262,0.53,10.0,no,"{""count_fp"":""10.00"",""created_time"":""2026-04-28T08:34:22.194897Z"",""no_price_dollars"":""0.4700"",""taker_side"":""no"",""ticker"":""KXETH15M-26APR280445-45"",""trade_id"":""3b018726-cf9d-4959-dd48-3eb14ee71cfa"",""yes_price_dollars"":""0.5300""}"
KXETH15M-26APR280445-45,31f7407c-3449-7e41-1696-8d03ecf6a68e,1777365262,0.53,10.0,no,"{""count_fp"":""10.00"",""created_time"":""2026-04-28T08:34:22.138915Z"",""no_price_dollars"":""0.4700"",""taker_side"":""no"",""ticker"":""KXETH15M-26APR280445-45"",""trade_id"":""31f7407c-3449-7e41-1696-8d03ecf6a68e"",""yes_price_dollars"":""0.5300""}"
KXETH15M-26APR280445-45,65cc7472-d10f-4881-44fd-bb951527461b,1777365266,0.51,10.0,no,"{""count_fp"":""10.00"",""created_time"":""2026-04-28T08:34:26.420255Z"",""no_price_dollars"":""0.4900"",""taker_side"":""no"",""ticker"":""KXETH15M-26APR280445-45"",""trade_id"":""65cc7472-d10f-4881-44fd-bb951527461b"",""yes_price_dollars"":""0.5100""}"
KXETH15M-26APR280445-45,193be35d-119b-54fb-b925-3c70fa055c0a,1777365272,0.57,1.0,yes,"{""count_fp"":""1.00"",""created_time"":""2026-04-28T08:34:32.800499Z"",""no_price_dollars"":""0.4300"",""taker_side"":""yes"",""ticker"":""KXETH15M-26APR280445-45"",""trade_id"":""193be35d-119b-54fb-b925-3c70fa055c0a"",""yes_price_dollars"":""0.5700""}"
KXETH15M-26APR280445-45,b0f52ffe-0903-7c73-a6f3-abbeccc0f29c,1777365277,0.52,10.0,no,"{""count_fp"":""10.00"",""created_time"":""2026-04-28T08:34:37.933192Z"",""no_price_dollars"":""0.4800"",""taker_side"":""no"",""ticker"":""KXETH15M-26APR280445-45"",""trade_id"":""b0f52ffe-0903-7c73-a6f3-abbeccc0f29c"",""yes_price_dollars"":""0.5200""}"
KXETH15M-26APR280445-45,48ab1a0f-d61b-76e5-50fc-82065917a08d,1777365283,0.49,10.0,yes,"{""count_fp"":""10.00"",""created_time"":""2026-04-28T08:34:43.586019Z"",""no_price_dollars"":""0.5100"",""taker_side"":""yes"",""ticker"":""KXETH15M-26APR280445-45"",""trade_id"":""48ab1a0f-d61b-76e5-50fc-82065917a08d"",""yes_price_dollars"":""0.4900""}"
KXETH15M-26APR280445-45,44d71fea-25eb-7904-d012-ad7e5414014b,1777365283,0.46,8.0,yes,"{""count_fp"":""8.00"",""created_time"":""2026-04-28T08:34:43.541948Z"",""no_price_dollars"":""0.5400"",""taker_side"":""yes"",""ticker"":""KXETH15M-26APR280445-45"",""trade_id"":""44d71fea-25eb-7904-d012-ad7e5414014b"",""yes_price_dollars"":""0.4600""}"
KXETH15M-26APR280445-45,4a70984b-2055-4985-7885-d261322e093a,1777365287,0.54,1.0,no,"{""count_fp"":""1.00"",""created_time"":""2026-04-28T08:34:47.198807Z"",""no_price_dollars"":""0.4600"",""taker_side"":""no"",""ticker"":""KXETH15M-26APR280445-45"",""trade_id"":""4a70984b-2055-4985-7885-d261322e093a"",""yes_price_dollars"":""0.5400""}"
KXETH15M-26APR280445-45,d358f3f6-c85d-7735-db1a-cabf10ca483e,1777365293,0.56,45.0,no,"{""count_fp"":""45.00"",""created_time"":""2026-04-28T08:34:53.905825Z"",""no_price_dollars"":""0.4400"",""taker_side"":""no"",""ticker"":""KXETH15M-26APR280445-45"",""trade_id"":""d358f3f6-c85d-7735-db1a-cabf10ca483e"",""yes_price_dollars"":""0.5600""}"
KXETH15M-26APR280445-45,053b5b15-3501-7e68-dc90-ff26ea9f6505,1777365299,0.57,1.0,no,"{""count_fp"":""1.00"",""created_time"":""2026-04-28T08:34:59.713558Z"",""no_price_dollars"":""0.4300"",""taker_side"":""no"",""ticker"":""KXETH15M-26APR280445-45"",""trade_id"":""053b5b15-3501-7e68-dc90-ff26ea9f6505"",""yes_price_dollars"":""0.5700""}"
KXETH15M-26APR280445-45,06e61f39-d50d-4725-d127-be19dce5d31b,1777365304,0.54,8.0,yes,"{""count_fp"":""8.00"",""created_time"":""2026-04-28T08:35:04.342018Z"",""no_price_dollars"":""0.4600"",""taker_side"":""yes"",""ticker"":""KXETH15M-26APR280445-45"",""trade_id"":""06e61f39-d50d-4725-d127-be19dce5d31b"",""yes_price_dollars"":""0.5400""}"
KXETH15M-26APR280445-45,b959f011-5313-5088-01d9-439dbebdeca8,1777365308,0.5,31.0,no,"{""count_fp"":""31.00"",""created_time"":""2026-04-28T08:35:08.626029Z"",""no_price_dollars"":""0.5000"",""taker_side"":""no"",""ticker"":""KXETH15M-26APR280445-45"",""trade_id"":""b959f011-5313-5088-01d9-439dbebdeca8"",""yes_price_dollars"":""0.5000""}"
KXETH15M-26APR280445-45,b6b5103b-244e-58f2-25f7-397dea95563e,1777365308,0.5,10.0,no,"{""count_fp"":""10.00"",""created_time"":""2026-04-28T08:35:08.626029Z"",""no_price_dollars"":""0.5000"",""taker_side"":""no"",""ticker"":""KXETH15M-26APR280445-45"",""trade_id"":""b6b5103b-244e-58f2-25f7-397dea95563e"",""yes_price_dollars"":""0.5000""}"
KXETH15M-26APR280445-45,620d88bc-d034-57bc-339a-9bb2e2d5845e,1777365308,0.5,10.0,no,"{""count_fp"":""10.00"",""created_time"":""2026-04-28T08:35:08.626029Z"",""no_price_dollars"":""0.5000"",""taker_side"":""no"",""ticker"":""KXETH15M-26APR280445-45"",""trade_id"":""620d88bc-d034-57bc-339a-9bb2e2d5845e"",""yes_price_dollars"":""0.5000""}"
KXETH15M-26APR280445-45,538b4a16-b206-5ef9-2333-1da04fba291b,1777365308,0.51,1.0,no,"{""count_fp"":""1.00"",""created_time"":""2026-04-28T08:35:08.626029Z"",""no_price_dollars"":""0.4900"",""taker_side"":""no"",""ticker"":""KXETH15M-26APR280445-45"",""trade_id"":""538b4a16-b206-5ef9-2333-1da04fba291b"",""yes_price_dollars"":""0.5100""}"
KXETH15M-26APR280445-45,eb9763f9-a1f3-5ee0-354a-5161f19e25f6,1777365310,0.49,3.0,yes,"{""count_fp"":""3.00"",""created_time"":""2026-04-28T08:35:10.279861Z"",""no_price_dollars"":""0.5100"",""taker_side"":""yes"",""ticker"":""KXETH15M-26APR280445-45"",""trade_id"":""eb9763f9-a1f3-5ee0-354a-5161f19e25f6"",""yes_price_dollars"":""0.4900""}"
KXETH15M-26APR280445-45,cb7782b8-a971-6a14-28f2-fc5cf8ab46b6,1777365312,0.48,1.0,no,"{""count_fp"":""1.00"",""created_time"":""2026-04-28T08:35:12.021537Z"",""no_price_dollars"":""0.5200"",""taker_side"":""no"",""ticker"":""KXETH15M-26APR280445-45"",""trade_id"":""cb7782b8-a971-6a14-28f2-fc5cf8ab46b6"",""yes_price_dollars"":""0.4800""}"
KXETH15M-26APR280445-45,62ea4af2-ec61-6523-207c-71fdea6e700e,1777365312,0.46,80.0,no,"{""count_fp"":""80.00"",""created_time"":""2026-04-28T08:35:12.021537Z"",""no_price_dollars"":""0.5400"",""taker_side"":""no"",""ticker"":""KXETH15M-26APR280445-45"",""trade_id"":""62ea4af2-ec61-6523-207c-71fdea6e700e"",""yes_price_dollars"":""0.4600""}"
KXETH15M-26APR280445-45,da7f2023-355a-7961-b603-6caf349712a8,1777365317,0.43,10.0,yes,"{""count_fp"":""10.00"",""created_time"":""2026-04-28T08:35:17.839842Z"",""no_price_dollars"":""0.5700"",""taker_side"":""yes"",""ticker"":""KXETH15M-26APR280445-45"",""trade_id"":""da7f2023-355a-7961-b603-6caf349712a8"",""yes_price_dollars"":""0.4300""}"
KXETH15M-26APR280445-45,b53ed607-5abd-7b68-69cf-e53a162cb978,1777365317,0.42,10.34,yes,"{""count_fp"":""10.34"",""created_time"":""2026-04-28T08:35:17.822284Z"",""no_price_dollars"":""0.5800"",""taker_side"":""yes"",""ticker"":""KXETH15M-26APR280445-45"",""trade_id"":""b53ed607-5abd-7b68-69cf-e53a162cb978"",""yes_price_dollars"":""0.4200""}"
KXETH15M-26APR280445-45,9c01b2c9-9baf-7db4-eec0-f204da7157d5,1777365317,0.41,10.0,no,"{""count_fp"":""10.00"",""created_time"":""2026-04-28T08:35:17.536974Z"",""no_price_dollars"":""0.5900"",""taker_side"":""no"",""ticker"":""KXETH15M-26APR280445-45"",""trade_id"":""9c01b2c9-9baf-7db4-eec0-f204da7157d5"",""yes_price_dollars"":""0.4100""}"
KXETH15M-26APR280445-45,6621ff0e-5435-7882-d9b9-523eaaae9937,1777365317,0.41,10.0,no,"{""count_fp"":""10.00"",""created_time"":""2026-04-28T08:35:17.536974Z"",""no_price_dollars"":""0.5900"",""taker_side"":""no"",""ticker"":""KXETH15M-26APR280445-45"",""trade_id"":""6621ff0e-5435-7882-d9b9-523eaaae9937"",""yes_price_dollars"":""0.4100""}"
KXETH15M-26APR280445-45,222525c8-73b0-78ef-d177-22d5cc931cac,1777365317,0.43,3.0,no,"{""count_fp"":""3.00"",""created_time"":""2026-04-28T08:35:17.536974Z"",""no_price_dollars"":""0.5700"",""taker_side"":""no"",""ticker"":""KXETH15M-26APR280445-45"",""trade_id"":""222525c8-73b0-78ef-d177-22d5cc931cac"",""yes_price_dollars"":""0.4300""}"
KXETH15M-26APR280445-45,180e7ffd-031b-4f2e-55cf-d93a51189abd,1777365324,0.44,8.0,no,"{""count_fp"":""8.00"",""created_time"":""2026-04-28T08:35:24.223335Z"",""no_price_dollars"":""0.5600"",""taker_side"":""no"",""ticker"":""KXETH15M-26APR280445-45"",""trade_id"":""180e7ffd-031b-4f2e-55cf-d93a51189abd"",""yes_price_dollars"":""0.4400""}"
KXETH15M-26APR280445-45,9573185e-d5f9-5e08-ef79-43202dda9864,1777365330,0.47,40.04,yes,"{""count_fp"":""40.04"",""created_time"":""2026-04-28T08:35:30.482724Z"",""no_price_dollars"":""0.5300"",""taker_side"":""yes"",""ticker"":""KXETH15M-26APR280445-45"",""trade_id"":""9573185e-d5f9-5e08-ef79-43202dda9864"",""yes_price_dollars"":""0.4700""}"
KXETH15M-26APR280445-45,1c0abcc5-00a5-5b36-f76a-e0d5d2017248,1777365330,0.46,10.0,yes,"{""count_fp"":""10.00"",""created_time"":""2026-04-28T08:35:30.482724Z"",""no_price_dollars"":""0.5400"",""taker_side"":""yes"",""ticker"":""KXETH15M-26APR280445-45"",""trade_id"":""1c0abcc5-00a5-5b36-f76a-e0d5d2017248"",""yes_price_dollars"":""0.4600""}"
KXETH15M-26APR280445-45,2fe39c26-fbc6-6efb-d5a2-cc5a2a92c1ac,1777365339,0.46,10.0,no,"{""count_fp"":""10.00"",""created_time"":""2026-04-28T08:35:39.848539Z"",""no_price_dollars"":""0.5400"",""taker_side"":""no"",""ticker"":""KXETH15M-26APR280445-45"",""trade_id"":""2fe39c26-fbc6-6efb-d5a2-cc5a2a92c1ac"",""yes_price_dollars"":""0.4600""}"
KXETH15M-26APR280445-45,87eb76a6-8cc9-7620-712c-85a440c74efc,1777365346,0.41,1.6,yes,"{""count_fp"":""1.60"",""created_time"":""2026-04-28T08:35:46.373304Z"",""no_price_dollars"":""0.5900"",""taker_side"":""yes"",""ticker"":""KXETH15M-26APR280445-45"",""trade_id"":""87eb76a6-8cc9-7620-712c-85a440c74efc"",""yes_price_dollars"":""0.4100""}"
KXETH15M-26APR280445-45,81cad3e0-d4c7-5ccc-1d2a-9b871ae4749c,1777365347,0.4,4.49,no,"{""count_fp"":""4.49"",""created_time"":""2026-04-28T08:35:47.749554Z"",""no_price_dollars"":""0.6000"",""taker_side"":""no"",""ticker"":""KXETH15M-26APR280445-45"",""trade_id"":""81cad3e0-d4c7-5ccc-1d2a-9b871ae4749c"",""yes_price_dollars"":""0.4000""}"
KXETH15M-26APR280445-45,5f4ef8a8-1dc3-52ed-03ae-115353378e7e,1777365347,0.41,10.0,no,"{""count_fp"":""10.00"",""created_time"":""2026-04-28T08:35:47.749554Z"",""no_price_dollars"":""0.5900"",""taker_side"":""no"",""ticker"":""KXETH15M-26APR280445-45"",""trade_id"":""5f4ef8a8-1dc3-52ed-03ae-115353378e7e"",""yes_price_dollars"":""0.4100""}"
KXETH15M-26APR280445-45,3cb9a0e7-389c-5016-2029-1be3b7a0ba21,1777365347,0.41,9.51,no,"{""count_fp"":""9.51"",""created_time"":""2026-04-28T08:35:47.749554Z"",""no_price_dollars"":""0.5900"",""taker_side"":""no"",""ticker"":""KXETH15M-26APR280445-45"",""trade_id"":""3cb9a0e7-389c-5016-2029-1be3b7a0ba21"",""yes_price_dollars"":""0.4100""}"
KXETH15M-26APR280445-45,aaa3c40f-d6b2-658c-5f50-dccf166c6e25,1777365349,0.44,10.0,yes,"{""count_fp"":""10.00"",""created_time"":""2026-04-28T08:35:49.640422Z"",""no_price_dollars"":""0.5600"",""taker_side"":""yes"",""ticker"":""KXETH15M-26APR280445-45"",""trade_id"":""aaa3c40f-d6b2-658c-5f50-dccf166c6e25"",""yes_price_dollars"":""0.4400""}"
KXETH15M-26APR280445-45,8b0bbf26-04a4-6e61-60cf-b3dc6a86782b,1777365349,0.44,14.0,yes,"{""count_fp"":""14.00"",""created_time"":""2026-04-28T08:35:49.640422Z"",""no_price_dollars"":""0.5600"",""taker_side"":""yes"",""ticker"":""KXETH15M-26APR280445-45"",""trade_id"":""8b0bbf26-04a4-6e61-60cf-b3dc6a86782b"",""yes_price_dollars"":""0.4400""}"
KXETH15M-26APR280445-45,971c822c-e3ae-607b-e728-6e5634300588,1777365358,0.37,16.0,no,"{""count_fp"":""16.00"",""created_time"":""2026-04-28T08:35:58.907195Z"",""no_price_dollars"":""0.6300"",""taker_side"":""no"",""ticker"":""KXETH15M-26APR280445-45"",""trade_id"":""971c822c-e3ae-607b-e728-6e5634300588"",""yes_price_dollars"":""0.3700""}"
KXETH15M-26APR280445-45,175a0983-e9db-6d44-ec74-22634bde39a8,1777365358,0.36,4.48,no,"{""count_fp"":""4.48"",""created_time"":""2026-04-28T08:35:58.907195Z"",""no_price_dollars"":""0.6400"",""taker_side"":""no"",""ticker"":""KXETH15M-26APR280445-45"",""trade_id"":""175a0983-e9db-6d44-ec74-22634bde39a8"",""yes_price_dollars"":""0.3600""}"
KXETH15M-26APR280445-45,15bfd4f7-3839-68e4-ea03-9f8ac58655b6,1777365358,0.37,10.0,no,"{""count_fp"":""10.00"",""created_time"":""2026-04-28T08:35:58.907195Z"",""no_price_dollars"":""0.6300"",""taker_side"":""no"",""ticker"":""KXETH15M-26APR280445-45"",""trade_id"":""15bfd4f7-3839-68e4-ea03-9f8ac58655b6"",""yes_price_dollars"":""0.3700""}"
KXETH15M-26APR280445-45,ad52f890-ac0a-7594-47e7-3164e747cd2c,1777365360,0.42,7.97,no,"{""count_fp"":""7.97"",""created_time"":""2026-04-28T08:36:00.687029Z"",""no_price_dollars"":""0.5800"",""taker_side"":""no"",""ticker"":""KXETH15M-26APR280445-45"",""trade_id"":""ad52f890-ac0a-7594-47e7-3164e747cd2c"",""yes_price_dollars"":""0.4200""}"
KXETH15M-26APR280445-45,2d7768af-e82d-545c-5957-5773f2a40602,1777365360,0.42,10.0,yes,"{""count_fp"":""10.00"",""created_time"":""2026-04-28T08:36:00.549615Z"",""no_price_dollars"":""0.5800"",""taker_side"":""yes"",""ticker"":""KXETH15M-26APR280445-45"",""trade_id"":""2d7768af-e82d-545c-5957-5773f2a40602"",""yes_price_dollars"":""0.4200""}"
KXETH15M-26APR280445-45,a065c9da-d668-64bf-8302-0e13b00cad90,1777365364,0.46,1.0,yes,"{""count_fp"":""1.00"",""created_time"":""2026-04-28T08:36:04.686344Z"",""no_price_dollars"":""0.5400"",""taker_side"":""yes"",""ticker"":""KXETH15M-26APR280445-45"",""trade_id"":""a065c9da-d668-64bf-8302-0e13b00cad90"",""yes_price_dollars"":""0.4600""}"
KXETH15M-26APR280445-45,e8f192e5-9e07-6574-1e78-2f4344b51c3c,1777365367,0.39,6.41,no,"{""count_fp"":""6.41"",""created_time"":""2026-04-28T08:36:07.580706Z"",""no_price_dollars"":""0.6100"",""taker_side"":""no"",""ticker"":""KXETH15M-26APR280445-45"",""trade_id"":""e8f192e5-9e07-6574-1e78-2f4344b51c3c"",""yes_price_dollars"":""0.3900""}"
KXETH15M-26APR280445-45,76123507-93d6-61df-148e-853762ba2fdf,1777365367,0.42,10.0,no,"{""count_fp"":""10.00"",""created_time"":""2026-04-28T08:36:07.580706Z"",""no_price_dollars"":""0.5800"",""taker_side"":""no"",""ticker"":""KXETH15M-26APR280445-45"",""trade_id"":""76123507-93d6-61df-148e-853762ba2fdf"",""yes_price_dollars"":""0.4200""}"
KXETH15M-26APR280445-45,409c10d9-c213-7568-bee6-4f6492d95cb4,1777365368,0.36,1.0,no,"{""count_fp"":""1.00"",""created_time"":""2026-04-28T08:36:08.624691Z"",""no_price_dollars"":""0.6400"",""taker_side"":""no"",""ticker"":""KXETH15M-26APR280445-45"",""trade_id"":""409c10d9-c213-7568-bee6-4f6492d95cb4"",""yes_price_dollars"":""0.3600""}"
KXETH15M-26APR280445-45,7d70b931-507c-799b-fdf9-7f01c8f2fab5,1777365372,0.36,1.18,no,"{""count_fp"":""1.18"",""created_time"":""2026-04-28T08:36:12.603935Z"",""no_price_dollars"":""0.6400"",""taker_side"":""no"",""ticker"":""KXETH15M-26APR280445-45"",""trade_id"":""7d70b931-507c-799b-fdf9-7f01c8f2fab5"",""yes_price_dollars"":""0.3600""}"
KXETH15M-26APR280445-45,ebbc7f7d-da7a-4a09-fd18-61bdeb6ae1ca,1777365376,0.38,10.0,yes,"{""count_fp"":""10.00"",""created_time"":""2026-04-28T08:36:16.027066Z"",""no_price_dollars"":""0.6200"",""taker_side"":""yes"",""ticker"":""KXETH15M-26APR280445-45"",""trade_id"":""ebbc7f7d-da7a-4a09-fd18-61bdeb6ae1ca"",""yes_price_dollars"":""0.3800""}"
KXETH15M-26APR280445-45,cdf54c40-7aca-46e8-0184-2553b33e5242,1777365390,0.34,1.0,no,"{""count_fp"":""1.00"",""created_time"":""2026-04-28T08:36:30.984185Z"",""no_price_dollars"":""0.6600"",""taker_side"":""no"",""ticker"":""KXETH15M-26APR280445-45"",""trade_id"":""cdf54c40-7aca-46e8-0184-2553b33e5242"",""yes_price_dollars"":""0.3400""}"
KXETH15M-26APR280445-45,09c1c61d-4078-51e7-415c-7b8b30b411cc,1777365394,0.39,4.91,yes,"{""count_fp"":""4.91"",""created_time"":""2026-04-28T08:36:34.136446Z"",""no_price_dollars"":""0.6100"",""taker_side"":""yes"",""ticker"":""KXETH15M-26APR280445-45"",""trade_id"":""09c1c61d-4078-51e7-415c-7b8b30b411cc"",""yes_price_dollars"":""0.3900""}"
KXETH15M-26APR280445-45,a8b0ac5d-4d9b-59a0-114d-bc05cb811ae8,1777365396,0.4,14.79,no,"{""count_fp"":""14.79"",""created_time"":""2026-04-28T08:36:36.104192Z"",""no_price_dollars"":""0.6000"",""taker_side"":""no"",""ticker"":""KXETH15M-26APR280445-45"",""trade_id"":""a8b0ac5d-4d9b-59a0-114d-bc05cb811ae8"",""yes_price_dollars"":""0.4000""}"
KXETH15M-26APR280445-45,017de9ad-aa9b-59e3-b030-e1d2b4c0b365,1777365406,0.39,1.0,no,"{""count_fp"":""1.00"",""created_time"":""2026-04-28T08:36:46.411297Z"",""no_price_dollars"":""0.6100"",""taker_side"":""no"",""ticker"":""KXETH15M-26APR280445-45"",""trade_id"":""017de9ad-aa9b-59e3-b030-e1d2b4c0b365"",""yes_price_dollars"":""0.3900""}"
KXETH15M-26APR280445-45,30f03145-8422-676b-9041-a1689e13a455,1777365414,0.39,1.0,no,"{""count_fp"":""1.00"",""created_time"":""2026-04-28T08:36:54.693335Z"",""no_price_dollars"":""0.6100"",""taker_side"":""no"",""ticker"":""KXETH15M-26APR280445-45"",""trade_id"":""30f03145-8422-676b-9041-a1689e13a455"",""yes_price_dollars"":""0.3900""}"
KXETH15M-26APR280445-45,1bc32f35-b1b8-62d0-b6b4-195798827d81,1777365414,0.39,10.0,no,"{""count_fp"":""10.00"",""created_time"":""2026-04-28T08:36:54.693335Z"",""no_price_dollars"":""0.6100"",""taker_side"":""no"",""ticker"":""KXETH15M-26APR280445-45"",""trade_id"":""1bc32f35-b1b8-62d0-b6b4-195798827d81"",""yes_price_dollars"":""0.3900""}"
KXETH15M-26APR280445-45,05ea0a71-87de-611d-a852-c83916676a05,1777365414,0.39,10.0,no,"{""count_fp"":""10.00"",""created_time"":""2026-04-28T08:36:54.693335Z"",""no_price_dollars"":""0.6100"",""taker_side"":""no"",""ticker"":""KXETH15M-26APR280445-45"",""trade_id"":""05ea0a71-87de-611d-a852-c83916676a05"",""yes_price_dollars"":""0.3900""}"
KXETH15M-26APR280445-45,c939dc53-d0e6-4864-d841-1bc4d7220a76,1777365416,0.38,10.0,yes,"{""count_fp"":""10.00"",""created_time"":""2026-04-28T08:36:56.993581Z"",""no_price_dollars"":""0.6200"",""taker_side"":""yes"",""ticker"":""KXETH15M-26APR280445-45"",""trade_id"":""c939dc53-d0e6-4864-d841-1bc4d7220a76"",""yes_price_dollars"":""0.3800""}"
KXETH15M-26APR280445-45,7abef0eb-c22f-56b8-c22c-ae3f32b3d3ec,1777365417,0.38,14.38,no,"{""count_fp"":""14.38"",""created_time"":""2026-04-28T08:36:57.849854Z"",""no_price_dollars"":""0.6200"",""taker_side"":""no"",""ticker"":""KXETH15M-26APR280445-45"",""trade_id"":""7abef0eb-c22f-56b8-c22c-ae3f32b3d3ec"",""yes_price_dollars"":""0.3800""}"
KXETH15M-26APR280445-45,ac3897c2-a8a7-761c-3c64-93c66221e670,1777365417,0.38,4.31,no,"{""count_fp"":""4.31"",""created_time"":""2026-04-28T08:36:57.237882Z"",""no_price_dollars"":""0.6200"",""taker_side"":""no"",""ticker"":""KXETH15M-26APR280445-45"",""trade_id"":""ac3897c2-a8a7-761c-3c64-93c66221e670"",""yes_price_dollars"":""0.3800""}"
KXETH15M-26APR280445-45,1635e756-126b-76a0-c616-49f415029460,1777365431,0.4,3.86,no,"{""count_fp"":""3.86"",""created_time"":""2026-04-28T08:37:11.633797Z"",""no_price_dollars"":""0.6000"",""taker_side"":""no"",""ticker"":""KXETH15M-26APR280445-45"",""trade_id"":""1635e756-126b-76a0-c616-49f415029460"",""yes_price_dollars"":""0.4000""}"
KXETH15M-26APR280445-45,7db5b970-e3a7-7a60-9872-6fea963b1c24,1777365431,0.4,3.09,no,"{""count_fp"":""3.09"",""created_time"":""2026-04-28T08:37:11.064727Z"",""no_price_dollars"":""0.6000"",""taker_side"":""no"",""ticker"":""KXETH15M-26APR280445-45"",""trade_id"":""7db5b970-e3a7-7a60-9872-6fea963b1c24"",""yes_price_dollars"":""0.4000""}"
KXETH15M-26APR280445-45,a3cdf0e2-6c9c-4737-924f-0f3bee4d0fe7,1777365437,0.43,4.79,yes,"{""count_fp"":""4.79"",""created_time"":""2026-04-28T08:37:17.879771Z"",""no_price_dollars"":""0.5700"",""taker_side"":""yes"",""ticker"":""KXETH15M-26APR280445-45"",""trade_id"":""a3cdf0e2-6c9c-4737-924f-0f3bee4d0fe7"",""yes_price_dollars"":""0.4300""}"
KXETH15M-26APR280445-45,7fd186bd-56a9-48a3-afca-41b73ada9ee7,1777365437,0.43,10.0,yes,"{""count_fp"":""10.00"",""created_time"":""2026-04-28T08:37:17.879771Z"",""no_price_dollars"":""0.5700"",""taker_side"":""yes"",""ticker"":""KXETH15M-26APR280445-45"",""trade_id"":""7fd186bd-56a9-48a3-afca-41b73ada9ee7"",""yes_price_dollars"":""0.4300""}"
KXETH15M-26APR280445-45,fc71f2b1-3469-7c04-026f-533622cc28c8,1777365445,0.43,2.23,yes,"{""count_fp"":""2.23"",""created_time"":""2026-04-28T08:37:25.833305Z"",""no_price_dollars"":""0.5700"",""taker_side"":""yes"",""ticker"":""KXETH15M-26APR280445-45"",""trade_id"":""fc71f2b1-3469-7c04-026f-533622cc28c8"",""yes_price_dollars"":""0.4300""}"
KXETH15M-26APR280445-45,c407df90-29db-4d51-e63b-1eb01ea0eaf8,1777365447,0.43,10.0,yes,"{""count_fp"":""10.00"",""created_time"":""2026-04-28T08:37:27.586226Z"",""no_price_dollars"":""0.5700"",""taker_side"":""yes"",""ticker"":""KXETH15M-26APR280445-45"",""trade_id"":""c407df90-29db-4d51-e63b-1eb01ea0eaf8"",""yes_price_dollars"":""0.4300""}"
KXETH15M-26APR280445-45,2cd4d45a-21c7-7a70-23c8-784728f0e4dc,1777365453,0.42,16.05,no,"{""count_fp"":""16.05"",""created_time"":""2026-04-28T08:37:33.613261Z"",""no_price_dollars"":""0.5800"",""taker_side"":""no"",""ticker"":""KXETH15M-26APR280445-45"",""trade_id"":""2cd4d45a-21c7-7a70-23c8-784728f0e4dc"",""yes_price_dollars"":""0.4200""}"
KXETH15M-26APR280445-45,f5bbbc71-630a-51c4-969f-f92331042fe5,1777365457,0.46,1.0,no,"{""count_fp"":""1.00"",""created_time"":""2026-04-28T08:37:37.926387Z"",""no_price_dollars"":""0.5400"",""taker_side"":""no"",""ticker"":""KXETH15M-26APR280445-45"",""trade_id"":""f5bbbc71-630a-51c4-969f-f92331042fe5"",""yes_price_dollars"":""0.4600""}"
KXETH15M-26APR280445-45,dfbb9214-fbb3-54cd-bef1-9fca502440c5,1777365457,0.44,10.0,no,"{""count_fp"":""10.00"",""created_time"":""2026-04-28T08:37:37.926387Z"",""no_price_dollars"":""0.5600"",""taker_side"":""no"",""ticker"":""KXETH15M-26APR280445-45"",""trade_id"":""dfbb9214-fbb3-54cd-bef1-9fca502440c5"",""yes_price_dollars"":""0.4400""}"
KXETH15M-26APR280445-45,72f23020-4d89-40ec-c0db-fcdd2fcc3bac,1777365460,0.43,0.17,yes,"{""count_fp"":""0.17"",""created_time"":""2026-04-28T08:37:40.513427Z"",""no_price_dollars"":""0.5700"",""taker_side"":""yes"",""ticker"":""KXETH15M-26APR280445-45"",""trade_id"":""72f23020-4d89-40ec-c0db-fcdd2fcc3bac"",""yes_price_dollars"":""0.4300""}"
KXETH15M-26APR280445-45,2fbc8b77-1f1e-4101-d6e9-4e82bf37eabd,1777365460,0.42,10.34,yes,"{""count_fp"":""10.34"",""created_time"":""2026-04-28T08:37:40.513427Z"",""no_price_dollars"":""0.5800"",""taker_side"":""yes"",""ticker"":""KXETH15M-26APR280445-45"",""trade_id"":""2fbc8b77-1f1e-4101-d6e9-4e82bf37eabd"",""yes_price_dollars"":""0.4200""}"
KXETH15M-26APR280445-45,1f1ff946-3e23-4ac4-e419-dcf7f0c83f14,1777365460,0.42,10.0,yes,"{""count_fp"":""10.00"",""created_time"":""2026-04-28T08:37:40.513427Z"",""no_price_dollars"":""0.5800"",""taker_side"":""yes"",""ticker"":""KXETH15M-26APR280445-45"",""trade_id"":""1f1ff946-3e23-4ac4-e419-dcf7f0c83f14"",""yes_price_dollars"":""0.4200""}"
KXETH15M-26APR280445-45,4ffc02d3-3d3f-7b1b-af7c-b0b86ca86b8f,1777365461,0.47,60.0,yes,"{""count_fp"":""60.00"",""created_time"":""2026-04-28T08:37:41.739961Z"",""no_price_dollars"":""0.5300"",""taker_side"":""yes"",""ticker"":""KXETH15M-26APR280445-45"",""trade_id"":""4ffc02d3-3d3f-7b1b-af7c-b0b86ca86b8f"",""yes_price_dollars"":""0.4700""}"
KXETH15M-26APR280445-45,f5af951b-636a-62e7-0813-8164531864d9,1777365471,0.45,3.0,no,"{""count_fp"":""3.00"",""created_time"":""2026-04-28T08:37:51.958232Z"",""no_price_dollars"":""0.5500"",""taker_side"":""no"",""ticker"":""KXETH15M-26APR280445-45"",""trade_id"":""f5af951b-636a-62e7-0813-8164531864d9"",""yes_price_dollars"":""0.4500""}"
KXETH15M-26APR280445-45,37a88309-cf2b-4080-dd37-05c097231e83,1777365478,0.45,10.0,no,"{""count_fp"":""10.00"",""created_time"":""2026-04-28T08:37:58.149522Z"",""no_price_dollars"":""0.5500"",""taker_side"":""no"",""ticker"":""KXETH15M-26APR280445-45"",""trade_id"":""37a88309-cf2b-4080-dd37-05c097231e83"",""yes_price_dollars"":""0.4500""}"
KXETH15M-26APR280445-45,7ab528e2-6e11-6897-90a5-2cd75ffa7fdd,1777365479,0.45,10.0,yes,"{""count_fp"":""10.00"",""created_time"":""2026-04-28T08:37:59.670914Z"",""no_price_dollars"":""0.5500"",""taker_side"":""yes"",""ticker"":""KXETH15M-26APR280445-45"",""trade_id"":""7ab528e2-6e11-6897-90a5-2cd75ffa7fdd"",""yes_price_dollars"":""0.4500""}"
KXETH15M-26APR280445-45,5a579b2f-aa9c-7867-edd1-1e23d5695e83,1777365483,0.5,1.0,yes,"{""count_fp"":""1.00"",""created_time"":""2026-04-28T08:38:03.085308Z"",""no_price_dollars"":""0.5000"",""taker_side"":""yes"",""ticker"":""KXETH15M-26APR280445-45"",""trade_id"":""5a579b2f-aa9c-7867-edd1-1e23d5695e83"",""yes_price_dollars"":""0.5000""}"
KXETH15M-26APR280445-45,55f05071-13ea-5bfc-27e3-3889b8b97267,1777365494,0.49,1.79,no,"{""count_fp"":""1.79"",""created_time"":""2026-04-28T08:38:14.067895Z"",""no_price_dollars"":""0.5100"",""taker_side"":""no"",""ticker"":""KXETH15M-26APR280445-45"",""trade_id"":""55f05071-13ea-5bfc-27e3-3889b8b97267"",""yes_price_dollars"":""0.4900""}"
KXETH15M-26APR280445-45,69220b57-082b-57ae-2cf0-83ed106ca22a,1777365515,0.51,1.0,no,"{""count_fp"":""1.00"",""created_time"":""2026-04-28T08:38:35.695989Z"",""no_price_dollars"":""0.4900"",""taker_side"":""no"",""ticker"":""KXETH15M-26APR280445-45"",""trade_id"":""69220b57-082b-57ae-2cf0-83ed106ca22a"",""yes_price_dollars"":""0.5100""}"
KXETH15M-26APR280445-45,11ae0996-3a32-5de1-4179-a91e2aead1b3,1777365518,0.51,1.0,no,"{""count_fp"":""1.00"",""created_time"":""2026-04-28T08:38:38.197963Z"",""no_price_dollars"":""0.4900"",""taker_side"":""no"",""ticker"":""KXETH15M-26APR280445-45"",""trade_id"":""11ae0996-3a32-5de1-4179-a91e2aead1b3"",""yes_price_dollars"":""0.5100""}"
KXETH15M-26APR280445-45,8b12ec63-e8df-5a55-c891-a583cb351814,1777365520,0.42,10.0,no,"{""count_fp"":""10.00"",""created_time"":""2026-04-28T08:38:40.236792Z"",""no_price_dollars"":""0.5800"",""taker_side"":""no"",""ticker"":""KXETH15M-26APR280445-45"",""trade_id"":""8b12ec63-e8df-5a55-c891-a583cb351814"",""yes_price_dollars"":""0.4200""}"
KXETH15M-26APR280445-45,3ed8ac83-211e-4e94-a0fe-2ffd2b088e9d,1777365520,0.42,10.0,no,"{""count_fp"":""10.00"",""created_time"":""2026-04-28T08:38:40.231865Z"",""no_price_dollars"":""0.5800"",""taker_side"":""no"",""ticker"":""KXETH15M-26APR280445-45"",""trade_id"":""3ed8ac83-211e-4e94-a0fe-2ffd2b088e9d"",""yes_price_dollars"":""0.4200""}"
KXETH15M-26APR280445-45,f9a532ee-147a-6b8c-6d1b-c6ee215599f7,1777365520,0.43,10.0,no,"{""count_fp"":""10.00"",""created_time"":""2026-04-28T08:38:40.019157Z"",""no_price_dollars"":""0.5700"",""taker_side"":""no"",""ticker"":""KXETH15M-26APR280445-45"",""trade_id"":""f9a532ee-147a-6b8c-6d1b-c6ee215599f7"",""yes_price_dollars"":""0.4300""}"
KXETH15M-26APR280445-45,396242da-6fc6-5200-330b-ede589d6fd93,1777365520,0.49,1.21,no,"{""count_fp"":""1.21"",""created_time"":""2026-04-28T08:38:40.005728Z"",""no_price_dollars"":""0.5100"",""taker_side"":""no"",""ticker"":""KXETH15M-26APR280445-45"",""trade_id"":""396242da-6fc6-5200-330b-ede589d6fd93"",""yes_price_dollars"":""0.4900""}"
KXETH15M-26APR280445-45,b4953d1b-f1ab-749c-1358-f4da271b4490,1777365525,0.32,0.51,no,"{""count_fp"":""0.51"",""created_time"":""2026-04-28T08:38:45.151358Z"",""no_price_dollars"":""0.6800"",""taker_side"":""no"",""ticker"":""KXETH15M-26APR280445-45"",""trade_id"":""b4953d1b-f1ab-749c-1358-f4da271b4490"",""yes_price_dollars"":""0.3200""}"
KXETH15M-26APR280445-45,8d20b96c-94e1-7528-3af3-5e75ae2b508d,1777365525,0.33,10.0,no,"{""count_fp"":""10.00"",""created_time"":""2026-04-28T08:38:45.151358Z"",""no_price_dollars"":""0.6700"",""taker_side"":""no"",""ticker"":""KXETH15M-26APR280445-45"",""trade_id"":""8d20b96c-94e1-7528-3af3-5e75ae2b508d"",""yes_price_dollars"":""0.3300""}"
KXETH15M-26APR280445-45,87ce4d91-17a0-7152-3ce8-170f0f2c6543,1777365525,0.33,10.0,no,"{""count_fp"":""10.00"",""created_time"":""2026-04-28T08:38:45.151358Z"",""no_price_dollars"":""0.6700"",""taker_side"":""no"",""ticker"":""KXETH15M-26APR280445-45"",""trade_id"":""87ce4d91-17a0-7152-3ce8-170f0f2c6543"",""yes_price_dollars"":""0.3300""}"
KXETH15M-26APR280445-45,a5c4a3c0-4369-71e6-01b4-04aa1c654c51,1777365527,0.33,13.42,yes,"{""count_fp"":""13.42"",""created_time"":""2026-04-28T08:38:47.013705Z"",""no_price_dollars"":""0.6700"",""taker_side"":""yes"",""ticker"":""KXETH15M-26APR280445-45"",""trade_id"":""a5c4a3c0-4369-71e6-01b4-04aa1c654c51"",""yes_price_dollars"":""0.3300""}"
KXETH15M-26APR280445-45,49b8a7e7-7ef5-6d06-aa65-45b6b7f0b489,1777365530,0.33,15.32,yes,"{""count_fp"":""15.32"",""created_time"":""2026-04-28T08:38:50.926211Z"",""no_price_dollars"":""0.6700"",""taker_side"":""yes"",""ticker"":""KXETH15M-26APR280445-45"",""trade_id"":""49b8a7e7-7ef5-6d06-aa65-45b6b7f0b489"",""yes_price_dollars"":""0.3300""}"
KXETH15M-26APR280445-45,d8606d90-249b-769b-4b1e-a951e6ec3f78,1777365531,0.29,54.0,no,"{""count_fp"":""54.00"",""created_time"":""2026-04-28T08:38:51.687451Z"",""no_price_dollars"":""0.7100"",""taker_side"":""no"",""ticker"":""KXETH15M-26APR280445-45"",""trade_id"":""d8606d90-249b-769b-4b1e-a951e6ec3f78"",""yes_price_dollars"":""0.2900""}"
KXETH15M-26APR280445-45,9160cc6e-d631-7b17-6085-f24abbd09397,1777365531,0.29,10.0,no,"{""count_fp"":""10.00"",""created_time"":""2026-04-28T08:38:51.687451Z"",""no_price_dollars"":""0.7100"",""taker_side"":""no"",""ticker"":""KXETH15M-26APR280445-45"",""trade_id"":""9160cc6e-d631-7b17-6085-f24abbd09397"",""yes_price_dollars"":""0.2900""}"
KXETH15M-26APR280445-45,4a332714-9657-70b4-6342-ba4ecedf5b90,1777365531,0.27,5.36,no,"{""count_fp"":""5.36"",""created_time"":""2026-04-28T08:38:51.687451Z"",""no_price_dollars"":""0.7300"",""taker_side"":""no"",""ticker"":""KXETH15M-26APR280445-45"",""trade_id"":""4a332714-9657-70b4-6342-ba4ecedf5b90"",""yes_price_dollars"":""0.2700""}"
KXETH15M-26APR280445-45,b5d82c93-fee7-4d97-3800-0e98a93c3750,1777365531,0.3,6.0,no,"{""count_fp"":""6.00"",""created_time"":""2026-04-28T08:38:51.194986Z"",""no_price_dollars"":""0.7000"",""taker_side"":""no"",""ticker"":""KXETH15M-26APR280445-45"",""trade_id"":""b5d82c93-fee7-4d97-3800-0e98a93c3750"",""yes_price_dollars"":""0.3000""}"
KXETH15M-26APR280445-45,69f78e33-3e7a-46a4-0172-0ec57d435494,1777365531,0.3,1.0,no,"{""count_fp"":""1.00"",""created_time"":""2026-04-28T08:38:51.194986Z"",""no_price_dollars"":""0.7000"",""taker_side"":""no"",""ticker"":""KXETH15M-26APR280445-45"",""trade_id"":""69f78e33-3e7a-46a4-0172-0ec57d435494"",""yes_price_dollars"":""0.3000""}"
KXETH15M-26APR280445-45,b2d2f1b2-1951-771e-bf93-5551e2a9da41,1777365531,0.33,1.0,yes,"{""count_fp"":""1.00"",""created_time"":""2026-04-28T08:38:51.175461Z"",""no_price_dollars"":""0.6700"",""taker_side"":""yes"",""ticker"":""KXETH15M-26APR280445-45"",""trade_id"":""b2d2f1b2-1951-771e-bf93-5551e2a9da41"",""yes_price_dollars"":""0.3300""}"
KXETH15M-26APR280445-45,8b48ec79-560f-6aec-a789-25999ce049f3,1777365537,0.3,1.38,no,"{""count_fp"":""1.38"",""created_time"":""2026-04-28T08:38:57.102545Z"",""no_price_dollars"":""0.7000"",""taker_side"":""no"",""ticker"":""KXETH15M-26APR280445-45"",""trade_id"":""8b48ec79-560f-6aec-a789-25999ce049f3"",""yes_price_dollars"":""0.3000""}"
KXETH15M-26APR280445-45,c38c4ef2-4c8c-6509-26be-d416b6575882,1777365538,0.29,2.0,no,"{""count_fp"":""2.00"",""created_time"":""2026-04-28T08:38:58.773484Z"",""no_price_dollars"":""0.7100"",""taker_side"":""no"",""ticker"":""KXETH15M-26APR280445-45"",""trade_id"":""c38c4ef2-4c8c-6509-26be-d416b6575882"",""yes_price_dollars"":""0.2900""}"
KXETH15M-26APR280445-45,f40e864d-cb14-65bd-f270-5f8da22a679e,1777365539,0.28,0.19,no,"{""count_fp"":""0.19"",""created_time"":""2026-04-28T08:38:59.884023Z"",""no_price_dollars"":""0.7200"",""taker_side"":""no"",""ticker"":""KXETH15M-26APR280445-45"",""trade_id"":""f40e864d-cb14-65bd-f270-5f8da22a679e"",""yes_price_dollars"":""0.2800""}"
KXETH15M-26APR280445-45,ba5ab75e-f221-684c-41eb-5dacb529c0c7,1777365541,0.3,10.0,no,"{""count_fp"":""10.00"",""created_time"":""2026-04-28T08:39:01.834589Z"",""no_price_dollars"":""0.7000"",""taker_side"":""no"",""ticker"":""KXETH15M-26APR280445-45"",""trade_id"":""ba5ab75e-f221-684c-41eb-5dacb529c0c7"",""yes_price_dollars"":""0.3000""}"
KXETH15M-26APR280445-45,8cf49653-4b6f-4dc0-c394-9eaac3449ebc,1777365543,0.22,12.0,no,"{""count_fp"":""12.00"",""created_time"":""2026-04-28T08:39:03.411231Z"",""no_price_dollars"":""0.7800"",""taker_side"":""no"",""ticker"":""KXETH15M-26APR280445-45"",""trade_id"":""8cf49653-4b6f-4dc0-c394-9eaac3449ebc"",""yes_price_dollars"":""0.2200""}"
KXETH15M-26APR280445-45,e22afe91-0c64-576b-0218-de315f23ce1b,1777365544,0.27,10.0,yes,"{""count_fp"":""10.00"",""created_time"":""2026-04-28T08:39:04.559504Z"",""no_price_dollars"":""0.7300"",""taker_side"":""yes"",""ticker"":""KXETH15M-26APR280445-45"",""trade_id"":""e22afe91-0c64-576b-0218-de315f23ce1b"",""yes_price_dollars"":""0.2700""}"
KXETH15M-26APR280445-45,bf5f2c82-14f1-5f37-2558-2b4f6f2fdcbe,1777365544,0.28,2.94,yes,"{""count_fp"":""2.94"",""created_time"":""2026-04-28T08:39:04.559504Z"",""no_price_dollars"":""0.7200"",""taker_side"":""yes"",""ticker"":""KXETH15M-26APR280445-45"",""trade_id"":""bf5f2c82-14f1-5f37-2558-2b4f6f2fdcbe"",""yes_price_dollars"":""0.2800""}"
KXETH15M-26APR280445-45,26f1361f-6d1a-5568-bd5a-f54637aaae41,1777365549,0.23,1.0,no,"{""count_fp"":""1.00"",""created_time"":""2026-04-28T08:39:09.698447Z"",""no_price_dollars"":""0.7700"",""taker_side"":""no"",""ticker"":""KXETH15M-26APR280445-45"",""trade_id"":""26f1361f-6d1a-5568-bd5a-f54637aaae41"",""yes_price_dollars"":""0.2300""}"
KXETH15M-26APR280445-45,03256922-88c6-47fb-5363-38872145b335,1777365551,0.27,7.0,yes,"{""count_fp"":""7.00"",""created_time"":""2026-04-28T08:39:11.445634Z"",""no_price_dollars"":""0.7300"",""taker_side"":""yes"",""ticker"":""KXETH15M-26APR280445-45"",""trade_id"":""03256922-88c6-47fb-5363-38872145b335"",""yes_price_dollars"":""0.2700""}"
KXETH15M-26APR280445-45,bcad3415-03e3-4855-ddae-e7f1f897ce7a,1777365555,0.3,23.0,yes,"{""count_fp"":""23.00"",""created_time"":""2026-04-28T08:39:15.535888Z"",""no_price_dollars"":""0.7000"",""taker_side"":""yes"",""ticker"":""KXETH15M-26APR280445-45"",""trade_id"":""bcad3415-03e3-4855-ddae-e7f1f897ce7a"",""yes_price_dollars"":""0.3000""}"
KXETH15M-26APR280445-45,ccc07227-52e8-6dbd-7bd0-a1efda90fc2f,1777365561,0.29,90.0,no,"{""count_fp"":""90.00"",""created_time"":""2026-04-28T08:39:21.097242Z"",""no_price_dollars"":""0.7100"",""taker_side"":""no"",""ticker"":""KXETH15M-26APR280445-45"",""trade_id"":""ccc07227-52e8-6dbd-7bd0-a1efda90fc2f"",""yes_price_dollars"":""0.2900""}"
KXETH15M-26APR280445-45,a89d035d-97ed-67cf-7604-3a4a8dc8da2b,1777365561,0.29,10.0,no,"{""count_fp"":""10.00"",""created_time"":""2026-04-28T08:39:21.097242Z"",""no_price_dollars"":""0.7100"",""taker_side"":""no"",""ticker"":""KXETH15M-26APR280445-45"",""trade_id"":""a89d035d-97ed-67cf-7604-3a4a8dc8da2b"",""yes_price_dollars"":""0.2900""}"
KXETH15M-26APR280445-45,b0cf6bfc-eb1f-440e-8426-8f0c00c4033c,1777365562,0.24,1.0,no,"{""count_fp"":""1.00"",""created_time"":""2026-04-28T08:39:22.983437Z"",""no_price_dollars"":""0.7600"",""taker_side"":""no"",""ticker"":""KXETH15M-26APR280445-45"",""trade_id"":""b0cf6bfc-eb1f-440e-8426-8f0c00c4033c"",""yes_price_dollars"":""0.2400""}"
KXETH15M-26APR280445-45,a18efc83-150f-50c6-db1b-8d63c1021a84,1777365562,0.28,13.52,no,"{""count_fp"":""13.52"",""created_time"":""2026-04-28T08:39:22.127819Z"",""no_price_dollars"":""0.7200"",""taker_side"":""no"",""ticker"":""KXETH15M-26APR280445-45"",""trade_id"":""a18efc83-150f-50c6-db1b-8d63c1021a84"",""yes_price_dollars"":""0.2800""}"
KXETH15M-26APR280445-45,12531667-5a6d-590f-7f38-f999507c5a06,1777365563,0.24,5.78,yes,"{""count_fp"":""5.78"",""created_time"":""2026-04-28T08:39:23.439581Z"",""no_price_dollars"":""0.7600"",""taker_side"":""yes"",""ticker"":""KXETH15M-26APR280445-45"",""trade_id"":""12531667-5a6d-590f-7f38-f999507c5a06"",""yes_price_dollars"":""0.2400""}"
KXETH15M-26APR280445-45,1eab898d-c0fd-5a4f-d033-db414323767e,1777365567,0.25,3.09,yes,"{""count_fp"":""3.09"",""created_time"":""2026-04-28T08:39:27.207943Z"",""no_price_dollars"":""0.7500"",""taker_side"":""yes"",""ticker"":""KXETH15M-26APR280445-45"",""trade_id"":""1eab898d-c0fd-5a4f-d033-db414323767e"",""yes_price_dollars"":""0.2500""}"
KXETH15M-26APR280445-45,7c447a4f-ead5-6ef3-fda5-1ffe8687b4ae,1777365568,0.2,2.46,no,"{""count_fp"":""2.46"",""created_time"":""2026-04-28T08:39:28.594509Z"",""no_price_dollars"":""0.8000"",""taker_side"":""no"",""ticker"":""KXETH15M-26APR280445-45"",""trade_id"":""7c447a4f-ead5-6ef3-fda5-1ffe8687b4ae"",""yes_price_dollars"":""0.2000""}"
KXETH15M-26APR280445-45,27ee5209-fbb9-7be6-7ab6-72aee0d82e21,1777365569,0.26,33.9,yes,"{""count_fp"":""33.90"",""created_time"":""2026-04-28T08:39:29.101447Z"",""no_price_dollars"":""0.7400"",""taker_side"":""yes"",""ticker"":""KXETH15M-26APR280445-45"",""trade_id"":""27ee5209-fbb9-7be6-7ab6-72aee0d82e21"",""yes_price_dollars"":""0.2600""}"
KXETH15M-26APR280445-45,5e83f151-9f55-5c84-5848-27f59d770209,1777365571,0.2,7.0,no,"{""count_fp"":""7.00"",""created_time"":""2026-04-28T08:39:31.590561Z"",""no_price_dollars"":""0.8000"",""taker_side"":""no"",""ticker"":""KXETH15M-26APR280445-45"",""trade_id"":""5e83f151-9f55-5c84-5848-27f59d770209"",""yes_price_dollars"":""0.2000""}"
KXETH15M-26APR280445-45,0e8bceb9-fa95-7858-1d5b-b99302e8e399,1777365571,0.2,1.0,no,"{""count_fp"":""1.00"",""created_time"":""2026-04-28T08:39:31.411189Z"",""no_price_dollars"":""0.8000"",""taker_side"":""no"",""ticker"":""KXETH15M-26APR280445-45"",""trade_id"":""0e8bceb9-fa95-7858-1d5b-b99302e8e399"",""yes_price_dollars"":""0.2000""}"
KXETH15M-26APR280445-45,f8c0a0c9-0c9d-52a4-aa46-6890f26343b5,1777365571,0.2,2.0,no,"{""count_fp"":""2.00"",""created_time"":""2026-04-28T08:39:31.093932Z"",""no_price_dollars"":""0.8000"",""taker_side"":""no"",""ticker"":""KXETH15M-26APR280445-45"",""trade_id"":""f8c0a0c9-0c9d-52a4-aa46-6890f26343b5"",""yes_price_dollars"":""0.2000""}"
KXETH15M-26APR280445-45,7184702f-dd6e-59f5-8750-e83dbf15a88f,1777365572,0.2,10.0,no,"{""count_fp"":""10.00"",""created_time"":""2026-04-28T08:39:32.723974Z"",""no_price_dollars"":""0.8000"",""taker_side"":""no"",""ticker"":""KXETH15M-26APR280445-45"",""trade_id"":""7184702f-dd6e-59f5-8750-e83dbf15a88f"",""yes_price_dollars"":""0.2000""}"
KXETH15M-26APR280445-45,e50e5aad-1c7d-7793-a159-2f1807803e26,1777365572,0.24,10.0,yes,"{""count_fp"":""10.00"",""created_time"":""2026-04-28T08:39:32.628221Z"",""no_price_dollars"":""0.7600"",""taker_side"":""yes"",""ticker"":""KXETH15M-26APR280445-45"",""trade_id"":""e50e5aad-1c7d-7793-a159-2f1807803e26"",""yes_price_dollars"":""0.2400""}"
KXETH15M-26APR280445-45,589a83f0-3c6d-6e6f-c39f-0acf286261be,1777365572,0.24,5.0,yes,"{""count_fp"":""5.00"",""created_time"":""2026-04-28T08:39:32.411342Z"",""no_price_dollars"":""0.7600"",""taker_side"":""yes"",""ticker"":""KXETH15M-26APR280445-45"",""trade_id"":""589a83f0-3c6d-6e6f-c39f-0acf286261be"",""yes_price_dollars"":""0.2400""}"
KXETH15M-26APR280445-45,2615c6ed-49ad-78ef-7232-35a80d5e94f2,1777365572,0.24,10.0,yes,"{""count_fp"":""10.00"",""created_time"":""2026-04-28T08:39:32.202547Z"",""no_price_dollars"":""0.7600"",""taker_side"":""yes"",""ticker"":""KXETH15M-26APR280445-45"",""trade_id"":""2615c6ed-49ad-78ef-7232-35a80d5e94f2"",""yes_price_dollars"":""0.2400""}"
KXETH15M-26APR280445-45,a749debf-f267-5acf-5e61-f063904aa66a,1777365573,0.19,1.0,no,"{""count_fp"":""1.00"",""created_time"":""2026-04-28T08:39:33.347326Z"",""no_price_dollars"":""0.8100"",""taker_side"":""no"",""ticker"":""KXETH15M-26APR280445-45"",""trade_id"":""a749debf-f267-5acf-5e61-f063904aa66a"",""yes_price_dollars"":""0.1900""}"
KXETH15M-26APR280445-45,06f6dcb2-18b7-5812-4945-f7a9e69c66b0,1777365573,0.19,4.0,no,"{""count_fp"":""4.00"",""created_time"":""2026-04-28T08:39:33.347326Z"",""no_price_dollars"":""0.8100"",""taker_side"":""no"",""ticker"":""KXETH15M-26APR280445-45"",""trade_id"":""06f6dcb2-18b7-5812-4945-f7a9e69c66b0"",""yes_price_dollars"":""0.1900""}"
KXETH15M-26APR280445-45,07b179b7-c2bf-79f2-e4fb-6847a867cf28,1777365578,0.19,20.0,no,"{""count_fp"":""20.00"",""created_time"":""2026-04-28T08:39:38.970125Z"",""no_price_dollars"":""0.8100"",""taker_side"":""no"",""ticker"":""KXETH15M-26APR280445-45"",""trade_id"":""07b179b7-c2bf-79f2-e4fb-6847a867cf28"",""yes_price_dollars"":""0.1900""}"
KXETH15M-26APR280445-45,adfd02a3-4d7f-51f6-eee8-de66f9b77410,1777365579,0.19,39.91,no,"{""count_fp"":""39.91"",""created_time"":""2026-04-28T08:39:39.439372Z"",""no_price_dollars"":""0.8100"",""taker_side"":""no"",""ticker"":""KXETH15M-26APR280445-45"",""trade_id"":""adfd02a3-4d7f-51f6-eee8-de66f9b77410"",""yes_price_dollars"":""0.1900""}"
KXETH15M-26APR280445-45,77af9a9f-d646-5583-d9e8-6de92152ff6b,1777365579,0.2,10.0,no,"{""count_fp"":""10.00"",""created_time"":""2026-04-28T08:39:39.439372Z"",""no_price_dollars"":""0.8000"",""taker_side"":""no"",""ticker"":""KXETH15M-26APR280445-45"",""trade_id"":""77af9a9f-d646-5583-d9e8-6de92152ff6b"",""yes_price_dollars"":""0.2000""}"
KXETH15M-26APR280445-45,3a30b4c0-0c86-5295-cbbd-a641b7b296b7,1777365579,0.2,11.0,no,"{""count_fp"":""11.00"",""created_time"":""2026-04-28T08:39:39.439372Z"",""no_price_dollars"":""0.8000"",""taker_side"":""no"",""ticker"":""KXETH15M-26APR280445-45"",""trade_id"":""3a30b4c0-0c86-5295-cbbd-a641b7b296b7"",""yes_price_dollars"":""0.2000""}"
KXETH15M-26APR280445-45,4a8393d7-b0df-62ea-48f0-791783260368,1777365580,0.19,6.0,no,"{""count_fp"":""6.00"",""created_time"":""2026-04-28T08:39:40.423362Z"",""no_price_dollars"":""0.8100"",""taker_side"":""no"",""ticker"":""KXETH15M-26APR280445-45"",""trade_id"":""4a8393d7-b0df-62ea-48f0-791783260368"",""yes_price_dollars"":""0.1900""}"
KXETH15M-26APR280445-45,775204e9-6a0f-744e-3649-2e35d4f70f44,1777365580,0.19,1.0,no,"{""count_fp"":""1.00"",""created_time"":""2026-04-28T08:39:40.147526Z"",""no_price_dollars"":""0.8100"",""taker_side"":""no"",""ticker"":""KXETH15M-26APR280445-45"",""trade_id"":""775204e9-6a0f-744e-3649-2e35d4f70f44"",""yes_price_dollars"":""0.1900""}"
KXETH15M-26APR280445-45,e091678e-acea-7e4a-e05f-6d3d30a5751b,1777365583,0.17,7.89,no,"{""count_fp"":""7.89"",""created_time"":""2026-04-28T08:39:43.739944Z"",""no_price_dollars"":""0.8300"",""taker_side"":""no"",""ticker"":""KXETH15M-26APR280445-45"",""trade_id"":""e091678e-acea-7e4a-e05f-6d3d30a5751b"",""yes_price_dollars"":""0.1700""}"
KXETH15M-26APR280445-45,832fd65e-1e23-7ece-e047-50312e43d503,1777365583,0.17,7.11,no,"{""count_fp"":""7.11"",""created_time"":""2026-04-28T08:39:43.739944Z"",""no_price_dollars"":""0.8300"",""taker_side"":""no"",""ticker"":""KXETH15M-26APR280445-45"",""trade_id"":""832fd65e-1e23-7ece-e047-50312e43d503"",""yes_price_dollars"":""0.1700""}"
KXETH15M-26APR280445-45,5b773d34-ff3d-7fa0-c5a4-cb749f51ef87,1777365583,0.17,10.0,no,"{""count_fp"":""10.00"",""created_time"":""2026-04-28T08:39:43.739944Z"",""no_price_dollars"":""0.8300"",""taker_side"":""no"",""ticker"":""KXETH15M-26APR280445-45"",""trade_id"":""5b773d34-ff3d-7fa0-c5a4-cb749f51ef87"",""yes_price_dollars"":""0.1700""}"
KXETH15M-26APR280445-45,91dfd3ab-3943-7536-6b73-d893db8b4bd4,1777365584,0.16,6.0,no,"{""count_fp"":""6.00"",""created_time"":""2026-04-28T08:39:44.938227Z"",""no_price_dollars"":""0.8400"",""taker_side"":""no"",""ticker"":""KXETH15M-26APR280445-45"",""trade_id"":""91dfd3ab-3943-7536-6b73-d893db8b4bd4"",""yes_price_dollars"":""0.1600""}"
KXETH15M-26APR280445-45,a6d5a9ba-c3b1-745a-fb6b-86929214f92b,1777365584,0.16,1.0,no,"{""count_fp"":""1.00"",""created_time"":""2026-04-28T08:39:44.225088Z"",""no_price_dollars"":""0.8400"",""taker_side"":""no"",""ticker"":""KXETH15M-26APR280445-45"",""trade_id"":""a6d5a9ba-c3b1-745a-fb6b-86929214f92b"",""yes_price_dollars"":""0.1600""}"
KXETH15M-26APR280445-45,a318fd5a-91bf-785c-fc47-c52d01208d5f,1777365584,0.16,1.0,no,"{""count_fp"":""1.00"",""created_time"":""2026-04-28T08:39:44.225088Z"",""no_price_dollars"":""0.8400"",""taker_side"":""no"",""ticker"":""KXETH15M-26APR280445-45"",""trade_id"":""a318fd5a-91bf-785c-fc47-c52d01208d5f"",""yes_price_dollars"":""0.1600""}"
KXETH15M-26APR280445-45,5fd6c7ca-e857-7d1a-db2a-caa1572f1284,1777365584,0.16,5.0,no,"{""count_fp"":""5.00"",""created_time"":""2026-04-28T08:39:44.225088Z"",""no_price_dollars"":""0.8400"",""taker_side"":""no"",""ticker"":""KXETH15M-26APR280445-45"",""trade_id"":""5fd6c7ca-e857-7d1a-db2a-caa1572f1284"",""yes_price_dollars"":""0.1600""}"
KXETH15M-26APR280445-45,f7681a96-ebef-55c6-2061-a13a7cecf620,1777365587,0.16,2.35,no,"{""count_fp"":""2.35"",""created_time"":""2026-04-28T08:39:47.692882Z"",""no_price_dollars"":""0.8400"",""taker_side"":""no"",""ticker"":""KXETH15M-26APR280445-45"",""trade_id"":""f7681a96-ebef-55c6-2061-a13a7cecf620"",""yes_price_dollars"":""0.1600""}"
KXETH15M-26APR280445-45,31749ba0-1c3f-7c55-5360-9788967dd323,1777365589,0.2,47.34,yes,"{""count_fp"":""47.34"",""created_time"":""2026-04-28T08:39:49.114107Z"",""no_price_dollars"":""0.8000"",""taker_side"":""yes"",""ticker"":""KXETH15M-26APR280445-45"",""trade_id"":""31749ba0-1c3f-7c55-5360-9788967dd323"",""yes_price_dollars"":""0.2000""}"
KXETH15M-26APR280445-45,ec270d9b-a03e-58a2-7ff8-bff0a9e29c3c,1777365592,0.17,7.11,no,"{""count_fp"":""7.11"",""created_time"":""2026-04-28T08:39:52.756327Z"",""no_price_dollars"":""0.8300"",""taker_side"":""no"",""ticker"":""KXETH15M-26APR280445-45"",""trade_id"":""ec270d9b-a03e-58a2-7ff8-bff0a9e29c3c"",""yes_price_dollars"":""0.1700""}"
KXETH15M-26APR280445-45,2df7f8c0-a8fb-5d8e-7018-5856fe6de480,1777365592,0.16,120.63,no,"{""count_fp"":""120.63"",""created_time"":""2026-04-28T08:39:52.756327Z"",""no_price_dollars"":""0.8400"",""taker_side"":""no"",""ticker"":""KXETH15M-26APR280445-45"",""trade_id"":""2df7f8c0-a8fb-5d8e-7018-5856fe6de480"",""yes_price_dollars"":""0.1600""}"
KXETH15M-26APR280445-45,038257e0-6cb1-5593-7bec-e184698851e8,1777365592,0.17,10.0,no,"{""count_fp"":""10.00"",""created_time"":""2026-04-28T08:39:52.756327Z"",""no_price_dollars"":""0.8300"",""taker_side"":""no"",""ticker"":""KXETH15M-26APR280445-45"",""trade_id"":""038257e0-6cb1-5593-7bec-e184698851e8"",""yes_price_dollars"":""0.1700""}"
KXETH15M-26APR280445-45,e14b9a72-87bb-5a4b-e26a-7c2e115c20d1,1777365593,0.19,2.0,yes,"{""count_fp"":""2.00"",""created_time"":""2026-04-28T08:39:53.410297Z"",""no_price_dollars"":""0.8100"",""taker_side"":""yes"",""ticker"":""KXETH15M-26APR280445-45"",""trade_id"":""e14b9a72-87bb-5a4b-e26a-7c2e115c20d1"",""yes_price_dollars"":""0.1900""}"
KXETH15M-26APR280445-45,04188b73-7ab5-4e63-49a3-3795d0374ece,1777365601,0.16,1.0,yes,"{""count_fp"":""1.00"",""created_time"":""2026-04-28T08:40:01.843329Z"",""no_price_dollars"":""0.8400"",""taker_side"":""yes"",""ticker"":""KXETH15M-26APR280445-45"",""trade_id"":""04188b73-7ab5-4e63-49a3-3795d0374ece"",""yes_price_dollars"":""0.1600""}"
KXETH15M-26APR280445-45,d6e1732a-13b0-7ba8-3f39-3d59aa0ac062,1777365601,0.14,8.64,no,"{""count_fp"":""8.64"",""created_time"":""2026-04-28T08:40:01.216967Z"",""no_price_dollars"":""0.8600"",""taker_side"":""no"",""ticker"":""KXETH15M-26APR280445-45"",""trade_id"":""d6e1732a-13b0-7ba8-3f39-3d59aa0ac062"",""yes_price_dollars"":""0.1400""}"
KXETH15M-26APR280445-45,43d32404-96ef-7c52-1a79-0132e6a3b2ab,1777365601,0.14,10.0,no,"{""count_fp"":""10.00"",""created_time"":""2026-04-28T08:40:01.216967Z"",""no_price_dollars"":""0.8600"",""taker_side"":""no"",""ticker"":""KXETH15M-26APR280445-45"",""trade_id"":""43d32404-96ef-7c52-1a79-0132e6a3b2ab"",""yes_price_dollars"":""0.1400""}"
KXETH15M-26APR280445-45,2d5c62f2-1c03-70ea-3160-016d1f4e3a60,1777365601,0.14,2.36,no,"{""count_fp"":""2.36"",""created_time"":""2026-04-28T08:40:01.216967Z"",""no_price_dollars"":""0.8600"",""taker_side"":""no"",""ticker"":""KXETH15M-26APR280445-45"",""trade_id"":""2d5c62f2-1c03-70ea-3160-016d1f4e3a60"",""yes_price_dollars"":""0.1400""}"
KXETH15M-26APR280445-45,5c16d917-17ad-6a07-f3a0-48e65956d2e2,1777365601,0.19,23.76,yes,"{""count_fp"":""23.76"",""created_time"":""2026-04-28T08:40:01.125799Z"",""no_price_dollars"":""0.8100"",""taker_side"":""yes"",""ticker"":""KXETH15M-26APR280445-45"",""trade_id"":""5c16d917-17ad-6a07-f3a0-48e65956d2e2"",""yes_price_dollars"":""0.1900""}"
KXETH15M-26APR280445-45,db0e9968-ff4b-46d8-1114-c2d013a78593,1777365602,0.13,10.0,yes,"{""count_fp"":""10.00"",""created_time"":""2026-04-28T08:40:02.587389Z"",""no_price_dollars"":""0.8700"",""taker_side"":""yes"",""ticker"":""KXETH15M-26APR280445-45"",""trade_id"":""db0e9968-ff4b-46d8-1114-c2d013a78593"",""yes_price_dollars"":""0.1300""}"
KXETH15M-26APR280445-45,2f081a60-2557-455b-1b1f-215929109255,1777365602,0.13,10.0,yes,"{""count_fp"":""10.00"",""created_time"":""2026-04-28T08:40:02.587389Z"",""no_price_dollars"":""0.8700"",""taker_side"":""yes"",""ticker"":""KXETH15M-26APR280445-45"",""trade_id"":""2f081a60-2557-455b-1b1f-215929109255"",""yes_price_dollars"":""0.1300""}"
KXETH15M-26APR280445-45,ac43ae65-0ac7-557e-0366-3583e173c94c,1777365603,0.12,2.0,no,"{""count_fp"":""2.00"",""created_time"":""2026-04-28T08:40:03.210862Z"",""no_price_dollars"":""0.8800"",""taker_side"":""no"",""ticker"":""KXETH15M-26APR280445-45"",""trade_id"":""ac43ae65-0ac7-557e-0366-3583e173c94c"",""yes_price_dollars"":""0.1200""}"
KXETH15M-26APR280445-45,f0e26b3d-7a46-6985-8552-341b81a6338b,1777365615,0.11,1.0,no,"{""count_fp"":""1.00"",""created_time"":""2026-04-28T08:40:15.156245Z"",""no_price_dollars"":""0.8900"",""taker_side"":""no"",""ticker"":""KXETH15M-26APR280445-45"",""trade_id"":""f0e26b3d-7a46-6985-8552-341b81a6338b"",""yes_price_dollars"":""0.1100""}"
KXETH15M-26APR280445-45,f720a9df-04c9-6f0b-54bf-0c1e5ca09fe7,1777365617,0.1,3.0,no,"{""count_fp"":""3.00"",""created_time"":""2026-04-28T08:40:17.530736Z"",""no_price_dollars"":""0.9000"",""taker_side"":""no"",""ticker"":""KXETH15M-26APR280445-45"",""trade_id"":""f720a9df-04c9-6f0b-54bf-0c1e5ca09fe7"",""yes_price_dollars"":""0.1000""}"
KXETH15M-26APR280445-45,a68e697d-9e8e-6c04-6873-40070c3f6506,1777365617,0.1,1.0,no,"{""count_fp"":""1.00"",""created_time"":""2026-04-28T08:40:17.530736Z"",""no_price_dollars"":""0.9000"",""taker_side"":""no"",""ticker"":""KXETH15M-26APR280445-45"",""trade_id"":""a68e697d-9e8e-6c04-6873-40070c3f6506"",""yes_price_dollars"":""0.1000""}"
KXETH15M-26APR280445-45,1cf34789-5e21-641c-5af0-d8c24c9b530e,1777365617,0.1,1.0,no,"{""count_fp"":""1.00"",""created_time"":""2026-04-28T08:40:17.530736Z"",""no_price_dollars"":""0.9000"",""taker_side"":""no"",""ticker"":""KXETH15M-26APR280445-45"",""trade_id"":""1cf34789-5e21-641c-5af0-d8c24c9b530e"",""yes_price_dollars"":""0.1000""}"
KXETH15M-26APR280445-45,94e4bc3a-9321-5da7-1e90-cfd6cc3ccb4e,1777365625,0.098,1.79,yes,"{""count_fp"":""1.79"",""created_time"":""2026-04-28T08:40:25.296264Z"",""no_price_dollars"":""0.9020"",""taker_side"":""yes"",""ticker"":""KXETH15M-26APR280445-45"",""trade_id"":""94e4bc3a-9321-5da7-1e90-cfd6cc3ccb4e"",""yes_price_dollars"":""0.0980""}"
KXETH15M-26APR280445-45,3c136eed-772b-7a12-1d4e-871a8467a9e8,1777365626,0.06,15.0,no,"{""count_fp"":""15.00"",""created_time"":""2026-04-28T08:40:26.944573Z"",""no_price_dollars"":""0.9400"",""taker_side"":""no"",""ticker"":""KXETH15M-26APR280445-45"",""trade_id"":""3c136eed-772b-7a12-1d4e-871a8467a9e8"",""yes_price_dollars"":""0.0600""}"
KXETH15M-26APR280445-45,a08cb318-c3f4-4672-ec0e-a2722d2d6637,1777365626,0.06,5.0,yes,"{""count_fp"":""5.00"",""created_time"":""2026-04-28T08:40:26.821013Z"",""no_price_dollars"":""0.9400"",""taker_side"":""yes"",""ticker"":""KXETH15M-26APR280445-45"",""trade_id"":""a08cb318-c3f4-4672-ec0e-a2722d2d6637"",""yes_price_dollars"":""0.0600""}"
KXETH15M-26APR280445-45,a16d831a-bc3d-54f1-96c3-45daba944fb4,1777365626,0.07,10.0,yes,"{""count_fp"":""10.00"",""created_time"":""2026-04-28T08:40:26.645471Z"",""no_price_dollars"":""0.9300"",""taker_side"":""yes"",""ticker"":""KXETH15M-26APR280445-45"",""trade_id"":""a16d831a-bc3d-54f1-96c3-45daba944fb4"",""yes_price_dollars"":""0.0700""}"
KXETH15M-26APR280445-45,4a1551f7-24e6-5047-9f2e-810b0835f2ab,1777365626,0.069,10.0,yes,"{""count_fp"":""10.00"",""created_time"":""2026-04-28T08:40:26.645471Z"",""no_price_dollars"":""0.9310"",""taker_side"":""yes"",""ticker"":""KXETH15M-26APR280445-45"",""trade_id"":""4a1551f7-24e6-5047-9f2e-810b0835f2ab"",""yes_price_dollars"":""0.0690""}"
KXETH15M-26APR280445-45,e74bd70e-6703-56ec-1229-309aa2d86dac,1777365626,0.06,1.0,no,"{""count_fp"":""1.00"",""created_time"":""2026-04-28T08:40:26.295707Z"",""no_price_dollars"":""0.9400"",""taker_side"":""no"",""ticker"":""KXETH15M-26APR280445-45"",""trade_id"":""e74bd70e-6703-56ec-1229-309aa2d86dac"",""yes_price_dollars"":""0.0600""}"
KXETH15M-26APR280445-45,f7b3d467-ac87-500e-bee2-f6da4942e7f6,1777365626,0.07,1.0,no,"{""count_fp"":""1.00"",""created_time"":""2026-04-28T08:40:26.287787Z"",""no_price_dollars"":""0.9300"",""taker_side"":""no"",""ticker"":""KXETH15M-26APR280445-45"",""trade_id"":""f7b3d467-ac87-500e-bee2-f6da4942e7f6"",""yes_price_dollars"":""0.0700""}"
KXETH15M-26APR280445-45,a8c4935d-faff-511d-8e10-16319fd43917,1777365626,0.07,1.0,no,"{""count_fp"":""1.00"",""created_time"":""2026-04-28T08:40:26.287787Z"",""no_price_dollars"":""0.9300"",""taker_side"":""no"",""ticker"":""KXETH15M-26APR280445-45"",""trade_id"":""a8c4935d-faff-511d-8e10-16319fd43917"",""yes_price_dollars"":""0.0700""}"
KXETH15M-26APR280445-45,97e957c4-3c8d-5980-baf0-3ae1448fe536,1777365626,0.06,1.0,no,"{""count_fp"":""1.00"",""created_time"":""2026-04-28T08:40:26.287787Z"",""no_price_dollars"":""0.9400"",""taker_side"":""no"",""ticker"":""KXETH15M-26APR280445-45"",""trade_id"":""97e957c4-3c8d-5980-baf0-3ae1448fe536"",""yes_price_dollars"":""0.0600""}"
KXETH15M-26APR280445-45,60b7efae-3f23-5ece-b2a3-fcdc98a7ed35,1777365626,0.07,3.0,no,"{""count_fp"":""3.00"",""created_time"":""2026-04-28T08:40:26.287787Z"",""no_price_dollars"":""0.9300"",""taker_side"":""no"",""ticker"":""KXETH15M-26APR280445-45"",""trade_id"":""60b7efae-3f23-5ece-b2a3-fcdc98a7ed35"",""yes_price_dollars"":""0.0700""}"
KXETH15M-26APR280445-45,4182307f-ad2a-5e84-b433-1c9f0de9fe83,1777365626,0.06,1.0,no,"{""count_fp"":""1.00"",""created_time"":""2026-04-28T08:40:26.287787Z"",""no_price_dollars"":""0.9400"",""taker_side"":""no"",""ticker"":""KXETH15M-26APR280445-45"",""trade_id"":""4182307f-ad2a-5e84-b433-1c9f0de9fe83"",""yes_price_dollars"":""0.0600""}"
KXETH15M-26APR280445-45,27fc1678-8bc8-5ef8-a901-a4845b0252f6,1777365626,0.06,3.0,no,"{""count_fp"":""3.00"",""created_time"":""2026-04-28T08:40:26.287787Z"",""no_price_dollars"":""0.9400"",""taker_side"":""no"",""ticker"":""KXETH15M-26APR280445-45"",""trade_id"":""27fc1678-8bc8-5ef8-a901-a4845b0252f6"",""yes_price_dollars"":""0.0600""}"
KXETH15M-26APR280445-45,e01c04c6-da42-5626-9509-73e4c6510ee3,1777365626,0.071,10.0,no,"{""count_fp"":""10.00"",""created_time"":""2026-04-28T08:40:26.282974Z"",""no_price_dollars"":""0.9290"",""taker_side"":""no"",""ticker"":""KXETH15M-26APR280445-45"",""trade_id"":""e01c04c6-da42-5626-9509-73e4c6510ee3"",""yes_price_dollars"":""0.0710""}"
KXETH15M-26APR280445-45,e542c518-1e2b-63b7-c254-3c831c6f14cd,1777365626,0.08,1.0,no,"{""count_fp"":""1.00"",""created_time"":""2026-04-28T08:40:26.264826Z"",""no_price_dollars"":""0.9200"",""taker_side"":""no"",""ticker"":""KXETH15M-26APR280445-45"",""trade_id"":""e542c518-1e2b-63b7-c254-3c831c6f14cd"",""yes_price_dollars"":""0.0800""}"
KXETH15M-26APR280445-45,43dbd99e-53fa-6dce-f0c8-d9e6cf23d6a8,1777365626,0.08,3.0,no,"{""count_fp"":""3.00"",""created_time"":""2026-04-28T08:40:26.264826Z"",""no_price_dollars"":""0.9200"",""taker_side"":""no"",""ticker"":""KXETH15M-26APR280445-45"",""trade_id"":""43dbd99e-53fa-6dce-f0c8-d9e6cf23d6a8"",""yes_price_dollars"":""0.0800""}"
