ticker,trade_id,ts,yes_price,count,taker_side,raw_json
KXETH15M-26APR280400-00,8bc0b3f0-24d3-64ab-41c3-0e65f7955a86,1777362318,0.55,1.0,yes,"{""count_fp"":""1.00"",""created_time"":""2026-04-28T07:45:18.270545Z"",""no_price_dollars"":""0.4500"",""taker_side"":""yes"",""ticker"":""KXETH15M-26APR280400-00"",""trade_id"":""8bc0b3f0-24d3-64ab-41c3-0e65f7955a86"",""yes_price_dollars"":""0.5500""}"
KXETH15M-26APR280400-00,c57c89d5-28a7-7b63-4094-d69740817ed4,1777362318,0.52,1.0,no,"{""count_fp"":""1.00"",""created_time"":""2026-04-28T07:45:18.132204Z"",""no_price_dollars"":""0.4800"",""taker_side"":""no"",""ticker"":""KXETH15M-26APR280400-00"",""trade_id"":""c57c89d5-28a7-7b63-4094-d69740817ed4"",""yes_price_dollars"":""0.5200""}"
KXETH15M-26APR280400-00,22fa4b8e-a577-79ac-6f62-2741fb89d6c2,1777362318,0.52,18.71,no,"{""count_fp"":""18.71"",""created_time"":""2026-04-28T07:45:18.132204Z"",""no_price_dollars"":""0.4800"",""taker_side"":""no"",""ticker"":""KXETH15M-26APR280400-00"",""trade_id"":""22fa4b8e-a577-79ac-6f62-2741fb89d6c2"",""yes_price_dollars"":""0.5200""}"
KXETH15M-26APR280400-00,86d0f4c9-a968-55f8-4d89-92dcf6f494c6,1777362321,0.55,2.0,no,"{""count_fp"":""2.00"",""created_time"":""2026-04-28T07:45:21.062175Z"",""no_price_dollars"":""0.4500"",""taker_side"":""no"",""ticker"":""KXETH15M-26APR280400-00"",""trade_id"":""86d0f4c9-a968-55f8-4d89-92dcf6f494c6"",""yes_price_dollars"":""0.5500""}"
KXETH15M-26APR280400-00,dbbbc6d2-1a95-5ffe-2cd4-9a4c17c547c7,1777362333,0.57,1.0,no,"{""count_fp"":""1.00"",""created_time"":""2026-04-28T07:45:33.498897Z"",""no_price_dollars"":""0.4300"",""taker_side"":""no"",""ticker"":""KXETH15M-26APR280400-00"",""trade_id"":""dbbbc6d2-1a95-5ffe-2cd4-9a4c17c547c7"",""yes_price_dollars"":""0.5700""}"
KXETH15M-26APR280400-00,739a87f8-2325-5db6-2124-75cd65f32c37,1777362333,0.57,3.27,no,"{""count_fp"":""3.27"",""created_time"":""2026-04-28T07:45:33.498897Z"",""no_price_dollars"":""0.4300"",""taker_side"":""no"",""ticker"":""KXETH15M-26APR280400-00"",""trade_id"":""739a87f8-2325-5db6-2124-75cd65f32c37"",""yes_price_dollars"":""0.5700""}"
KXETH15M-26APR280400-00,c885f2eb-3cbd-5cb2-745e-ee8a422d01cb,1777362340,0.57,4.0,no,"{""count_fp"":""4.00"",""created_time"":""2026-04-28T07:45:40.094422Z"",""no_price_dollars"":""0.4300"",""taker_side"":""no"",""ticker"":""KXETH15M-26APR280400-00"",""trade_id"":""c885f2eb-3cbd-5cb2-745e-ee8a422d01cb"",""yes_price_dollars"":""0.5700""}"
KXETH15M-26APR280400-00,c37e297b-2044-5e1f-e379-ce9171c7e85b,1777362342,0.63,3.71,yes,"{""count_fp"":""3.71"",""created_time"":""2026-04-28T07:45:42.842976Z"",""no_price_dollars"":""0.3700"",""taker_side"":""yes"",""ticker"":""KXETH15M-26APR280400-00"",""trade_id"":""c37e297b-2044-5e1f-e379-ce9171c7e85b"",""yes_price_dollars"":""0.6300""}"
KXETH15M-26APR280400-00,4f93e4df-e76d-5ed7-ce28-97c2f724d089,1777362342,0.58,1.0,yes,"{""count_fp"":""1.00"",""created_time"":""2026-04-28T07:45:42.842976Z"",""no_price_dollars"":""0.4200"",""taker_side"":""yes"",""ticker"":""KXETH15M-26APR280400-00"",""trade_id"":""4f93e4df-e76d-5ed7-ce28-97c2f724d089"",""yes_price_dollars"":""0.5800""}"
KXETH15M-26APR280400-00,d351d14f-0f61-4420-92ef-b61199aa49ab,1777362345,0.58,1.0,no,"{""count_fp"":""1.00"",""created_time"":""2026-04-28T07:45:45.660311Z"",""no_price_dollars"":""0.4200"",""taker_side"":""no"",""ticker"":""KXETH15M-26APR280400-00"",""trade_id"":""d351d14f-0f61-4420-92ef-b61199aa49ab"",""yes_price_dollars"":""0.5800""}"
KXETH15M-26APR280400-00,f178ee12-fe49-6d1a-643f-30a00460c873,1777362347,0.61,394.01,yes,"{""count_fp"":""394.01"",""created_time"":""2026-04-28T07:45:47.100995Z"",""no_price_dollars"":""0.3900"",""taker_side"":""yes"",""ticker"":""KXETH15M-26APR280400-00"",""trade_id"":""f178ee12-fe49-6d1a-643f-30a00460c873"",""yes_price_dollars"":""0.6100""}"
KXETH15M-26APR280400-00,e1078c33-e369-63bb-4c0f-fc19603c3ca6,1777362347,0.61,2.0,yes,"{""count_fp"":""2.00"",""created_time"":""2026-04-28T07:45:47.100995Z"",""no_price_dollars"":""0.3900"",""taker_side"":""yes"",""ticker"":""KXETH15M-26APR280400-00"",""trade_id"":""e1078c33-e369-63bb-4c0f-fc19603c3ca6"",""yes_price_dollars"":""0.6100""}"
KXETH15M-26APR280400-00,37abe1ba-3792-6a85-7091-5c5a6f1e1137,1777362347,0.59,1.0,yes,"{""count_fp"":""1.00"",""created_time"":""2026-04-28T07:45:47.100995Z"",""no_price_dollars"":""0.4100"",""taker_side"":""yes"",""ticker"":""KXETH15M-26APR280400-00"",""trade_id"":""37abe1ba-3792-6a85-7091-5c5a6f1e1137"",""yes_price_dollars"":""0.5900""}"
KXETH15M-26APR280400-00,1e71324c-7846-6abe-670d-23d93e4217e0,1777362347,0.6,7.89,yes,"{""count_fp"":""7.89"",""created_time"":""2026-04-28T07:45:47.100995Z"",""no_price_dollars"":""0.4000"",""taker_side"":""yes"",""ticker"":""KXETH15M-26APR280400-00"",""trade_id"":""1e71324c-7846-6abe-670d-23d93e4217e0"",""yes_price_dollars"":""0.6000""}"
KXETH15M-26APR280400-00,e390a212-405f-450d-4c98-b7a6a5a2adfc,1777362349,0.55,10.0,no,"{""count_fp"":""10.00"",""created_time"":""2026-04-28T07:45:49.248241Z"",""no_price_dollars"":""0.4500"",""taker_side"":""no"",""ticker"":""KXETH15M-26APR280400-00"",""trade_id"":""e390a212-405f-450d-4c98-b7a6a5a2adfc"",""yes_price_dollars"":""0.5500""}"
KXETH15M-26APR280400-00,2ef98fa7-1db8-47c8-4392-ada3db1dff82,1777362349,0.55,106.0,no,"{""count_fp"":""106.00"",""created_time"":""2026-04-28T07:45:49.248241Z"",""no_price_dollars"":""0.4500"",""taker_side"":""no"",""ticker"":""KXETH15M-26APR280400-00"",""trade_id"":""2ef98fa7-1db8-47c8-4392-ada3db1dff82"",""yes_price_dollars"":""0.5500""}"
KXETH15M-26APR280400-00,1af0f266-a7eb-457b-5f1a-d8dbaa6be5c4,1777362349,0.57,1.0,no,"{""count_fp"":""1.00"",""created_time"":""2026-04-28T07:45:49.248241Z"",""no_price_dollars"":""0.4300"",""taker_side"":""no"",""ticker"":""KXETH15M-26APR280400-00"",""trade_id"":""1af0f266-a7eb-457b-5f1a-d8dbaa6be5c4"",""yes_price_dollars"":""0.5700""}"
KXETH15M-26APR280400-00,f62e16f6-b470-7af5-6b7a-4661bff0f24b,1777362354,0.49,9.0,no,"{""count_fp"":""9.00"",""created_time"":""2026-04-28T07:45:54.043894Z"",""no_price_dollars"":""0.5100"",""taker_side"":""no"",""ticker"":""KXETH15M-26APR280400-00"",""trade_id"":""f62e16f6-b470-7af5-6b7a-4661bff0f24b"",""yes_price_dollars"":""0.4900""}"
KXETH15M-26APR280400-00,a14bc4cd-32d0-76c1-4720-e1a383ba750b,1777362354,0.49,1.0,no,"{""count_fp"":""1.00"",""created_time"":""2026-04-28T07:45:54.026546Z"",""no_price_dollars"":""0.5100"",""taker_side"":""no"",""ticker"":""KXETH15M-26APR280400-00"",""trade_id"":""a14bc4cd-32d0-76c1-4720-e1a383ba750b"",""yes_price_dollars"":""0.4900""}"
KXETH15M-26APR280400-00,a25b8551-b6b5-4c3e-6f15-4e349d9a8717,1777362356,0.49,18.6,yes,"{""count_fp"":""18.60"",""created_time"":""2026-04-28T07:45:56.065525Z"",""no_price_dollars"":""0.5100"",""taker_side"":""yes"",""ticker"":""KXETH15M-26APR280400-00"",""trade_id"":""a25b8551-b6b5-4c3e-6f15-4e349d9a8717"",""yes_price_dollars"":""0.4900""}"
KXETH15M-26APR280400-00,b8aac54d-6f60-61d9-625c-2334ed33918a,1777362358,0.44,80.0,no,"{""count_fp"":""80.00"",""created_time"":""2026-04-28T07:45:58.229657Z"",""no_price_dollars"":""0.5600"",""taker_side"":""no"",""ticker"":""KXETH15M-26APR280400-00"",""trade_id"":""b8aac54d-6f60-61d9-625c-2334ed33918a"",""yes_price_dollars"":""0.4400""}"
KXETH15M-26APR280400-00,123bc8fd-d920-6713-57c4-d9aa95b2af84,1777362358,0.45,10.0,no,"{""count_fp"":""10.00"",""created_time"":""2026-04-28T07:45:58.229657Z"",""no_price_dollars"":""0.5500"",""taker_side"":""no"",""ticker"":""KXETH15M-26APR280400-00"",""trade_id"":""123bc8fd-d920-6713-57c4-d9aa95b2af84"",""yes_price_dollars"":""0.4500""}"
KXETH15M-26APR280400-00,9b0539c5-79b3-7e9f-eb7b-aead846652e7,1777362360,0.41,1.0,no,"{""count_fp"":""1.00"",""created_time"":""2026-04-28T07:46:00.761477Z"",""no_price_dollars"":""0.5900"",""taker_side"":""no"",""ticker"":""KXETH15M-26APR280400-00"",""trade_id"":""9b0539c5-79b3-7e9f-eb7b-aead846652e7"",""yes_price_dollars"":""0.4100""}"
KXETH15M-26APR280400-00,3be72f1f-c2e5-683e-0947-95061903c2cb,1777362360,0.44,10.93,yes,"{""count_fp"":""10.93"",""created_time"":""2026-04-28T07:46:00.369847Z"",""no_price_dollars"":""0.5600"",""taker_side"":""yes"",""ticker"":""KXETH15M-26APR280400-00"",""trade_id"":""3be72f1f-c2e5-683e-0947-95061903c2cb"",""yes_price_dollars"":""0.4400""}"
KXETH15M-26APR280400-00,ed15a0d5-b2a5-4216-b577-f0dea23e83dc,1777362361,0.41,10.0,no,"{""count_fp"":""10.00"",""created_time"":""2026-04-28T07:46:01.263808Z"",""no_price_dollars"":""0.5900"",""taker_side"":""no"",""ticker"":""KXETH15M-26APR280400-00"",""trade_id"":""ed15a0d5-b2a5-4216-b577-f0dea23e83dc"",""yes_price_dollars"":""0.4100""}"
KXETH15M-26APR280400-00,27cc94c5-843d-7688-33c3-6a48dd67769f,1777362363,0.4,5.0,no,"{""count_fp"":""5.00"",""created_time"":""2026-04-28T07:46:03.715569Z"",""no_price_dollars"":""0.6000"",""taker_side"":""no"",""ticker"":""KXETH15M-26APR280400-00"",""trade_id"":""27cc94c5-843d-7688-33c3-6a48dd67769f"",""yes_price_dollars"":""0.4000""}"
KXETH15M-26APR280400-00,fc5127db-b669-5677-f9d4-0ea0da1bafbd,1777362365,0.4,1.0,no,"{""count_fp"":""1.00"",""created_time"":""2026-04-28T07:46:05.893077Z"",""no_price_dollars"":""0.6000"",""taker_side"":""no"",""ticker"":""KXETH15M-26APR280400-00"",""trade_id"":""fc5127db-b669-5677-f9d4-0ea0da1bafbd"",""yes_price_dollars"":""0.4000""}"
KXETH15M-26APR280400-00,e73412cf-9731-40b6-32f1-467a6bb613f7,1777362368,0.4,6.0,yes,"{""count_fp"":""6.00"",""created_time"":""2026-04-28T07:46:08.094434Z"",""no_price_dollars"":""0.6000"",""taker_side"":""yes"",""ticker"":""KXETH15M-26APR280400-00"",""trade_id"":""e73412cf-9731-40b6-32f1-467a6bb613f7"",""yes_price_dollars"":""0.4000""}"
KXETH15M-26APR280400-00,f516811a-b9e9-758a-9e26-e15eb88c025f,1777362369,0.4,6.0,yes,"{""count_fp"":""6.00"",""created_time"":""2026-04-28T07:46:09.093538Z"",""no_price_dollars"":""0.6000"",""taker_side"":""yes"",""ticker"":""KXETH15M-26APR280400-00"",""trade_id"":""f516811a-b9e9-758a-9e26-e15eb88c025f"",""yes_price_dollars"":""0.4000""}"
KXETH15M-26APR280400-00,fde44f26-5b0f-7e19-eb64-e06d04e50343,1777362373,0.44,1.0,yes,"{""count_fp"":""1.00"",""created_time"":""2026-04-28T07:46:13.190527Z"",""no_price_dollars"":""0.5600"",""taker_side"":""yes"",""ticker"":""KXETH15M-26APR280400-00"",""trade_id"":""fde44f26-5b0f-7e19-eb64-e06d04e50343"",""yes_price_dollars"":""0.4400""}"
KXETH15M-26APR280400-00,90b082db-00d0-6c5a-abae-a9e28527da79,1777362373,0.44,29.0,yes,"{""count_fp"":""29.00"",""created_time"":""2026-04-28T07:46:13.183028Z"",""no_price_dollars"":""0.5600"",""taker_side"":""yes"",""ticker"":""KXETH15M-26APR280400-00"",""trade_id"":""90b082db-00d0-6c5a-abae-a9e28527da79"",""yes_price_dollars"":""0.4400""}"
KXETH15M-26APR280400-00,682fcf2e-5d02-4e8e-8864-8348cdd6f35a,1777362375,0.48,1.0,no,"{""count_fp"":""1.00"",""created_time"":""2026-04-28T07:46:15.062202Z"",""no_price_dollars"":""0.5200"",""taker_side"":""no"",""ticker"":""KXETH15M-26APR280400-00"",""trade_id"":""682fcf2e-5d02-4e8e-8864-8348cdd6f35a"",""yes_price_dollars"":""0.4800""}"
KXETH15M-26APR280400-00,5a38f4ca-069b-530a-60b4-c596f05b18dd,1777362382,0.48,9.0,no,"{""count_fp"":""9.00"",""created_time"":""2026-04-28T07:46:22.556537Z"",""no_price_dollars"":""0.5200"",""taker_side"":""no"",""ticker"":""KXETH15M-26APR280400-00"",""trade_id"":""5a38f4ca-069b-530a-60b4-c596f05b18dd"",""yes_price_dollars"":""0.4800""}"
KXETH15M-26APR280400-00,c775d18a-2e87-4da6-1655-c9809fd6bc58,1777362383,0.45,1.0,yes,"{""count_fp"":""1.00"",""created_time"":""2026-04-28T07:46:23.680575Z"",""no_price_dollars"":""0.5500"",""taker_side"":""yes"",""ticker"":""KXETH15M-26APR280400-00"",""trade_id"":""c775d18a-2e87-4da6-1655-c9809fd6bc58"",""yes_price_dollars"":""0.4500""}"
KXETH15M-26APR280400-00,b771d33f-b063-4bb6-bdce-011f0f90fdd6,1777362384,0.43,3.0,no,"{""count_fp"":""3.00"",""created_time"":""2026-04-28T07:46:24.359086Z"",""no_price_dollars"":""0.5700"",""taker_side"":""no"",""ticker"":""KXETH15M-26APR280400-00"",""trade_id"":""b771d33f-b063-4bb6-bdce-011f0f90fdd6"",""yes_price_dollars"":""0.4300""}"
KXETH15M-26APR280400-00,bbea4abc-7e5d-4282-abc0-536c82a2ac63,1777362390,0.47,8.51,no,"{""count_fp"":""8.51"",""created_time"":""2026-04-28T07:46:30.726911Z"",""no_price_dollars"":""0.5300"",""taker_side"":""no"",""ticker"":""KXETH15M-26APR280400-00"",""trade_id"":""bbea4abc-7e5d-4282-abc0-536c82a2ac63"",""yes_price_dollars"":""0.4700""}"
KXETH15M-26APR280400-00,1f74f964-ac39-6a8d-b0d9-cf164906c6b1,1777362395,0.48,1.0,no,"{""count_fp"":""1.00"",""created_time"":""2026-04-28T07:46:35.892577Z"",""no_price_dollars"":""0.5200"",""taker_side"":""no"",""ticker"":""KXETH15M-26APR280400-00"",""trade_id"":""1f74f964-ac39-6a8d-b0d9-cf164906c6b1"",""yes_price_dollars"":""0.4800""}"
KXETH15M-26APR280400-00,36c90a08-ae79-7376-1f82-499c4ed39cdb,1777362399,0.49,1.0,yes,"{""count_fp"":""1.00"",""created_time"":""2026-04-28T07:46:39.471996Z"",""no_price_dollars"":""0.5100"",""taker_side"":""yes"",""ticker"":""KXETH15M-26APR280400-00"",""trade_id"":""36c90a08-ae79-7376-1f82-499c4ed39cdb"",""yes_price_dollars"":""0.4900""}"
KXETH15M-26APR280400-00,0b9faf34-bd23-70e3-581d-9dfae1ba1caa,1777362405,0.48,1.0,no,"{""count_fp"":""1.00"",""created_time"":""2026-04-28T07:46:45.562616Z"",""no_price_dollars"":""0.5200"",""taker_side"":""no"",""ticker"":""KXETH15M-26APR280400-00"",""trade_id"":""0b9faf34-bd23-70e3-581d-9dfae1ba1caa"",""yes_price_dollars"":""0.4800""}"
KXETH15M-26APR280400-00,c126907f-3ed5-6609-416b-5e7da9b23644,1777362406,0.47,8.82,yes,"{""count_fp"":""8.82"",""created_time"":""2026-04-28T07:46:46.780438Z"",""no_price_dollars"":""0.5300"",""taker_side"":""yes"",""ticker"":""KXETH15M-26APR280400-00"",""trade_id"":""c126907f-3ed5-6609-416b-5e7da9b23644"",""yes_price_dollars"":""0.4700""}"
KXETH15M-26APR280400-00,2668abaf-8ede-606f-4d4d-c591a3b3b323,1777362406,0.47,1.0,yes,"{""count_fp"":""1.00"",""created_time"":""2026-04-28T07:46:46.780438Z"",""no_price_dollars"":""0.5300"",""taker_side"":""yes"",""ticker"":""KXETH15M-26APR280400-00"",""trade_id"":""2668abaf-8ede-606f-4d4d-c591a3b3b323"",""yes_price_dollars"":""0.4700""}"
KXETH15M-26APR280400-00,8d3212ab-3e08-72e8-3d44-5a7ddbe32e6b,1777362411,0.45,1.0,no,"{""count_fp"":""1.00"",""created_time"":""2026-04-28T07:46:51.197542Z"",""no_price_dollars"":""0.5500"",""taker_side"":""no"",""ticker"":""KXETH15M-26APR280400-00"",""trade_id"":""8d3212ab-3e08-72e8-3d44-5a7ddbe32e6b"",""yes_price_dollars"":""0.4500""}"
KXETH15M-26APR280400-00,dc849c2a-5115-75b3-4dc3-c852a5074086,1777362415,0.47,10.0,no,"{""count_fp"":""10.00"",""created_time"":""2026-04-28T07:46:55.140401Z"",""no_price_dollars"":""0.5300"",""taker_side"":""no"",""ticker"":""KXETH15M-26APR280400-00"",""trade_id"":""dc849c2a-5115-75b3-4dc3-c852a5074086"",""yes_price_dollars"":""0.4700""}"
KXETH15M-26APR280400-00,6d937e81-4581-7e62-6c67-b52c22b6542f,1777362415,0.46,43.01,no,"{""count_fp"":""43.01"",""created_time"":""2026-04-28T07:46:55.140401Z"",""no_price_dollars"":""0.5400"",""taker_side"":""no"",""ticker"":""KXETH15M-26APR280400-00"",""trade_id"":""6d937e81-4581-7e62-6c67-b52c22b6542f"",""yes_price_dollars"":""0.4600""}"
KXETH15M-26APR280400-00,5331dbbf-cad4-7281-46c9-2361aa6db38f,1777362415,0.47,9.78,no,"{""count_fp"":""9.78"",""created_time"":""2026-04-28T07:46:55.140401Z"",""no_price_dollars"":""0.5300"",""taker_side"":""no"",""ticker"":""KXETH15M-26APR280400-00"",""trade_id"":""5331dbbf-cad4-7281-46c9-2361aa6db38f"",""yes_price_dollars"":""0.4700""}"
KXETH15M-26APR280400-00,97afc7e9-8098-73b7-4065-efcd27e09057,1777362421,0.48,3.67,yes,"{""count_fp"":""3.67"",""created_time"":""2026-04-28T07:47:01.527288Z"",""no_price_dollars"":""0.5200"",""taker_side"":""yes"",""ticker"":""KXETH15M-26APR280400-00"",""trade_id"":""97afc7e9-8098-73b7-4065-efcd27e09057"",""yes_price_dollars"":""0.4800""}"
KXETH15M-26APR280400-00,ce7fa258-4cbf-6cec-6e53-f663344dd76b,1777362422,0.46,10.0,no,"{""count_fp"":""10.00"",""created_time"":""2026-04-28T07:47:02.162274Z"",""no_price_dollars"":""0.5400"",""taker_side"":""no"",""ticker"":""KXETH15M-26APR280400-00"",""trade_id"":""ce7fa258-4cbf-6cec-6e53-f663344dd76b"",""yes_price_dollars"":""0.4600""}"
KXETH15M-26APR280400-00,00f8474b-d2ab-6e14-5662-58a36759c7ca,1777362422,0.46,10.0,no,"{""count_fp"":""10.00"",""created_time"":""2026-04-28T07:47:02.162274Z"",""no_price_dollars"":""0.5400"",""taker_side"":""no"",""ticker"":""KXETH15M-26APR280400-00"",""trade_id"":""00f8474b-d2ab-6e14-5662-58a36759c7ca"",""yes_price_dollars"":""0.4600""}"
KXETH15M-26APR280400-00,f541402e-f6d4-6d08-6e88-a49c8c611353,1777362424,0.45,3.0,no,"{""count_fp"":""3.00"",""created_time"":""2026-04-28T07:47:04.430107Z"",""no_price_dollars"":""0.5500"",""taker_side"":""no"",""ticker"":""KXETH15M-26APR280400-00"",""trade_id"":""f541402e-f6d4-6d08-6e88-a49c8c611353"",""yes_price_dollars"":""0.4500""}"
KXETH15M-26APR280400-00,80ed2b05-b1b0-4b9b-679a-06419f0774c7,1777362425,0.42,4.1,yes,"{""count_fp"":""4.10"",""created_time"":""2026-04-28T07:47:05.424555Z"",""no_price_dollars"":""0.5800"",""taker_side"":""yes"",""ticker"":""KXETH15M-26APR280400-00"",""trade_id"":""80ed2b05-b1b0-4b9b-679a-06419f0774c7"",""yes_price_dollars"":""0.4200""}"
KXETH15M-26APR280400-00,4d174934-7c5e-407d-261a-9065d2bbd0e7,1777362429,0.46,10.0,no,"{""count_fp"":""10.00"",""created_time"":""2026-04-28T07:47:09.260009Z"",""no_price_dollars"":""0.5400"",""taker_side"":""no"",""ticker"":""KXETH15M-26APR280400-00"",""trade_id"":""4d174934-7c5e-407d-261a-9065d2bbd0e7"",""yes_price_dollars"":""0.4600""}"
KXETH15M-26APR280400-00,40832a56-4e2c-4e8f-09af-e1e7f7a46e9d,1777362429,0.45,1.0,no,"{""count_fp"":""1.00"",""created_time"":""2026-04-28T07:47:09.260009Z"",""no_price_dollars"":""0.5500"",""taker_side"":""no"",""ticker"":""KXETH15M-26APR280400-00"",""trade_id"":""40832a56-4e2c-4e8f-09af-e1e7f7a46e9d"",""yes_price_dollars"":""0.4500""}"
KXETH15M-26APR280400-00,3cdbb138-ff8b-48ec-1c07-5fdbf836c71a,1777362429,0.45,5.0,no,"{""count_fp"":""5.00"",""created_time"":""2026-04-28T07:47:09.260009Z"",""no_price_dollars"":""0.5500"",""taker_side"":""no"",""ticker"":""KXETH15M-26APR280400-00"",""trade_id"":""3cdbb138-ff8b-48ec-1c07-5fdbf836c71a"",""yes_price_dollars"":""0.4500""}"
KXETH15M-26APR280400-00,b1f38d9e-6fd7-4d0e-e2ea-7773101f743b,1777362432,0.49,1.0,yes,"{""count_fp"":""1.00"",""created_time"":""2026-04-28T07:47:12.729676Z"",""no_price_dollars"":""0.5100"",""taker_side"":""yes"",""ticker"":""KXETH15M-26APR280400-00"",""trade_id"":""b1f38d9e-6fd7-4d0e-e2ea-7773101f743b"",""yes_price_dollars"":""0.4900""}"
KXETH15M-26APR280400-00,3be46878-e8fe-4e86-dc8a-01deb04f0229,1777362432,0.5,2.0,yes,"{""count_fp"":""2.00"",""created_time"":""2026-04-28T07:47:12.729676Z"",""no_price_dollars"":""0.5000"",""taker_side"":""yes"",""ticker"":""KXETH15M-26APR280400-00"",""trade_id"":""3be46878-e8fe-4e86-dc8a-01deb04f0229"",""yes_price_dollars"":""0.5000""}"
KXETH15M-26APR280400-00,22ea27dc-fb4d-4cd0-e876-748554aa05d8,1777362432,0.48,1.0,yes,"{""count_fp"":""1.00"",""created_time"":""2026-04-28T07:47:12.729676Z"",""no_price_dollars"":""0.5200"",""taker_side"":""yes"",""ticker"":""KXETH15M-26APR280400-00"",""trade_id"":""22ea27dc-fb4d-4cd0-e876-748554aa05d8"",""yes_price_dollars"":""0.4800""}"
KXETH15M-26APR280400-00,25950a77-ae7f-63aa-c633-8eb8f76ea725,1777362437,0.46,1.0,no,"{""count_fp"":""1.00"",""created_time"":""2026-04-28T07:47:17.989664Z"",""no_price_dollars"":""0.5400"",""taker_side"":""no"",""ticker"":""KXETH15M-26APR280400-00"",""trade_id"":""25950a77-ae7f-63aa-c633-8eb8f76ea725"",""yes_price_dollars"":""0.4600""}"
KXETH15M-26APR280400-00,2aab1a03-3f19-7572-728c-81b733a23ae1,1777362445,0.49,1.97,yes,"{""count_fp"":""1.97"",""created_time"":""2026-04-28T07:47:25.578078Z"",""no_price_dollars"":""0.5100"",""taker_side"":""yes"",""ticker"":""KXETH15M-26APR280400-00"",""trade_id"":""2aab1a03-3f19-7572-728c-81b733a23ae1"",""yes_price_dollars"":""0.4900""}"
KXETH15M-26APR280400-00,834e42fc-621f-66fe-8405-7f84587f1b11,1777362449,0.46,1.0,no,"{""count_fp"":""1.00"",""created_time"":""2026-04-28T07:47:29.113814Z"",""no_price_dollars"":""0.5400"",""taker_side"":""no"",""ticker"":""KXETH15M-26APR280400-00"",""trade_id"":""834e42fc-621f-66fe-8405-7f84587f1b11"",""yes_price_dollars"":""0.4600""}"
KXETH15M-26APR280400-00,a7f8d589-f127-492d-52e4-cd3299865c31,1777362450,0.46,5.0,no,"{""count_fp"":""5.00"",""created_time"":""2026-04-28T07:47:30.987479Z"",""no_price_dollars"":""0.5400"",""taker_side"":""no"",""ticker"":""KXETH15M-26APR280400-00"",""trade_id"":""a7f8d589-f127-492d-52e4-cd3299865c31"",""yes_price_dollars"":""0.4600""}"
KXETH15M-26APR280400-00,d6b06c64-93a3-780d-bf21-bce5c9e87a6d,1777362451,0.46,5.0,no,"{""count_fp"":""5.00"",""created_time"":""2026-04-28T07:47:31.916539Z"",""no_price_dollars"":""0.5400"",""taker_side"":""no"",""ticker"":""KXETH15M-26APR280400-00"",""trade_id"":""d6b06c64-93a3-780d-bf21-bce5c9e87a6d"",""yes_price_dollars"":""0.4600""}"
KXETH15M-26APR280400-00,d16ce762-fe6e-73c5-8971-d9cbca87c916,1777362451,0.46,3.97,no,"{""count_fp"":""3.97"",""created_time"":""2026-04-28T07:47:31.916539Z"",""no_price_dollars"":""0.5400"",""taker_side"":""no"",""ticker"":""KXETH15M-26APR280400-00"",""trade_id"":""d16ce762-fe6e-73c5-8971-d9cbca87c916"",""yes_price_dollars"":""0.4600""}"
KXETH15M-26APR280400-00,1b5313fd-7053-4f58-9b6b-1db73e4fb787,1777362454,0.52,10.0,yes,"{""count_fp"":""10.00"",""created_time"":""2026-04-28T07:47:34.620858Z"",""no_price_dollars"":""0.4800"",""taker_side"":""yes"",""ticker"":""KXETH15M-26APR280400-00"",""trade_id"":""1b5313fd-7053-4f58-9b6b-1db73e4fb787"",""yes_price_dollars"":""0.5200""}"
KXETH15M-26APR280400-00,da9c888a-305d-773a-8c26-f1a6c5e98759,1777362454,0.51,40.0,yes,"{""count_fp"":""40.00"",""created_time"":""2026-04-28T07:47:34.553207Z"",""no_price_dollars"":""0.4900"",""taker_side"":""yes"",""ticker"":""KXETH15M-26APR280400-00"",""trade_id"":""da9c888a-305d-773a-8c26-f1a6c5e98759"",""yes_price_dollars"":""0.5100""}"
KXETH15M-26APR280400-00,6540ab9d-f01d-7515-bba4-5bf9b3866c84,1777362454,0.5,10.0,yes,"{""count_fp"":""10.00"",""created_time"":""2026-04-28T07:47:34.553207Z"",""no_price_dollars"":""0.5000"",""taker_side"":""yes"",""ticker"":""KXETH15M-26APR280400-00"",""trade_id"":""6540ab9d-f01d-7515-bba4-5bf9b3866c84"",""yes_price_dollars"":""0.5000""}"
KXETH15M-26APR280400-00,dbf9a2eb-19d1-52d2-8feb-0e7be0b2684f,1777362460,0.49,30.0,no,"{""count_fp"":""30.00"",""created_time"":""2026-04-28T07:47:40.377331Z"",""no_price_dollars"":""0.5100"",""taker_side"":""no"",""ticker"":""KXETH15M-26APR280400-00"",""trade_id"":""dbf9a2eb-19d1-52d2-8feb-0e7be0b2684f"",""yes_price_dollars"":""0.4900""}"
KXETH15M-26APR280400-00,a1e1c088-cf88-5ab9-9fc4-02c1d220b613,1777362460,0.49,10.0,no,"{""count_fp"":""10.00"",""created_time"":""2026-04-28T07:47:40.377331Z"",""no_price_dollars"":""0.5100"",""taker_side"":""no"",""ticker"":""KXETH15M-26APR280400-00"",""trade_id"":""a1e1c088-cf88-5ab9-9fc4-02c1d220b613"",""yes_price_dollars"":""0.4900""}"
KXETH15M-26APR280400-00,950da591-5b54-7f56-b9b6-fd74d4f815d7,1777362464,0.49,1.0,no,"{""count_fp"":""1.00"",""created_time"":""2026-04-28T07:47:44.071849Z"",""no_price_dollars"":""0.5100"",""taker_side"":""no"",""ticker"":""KXETH15M-26APR280400-00"",""trade_id"":""950da591-5b54-7f56-b9b6-fd74d4f815d7"",""yes_price_dollars"":""0.4900""}"
KXETH15M-26APR280400-00,f2a39946-d294-7464-d743-800e168abf6e,1777362472,0.52,10.0,yes,"{""count_fp"":""10.00"",""created_time"":""2026-04-28T07:47:52.438186Z"",""no_price_dollars"":""0.4800"",""taker_side"":""yes"",""ticker"":""KXETH15M-26APR280400-00"",""trade_id"":""f2a39946-d294-7464-d743-800e168abf6e"",""yes_price_dollars"":""0.5200""}"
KXETH15M-26APR280400-00,4f216741-0024-7b68-fc05-a58b0b67c3d4,1777362472,0.54,16.39,yes,"{""count_fp"":""16.39"",""created_time"":""2026-04-28T07:47:52.438186Z"",""no_price_dollars"":""0.4600"",""taker_side"":""yes"",""ticker"":""KXETH15M-26APR280400-00"",""trade_id"":""4f216741-0024-7b68-fc05-a58b0b67c3d4"",""yes_price_dollars"":""0.5400""}"
KXETH15M-26APR280400-00,0b4e0737-2d87-7122-da95-425c5ac47bc4,1777362472,0.53,10.0,yes,"{""count_fp"":""10.00"",""created_time"":""2026-04-28T07:47:52.438186Z"",""no_price_dollars"":""0.4700"",""taker_side"":""yes"",""ticker"":""KXETH15M-26APR280400-00"",""trade_id"":""0b4e0737-2d87-7122-da95-425c5ac47bc4"",""yes_price_dollars"":""0.5300""}"
KXETH15M-26APR280400-00,1720e838-6891-5eba-68eb-7d6371408987,1777362473,0.51,1.0,no,"{""count_fp"":""1.00"",""created_time"":""2026-04-28T07:47:53.163212Z"",""no_price_dollars"":""0.4900"",""taker_side"":""no"",""ticker"":""KXETH15M-26APR280400-00"",""trade_id"":""1720e838-6891-5eba-68eb-7d6371408987"",""yes_price_dollars"":""0.5100""}"
KXETH15M-26APR280400-00,9a9dddd3-500b-749c-abff-2e26222a5b32,1777362480,0.48,20.0,no,"{""count_fp"":""20.00"",""created_time"":""2026-04-28T07:48:00.060196Z"",""no_price_dollars"":""0.5200"",""taker_side"":""no"",""ticker"":""KXETH15M-26APR280400-00"",""trade_id"":""9a9dddd3-500b-749c-abff-2e26222a5b32"",""yes_price_dollars"":""0.4800""}"
KXETH15M-26APR280400-00,d1a4866d-2923-6fb4-8e80-68b8fe8c90a4,1777362480,0.49,10.0,no,"{""count_fp"":""10.00"",""created_time"":""2026-04-28T07:48:00.058491Z"",""no_price_dollars"":""0.5100"",""taker_side"":""no"",""ticker"":""KXETH15M-26APR280400-00"",""trade_id"":""d1a4866d-2923-6fb4-8e80-68b8fe8c90a4"",""yes_price_dollars"":""0.4900""}"
KXETH15M-26APR280400-00,6bdce92d-4ee1-6b34-a381-bbde2aae583d,1777362480,0.49,10.0,no,"{""count_fp"":""10.00"",""created_time"":""2026-04-28T07:48:00.058491Z"",""no_price_dollars"":""0.5100"",""taker_side"":""no"",""ticker"":""KXETH15M-26APR280400-00"",""trade_id"":""6bdce92d-4ee1-6b34-a381-bbde2aae583d"",""yes_price_dollars"":""0.4900""}"
KXETH15M-26APR280400-00,0317892e-9d05-471e-86a1-39622d50667f,1777362495,0.51,10.0,yes,"{""count_fp"":""10.00"",""created_time"":""2026-04-28T07:48:15.378681Z"",""no_price_dollars"":""0.4900"",""taker_side"":""yes"",""ticker"":""KXETH15M-26APR280400-00"",""trade_id"":""0317892e-9d05-471e-86a1-39622d50667f"",""yes_price_dollars"":""0.5100""}"
KXETH15M-26APR280400-00,3e8beec5-c2fd-51ea-61fd-cdf329686455,1777362495,0.48,10.0,yes,"{""count_fp"":""10.00"",""created_time"":""2026-04-28T07:48:15.344659Z"",""no_price_dollars"":""0.5200"",""taker_side"":""yes"",""ticker"":""KXETH15M-26APR280400-00"",""trade_id"":""3e8beec5-c2fd-51ea-61fd-cdf329686455"",""yes_price_dollars"":""0.4800""}"
KXETH15M-26APR280400-00,8b907b73-c53d-77ae-e4fc-b8b7af0559b3,1777362496,0.5,1.0,no,"{""count_fp"":""1.00"",""created_time"":""2026-04-28T07:48:16.026997Z"",""no_price_dollars"":""0.5000"",""taker_side"":""no"",""ticker"":""KXETH15M-26APR280400-00"",""trade_id"":""8b907b73-c53d-77ae-e4fc-b8b7af0559b3"",""yes_price_dollars"":""0.5000""}"
KXETH15M-26APR280400-00,08287812-621d-5308-6916-f37180d67fed,1777362499,0.45,1.0,no,"{""count_fp"":""1.00"",""created_time"":""2026-04-28T07:48:19.925698Z"",""no_price_dollars"":""0.5500"",""taker_side"":""no"",""ticker"":""KXETH15M-26APR280400-00"",""trade_id"":""08287812-621d-5308-6916-f37180d67fed"",""yes_price_dollars"":""0.4500""}"
KXETH15M-26APR280400-00,97d4c79b-c698-7e2e-4a01-3f390b37815a,1777362501,0.51,1.0,yes,"{""count_fp"":""1.00"",""created_time"":""2026-04-28T07:48:21.947976Z"",""no_price_dollars"":""0.4900"",""taker_side"":""yes"",""ticker"":""KXETH15M-26APR280400-00"",""trade_id"":""97d4c79b-c698-7e2e-4a01-3f390b37815a"",""yes_price_dollars"":""0.5100""}"
KXETH15M-26APR280400-00,f78856a1-5f4e-4c10-3ed2-5b9fdd5027b5,1777362501,0.47,1.0,no,"{""count_fp"":""1.00"",""created_time"":""2026-04-28T07:48:21.068619Z"",""no_price_dollars"":""0.5300"",""taker_side"":""no"",""ticker"":""KXETH15M-26APR280400-00"",""trade_id"":""f78856a1-5f4e-4c10-3ed2-5b9fdd5027b5"",""yes_price_dollars"":""0.4700""}"
KXETH15M-26APR280400-00,febf7922-fd4d-64ce-5a37-7e926dbc870b,1777362507,0.46,1.0,no,"{""count_fp"":""1.00"",""created_time"":""2026-04-28T07:48:27.198434Z"",""no_price_dollars"":""0.5400"",""taker_side"":""no"",""ticker"":""KXETH15M-26APR280400-00"",""trade_id"":""febf7922-fd4d-64ce-5a37-7e926dbc870b"",""yes_price_dollars"":""0.4600""}"
KXETH15M-26APR280400-00,57887b91-d534-6ced-774b-3e08113dfc92,1777362507,0.45,10.0,no,"{""count_fp"":""10.00"",""created_time"":""2026-04-28T07:48:27.198434Z"",""no_price_dollars"":""0.5500"",""taker_side"":""no"",""ticker"":""KXETH15M-26APR280400-00"",""trade_id"":""57887b91-d534-6ced-774b-3e08113dfc92"",""yes_price_dollars"":""0.4500""}"
KXETH15M-26APR280400-00,1961e7a7-eb54-65b7-480d-5b885612b1ec,1777362507,0.46,10.0,no,"{""count_fp"":""10.00"",""created_time"":""2026-04-28T07:48:27.198434Z"",""no_price_dollars"":""0.5400"",""taker_side"":""no"",""ticker"":""KXETH15M-26APR280400-00"",""trade_id"":""1961e7a7-eb54-65b7-480d-5b885612b1ec"",""yes_price_dollars"":""0.4600""}"
KXETH15M-26APR280400-00,612500c3-448a-5f39-c1be-3d6dbf8efcae,1777362511,0.46,10.0,yes,"{""count_fp"":""10.00"",""created_time"":""2026-04-28T07:48:31.983989Z"",""no_price_dollars"":""0.5400"",""taker_side"":""yes"",""ticker"":""KXETH15M-26APR280400-00"",""trade_id"":""612500c3-448a-5f39-c1be-3d6dbf8efcae"",""yes_price_dollars"":""0.4600""}"
KXETH15M-26APR280400-00,d47dec25-3ac9-56c6-3daf-b52168a1b4a0,1777362513,0.46,1.0,no,"{""count_fp"":""1.00"",""created_time"":""2026-04-28T07:48:33.934489Z"",""no_price_dollars"":""0.5400"",""taker_side"":""no"",""ticker"":""KXETH15M-26APR280400-00"",""trade_id"":""d47dec25-3ac9-56c6-3daf-b52168a1b4a0"",""yes_price_dollars"":""0.4600""}"
KXETH15M-26APR280400-00,4a9497f4-54af-58fc-33be-43473fef8f9a,1777362513,0.46,0.65,no,"{""count_fp"":""0.65"",""created_time"":""2026-04-28T07:48:33.934489Z"",""no_price_dollars"":""0.5400"",""taker_side"":""no"",""ticker"":""KXETH15M-26APR280400-00"",""trade_id"":""4a9497f4-54af-58fc-33be-43473fef8f9a"",""yes_price_dollars"":""0.4600""}"
KXETH15M-26APR280400-00,12447af3-a655-575a-8cf9-d38d3c8f5bfc,1777362514,0.51,10.0,yes,"{""count_fp"":""10.00"",""created_time"":""2026-04-28T07:48:34.580088Z"",""no_price_dollars"":""0.4900"",""taker_side"":""yes"",""ticker"":""KXETH15M-26APR280400-00"",""trade_id"":""12447af3-a655-575a-8cf9-d38d3c8f5bfc"",""yes_price_dollars"":""0.5100""}"
KXETH15M-26APR280400-00,98689d29-3c12-77ba-388b-a582f35b6bc1,1777362514,0.51,10.0,yes,"{""count_fp"":""10.00"",""created_time"":""2026-04-28T07:48:34.521127Z"",""no_price_dollars"":""0.4900"",""taker_side"":""yes"",""ticker"":""KXETH15M-26APR280400-00"",""trade_id"":""98689d29-3c12-77ba-388b-a582f35b6bc1"",""yes_price_dollars"":""0.5100""}"
KXETH15M-26APR280400-00,31fea521-1395-607e-781e-e8f0e26d0c1e,1777362516,0.51,1.0,no,"{""count_fp"":""1.00"",""created_time"":""2026-04-28T07:48:36.019716Z"",""no_price_dollars"":""0.4900"",""taker_side"":""no"",""ticker"":""KXETH15M-26APR280400-00"",""trade_id"":""31fea521-1395-607e-781e-e8f0e26d0c1e"",""yes_price_dollars"":""0.5100""}"
KXETH15M-26APR280400-00,8a7427b0-9ce7-7c2c-e5b6-9839a3d584d6,1777362520,0.49,100.0,no,"{""count_fp"":""100.00"",""created_time"":""2026-04-28T07:48:40.110484Z"",""no_price_dollars"":""0.5100"",""taker_side"":""no"",""ticker"":""KXETH15M-26APR280400-00"",""trade_id"":""8a7427b0-9ce7-7c2c-e5b6-9839a3d584d6"",""yes_price_dollars"":""0.4900""}"
KXETH15M-26APR280400-00,758228d4-5e7a-727e-ebd0-83e6c1e3797d,1777362520,0.49,10.0,no,"{""count_fp"":""10.00"",""created_time"":""2026-04-28T07:48:40.110484Z"",""no_price_dollars"":""0.5100"",""taker_side"":""no"",""ticker"":""KXETH15M-26APR280400-00"",""trade_id"":""758228d4-5e7a-727e-ebd0-83e6c1e3797d"",""yes_price_dollars"":""0.4900""}"
KXETH15M-26APR280400-00,7e811cf5-12c7-4306-667b-86caf4eaf27e,1777362523,0.55,50.0,yes,"{""count_fp"":""50.00"",""created_time"":""2026-04-28T07:48:43.948615Z"",""no_price_dollars"":""0.4500"",""taker_side"":""yes"",""ticker"":""KXETH15M-26APR280400-00"",""trade_id"":""7e811cf5-12c7-4306-667b-86caf4eaf27e"",""yes_price_dollars"":""0.5500""}"
KXETH15M-26APR280400-00,7416756a-0ea2-649e-b0ee-7049f4798310,1777362523,0.54,40.0,yes,"{""count_fp"":""40.00"",""created_time"":""2026-04-28T07:48:43.908119Z"",""no_price_dollars"":""0.4600"",""taker_side"":""yes"",""ticker"":""KXETH15M-26APR280400-00"",""trade_id"":""7416756a-0ea2-649e-b0ee-7049f4798310"",""yes_price_dollars"":""0.5400""}"
KXETH15M-26APR280400-00,0479b329-769e-69ec-92ff-972a96fa8d9d,1777362523,0.54,10.0,yes,"{""count_fp"":""10.00"",""created_time"":""2026-04-28T07:48:43.908119Z"",""no_price_dollars"":""0.4600"",""taker_side"":""yes"",""ticker"":""KXETH15M-26APR280400-00"",""trade_id"":""0479b329-769e-69ec-92ff-972a96fa8d9d"",""yes_price_dollars"":""0.5400""}"
KXETH15M-26APR280400-00,f86faa48-570d-6f72-c17a-ae6d7549f4a0,1777362523,0.53,10.0,yes,"{""count_fp"":""10.00"",""created_time"":""2026-04-28T07:48:43.875039Z"",""no_price_dollars"":""0.4700"",""taker_side"":""yes"",""ticker"":""KXETH15M-26APR280400-00"",""trade_id"":""f86faa48-570d-6f72-c17a-ae6d7549f4a0"",""yes_price_dollars"":""0.5300""}"
KXETH15M-26APR280400-00,ccd862f5-4465-6e36-3c89-a0a4d068fc9e,1777362524,0.55,1.0,no,"{""count_fp"":""1.00"",""created_time"":""2026-04-28T07:48:44.430227Z"",""no_price_dollars"":""0.4500"",""taker_side"":""no"",""ticker"":""KXETH15M-26APR280400-00"",""trade_id"":""ccd862f5-4465-6e36-3c89-a0a4d068fc9e"",""yes_price_dollars"":""0.5500""}"
KXETH15M-26APR280400-00,1a82a8a3-48d9-43ba-4479-11a828d0e012,1777362525,0.54,4.1,no,"{""count_fp"":""4.10"",""created_time"":""2026-04-28T07:48:45.137842Z"",""no_price_dollars"":""0.4600"",""taker_side"":""no"",""ticker"":""KXETH15M-26APR280400-00"",""trade_id"":""1a82a8a3-48d9-43ba-4479-11a828d0e012"",""yes_price_dollars"":""0.5400""}"
KXETH15M-26APR280400-00,3363e69c-157b-4218-c14e-df1544bb21c3,1777362527,0.53,10.0,no,"{""count_fp"":""10.00"",""created_time"":""2026-04-28T07:48:47.585871Z"",""no_price_dollars"":""0.4700"",""taker_side"":""no"",""ticker"":""KXETH15M-26APR280400-00"",""trade_id"":""3363e69c-157b-4218-c14e-df1544bb21c3"",""yes_price_dollars"":""0.5300""}"
KXETH15M-26APR280400-00,761c785b-9659-4a3c-9204-4a1eabcf3405,1777362538,0.54,10.0,yes,"{""count_fp"":""10.00"",""created_time"":""2026-04-28T07:48:58.211191Z"",""no_price_dollars"":""0.4600"",""taker_side"":""yes"",""ticker"":""KXETH15M-26APR280400-00"",""trade_id"":""761c785b-9659-4a3c-9204-4a1eabcf3405"",""yes_price_dollars"":""0.5400""}"
KXETH15M-26APR280400-00,e73b5b09-54ff-535a-815d-afd0e922b204,1777362538,0.52,1.0,yes,"{""count_fp"":""1.00"",""created_time"":""2026-04-28T07:48:58.195012Z"",""no_price_dollars"":""0.4800"",""taker_side"":""yes"",""ticker"":""KXETH15M-26APR280400-00"",""trade_id"":""e73b5b09-54ff-535a-815d-afd0e922b204"",""yes_price_dollars"":""0.5200""}"
KXETH15M-26APR280400-00,11dc6550-edd6-5959-905b-3bfef792ca02,1777362538,0.52,10.0,yes,"{""count_fp"":""10.00"",""created_time"":""2026-04-28T07:48:58.195012Z"",""no_price_dollars"":""0.4800"",""taker_side"":""yes"",""ticker"":""KXETH15M-26APR280400-00"",""trade_id"":""11dc6550-edd6-5959-905b-3bfef792ca02"",""yes_price_dollars"":""0.5200""}"
KXETH15M-26APR280400-00,afddbb0d-605d-6cd2-d300-589e1737ccd6,1777362539,0.55,1.0,no,"{""count_fp"":""1.00"",""created_time"":""2026-04-28T07:48:59.179276Z"",""no_price_dollars"":""0.4500"",""taker_side"":""no"",""ticker"":""KXETH15M-26APR280400-00"",""trade_id"":""afddbb0d-605d-6cd2-d300-589e1737ccd6"",""yes_price_dollars"":""0.5500""}"
KXETH15M-26APR280400-00,c35945f1-7ad7-5542-26ac-4dd1abbb67a5,1777362540,0.63,50.0,yes,"{""count_fp"":""50.00"",""created_time"":""2026-04-28T07:49:00.350301Z"",""no_price_dollars"":""0.3700"",""taker_side"":""yes"",""ticker"":""KXETH15M-26APR280400-00"",""trade_id"":""c35945f1-7ad7-5542-26ac-4dd1abbb67a5"",""yes_price_dollars"":""0.6300""}"
KXETH15M-26APR280400-00,40df775c-fae4-5c86-1212-53f441143245,1777362540,0.63,100.0,yes,"{""count_fp"":""100.00"",""created_time"":""2026-04-28T07:49:00.350301Z"",""no_price_dollars"":""0.3700"",""taker_side"":""yes"",""ticker"":""KXETH15M-26APR280400-00"",""trade_id"":""40df775c-fae4-5c86-1212-53f441143245"",""yes_price_dollars"":""0.6300""}"
KXETH15M-26APR280400-00,356044b7-15a5-4ad2-5e3e-5c24f3bef802,1777362540,0.59,10.0,no,"{""count_fp"":""10.00"",""created_time"":""2026-04-28T07:49:00.345794Z"",""no_price_dollars"":""0.4100"",""taker_side"":""no"",""ticker"":""KXETH15M-26APR280400-00"",""trade_id"":""356044b7-15a5-4ad2-5e3e-5c24f3bef802"",""yes_price_dollars"":""0.5900""}"
KXETH15M-26APR280400-00,5fc183a1-0160-4891-3991-8938e912ed7c,1777362540,0.62,100.0,yes,"{""count_fp"":""100.00"",""created_time"":""2026-04-28T07:49:00.339768Z"",""no_price_dollars"":""0.3800"",""taker_side"":""yes"",""ticker"":""KXETH15M-26APR280400-00"",""trade_id"":""5fc183a1-0160-4891-3991-8938e912ed7c"",""yes_price_dollars"":""0.6200""}"
KXETH15M-26APR280400-00,39fc138e-771c-61ec-b68c-d3d96056bdd8,1777362540,0.61,43.61,yes,"{""count_fp"":""43.61"",""created_time"":""2026-04-28T07:49:00.328194Z"",""no_price_dollars"":""0.3900"",""taker_side"":""yes"",""ticker"":""KXETH15M-26APR280400-00"",""trade_id"":""39fc138e-771c-61ec-b68c-d3d96056bdd8"",""yes_price_dollars"":""0.6100""}"
KXETH15M-26APR280400-00,fa4b833d-fbc8-488f-d71c-14209bcbbadc,1777362540,0.6,180.0,yes,"{""count_fp"":""180.00"",""created_time"":""2026-04-28T07:49:00.315599Z"",""no_price_dollars"":""0.4000"",""taker_side"":""yes"",""ticker"":""KXETH15M-26APR280400-00"",""trade_id"":""fa4b833d-fbc8-488f-d71c-14209bcbbadc"",""yes_price_dollars"":""0.6000""}"
KXETH15M-26APR280400-00,842f1d5b-c03d-50f2-f9dd-148c3457cc76,1777362540,0.59,10.0,no,"{""count_fp"":""10.00"",""created_time"":""2026-04-28T07:49:00.314303Z"",""no_price_dollars"":""0.4100"",""taker_side"":""no"",""ticker"":""KXETH15M-26APR280400-00"",""trade_id"":""842f1d5b-c03d-50f2-f9dd-148c3457cc76"",""yes_price_dollars"":""0.5900""}"
KXETH15M-26APR280400-00,a29f0b62-d975-4c0e-4196-0d9d2b650222,1777362540,0.57,39.0,yes,"{""count_fp"":""39.00"",""created_time"":""2026-04-28T07:49:00.238747Z"",""no_price_dollars"":""0.4300"",""taker_side"":""yes"",""ticker"":""KXETH15M-26APR280400-00"",""trade_id"":""a29f0b62-d975-4c0e-4196-0d9d2b650222"",""yes_price_dollars"":""0.5700""}"
KXETH15M-26APR280400-00,8761e1f7-5328-4ed1-7126-459300670b44,1777362540,0.56,1.0,yes,"{""count_fp"":""1.00"",""created_time"":""2026-04-28T07:49:00.238747Z"",""no_price_dollars"":""0.4400"",""taker_side"":""yes"",""ticker"":""KXETH15M-26APR280400-00"",""trade_id"":""8761e1f7-5328-4ed1-7126-459300670b44"",""yes_price_dollars"":""0.5600""}"
KXETH15M-26APR280400-00,b9437002-c684-4a29-e87c-5ffcabb6f1f5,1777362541,0.65,1.0,yes,"{""count_fp"":""1.00"",""created_time"":""2026-04-28T07:49:01.581646Z"",""no_price_dollars"":""0.3500"",""taker_side"":""yes"",""ticker"":""KXETH15M-26APR280400-00"",""trade_id"":""b9437002-c684-4a29-e87c-5ffcabb6f1f5"",""yes_price_dollars"":""0.6500""}"
KXETH15M-26APR280400-00,a8a9cbc9-c4b2-5db8-2c18-423f95148b91,1777362544,0.63,10.0,yes,"{""count_fp"":""10.00"",""created_time"":""2026-04-28T07:49:04.338731Z"",""no_price_dollars"":""0.3700"",""taker_side"":""yes"",""ticker"":""KXETH15M-26APR280400-00"",""trade_id"":""a8a9cbc9-c4b2-5db8-2c18-423f95148b91"",""yes_price_dollars"":""0.6300""}"
KXETH15M-26APR280400-00,100d2d27-1a8c-50cd-2901-827766860df1,1777362544,0.64,100.0,yes,"{""count_fp"":""100.00"",""created_time"":""2026-04-28T07:49:04.338731Z"",""no_price_dollars"":""0.3600"",""taker_side"":""yes"",""ticker"":""KXETH15M-26APR280400-00"",""trade_id"":""100d2d27-1a8c-50cd-2901-827766860df1"",""yes_price_dollars"":""0.6400""}"
KXETH15M-26APR280400-00,7bad59d7-e368-47a2-4784-40c62ac9e03c,1777362549,0.63,2.0,yes,"{""count_fp"":""2.00"",""created_time"":""2026-04-28T07:49:09.839106Z"",""no_price_dollars"":""0.3700"",""taker_side"":""yes"",""ticker"":""KXETH15M-26APR280400-00"",""trade_id"":""7bad59d7-e368-47a2-4784-40c62ac9e03c"",""yes_price_dollars"":""0.6300""}"
KXETH15M-26APR280400-00,e6d15027-dc8c-7e8a-d9c6-4fc421fb0dee,1777362551,0.63,3.0,yes,"{""count_fp"":""3.00"",""created_time"":""2026-04-28T07:49:11.684342Z"",""no_price_dollars"":""0.3700"",""taker_side"":""yes"",""ticker"":""KXETH15M-26APR280400-00"",""trade_id"":""e6d15027-dc8c-7e8a-d9c6-4fc421fb0dee"",""yes_price_dollars"":""0.6300""}"
KXETH15M-26APR280400-00,145901f9-7914-4612-c5f9-b03f8c29ef7c,1777362551,0.63,100.0,yes,"{""count_fp"":""100.00"",""created_time"":""2026-04-28T07:49:11.647758Z"",""no_price_dollars"":""0.3700"",""taker_side"":""yes"",""ticker"":""KXETH15M-26APR280400-00"",""trade_id"":""145901f9-7914-4612-c5f9-b03f8c29ef7c"",""yes_price_dollars"":""0.6300""}"
KXETH15M-26APR280400-00,a96fefd8-6045-676d-20f2-ece3031793c3,1777362551,0.62,10.0,yes,"{""count_fp"":""10.00"",""created_time"":""2026-04-28T07:49:11.634967Z"",""no_price_dollars"":""0.3800"",""taker_side"":""yes"",""ticker"":""KXETH15M-26APR280400-00"",""trade_id"":""a96fefd8-6045-676d-20f2-ece3031793c3"",""yes_price_dollars"":""0.6200""}"
KXETH15M-26APR280400-00,ddc416fa-067d-578f-3c5d-6e5de57c023d,1777362553,0.62,9.37,no,"{""count_fp"":""9.37"",""created_time"":""2026-04-28T07:49:13.768936Z"",""no_price_dollars"":""0.3800"",""taker_side"":""no"",""ticker"":""KXETH15M-26APR280400-00"",""trade_id"":""ddc416fa-067d-578f-3c5d-6e5de57c023d"",""yes_price_dollars"":""0.6200""}"
KXETH15M-26APR280400-00,cc02ce62-07e7-58bd-2f6a-7b1b94300d38,1777362553,0.62,10.0,no,"{""count_fp"":""10.00"",""created_time"":""2026-04-28T07:49:13.768936Z"",""no_price_dollars"":""0.3800"",""taker_side"":""no"",""ticker"":""KXETH15M-26APR280400-00"",""trade_id"":""cc02ce62-07e7-58bd-2f6a-7b1b94300d38"",""yes_price_dollars"":""0.6200""}"
KXETH15M-26APR280400-00,b313e825-d1a7-5f5a-34bd-0884d887e58f,1777362553,0.61,180.63,no,"{""count_fp"":""180.63"",""created_time"":""2026-04-28T07:49:13.768936Z"",""no_price_dollars"":""0.3900"",""taker_side"":""no"",""ticker"":""KXETH15M-26APR280400-00"",""trade_id"":""b313e825-d1a7-5f5a-34bd-0884d887e58f"",""yes_price_dollars"":""0.6100""}"
KXETH15M-26APR280400-00,bbfe6b5f-27dd-62b3-cc80-ec1f217e1ccd,1777362553,0.62,1.97,no,"{""count_fp"":""1.97"",""created_time"":""2026-04-28T07:49:13.640202Z"",""no_price_dollars"":""0.3800"",""taker_side"":""no"",""ticker"":""KXETH15M-26APR280400-00"",""trade_id"":""bbfe6b5f-27dd-62b3-cc80-ec1f217e1ccd"",""yes_price_dollars"":""0.6200""}"
KXETH15M-26APR280400-00,7376778f-b17d-52a3-53fb-83742fdb947d,1777362557,0.63,1.0,no,"{""count_fp"":""1.00"",""created_time"":""2026-04-28T07:49:17.683731Z"",""no_price_dollars"":""0.3700"",""taker_side"":""no"",""ticker"":""KXETH15M-26APR280400-00"",""trade_id"":""7376778f-b17d-52a3-53fb-83742fdb947d"",""yes_price_dollars"":""0.6300""}"
KXETH15M-26APR280400-00,2e9c9a93-74cf-55fc-60d3-cf46763f0316,1777362557,0.65,1.0,no,"{""count_fp"":""1.00"",""created_time"":""2026-04-28T07:49:17.683731Z"",""no_price_dollars"":""0.3500"",""taker_side"":""no"",""ticker"":""KXETH15M-26APR280400-00"",""trade_id"":""2e9c9a93-74cf-55fc-60d3-cf46763f0316"",""yes_price_dollars"":""0.6500""}"
KXETH15M-26APR280400-00,e7e3bee0-be63-4b93-cbd2-b4f36f57b681,1777362557,0.66,5.0,yes,"{""count_fp"":""5.00"",""created_time"":""2026-04-28T07:49:17.594781Z"",""no_price_dollars"":""0.3400"",""taker_side"":""yes"",""ticker"":""KXETH15M-26APR280400-00"",""trade_id"":""e7e3bee0-be63-4b93-cbd2-b4f36f57b681"",""yes_price_dollars"":""0.6600""}"
KXETH15M-26APR280400-00,01446a27-d387-69d7-3a7a-8e61b2655965,1777362559,0.64,2.95,yes,"{""count_fp"":""2.95"",""created_time"":""2026-04-28T07:49:19.802335Z"",""no_price_dollars"":""0.3600"",""taker_side"":""yes"",""ticker"":""KXETH15M-26APR280400-00"",""trade_id"":""01446a27-d387-69d7-3a7a-8e61b2655965"",""yes_price_dollars"":""0.6400""}"
KXETH15M-26APR280400-00,973d7f34-298f-440f-53c5-1dde00b01f59,1777362559,0.64,1.0,yes,"{""count_fp"":""1.00"",""created_time"":""2026-04-28T07:49:19.798901Z"",""no_price_dollars"":""0.3600"",""taker_side"":""yes"",""ticker"":""KXETH15M-26APR280400-00"",""trade_id"":""973d7f34-298f-440f-53c5-1dde00b01f59"",""yes_price_dollars"":""0.6400""}"
KXETH15M-26APR280400-00,d61382ee-9bd2-445d-6fa8-4095f0279d2f,1777362560,0.61,1.0,no,"{""count_fp"":""1.00"",""created_time"":""2026-04-28T07:49:20.928964Z"",""no_price_dollars"":""0.3900"",""taker_side"":""no"",""ticker"":""KXETH15M-26APR280400-00"",""trade_id"":""d61382ee-9bd2-445d-6fa8-4095f0279d2f"",""yes_price_dollars"":""0.6100""}"
KXETH15M-26APR280400-00,65d71b86-6287-4e86-6197-8668d6b7dd33,1777362560,0.61,9.0,no,"{""count_fp"":""9.00"",""created_time"":""2026-04-28T07:49:20.928964Z"",""no_price_dollars"":""0.3900"",""taker_side"":""no"",""ticker"":""KXETH15M-26APR280400-00"",""trade_id"":""65d71b86-6287-4e86-6197-8668d6b7dd33"",""yes_price_dollars"":""0.6100""}"
KXETH15M-26APR280400-00,09d443da-529e-5239-d08b-4ec5c016114d,1777362564,0.61,7.97,yes,"{""count_fp"":""7.97"",""created_time"":""2026-04-28T07:49:24.875183Z"",""no_price_dollars"":""0.3900"",""taker_side"":""yes"",""ticker"":""KXETH15M-26APR280400-00"",""trade_id"":""09d443da-529e-5239-d08b-4ec5c016114d"",""yes_price_dollars"":""0.6100""}"
KXETH15M-26APR280400-00,47813160-c492-4e92-40d6-bb8b95bde520,1777362568,0.63,0.35,yes,"{""count_fp"":""0.35"",""created_time"":""2026-04-28T07:49:28.361484Z"",""no_price_dollars"":""0.3700"",""taker_side"":""yes"",""ticker"":""KXETH15M-26APR280400-00"",""trade_id"":""47813160-c492-4e92-40d6-bb8b95bde520"",""yes_price_dollars"":""0.6300""}"
KXETH15M-26APR280400-00,bc800804-6662-79f2-6fa0-b7a2970877a4,1777362568,0.63,9.65,yes,"{""count_fp"":""9.65"",""created_time"":""2026-04-28T07:49:28.360999Z"",""no_price_dollars"":""0.3700"",""taker_side"":""yes"",""ticker"":""KXETH15M-26APR280400-00"",""trade_id"":""bc800804-6662-79f2-6fa0-b7a2970877a4"",""yes_price_dollars"":""0.6300""}"
KXETH15M-26APR280400-00,70a33bc2-a181-72b5-566d-5b079daf7fc7,1777362568,0.63,7.35,yes,"{""count_fp"":""7.35"",""created_time"":""2026-04-28T07:49:28.360999Z"",""no_price_dollars"":""0.3700"",""taker_side"":""yes"",""ticker"":""KXETH15M-26APR280400-00"",""trade_id"":""70a33bc2-a181-72b5-566d-5b079daf7fc7"",""yes_price_dollars"":""0.6300""}"
KXETH15M-26APR280400-00,9f2c9dc2-e20b-75b0-e845-decde44374ed,1777362570,0.65,3.0,yes,"{""count_fp"":""3.00"",""created_time"":""2026-04-28T07:49:30.865507Z"",""no_price_dollars"":""0.3500"",""taker_side"":""yes"",""ticker"":""KXETH15M-26APR280400-00"",""trade_id"":""9f2c9dc2-e20b-75b0-e845-decde44374ed"",""yes_price_dollars"":""0.6500""}"
KXETH15M-26APR280400-00,953bd854-e893-4b16-0e08-cd4e2148ddaf,1777362571,0.62,1.69,no,"{""count_fp"":""1.69"",""created_time"":""2026-04-28T07:49:31.743519Z"",""no_price_dollars"":""0.3800"",""taker_side"":""no"",""ticker"":""KXETH15M-26APR280400-00"",""trade_id"":""953bd854-e893-4b16-0e08-cd4e2148ddaf"",""yes_price_dollars"":""0.6200""}"
KXETH15M-26APR280400-00,76045fb2-053f-7afa-1d65-2cd321fed15f,1777362572,0.62,11.7,no,"{""count_fp"":""11.70"",""created_time"":""2026-04-28T07:49:32.301625Z"",""no_price_dollars"":""0.3800"",""taker_side"":""no"",""ticker"":""KXETH15M-26APR280400-00"",""trade_id"":""76045fb2-053f-7afa-1d65-2cd321fed15f"",""yes_price_dollars"":""0.6200""}"
KXETH15M-26APR280400-00,b930c3df-005e-6a54-1542-192a5280c7cb,1777362575,0.65,15.0,yes,"{""count_fp"":""15.00"",""created_time"":""2026-04-28T07:49:35.685887Z"",""no_price_dollars"":""0.3500"",""taker_side"":""yes"",""ticker"":""KXETH15M-26APR280400-00"",""trade_id"":""b930c3df-005e-6a54-1542-192a5280c7cb"",""yes_price_dollars"":""0.6500""}"
KXETH15M-26APR280400-00,439cfe62-c9ed-793c-dfe7-a12ef26e529e,1777362576,0.56,1.0,yes,"{""count_fp"":""1.00"",""created_time"":""2026-04-28T07:49:36.869735Z"",""no_price_dollars"":""0.4400"",""taker_side"":""yes"",""ticker"":""KXETH15M-26APR280400-00"",""trade_id"":""439cfe62-c9ed-793c-dfe7-a12ef26e529e"",""yes_price_dollars"":""0.5600""}"
KXETH15M-26APR280400-00,41307037-8836-79e0-d218-9fcfd66488eb,1777362576,0.57,100.0,yes,"{""count_fp"":""100.00"",""created_time"":""2026-04-28T07:49:36.869735Z"",""no_price_dollars"":""0.4300"",""taker_side"":""yes"",""ticker"":""KXETH15M-26APR280400-00"",""trade_id"":""41307037-8836-79e0-d218-9fcfd66488eb"",""yes_price_dollars"":""0.5700""}"
KXETH15M-26APR280400-00,07c420d4-880d-7a54-ff3c-3c6a211f75e1,1777362576,0.58,189.91,yes,"{""count_fp"":""189.91"",""created_time"":""2026-04-28T07:49:36.869735Z"",""no_price_dollars"":""0.4200"",""taker_side"":""yes"",""ticker"":""KXETH15M-26APR280400-00"",""trade_id"":""07c420d4-880d-7a54-ff3c-3c6a211f75e1"",""yes_price_dollars"":""0.5800""}"
KXETH15M-26APR280400-00,f6cd4cb6-9f57-5579-5b4b-ef8e4ff3c01f,1777362576,0.59,10.0,no,"{""count_fp"":""10.00"",""created_time"":""2026-04-28T07:49:36.687377Z"",""no_price_dollars"":""0.4100"",""taker_side"":""no"",""ticker"":""KXETH15M-26APR280400-00"",""trade_id"":""f6cd4cb6-9f57-5579-5b4b-ef8e4ff3c01f"",""yes_price_dollars"":""0.5900""}"
KXETH15M-26APR280400-00,edacf41b-ff90-5028-43df-053c92e1d01f,1777362576,0.59,1.0,no,"{""count_fp"":""1.00"",""created_time"":""2026-04-28T07:49:36.687377Z"",""no_price_dollars"":""0.4100"",""taker_side"":""no"",""ticker"":""KXETH15M-26APR280400-00"",""trade_id"":""edacf41b-ff90-5028-43df-053c92e1d01f"",""yes_price_dollars"":""0.5900""}"
KXETH15M-26APR280400-00,799e21cc-9728-5b4c-5d0a-3c49406ed7b5,1777362576,0.57,10.0,no,"{""count_fp"":""10.00"",""created_time"":""2026-04-28T07:49:36.687377Z"",""no_price_dollars"":""0.4300"",""taker_side"":""no"",""ticker"":""KXETH15M-26APR280400-00"",""trade_id"":""799e21cc-9728-5b4c-5d0a-3c49406ed7b5"",""yes_price_dollars"":""0.5700""}"
KXETH15M-26APR280400-00,c3985037-09f0-680f-2de7-473078c7b616,1777362577,0.55,10.0,no,"{""count_fp"":""10.00"",""created_time"":""2026-04-28T07:49:37.266856Z"",""no_price_dollars"":""0.4500"",""taker_side"":""no"",""ticker"":""KXETH15M-26APR280400-00"",""trade_id"":""c3985037-09f0-680f-2de7-473078c7b616"",""yes_price_dollars"":""0.5500""}"
KXETH15M-26APR280400-00,4ce58f43-ed31-52bb-d98b-ade3ba17e71e,1777362579,0.56,3.0,yes,"{""count_fp"":""3.00"",""created_time"":""2026-04-28T07:49:39.347229Z"",""no_price_dollars"":""0.4400"",""taker_side"":""yes"",""ticker"":""KXETH15M-26APR280400-00"",""trade_id"":""4ce58f43-ed31-52bb-d98b-ade3ba17e71e"",""yes_price_dollars"":""0.5600""}"
KXETH15M-26APR280400-00,0a239e17-5953-5f52-d714-c9da196f373e,1777362579,0.56,10.0,yes,"{""count_fp"":""10.00"",""created_time"":""2026-04-28T07:49:39.347229Z"",""no_price_dollars"":""0.4400"",""taker_side"":""yes"",""ticker"":""KXETH15M-26APR280400-00"",""trade_id"":""0a239e17-5953-5f52-d714-c9da196f373e"",""yes_price_dollars"":""0.5600""}"
KXETH15M-26APR280400-00,c4da25f8-c146-577a-69db-ddd8a1b64ac8,1777362580,0.5,2.0,no,"{""count_fp"":""2.00"",""created_time"":""2026-04-28T07:49:40.491084Z"",""no_price_dollars"":""0.5000"",""taker_side"":""no"",""ticker"":""KXETH15M-26APR280400-00"",""trade_id"":""c4da25f8-c146-577a-69db-ddd8a1b64ac8"",""yes_price_dollars"":""0.5000""}"
KXETH15M-26APR280400-00,e9bd3e96-e665-5fcc-5b5c-5567927be979,1777362580,0.51,1.57,yes,"{""count_fp"":""1.57"",""created_time"":""2026-04-28T07:49:40.485881Z"",""no_price_dollars"":""0.4900"",""taker_side"":""yes"",""ticker"":""KXETH15M-26APR280400-00"",""trade_id"":""e9bd3e96-e665-5fcc-5b5c-5567927be979"",""yes_price_dollars"":""0.5100""}"
KXETH15M-26APR280400-00,622b78b1-6762-4cbe-42d6-ae0038146860,1777362580,0.51,1.0,no,"{""count_fp"":""1.00"",""created_time"":""2026-04-28T07:49:40.417887Z"",""no_price_dollars"":""0.4900"",""taker_side"":""no"",""ticker"":""KXETH15M-26APR280400-00"",""trade_id"":""622b78b1-6762-4cbe-42d6-ae0038146860"",""yes_price_dollars"":""0.5100""}"
KXETH15M-26APR280400-00,1ca425d7-4747-6db0-e145-0524fdf2e668,1777362580,0.53,10.0,no,"{""count_fp"":""10.00"",""created_time"":""2026-04-28T07:49:40.397482Z"",""no_price_dollars"":""0.4700"",""taker_side"":""no"",""ticker"":""KXETH15M-26APR280400-00"",""trade_id"":""1ca425d7-4747-6db0-e145-0524fdf2e668"",""yes_price_dollars"":""0.5300""}"
KXETH15M-26APR280400-00,7f92da3a-1445-5a54-8f18-7adce7a55585,1777362583,0.51,3.79,yes,"{""count_fp"":""3.79"",""created_time"":""2026-04-28T07:49:43.333898Z"",""no_price_dollars"":""0.4900"",""taker_side"":""yes"",""ticker"":""KXETH15M-26APR280400-00"",""trade_id"":""7f92da3a-1445-5a54-8f18-7adce7a55585"",""yes_price_dollars"":""0.5100""}"
KXETH15M-26APR280400-00,6837d150-cd00-6441-235f-aa66b5688863,1777362591,0.52,10.0,yes,"{""count_fp"":""10.00"",""created_time"":""2026-04-28T07:49:51.203259Z"",""no_price_dollars"":""0.4800"",""taker_side"":""yes"",""ticker"":""KXETH15M-26APR280400-00"",""trade_id"":""6837d150-cd00-6441-235f-aa66b5688863"",""yes_price_dollars"":""0.5200""}"
KXETH15M-26APR280400-00,e02de7b6-f734-7db9-e443-6d04c39e3538,1777362593,0.52,10.0,no,"{""count_fp"":""10.00"",""created_time"":""2026-04-28T07:49:53.662893Z"",""no_price_dollars"":""0.4800"",""taker_side"":""no"",""ticker"":""KXETH15M-26APR280400-00"",""trade_id"":""e02de7b6-f734-7db9-e443-6d04c39e3538"",""yes_price_dollars"":""0.5200""}"
KXETH15M-26APR280400-00,46fd24f5-43b7-76d6-6c20-38f3c773eeff,1777362594,0.53,41.0,no,"{""count_fp"":""41.00"",""created_time"":""2026-04-28T07:49:54.428053Z"",""no_price_dollars"":""0.4700"",""taker_side"":""no"",""ticker"":""KXETH15M-26APR280400-00"",""trade_id"":""46fd24f5-43b7-76d6-6c20-38f3c773eeff"",""yes_price_dollars"":""0.5300""}"
KXETH15M-26APR280400-00,25885d41-ed29-799a-6767-7a83caf95a3c,1777362594,0.53,1.0,no,"{""count_fp"":""1.00"",""created_time"":""2026-04-28T07:49:54.428053Z"",""no_price_dollars"":""0.4700"",""taker_side"":""no"",""ticker"":""KXETH15M-26APR280400-00"",""trade_id"":""25885d41-ed29-799a-6767-7a83caf95a3c"",""yes_price_dollars"":""0.5300""}"
KXETH15M-26APR280400-00,fda59af6-cd6c-5ead-7719-fb9f4f12966b,1777362602,0.6,1.0,yes,"{""count_fp"":""1.00"",""created_time"":""2026-04-28T07:50:02.660686Z"",""no_price_dollars"":""0.4000"",""taker_side"":""yes"",""ticker"":""KXETH15M-26APR280400-00"",""trade_id"":""fda59af6-cd6c-5ead-7719-fb9f4f12966b"",""yes_price_dollars"":""0.6000""}"
KXETH15M-26APR280400-00,9c03e52a-26f3-5b31-7281-9a6c9a760c61,1777362602,0.6,1.0,yes,"{""count_fp"":""1.00"",""created_time"":""2026-04-28T07:50:02.660686Z"",""no_price_dollars"":""0.4000"",""taker_side"":""yes"",""ticker"":""KXETH15M-26APR280400-00"",""trade_id"":""9c03e52a-26f3-5b31-7281-9a6c9a760c61"",""yes_price_dollars"":""0.6000""}"
KXETH15M-26APR280400-00,9585c455-8726-5803-60ec-e382f473c454,1777362602,0.59,10.0,yes,"{""count_fp"":""10.00"",""created_time"":""2026-04-28T07:50:02.660686Z"",""no_price_dollars"":""0.4100"",""taker_side"":""yes"",""ticker"":""KXETH15M-26APR280400-00"",""trade_id"":""9585c455-8726-5803-60ec-e382f473c454"",""yes_price_dollars"":""0.5900""}"
KXETH15M-26APR280400-00,85943fbe-d60a-7db4-a3fe-16969d0118f6,1777362610,0.62,10.0,yes,"{""count_fp"":""10.00"",""created_time"":""2026-04-28T07:50:10.489145Z"",""no_price_dollars"":""0.3800"",""taker_side"":""yes"",""ticker"":""KXETH15M-26APR280400-00"",""trade_id"":""85943fbe-d60a-7db4-a3fe-16969d0118f6"",""yes_price_dollars"":""0.6200""}"
KXETH15M-26APR280400-00,848a7e07-6ed7-570c-1aef-6556aa1be21d,1777362610,0.62,10.0,yes,"{""count_fp"":""10.00"",""created_time"":""2026-04-28T07:50:10.386478Z"",""no_price_dollars"":""0.3800"",""taker_side"":""yes"",""ticker"":""KXETH15M-26APR280400-00"",""trade_id"":""848a7e07-6ed7-570c-1aef-6556aa1be21d"",""yes_price_dollars"":""0.6200""}"
KXETH15M-26APR280400-00,3c85cc51-1693-65f4-4256-83120fd9cfbd,1777362610,0.61,5.0,no,"{""count_fp"":""5.00"",""created_time"":""2026-04-28T07:50:10.298471Z"",""no_price_dollars"":""0.3900"",""taker_side"":""no"",""ticker"":""KXETH15M-26APR280400-00"",""trade_id"":""3c85cc51-1693-65f4-4256-83120fd9cfbd"",""yes_price_dollars"":""0.6100""}"
KXETH15M-26APR280400-00,0ad67707-302b-4510-f3d2-ebf2c08692c1,1777362610,0.61,13.0,no,"{""count_fp"":""13.00"",""created_time"":""2026-04-28T07:50:10.260444Z"",""no_price_dollars"":""0.3900"",""taker_side"":""no"",""ticker"":""KXETH15M-26APR280400-00"",""trade_id"":""0ad67707-302b-4510-f3d2-ebf2c08692c1"",""yes_price_dollars"":""0.6100""}"
KXETH15M-26APR280400-00,b9cd8a0f-c08b-58a8-7f2d-eba2e7f5926d,1777362612,0.63,2.95,no,"{""count_fp"":""2.95"",""created_time"":""2026-04-28T07:50:12.735217Z"",""no_price_dollars"":""0.3700"",""taker_side"":""no"",""ticker"":""KXETH15M-26APR280400-00"",""trade_id"":""b9cd8a0f-c08b-58a8-7f2d-eba2e7f5926d"",""yes_price_dollars"":""0.6300""}"
KXETH15M-26APR280400-00,71c44576-1f01-5cbb-79aa-c9d48ef46e03,1777362613,0.64,1.0,no,"{""count_fp"":""1.00"",""created_time"":""2026-04-28T07:50:13.836709Z"",""no_price_dollars"":""0.3600"",""taker_side"":""no"",""ticker"":""KXETH15M-26APR280400-00"",""trade_id"":""71c44576-1f01-5cbb-79aa-c9d48ef46e03"",""yes_price_dollars"":""0.6400""}"
KXETH15M-26APR280400-00,6d28d434-308b-615c-d8a9-9a195a9969a1,1777362614,0.63,38.49,no,"{""count_fp"":""38.49"",""created_time"":""2026-04-28T07:50:14.937369Z"",""no_price_dollars"":""0.3700"",""taker_side"":""no"",""ticker"":""KXETH15M-26APR280400-00"",""trade_id"":""6d28d434-308b-615c-d8a9-9a195a9969a1"",""yes_price_dollars"":""0.6300""}"
KXETH15M-26APR280400-00,ce2d8d3d-6608-4ce6-6598-96fe14d68679,1777362616,0.67,10.0,yes,"{""count_fp"":""10.00"",""created_time"":""2026-04-28T07:50:16.983017Z"",""no_price_dollars"":""0.3300"",""taker_side"":""yes"",""ticker"":""KXETH15M-26APR280400-00"",""trade_id"":""ce2d8d3d-6608-4ce6-6598-96fe14d68679"",""yes_price_dollars"":""0.6700""}"
KXETH15M-26APR280400-00,238f4916-9ed7-487d-7ca3-c232d003bb7f,1777362616,0.67,10.0,yes,"{""count_fp"":""10.00"",""created_time"":""2026-04-28T07:50:16.983017Z"",""no_price_dollars"":""0.3300"",""taker_side"":""yes"",""ticker"":""KXETH15M-26APR280400-00"",""trade_id"":""238f4916-9ed7-487d-7ca3-c232d003bb7f"",""yes_price_dollars"":""0.6700""}"
KXETH15M-26APR280400-00,a4777c43-cc0b-5d58-2544-ff51b5c26cf5,1777362616,0.63,1.0,no,"{""count_fp"":""1.00"",""created_time"":""2026-04-28T07:50:16.687322Z"",""no_price_dollars"":""0.3700"",""taker_side"":""no"",""ticker"":""KXETH15M-26APR280400-00"",""trade_id"":""a4777c43-cc0b-5d58-2544-ff51b5c26cf5"",""yes_price_dollars"":""0.6300""}"
KXETH15M-26APR280400-00,4179804c-f203-51f4-6907-92cad0af41d1,1777362616,0.63,261.44,no,"{""count_fp"":""261.44"",""created_time"":""2026-04-28T07:50:16.290904Z"",""no_price_dollars"":""0.3700"",""taker_side"":""no"",""ticker"":""KXETH15M-26APR280400-00"",""trade_id"":""4179804c-f203-51f4-6907-92cad0af41d1"",""yes_price_dollars"":""0.6300""}"
KXETH15M-26APR280400-00,74dbf32d-644b-522f-e268-64ff5bd8b82a,1777362626,0.66,8.0,yes,"{""count_fp"":""8.00"",""created_time"":""2026-04-28T07:50:26.965423Z"",""no_price_dollars"":""0.3400"",""taker_side"":""yes"",""ticker"":""KXETH15M-26APR280400-00"",""trade_id"":""74dbf32d-644b-522f-e268-64ff5bd8b82a"",""yes_price_dollars"":""0.6600""}"
KXETH15M-26APR280400-00,437e9075-3f03-42c5-2092-72f4d325c25d,1777362629,0.63,10.0,no,"{""count_fp"":""10.00"",""created_time"":""2026-04-28T07:50:29.905234Z"",""no_price_dollars"":""0.3700"",""taker_side"":""no"",""ticker"":""KXETH15M-26APR280400-00"",""trade_id"":""437e9075-3f03-42c5-2092-72f4d325c25d"",""yes_price_dollars"":""0.6300""}"
KXETH15M-26APR280400-00,0c726085-5ee4-45c9-241f-3ac0d1f2a235,1777362629,0.63,10.0,no,"{""count_fp"":""10.00"",""created_time"":""2026-04-28T07:50:29.905234Z"",""no_price_dollars"":""0.3700"",""taker_side"":""no"",""ticker"":""KXETH15M-26APR280400-00"",""trade_id"":""0c726085-5ee4-45c9-241f-3ac0d1f2a235"",""yes_price_dollars"":""0.6300""}"
KXETH15M-26APR280400-00,8b104c85-cf11-6a24-155a-213038cf77e1,1777362630,0.58,5.91,yes,"{""count_fp"":""5.91"",""created_time"":""2026-04-28T07:50:30.802972Z"",""no_price_dollars"":""0.4200"",""taker_side"":""yes"",""ticker"":""KXETH15M-26APR280400-00"",""trade_id"":""8b104c85-cf11-6a24-155a-213038cf77e1"",""yes_price_dollars"":""0.5800""}"
KXETH15M-26APR280400-00,838e52e6-b0ec-590c-ed30-0a956fd4cdbd,1777362630,0.58,10.0,no,"{""count_fp"":""10.00"",""created_time"":""2026-04-28T07:50:30.083253Z"",""no_price_dollars"":""0.4200"",""taker_side"":""no"",""ticker"":""KXETH15M-26APR280400-00"",""trade_id"":""838e52e6-b0ec-590c-ed30-0a956fd4cdbd"",""yes_price_dollars"":""0.5800""}"
KXETH15M-26APR280400-00,e3e54135-11a8-47d7-83f0-5ef15365a11c,1777362639,0.54,31.42,no,"{""count_fp"":""31.42"",""created_time"":""2026-04-28T07:50:39.849102Z"",""no_price_dollars"":""0.4600"",""taker_side"":""no"",""ticker"":""KXETH15M-26APR280400-00"",""trade_id"":""e3e54135-11a8-47d7-83f0-5ef15365a11c"",""yes_price_dollars"":""0.5400""}"
KXETH15M-26APR280400-00,d61f9f1c-ec9f-625a-4416-40289085bbdd,1777362641,0.58,1.0,yes,"{""count_fp"":""1.00"",""created_time"":""2026-04-28T07:50:41.782817Z"",""no_price_dollars"":""0.4200"",""taker_side"":""yes"",""ticker"":""KXETH15M-26APR280400-00"",""trade_id"":""d61f9f1c-ec9f-625a-4416-40289085bbdd"",""yes_price_dollars"":""0.5800""}"
KXETH15M-26APR280400-00,9b40f9aa-372b-48e5-0c56-35f085d96fdc,1777362645,0.59,10.0,yes,"{""count_fp"":""10.00"",""created_time"":""2026-04-28T07:50:45.536589Z"",""no_price_dollars"":""0.4100"",""taker_side"":""yes"",""ticker"":""KXETH15M-26APR280400-00"",""trade_id"":""9b40f9aa-372b-48e5-0c56-35f085d96fdc"",""yes_price_dollars"":""0.5900""}"
KXETH15M-26APR280400-00,500c1117-0563-4506-0e39-3f9e6b9048f5,1777362645,0.58,1.0,yes,"{""count_fp"":""1.00"",""created_time"":""2026-04-28T07:50:45.536589Z"",""no_price_dollars"":""0.4200"",""taker_side"":""yes"",""ticker"":""KXETH15M-26APR280400-00"",""trade_id"":""500c1117-0563-4506-0e39-3f9e6b9048f5"",""yes_price_dollars"":""0.5800""}"
KXETH15M-26APR280400-00,05931d8c-72f0-44f9-3105-b89b403f2d9e,1777362645,0.6,7.89,yes,"{""count_fp"":""7.89"",""created_time"":""2026-04-28T07:50:45.536589Z"",""no_price_dollars"":""0.4000"",""taker_side"":""yes"",""ticker"":""KXETH15M-26APR280400-00"",""trade_id"":""05931d8c-72f0-44f9-3105-b89b403f2d9e"",""yes_price_dollars"":""0.6000""}"
KXETH15M-26APR280400-00,8c5c4996-8cd3-45e6-72c2-bd29cda635e9,1777362645,0.58,40.0,yes,"{""count_fp"":""40.00"",""created_time"":""2026-04-28T07:50:45.525991Z"",""no_price_dollars"":""0.4200"",""taker_side"":""yes"",""ticker"":""KXETH15M-26APR280400-00"",""trade_id"":""8c5c4996-8cd3-45e6-72c2-bd29cda635e9"",""yes_price_dollars"":""0.5800""}"
KXETH15M-26APR280400-00,cccb479b-b795-752d-61eb-abb7e37e1431,1777362647,0.58,1.0,no,"{""count_fp"":""1.00"",""created_time"":""2026-04-28T07:50:47.527807Z"",""no_price_dollars"":""0.4200"",""taker_side"":""no"",""ticker"":""KXETH15M-26APR280400-00"",""trade_id"":""cccb479b-b795-752d-61eb-abb7e37e1431"",""yes_price_dollars"":""0.5800""}"
KXETH15M-26APR280400-00,acf1ad9d-57ab-7db7-c953-65c05d48f8b2,1777362647,0.63,31.42,yes,"{""count_fp"":""31.42"",""created_time"":""2026-04-28T07:50:47.499024Z"",""no_price_dollars"":""0.3700"",""taker_side"":""yes"",""ticker"":""KXETH15M-26APR280400-00"",""trade_id"":""acf1ad9d-57ab-7db7-c953-65c05d48f8b2"",""yes_price_dollars"":""0.6300""}"
KXETH15M-26APR280400-00,9712e88d-889d-70a1-6e43-a769582649cd,1777362650,0.59,1.0,no,"{""count_fp"":""1.00"",""created_time"":""2026-04-28T07:50:50.424356Z"",""no_price_dollars"":""0.4100"",""taker_side"":""no"",""ticker"":""KXETH15M-26APR280400-00"",""trade_id"":""9712e88d-889d-70a1-6e43-a769582649cd"",""yes_price_dollars"":""0.5900""}"
KXETH15M-26APR280400-00,34d9c357-79e3-5816-fc47-797562d90c5a,1777362653,0.63,1.54,yes,"{""count_fp"":""1.54"",""created_time"":""2026-04-28T07:50:53.007889Z"",""no_price_dollars"":""0.3700"",""taker_side"":""yes"",""ticker"":""KXETH15M-26APR280400-00"",""trade_id"":""34d9c357-79e3-5816-fc47-797562d90c5a"",""yes_price_dollars"":""0.6300""}"
KXETH15M-26APR280400-00,40fc439c-0276-7f27-9b75-c5ecce0b872f,1777362654,0.59,10.0,no,"{""count_fp"":""10.00"",""created_time"":""2026-04-28T07:50:54.827084Z"",""no_price_dollars"":""0.4100"",""taker_side"":""no"",""ticker"":""KXETH15M-26APR280400-00"",""trade_id"":""40fc439c-0276-7f27-9b75-c5ecce0b872f"",""yes_price_dollars"":""0.5900""}"
KXETH15M-26APR280400-00,377cf084-b3bd-7a71-9a89-88b8ec55593d,1777362654,0.59,549.0,no,"{""count_fp"":""549.00"",""created_time"":""2026-04-28T07:50:54.827084Z"",""no_price_dollars"":""0.4100"",""taker_side"":""no"",""ticker"":""KXETH15M-26APR280400-00"",""trade_id"":""377cf084-b3bd-7a71-9a89-88b8ec55593d"",""yes_price_dollars"":""0.5900""}"
KXETH15M-26APR280400-00,289b1457-342f-7e7c-8288-398c64defc17,1777362654,0.57,10.0,no,"{""count_fp"":""10.00"",""created_time"":""2026-04-28T07:50:54.827084Z"",""no_price_dollars"":""0.4300"",""taker_side"":""no"",""ticker"":""KXETH15M-26APR280400-00"",""trade_id"":""289b1457-342f-7e7c-8288-398c64defc17"",""yes_price_dollars"":""0.5700""}"
KXETH15M-26APR280400-00,59632560-2803-7e67-6bb1-fc4a06a60be2,1777362655,0.59,7.5,yes,"{""count_fp"":""7.50"",""created_time"":""2026-04-28T07:50:55.213197Z"",""no_price_dollars"":""0.4100"",""taker_side"":""yes"",""ticker"":""KXETH15M-26APR280400-00"",""trade_id"":""59632560-2803-7e67-6bb1-fc4a06a60be2"",""yes_price_dollars"":""0.5900""}"
KXETH15M-26APR280400-00,374a9c1c-2c7e-49cd-047c-b1df0f2b6987,1777362657,0.6,40.53,yes,"{""count_fp"":""40.53"",""created_time"":""2026-04-28T07:50:57.238079Z"",""no_price_dollars"":""0.4000"",""taker_side"":""yes"",""ticker"":""KXETH15M-26APR280400-00"",""trade_id"":""374a9c1c-2c7e-49cd-047c-b1df0f2b6987"",""yes_price_dollars"":""0.6000""}"
KXETH15M-26APR280400-00,a8d6de87-c8b2-4a09-1004-b62a1afae258,1777362661,0.61,10.0,yes,"{""count_fp"":""10.00"",""created_time"":""2026-04-28T07:51:01.109364Z"",""no_price_dollars"":""0.3900"",""taker_side"":""yes"",""ticker"":""KXETH15M-26APR280400-00"",""trade_id"":""a8d6de87-c8b2-4a09-1004-b62a1afae258"",""yes_price_dollars"":""0.6100""}"
KXETH15M-26APR280400-00,68fe2309-cd56-4f42-17d9-dc4319d09aaa,1777362661,0.61,8.0,yes,"{""count_fp"":""8.00"",""created_time"":""2026-04-28T07:51:01.109364Z"",""no_price_dollars"":""0.3900"",""taker_side"":""yes"",""ticker"":""KXETH15M-26APR280400-00"",""trade_id"":""68fe2309-cd56-4f42-17d9-dc4319d09aaa"",""yes_price_dollars"":""0.6100""}"
KXETH15M-26APR280400-00,50b3cf33-da30-4ac5-35dc-d0baaf00716e,1777362661,0.61,10.0,yes,"{""count_fp"":""10.00"",""created_time"":""2026-04-28T07:51:01.109364Z"",""no_price_dollars"":""0.3900"",""taker_side"":""yes"",""ticker"":""KXETH15M-26APR280400-00"",""trade_id"":""50b3cf33-da30-4ac5-35dc-d0baaf00716e"",""yes_price_dollars"":""0.6100""}"
KXETH15M-26APR280400-00,ef337dbd-0006-4170-308c-f316914e3c2f,1777362667,0.59,10.0,yes,"{""count_fp"":""10.00"",""created_time"":""2026-04-28T07:51:07.954928Z"",""no_price_dollars"":""0.4100"",""taker_side"":""yes"",""ticker"":""KXETH15M-26APR280400-00"",""trade_id"":""ef337dbd-0006-4170-308c-f316914e3c2f"",""yes_price_dollars"":""0.5900""}"
KXETH15M-26APR280400-00,301088b7-ef25-4136-18a8-8dfe0f7207e0,1777362667,0.59,25.0,yes,"{""count_fp"":""25.00"",""created_time"":""2026-04-28T07:51:07.954928Z"",""no_price_dollars"":""0.4100"",""taker_side"":""yes"",""ticker"":""KXETH15M-26APR280400-00"",""trade_id"":""301088b7-ef25-4136-18a8-8dfe0f7207e0"",""yes_price_dollars"":""0.5900""}"
KXETH15M-26APR280400-00,c04c9f1f-9ba8-5cdc-7510-9b58692ad23a,1777362668,0.57,25.0,no,"{""count_fp"":""25.00"",""created_time"":""2026-04-28T07:51:08.398169Z"",""no_price_dollars"":""0.4300"",""taker_side"":""no"",""ticker"":""KXETH15M-26APR280400-00"",""trade_id"":""c04c9f1f-9ba8-5cdc-7510-9b58692ad23a"",""yes_price_dollars"":""0.5700""}"
KXETH15M-26APR280400-00,9a8f9918-b1e2-5757-6702-482073be1df3,1777362668,0.58,10.0,no,"{""count_fp"":""10.00"",""created_time"":""2026-04-28T07:51:08.398169Z"",""no_price_dollars"":""0.4200"",""taker_side"":""no"",""ticker"":""KXETH15M-26APR280400-00"",""trade_id"":""9a8f9918-b1e2-5757-6702-482073be1df3"",""yes_price_dollars"":""0.5800""}"
KXETH15M-26APR280400-00,f844e587-d3ed-62d6-48cc-5e28e244115f,1777362668,0.58,10.0,no,"{""count_fp"":""10.00"",""created_time"":""2026-04-28T07:51:08.313558Z"",""no_price_dollars"":""0.4200"",""taker_side"":""no"",""ticker"":""KXETH15M-26APR280400-00"",""trade_id"":""f844e587-d3ed-62d6-48cc-5e28e244115f"",""yes_price_dollars"":""0.5800""}"
KXETH15M-26APR280400-00,180513d5-9eed-73bd-0b46-a389daeef9ea,1777362672,0.58,9.76,yes,"{""count_fp"":""9.76"",""created_time"":""2026-04-28T07:51:12.554456Z"",""no_price_dollars"":""0.4200"",""taker_side"":""yes"",""ticker"":""KXETH15M-26APR280400-00"",""trade_id"":""180513d5-9eed-73bd-0b46-a389daeef9ea"",""yes_price_dollars"":""0.5800""}"
KXETH15M-26APR280400-00,e91abbd0-dcb0-64a3-b8d5-ef81072c84a6,1777362674,0.6,10.0,yes,"{""count_fp"":""10.00"",""created_time"":""2026-04-28T07:51:14.814065Z"",""no_price_dollars"":""0.4000"",""taker_side"":""yes"",""ticker"":""KXETH15M-26APR280400-00"",""trade_id"":""e91abbd0-dcb0-64a3-b8d5-ef81072c84a6"",""yes_price_dollars"":""0.6000""}"
KXETH15M-26APR280400-00,6a97f453-4a38-63f5-9fec-3120e74aa005,1777362674,0.6,10.0,yes,"{""count_fp"":""10.00"",""created_time"":""2026-04-28T07:51:14.814065Z"",""no_price_dollars"":""0.4000"",""taker_side"":""yes"",""ticker"":""KXETH15M-26APR280400-00"",""trade_id"":""6a97f453-4a38-63f5-9fec-3120e74aa005"",""yes_price_dollars"":""0.6000""}"
KXETH15M-26APR280400-00,2c7ab725-0dcc-639c-b153-28827c751e8e,1777362674,0.58,1.0,yes,"{""count_fp"":""1.00"",""created_time"":""2026-04-28T07:51:14.814065Z"",""no_price_dollars"":""0.4200"",""taker_side"":""yes"",""ticker"":""KXETH15M-26APR280400-00"",""trade_id"":""2c7ab725-0dcc-639c-b153-28827c751e8e"",""yes_price_dollars"":""0.5800""}"
KXETH15M-26APR280400-00,c5e88d10-1e52-5da1-0909-7aa7cbec2677,1777362680,0.59,10.0,no,"{""count_fp"":""10.00"",""created_time"":""2026-04-28T07:51:20.231758Z"",""no_price_dollars"":""0.4100"",""taker_side"":""no"",""ticker"":""KXETH15M-26APR280400-00"",""trade_id"":""c5e88d10-1e52-5da1-0909-7aa7cbec2677"",""yes_price_dollars"":""0.5900""}"
KXETH15M-26APR280400-00,dece8d24-9955-7a93-149d-f29c697602f1,1777362681,0.55,10.0,no,"{""count_fp"":""10.00"",""created_time"":""2026-04-28T07:51:21.913556Z"",""no_price_dollars"":""0.4500"",""taker_side"":""no"",""ticker"":""KXETH15M-26APR280400-00"",""trade_id"":""dece8d24-9955-7a93-149d-f29c697602f1"",""yes_price_dollars"":""0.5500""}"
KXETH15M-26APR280400-00,d3f12377-8113-7e7b-208d-653aec6abafb,1777362681,0.55,30.53,no,"{""count_fp"":""30.53"",""created_time"":""2026-04-28T07:51:21.913556Z"",""no_price_dollars"":""0.4500"",""taker_side"":""no"",""ticker"":""KXETH15M-26APR280400-00"",""trade_id"":""d3f12377-8113-7e7b-208d-653aec6abafb"",""yes_price_dollars"":""0.5500""}"
KXETH15M-26APR280400-00,17031036-8143-7a91-1eb1-eb048696676a,1777362682,0.63,10.0,yes,"{""count_fp"":""10.00"",""created_time"":""2026-04-28T07:51:22.949514Z"",""no_price_dollars"":""0.3700"",""taker_side"":""yes"",""ticker"":""KXETH15M-26APR280400-00"",""trade_id"":""17031036-8143-7a91-1eb1-eb048696676a"",""yes_price_dollars"":""0.6300""}"
KXETH15M-26APR280400-00,6909b6ab-6894-6a16-af72-d49c7277557b,1777362682,0.59,7.7,yes,"{""count_fp"":""7.70"",""created_time"":""2026-04-28T07:51:22.734402Z"",""no_price_dollars"":""0.4100"",""taker_side"":""yes"",""ticker"":""KXETH15M-26APR280400-00"",""trade_id"":""6909b6ab-6894-6a16-af72-d49c7277557b"",""yes_price_dollars"":""0.5900""}"
KXETH15M-26APR280400-00,4c4aeb3a-0d8b-6393-8c36-46777c3acf68,1777362682,0.59,9.3,yes,"{""count_fp"":""9.30"",""created_time"":""2026-04-28T07:51:22.734402Z"",""no_price_dollars"":""0.4100"",""taker_side"":""yes"",""ticker"":""KXETH15M-26APR280400-00"",""trade_id"":""4c4aeb3a-0d8b-6393-8c36-46777c3acf68"",""yes_price_dollars"":""0.5900""}"
KXETH15M-26APR280400-00,c6b4dc48-1ec3-5c4e-8825-f4ede7b95ee4,1777362683,0.69,1.0,yes,"{""count_fp"":""1.00"",""created_time"":""2026-04-28T07:51:23.200608Z"",""no_price_dollars"":""0.3100"",""taker_side"":""yes"",""ticker"":""KXETH15M-26APR280400-00"",""trade_id"":""c6b4dc48-1ec3-5c4e-8825-f4ede7b95ee4"",""yes_price_dollars"":""0.6900""}"
KXETH15M-26APR280400-00,6fd945ee-d5f7-450a-4937-bbd37e5bc69e,1777362683,0.66,100.0,yes,"{""count_fp"":""100.00"",""created_time"":""2026-04-28T07:51:23.003175Z"",""no_price_dollars"":""0.3400"",""taker_side"":""yes"",""ticker"":""KXETH15M-26APR280400-00"",""trade_id"":""6fd945ee-d5f7-450a-4937-bbd37e5bc69e"",""yes_price_dollars"":""0.6600""}"
KXETH15M-26APR280400-00,5f5b36a2-08b4-4447-7707-54d52d20f2f5,1777362683,0.66,100.0,yes,"{""count_fp"":""100.00"",""created_time"":""2026-04-28T07:51:23.003175Z"",""no_price_dollars"":""0.3400"",""taker_side"":""yes"",""ticker"":""KXETH15M-26APR280400-00"",""trade_id"":""5f5b36a2-08b4-4447-7707-54d52d20f2f5"",""yes_price_dollars"":""0.6600""}"
KXETH15M-26APR280400-00,37cb89ad-620e-47e7-4784-9c651c48b66f,1777362683,0.66,1.0,yes,"{""count_fp"":""1.00"",""created_time"":""2026-04-28T07:51:23.003175Z"",""no_price_dollars"":""0.3400"",""taker_side"":""yes"",""ticker"":""KXETH15M-26APR280400-00"",""trade_id"":""37cb89ad-620e-47e7-4784-9c651c48b66f"",""yes_price_dollars"":""0.6600""}"
KXETH15M-26APR280400-00,cec37110-1560-654e-db61-c55e3176f3b4,1777362684,0.65,78.35,no,"{""count_fp"":""78.35"",""created_time"":""2026-04-28T07:51:24.768572Z"",""no_price_dollars"":""0.3500"",""taker_side"":""no"",""ticker"":""KXETH15M-26APR280400-00"",""trade_id"":""cec37110-1560-654e-db61-c55e3176f3b4"",""yes_price_dollars"":""0.6500""}"
KXETH15M-26APR280400-00,ac03f83b-4dc4-6527-ce85-992d56183e31,1777362684,0.66,10.65,no,"{""count_fp"":""10.65"",""created_time"":""2026-04-28T07:51:24.768572Z"",""no_price_dollars"":""0.3400"",""taker_side"":""no"",""ticker"":""KXETH15M-26APR280400-00"",""trade_id"":""ac03f83b-4dc4-6527-ce85-992d56183e31"",""yes_price_dollars"":""0.6600""}"
KXETH15M-26APR280400-00,8d501e45-994d-6c33-fe5f-c6275efffdb3,1777362684,0.66,10.0,no,"{""count_fp"":""10.00"",""created_time"":""2026-04-28T07:51:24.768572Z"",""no_price_dollars"":""0.3400"",""taker_side"":""no"",""ticker"":""KXETH15M-26APR280400-00"",""trade_id"":""8d501e45-994d-6c33-fe5f-c6275efffdb3"",""yes_price_dollars"":""0.6600""}"
KXETH15M-26APR280400-00,304272c7-11aa-692f-f3e4-28c770311af0,1777362684,0.65,1.0,no,"{""count_fp"":""1.00"",""created_time"":""2026-04-28T07:51:24.768572Z"",""no_price_dollars"":""0.3500"",""taker_side"":""no"",""ticker"":""KXETH15M-26APR280400-00"",""trade_id"":""304272c7-11aa-692f-f3e4-28c770311af0"",""yes_price_dollars"":""0.6500""}"
KXETH15M-26APR280400-00,7d12c37f-aafa-4cd6-5a3e-a81a28a59431,1777362688,0.65,10.82,no,"{""count_fp"":""10.82"",""created_time"":""2026-04-28T07:51:28.063957Z"",""no_price_dollars"":""0.3500"",""taker_side"":""no"",""ticker"":""KXETH15M-26APR280400-00"",""trade_id"":""7d12c37f-aafa-4cd6-5a3e-a81a28a59431"",""yes_price_dollars"":""0.6500""}"
KXETH15M-26APR280400-00,5dc05efb-7636-4599-53de-6fab3ffe6a33,1777362688,0.64,1.48,no,"{""count_fp"":""1.48"",""created_time"":""2026-04-28T07:51:28.063957Z"",""no_price_dollars"":""0.3600"",""taker_side"":""no"",""ticker"":""KXETH15M-26APR280400-00"",""trade_id"":""5dc05efb-7636-4599-53de-6fab3ffe6a33"",""yes_price_dollars"":""0.6400""}"
KXETH15M-26APR280400-00,363c7e87-55bb-4518-5225-c92f1ea114ad,1777362688,0.65,1.0,no,"{""count_fp"":""1.00"",""created_time"":""2026-04-28T07:51:28.063957Z"",""no_price_dollars"":""0.3500"",""taker_side"":""no"",""ticker"":""KXETH15M-26APR280400-00"",""trade_id"":""363c7e87-55bb-4518-5225-c92f1ea114ad"",""yes_price_dollars"":""0.6500""}"
KXETH15M-26APR280400-00,d8fe8c36-21fb-7ee0-0450-c2727b0ff8c1,1777362689,0.72,1.0,yes,"{""count_fp"":""1.00"",""created_time"":""2026-04-28T07:51:29.577272Z"",""no_price_dollars"":""0.2800"",""taker_side"":""yes"",""ticker"":""KXETH15M-26APR280400-00"",""trade_id"":""d8fe8c36-21fb-7ee0-0450-c2727b0ff8c1"",""yes_price_dollars"":""0.7200""}"
KXETH15M-26APR280400-00,5d99be08-5ef2-62d8-c949-e240be7c9e2f,1777362689,0.67,1.0,yes,"{""count_fp"":""1.00"",""created_time"":""2026-04-28T07:51:29.455874Z"",""no_price_dollars"":""0.3300"",""taker_side"":""yes"",""ticker"":""KXETH15M-26APR280400-00"",""trade_id"":""5d99be08-5ef2-62d8-c949-e240be7c9e2f"",""yes_price_dollars"":""0.6700""}"
KXETH15M-26APR280400-00,2f63bb84-67be-6956-cd40-480daec83eab,1777362689,0.68,10.0,yes,"{""count_fp"":""10.00"",""created_time"":""2026-04-28T07:51:29.455874Z"",""no_price_dollars"":""0.3200"",""taker_side"":""yes"",""ticker"":""KXETH15M-26APR280400-00"",""trade_id"":""2f63bb84-67be-6956-cd40-480daec83eab"",""yes_price_dollars"":""0.6800""}"
KXETH15M-26APR280400-00,d0dc7abe-3936-5fd6-ab88-80dfb321ad99,1777362690,0.79,60.0,yes,"{""count_fp"":""60.00"",""created_time"":""2026-04-28T07:51:30.370683Z"",""no_price_dollars"":""0.2100"",""taker_side"":""yes"",""ticker"":""KXETH15M-26APR280400-00"",""trade_id"":""d0dc7abe-3936-5fd6-ab88-80dfb321ad99"",""yes_price_dollars"":""0.7900""}"
KXETH15M-26APR280400-00,8c562622-d8af-51a5-041d-37b54cd25539,1777362690,0.78,10.0,yes,"{""count_fp"":""10.00"",""created_time"":""2026-04-28T07:51:30.370096Z"",""no_price_dollars"":""0.2200"",""taker_side"":""yes"",""ticker"":""KXETH15M-26APR280400-00"",""trade_id"":""8c562622-d8af-51a5-041d-37b54cd25539"",""yes_price_dollars"":""0.7800""}"
KXETH15M-26APR280400-00,5ebff216-f6a3-5a7b-11df-c0904ec762f5,1777362690,0.78,50.0,yes,"{""count_fp"":""50.00"",""created_time"":""2026-04-28T07:51:30.370096Z"",""no_price_dollars"":""0.2200"",""taker_side"":""yes"",""ticker"":""KXETH15M-26APR280400-00"",""trade_id"":""5ebff216-f6a3-5a7b-11df-c0904ec762f5"",""yes_price_dollars"":""0.7800""}"
KXETH15M-26APR280400-00,10754f1a-c30f-663c-6e9d-eb3b89a493ac,1777362690,0.75,15.96,no,"{""count_fp"":""15.96"",""created_time"":""2026-04-28T07:51:30.338973Z"",""no_price_dollars"":""0.2500"",""taker_side"":""no"",""ticker"":""KXETH15M-26APR280400-00"",""trade_id"":""10754f1a-c30f-663c-6e9d-eb3b89a493ac"",""yes_price_dollars"":""0.7500""}"
KXETH15M-26APR280400-00,d83fcce5-e1fa-58cf-478a-a161eb2fe8f8,1777362690,0.76,10.0,yes,"{""count_fp"":""10.00"",""created_time"":""2026-04-28T07:51:30.232473Z"",""no_price_dollars"":""0.2400"",""taker_side"":""yes"",""ticker"":""KXETH15M-26APR280400-00"",""trade_id"":""d83fcce5-e1fa-58cf-478a-a161eb2fe8f8"",""yes_price_dollars"":""0.7600""}"
KXETH15M-26APR280400-00,18919b09-eb37-5698-5cfe-d797b35a85f9,1777362690,0.76,100.0,yes,"{""count_fp"":""100.00"",""created_time"":""2026-04-28T07:51:30.232473Z"",""no_price_dollars"":""0.2400"",""taker_side"":""yes"",""ticker"":""KXETH15M-26APR280400-00"",""trade_id"":""18919b09-eb37-5698-5cfe-d797b35a85f9"",""yes_price_dollars"":""0.7600""}"
KXETH15M-26APR280400-00,02cec9f1-e7d1-6369-bb14-3d7e813f8f4a,1777362692,0.78,1.0,yes,"{""count_fp"":""1.00"",""created_time"":""2026-04-28T07:51:32.348258Z"",""no_price_dollars"":""0.2200"",""taker_side"":""yes"",""ticker"":""KXETH15M-26APR280400-00"",""trade_id"":""02cec9f1-e7d1-6369-bb14-3d7e813f8f4a"",""yes_price_dollars"":""0.7800""}"
KXETH15M-26APR280400-00,84ee7357-bc7f-7507-625c-176f7cdbf32d,1777362695,0.71,3.0,no,"{""count_fp"":""3.00"",""created_time"":""2026-04-28T07:51:35.253598Z"",""no_price_dollars"":""0.2900"",""taker_side"":""no"",""ticker"":""KXETH15M-26APR280400-00"",""trade_id"":""84ee7357-bc7f-7507-625c-176f7cdbf32d"",""yes_price_dollars"":""0.7100""}"
KXETH15M-26APR280400-00,6ac46c87-2f9b-424c-21c0-cfe2425b2514,1777362697,0.7,7.5,no,"{""count_fp"":""7.50"",""created_time"":""2026-04-28T07:51:37.932372Z"",""no_price_dollars"":""0.3000"",""taker_side"":""no"",""ticker"":""KXETH15M-26APR280400-00"",""trade_id"":""6ac46c87-2f9b-424c-21c0-cfe2425b2514"",""yes_price_dollars"":""0.7000""}"
KXETH15M-26APR280400-00,3fb7749c-01f3-55a4-3b13-2c1f45c0f9e8,1777362697,0.7,2.0,no,"{""count_fp"":""2.00"",""created_time"":""2026-04-28T07:51:37.516033Z"",""no_price_dollars"":""0.3000"",""taker_side"":""no"",""ticker"":""KXETH15M-26APR280400-00"",""trade_id"":""3fb7749c-01f3-55a4-3b13-2c1f45c0f9e8"",""yes_price_dollars"":""0.7000""}"
KXETH15M-26APR280400-00,f2db12cd-1747-7ada-f30a-02d60f3bf3af,1777362698,0.74,5.0,yes,"{""count_fp"":""5.00"",""created_time"":""2026-04-28T07:51:38.481376Z"",""no_price_dollars"":""0.2600"",""taker_side"":""yes"",""ticker"":""KXETH15M-26APR280400-00"",""trade_id"":""f2db12cd-1747-7ada-f30a-02d60f3bf3af"",""yes_price_dollars"":""0.7400""}"
KXETH15M-26APR280400-00,9854c162-644d-6975-0ba1-e78313de669b,1777362698,0.74,10.0,yes,"{""count_fp"":""10.00"",""created_time"":""2026-04-28T07:51:38.319204Z"",""no_price_dollars"":""0.2600"",""taker_side"":""yes"",""ticker"":""KXETH15M-26APR280400-00"",""trade_id"":""9854c162-644d-6975-0ba1-e78313de669b"",""yes_price_dollars"":""0.7400""}"
KXETH15M-26APR280400-00,23555567-5ba9-6bd5-3f1c-286dd1131d1d,1777362698,0.74,100.0,yes,"{""count_fp"":""100.00"",""created_time"":""2026-04-28T07:51:38.319204Z"",""no_price_dollars"":""0.2600"",""taker_side"":""yes"",""ticker"":""KXETH15M-26APR280400-00"",""trade_id"":""23555567-5ba9-6bd5-3f1c-286dd1131d1d"",""yes_price_dollars"":""0.7400""}"
KXETH15M-26APR280400-00,9b2a3b39-107b-747b-83e6-748d243c230a,1777362703,0.81,10.0,yes,"{""count_fp"":""10.00"",""created_time"":""2026-04-28T07:51:43.008697Z"",""no_price_dollars"":""0.1900"",""taker_side"":""yes"",""ticker"":""KXETH15M-26APR280400-00"",""trade_id"":""9b2a3b39-107b-747b-83e6-748d243c230a"",""yes_price_dollars"":""0.8100""}"
KXETH15M-26APR280400-00,2bb75cf0-f8db-7476-9fd3-37003069c900,1777362703,0.81,10.0,yes,"{""count_fp"":""10.00"",""created_time"":""2026-04-28T07:51:43.008697Z"",""no_price_dollars"":""0.1900"",""taker_side"":""yes"",""ticker"":""KXETH15M-26APR280400-00"",""trade_id"":""2bb75cf0-f8db-7476-9fd3-37003069c900"",""yes_price_dollars"":""0.8100""}"
KXETH15M-26APR280400-00,90b34378-b155-53fc-bdf8-d3d921fdea2e,1777362708,0.83,3.0,yes,"{""count_fp"":""3.00"",""created_time"":""2026-04-28T07:51:48.896403Z"",""no_price_dollars"":""0.1700"",""taker_side"":""yes"",""ticker"":""KXETH15M-26APR280400-00"",""trade_id"":""90b34378-b155-53fc-bdf8-d3d921fdea2e"",""yes_price_dollars"":""0.8300""}"
KXETH15M-26APR280400-00,268eb958-9951-5500-9768-3722e8eea4ee,1777362708,0.83,10.3,yes,"{""count_fp"":""10.30"",""created_time"":""2026-04-28T07:51:48.896403Z"",""no_price_dollars"":""0.1700"",""taker_side"":""yes"",""ticker"":""KXETH15M-26APR280400-00"",""trade_id"":""268eb958-9951-5500-9768-3722e8eea4ee"",""yes_price_dollars"":""0.8300""}"
KXETH15M-26APR280400-00,9de99d0b-273a-6ba4-8ee2-8b32230a120d,1777362708,0.81,5.0,yes,"{""count_fp"":""5.00"",""created_time"":""2026-04-28T07:51:48.791733Z"",""no_price_dollars"":""0.1900"",""taker_side"":""yes"",""ticker"":""KXETH15M-26APR280400-00"",""trade_id"":""9de99d0b-273a-6ba4-8ee2-8b32230a120d"",""yes_price_dollars"":""0.8100""}"
KXETH15M-26APR280400-00,452c9eef-cfd3-5347-f2f6-7cfa36524d71,1777362709,0.79,1.54,no,"{""count_fp"":""1.54"",""created_time"":""2026-04-28T07:51:49.675952Z"",""no_price_dollars"":""0.2100"",""taker_side"":""no"",""ticker"":""KXETH15M-26APR280400-00"",""trade_id"":""452c9eef-cfd3-5347-f2f6-7cfa36524d71"",""yes_price_dollars"":""0.7900""}"
KXETH15M-26APR280400-00,05650454-f4e7-5c9f-39d4-2977b9724929,1777362710,0.79,1.0,no,"{""count_fp"":""1.00"",""created_time"":""2026-04-28T07:51:50.876776Z"",""no_price_dollars"":""0.2100"",""taker_side"":""no"",""ticker"":""KXETH15M-26APR280400-00"",""trade_id"":""05650454-f4e7-5c9f-39d4-2977b9724929"",""yes_price_dollars"":""0.7900""}"
KXETH15M-26APR280400-00,aab32aad-95a3-6b51-7580-2aeddc792f69,1777362711,0.83,2.01,yes,"{""count_fp"":""2.01"",""created_time"":""2026-04-28T07:51:51.327053Z"",""no_price_dollars"":""0.1700"",""taker_side"":""yes"",""ticker"":""KXETH15M-26APR280400-00"",""trade_id"":""aab32aad-95a3-6b51-7580-2aeddc792f69"",""yes_price_dollars"":""0.8300""}"
KXETH15M-26APR280400-00,2613863b-6f27-42fa-d96b-17acbf32c898,1777362711,0.83,2.0,yes,"{""count_fp"":""2.00"",""created_time"":""2026-04-28T07:51:51.011431Z"",""no_price_dollars"":""0.1700"",""taker_side"":""yes"",""ticker"":""KXETH15M-26APR280400-00"",""trade_id"":""2613863b-6f27-42fa-d96b-17acbf32c898"",""yes_price_dollars"":""0.8300""}"
KXETH15M-26APR280400-00,d9e79a25-2dcb-6d9f-5384-79325577479d,1777362712,0.79,10.0,no,"{""count_fp"":""10.00"",""created_time"":""2026-04-28T07:51:52.226955Z"",""no_price_dollars"":""0.2100"",""taker_side"":""no"",""ticker"":""KXETH15M-26APR280400-00"",""trade_id"":""d9e79a25-2dcb-6d9f-5384-79325577479d"",""yes_price_dollars"":""0.7900""}"
KXETH15M-26APR280400-00,7fc195e1-32d3-609b-425b-b56e9310bef7,1777362712,0.79,0.93,no,"{""count_fp"":""0.93"",""created_time"":""2026-04-28T07:51:52.226955Z"",""no_price_dollars"":""0.2100"",""taker_side"":""no"",""ticker"":""KXETH15M-26APR280400-00"",""trade_id"":""7fc195e1-32d3-609b-425b-b56e9310bef7"",""yes_price_dollars"":""0.7900""}"
KXETH15M-26APR280400-00,b738c971-5def-6d13-9176-2ef59209de53,1777362714,0.79,10.0,no,"{""count_fp"":""10.00"",""created_time"":""2026-04-28T07:51:54.326698Z"",""no_price_dollars"":""0.2100"",""taker_side"":""no"",""ticker"":""KXETH15M-26APR280400-00"",""trade_id"":""b738c971-5def-6d13-9176-2ef59209de53"",""yes_price_dollars"":""0.7900""}"
KXETH15M-26APR280400-00,f0d6dc57-e1bb-704e-7f39-92b7017dcf08,1777362716,0.83,27.0,yes,"{""count_fp"":""27.00"",""created_time"":""2026-04-28T07:51:56.933372Z"",""no_price_dollars"":""0.1700"",""taker_side"":""yes"",""ticker"":""KXETH15M-26APR280400-00"",""trade_id"":""f0d6dc57-e1bb-704e-7f39-92b7017dcf08"",""yes_price_dollars"":""0.8300""}"
KXETH15M-26APR280400-00,69a6956a-f2b7-51ce-10a5-cdf3e7cf4a3c,1777362716,0.83,5.96,yes,"{""count_fp"":""5.96"",""created_time"":""2026-04-28T07:51:56.790641Z"",""no_price_dollars"":""0.1700"",""taker_side"":""yes"",""ticker"":""KXETH15M-26APR280400-00"",""trade_id"":""69a6956a-f2b7-51ce-10a5-cdf3e7cf4a3c"",""yes_price_dollars"":""0.8300""}"
KXETH15M-26APR280400-00,1f7ddd9b-15d1-5217-2873-c711a2ca12bf,1777362716,0.82,10.0,yes,"{""count_fp"":""10.00"",""created_time"":""2026-04-28T07:51:56.790641Z"",""no_price_dollars"":""0.1800"",""taker_side"":""yes"",""ticker"":""KXETH15M-26APR280400-00"",""trade_id"":""1f7ddd9b-15d1-5217-2873-c711a2ca12bf"",""yes_price_dollars"":""0.8200""}"
KXETH15M-26APR280400-00,67416ec7-4343-59ba-c9c3-6f61a8dd9fe8,1777362720,0.83,11.0,yes,"{""count_fp"":""11.00"",""created_time"":""2026-04-28T07:52:00.529598Z"",""no_price_dollars"":""0.1700"",""taker_side"":""yes"",""ticker"":""KXETH15M-26APR280400-00"",""trade_id"":""67416ec7-4343-59ba-c9c3-6f61a8dd9fe8"",""yes_price_dollars"":""0.8300""}"
KXETH15M-26APR280400-00,10e4c5e1-7863-7270-e0d7-62e81d751d91,1777362720,0.8,9.46,no,"{""count_fp"":""9.46"",""created_time"":""2026-04-28T07:52:00.184352Z"",""no_price_dollars"":""0.2000"",""taker_side"":""no"",""ticker"":""KXETH15M-26APR280400-00"",""trade_id"":""10e4c5e1-7863-7270-e0d7-62e81d751d91"",""yes_price_dollars"":""0.8000""}"
KXETH15M-26APR280400-00,df982259-2cd6-5746-7a67-87f8e45666a7,1777362722,0.84,6.54,yes,"{""count_fp"":""6.54"",""created_time"":""2026-04-28T07:52:02.872184Z"",""no_price_dollars"":""0.1600"",""taker_side"":""yes"",""ticker"":""KXETH15M-26APR280400-00"",""trade_id"":""df982259-2cd6-5746-7a67-87f8e45666a7"",""yes_price_dollars"":""0.8400""}"
KXETH15M-26APR280400-00,d5489b9a-0cca-5c15-7fe4-bd142180783d,1777362722,0.83,10.0,yes,"{""count_fp"":""10.00"",""created_time"":""2026-04-28T07:52:02.872184Z"",""no_price_dollars"":""0.1700"",""taker_side"":""yes"",""ticker"":""KXETH15M-26APR280400-00"",""trade_id"":""d5489b9a-0cca-5c15-7fe4-bd142180783d"",""yes_price_dollars"":""0.8300""}"
KXETH15M-26APR280400-00,28b89beb-e0bf-51d6-55e8-c381a37a83e8,1777362722,0.82,100.0,yes,"{""count_fp"":""100.00"",""created_time"":""2026-04-28T07:52:02.872184Z"",""no_price_dollars"":""0.1800"",""taker_side"":""yes"",""ticker"":""KXETH15M-26APR280400-00"",""trade_id"":""28b89beb-e0bf-51d6-55e8-c381a37a83e8"",""yes_price_dollars"":""0.8200""}"
KXETH15M-26APR280400-00,18343ca1-5a27-5028-63c9-e7b28e05d491,1777362722,0.84,1.0,yes,"{""count_fp"":""1.00"",""created_time"":""2026-04-28T07:52:02.872184Z"",""no_price_dollars"":""0.1600"",""taker_side"":""yes"",""ticker"":""KXETH15M-26APR280400-00"",""trade_id"":""18343ca1-5a27-5028-63c9-e7b28e05d491"",""yes_price_dollars"":""0.8400""}"
KXETH15M-26APR280400-00,fa67e553-ac06-7acd-57b5-c7740a0a6173,1777362728,0.83,10.0,yes,"{""count_fp"":""10.00"",""created_time"":""2026-04-28T07:52:08.041213Z"",""no_price_dollars"":""0.1700"",""taker_side"":""yes"",""ticker"":""KXETH15M-26APR280400-00"",""trade_id"":""fa67e553-ac06-7acd-57b5-c7740a0a6173"",""yes_price_dollars"":""0.8300""}"
KXETH15M-26APR280400-00,e8146948-7cca-7995-6b57-540cceec026b,1777362728,0.82,100.0,yes,"{""count_fp"":""100.00"",""created_time"":""2026-04-28T07:52:08.041213Z"",""no_price_dollars"":""0.1800"",""taker_side"":""yes"",""ticker"":""KXETH15M-26APR280400-00"",""trade_id"":""e8146948-7cca-7995-6b57-540cceec026b"",""yes_price_dollars"":""0.8200""}"
KXETH15M-26APR280400-00,c45f8e65-f0c2-7c3a-575b-6493e2fb941b,1777362728,0.84,185.64,yes,"{""count_fp"":""185.64"",""created_time"":""2026-04-28T07:52:08.041213Z"",""no_price_dollars"":""0.1600"",""taker_side"":""yes"",""ticker"":""KXETH15M-26APR280400-00"",""trade_id"":""c45f8e65-f0c2-7c3a-575b-6493e2fb941b"",""yes_price_dollars"":""0.8400""}"
KXETH15M-26APR280400-00,49df0a68-56d8-60c1-2036-2f904bf8a902,1777362730,0.83,4.0,yes,"{""count_fp"":""4.00"",""created_time"":""2026-04-28T07:52:10.422322Z"",""no_price_dollars"":""0.1700"",""taker_side"":""yes"",""ticker"":""KXETH15M-26APR280400-00"",""trade_id"":""49df0a68-56d8-60c1-2036-2f904bf8a902"",""yes_price_dollars"":""0.8300""}"
KXETH15M-26APR280400-00,9368faef-83f4-7bad-7c21-d4cf20f0800a,1777362733,0.83,1.0,yes,"{""count_fp"":""1.00"",""created_time"":""2026-04-28T07:52:13.417633Z"",""no_price_dollars"":""0.1700"",""taker_side"":""yes"",""ticker"":""KXETH15M-26APR280400-00"",""trade_id"":""9368faef-83f4-7bad-7c21-d4cf20f0800a"",""yes_price_dollars"":""0.8300""}"
KXETH15M-26APR280400-00,2c61dbb3-3798-42b1-3feb-422c26de16b6,1777362737,0.82,1.0,yes,"{""count_fp"":""1.00"",""created_time"":""2026-04-28T07:52:17.697232Z"",""no_price_dollars"":""0.1800"",""taker_side"":""yes"",""ticker"":""KXETH15M-26APR280400-00"",""trade_id"":""2c61dbb3-3798-42b1-3feb-422c26de16b6"",""yes_price_dollars"":""0.8200""}"
KXETH15M-26APR280400-00,a5e9662e-820a-77d3-a0da-c2b051888dc2,1777362744,0.77,6.0,no,"{""count_fp"":""6.00"",""created_time"":""2026-04-28T07:52:24.559489Z"",""no_price_dollars"":""0.2300"",""taker_side"":""no"",""ticker"":""KXETH15M-26APR280400-00"",""trade_id"":""a5e9662e-820a-77d3-a0da-c2b051888dc2"",""yes_price_dollars"":""0.7700""}"
KXETH15M-26APR280400-00,1707453f-0c4e-4f4c-61f8-b9af3f560e22,1777362747,0.8,1.0,yes,"{""count_fp"":""1.00"",""created_time"":""2026-04-28T07:52:27.785907Z"",""no_price_dollars"":""0.2000"",""taker_side"":""yes"",""ticker"":""KXETH15M-26APR280400-00"",""trade_id"":""1707453f-0c4e-4f4c-61f8-b9af3f560e22"",""yes_price_dollars"":""0.8000""}"
KXETH15M-26APR280400-00,1721879a-731a-77d0-1856-fe3e1290ce9e,1777362749,0.81,5.0,yes,"{""count_fp"":""5.00"",""created_time"":""2026-04-28T07:52:29.939109Z"",""no_price_dollars"":""0.1900"",""taker_side"":""yes"",""ticker"":""KXETH15M-26APR280400-00"",""trade_id"":""1721879a-731a-77d0-1856-fe3e1290ce9e"",""yes_price_dollars"":""0.8100""}"
KXETH15M-26APR280400-00,c3cb8dc7-53e2-78d8-4429-9e18a59e955e,1777362750,0.8,15.0,yes,"{""count_fp"":""15.00"",""created_time"":""2026-04-28T07:52:30.630182Z"",""no_price_dollars"":""0.2000"",""taker_side"":""yes"",""ticker"":""KXETH15M-26APR280400-00"",""trade_id"":""c3cb8dc7-53e2-78d8-4429-9e18a59e955e"",""yes_price_dollars"":""0.8000""}"
KXETH15M-26APR280400-00,e14f8603-95c7-7a8f-5532-5912da3cd65c,1777362751,0.79,10.0,no,"{""count_fp"":""10.00"",""created_time"":""2026-04-28T07:52:31.628405Z"",""no_price_dollars"":""0.2100"",""taker_side"":""no"",""ticker"":""KXETH15M-26APR280400-00"",""trade_id"":""e14f8603-95c7-7a8f-5532-5912da3cd65c"",""yes_price_dollars"":""0.7900""}"
KXETH15M-26APR280400-00,5ef03165-55c3-7b53-5e01-65edad87c177,1777362751,0.78,7.67,no,"{""count_fp"":""7.67"",""created_time"":""2026-04-28T07:52:31.628405Z"",""no_price_dollars"":""0.2200"",""taker_side"":""no"",""ticker"":""KXETH15M-26APR280400-00"",""trade_id"":""5ef03165-55c3-7b53-5e01-65edad87c177"",""yes_price_dollars"":""0.7800""}"
KXETH15M-26APR280400-00,dba780f2-0ef7-5797-ffbd-17093810dae7,1777362752,0.78,10.87,no,"{""count_fp"":""10.87"",""created_time"":""2026-04-28T07:52:32.047316Z"",""no_price_dollars"":""0.2200"",""taker_side"":""no"",""ticker"":""KXETH15M-26APR280400-00"",""trade_id"":""dba780f2-0ef7-5797-ffbd-17093810dae7"",""yes_price_dollars"":""0.7800""}"
KXETH15M-26APR280400-00,7b74edae-ed4f-50cd-f3c8-dcbbd1faf12e,1777362752,0.78,5.0,no,"{""count_fp"":""5.00"",""created_time"":""2026-04-28T07:52:32.047316Z"",""no_price_dollars"":""0.2200"",""taker_side"":""no"",""ticker"":""KXETH15M-26APR280400-00"",""trade_id"":""7b74edae-ed4f-50cd-f3c8-dcbbd1faf12e"",""yes_price_dollars"":""0.7800""}"
KXETH15M-26APR280400-00,96d51414-5b47-4615-45e8-6a5865ded0d1,1777362759,0.78,10.0,no,"{""count_fp"":""10.00"",""created_time"":""2026-04-28T07:52:39.748239Z"",""no_price_dollars"":""0.2200"",""taker_side"":""no"",""ticker"":""KXETH15M-26APR280400-00"",""trade_id"":""96d51414-5b47-4615-45e8-6a5865ded0d1"",""yes_price_dollars"":""0.7800""}"
KXETH15M-26APR280400-00,9ae1fcb8-8e6c-55ab-e7e9-03fb54de92d3,1777362759,0.79,60.0,no,"{""count_fp"":""60.00"",""created_time"":""2026-04-28T07:52:39.746662Z"",""no_price_dollars"":""0.2100"",""taker_side"":""no"",""ticker"":""KXETH15M-26APR280400-00"",""trade_id"":""9ae1fcb8-8e6c-55ab-e7e9-03fb54de92d3"",""yes_price_dollars"":""0.7900""}"
KXETH15M-26APR280400-00,733d59c0-0764-5f77-d22e-ab6ba1f397b8,1777362759,0.79,10.0,no,"{""count_fp"":""10.00"",""created_time"":""2026-04-28T07:52:39.746662Z"",""no_price_dollars"":""0.2100"",""taker_side"":""no"",""ticker"":""KXETH15M-26APR280400-00"",""trade_id"":""733d59c0-0764-5f77-d22e-ab6ba1f397b8"",""yes_price_dollars"":""0.7900""}"
KXETH15M-26APR280400-00,d8fe469f-3f4e-5668-2c5b-7d21aee04172,1777362759,0.8,25.87,yes,"{""count_fp"":""25.87"",""created_time"":""2026-04-28T07:52:39.127403Z"",""no_price_dollars"":""0.2000"",""taker_side"":""yes"",""ticker"":""KXETH15M-26APR280400-00"",""trade_id"":""d8fe469f-3f4e-5668-2c5b-7d21aee04172"",""yes_price_dollars"":""0.8000""}"
KXETH15M-26APR280400-00,ae74d566-a1b9-5b04-0446-a3610d9a765e,1777362759,0.8,10.0,yes,"{""count_fp"":""10.00"",""created_time"":""2026-04-28T07:52:39.127403Z"",""no_price_dollars"":""0.2000"",""taker_side"":""yes"",""ticker"":""KXETH15M-26APR280400-00"",""trade_id"":""ae74d566-a1b9-5b04-0446-a3610d9a765e"",""yes_price_dollars"":""0.8000""}"
KXETH15M-26APR280400-00,347fde89-88e0-5d01-3574-f2fd55885b7f,1777362759,0.78,84.13,yes,"{""count_fp"":""84.13"",""created_time"":""2026-04-28T07:52:39.127403Z"",""no_price_dollars"":""0.2200"",""taker_side"":""yes"",""ticker"":""KXETH15M-26APR280400-00"",""trade_id"":""347fde89-88e0-5d01-3574-f2fd55885b7f"",""yes_price_dollars"":""0.7800""}"
KXETH15M-26APR280400-00,73245a24-c166-4b6c-a27d-c52abf3103c2,1777362769,0.79,1.0,yes,"{""count_fp"":""1.00"",""created_time"":""2026-04-28T07:52:49.197333Z"",""no_price_dollars"":""0.2100"",""taker_side"":""yes"",""ticker"":""KXETH15M-26APR280400-00"",""trade_id"":""73245a24-c166-4b6c-a27d-c52abf3103c2"",""yes_price_dollars"":""0.7900""}"
KXETH15M-26APR280400-00,1fec74d4-b35a-6ca6-a074-faeccb068aa7,1777362772,0.8,5.0,yes,"{""count_fp"":""5.00"",""created_time"":""2026-04-28T07:52:52.991155Z"",""no_price_dollars"":""0.2000"",""taker_side"":""yes"",""ticker"":""KXETH15M-26APR280400-00"",""trade_id"":""1fec74d4-b35a-6ca6-a074-faeccb068aa7"",""yes_price_dollars"":""0.8000""}"
KXETH15M-26APR280400-00,70785e8f-a4c0-6a7a-d002-6a6d3e028a79,1777362773,0.74,6.0,no,"{""count_fp"":""6.00"",""created_time"":""2026-04-28T07:52:53.822292Z"",""no_price_dollars"":""0.2600"",""taker_side"":""no"",""ticker"":""KXETH15M-26APR280400-00"",""trade_id"":""70785e8f-a4c0-6a7a-d002-6a6d3e028a79"",""yes_price_dollars"":""0.7400""}"
KXETH15M-26APR280400-00,663f8e6a-2118-66b6-cd8a-de85fed254a0,1777362773,0.75,60.0,no,"{""count_fp"":""60.00"",""created_time"":""2026-04-28T07:52:53.822292Z"",""no_price_dollars"":""0.2500"",""taker_side"":""no"",""ticker"":""KXETH15M-26APR280400-00"",""trade_id"":""663f8e6a-2118-66b6-cd8a-de85fed254a0"",""yes_price_dollars"":""0.7500""}"
KXETH15M-26APR280400-00,5dcfe8b3-d338-696e-f37e-2a6b5589b7b0,1777362773,0.75,11.28,no,"{""count_fp"":""11.28"",""created_time"":""2026-04-28T07:52:53.822292Z"",""no_price_dollars"":""0.2500"",""taker_side"":""no"",""ticker"":""KXETH15M-26APR280400-00"",""trade_id"":""5dcfe8b3-d338-696e-f37e-2a6b5589b7b0"",""yes_price_dollars"":""0.7500""}"
KXETH15M-26APR280400-00,5b16eb62-f066-6a75-f7a9-20fb171a87ba,1777362773,0.76,10.0,no,"{""count_fp"":""10.00"",""created_time"":""2026-04-28T07:52:53.822292Z"",""no_price_dollars"":""0.2400"",""taker_side"":""no"",""ticker"":""KXETH15M-26APR280400-00"",""trade_id"":""5b16eb62-f066-6a75-f7a9-20fb171a87ba"",""yes_price_dollars"":""0.7600""}"
KXETH15M-26APR280400-00,4d5d587e-0a92-68c7-f5b7-9301051f229a,1777362773,0.76,10.0,no,"{""count_fp"":""10.00"",""created_time"":""2026-04-28T07:52:53.822292Z"",""no_price_dollars"":""0.2400"",""taker_side"":""no"",""ticker"":""KXETH15M-26APR280400-00"",""trade_id"":""4d5d587e-0a92-68c7-f5b7-9301051f229a"",""yes_price_dollars"":""0.7600""}"
KXETH15M-26APR280400-00,3a5c899d-41ef-690c-c014-99992cb68530,1777362773,0.74,1.97,no,"{""count_fp"":""1.97"",""created_time"":""2026-04-28T07:52:53.822292Z"",""no_price_dollars"":""0.2600"",""taker_side"":""no"",""ticker"":""KXETH15M-26APR280400-00"",""trade_id"":""3a5c899d-41ef-690c-c014-99992cb68530"",""yes_price_dollars"":""0.7400""}"
KXETH15M-26APR280400-00,bc803b69-8fc7-7a0d-972b-94590405d38a,1777362774,0.75,10.0,yes,"{""count_fp"":""10.00"",""created_time"":""2026-04-28T07:52:54.716708Z"",""no_price_dollars"":""0.2500"",""taker_side"":""yes"",""ticker"":""KXETH15M-26APR280400-00"",""trade_id"":""bc803b69-8fc7-7a0d-972b-94590405d38a"",""yes_price_dollars"":""0.7500""}"
KXETH15M-26APR280400-00,ea296fd4-d9f3-5208-db44-c805112cd4e0,1777362781,0.72,108.74,no,"{""count_fp"":""108.74"",""created_time"":""2026-04-28T07:53:01.404937Z"",""no_price_dollars"":""0.2800"",""taker_side"":""no"",""ticker"":""KXETH15M-26APR280400-00"",""trade_id"":""ea296fd4-d9f3-5208-db44-c805112cd4e0"",""yes_price_dollars"":""0.7200""}"
KXETH15M-26APR280400-00,c6c7db7b-1940-504e-de17-851227118aca,1777362781,0.72,60.0,no,"{""count_fp"":""60.00"",""created_time"":""2026-04-28T07:53:01.404937Z"",""no_price_dollars"":""0.2800"",""taker_side"":""no"",""ticker"":""KXETH15M-26APR280400-00"",""trade_id"":""c6c7db7b-1940-504e-de17-851227118aca"",""yes_price_dollars"":""0.7200""}"
KXETH15M-26APR280400-00,97947dbe-d80e-5dc5-cb46-a8ae8b211aba,1777362781,0.75,2.0,no,"{""count_fp"":""2.00"",""created_time"":""2026-04-28T07:53:01.404937Z"",""no_price_dollars"":""0.2500"",""taker_side"":""no"",""ticker"":""KXETH15M-26APR280400-00"",""trade_id"":""97947dbe-d80e-5dc5-cb46-a8ae8b211aba"",""yes_price_dollars"":""0.7500""}"
KXETH15M-26APR280400-00,71dd605d-ffcc-58c8-e64d-c00a5bbddd5a,1777362781,0.73,10.0,no,"{""count_fp"":""10.00"",""created_time"":""2026-04-28T07:53:01.404937Z"",""no_price_dollars"":""0.2700"",""taker_side"":""no"",""ticker"":""KXETH15M-26APR280400-00"",""trade_id"":""71dd605d-ffcc-58c8-e64d-c00a5bbddd5a"",""yes_price_dollars"":""0.7300""}"
KXETH15M-26APR280400-00,5ea5a0e5-c541-5f5d-ed5e-3bef52949c82,1777362781,0.73,10.0,no,"{""count_fp"":""10.00"",""created_time"":""2026-04-28T07:53:01.404937Z"",""no_price_dollars"":""0.2700"",""taker_side"":""no"",""ticker"":""KXETH15M-26APR280400-00"",""trade_id"":""5ea5a0e5-c541-5f5d-ed5e-3bef52949c82"",""yes_price_dollars"":""0.7300""}"
KXETH15M-26APR280400-00,18ad21fc-3ed9-7da8-4ea8-4cf415e3bde6,1777362784,0.76,1.0,yes,"{""count_fp"":""1.00"",""created_time"":""2026-04-28T07:53:04.744721Z"",""no_price_dollars"":""0.2400"",""taker_side"":""yes"",""ticker"":""KXETH15M-26APR280400-00"",""trade_id"":""18ad21fc-3ed9-7da8-4ea8-4cf415e3bde6"",""yes_price_dollars"":""0.7600""}"
KXETH15M-26APR280400-00,602f1c8a-f018-46ff-3d2c-c2b0ca7592c4,1777362789,0.86,1.0,yes,"{""count_fp"":""1.00"",""created_time"":""2026-04-28T07:53:09.875518Z"",""no_price_dollars"":""0.1400"",""taker_side"":""yes"",""ticker"":""KXETH15M-26APR280400-00"",""trade_id"":""602f1c8a-f018-46ff-3d2c-c2b0ca7592c4"",""yes_price_dollars"":""0.8600""}"
