ticker,trade_id,ts,yes_price,count,taker_side,raw_json
KXETH15M-26APR280945-45,acea76d8-c156-531e-b9d2-ca230aadcb61,1777383010,0.47,4.0,no,"{""count_fp"":""4.00"",""created_time"":""2026-04-28T13:30:10.375785Z"",""no_price_dollars"":""0.5300"",""taker_side"":""no"",""ticker"":""KXETH15M-26APR280945-45"",""trade_id"":""acea76d8-c156-531e-b9d2-ca230aadcb61"",""yes_price_dollars"":""0.4700""}"
KXETH15M-26APR280945-45,0a382ef7-8821-5f69-a05a-73060b1b1052,1777383010,0.48,4.0,no,"{""count_fp"":""4.00"",""created_time"":""2026-04-28T13:30:10.375785Z"",""no_price_dollars"":""0.5200"",""taker_side"":""no"",""ticker"":""KXETH15M-26APR280945-45"",""trade_id"":""0a382ef7-8821-5f69-a05a-73060b1b1052"",""yes_price_dollars"":""0.4800""}"
KXETH15M-26APR280945-45,d5043a8f-12c5-5dae-05c5-eb19de89fac4,1777383010,0.49,10.0,no,"{""count_fp"":""10.00"",""created_time"":""2026-04-28T13:30:10.320367Z"",""no_price_dollars"":""0.5100"",""taker_side"":""no"",""ticker"":""KXETH15M-26APR280945-45"",""trade_id"":""d5043a8f-12c5-5dae-05c5-eb19de89fac4"",""yes_price_dollars"":""0.4900""}"
KXETH15M-26APR280945-45,6bbda728-47cc-545a-2c99-23a4ad32626e,1777383010,0.49,4.0,no,"{""count_fp"":""4.00"",""created_time"":""2026-04-28T13:30:10.320367Z"",""no_price_dollars"":""0.5100"",""taker_side"":""no"",""ticker"":""KXETH15M-26APR280945-45"",""trade_id"":""6bbda728-47cc-545a-2c99-23a4ad32626e"",""yes_price_dollars"":""0.4900""}"
KXETH15M-26APR280945-45,209b0065-3c21-59f7-3053-cde711951618,1777383010,0.5,1.0,no,"{""count_fp"":""1.00"",""created_time"":""2026-04-28T13:30:10.320367Z"",""no_price_dollars"":""0.5000"",""taker_side"":""no"",""ticker"":""KXETH15M-26APR280945-45"",""trade_id"":""209b0065-3c21-59f7-3053-cde711951618"",""yes_price_dollars"":""0.5000""}"
KXETH15M-26APR280945-45,b91eefda-0a81-6ef3-c372-6d7a1f730a98,1777383010,0.5,3.0,no,"{""count_fp"":""3.00"",""created_time"":""2026-04-28T13:30:10.169221Z"",""no_price_dollars"":""0.5000"",""taker_side"":""no"",""ticker"":""KXETH15M-26APR280945-45"",""trade_id"":""b91eefda-0a81-6ef3-c372-6d7a1f730a98"",""yes_price_dollars"":""0.5000""}"
KXETH15M-26APR280945-45,92bfc693-fad1-64a6-e6ff-5642a8f1d3b9,1777383010,0.51,4.0,no,"{""count_fp"":""4.00"",""created_time"":""2026-04-28T13:30:10.169221Z"",""no_price_dollars"":""0.4900"",""taker_side"":""no"",""ticker"":""KXETH15M-26APR280945-45"",""trade_id"":""92bfc693-fad1-64a6-e6ff-5642a8f1d3b9"",""yes_price_dollars"":""0.5100""}"
KXETH15M-26APR280945-45,541c4b46-a8c0-65ff-754c-dfffc89b17a1,1777383012,0.46,4.0,no,"{""count_fp"":""4.00"",""created_time"":""2026-04-28T13:30:12.578168Z"",""no_price_dollars"":""0.5400"",""taker_side"":""no"",""ticker"":""KXETH15M-26APR280945-45"",""trade_id"":""541c4b46-a8c0-65ff-754c-dfffc89b17a1"",""yes_price_dollars"":""0.4600""}"
KXETH15M-26APR280945-45,ff81b313-aca8-7356-8955-529fb34fc048,1777383013,0.44,10.47,yes,"{""count_fp"":""10.47"",""created_time"":""2026-04-28T13:30:13.973518Z"",""no_price_dollars"":""0.5600"",""taker_side"":""yes"",""ticker"":""KXETH15M-26APR280945-45"",""trade_id"":""ff81b313-aca8-7356-8955-529fb34fc048"",""yes_price_dollars"":""0.4400""}"
KXETH15M-26APR280945-45,be7ef536-308f-6ad6-f10c-ffaa088c9a41,1777383013,0.43,10.0,no,"{""count_fp"":""10.00"",""created_time"":""2026-04-28T13:30:13.577284Z"",""no_price_dollars"":""0.5700"",""taker_side"":""no"",""ticker"":""KXETH15M-26APR280945-45"",""trade_id"":""be7ef536-308f-6ad6-f10c-ffaa088c9a41"",""yes_price_dollars"":""0.4300""}"
KXETH15M-26APR280945-45,fd0acaee-18d0-654e-b606-bd1bea2180b4,1777383016,0.44,10.0,yes,"{""count_fp"":""10.00"",""created_time"":""2026-04-28T13:30:16.372239Z"",""no_price_dollars"":""0.5600"",""taker_side"":""yes"",""ticker"":""KXETH15M-26APR280945-45"",""trade_id"":""fd0acaee-18d0-654e-b606-bd1bea2180b4"",""yes_price_dollars"":""0.4400""}"
KXETH15M-26APR280945-45,6ad54fff-28a4-57c2-f82e-d9feb6cead9e,1777383022,0.45,10.0,yes,"{""count_fp"":""10.00"",""created_time"":""2026-04-28T13:30:22.699385Z"",""no_price_dollars"":""0.5500"",""taker_side"":""yes"",""ticker"":""KXETH15M-26APR280945-45"",""trade_id"":""6ad54fff-28a4-57c2-f82e-d9feb6cead9e"",""yes_price_dollars"":""0.4500""}"
KXETH15M-26APR280945-45,5adb705c-c710-7b5b-8cd4-6e10402e0cec,1777383026,0.52,10.0,yes,"{""count_fp"":""10.00"",""created_time"":""2026-04-28T13:30:26.363275Z"",""no_price_dollars"":""0.4800"",""taker_side"":""yes"",""ticker"":""KXETH15M-26APR280945-45"",""trade_id"":""5adb705c-c710-7b5b-8cd4-6e10402e0cec"",""yes_price_dollars"":""0.5200""}"
KXETH15M-26APR280945-45,33c4e3d5-9664-5d42-a4f9-0482d0ddd7c2,1777383026,0.46,5.0,no,"{""count_fp"":""5.00"",""created_time"":""2026-04-28T13:30:26.181908Z"",""no_price_dollars"":""0.5400"",""taker_side"":""no"",""ticker"":""KXETH15M-26APR280945-45"",""trade_id"":""33c4e3d5-9664-5d42-a4f9-0482d0ddd7c2"",""yes_price_dollars"":""0.4600""}"
KXETH15M-26APR280945-45,b2f6adf8-4eb8-59d2-41b8-74464ef6b2b3,1777383026,0.47,14.0,no,"{""count_fp"":""14.00"",""created_time"":""2026-04-28T13:30:26.077748Z"",""no_price_dollars"":""0.5300"",""taker_side"":""no"",""ticker"":""KXETH15M-26APR280945-45"",""trade_id"":""b2f6adf8-4eb8-59d2-41b8-74464ef6b2b3"",""yes_price_dollars"":""0.4700""}"
KXETH15M-26APR280945-45,ac24991f-1343-51ad-46bd-a1cdbd0bebfa,1777383026,0.47,10.0,no,"{""count_fp"":""10.00"",""created_time"":""2026-04-28T13:30:26.077748Z"",""no_price_dollars"":""0.5300"",""taker_side"":""no"",""ticker"":""KXETH15M-26APR280945-45"",""trade_id"":""ac24991f-1343-51ad-46bd-a1cdbd0bebfa"",""yes_price_dollars"":""0.4700""}"
KXETH15M-26APR280945-45,d7c5a42f-3611-7d2b-ddbd-283a11ecdc06,1777383028,0.49,2.0,no,"{""count_fp"":""2.00"",""created_time"":""2026-04-28T13:30:28.690118Z"",""no_price_dollars"":""0.5100"",""taker_side"":""no"",""ticker"":""KXETH15M-26APR280945-45"",""trade_id"":""d7c5a42f-3611-7d2b-ddbd-283a11ecdc06"",""yes_price_dollars"":""0.4900""}"
KXETH15M-26APR280945-45,468a18a7-513b-76a1-d57c-a7e5691a5424,1777383028,0.49,3.0,no,"{""count_fp"":""3.00"",""created_time"":""2026-04-28T13:30:28.690118Z"",""no_price_dollars"":""0.5100"",""taker_side"":""no"",""ticker"":""KXETH15M-26APR280945-45"",""trade_id"":""468a18a7-513b-76a1-d57c-a7e5691a5424"",""yes_price_dollars"":""0.4900""}"
KXETH15M-26APR280945-45,0ca59969-7dee-61d1-6fa4-257f3d48af95,1777383029,0.51,1.86,yes,"{""count_fp"":""1.86"",""created_time"":""2026-04-28T13:30:29.496997Z"",""no_price_dollars"":""0.4900"",""taker_side"":""yes"",""ticker"":""KXETH15M-26APR280945-45"",""trade_id"":""0ca59969-7dee-61d1-6fa4-257f3d48af95"",""yes_price_dollars"":""0.5100""}"
KXETH15M-26APR280945-45,de58f156-fcce-40c6-e4ff-981e3a606d32,1777383030,0.46,6.0,no,"{""count_fp"":""6.00"",""created_time"":""2026-04-28T13:30:30.199208Z"",""no_price_dollars"":""0.5400"",""taker_side"":""no"",""ticker"":""KXETH15M-26APR280945-45"",""trade_id"":""de58f156-fcce-40c6-e4ff-981e3a606d32"",""yes_price_dollars"":""0.4600""}"
KXETH15M-26APR280945-45,33b6a291-d646-7700-75e3-f5abd522c1ca,1777383033,0.48,2.0,yes,"{""count_fp"":""2.00"",""created_time"":""2026-04-28T13:30:33.664963Z"",""no_price_dollars"":""0.5200"",""taker_side"":""yes"",""ticker"":""KXETH15M-26APR280945-45"",""trade_id"":""33b6a291-d646-7700-75e3-f5abd522c1ca"",""yes_price_dollars"":""0.4800""}"
KXETH15M-26APR280945-45,840d0f3f-98b3-5f35-8284-aa434bb841d4,1777383033,0.46,6.0,no,"{""count_fp"":""6.00"",""created_time"":""2026-04-28T13:30:33.346319Z"",""no_price_dollars"":""0.5400"",""taker_side"":""no"",""ticker"":""KXETH15M-26APR280945-45"",""trade_id"":""840d0f3f-98b3-5f35-8284-aa434bb841d4"",""yes_price_dollars"":""0.4600""}"
KXETH15M-26APR280945-45,7807618b-67ec-48a5-9107-382696e660de,1777383035,0.48,5.0,no,"{""count_fp"":""5.00"",""created_time"":""2026-04-28T13:30:35.456268Z"",""no_price_dollars"":""0.5200"",""taker_side"":""no"",""ticker"":""KXETH15M-26APR280945-45"",""trade_id"":""7807618b-67ec-48a5-9107-382696e660de"",""yes_price_dollars"":""0.4800""}"
KXETH15M-26APR280945-45,71ed4ae9-33f1-446e-72da-32a6db72be86,1777383037,0.5,1.0,yes,"{""count_fp"":""1.00"",""created_time"":""2026-04-28T13:30:37.136621Z"",""no_price_dollars"":""0.5000"",""taker_side"":""yes"",""ticker"":""KXETH15M-26APR280945-45"",""trade_id"":""71ed4ae9-33f1-446e-72da-32a6db72be86"",""yes_price_dollars"":""0.5000""}"
KXETH15M-26APR280945-45,81cc1b61-dbfe-71d1-b21e-5d27e278ec4d,1777383042,0.49,10.0,yes,"{""count_fp"":""10.00"",""created_time"":""2026-04-28T13:30:42.966845Z"",""no_price_dollars"":""0.5100"",""taker_side"":""yes"",""ticker"":""KXETH15M-26APR280945-45"",""trade_id"":""81cc1b61-dbfe-71d1-b21e-5d27e278ec4d"",""yes_price_dollars"":""0.4900""}"
KXETH15M-26APR280945-45,619171ff-f558-7cad-a32d-8608d3889107,1777383042,0.49,9.12,yes,"{""count_fp"":""9.12"",""created_time"":""2026-04-28T13:30:42.966845Z"",""no_price_dollars"":""0.5100"",""taker_side"":""yes"",""ticker"":""KXETH15M-26APR280945-45"",""trade_id"":""619171ff-f558-7cad-a32d-8608d3889107"",""yes_price_dollars"":""0.4900""}"
KXETH15M-26APR280945-45,4130116a-1654-73b5-3fdc-ec1745cfaafa,1777383042,0.48,5.0,no,"{""count_fp"":""5.00"",""created_time"":""2026-04-28T13:30:42.068686Z"",""no_price_dollars"":""0.5200"",""taker_side"":""no"",""ticker"":""KXETH15M-26APR280945-45"",""trade_id"":""4130116a-1654-73b5-3fdc-ec1745cfaafa"",""yes_price_dollars"":""0.4800""}"
KXETH15M-26APR280945-45,ffba6507-9623-70ac-d45d-7a257280a7ae,1777383050,0.46,1.0,no,"{""count_fp"":""1.00"",""created_time"":""2026-04-28T13:30:50.243089Z"",""no_price_dollars"":""0.5400"",""taker_side"":""no"",""ticker"":""KXETH15M-26APR280945-45"",""trade_id"":""ffba6507-9623-70ac-d45d-7a257280a7ae"",""yes_price_dollars"":""0.4600""}"
KXETH15M-26APR280945-45,d0f2b8a0-f291-65fb-39cf-7e0ee6eb80c8,1777383052,0.43,7.0,yes,"{""count_fp"":""7.00"",""created_time"":""2026-04-28T13:30:52.586995Z"",""no_price_dollars"":""0.5700"",""taker_side"":""yes"",""ticker"":""KXETH15M-26APR280945-45"",""trade_id"":""d0f2b8a0-f291-65fb-39cf-7e0ee6eb80c8"",""yes_price_dollars"":""0.4300""}"
KXETH15M-26APR280945-45,06bc8198-de17-6912-1a54-6df783b66f25,1777383052,0.43,3.0,yes,"{""count_fp"":""3.00"",""created_time"":""2026-04-28T13:30:52.586995Z"",""no_price_dollars"":""0.5700"",""taker_side"":""yes"",""ticker"":""KXETH15M-26APR280945-45"",""trade_id"":""06bc8198-de17-6912-1a54-6df783b66f25"",""yes_price_dollars"":""0.4300""}"
KXETH15M-26APR280945-45,98ef35b2-3bba-6ef2-8beb-13b610d28aba,1777383052,0.41,5.0,no,"{""count_fp"":""5.00"",""created_time"":""2026-04-28T13:30:52.246108Z"",""no_price_dollars"":""0.5900"",""taker_side"":""no"",""ticker"":""KXETH15M-26APR280945-45"",""trade_id"":""98ef35b2-3bba-6ef2-8beb-13b610d28aba"",""yes_price_dollars"":""0.4100""}"
KXETH15M-26APR280945-45,dc217d55-be40-6859-a3fb-5ce0370382d8,1777383054,0.4,7.0,no,"{""count_fp"":""7.00"",""created_time"":""2026-04-28T13:30:54.697144Z"",""no_price_dollars"":""0.6000"",""taker_side"":""no"",""ticker"":""KXETH15M-26APR280945-45"",""trade_id"":""dc217d55-be40-6859-a3fb-5ce0370382d8"",""yes_price_dollars"":""0.4000""}"
KXETH15M-26APR280945-45,999db386-d056-6b3e-b720-1db587462262,1777383054,0.36,10.0,no,"{""count_fp"":""10.00"",""created_time"":""2026-04-28T13:30:54.697144Z"",""no_price_dollars"":""0.6400"",""taker_side"":""no"",""ticker"":""KXETH15M-26APR280945-45"",""trade_id"":""999db386-d056-6b3e-b720-1db587462262"",""yes_price_dollars"":""0.3600""}"
KXETH15M-26APR280945-45,47bb71b5-e5cf-6f45-aaa6-50d2201b0e94,1777383054,0.35,33.0,no,"{""count_fp"":""33.00"",""created_time"":""2026-04-28T13:30:54.697144Z"",""no_price_dollars"":""0.6500"",""taker_side"":""no"",""ticker"":""KXETH15M-26APR280945-45"",""trade_id"":""47bb71b5-e5cf-6f45-aaa6-50d2201b0e94"",""yes_price_dollars"":""0.3500""}"
KXETH15M-26APR280945-45,b32cbc31-f0bc-6fdd-da28-ca081a4ce738,1777383054,0.4,5.0,no,"{""count_fp"":""5.00"",""created_time"":""2026-04-28T13:30:54.616328Z"",""no_price_dollars"":""0.6000"",""taker_side"":""no"",""ticker"":""KXETH15M-26APR280945-45"",""trade_id"":""b32cbc31-f0bc-6fdd-da28-ca081a4ce738"",""yes_price_dollars"":""0.4000""}"
KXETH15M-26APR280945-45,0ba228ab-b2e2-4160-104c-4addd001424b,1777383056,0.38,10.0,no,"{""count_fp"":""10.00"",""created_time"":""2026-04-28T13:30:56.485455Z"",""no_price_dollars"":""0.6200"",""taker_side"":""no"",""ticker"":""KXETH15M-26APR280945-45"",""trade_id"":""0ba228ab-b2e2-4160-104c-4addd001424b"",""yes_price_dollars"":""0.3800""}"
KXETH15M-26APR280945-45,f3edd5cb-2cd8-5edb-ce66-c056f0fa518f,1777383056,0.38,10.0,yes,"{""count_fp"":""10.00"",""created_time"":""2026-04-28T13:30:56.485235Z"",""no_price_dollars"":""0.6200"",""taker_side"":""yes"",""ticker"":""KXETH15M-26APR280945-45"",""trade_id"":""f3edd5cb-2cd8-5edb-ce66-c056f0fa518f"",""yes_price_dollars"":""0.3800""}"
KXETH15M-26APR280945-45,6ce93b2e-a972-6f1b-b380-8f84db50ac91,1777383059,0.46,1.0,no,"{""count_fp"":""1.00"",""created_time"":""2026-04-28T13:30:59.353312Z"",""no_price_dollars"":""0.5400"",""taker_side"":""no"",""ticker"":""KXETH15M-26APR280945-45"",""trade_id"":""6ce93b2e-a972-6f1b-b380-8f84db50ac91"",""yes_price_dollars"":""0.4600""}"
KXETH15M-26APR280945-45,a6bbb884-05d6-40e8-423e-2348a9f4ed44,1777383061,0.4,17.0,no,"{""count_fp"":""17.00"",""created_time"":""2026-04-28T13:31:01.583208Z"",""no_price_dollars"":""0.6000"",""taker_side"":""no"",""ticker"":""KXETH15M-26APR280945-45"",""trade_id"":""a6bbb884-05d6-40e8-423e-2348a9f4ed44"",""yes_price_dollars"":""0.4000""}"
KXETH15M-26APR280945-45,9434ca9e-6ede-761c-6539-b9646989387c,1777383061,0.4,1.0,no,"{""count_fp"":""1.00"",""created_time"":""2026-04-28T13:31:01.164041Z"",""no_price_dollars"":""0.6000"",""taker_side"":""no"",""ticker"":""KXETH15M-26APR280945-45"",""trade_id"":""9434ca9e-6ede-761c-6539-b9646989387c"",""yes_price_dollars"":""0.4000""}"
KXETH15M-26APR280945-45,87dd44b5-bc7b-4702-f44b-001dd63944ea,1777383063,0.41,10.0,no,"{""count_fp"":""10.00"",""created_time"":""2026-04-28T13:31:03.388141Z"",""no_price_dollars"":""0.5900"",""taker_side"":""no"",""ticker"":""KXETH15M-26APR280945-45"",""trade_id"":""87dd44b5-bc7b-4702-f44b-001dd63944ea"",""yes_price_dollars"":""0.4100""}"
KXETH15M-26APR280945-45,46eef941-6ce2-6658-a729-26b5ac378fac,1777383070,0.37,1.0,no,"{""count_fp"":""1.00"",""created_time"":""2026-04-28T13:31:10.948751Z"",""no_price_dollars"":""0.6300"",""taker_side"":""no"",""ticker"":""KXETH15M-26APR280945-45"",""trade_id"":""46eef941-6ce2-6658-a729-26b5ac378fac"",""yes_price_dollars"":""0.3700""}"
KXETH15M-26APR280945-45,1cf26eca-ae0e-5be8-5865-0802c8237efc,1777383074,0.34,1.47,no,"{""count_fp"":""1.47"",""created_time"":""2026-04-28T13:31:14.867805Z"",""no_price_dollars"":""0.6600"",""taker_side"":""no"",""ticker"":""KXETH15M-26APR280945-45"",""trade_id"":""1cf26eca-ae0e-5be8-5865-0802c8237efc"",""yes_price_dollars"":""0.3400""}"
KXETH15M-26APR280945-45,dbfa1f17-7c32-6d50-ec88-8721bb479194,1777383074,0.34,34.0,no,"{""count_fp"":""34.00"",""created_time"":""2026-04-28T13:31:14.130609Z"",""no_price_dollars"":""0.6600"",""taker_side"":""no"",""ticker"":""KXETH15M-26APR280945-45"",""trade_id"":""dbfa1f17-7c32-6d50-ec88-8721bb479194"",""yes_price_dollars"":""0.3400""}"
KXETH15M-26APR280945-45,a7acd315-4103-65c0-c601-e68e4374d287,1777383074,0.36,5.0,no,"{""count_fp"":""5.00"",""created_time"":""2026-04-28T13:31:14.130609Z"",""no_price_dollars"":""0.6400"",""taker_side"":""no"",""ticker"":""KXETH15M-26APR280945-45"",""trade_id"":""a7acd315-4103-65c0-c601-e68e4374d287"",""yes_price_dollars"":""0.3600""}"
KXETH15M-26APR280945-45,41fb6ffd-9b3c-6433-dbb7-982d25b6e39c,1777383075,0.36,1.0,yes,"{""count_fp"":""1.00"",""created_time"":""2026-04-28T13:31:15.533845Z"",""no_price_dollars"":""0.6400"",""taker_side"":""yes"",""ticker"":""KXETH15M-26APR280945-45"",""trade_id"":""41fb6ffd-9b3c-6433-dbb7-982d25b6e39c"",""yes_price_dollars"":""0.3600""}"
KXETH15M-26APR280945-45,d1b65c1c-8202-6467-fbc3-ec8545970135,1777383077,0.4,10.0,yes,"{""count_fp"":""10.00"",""created_time"":""2026-04-28T13:31:17.552205Z"",""no_price_dollars"":""0.6000"",""taker_side"":""yes"",""ticker"":""KXETH15M-26APR280945-45"",""trade_id"":""d1b65c1c-8202-6467-fbc3-ec8545970135"",""yes_price_dollars"":""0.4000""}"
KXETH15M-26APR280945-45,6637ae93-f4b1-6e25-fd64-e3fb30e80b53,1777383077,0.42,86.0,yes,"{""count_fp"":""86.00"",""created_time"":""2026-04-28T13:31:17.552205Z"",""no_price_dollars"":""0.5800"",""taker_side"":""yes"",""ticker"":""KXETH15M-26APR280945-45"",""trade_id"":""6637ae93-f4b1-6e25-fd64-e3fb30e80b53"",""yes_price_dollars"":""0.4200""}"
KXETH15M-26APR280945-45,97915fc6-9056-5760-7ac2-34dbe4d8d228,1777383078,0.4,38.1,no,"{""count_fp"":""38.10"",""created_time"":""2026-04-28T13:31:18.912747Z"",""no_price_dollars"":""0.6000"",""taker_side"":""no"",""ticker"":""KXETH15M-26APR280945-45"",""trade_id"":""97915fc6-9056-5760-7ac2-34dbe4d8d228"",""yes_price_dollars"":""0.4000""}"
KXETH15M-26APR280945-45,dc6c2bf0-dcba-71ef-1186-517b43e0c2db,1777383080,0.4,1.0,no,"{""count_fp"":""1.00"",""created_time"":""2026-04-28T13:31:20.294058Z"",""no_price_dollars"":""0.6000"",""taker_side"":""no"",""ticker"":""KXETH15M-26APR280945-45"",""trade_id"":""dc6c2bf0-dcba-71ef-1186-517b43e0c2db"",""yes_price_dollars"":""0.4000""}"
KXETH15M-26APR280945-45,a63e1727-c2ce-7708-2c97-027e0630d3a0,1777383080,0.38,4.0,no,"{""count_fp"":""4.00"",""created_time"":""2026-04-28T13:31:20.294058Z"",""no_price_dollars"":""0.6200"",""taker_side"":""no"",""ticker"":""KXETH15M-26APR280945-45"",""trade_id"":""a63e1727-c2ce-7708-2c97-027e0630d3a0"",""yes_price_dollars"":""0.3800""}"
KXETH15M-26APR280945-45,c8c97a9b-38f0-4e5c-8c87-9ba82d6af4fe,1777383086,0.36,1.0,yes,"{""count_fp"":""1.00"",""created_time"":""2026-04-28T13:31:26.911256Z"",""no_price_dollars"":""0.6400"",""taker_side"":""yes"",""ticker"":""KXETH15M-26APR280945-45"",""trade_id"":""c8c97a9b-38f0-4e5c-8c87-9ba82d6af4fe"",""yes_price_dollars"":""0.3600""}"
KXETH15M-26APR280945-45,c911f5cf-e898-49dd-8dcb-c08e1815920d,1777383086,0.36,1.0,no,"{""count_fp"":""1.00"",""created_time"":""2026-04-28T13:31:26.710796Z"",""no_price_dollars"":""0.6400"",""taker_side"":""no"",""ticker"":""KXETH15M-26APR280945-45"",""trade_id"":""c911f5cf-e898-49dd-8dcb-c08e1815920d"",""yes_price_dollars"":""0.3600""}"
KXETH15M-26APR280945-45,32963dea-d00d-6905-92da-d827da303ba7,1777383086,0.37,1.0,yes,"{""count_fp"":""1.00"",""created_time"":""2026-04-28T13:31:26.596699Z"",""no_price_dollars"":""0.6300"",""taker_side"":""yes"",""ticker"":""KXETH15M-26APR280945-45"",""trade_id"":""32963dea-d00d-6905-92da-d827da303ba7"",""yes_price_dollars"":""0.3700""}"
KXETH15M-26APR280945-45,d07b2632-15e6-6a05-1bcc-0e96c8dfbc6a,1777383086,0.36,5.0,no,"{""count_fp"":""5.00"",""created_time"":""2026-04-28T13:31:26.444517Z"",""no_price_dollars"":""0.6400"",""taker_side"":""no"",""ticker"":""KXETH15M-26APR280945-45"",""trade_id"":""d07b2632-15e6-6a05-1bcc-0e96c8dfbc6a"",""yes_price_dollars"":""0.3600""}"
KXETH15M-26APR280945-45,76b49cf5-3ccc-6569-14bf-8b242e6130ed,1777383086,0.36,4.0,no,"{""count_fp"":""4.00"",""created_time"":""2026-04-28T13:31:26.444517Z"",""no_price_dollars"":""0.6400"",""taker_side"":""no"",""ticker"":""KXETH15M-26APR280945-45"",""trade_id"":""76b49cf5-3ccc-6569-14bf-8b242e6130ed"",""yes_price_dollars"":""0.3600""}"
KXETH15M-26APR280945-45,1403e709-829e-6390-e6d1-9c93c210a5a0,1777383092,0.31,28.36,no,"{""count_fp"":""28.36"",""created_time"":""2026-04-28T13:31:32.985797Z"",""no_price_dollars"":""0.6900"",""taker_side"":""no"",""ticker"":""KXETH15M-26APR280945-45"",""trade_id"":""1403e709-829e-6390-e6d1-9c93c210a5a0"",""yes_price_dollars"":""0.3100""}"
KXETH15M-26APR280945-45,782df4ba-a957-5170-daea-9f632a394cfc,1777383106,0.31,2.0,no,"{""count_fp"":""2.00"",""created_time"":""2026-04-28T13:31:46.702833Z"",""no_price_dollars"":""0.6900"",""taker_side"":""no"",""ticker"":""KXETH15M-26APR280945-45"",""trade_id"":""782df4ba-a957-5170-daea-9f632a394cfc"",""yes_price_dollars"":""0.3100""}"
KXETH15M-26APR280945-45,e52fbf10-f6e6-575c-607a-c9c3c9b2c4bf,1777383108,0.32,8.43,no,"{""count_fp"":""8.43"",""created_time"":""2026-04-28T13:31:48.592308Z"",""no_price_dollars"":""0.6800"",""taker_side"":""no"",""ticker"":""KXETH15M-26APR280945-45"",""trade_id"":""e52fbf10-f6e6-575c-607a-c9c3c9b2c4bf"",""yes_price_dollars"":""0.3200""}"
KXETH15M-26APR280945-45,44a51dbc-0aaf-5b38-5bb2-867d9505df64,1777383108,0.32,10.0,no,"{""count_fp"":""10.00"",""created_time"":""2026-04-28T13:31:48.592308Z"",""no_price_dollars"":""0.6800"",""taker_side"":""no"",""ticker"":""KXETH15M-26APR280945-45"",""trade_id"":""44a51dbc-0aaf-5b38-5bb2-867d9505df64"",""yes_price_dollars"":""0.3200""}"
KXETH15M-26APR280945-45,384467ed-c0b2-587c-7fba-158144be5c34,1777383108,0.31,2.69,no,"{""count_fp"":""2.69"",""created_time"":""2026-04-28T13:31:48.592308Z"",""no_price_dollars"":""0.6900"",""taker_side"":""no"",""ticker"":""KXETH15M-26APR280945-45"",""trade_id"":""384467ed-c0b2-587c-7fba-158144be5c34"",""yes_price_dollars"":""0.3100""}"
KXETH15M-26APR280945-45,5115a30e-f136-65c7-b4cc-fca873a3a2e3,1777383116,0.32,1.0,no,"{""count_fp"":""1.00"",""created_time"":""2026-04-28T13:31:56.849715Z"",""no_price_dollars"":""0.6800"",""taker_side"":""no"",""ticker"":""KXETH15M-26APR280945-45"",""trade_id"":""5115a30e-f136-65c7-b4cc-fca873a3a2e3"",""yes_price_dollars"":""0.3200""}"
KXETH15M-26APR280945-45,119b2d3d-0f6b-69de-8ffc-3ac5ef7de598,1777383118,0.3,5.0,no,"{""count_fp"":""5.00"",""created_time"":""2026-04-28T13:31:58.727088Z"",""no_price_dollars"":""0.7000"",""taker_side"":""no"",""ticker"":""KXETH15M-26APR280945-45"",""trade_id"":""119b2d3d-0f6b-69de-8ffc-3ac5ef7de598"",""yes_price_dollars"":""0.3000""}"
KXETH15M-26APR280945-45,57d1dca5-61da-5424-1b62-1fa86829c604,1777383121,0.3,8.0,no,"{""count_fp"":""8.00"",""created_time"":""2026-04-28T13:32:01.315363Z"",""no_price_dollars"":""0.7000"",""taker_side"":""no"",""ticker"":""KXETH15M-26APR280945-45"",""trade_id"":""57d1dca5-61da-5424-1b62-1fa86829c604"",""yes_price_dollars"":""0.3000""}"
KXETH15M-26APR280945-45,8bbe4063-4232-4f51-8786-76051b192171,1777383121,0.3,2.0,no,"{""count_fp"":""2.00"",""created_time"":""2026-04-28T13:32:01.176314Z"",""no_price_dollars"":""0.7000"",""taker_side"":""no"",""ticker"":""KXETH15M-26APR280945-45"",""trade_id"":""8bbe4063-4232-4f51-8786-76051b192171"",""yes_price_dollars"":""0.3000""}"
KXETH15M-26APR280945-45,d348d31b-ac2d-440d-1776-f7218f93498f,1777383125,0.34,10.0,yes,"{""count_fp"":""10.00"",""created_time"":""2026-04-28T13:32:05.145307Z"",""no_price_dollars"":""0.6600"",""taker_side"":""yes"",""ticker"":""KXETH15M-26APR280945-45"",""trade_id"":""d348d31b-ac2d-440d-1776-f7218f93498f"",""yes_price_dollars"":""0.3400""}"
KXETH15M-26APR280945-45,80e2f8de-c1ec-415e-290d-85cdaf8ec54d,1777383125,0.32,2.0,yes,"{""count_fp"":""2.00"",""created_time"":""2026-04-28T13:32:05.145307Z"",""no_price_dollars"":""0.6800"",""taker_side"":""yes"",""ticker"":""KXETH15M-26APR280945-45"",""trade_id"":""80e2f8de-c1ec-415e-290d-85cdaf8ec54d"",""yes_price_dollars"":""0.3200""}"
KXETH15M-26APR280945-45,730b29d3-b500-7203-4a04-0b527107fc16,1777383127,0.37,1.0,yes,"{""count_fp"":""1.00"",""created_time"":""2026-04-28T13:32:07.171579Z"",""no_price_dollars"":""0.6300"",""taker_side"":""yes"",""ticker"":""KXETH15M-26APR280945-45"",""trade_id"":""730b29d3-b500-7203-4a04-0b527107fc16"",""yes_price_dollars"":""0.3700""}"
KXETH15M-26APR280945-45,2e1f74b0-4388-7444-6409-6bcdc3722a06,1777383127,0.37,1.53,yes,"{""count_fp"":""1.53"",""created_time"":""2026-04-28T13:32:07.171579Z"",""no_price_dollars"":""0.6300"",""taker_side"":""yes"",""ticker"":""KXETH15M-26APR280945-45"",""trade_id"":""2e1f74b0-4388-7444-6409-6bcdc3722a06"",""yes_price_dollars"":""0.3700""}"
KXETH15M-26APR280945-45,58c7aeaf-0d36-4ac9-3b0a-63a3b7fbb8ab,1777383131,0.33,10.0,yes,"{""count_fp"":""10.00"",""created_time"":""2026-04-28T13:32:11.874926Z"",""no_price_dollars"":""0.6700"",""taker_side"":""yes"",""ticker"":""KXETH15M-26APR280945-45"",""trade_id"":""58c7aeaf-0d36-4ac9-3b0a-63a3b7fbb8ab"",""yes_price_dollars"":""0.3300""}"
KXETH15M-26APR280945-45,9c5a21f3-a82c-5beb-9a33-46327dad451b,1777383135,0.33,10.0,yes,"{""count_fp"":""10.00"",""created_time"":""2026-04-28T13:32:15.278902Z"",""no_price_dollars"":""0.6700"",""taker_side"":""yes"",""ticker"":""KXETH15M-26APR280945-45"",""trade_id"":""9c5a21f3-a82c-5beb-9a33-46327dad451b"",""yes_price_dollars"":""0.3300""}"
KXETH15M-26APR280945-45,91ca5f2d-6914-74cf-e46a-0cf377a35cde,1777383137,0.33,7.0,no,"{""count_fp"":""7.00"",""created_time"":""2026-04-28T13:32:17.514861Z"",""no_price_dollars"":""0.6700"",""taker_side"":""no"",""ticker"":""KXETH15M-26APR280945-45"",""trade_id"":""91ca5f2d-6914-74cf-e46a-0cf377a35cde"",""yes_price_dollars"":""0.3300""}"
KXETH15M-26APR280945-45,2c51857f-d470-4c6f-a2f2-b6fff66dc6a2,1777383137,0.33,140.0,no,"{""count_fp"":""140.00"",""created_time"":""2026-04-28T13:32:17.006707Z"",""no_price_dollars"":""0.6700"",""taker_side"":""no"",""ticker"":""KXETH15M-26APR280945-45"",""trade_id"":""2c51857f-d470-4c6f-a2f2-b6fff66dc6a2"",""yes_price_dollars"":""0.3300""}"
KXETH15M-26APR280945-45,348adb86-eb7c-697f-ce52-d805576d34da,1777383140,0.33,40.0,no,"{""count_fp"":""40.00"",""created_time"":""2026-04-28T13:32:20.941672Z"",""no_price_dollars"":""0.6700"",""taker_side"":""no"",""ticker"":""KXETH15M-26APR280945-45"",""trade_id"":""348adb86-eb7c-697f-ce52-d805576d34da"",""yes_price_dollars"":""0.3300""}"
KXETH15M-26APR280945-45,e9f47d26-709d-488b-ad9c-db95baf7d60d,1777383141,0.36,10.0,yes,"{""count_fp"":""10.00"",""created_time"":""2026-04-28T13:32:21.154141Z"",""no_price_dollars"":""0.6400"",""taker_side"":""yes"",""ticker"":""KXETH15M-26APR280945-45"",""trade_id"":""e9f47d26-709d-488b-ad9c-db95baf7d60d"",""yes_price_dollars"":""0.3600""}"
KXETH15M-26APR280945-45,99a2484e-1c06-4328-a264-6a12e3534531,1777383141,0.36,10.0,yes,"{""count_fp"":""10.00"",""created_time"":""2026-04-28T13:32:21.154141Z"",""no_price_dollars"":""0.6400"",""taker_side"":""yes"",""ticker"":""KXETH15M-26APR280945-45"",""trade_id"":""99a2484e-1c06-4328-a264-6a12e3534531"",""yes_price_dollars"":""0.3600""}"
KXETH15M-26APR280945-45,482f4d04-527c-4280-8f1a-552ee05c9476,1777383141,0.36,20.0,yes,"{""count_fp"":""20.00"",""created_time"":""2026-04-28T13:32:21.154141Z"",""no_price_dollars"":""0.6400"",""taker_side"":""yes"",""ticker"":""KXETH15M-26APR280945-45"",""trade_id"":""482f4d04-527c-4280-8f1a-552ee05c9476"",""yes_price_dollars"":""0.3600""}"
KXETH15M-26APR280945-45,8039aaec-234e-4074-830e-9b8e62770a60,1777383144,0.34,6.0,no,"{""count_fp"":""6.00"",""created_time"":""2026-04-28T13:32:24.330899Z"",""no_price_dollars"":""0.6600"",""taker_side"":""no"",""ticker"":""KXETH15M-26APR280945-45"",""trade_id"":""8039aaec-234e-4074-830e-9b8e62770a60"",""yes_price_dollars"":""0.3400""}"
KXETH15M-26APR280945-45,5a329ba9-e4ae-51a4-527d-aa051ed1ec64,1777383147,0.34,20.0,no,"{""count_fp"":""20.00"",""created_time"":""2026-04-28T13:32:27.242497Z"",""no_price_dollars"":""0.6600"",""taker_side"":""no"",""ticker"":""KXETH15M-26APR280945-45"",""trade_id"":""5a329ba9-e4ae-51a4-527d-aa051ed1ec64"",""yes_price_dollars"":""0.3400""}"
KXETH15M-26APR280945-45,73cb1664-cb46-40c4-c59c-35855312d4f0,1777383148,0.34,1.0,no,"{""count_fp"":""1.00"",""created_time"":""2026-04-28T13:32:28.771741Z"",""no_price_dollars"":""0.6600"",""taker_side"":""no"",""ticker"":""KXETH15M-26APR280945-45"",""trade_id"":""73cb1664-cb46-40c4-c59c-35855312d4f0"",""yes_price_dollars"":""0.3400""}"
KXETH15M-26APR280945-45,332fac46-d0b6-6834-5e37-2f37ccd66624,1777383150,0.34,1.0,no,"{""count_fp"":""1.00"",""created_time"":""2026-04-28T13:32:30.173695Z"",""no_price_dollars"":""0.6600"",""taker_side"":""no"",""ticker"":""KXETH15M-26APR280945-45"",""trade_id"":""332fac46-d0b6-6834-5e37-2f37ccd66624"",""yes_price_dollars"":""0.3400""}"
KXETH15M-26APR280945-45,79277948-3a26-4010-5ced-da5f442f8204,1777383151,0.36,1.46,no,"{""count_fp"":""1.46"",""created_time"":""2026-04-28T13:32:31.049873Z"",""no_price_dollars"":""0.6400"",""taker_side"":""no"",""ticker"":""KXETH15M-26APR280945-45"",""trade_id"":""79277948-3a26-4010-5ced-da5f442f8204"",""yes_price_dollars"":""0.3600""}"
KXETH15M-26APR280945-45,4574bc03-2809-625d-e51b-fb12b53ffddb,1777383153,0.39,550.0,yes,"{""count_fp"":""550.00"",""created_time"":""2026-04-28T13:32:33.049345Z"",""no_price_dollars"":""0.6100"",""taker_side"":""yes"",""ticker"":""KXETH15M-26APR280945-45"",""trade_id"":""4574bc03-2809-625d-e51b-fb12b53ffddb"",""yes_price_dollars"":""0.3900""}"
KXETH15M-26APR280945-45,f6223d30-4e6e-591c-3224-eac934c07036,1777383155,0.47,7.0,yes,"{""count_fp"":""7.00"",""created_time"":""2026-04-28T13:32:35.195359Z"",""no_price_dollars"":""0.5300"",""taker_side"":""yes"",""ticker"":""KXETH15M-26APR280945-45"",""trade_id"":""f6223d30-4e6e-591c-3224-eac934c07036"",""yes_price_dollars"":""0.4700""}"
KXETH15M-26APR280945-45,93a68c2f-3ef6-7b6c-6609-50e4d21e5296,1777383155,0.47,7.0,yes,"{""count_fp"":""7.00"",""created_time"":""2026-04-28T13:32:35.171286Z"",""no_price_dollars"":""0.5300"",""taker_side"":""yes"",""ticker"":""KXETH15M-26APR280945-45"",""trade_id"":""93a68c2f-3ef6-7b6c-6609-50e4d21e5296"",""yes_price_dollars"":""0.4700""}"
KXETH15M-26APR280945-45,75397ce5-4bce-52c8-ae6e-cc69f03d66b2,1777383155,0.47,28.0,yes,"{""count_fp"":""28.00"",""created_time"":""2026-04-28T13:32:35.155025Z"",""no_price_dollars"":""0.5300"",""taker_side"":""yes"",""ticker"":""KXETH15M-26APR280945-45"",""trade_id"":""75397ce5-4bce-52c8-ae6e-cc69f03d66b2"",""yes_price_dollars"":""0.4700""}"
KXETH15M-26APR280945-45,e765b0b9-99ca-4cb8-6565-1be82b5c3604,1777383155,0.46,7.0,yes,"{""count_fp"":""7.00"",""created_time"":""2026-04-28T13:32:35.136532Z"",""no_price_dollars"":""0.5400"",""taker_side"":""yes"",""ticker"":""KXETH15M-26APR280945-45"",""trade_id"":""e765b0b9-99ca-4cb8-6565-1be82b5c3604"",""yes_price_dollars"":""0.4600""}"
KXETH15M-26APR280945-45,409eeeb0-5202-4414-4647-6c2a46047e9e,1777383155,0.47,4.0,yes,"{""count_fp"":""4.00"",""created_time"":""2026-04-28T13:32:35.136532Z"",""no_price_dollars"":""0.5300"",""taker_side"":""yes"",""ticker"":""KXETH15M-26APR280945-45"",""trade_id"":""409eeeb0-5202-4414-4647-6c2a46047e9e"",""yes_price_dollars"":""0.4700""}"
KXETH15M-26APR280945-45,e2c79e71-7f4a-5ff0-1270-5c113fe5bf28,1777383155,0.46,21.0,yes,"{""count_fp"":""21.00"",""created_time"":""2026-04-28T13:32:35.117477Z"",""no_price_dollars"":""0.5400"",""taker_side"":""yes"",""ticker"":""KXETH15M-26APR280945-45"",""trade_id"":""e2c79e71-7f4a-5ff0-1270-5c113fe5bf28"",""yes_price_dollars"":""0.4600""}"
KXETH15M-26APR280945-45,96c86391-de2e-524b-24c4-2806b0e49fa7,1777383155,0.44,10.0,yes,"{""count_fp"":""10.00"",""created_time"":""2026-04-28T13:32:35.105083Z"",""no_price_dollars"":""0.5600"",""taker_side"":""yes"",""ticker"":""KXETH15M-26APR280945-45"",""trade_id"":""96c86391-de2e-524b-24c4-2806b0e49fa7"",""yes_price_dollars"":""0.4400""}"
KXETH15M-26APR280945-45,8f46b450-251b-54e7-351b-e09133570041,1777383155,0.45,1.0,yes,"{""count_fp"":""1.00"",""created_time"":""2026-04-28T13:32:35.105083Z"",""no_price_dollars"":""0.5500"",""taker_side"":""yes"",""ticker"":""KXETH15M-26APR280945-45"",""trade_id"":""8f46b450-251b-54e7-351b-e09133570041"",""yes_price_dollars"":""0.4500""}"
KXETH15M-26APR280945-45,7059cf8b-ed53-728e-b15a-7b7c21ddbff6,1777383155,0.44,10.0,yes,"{""count_fp"":""10.00"",""created_time"":""2026-04-28T13:32:35.090234Z"",""no_price_dollars"":""0.5600"",""taker_side"":""yes"",""ticker"":""KXETH15M-26APR280945-45"",""trade_id"":""7059cf8b-ed53-728e-b15a-7b7c21ddbff6"",""yes_price_dollars"":""0.4400""}"
KXETH15M-26APR280945-45,fa8cb88a-fe96-7570-b3dd-850cccba8a72,1777383156,0.47,454.0,yes,"{""count_fp"":""454.00"",""created_time"":""2026-04-28T13:32:36.082277Z"",""no_price_dollars"":""0.5300"",""taker_side"":""yes"",""ticker"":""KXETH15M-26APR280945-45"",""trade_id"":""fa8cb88a-fe96-7570-b3dd-850cccba8a72"",""yes_price_dollars"":""0.4700""}"
KXETH15M-26APR280945-45,38d2d8ad-1e3e-7c68-b894-0eb8e62839e7,1777383157,0.48,3.0,yes,"{""count_fp"":""3.00"",""created_time"":""2026-04-28T13:32:37.490672Z"",""no_price_dollars"":""0.5200"",""taker_side"":""yes"",""ticker"":""KXETH15M-26APR280945-45"",""trade_id"":""38d2d8ad-1e3e-7c68-b894-0eb8e62839e7"",""yes_price_dollars"":""0.4800""}"
KXETH15M-26APR280945-45,90a0e0cf-c2c8-5422-8dd6-7a71fac0258b,1777383158,0.54,3.0,yes,"{""count_fp"":""3.00"",""created_time"":""2026-04-28T13:32:38.524974Z"",""no_price_dollars"":""0.4600"",""taker_side"":""yes"",""ticker"":""KXETH15M-26APR280945-45"",""trade_id"":""90a0e0cf-c2c8-5422-8dd6-7a71fac0258b"",""yes_price_dollars"":""0.5400""}"
KXETH15M-26APR280945-45,70c6f558-305c-5299-c6d2-934562f97746,1777383159,0.55,1.0,yes,"{""count_fp"":""1.00"",""created_time"":""2026-04-28T13:32:39.131368Z"",""no_price_dollars"":""0.4500"",""taker_side"":""yes"",""ticker"":""KXETH15M-26APR280945-45"",""trade_id"":""70c6f558-305c-5299-c6d2-934562f97746"",""yes_price_dollars"":""0.5500""}"
KXETH15M-26APR280945-45,bb843e69-ed37-40b1-5fee-f53400624690,1777383166,0.51,19.0,no,"{""count_fp"":""19.00"",""created_time"":""2026-04-28T13:32:46.128223Z"",""no_price_dollars"":""0.4900"",""taker_side"":""no"",""ticker"":""KXETH15M-26APR280945-45"",""trade_id"":""bb843e69-ed37-40b1-5fee-f53400624690"",""yes_price_dollars"":""0.5100""}"
KXETH15M-26APR280945-45,03111303-8596-4329-501a-2f52fda31b54,1777383166,0.51,10.0,no,"{""count_fp"":""10.00"",""created_time"":""2026-04-28T13:32:46.128223Z"",""no_price_dollars"":""0.4900"",""taker_side"":""no"",""ticker"":""KXETH15M-26APR280945-45"",""trade_id"":""03111303-8596-4329-501a-2f52fda31b54"",""yes_price_dollars"":""0.5100""}"
KXETH15M-26APR280945-45,c524ecc8-d52c-6398-cd90-87b8651360b2,1777383168,0.54,4.0,yes,"{""count_fp"":""4.00"",""created_time"":""2026-04-28T13:32:48.379693Z"",""no_price_dollars"":""0.4600"",""taker_side"":""yes"",""ticker"":""KXETH15M-26APR280945-45"",""trade_id"":""c524ecc8-d52c-6398-cd90-87b8651360b2"",""yes_price_dollars"":""0.5400""}"
KXETH15M-26APR280945-45,c119f964-f621-5562-8816-ee36d01f35ca,1777383169,0.54,8.68,yes,"{""count_fp"":""8.68"",""created_time"":""2026-04-28T13:32:49.493074Z"",""no_price_dollars"":""0.4600"",""taker_side"":""yes"",""ticker"":""KXETH15M-26APR280945-45"",""trade_id"":""c119f964-f621-5562-8816-ee36d01f35ca"",""yes_price_dollars"":""0.5400""}"
KXETH15M-26APR280945-45,d01672ac-05e9-6d5e-fded-7c2ffdf697de,1777383170,0.5,10.0,no,"{""count_fp"":""10.00"",""created_time"":""2026-04-28T13:32:50.355297Z"",""no_price_dollars"":""0.5000"",""taker_side"":""no"",""ticker"":""KXETH15M-26APR280945-45"",""trade_id"":""d01672ac-05e9-6d5e-fded-7c2ffdf697de"",""yes_price_dollars"":""0.5000""}"
KXETH15M-26APR280945-45,a1930f02-e38b-6394-f760-43a889b68b0e,1777383170,0.5,10.2,no,"{""count_fp"":""10.20"",""created_time"":""2026-04-28T13:32:50.355297Z"",""no_price_dollars"":""0.5000"",""taker_side"":""no"",""ticker"":""KXETH15M-26APR280945-45"",""trade_id"":""a1930f02-e38b-6394-f760-43a889b68b0e"",""yes_price_dollars"":""0.5000""}"
KXETH15M-26APR280945-45,9669b228-4d62-6100-f848-9981308ca180,1777383170,0.49,8.23,no,"{""count_fp"":""8.23"",""created_time"":""2026-04-28T13:32:50.355297Z"",""no_price_dollars"":""0.5100"",""taker_side"":""no"",""ticker"":""KXETH15M-26APR280945-45"",""trade_id"":""9669b228-4d62-6100-f848-9981308ca180"",""yes_price_dollars"":""0.4900""}"
KXETH15M-26APR280945-45,6eb9f77c-abf5-6417-ac9e-ec7b81fbc4f2,1777383175,0.51,28.0,yes,"{""count_fp"":""28.00"",""created_time"":""2026-04-28T13:32:55.890174Z"",""no_price_dollars"":""0.4900"",""taker_side"":""yes"",""ticker"":""KXETH15M-26APR280945-45"",""trade_id"":""6eb9f77c-abf5-6417-ac9e-ec7b81fbc4f2"",""yes_price_dollars"":""0.5100""}"
KXETH15M-26APR280945-45,845d58ec-4ed8-5a99-0cfc-adf339c596ae,1777383179,0.55,2.0,yes,"{""count_fp"":""2.00"",""created_time"":""2026-04-28T13:32:59.338758Z"",""no_price_dollars"":""0.4500"",""taker_side"":""yes"",""ticker"":""KXETH15M-26APR280945-45"",""trade_id"":""845d58ec-4ed8-5a99-0cfc-adf339c596ae"",""yes_price_dollars"":""0.5500""}"
KXETH15M-26APR280945-45,7aaec250-0506-5955-2223-558517febb40,1777383179,0.58,6.39,yes,"{""count_fp"":""6.39"",""created_time"":""2026-04-28T13:32:59.338758Z"",""no_price_dollars"":""0.4200"",""taker_side"":""yes"",""ticker"":""KXETH15M-26APR280945-45"",""trade_id"":""7aaec250-0506-5955-2223-558517febb40"",""yes_price_dollars"":""0.5800""}"
KXETH15M-26APR280945-45,874c1f3a-2850-4110-0dbb-ed5480ff027a,1777383185,0.62,1.0,yes,"{""count_fp"":""1.00"",""created_time"":""2026-04-28T13:33:05.967427Z"",""no_price_dollars"":""0.3800"",""taker_side"":""yes"",""ticker"":""KXETH15M-26APR280945-45"",""trade_id"":""874c1f3a-2850-4110-0dbb-ed5480ff027a"",""yes_price_dollars"":""0.6200""}"
KXETH15M-26APR280945-45,b33a9f13-f51d-7efa-b7c6-90ddda706672,1777383188,0.6,4.0,yes,"{""count_fp"":""4.00"",""created_time"":""2026-04-28T13:33:08.694636Z"",""no_price_dollars"":""0.4000"",""taker_side"":""yes"",""ticker"":""KXETH15M-26APR280945-45"",""trade_id"":""b33a9f13-f51d-7efa-b7c6-90ddda706672"",""yes_price_dollars"":""0.6000""}"
KXETH15M-26APR280945-45,e68fa4f1-0348-786c-084d-c6038663525a,1777383188,0.6,1.0,yes,"{""count_fp"":""1.00"",""created_time"":""2026-04-28T13:33:08.550836Z"",""no_price_dollars"":""0.4000"",""taker_side"":""yes"",""ticker"":""KXETH15M-26APR280945-45"",""trade_id"":""e68fa4f1-0348-786c-084d-c6038663525a"",""yes_price_dollars"":""0.6000""}"
KXETH15M-26APR280945-45,ce788019-86d3-5fd1-b22b-4bda6dc3872a,1777383192,0.58,10.0,no,"{""count_fp"":""10.00"",""created_time"":""2026-04-28T13:33:12.810857Z"",""no_price_dollars"":""0.4200"",""taker_side"":""no"",""ticker"":""KXETH15M-26APR280945-45"",""trade_id"":""ce788019-86d3-5fd1-b22b-4bda6dc3872a"",""yes_price_dollars"":""0.5800""}"
KXETH15M-26APR280945-45,0bd6c385-bd68-577b-96cb-b7570740928e,1777383192,0.59,1.0,no,"{""count_fp"":""1.00"",""created_time"":""2026-04-28T13:33:12.810857Z"",""no_price_dollars"":""0.4100"",""taker_side"":""no"",""ticker"":""KXETH15M-26APR280945-45"",""trade_id"":""0bd6c385-bd68-577b-96cb-b7570740928e"",""yes_price_dollars"":""0.5900""}"
KXETH15M-26APR280945-45,f25aba5e-8dc7-698e-cd35-b17464070921,1777383195,0.59,5.0,yes,"{""count_fp"":""5.00"",""created_time"":""2026-04-28T13:33:15.616603Z"",""no_price_dollars"":""0.4100"",""taker_side"":""yes"",""ticker"":""KXETH15M-26APR280945-45"",""trade_id"":""f25aba5e-8dc7-698e-cd35-b17464070921"",""yes_price_dollars"":""0.5900""}"
KXETH15M-26APR280945-45,866a0321-9c5f-6ff2-77b7-d463e2a9b0d5,1777383197,0.6,0.07,yes,"{""count_fp"":""0.07"",""created_time"":""2026-04-28T13:33:17.657332Z"",""no_price_dollars"":""0.4000"",""taker_side"":""yes"",""ticker"":""KXETH15M-26APR280945-45"",""trade_id"":""866a0321-9c5f-6ff2-77b7-d463e2a9b0d5"",""yes_price_dollars"":""0.6000""}"
KXETH15M-26APR280945-45,b7ce90de-d6e3-4f06-bbcd-1b4a85a22805,1777383201,0.6,5.0,yes,"{""count_fp"":""5.00"",""created_time"":""2026-04-28T13:33:21.877625Z"",""no_price_dollars"":""0.4000"",""taker_side"":""yes"",""ticker"":""KXETH15M-26APR280945-45"",""trade_id"":""b7ce90de-d6e3-4f06-bbcd-1b4a85a22805"",""yes_price_dollars"":""0.6000""}"
KXETH15M-26APR280945-45,e7f3c152-d0c7-792a-b899-0322008e2c11,1777383202,0.6,8.04,yes,"{""count_fp"":""8.04"",""created_time"":""2026-04-28T13:33:22.835003Z"",""no_price_dollars"":""0.4000"",""taker_side"":""yes"",""ticker"":""KXETH15M-26APR280945-45"",""trade_id"":""e7f3c152-d0c7-792a-b899-0322008e2c11"",""yes_price_dollars"":""0.6000""}"
KXETH15M-26APR280945-45,774a7514-a3fd-6cf2-af8a-8aedee789806,1777383208,0.58,5.0,yes,"{""count_fp"":""5.00"",""created_time"":""2026-04-28T13:33:28.194513Z"",""no_price_dollars"":""0.4200"",""taker_side"":""yes"",""ticker"":""KXETH15M-26APR280945-45"",""trade_id"":""774a7514-a3fd-6cf2-af8a-8aedee789806"",""yes_price_dollars"":""0.5800""}"
KXETH15M-26APR280945-45,07eb6f4f-f57b-7222-5431-49addb496e1d,1777383210,0.58,0.48,yes,"{""count_fp"":""0.48"",""created_time"":""2026-04-28T13:33:30.369429Z"",""no_price_dollars"":""0.4200"",""taker_side"":""yes"",""ticker"":""KXETH15M-26APR280945-45"",""trade_id"":""07eb6f4f-f57b-7222-5431-49addb496e1d"",""yes_price_dollars"":""0.5800""}"
KXETH15M-26APR280945-45,0737e105-14a6-76ff-4e7a-911e5c1f80c9,1777383210,0.58,9.52,yes,"{""count_fp"":""9.52"",""created_time"":""2026-04-28T13:33:30.369429Z"",""no_price_dollars"":""0.4200"",""taker_side"":""yes"",""ticker"":""KXETH15M-26APR280945-45"",""trade_id"":""0737e105-14a6-76ff-4e7a-911e5c1f80c9"",""yes_price_dollars"":""0.5800""}"
KXETH15M-26APR280945-45,6711c435-c25d-7257-7d16-3a85ffb194f2,1777383218,0.48,6.0,no,"{""count_fp"":""6.00"",""created_time"":""2026-04-28T13:33:38.685433Z"",""no_price_dollars"":""0.5200"",""taker_side"":""no"",""ticker"":""KXETH15M-26APR280945-45"",""trade_id"":""6711c435-c25d-7257-7d16-3a85ffb194f2"",""yes_price_dollars"":""0.4800""}"
KXETH15M-26APR280945-45,6d83f53d-85cc-61d0-19cf-9eb4b3fb7335,1777383218,0.52,10.0,no,"{""count_fp"":""10.00"",""created_time"":""2026-04-28T13:33:38.306536Z"",""no_price_dollars"":""0.4800"",""taker_side"":""no"",""ticker"":""KXETH15M-26APR280945-45"",""trade_id"":""6d83f53d-85cc-61d0-19cf-9eb4b3fb7335"",""yes_price_dollars"":""0.5200""}"
KXETH15M-26APR280945-45,48d59a76-8a19-670c-3eb7-03d628cec5c9,1777383218,0.48,0.03,no,"{""count_fp"":""0.03"",""created_time"":""2026-04-28T13:33:38.306536Z"",""no_price_dollars"":""0.5200"",""taker_side"":""no"",""ticker"":""KXETH15M-26APR280945-45"",""trade_id"":""48d59a76-8a19-670c-3eb7-03d628cec5c9"",""yes_price_dollars"":""0.4800""}"
KXETH15M-26APR280945-45,aef7713d-be5c-5198-eb78-b938ef8bcd0e,1777383225,0.49,9.13,yes,"{""count_fp"":""9.13"",""created_time"":""2026-04-28T13:33:45.051051Z"",""no_price_dollars"":""0.5100"",""taker_side"":""yes"",""ticker"":""KXETH15M-26APR280945-45"",""trade_id"":""aef7713d-be5c-5198-eb78-b938ef8bcd0e"",""yes_price_dollars"":""0.4900""}"
KXETH15M-26APR280945-45,0f5044ea-1971-5f0f-4d63-a1a9760c16a2,1777383231,0.44,8.66,no,"{""count_fp"":""8.66"",""created_time"":""2026-04-28T13:33:51.766377Z"",""no_price_dollars"":""0.5600"",""taker_side"":""no"",""ticker"":""KXETH15M-26APR280945-45"",""trade_id"":""0f5044ea-1971-5f0f-4d63-a1a9760c16a2"",""yes_price_dollars"":""0.4400""}"
KXETH15M-26APR280945-45,c2d19155-3aa4-7b45-b498-07170ce22fba,1777383232,0.51,10.0,yes,"{""count_fp"":""10.00"",""created_time"":""2026-04-28T13:33:52.788849Z"",""no_price_dollars"":""0.4900"",""taker_side"":""yes"",""ticker"":""KXETH15M-26APR280945-45"",""trade_id"":""c2d19155-3aa4-7b45-b498-07170ce22fba"",""yes_price_dollars"":""0.5100""}"
KXETH15M-26APR280945-45,54deb8d7-1e57-7a06-939e-d928c2b5406d,1777383232,0.52,30.0,yes,"{""count_fp"":""30.00"",""created_time"":""2026-04-28T13:33:52.788849Z"",""no_price_dollars"":""0.4800"",""taker_side"":""yes"",""ticker"":""KXETH15M-26APR280945-45"",""trade_id"":""54deb8d7-1e57-7a06-939e-d928c2b5406d"",""yes_price_dollars"":""0.5200""}"
KXETH15M-26APR280945-45,25408e10-4d29-75c6-ba1f-cc7e19a3679a,1777383232,0.51,10.0,yes,"{""count_fp"":""10.00"",""created_time"":""2026-04-28T13:33:52.788849Z"",""no_price_dollars"":""0.4900"",""taker_side"":""yes"",""ticker"":""KXETH15M-26APR280945-45"",""trade_id"":""25408e10-4d29-75c6-ba1f-cc7e19a3679a"",""yes_price_dollars"":""0.5100""}"
KXETH15M-26APR280945-45,51e5bde9-5d8a-6b4c-6581-ade0bf7afd74,1777383239,0.53,1.0,no,"{""count_fp"":""1.00"",""created_time"":""2026-04-28T13:33:59.989441Z"",""no_price_dollars"":""0.4700"",""taker_side"":""no"",""ticker"":""KXETH15M-26APR280945-45"",""trade_id"":""51e5bde9-5d8a-6b4c-6581-ade0bf7afd74"",""yes_price_dollars"":""0.5300""}"
KXETH15M-26APR280945-45,f30c6452-bb94-7db8-4f13-ed8c4c447226,1777383239,0.55,1.0,no,"{""count_fp"":""1.00"",""created_time"":""2026-04-28T13:33:59.085077Z"",""no_price_dollars"":""0.4500"",""taker_side"":""no"",""ticker"":""KXETH15M-26APR280945-45"",""trade_id"":""f30c6452-bb94-7db8-4f13-ed8c4c447226"",""yes_price_dollars"":""0.5500""}"
KXETH15M-26APR280945-45,e9b688f3-b94d-5807-3c3b-93b75b3c00d2,1777383242,0.51,10.0,no,"{""count_fp"":""10.00"",""created_time"":""2026-04-28T13:34:02.980289Z"",""no_price_dollars"":""0.4900"",""taker_side"":""no"",""ticker"":""KXETH15M-26APR280945-45"",""trade_id"":""e9b688f3-b94d-5807-3c3b-93b75b3c00d2"",""yes_price_dollars"":""0.5100""}"
KXETH15M-26APR280945-45,41234b2e-a55e-5854-23ca-abe1fbeaf529,1777383242,0.5,10.0,no,"{""count_fp"":""10.00"",""created_time"":""2026-04-28T13:34:02.980289Z"",""no_price_dollars"":""0.5000"",""taker_side"":""no"",""ticker"":""KXETH15M-26APR280945-45"",""trade_id"":""41234b2e-a55e-5854-23ca-abe1fbeaf529"",""yes_price_dollars"":""0.5000""}"
KXETH15M-26APR280945-45,4245d661-faac-7eac-38c7-fec228eff4ae,1777383245,0.47,13.44,no,"{""count_fp"":""13.44"",""created_time"":""2026-04-28T13:34:05.131742Z"",""no_price_dollars"":""0.5300"",""taker_side"":""no"",""ticker"":""KXETH15M-26APR280945-45"",""trade_id"":""4245d661-faac-7eac-38c7-fec228eff4ae"",""yes_price_dollars"":""0.4700""}"
KXETH15M-26APR280945-45,0e7fae49-f870-7724-3fd4-9471baa08f61,1777383245,0.49,5.0,no,"{""count_fp"":""5.00"",""created_time"":""2026-04-28T13:34:05.131742Z"",""no_price_dollars"":""0.5100"",""taker_side"":""no"",""ticker"":""KXETH15M-26APR280945-45"",""trade_id"":""0e7fae49-f870-7724-3fd4-9471baa08f61"",""yes_price_dollars"":""0.4900""}"
KXETH15M-26APR280945-45,fb13ab72-51bf-6115-5b51-2a021140420c,1777383249,0.51,84.78,no,"{""count_fp"":""84.78"",""created_time"":""2026-04-28T13:34:09.905661Z"",""no_price_dollars"":""0.4900"",""taker_side"":""no"",""ticker"":""KXETH15M-26APR280945-45"",""trade_id"":""fb13ab72-51bf-6115-5b51-2a021140420c"",""yes_price_dollars"":""0.5100""}"
KXETH15M-26APR280945-45,d0f2d891-2523-6844-4da2-14eda6131d6e,1777383249,0.51,10.0,no,"{""count_fp"":""10.00"",""created_time"":""2026-04-28T13:34:09.905661Z"",""no_price_dollars"":""0.4900"",""taker_side"":""no"",""ticker"":""KXETH15M-26APR280945-45"",""trade_id"":""d0f2d891-2523-6844-4da2-14eda6131d6e"",""yes_price_dollars"":""0.5100""}"
KXETH15M-26APR280945-45,f38cf0ed-e333-62b7-50c2-70b9f84a69cb,1777383250,0.53,10.0,yes,"{""count_fp"":""10.00"",""created_time"":""2026-04-28T13:34:10.695065Z"",""no_price_dollars"":""0.4700"",""taker_side"":""yes"",""ticker"":""KXETH15M-26APR280945-45"",""trade_id"":""f38cf0ed-e333-62b7-50c2-70b9f84a69cb"",""yes_price_dollars"":""0.5300""}"
KXETH15M-26APR280945-45,9f2e42ea-8274-6164-6053-7e0357a29566,1777383250,0.54,33.0,yes,"{""count_fp"":""33.00"",""created_time"":""2026-04-28T13:34:10.695065Z"",""no_price_dollars"":""0.4600"",""taker_side"":""yes"",""ticker"":""KXETH15M-26APR280945-45"",""trade_id"":""9f2e42ea-8274-6164-6053-7e0357a29566"",""yes_price_dollars"":""0.5400""}"
KXETH15M-26APR280945-45,05df6862-16f2-68b4-0efd-b080130c5500,1777383250,0.49,2.53,no,"{""count_fp"":""2.53"",""created_time"":""2026-04-28T13:34:10.444336Z"",""no_price_dollars"":""0.5100"",""taker_side"":""no"",""ticker"":""KXETH15M-26APR280945-45"",""trade_id"":""05df6862-16f2-68b4-0efd-b080130c5500"",""yes_price_dollars"":""0.4900""}"
KXETH15M-26APR280945-45,5aff8896-ce56-4992-7899-4a8fa39f07ff,1777383263,0.5,10.0,no,"{""count_fp"":""10.00"",""created_time"":""2026-04-28T13:34:23.656651Z"",""no_price_dollars"":""0.5000"",""taker_side"":""no"",""ticker"":""KXETH15M-26APR280945-45"",""trade_id"":""5aff8896-ce56-4992-7899-4a8fa39f07ff"",""yes_price_dollars"":""0.5000""}"
KXETH15M-26APR280945-45,0789649d-660a-49f2-5b3f-9c0b244cfabc,1777383263,0.49,8.68,no,"{""count_fp"":""8.68"",""created_time"":""2026-04-28T13:34:23.656651Z"",""no_price_dollars"":""0.5100"",""taker_side"":""no"",""ticker"":""KXETH15M-26APR280945-45"",""trade_id"":""0789649d-660a-49f2-5b3f-9c0b244cfabc"",""yes_price_dollars"":""0.4900""}"
KXETH15M-26APR280945-45,4bd3b851-a611-7e46-cb31-620616ddb323,1777383273,0.55,9.85,no,"{""count_fp"":""9.85"",""created_time"":""2026-04-28T13:34:33.406332Z"",""no_price_dollars"":""0.4500"",""taker_side"":""no"",""ticker"":""KXETH15M-26APR280945-45"",""trade_id"":""4bd3b851-a611-7e46-cb31-620616ddb323"",""yes_price_dollars"":""0.5500""}"
KXETH15M-26APR280945-45,2743d456-b0e2-71a5-60df-3415bc16c57e,1777383278,0.6,1.0,yes,"{""count_fp"":""1.00"",""created_time"":""2026-04-28T13:34:38.643196Z"",""no_price_dollars"":""0.4000"",""taker_side"":""yes"",""ticker"":""KXETH15M-26APR280945-45"",""trade_id"":""2743d456-b0e2-71a5-60df-3415bc16c57e"",""yes_price_dollars"":""0.6000""}"
KXETH15M-26APR280945-45,d568198d-8d86-4120-5aa1-e680335536b0,1777383279,0.55,5.0,no,"{""count_fp"":""5.00"",""created_time"":""2026-04-28T13:34:39.188516Z"",""no_price_dollars"":""0.4500"",""taker_side"":""no"",""ticker"":""KXETH15M-26APR280945-45"",""trade_id"":""d568198d-8d86-4120-5aa1-e680335536b0"",""yes_price_dollars"":""0.5500""}"
KXETH15M-26APR280945-45,93abd1a3-2c06-5c5e-894a-4baf235346bd,1777383279,0.6,1.0,yes,"{""count_fp"":""1.00"",""created_time"":""2026-04-28T13:34:39.152771Z"",""no_price_dollars"":""0.4000"",""taker_side"":""yes"",""ticker"":""KXETH15M-26APR280945-45"",""trade_id"":""93abd1a3-2c06-5c5e-894a-4baf235346bd"",""yes_price_dollars"":""0.6000""}"
KXETH15M-26APR280945-45,54e94495-b72e-7c3a-fe83-f185a1d660ed,1777383282,0.6,1.0,yes,"{""count_fp"":""1.00"",""created_time"":""2026-04-28T13:34:42.827278Z"",""no_price_dollars"":""0.4000"",""taker_side"":""yes"",""ticker"":""KXETH15M-26APR280945-45"",""trade_id"":""54e94495-b72e-7c3a-fe83-f185a1d660ed"",""yes_price_dollars"":""0.6000""}"
KXETH15M-26APR280945-45,014f90cc-221a-7fa1-c8fb-9bb522056f5e,1777383283,0.58,1.0,yes,"{""count_fp"":""1.00"",""created_time"":""2026-04-28T13:34:43.663881Z"",""no_price_dollars"":""0.4200"",""taker_side"":""yes"",""ticker"":""KXETH15M-26APR280945-45"",""trade_id"":""014f90cc-221a-7fa1-c8fb-9bb522056f5e"",""yes_price_dollars"":""0.5800""}"
KXETH15M-26APR280945-45,a273cc04-c48f-6821-5d1f-bbad5a9db9e0,1777383289,0.55,10.0,no,"{""count_fp"":""10.00"",""created_time"":""2026-04-28T13:34:49.182399Z"",""no_price_dollars"":""0.4500"",""taker_side"":""no"",""ticker"":""KXETH15M-26APR280945-45"",""trade_id"":""a273cc04-c48f-6821-5d1f-bbad5a9db9e0"",""yes_price_dollars"":""0.5500""}"
KXETH15M-26APR280945-45,1b136eff-26ee-60a0-696e-1f804ef67579,1777383289,0.55,8.85,no,"{""count_fp"":""8.85"",""created_time"":""2026-04-28T13:34:49.182399Z"",""no_price_dollars"":""0.4500"",""taker_side"":""no"",""ticker"":""KXETH15M-26APR280945-45"",""trade_id"":""1b136eff-26ee-60a0-696e-1f804ef67579"",""yes_price_dollars"":""0.5500""}"
KXETH15M-26APR280945-45,363711f3-5a93-6296-d8cc-aff55aae6c54,1777383290,0.56,1.0,yes,"{""count_fp"":""1.00"",""created_time"":""2026-04-28T13:34:50.169848Z"",""no_price_dollars"":""0.4400"",""taker_side"":""yes"",""ticker"":""KXETH15M-26APR280945-45"",""trade_id"":""363711f3-5a93-6296-d8cc-aff55aae6c54"",""yes_price_dollars"":""0.5600""}"
KXETH15M-26APR280945-45,ff8173f4-3ac6-62f9-ba41-7b5f893bf92a,1777383294,0.56,10.0,yes,"{""count_fp"":""10.00"",""created_time"":""2026-04-28T13:34:54.972283Z"",""no_price_dollars"":""0.4400"",""taker_side"":""yes"",""ticker"":""KXETH15M-26APR280945-45"",""trade_id"":""ff8173f4-3ac6-62f9-ba41-7b5f893bf92a"",""yes_price_dollars"":""0.5600""}"
KXETH15M-26APR280945-45,ddb7c1b9-e453-60aa-bf3a-c0e31b58094d,1777383294,0.57,35.0,yes,"{""count_fp"":""35.00"",""created_time"":""2026-04-28T13:34:54.972283Z"",""no_price_dollars"":""0.4300"",""taker_side"":""yes"",""ticker"":""KXETH15M-26APR280945-45"",""trade_id"":""ddb7c1b9-e453-60aa-bf3a-c0e31b58094d"",""yes_price_dollars"":""0.5700""}"
KXETH15M-26APR280945-45,831a9a90-f42b-64a3-9ff1-1b5880f7f8ca,1777383294,0.55,10.0,yes,"{""count_fp"":""10.00"",""created_time"":""2026-04-28T13:34:54.054514Z"",""no_price_dollars"":""0.4500"",""taker_side"":""yes"",""ticker"":""KXETH15M-26APR280945-45"",""trade_id"":""831a9a90-f42b-64a3-9ff1-1b5880f7f8ca"",""yes_price_dollars"":""0.5500""}"
KXETH15M-26APR280945-45,fa30e8d2-6d9a-63d2-eb6a-f7cac726f7cb,1777383301,0.52,1.0,yes,"{""count_fp"":""1.00"",""created_time"":""2026-04-28T13:35:01.211974Z"",""no_price_dollars"":""0.4800"",""taker_side"":""yes"",""ticker"":""KXETH15M-26APR280945-45"",""trade_id"":""fa30e8d2-6d9a-63d2-eb6a-f7cac726f7cb"",""yes_price_dollars"":""0.5200""}"
KXETH15M-26APR280945-45,707ad60f-96ae-46ca-c59a-0787b69ad5c1,1777383307,0.52,1.83,yes,"{""count_fp"":""1.83"",""created_time"":""2026-04-28T13:35:07.944935Z"",""no_price_dollars"":""0.4800"",""taker_side"":""yes"",""ticker"":""KXETH15M-26APR280945-45"",""trade_id"":""707ad60f-96ae-46ca-c59a-0787b69ad5c1"",""yes_price_dollars"":""0.5200""}"
KXETH15M-26APR280945-45,c96e4e84-7934-7141-b538-f6ddfba60eb3,1777383324,0.56,1.0,yes,"{""count_fp"":""1.00"",""created_time"":""2026-04-28T13:35:24.851036Z"",""no_price_dollars"":""0.4400"",""taker_side"":""yes"",""ticker"":""KXETH15M-26APR280945-45"",""trade_id"":""c96e4e84-7934-7141-b538-f6ddfba60eb3"",""yes_price_dollars"":""0.5600""}"
KXETH15M-26APR280945-45,34aedb74-d3d4-4c0e-e7dd-af884b855263,1777383341,0.63,10.0,yes,"{""count_fp"":""10.00"",""created_time"":""2026-04-28T13:35:41.662019Z"",""no_price_dollars"":""0.3700"",""taker_side"":""yes"",""ticker"":""KXETH15M-26APR280945-45"",""trade_id"":""34aedb74-d3d4-4c0e-e7dd-af884b855263"",""yes_price_dollars"":""0.6300""}"
KXETH15M-26APR280945-45,bb220c88-da10-55b5-49d7-63db86443a4a,1777383346,0.7,2.0,yes,"{""count_fp"":""2.00"",""created_time"":""2026-04-28T13:35:46.040321Z"",""no_price_dollars"":""0.3000"",""taker_side"":""yes"",""ticker"":""KXETH15M-26APR280945-45"",""trade_id"":""bb220c88-da10-55b5-49d7-63db86443a4a"",""yes_price_dollars"":""0.7000""}"
KXETH15M-26APR280945-45,5a9be9ed-3c87-6f7b-0f8e-1f765a2c3391,1777383353,0.75,10.0,yes,"{""count_fp"":""10.00"",""created_time"":""2026-04-28T13:35:53.593175Z"",""no_price_dollars"":""0.2500"",""taker_side"":""yes"",""ticker"":""KXETH15M-26APR280945-45"",""trade_id"":""5a9be9ed-3c87-6f7b-0f8e-1f765a2c3391"",""yes_price_dollars"":""0.7500""}"
KXETH15M-26APR280945-45,927c059c-7ac8-480d-5bb4-7984a870819a,1777383353,0.7,12.0,yes,"{""count_fp"":""12.00"",""created_time"":""2026-04-28T13:35:53.301349Z"",""no_price_dollars"":""0.3000"",""taker_side"":""yes"",""ticker"":""KXETH15M-26APR280945-45"",""trade_id"":""927c059c-7ac8-480d-5bb4-7984a870819a"",""yes_price_dollars"":""0.7000""}"
KXETH15M-26APR280945-45,fc136138-98db-5449-335a-59d65e0295e6,1777383354,0.72,6.0,no,"{""count_fp"":""6.00"",""created_time"":""2026-04-28T13:35:54.550361Z"",""no_price_dollars"":""0.2800"",""taker_side"":""no"",""ticker"":""KXETH15M-26APR280945-45"",""trade_id"":""fc136138-98db-5449-335a-59d65e0295e6"",""yes_price_dollars"":""0.7200""}"
KXETH15M-26APR280945-45,87f82ce0-2a2e-5d12-1b94-085221748fcd,1777383354,0.71,4.47,no,"{""count_fp"":""4.47"",""created_time"":""2026-04-28T13:35:54.550361Z"",""no_price_dollars"":""0.2900"",""taker_side"":""no"",""ticker"":""KXETH15M-26APR280945-45"",""trade_id"":""87f82ce0-2a2e-5d12-1b94-085221748fcd"",""yes_price_dollars"":""0.7100""}"
KXETH15M-26APR280945-45,70fe1019-5f7f-5cd5-9f13-9754a863ff2a,1777383354,0.72,4.0,no,"{""count_fp"":""4.00"",""created_time"":""2026-04-28T13:35:54.528318Z"",""no_price_dollars"":""0.2800"",""taker_side"":""no"",""ticker"":""KXETH15M-26APR280945-45"",""trade_id"":""70fe1019-5f7f-5cd5-9f13-9754a863ff2a"",""yes_price_dollars"":""0.7200""}"
KXETH15M-26APR280945-45,4be42891-f503-4c0b-3a56-e71994a980a1,1777383355,0.73,1.0,yes,"{""count_fp"":""1.00"",""created_time"":""2026-04-28T13:35:55.684747Z"",""no_price_dollars"":""0.2700"",""taker_side"":""yes"",""ticker"":""KXETH15M-26APR280945-45"",""trade_id"":""4be42891-f503-4c0b-3a56-e71994a980a1"",""yes_price_dollars"":""0.7300""}"
KXETH15M-26APR280945-45,bba7ef8c-1ccb-6f9f-ff89-f18f0026a67d,1777383358,0.69,1.31,yes,"{""count_fp"":""1.31"",""created_time"":""2026-04-28T13:35:58.759783Z"",""no_price_dollars"":""0.3100"",""taker_side"":""yes"",""ticker"":""KXETH15M-26APR280945-45"",""trade_id"":""bba7ef8c-1ccb-6f9f-ff89-f18f0026a67d"",""yes_price_dollars"":""0.6900""}"
KXETH15M-26APR280945-45,7334d89c-08a3-7da3-7880-b8a78cd1211d,1777383359,0.67,131.04,yes,"{""count_fp"":""131.04"",""created_time"":""2026-04-28T13:35:59.407006Z"",""no_price_dollars"":""0.3300"",""taker_side"":""yes"",""ticker"":""KXETH15M-26APR280945-45"",""trade_id"":""7334d89c-08a3-7da3-7880-b8a78cd1211d"",""yes_price_dollars"":""0.6700""}"
KXETH15M-26APR280945-45,6e50dd8f-53d5-40b4-d82d-8bb1c0b5df51,1777383361,0.65,1.0,no,"{""count_fp"":""1.00"",""created_time"":""2026-04-28T13:36:01.692089Z"",""no_price_dollars"":""0.3500"",""taker_side"":""no"",""ticker"":""KXETH15M-26APR280945-45"",""trade_id"":""6e50dd8f-53d5-40b4-d82d-8bb1c0b5df51"",""yes_price_dollars"":""0.6500""}"
KXETH15M-26APR280945-45,29630df8-7497-730f-c093-d093ec3b676d,1777383361,0.67,9.0,yes,"{""count_fp"":""9.00"",""created_time"":""2026-04-28T13:36:01.028413Z"",""no_price_dollars"":""0.3300"",""taker_side"":""yes"",""ticker"":""KXETH15M-26APR280945-45"",""trade_id"":""29630df8-7497-730f-c093-d093ec3b676d"",""yes_price_dollars"":""0.6700""}"
KXETH15M-26APR280945-45,842a9994-514b-5787-507b-3413f53f3e3d,1777383374,0.63,7.0,yes,"{""count_fp"":""7.00"",""created_time"":""2026-04-28T13:36:14.466367Z"",""no_price_dollars"":""0.3700"",""taker_side"":""yes"",""ticker"":""KXETH15M-26APR280945-45"",""trade_id"":""842a9994-514b-5787-507b-3413f53f3e3d"",""yes_price_dollars"":""0.6300""}"
KXETH15M-26APR280945-45,92011c08-bf9b-55fb-0d94-67c988533565,1777383374,0.63,5.0,yes,"{""count_fp"":""5.00"",""created_time"":""2026-04-28T13:36:14.227805Z"",""no_price_dollars"":""0.3700"",""taker_side"":""yes"",""ticker"":""KXETH15M-26APR280945-45"",""trade_id"":""92011c08-bf9b-55fb-0d94-67c988533565"",""yes_price_dollars"":""0.6300""}"
KXETH15M-26APR280945-45,12727f73-55df-6ea3-afe8-5e8f2cb7f5a5,1777383376,0.63,7.0,yes,"{""count_fp"":""7.00"",""created_time"":""2026-04-28T13:36:16.757883Z"",""no_price_dollars"":""0.3700"",""taker_side"":""yes"",""ticker"":""KXETH15M-26APR280945-45"",""trade_id"":""12727f73-55df-6ea3-afe8-5e8f2cb7f5a5"",""yes_price_dollars"":""0.6300""}"
KXETH15M-26APR280945-45,eabf77e4-d2df-460f-de71-ae34c5e91871,1777383383,0.64,7.57,yes,"{""count_fp"":""7.57"",""created_time"":""2026-04-28T13:36:23.083683Z"",""no_price_dollars"":""0.3600"",""taker_side"":""yes"",""ticker"":""KXETH15M-26APR280945-45"",""trade_id"":""eabf77e4-d2df-460f-de71-ae34c5e91871"",""yes_price_dollars"":""0.6400""}"
KXETH15M-26APR280945-45,bda42dd9-7d5b-5aab-8288-360976004509,1777383390,0.69,29.0,yes,"{""count_fp"":""29.00"",""created_time"":""2026-04-28T13:36:30.934639Z"",""no_price_dollars"":""0.3100"",""taker_side"":""yes"",""ticker"":""KXETH15M-26APR280945-45"",""trade_id"":""bda42dd9-7d5b-5aab-8288-360976004509"",""yes_price_dollars"":""0.6900""}"
KXETH15M-26APR280945-45,02ba6b46-1def-52b9-9ce8-0ed40c2e3a03,1777383390,0.69,10.0,yes,"{""count_fp"":""10.00"",""created_time"":""2026-04-28T13:36:30.934639Z"",""no_price_dollars"":""0.3100"",""taker_side"":""yes"",""ticker"":""KXETH15M-26APR280945-45"",""trade_id"":""02ba6b46-1def-52b9-9ce8-0ed40c2e3a03"",""yes_price_dollars"":""0.6900""}"
KXETH15M-26APR280945-45,e75541fd-c4fd-45fd-a08c-b4a8fc067749,1777383393,0.7,10.0,yes,"{""count_fp"":""10.00"",""created_time"":""2026-04-28T13:36:33.809035Z"",""no_price_dollars"":""0.3000"",""taker_side"":""yes"",""ticker"":""KXETH15M-26APR280945-45"",""trade_id"":""e75541fd-c4fd-45fd-a08c-b4a8fc067749"",""yes_price_dollars"":""0.7000""}"
KXETH15M-26APR280945-45,b7ba64cf-de42-4720-ac4d-bbe6ac6ebee7,1777383393,0.7,8.66,yes,"{""count_fp"":""8.66"",""created_time"":""2026-04-28T13:36:33.809035Z"",""no_price_dollars"":""0.3000"",""taker_side"":""yes"",""ticker"":""KXETH15M-26APR280945-45"",""trade_id"":""b7ba64cf-de42-4720-ac4d-bbe6ac6ebee7"",""yes_price_dollars"":""0.7000""}"
KXETH15M-26APR280945-45,6fef261d-3828-4bd1-9658-b126289ce7e5,1777383393,0.71,14.44,yes,"{""count_fp"":""14.44"",""created_time"":""2026-04-28T13:36:33.809035Z"",""no_price_dollars"":""0.2900"",""taker_side"":""yes"",""ticker"":""KXETH15M-26APR280945-45"",""trade_id"":""6fef261d-3828-4bd1-9658-b126289ce7e5"",""yes_price_dollars"":""0.7100""}"
KXETH15M-26APR280945-45,443cddcd-c134-4796-b391-38f10a828385,1777383393,0.7,5.0,yes,"{""count_fp"":""5.00"",""created_time"":""2026-04-28T13:36:33.809035Z"",""no_price_dollars"":""0.3000"",""taker_side"":""yes"",""ticker"":""KXETH15M-26APR280945-45"",""trade_id"":""443cddcd-c134-4796-b391-38f10a828385"",""yes_price_dollars"":""0.7000""}"
KXETH15M-26APR280945-45,501c3c27-7813-62a3-6ac9-bdeabeb360e5,1777383394,0.7,1.0,yes,"{""count_fp"":""1.00"",""created_time"":""2026-04-28T13:36:34.310482Z"",""no_price_dollars"":""0.3000"",""taker_side"":""yes"",""ticker"":""KXETH15M-26APR280945-45"",""trade_id"":""501c3c27-7813-62a3-6ac9-bdeabeb360e5"",""yes_price_dollars"":""0.7000""}"
KXETH15M-26APR280945-45,395d466a-e867-6637-2d66-3b97851b606d,1777383397,0.7,13.99,yes,"{""count_fp"":""13.99"",""created_time"":""2026-04-28T13:36:37.249757Z"",""no_price_dollars"":""0.3000"",""taker_side"":""yes"",""ticker"":""KXETH15M-26APR280945-45"",""trade_id"":""395d466a-e867-6637-2d66-3b97851b606d"",""yes_price_dollars"":""0.7000""}"
KXETH15M-26APR280945-45,661f7c7b-31a7-6cfb-0256-3027d60e4909,1777383404,0.73,6.0,yes,"{""count_fp"":""6.00"",""created_time"":""2026-04-28T13:36:44.120325Z"",""no_price_dollars"":""0.2700"",""taker_side"":""yes"",""ticker"":""KXETH15M-26APR280945-45"",""trade_id"":""661f7c7b-31a7-6cfb-0256-3027d60e4909"",""yes_price_dollars"":""0.7300""}"
KXETH15M-26APR280945-45,2e835e6e-703f-49c7-0287-46c6d28b05c9,1777383405,0.73,1.0,yes,"{""count_fp"":""1.00"",""created_time"":""2026-04-28T13:36:45.782741Z"",""no_price_dollars"":""0.2700"",""taker_side"":""yes"",""ticker"":""KXETH15M-26APR280945-45"",""trade_id"":""2e835e6e-703f-49c7-0287-46c6d28b05c9"",""yes_price_dollars"":""0.7300""}"
KXETH15M-26APR280945-45,ee38f6bb-d6b7-63ed-2c14-c8ceaf6b3f4c,1777383405,0.69,10.0,no,"{""count_fp"":""10.00"",""created_time"":""2026-04-28T13:36:45.559559Z"",""no_price_dollars"":""0.3100"",""taker_side"":""no"",""ticker"":""KXETH15M-26APR280945-45"",""trade_id"":""ee38f6bb-d6b7-63ed-2c14-c8ceaf6b3f4c"",""yes_price_dollars"":""0.6900""}"
KXETH15M-26APR280945-45,9aa5d8cd-b5f5-6a5f-1b24-3fb0ba724c76,1777383405,0.72,1.0,no,"{""count_fp"":""1.00"",""created_time"":""2026-04-28T13:36:45.559559Z"",""no_price_dollars"":""0.2800"",""taker_side"":""no"",""ticker"":""KXETH15M-26APR280945-45"",""trade_id"":""9aa5d8cd-b5f5-6a5f-1b24-3fb0ba724c76"",""yes_price_dollars"":""0.7200""}"
KXETH15M-26APR280945-45,11c73de8-5402-67b7-3cc1-d849787f9ba3,1777383405,0.68,4.32,no,"{""count_fp"":""4.32"",""created_time"":""2026-04-28T13:36:45.559559Z"",""no_price_dollars"":""0.3200"",""taker_side"":""no"",""ticker"":""KXETH15M-26APR280945-45"",""trade_id"":""11c73de8-5402-67b7-3cc1-d849787f9ba3"",""yes_price_dollars"":""0.6800""}"
KXETH15M-26APR280945-45,e9d4d97b-5baf-6a53-1f76-7e164938cc2d,1777383405,0.73,1.0,yes,"{""count_fp"":""1.00"",""created_time"":""2026-04-28T13:36:45.527819Z"",""no_price_dollars"":""0.2700"",""taker_side"":""yes"",""ticker"":""KXETH15M-26APR280945-45"",""trade_id"":""e9d4d97b-5baf-6a53-1f76-7e164938cc2d"",""yes_price_dollars"":""0.7300""}"
KXETH15M-26APR280945-45,d0b17f81-7b56-7e21-bb52-bbbfdc07cecc,1777383409,0.72,1.0,no,"{""count_fp"":""1.00"",""created_time"":""2026-04-28T13:36:49.393914Z"",""no_price_dollars"":""0.2800"",""taker_side"":""no"",""ticker"":""KXETH15M-26APR280945-45"",""trade_id"":""d0b17f81-7b56-7e21-bb52-bbbfdc07cecc"",""yes_price_dollars"":""0.7200""}"
KXETH15M-26APR280945-45,3af20e44-6e8d-7265-ae07-0eff15838ac3,1777383409,0.72,2.22,no,"{""count_fp"":""2.22"",""created_time"":""2026-04-28T13:36:49.393914Z"",""no_price_dollars"":""0.2800"",""taker_side"":""no"",""ticker"":""KXETH15M-26APR280945-45"",""trade_id"":""3af20e44-6e8d-7265-ae07-0eff15838ac3"",""yes_price_dollars"":""0.7200""}"
KXETH15M-26APR280945-45,21f4dd75-8d37-63d3-3da0-b81210f57c0d,1777383409,0.75,1.0,yes,"{""count_fp"":""1.00"",""created_time"":""2026-04-28T13:36:49.159367Z"",""no_price_dollars"":""0.2500"",""taker_side"":""yes"",""ticker"":""KXETH15M-26APR280945-45"",""trade_id"":""21f4dd75-8d37-63d3-3da0-b81210f57c0d"",""yes_price_dollars"":""0.7500""}"
KXETH15M-26APR280945-45,7b58ade1-48d6-45b7-6545-2c84c84e254a,1777383411,0.73,1.0,no,"{""count_fp"":""1.00"",""created_time"":""2026-04-28T13:36:51.547673Z"",""no_price_dollars"":""0.2700"",""taker_side"":""no"",""ticker"":""KXETH15M-26APR280945-45"",""trade_id"":""7b58ade1-48d6-45b7-6545-2c84c84e254a"",""yes_price_dollars"":""0.7300""}"
KXETH15M-26APR280945-45,4a96e0bb-73d3-456c-6f76-379527e16f6c,1777383411,0.72,7.68,no,"{""count_fp"":""7.68"",""created_time"":""2026-04-28T13:36:51.547673Z"",""no_price_dollars"":""0.2800"",""taker_side"":""no"",""ticker"":""KXETH15M-26APR280945-45"",""trade_id"":""4a96e0bb-73d3-456c-6f76-379527e16f6c"",""yes_price_dollars"":""0.7200""}"
KXETH15M-26APR280945-45,fea348e0-28ff-4bbb-3fc0-bf2b9bd479f1,1777383412,0.72,26.2,yes,"{""count_fp"":""26.20"",""created_time"":""2026-04-28T13:36:52.597388Z"",""no_price_dollars"":""0.2800"",""taker_side"":""yes"",""ticker"":""KXETH15M-26APR280945-45"",""trade_id"":""fea348e0-28ff-4bbb-3fc0-bf2b9bd479f1"",""yes_price_dollars"":""0.7200""}"
KXETH15M-26APR280945-45,e57f9163-1c07-42c0-4bbe-8c0a090ebd7c,1777383412,0.72,2.32,no,"{""count_fp"":""2.32"",""created_time"":""2026-04-28T13:36:52.259899Z"",""no_price_dollars"":""0.2800"",""taker_side"":""no"",""ticker"":""KXETH15M-26APR280945-45"",""trade_id"":""e57f9163-1c07-42c0-4bbe-8c0a090ebd7c"",""yes_price_dollars"":""0.7200""}"
KXETH15M-26APR280945-45,4a06d106-cd83-46df-60a9-a51888789e0f,1777383412,0.7,7.34,no,"{""count_fp"":""7.34"",""created_time"":""2026-04-28T13:36:52.259899Z"",""no_price_dollars"":""0.3000"",""taker_side"":""no"",""ticker"":""KXETH15M-26APR280945-45"",""trade_id"":""4a06d106-cd83-46df-60a9-a51888789e0f"",""yes_price_dollars"":""0.7000""}"
KXETH15M-26APR280945-45,fc7c09df-1d1b-7b53-146a-c7e48af7b3f5,1777383413,0.73,10.0,yes,"{""count_fp"":""10.00"",""created_time"":""2026-04-28T13:36:53.906201Z"",""no_price_dollars"":""0.2700"",""taker_side"":""yes"",""ticker"":""KXETH15M-26APR280945-45"",""trade_id"":""fc7c09df-1d1b-7b53-146a-c7e48af7b3f5"",""yes_price_dollars"":""0.7300""}"
KXETH15M-26APR280945-45,6ebde6b3-1d41-6046-3f2c-95df748cce2d,1777383417,0.69,5.0,no,"{""count_fp"":""5.00"",""created_time"":""2026-04-28T13:36:57.510782Z"",""no_price_dollars"":""0.3100"",""taker_side"":""no"",""ticker"":""KXETH15M-26APR280945-45"",""trade_id"":""6ebde6b3-1d41-6046-3f2c-95df748cce2d"",""yes_price_dollars"":""0.6900""}"
KXETH15M-26APR280945-45,3e65503f-986c-6dea-3dfe-2024275a9549,1777383417,0.7,10.0,no,"{""count_fp"":""10.00"",""created_time"":""2026-04-28T13:36:57.510782Z"",""no_price_dollars"":""0.3000"",""taker_side"":""no"",""ticker"":""KXETH15M-26APR280945-45"",""trade_id"":""3e65503f-986c-6dea-3dfe-2024275a9549"",""yes_price_dollars"":""0.7000""}"
KXETH15M-26APR280945-45,0a5a376a-ca6f-55a7-fe8e-1dcc2e9065eb,1777383420,0.73,0.31,no,"{""count_fp"":""0.31"",""created_time"":""2026-04-28T13:37:00.792758Z"",""no_price_dollars"":""0.2700"",""taker_side"":""no"",""ticker"":""KXETH15M-26APR280945-45"",""trade_id"":""0a5a376a-ca6f-55a7-fe8e-1dcc2e9065eb"",""yes_price_dollars"":""0.7300""}"
KXETH15M-26APR280945-45,09881c3e-855b-5967-12aa-dbbd976b4471,1777383421,0.79,10.0,yes,"{""count_fp"":""10.00"",""created_time"":""2026-04-28T13:37:01.731384Z"",""no_price_dollars"":""0.2100"",""taker_side"":""yes"",""ticker"":""KXETH15M-26APR280945-45"",""trade_id"":""09881c3e-855b-5967-12aa-dbbd976b4471"",""yes_price_dollars"":""0.7900""}"
KXETH15M-26APR280945-45,9c1a8718-3d7b-6077-14c5-9622432f77f5,1777383421,0.79,5.0,yes,"{""count_fp"":""5.00"",""created_time"":""2026-04-28T13:37:01.594236Z"",""no_price_dollars"":""0.2100"",""taker_side"":""yes"",""ticker"":""KXETH15M-26APR280945-45"",""trade_id"":""9c1a8718-3d7b-6077-14c5-9622432f77f5"",""yes_price_dollars"":""0.7900""}"
KXETH15M-26APR280945-45,64be3511-b0cb-5297-2b62-0fcf5f386871,1777383421,0.79,67.0,yes,"{""count_fp"":""67.00"",""created_time"":""2026-04-28T13:37:01.071794Z"",""no_price_dollars"":""0.2100"",""taker_side"":""yes"",""ticker"":""KXETH15M-26APR280945-45"",""trade_id"":""64be3511-b0cb-5297-2b62-0fcf5f386871"",""yes_price_dollars"":""0.7900""}"
KXETH15M-26APR280945-45,b91968a7-5163-4d4b-0d7a-0b7916fa60bd,1777383422,0.79,10.0,yes,"{""count_fp"":""10.00"",""created_time"":""2026-04-28T13:37:02.948864Z"",""no_price_dollars"":""0.2100"",""taker_side"":""yes"",""ticker"":""KXETH15M-26APR280945-45"",""trade_id"":""b91968a7-5163-4d4b-0d7a-0b7916fa60bd"",""yes_price_dollars"":""0.7900""}"
KXETH15M-26APR280945-45,4ce304d0-2afe-58a0-3eaa-2248eeb3721a,1777383422,0.78,10.0,no,"{""count_fp"":""10.00"",""created_time"":""2026-04-28T13:37:02.903156Z"",""no_price_dollars"":""0.2200"",""taker_side"":""no"",""ticker"":""KXETH15M-26APR280945-45"",""trade_id"":""4ce304d0-2afe-58a0-3eaa-2248eeb3721a"",""yes_price_dollars"":""0.7800""}"
KXETH15M-26APR280945-45,90286ddf-36e7-535f-c5a4-c77f7c8b1c39,1777383422,0.79,10.0,yes,"{""count_fp"":""10.00"",""created_time"":""2026-04-28T13:37:02.304526Z"",""no_price_dollars"":""0.2100"",""taker_side"":""yes"",""ticker"":""KXETH15M-26APR280945-45"",""trade_id"":""90286ddf-36e7-535f-c5a4-c77f7c8b1c39"",""yes_price_dollars"":""0.7900""}"
KXETH15M-26APR280945-45,b9ee83fc-027f-7bbd-885b-0b58e2a46190,1777383425,0.81,5.0,yes,"{""count_fp"":""5.00"",""created_time"":""2026-04-28T13:37:05.197124Z"",""no_price_dollars"":""0.1900"",""taker_side"":""yes"",""ticker"":""KXETH15M-26APR280945-45"",""trade_id"":""b9ee83fc-027f-7bbd-885b-0b58e2a46190"",""yes_price_dollars"":""0.8100""}"
KXETH15M-26APR280945-45,c9ad8424-a017-4f67-637c-915c479a6f15,1777383429,0.83,19.0,yes,"{""count_fp"":""19.00"",""created_time"":""2026-04-28T13:37:09.808375Z"",""no_price_dollars"":""0.1700"",""taker_side"":""yes"",""ticker"":""KXETH15M-26APR280945-45"",""trade_id"":""c9ad8424-a017-4f67-637c-915c479a6f15"",""yes_price_dollars"":""0.8300""}"
KXETH15M-26APR280945-45,7b5f12b7-ecaf-4997-35e1-403c48e6cbad,1777383429,0.83,1.0,yes,"{""count_fp"":""1.00"",""created_time"":""2026-04-28T13:37:09.636474Z"",""no_price_dollars"":""0.1700"",""taker_side"":""yes"",""ticker"":""KXETH15M-26APR280945-45"",""trade_id"":""7b5f12b7-ecaf-4997-35e1-403c48e6cbad"",""yes_price_dollars"":""0.8300""}"
KXETH15M-26APR280945-45,2cf71711-6495-7b44-bd08-b5344dcdf247,1777383431,0.79,16.2,no,"{""count_fp"":""16.20"",""created_time"":""2026-04-28T13:37:11.407565Z"",""no_price_dollars"":""0.2100"",""taker_side"":""no"",""ticker"":""KXETH15M-26APR280945-45"",""trade_id"":""2cf71711-6495-7b44-bd08-b5344dcdf247"",""yes_price_dollars"":""0.7900""}"
KXETH15M-26APR280945-45,0335b5ac-f97c-7300-872e-88ada28f993a,1777383431,0.79,10.0,no,"{""count_fp"":""10.00"",""created_time"":""2026-04-28T13:37:11.407565Z"",""no_price_dollars"":""0.2100"",""taker_side"":""no"",""ticker"":""KXETH15M-26APR280945-45"",""trade_id"":""0335b5ac-f97c-7300-872e-88ada28f993a"",""yes_price_dollars"":""0.7900""}"
KXETH15M-26APR280945-45,269c629d-7a8e-45f2-2181-7657efa5faeb,1777383433,0.84,4.0,yes,"{""count_fp"":""4.00"",""created_time"":""2026-04-28T13:37:13.856898Z"",""no_price_dollars"":""0.1600"",""taker_side"":""yes"",""ticker"":""KXETH15M-26APR280945-45"",""trade_id"":""269c629d-7a8e-45f2-2181-7657efa5faeb"",""yes_price_dollars"":""0.8400""}"
KXETH15M-26APR280945-45,0cf148d5-75cf-41d7-2ec9-05163af8e0dc,1777383433,0.84,1.0,yes,"{""count_fp"":""1.00"",""created_time"":""2026-04-28T13:37:13.856898Z"",""no_price_dollars"":""0.1600"",""taker_side"":""yes"",""ticker"":""KXETH15M-26APR280945-45"",""trade_id"":""0cf148d5-75cf-41d7-2ec9-05163af8e0dc"",""yes_price_dollars"":""0.8400""}"
KXETH15M-26APR280945-45,3344f8bb-ac87-4147-2a57-240ca023ef95,1777383434,0.83,45.0,yes,"{""count_fp"":""45.00"",""created_time"":""2026-04-28T13:37:14.322398Z"",""no_price_dollars"":""0.1700"",""taker_side"":""yes"",""ticker"":""KXETH15M-26APR280945-45"",""trade_id"":""3344f8bb-ac87-4147-2a57-240ca023ef95"",""yes_price_dollars"":""0.8300""}"
KXETH15M-26APR280945-45,6953aee2-fd97-48db-b1da-f6469137ccad,1777383434,0.83,107.72,yes,"{""count_fp"":""107.72"",""created_time"":""2026-04-28T13:37:14.160459Z"",""no_price_dollars"":""0.1700"",""taker_side"":""yes"",""ticker"":""KXETH15M-26APR280945-45"",""trade_id"":""6953aee2-fd97-48db-b1da-f6469137ccad"",""yes_price_dollars"":""0.8300""}"
KXETH15M-26APR280945-45,32657b43-35b4-4971-b212-e21a63455c89,1777383434,0.83,10.0,yes,"{""count_fp"":""10.00"",""created_time"":""2026-04-28T13:37:14.160459Z"",""no_price_dollars"":""0.1700"",""taker_side"":""yes"",""ticker"":""KXETH15M-26APR280945-45"",""trade_id"":""32657b43-35b4-4971-b212-e21a63455c89"",""yes_price_dollars"":""0.8300""}"
KXETH15M-26APR280945-45,ccf4dc72-169f-7d17-4d4b-daa1cb766d0b,1777383437,0.77,39.96,no,"{""count_fp"":""39.96"",""created_time"":""2026-04-28T13:37:17.896706Z"",""no_price_dollars"":""0.2300"",""taker_side"":""no"",""ticker"":""KXETH15M-26APR280945-45"",""trade_id"":""ccf4dc72-169f-7d17-4d4b-daa1cb766d0b"",""yes_price_dollars"":""0.7700""}"
KXETH15M-26APR280945-45,a8ffcb37-489c-5b7c-0acb-21bceee4d750,1777383437,0.78,1.0,no,"{""count_fp"":""1.00"",""created_time"":""2026-04-28T13:37:17.349409Z"",""no_price_dollars"":""0.2200"",""taker_side"":""no"",""ticker"":""KXETH15M-26APR280945-45"",""trade_id"":""a8ffcb37-489c-5b7c-0acb-21bceee4d750"",""yes_price_dollars"":""0.7800""}"
KXETH15M-26APR280945-45,2ec1e1ea-8185-5c44-32e2-8d1ca83831b3,1777383437,0.78,0.86,no,"{""count_fp"":""0.86"",""created_time"":""2026-04-28T13:37:17.349409Z"",""no_price_dollars"":""0.2200"",""taker_side"":""no"",""ticker"":""KXETH15M-26APR280945-45"",""trade_id"":""2ec1e1ea-8185-5c44-32e2-8d1ca83831b3"",""yes_price_dollars"":""0.7800""}"
KXETH15M-26APR280945-45,0852b92d-7610-6673-774d-0578f480cd55,1777383439,0.79,5.0,no,"{""count_fp"":""5.00"",""created_time"":""2026-04-28T13:37:19.043754Z"",""no_price_dollars"":""0.2100"",""taker_side"":""no"",""ticker"":""KXETH15M-26APR280945-45"",""trade_id"":""0852b92d-7610-6673-774d-0578f480cd55"",""yes_price_dollars"":""0.7900""}"
KXETH15M-26APR280945-45,99e77295-738b-4e1f-7f8c-1a47a957d7ab,1777383442,0.78,38.0,no,"{""count_fp"":""38.00"",""created_time"":""2026-04-28T13:37:22.422009Z"",""no_price_dollars"":""0.2200"",""taker_side"":""no"",""ticker"":""KXETH15M-26APR280945-45"",""trade_id"":""99e77295-738b-4e1f-7f8c-1a47a957d7ab"",""yes_price_dollars"":""0.7800""}"
KXETH15M-26APR280945-45,88d1fb54-d513-4127-544a-18cc5e69f7b1,1777383442,0.8,10.0,no,"{""count_fp"":""10.00"",""created_time"":""2026-04-28T13:37:22.422009Z"",""no_price_dollars"":""0.2000"",""taker_side"":""no"",""ticker"":""KXETH15M-26APR280945-45"",""trade_id"":""88d1fb54-d513-4127-544a-18cc5e69f7b1"",""yes_price_dollars"":""0.8000""}"
KXETH15M-26APR280945-45,4a77de79-514b-7513-76cd-0ce87f23a90f,1777383443,0.78,1.31,no,"{""count_fp"":""1.31"",""created_time"":""2026-04-28T13:37:23.552597Z"",""no_price_dollars"":""0.2200"",""taker_side"":""no"",""ticker"":""KXETH15M-26APR280945-45"",""trade_id"":""4a77de79-514b-7513-76cd-0ce87f23a90f"",""yes_price_dollars"":""0.7800""}"
KXETH15M-26APR280945-45,20265382-5043-665b-8af7-0831b349be87,1777383443,0.78,1.83,no,"{""count_fp"":""1.83"",""created_time"":""2026-04-28T13:37:23.442739Z"",""no_price_dollars"":""0.2200"",""taker_side"":""no"",""ticker"":""KXETH15M-26APR280945-45"",""trade_id"":""20265382-5043-665b-8af7-0831b349be87"",""yes_price_dollars"":""0.7800""}"
KXETH15M-26APR280945-45,78f8f977-7c46-406b-0d80-cce0a9d7b67b,1777383444,0.83,1.75,yes,"{""count_fp"":""1.75"",""created_time"":""2026-04-28T13:37:24.611435Z"",""no_price_dollars"":""0.1700"",""taker_side"":""yes"",""ticker"":""KXETH15M-26APR280945-45"",""trade_id"":""78f8f977-7c46-406b-0d80-cce0a9d7b67b"",""yes_price_dollars"":""0.8300""}"
KXETH15M-26APR280945-45,6ccd19cc-0bc3-4b15-238b-5e0584282ee0,1777383444,0.83,10.0,yes,"{""count_fp"":""10.00"",""created_time"":""2026-04-28T13:37:24.611435Z"",""no_price_dollars"":""0.1700"",""taker_side"":""yes"",""ticker"":""KXETH15M-26APR280945-45"",""trade_id"":""6ccd19cc-0bc3-4b15-238b-5e0584282ee0"",""yes_price_dollars"":""0.8300""}"
KXETH15M-26APR280945-45,e7cbf6d7-079f-71af-15be-fb9bcc64ba91,1777383445,0.84,1.0,yes,"{""count_fp"":""1.00"",""created_time"":""2026-04-28T13:37:25.139609Z"",""no_price_dollars"":""0.1600"",""taker_side"":""yes"",""ticker"":""KXETH15M-26APR280945-45"",""trade_id"":""e7cbf6d7-079f-71af-15be-fb9bcc64ba91"",""yes_price_dollars"":""0.8400""}"
KXETH15M-26APR280945-45,4a933903-c0ea-7db6-0612-0080198293c8,1777383445,0.84,190.0,yes,"{""count_fp"":""190.00"",""created_time"":""2026-04-28T13:37:25.020569Z"",""no_price_dollars"":""0.1600"",""taker_side"":""yes"",""ticker"":""KXETH15M-26APR280945-45"",""trade_id"":""4a933903-c0ea-7db6-0612-0080198293c8"",""yes_price_dollars"":""0.8400""}"
KXETH15M-26APR280945-45,3a2779e8-489a-7f6b-0efc-25ab6a03cad4,1777383445,0.84,10.0,yes,"{""count_fp"":""10.00"",""created_time"":""2026-04-28T13:37:25.020569Z"",""no_price_dollars"":""0.1600"",""taker_side"":""yes"",""ticker"":""KXETH15M-26APR280945-45"",""trade_id"":""3a2779e8-489a-7f6b-0efc-25ab6a03cad4"",""yes_price_dollars"":""0.8400""}"
KXETH15M-26APR280945-45,2f7d2265-6a3e-50bc-45f6-8153e27bf9e1,1777383447,0.78,0.07,no,"{""count_fp"":""0.07"",""created_time"":""2026-04-28T13:37:27.172282Z"",""no_price_dollars"":""0.2200"",""taker_side"":""no"",""ticker"":""KXETH15M-26APR280945-45"",""trade_id"":""2f7d2265-6a3e-50bc-45f6-8153e27bf9e1"",""yes_price_dollars"":""0.7800""}"
KXETH15M-26APR280945-45,3d6354d2-34e8-7f88-d70c-afa5deb5361e,1777383451,0.78,66.0,yes,"{""count_fp"":""66.00"",""created_time"":""2026-04-28T13:37:31.542189Z"",""no_price_dollars"":""0.2200"",""taker_side"":""yes"",""ticker"":""KXETH15M-26APR280945-45"",""trade_id"":""3d6354d2-34e8-7f88-d70c-afa5deb5361e"",""yes_price_dollars"":""0.7800""}"
KXETH15M-26APR280945-45,62c88648-9d43-4d23-4fc2-81739c5424b9,1777383455,0.81,5.0,yes,"{""count_fp"":""5.00"",""created_time"":""2026-04-28T13:37:35.270789Z"",""no_price_dollars"":""0.1900"",""taker_side"":""yes"",""ticker"":""KXETH15M-26APR280945-45"",""trade_id"":""62c88648-9d43-4d23-4fc2-81739c5424b9"",""yes_price_dollars"":""0.8100""}"
KXETH15M-26APR280945-45,c3cd6820-e374-7b8d-05c0-5ad2deaaea79,1777383458,0.8,1.0,yes,"{""count_fp"":""1.00"",""created_time"":""2026-04-28T13:37:38.468716Z"",""no_price_dollars"":""0.2000"",""taker_side"":""yes"",""ticker"":""KXETH15M-26APR280945-45"",""trade_id"":""c3cd6820-e374-7b8d-05c0-5ad2deaaea79"",""yes_price_dollars"":""0.8000""}"
KXETH15M-26APR280945-45,3d318cc7-bc49-6b3c-74a7-ba337bba70e8,1777383460,0.8,1.0,yes,"{""count_fp"":""1.00"",""created_time"":""2026-04-28T13:37:40.016975Z"",""no_price_dollars"":""0.2000"",""taker_side"":""yes"",""ticker"":""KXETH15M-26APR280945-45"",""trade_id"":""3d318cc7-bc49-6b3c-74a7-ba337bba70e8"",""yes_price_dollars"":""0.8000""}"
KXETH15M-26APR280945-45,05ca655d-a628-6cf1-3235-92afab8ca84d,1777383464,0.8,4.0,yes,"{""count_fp"":""4.00"",""created_time"":""2026-04-28T13:37:44.409226Z"",""no_price_dollars"":""0.2000"",""taker_side"":""yes"",""ticker"":""KXETH15M-26APR280945-45"",""trade_id"":""05ca655d-a628-6cf1-3235-92afab8ca84d"",""yes_price_dollars"":""0.8000""}"
KXETH15M-26APR280945-45,358e4fac-89a3-545b-9341-28b5c3f88d6b,1777383474,0.79,11.44,no,"{""count_fp"":""11.44"",""created_time"":""2026-04-28T13:37:54.995404Z"",""no_price_dollars"":""0.2100"",""taker_side"":""no"",""ticker"":""KXETH15M-26APR280945-45"",""trade_id"":""358e4fac-89a3-545b-9341-28b5c3f88d6b"",""yes_price_dollars"":""0.7900""}"
KXETH15M-26APR280945-45,1ee8f93b-258c-5b74-8429-b76e6db37b5a,1777383474,0.8,11.12,no,"{""count_fp"":""11.12"",""created_time"":""2026-04-28T13:37:54.995404Z"",""no_price_dollars"":""0.2000"",""taker_side"":""no"",""ticker"":""KXETH15M-26APR280945-45"",""trade_id"":""1ee8f93b-258c-5b74-8429-b76e6db37b5a"",""yes_price_dollars"":""0.8000""}"
KXETH15M-26APR280945-45,97f98347-72db-49ee-f125-44b2843545e1,1777383476,0.84,11.77,yes,"{""count_fp"":""11.77"",""created_time"":""2026-04-28T13:37:56.190422Z"",""no_price_dollars"":""0.1600"",""taker_side"":""yes"",""ticker"":""KXETH15M-26APR280945-45"",""trade_id"":""97f98347-72db-49ee-f125-44b2843545e1"",""yes_price_dollars"":""0.8400""}"
KXETH15M-26APR280945-45,624325e7-6787-570f-3999-9f7b7a8ca0bd,1777383480,0.85,1.0,yes,"{""count_fp"":""1.00"",""created_time"":""2026-04-28T13:38:00.812876Z"",""no_price_dollars"":""0.1500"",""taker_side"":""yes"",""ticker"":""KXETH15M-26APR280945-45"",""trade_id"":""624325e7-6787-570f-3999-9f7b7a8ca0bd"",""yes_price_dollars"":""0.8500""}"
KXETH15M-26APR280945-45,edd5846a-57db-51af-18b0-d853631c8025,1777383480,0.85,1.0,yes,"{""count_fp"":""1.00"",""created_time"":""2026-04-28T13:38:00.656247Z"",""no_price_dollars"":""0.1500"",""taker_side"":""yes"",""ticker"":""KXETH15M-26APR280945-45"",""trade_id"":""edd5846a-57db-51af-18b0-d853631c8025"",""yes_price_dollars"":""0.8500""}"
KXETH15M-26APR280945-45,c519e6fd-b79f-554f-2c55-a668decb1ced,1777383480,0.85,1.0,yes,"{""count_fp"":""1.00"",""created_time"":""2026-04-28T13:38:00.648734Z"",""no_price_dollars"":""0.1500"",""taker_side"":""yes"",""ticker"":""KXETH15M-26APR280945-45"",""trade_id"":""c519e6fd-b79f-554f-2c55-a668decb1ced"",""yes_price_dollars"":""0.8500""}"
KXETH15M-26APR280945-45,9ab6986e-71a7-6ebf-4a1f-5756293e4e41,1777383481,0.86,1.0,yes,"{""count_fp"":""1.00"",""created_time"":""2026-04-28T13:38:01.369635Z"",""no_price_dollars"":""0.1400"",""taker_side"":""yes"",""ticker"":""KXETH15M-26APR280945-45"",""trade_id"":""9ab6986e-71a7-6ebf-4a1f-5756293e4e41"",""yes_price_dollars"":""0.8600""}"
KXETH15M-26APR280945-45,180c8750-9530-53dd-d2e2-1db7ac49e959,1777383482,0.86,2.0,yes,"{""count_fp"":""2.00"",""created_time"":""2026-04-28T13:38:02.237746Z"",""no_price_dollars"":""0.1400"",""taker_side"":""yes"",""ticker"":""KXETH15M-26APR280945-45"",""trade_id"":""180c8750-9530-53dd-d2e2-1db7ac49e959"",""yes_price_dollars"":""0.8600""}"
KXETH15M-26APR280945-45,8aaf96b4-0b5f-439b-49bc-aa1441a47ab1,1777383485,0.86,1.0,yes,"{""count_fp"":""1.00"",""created_time"":""2026-04-28T13:38:05.175978Z"",""no_price_dollars"":""0.1400"",""taker_side"":""yes"",""ticker"":""KXETH15M-26APR280945-45"",""trade_id"":""8aaf96b4-0b5f-439b-49bc-aa1441a47ab1"",""yes_price_dollars"":""0.8600""}"
KXETH15M-26APR280945-45,30036826-2763-6bfb-16a8-a0f587a6e919,1777383487,0.86,1.0,yes,"{""count_fp"":""1.00"",""created_time"":""2026-04-28T13:38:07.125306Z"",""no_price_dollars"":""0.1400"",""taker_side"":""yes"",""ticker"":""KXETH15M-26APR280945-45"",""trade_id"":""30036826-2763-6bfb-16a8-a0f587a6e919"",""yes_price_dollars"":""0.8600""}"
KXETH15M-26APR280945-45,cc3ced05-a04d-4d62-69dc-b7508065b020,1777383493,0.84,8.12,yes,"{""count_fp"":""8.12"",""created_time"":""2026-04-28T13:38:13.676288Z"",""no_price_dollars"":""0.1600"",""taker_side"":""yes"",""ticker"":""KXETH15M-26APR280945-45"",""trade_id"":""cc3ced05-a04d-4d62-69dc-b7508065b020"",""yes_price_dollars"":""0.8400""}"
KXETH15M-26APR280945-45,456ec410-a3a3-4957-7e11-3919737fdbbd,1777383493,0.85,69.3,yes,"{""count_fp"":""69.30"",""created_time"":""2026-04-28T13:38:13.676288Z"",""no_price_dollars"":""0.1500"",""taker_side"":""yes"",""ticker"":""KXETH15M-26APR280945-45"",""trade_id"":""456ec410-a3a3-4957-7e11-3919737fdbbd"",""yes_price_dollars"":""0.8500""}"
KXETH15M-26APR280945-45,10bc3742-2305-42a8-6360-e911c054dcf9,1777383493,0.84,10.0,yes,"{""count_fp"":""10.00"",""created_time"":""2026-04-28T13:38:13.676288Z"",""no_price_dollars"":""0.1600"",""taker_side"":""yes"",""ticker"":""KXETH15M-26APR280945-45"",""trade_id"":""10bc3742-2305-42a8-6360-e911c054dcf9"",""yes_price_dollars"":""0.8400""}"
KXETH15M-26APR280945-45,06981a0d-49f4-4c0d-6c51-8730269e4e15,1777383493,0.84,49.56,yes,"{""count_fp"":""49.56"",""created_time"":""2026-04-28T13:38:13.676288Z"",""no_price_dollars"":""0.1600"",""taker_side"":""yes"",""ticker"":""KXETH15M-26APR280945-45"",""trade_id"":""06981a0d-49f4-4c0d-6c51-8730269e4e15"",""yes_price_dollars"":""0.8400""}"
KXETH15M-26APR280945-45,b0d42689-6f97-642f-0b5a-bba60219772d,1777383494,0.85,29.1,yes,"{""count_fp"":""29.10"",""created_time"":""2026-04-28T13:38:14.612523Z"",""no_price_dollars"":""0.1500"",""taker_side"":""yes"",""ticker"":""KXETH15M-26APR280945-45"",""trade_id"":""b0d42689-6f97-642f-0b5a-bba60219772d"",""yes_price_dollars"":""0.8500""}"
KXETH15M-26APR280945-45,eccc52eb-e2f7-55ff-92bc-93886b60d0ed,1777383495,0.85,29.0,yes,"{""count_fp"":""29.00"",""created_time"":""2026-04-28T13:38:15.838389Z"",""no_price_dollars"":""0.1500"",""taker_side"":""yes"",""ticker"":""KXETH15M-26APR280945-45"",""trade_id"":""eccc52eb-e2f7-55ff-92bc-93886b60d0ed"",""yes_price_dollars"":""0.8500""}"
KXETH15M-26APR280945-45,0c62f4cc-ee1c-5ba3-90a8-2de8b6497a31,1777383495,0.81,4.98,no,"{""count_fp"":""4.98"",""created_time"":""2026-04-28T13:38:15.770133Z"",""no_price_dollars"":""0.1900"",""taker_side"":""no"",""ticker"":""KXETH15M-26APR280945-45"",""trade_id"":""0c62f4cc-ee1c-5ba3-90a8-2de8b6497a31"",""yes_price_dollars"":""0.8100""}"
KXETH15M-26APR280945-45,1f6fff4e-6c1d-47a5-be52-daf626fed06c,1777383497,0.83,1.0,no,"{""count_fp"":""1.00"",""created_time"":""2026-04-28T13:38:17.346978Z"",""no_price_dollars"":""0.1700"",""taker_side"":""no"",""ticker"":""KXETH15M-26APR280945-45"",""trade_id"":""1f6fff4e-6c1d-47a5-be52-daf626fed06c"",""yes_price_dollars"":""0.8300""}"
KXETH15M-26APR280945-45,87de64df-a0c7-6243-efab-7213b2c4d7dd,1777383505,0.88,1.0,yes,"{""count_fp"":""1.00"",""created_time"":""2026-04-28T13:38:25.338535Z"",""no_price_dollars"":""0.1200"",""taker_side"":""yes"",""ticker"":""KXETH15M-26APR280945-45"",""trade_id"":""87de64df-a0c7-6243-efab-7213b2c4d7dd"",""yes_price_dollars"":""0.8800""}"
KXETH15M-26APR280945-45,298b260a-0d7b-7d67-0ead-13e320d58f49,1777383514,0.88,5.57,yes,"{""count_fp"":""5.57"",""created_time"":""2026-04-28T13:38:34.391872Z"",""no_price_dollars"":""0.1200"",""taker_side"":""yes"",""ticker"":""KXETH15M-26APR280945-45"",""trade_id"":""298b260a-0d7b-7d67-0ead-13e320d58f49"",""yes_price_dollars"":""0.8800""}"
KXETH15M-26APR280945-45,954bf668-21d9-7f6b-2edc-59ee4ed293b1,1777383514,0.88,2.44,yes,"{""count_fp"":""2.44"",""created_time"":""2026-04-28T13:38:34.141741Z"",""no_price_dollars"":""0.1200"",""taker_side"":""yes"",""ticker"":""KXETH15M-26APR280945-45"",""trade_id"":""954bf668-21d9-7f6b-2edc-59ee4ed293b1"",""yes_price_dollars"":""0.8800""}"
KXETH15M-26APR280945-45,e4521f44-d33c-70be-fea6-9b09c17e31e8,1777383524,0.88,10.0,yes,"{""count_fp"":""10.00"",""created_time"":""2026-04-28T13:38:44.843445Z"",""no_price_dollars"":""0.1200"",""taker_side"":""yes"",""ticker"":""KXETH15M-26APR280945-45"",""trade_id"":""e4521f44-d33c-70be-fea6-9b09c17e31e8"",""yes_price_dollars"":""0.8800""}"
KXETH15M-26APR280945-45,58f9eaa0-9a16-735e-fde3-7bf1c32fa8ff,1777383524,0.88,10.0,yes,"{""count_fp"":""10.00"",""created_time"":""2026-04-28T13:38:44.843445Z"",""no_price_dollars"":""0.1200"",""taker_side"":""yes"",""ticker"":""KXETH15M-26APR280945-45"",""trade_id"":""58f9eaa0-9a16-735e-fde3-7bf1c32fa8ff"",""yes_price_dollars"":""0.8800""}"
KXETH15M-26APR280945-45,400229bc-843b-745b-ce05-465b4df4ca91,1777383524,0.89,5.0,yes,"{""count_fp"":""5.00"",""created_time"":""2026-04-28T13:38:44.843445Z"",""no_price_dollars"":""0.1100"",""taker_side"":""yes"",""ticker"":""KXETH15M-26APR280945-45"",""trade_id"":""400229bc-843b-745b-ce05-465b4df4ca91"",""yes_price_dollars"":""0.8900""}"
KXETH15M-26APR280945-45,cf14b386-fca0-42f2-077d-3e15f8f22eff,1777383525,0.87,6.0,no,"{""count_fp"":""6.00"",""created_time"":""2026-04-28T13:38:45.783172Z"",""no_price_dollars"":""0.1300"",""taker_side"":""no"",""ticker"":""KXETH15M-26APR280945-45"",""trade_id"":""cf14b386-fca0-42f2-077d-3e15f8f22eff"",""yes_price_dollars"":""0.8700""}"
KXETH15M-26APR280945-45,091da9f2-787d-45d4-0c9c-cc082fcac143,1777383525,0.87,11.9,no,"{""count_fp"":""11.90"",""created_time"":""2026-04-28T13:38:45.783172Z"",""no_price_dollars"":""0.1300"",""taker_side"":""no"",""ticker"":""KXETH15M-26APR280945-45"",""trade_id"":""091da9f2-787d-45d4-0c9c-cc082fcac143"",""yes_price_dollars"":""0.8700""}"
KXETH15M-26APR280945-45,3e1d73d4-3abb-43b7-7f38-4c0ac8e4c275,1777383525,0.89,20.0,yes,"{""count_fp"":""20.00"",""created_time"":""2026-04-28T13:38:45.417606Z"",""no_price_dollars"":""0.1100"",""taker_side"":""yes"",""ticker"":""KXETH15M-26APR280945-45"",""trade_id"":""3e1d73d4-3abb-43b7-7f38-4c0ac8e4c275"",""yes_price_dollars"":""0.8900""}"
KXETH15M-26APR280945-45,d0f4bde6-945b-4eab-bb93-91c301687831,1777383527,0.88,94.78,yes,"{""count_fp"":""94.78"",""created_time"":""2026-04-28T13:38:47.815841Z"",""no_price_dollars"":""0.1200"",""taker_side"":""yes"",""ticker"":""KXETH15M-26APR280945-45"",""trade_id"":""d0f4bde6-945b-4eab-bb93-91c301687831"",""yes_price_dollars"":""0.8800""}"
KXETH15M-26APR280945-45,3d89fe68-955a-57f0-1c5f-3bb1890b7814,1777383531,0.86,10.0,yes,"{""count_fp"":""10.00"",""created_time"":""2026-04-28T13:38:51.977163Z"",""no_price_dollars"":""0.1400"",""taker_side"":""yes"",""ticker"":""KXETH15M-26APR280945-45"",""trade_id"":""3d89fe68-955a-57f0-1c5f-3bb1890b7814"",""yes_price_dollars"":""0.8600""}"
KXETH15M-26APR280945-45,8d7d7202-74d3-718f-0a35-d800961b21dd,1777383535,0.85,14.0,yes,"{""count_fp"":""14.00"",""created_time"":""2026-04-28T13:38:55.195599Z"",""no_price_dollars"":""0.1500"",""taker_side"":""yes"",""ticker"":""KXETH15M-26APR280945-45"",""trade_id"":""8d7d7202-74d3-718f-0a35-d800961b21dd"",""yes_price_dollars"":""0.8500""}"
KXETH15M-26APR280945-45,80d47d48-824b-7caa-38b0-130ae9919083,1777383535,0.85,10.0,yes,"{""count_fp"":""10.00"",""created_time"":""2026-04-28T13:38:55.195599Z"",""no_price_dollars"":""0.1500"",""taker_side"":""yes"",""ticker"":""KXETH15M-26APR280945-45"",""trade_id"":""80d47d48-824b-7caa-38b0-130ae9919083"",""yes_price_dollars"":""0.8500""}"
KXETH15M-26APR280945-45,f4cc7584-67b3-62ad-daaa-c7028e393bee,1777383539,0.82,10.0,yes,"{""count_fp"":""10.00"",""created_time"":""2026-04-28T13:38:59.231256Z"",""no_price_dollars"":""0.1800"",""taker_side"":""yes"",""ticker"":""KXETH15M-26APR280945-45"",""trade_id"":""f4cc7584-67b3-62ad-daaa-c7028e393bee"",""yes_price_dollars"":""0.8200""}"
KXETH15M-26APR280945-45,884eb5bb-b57b-6c70-f44d-48fc15a6b626,1777383539,0.82,5.3,yes,"{""count_fp"":""5.30"",""created_time"":""2026-04-28T13:38:59.231256Z"",""no_price_dollars"":""0.1800"",""taker_side"":""yes"",""ticker"":""KXETH15M-26APR280945-45"",""trade_id"":""884eb5bb-b57b-6c70-f44d-48fc15a6b626"",""yes_price_dollars"":""0.8200""}"
KXETH15M-26APR280945-45,3ae3b615-d0a3-7857-1275-9d2ad6de1b31,1777383540,0.81,15.0,yes,"{""count_fp"":""15.00"",""created_time"":""2026-04-28T13:39:00.672961Z"",""no_price_dollars"":""0.1900"",""taker_side"":""yes"",""ticker"":""KXETH15M-26APR280945-45"",""trade_id"":""3ae3b615-d0a3-7857-1275-9d2ad6de1b31"",""yes_price_dollars"":""0.8100""}"
KXETH15M-26APR280945-45,e078070a-4df3-5fd7-b776-aeedbe8d48e9,1777383540,0.81,10.0,yes,"{""count_fp"":""10.00"",""created_time"":""2026-04-28T13:39:00.299382Z"",""no_price_dollars"":""0.1900"",""taker_side"":""yes"",""ticker"":""KXETH15M-26APR280945-45"",""trade_id"":""e078070a-4df3-5fd7-b776-aeedbe8d48e9"",""yes_price_dollars"":""0.8100""}"
KXETH15M-26APR280945-45,f84e38a8-ad33-5f4f-e359-02519cab566f,1777383541,0.79,7.39,no,"{""count_fp"":""7.39"",""created_time"":""2026-04-28T13:39:01.841964Z"",""no_price_dollars"":""0.2100"",""taker_side"":""no"",""ticker"":""KXETH15M-26APR280945-45"",""trade_id"":""f84e38a8-ad33-5f4f-e359-02519cab566f"",""yes_price_dollars"":""0.7900""}"
KXETH15M-26APR280945-45,1a450041-2cd2-5ff7-c0e0-0d10a189020f,1777383541,0.8,1.0,no,"{""count_fp"":""1.00"",""created_time"":""2026-04-28T13:39:01.841964Z"",""no_price_dollars"":""0.2000"",""taker_side"":""no"",""ticker"":""KXETH15M-26APR280945-45"",""trade_id"":""1a450041-2cd2-5ff7-c0e0-0d10a189020f"",""yes_price_dollars"":""0.8000""}"
KXETH15M-26APR280945-45,4224e41e-607b-67d3-78e2-75ede662fec1,1777383541,0.81,1.0,yes,"{""count_fp"":""1.00"",""created_time"":""2026-04-28T13:39:01.514444Z"",""no_price_dollars"":""0.1900"",""taker_side"":""yes"",""ticker"":""KXETH15M-26APR280945-45"",""trade_id"":""4224e41e-607b-67d3-78e2-75ede662fec1"",""yes_price_dollars"":""0.8100""}"
KXETH15M-26APR280945-45,560b1fe0-1b37-451b-9842-c0a385eb0469,1777383543,0.83,1.0,yes,"{""count_fp"":""1.00"",""created_time"":""2026-04-28T13:39:03.347198Z"",""no_price_dollars"":""0.1700"",""taker_side"":""yes"",""ticker"":""KXETH15M-26APR280945-45"",""trade_id"":""560b1fe0-1b37-451b-9842-c0a385eb0469"",""yes_price_dollars"":""0.8300""}"
KXETH15M-26APR280945-45,13e8670c-fffb-6b23-c0ef-8d311e708ce5,1777383543,0.83,100.0,yes,"{""count_fp"":""100.00"",""created_time"":""2026-04-28T13:39:03.168809Z"",""no_price_dollars"":""0.1700"",""taker_side"":""yes"",""ticker"":""KXETH15M-26APR280945-45"",""trade_id"":""13e8670c-fffb-6b23-c0ef-8d311e708ce5"",""yes_price_dollars"":""0.8300""}"
KXETH15M-26APR280945-45,03fec38a-6f2f-4867-1f71-64cd8d4f64b3,1777383544,0.79,22.0,no,"{""count_fp"":""22.00"",""created_time"":""2026-04-28T13:39:04.733923Z"",""no_price_dollars"":""0.2100"",""taker_side"":""no"",""ticker"":""KXETH15M-26APR280945-45"",""trade_id"":""03fec38a-6f2f-4867-1f71-64cd8d4f64b3"",""yes_price_dollars"":""0.7900""}"
KXETH15M-26APR280945-45,299dc1a0-2267-559b-f184-2fc4fa7f74cb,1777383544,0.79,1.0,no,"{""count_fp"":""1.00"",""created_time"":""2026-04-28T13:39:04.159876Z"",""no_price_dollars"":""0.2100"",""taker_side"":""no"",""ticker"":""KXETH15M-26APR280945-45"",""trade_id"":""299dc1a0-2267-559b-f184-2fc4fa7f74cb"",""yes_price_dollars"":""0.7900""}"
KXETH15M-26APR280945-45,313a68ee-15ff-500f-79ab-285479c08c55,1777383551,0.8,1.0,yes,"{""count_fp"":""1.00"",""created_time"":""2026-04-28T13:39:11.480471Z"",""no_price_dollars"":""0.2000"",""taker_side"":""yes"",""ticker"":""KXETH15M-26APR280945-45"",""trade_id"":""313a68ee-15ff-500f-79ab-285479c08c55"",""yes_price_dollars"":""0.8000""}"
KXETH15M-26APR280945-45,c28d4da0-2f6f-60cb-a8f1-1af967797809,1777383552,0.8,5.0,yes,"{""count_fp"":""5.00"",""created_time"":""2026-04-28T13:39:12.721725Z"",""no_price_dollars"":""0.2000"",""taker_side"":""yes"",""ticker"":""KXETH15M-26APR280945-45"",""trade_id"":""c28d4da0-2f6f-60cb-a8f1-1af967797809"",""yes_price_dollars"":""0.8000""}"
KXETH15M-26APR280945-45,ae5f775f-e70f-6f13-e590-c5531c432781,1777383555,0.8,5.0,yes,"{""count_fp"":""5.00"",""created_time"":""2026-04-28T13:39:15.887873Z"",""no_price_dollars"":""0.2000"",""taker_side"":""yes"",""ticker"":""KXETH15M-26APR280945-45"",""trade_id"":""ae5f775f-e70f-6f13-e590-c5531c432781"",""yes_price_dollars"":""0.8000""}"
KXETH15M-26APR280945-45,ff7f242c-540f-79cf-4c07-3fa1540cafd1,1777383556,0.8,29.51,yes,"{""count_fp"":""29.51"",""created_time"":""2026-04-28T13:39:16.091455Z"",""no_price_dollars"":""0.2000"",""taker_side"":""yes"",""ticker"":""KXETH15M-26APR280945-45"",""trade_id"":""ff7f242c-540f-79cf-4c07-3fa1540cafd1"",""yes_price_dollars"":""0.8000""}"
KXETH15M-26APR280945-45,7ec0de1d-a049-6e7c-d6a5-ddb1e690891f,1777383563,0.8,13.67,no,"{""count_fp"":""13.67"",""created_time"":""2026-04-28T13:39:23.292527Z"",""no_price_dollars"":""0.2000"",""taker_side"":""no"",""ticker"":""KXETH15M-26APR280945-45"",""trade_id"":""7ec0de1d-a049-6e7c-d6a5-ddb1e690891f"",""yes_price_dollars"":""0.8000""}"
KXETH15M-26APR280945-45,31827d8d-1164-66d7-e399-e542cf22a291,1777383563,0.8,10.0,no,"{""count_fp"":""10.00"",""created_time"":""2026-04-28T13:39:23.292527Z"",""no_price_dollars"":""0.2000"",""taker_side"":""no"",""ticker"":""KXETH15M-26APR280945-45"",""trade_id"":""31827d8d-1164-66d7-e399-e542cf22a291"",""yes_price_dollars"":""0.8000""}"
KXETH15M-26APR280945-45,eaad5415-8892-5e15-204e-39f8e765424e,1777383569,0.8,10.0,no,"{""count_fp"":""10.00"",""created_time"":""2026-04-28T13:39:29.622418Z"",""no_price_dollars"":""0.2000"",""taker_side"":""no"",""ticker"":""KXETH15M-26APR280945-45"",""trade_id"":""eaad5415-8892-5e15-204e-39f8e765424e"",""yes_price_dollars"":""0.8000""}"
KXETH15M-26APR280945-45,a972b335-2529-5264-3275-2886163dca73,1777383569,0.8,100.0,no,"{""count_fp"":""100.00"",""created_time"":""2026-04-28T13:39:29.622418Z"",""no_price_dollars"":""0.2000"",""taker_side"":""no"",""ticker"":""KXETH15M-26APR280945-45"",""trade_id"":""a972b335-2529-5264-3275-2886163dca73"",""yes_price_dollars"":""0.8000""}"
KXETH15M-26APR280945-45,150c1c58-9df2-5f05-0ca3-8bfea11b091c,1777383569,0.8,6.78,no,"{""count_fp"":""6.78"",""created_time"":""2026-04-28T13:39:29.622418Z"",""no_price_dollars"":""0.2000"",""taker_side"":""no"",""ticker"":""KXETH15M-26APR280945-45"",""trade_id"":""150c1c58-9df2-5f05-0ca3-8bfea11b091c"",""yes_price_dollars"":""0.8000""}"
KXETH15M-26APR280945-45,66872839-4d5f-7cb7-8847-5cab9f949fd9,1777383571,0.88,1.0,yes,"{""count_fp"":""1.00"",""created_time"":""2026-04-28T13:39:31.893897Z"",""no_price_dollars"":""0.1200"",""taker_side"":""yes"",""ticker"":""KXETH15M-26APR280945-45"",""trade_id"":""66872839-4d5f-7cb7-8847-5cab9f949fd9"",""yes_price_dollars"":""0.8800""}"
KXETH15M-26APR280945-45,5a95c020-e5e7-5c7b-fa1f-c82d071db6d9,1777383572,0.88,1.0,yes,"{""count_fp"":""1.00"",""created_time"":""2026-04-28T13:39:32.262008Z"",""no_price_dollars"":""0.1200"",""taker_side"":""yes"",""ticker"":""KXETH15M-26APR280945-45"",""trade_id"":""5a95c020-e5e7-5c7b-fa1f-c82d071db6d9"",""yes_price_dollars"":""0.8800""}"
KXETH15M-26APR280945-45,a2fab7d6-456b-6c41-b6db-a7e5a0e5848f,1777383573,0.87,2.0,yes,"{""count_fp"":""2.00"",""created_time"":""2026-04-28T13:39:33.999536Z"",""no_price_dollars"":""0.1300"",""taker_side"":""yes"",""ticker"":""KXETH15M-26APR280945-45"",""trade_id"":""a2fab7d6-456b-6c41-b6db-a7e5a0e5848f"",""yes_price_dollars"":""0.8700""}"
KXETH15M-26APR280945-45,eb3e5dae-98ea-6bb5-a731-9ea1fb4f3abf,1777383574,0.83,10.0,no,"{""count_fp"":""10.00"",""created_time"":""2026-04-28T13:39:34.537818Z"",""no_price_dollars"":""0.1700"",""taker_side"":""no"",""ticker"":""KXETH15M-26APR280945-45"",""trade_id"":""eb3e5dae-98ea-6bb5-a731-9ea1fb4f3abf"",""yes_price_dollars"":""0.8300""}"
KXETH15M-26APR280945-45,634613f2-d86c-6e3b-84ee-edd792052698,1777383574,0.83,38.0,no,"{""count_fp"":""38.00"",""created_time"":""2026-04-28T13:39:34.537818Z"",""no_price_dollars"":""0.1700"",""taker_side"":""no"",""ticker"":""KXETH15M-26APR280945-45"",""trade_id"":""634613f2-d86c-6e3b-84ee-edd792052698"",""yes_price_dollars"":""0.8300""}"
KXETH15M-26APR280945-45,b87f8706-7d63-60f7-5b7d-d21f7e852561,1777383578,0.88,1.1,yes,"{""count_fp"":""1.10"",""created_time"":""2026-04-28T13:39:38.263228Z"",""no_price_dollars"":""0.1200"",""taker_side"":""yes"",""ticker"":""KXETH15M-26APR280945-45"",""trade_id"":""b87f8706-7d63-60f7-5b7d-d21f7e852561"",""yes_price_dollars"":""0.8800""}"
KXETH15M-26APR280945-45,57003eb1-93c8-4589-157c-3f220dd8a43d,1777383579,0.84,7.67,no,"{""count_fp"":""7.67"",""created_time"":""2026-04-28T13:39:39.416171Z"",""no_price_dollars"":""0.1600"",""taker_side"":""no"",""ticker"":""KXETH15M-26APR280945-45"",""trade_id"":""57003eb1-93c8-4589-157c-3f220dd8a43d"",""yes_price_dollars"":""0.8400""}"
KXETH15M-26APR280945-45,48fe1a8b-4887-53af-a5e8-1b0c3321c95d,1777383580,0.88,1.12,yes,"{""count_fp"":""1.12"",""created_time"":""2026-04-28T13:39:40.480201Z"",""no_price_dollars"":""0.1200"",""taker_side"":""yes"",""ticker"":""KXETH15M-26APR280945-45"",""trade_id"":""48fe1a8b-4887-53af-a5e8-1b0c3321c95d"",""yes_price_dollars"":""0.8800""}"
KXETH15M-26APR280945-45,16ab081e-9d03-4213-14a9-57b9817076b5,1777383581,0.88,5.63,yes,"{""count_fp"":""5.63"",""created_time"":""2026-04-28T13:39:41.811576Z"",""no_price_dollars"":""0.1200"",""taker_side"":""yes"",""ticker"":""KXETH15M-26APR280945-45"",""trade_id"":""16ab081e-9d03-4213-14a9-57b9817076b5"",""yes_price_dollars"":""0.8800""}"
KXETH15M-26APR280945-45,5bff8406-155f-41f3-cc85-14238a543d9d,1777383587,0.88,39.0,yes,"{""count_fp"":""39.00"",""created_time"":""2026-04-28T13:39:47.056698Z"",""no_price_dollars"":""0.1200"",""taker_side"":""yes"",""ticker"":""KXETH15M-26APR280945-45"",""trade_id"":""5bff8406-155f-41f3-cc85-14238a543d9d"",""yes_price_dollars"":""0.8800""}"
KXETH15M-26APR280945-45,91b5514e-c5d9-4257-308b-3ab5104895cc,1777383596,0.86,1.0,yes,"{""count_fp"":""1.00"",""created_time"":""2026-04-28T13:39:56.376793Z"",""no_price_dollars"":""0.1400"",""taker_side"":""yes"",""ticker"":""KXETH15M-26APR280945-45"",""trade_id"":""91b5514e-c5d9-4257-308b-3ab5104895cc"",""yes_price_dollars"":""0.8600""}"
