ticker,trade_id,ts,yes_price,count,taker_side,raw_json
KXETH15M-26APR280745-45,cb121e49-f525-68f5-d5cb-de37dfa53516,1777375816,0.55,1.0,yes,"{""count_fp"":""1.00"",""created_time"":""2026-04-28T11:30:16.556981Z"",""no_price_dollars"":""0.4500"",""taker_side"":""yes"",""ticker"":""KXETH15M-26APR280745-45"",""trade_id"":""cb121e49-f525-68f5-d5cb-de37dfa53516"",""yes_price_dollars"":""0.5500""}"
KXETH15M-26APR280745-45,ffd1340a-01b1-4992-ac4e-c6f1e19e6e91,1777375820,0.5,3.0,no,"{""count_fp"":""3.00"",""created_time"":""2026-04-28T11:30:20.734533Z"",""no_price_dollars"":""0.5000"",""taker_side"":""no"",""ticker"":""KXETH15M-26APR280745-45"",""trade_id"":""ffd1340a-01b1-4992-ac4e-c6f1e19e6e91"",""yes_price_dollars"":""0.5000""}"
KXETH15M-26APR280745-45,f9942343-c6aa-7fb7-bfc8-6c0dfd097981,1777375824,0.5,1.0,no,"{""count_fp"":""1.00"",""created_time"":""2026-04-28T11:30:24.165614Z"",""no_price_dollars"":""0.5000"",""taker_side"":""no"",""ticker"":""KXETH15M-26APR280745-45"",""trade_id"":""f9942343-c6aa-7fb7-bfc8-6c0dfd097981"",""yes_price_dollars"":""0.5000""}"
KXETH15M-26APR280745-45,83505d63-aadd-75ea-8392-569c701788f1,1777375824,0.5,7.0,no,"{""count_fp"":""7.00"",""created_time"":""2026-04-28T11:30:24.165614Z"",""no_price_dollars"":""0.5000"",""taker_side"":""no"",""ticker"":""KXETH15M-26APR280745-45"",""trade_id"":""83505d63-aadd-75ea-8392-569c701788f1"",""yes_price_dollars"":""0.5000""}"
KXETH15M-26APR280745-45,95acaaf1-eada-52d5-fac2-d715d8036f3c,1777375826,0.47,11.0,no,"{""count_fp"":""11.00"",""created_time"":""2026-04-28T11:30:26.777343Z"",""no_price_dollars"":""0.5300"",""taker_side"":""no"",""ticker"":""KXETH15M-26APR280745-45"",""trade_id"":""95acaaf1-eada-52d5-fac2-d715d8036f3c"",""yes_price_dollars"":""0.4700""}"
KXETH15M-26APR280745-45,8bcda831-6643-5df3-ef07-812367884527,1777375826,0.47,3.0,no,"{""count_fp"":""3.00"",""created_time"":""2026-04-28T11:30:26.777343Z"",""no_price_dollars"":""0.5300"",""taker_side"":""no"",""ticker"":""KXETH15M-26APR280745-45"",""trade_id"":""8bcda831-6643-5df3-ef07-812367884527"",""yes_price_dollars"":""0.4700""}"
KXETH15M-26APR280745-45,87afcbcc-6806-55b1-c1ef-348a275df22a,1777375826,0.47,50.0,no,"{""count_fp"":""50.00"",""created_time"":""2026-04-28T11:30:26.777343Z"",""no_price_dollars"":""0.5300"",""taker_side"":""no"",""ticker"":""KXETH15M-26APR280745-45"",""trade_id"":""87afcbcc-6806-55b1-c1ef-348a275df22a"",""yes_price_dollars"":""0.4700""}"
KXETH15M-26APR280745-45,3404448c-4e30-52e7-e167-1cd24179f68f,1777375826,0.47,10.0,no,"{""count_fp"":""10.00"",""created_time"":""2026-04-28T11:30:26.777343Z"",""no_price_dollars"":""0.5300"",""taker_side"":""no"",""ticker"":""KXETH15M-26APR280745-45"",""trade_id"":""3404448c-4e30-52e7-e167-1cd24179f68f"",""yes_price_dollars"":""0.4700""}"
KXETH15M-26APR280745-45,4dc34c77-7161-7cd2-4df5-bce6315e6f5e,1777375829,0.41,5.0,no,"{""count_fp"":""5.00"",""created_time"":""2026-04-28T11:30:29.224931Z"",""no_price_dollars"":""0.5900"",""taker_side"":""no"",""ticker"":""KXETH15M-26APR280745-45"",""trade_id"":""4dc34c77-7161-7cd2-4df5-bce6315e6f5e"",""yes_price_dollars"":""0.4100""}"
KXETH15M-26APR280745-45,d3fdefd3-beb9-73e5-02fb-e5c59f99ff56,1777375833,0.38,14.02,no,"{""count_fp"":""14.02"",""created_time"":""2026-04-28T11:30:33.662553Z"",""no_price_dollars"":""0.6200"",""taker_side"":""no"",""ticker"":""KXETH15M-26APR280745-45"",""trade_id"":""d3fdefd3-beb9-73e5-02fb-e5c59f99ff56"",""yes_price_dollars"":""0.3800""}"
KXETH15M-26APR280745-45,bd97a68b-e8fb-7da4-3e93-2e0620ee73ed,1777375833,0.4,5.0,no,"{""count_fp"":""5.00"",""created_time"":""2026-04-28T11:30:33.662553Z"",""no_price_dollars"":""0.6000"",""taker_side"":""no"",""ticker"":""KXETH15M-26APR280745-45"",""trade_id"":""bd97a68b-e8fb-7da4-3e93-2e0620ee73ed"",""yes_price_dollars"":""0.4000""}"
KXETH15M-26APR280745-45,88e31c21-6099-7397-0f5f-4bdf616d1077,1777375833,0.42,11.0,no,"{""count_fp"":""11.00"",""created_time"":""2026-04-28T11:30:33.662553Z"",""no_price_dollars"":""0.5800"",""taker_side"":""no"",""ticker"":""KXETH15M-26APR280745-45"",""trade_id"":""88e31c21-6099-7397-0f5f-4bdf616d1077"",""yes_price_dollars"":""0.4200""}"
KXETH15M-26APR280745-45,2015a4f6-a811-7b32-2219-60b80133cbde,1777375833,0.4,10.0,no,"{""count_fp"":""10.00"",""created_time"":""2026-04-28T11:30:33.662553Z"",""no_price_dollars"":""0.6000"",""taker_side"":""no"",""ticker"":""KXETH15M-26APR280745-45"",""trade_id"":""2015a4f6-a811-7b32-2219-60b80133cbde"",""yes_price_dollars"":""0.4000""}"
KXETH15M-26APR280745-45,3343d5bc-f87f-78cb-c09b-4ac36d2941bc,1777375833,0.42,5.0,yes,"{""count_fp"":""5.00"",""created_time"":""2026-04-28T11:30:33.599432Z"",""no_price_dollars"":""0.5800"",""taker_side"":""yes"",""ticker"":""KXETH15M-26APR280745-45"",""trade_id"":""3343d5bc-f87f-78cb-c09b-4ac36d2941bc"",""yes_price_dollars"":""0.4200""}"
KXETH15M-26APR280745-45,14922edd-1ee8-41cb-d351-7c24abff6ba6,1777375842,0.42,3.0,yes,"{""count_fp"":""3.00"",""created_time"":""2026-04-28T11:30:42.992264Z"",""no_price_dollars"":""0.5800"",""taker_side"":""yes"",""ticker"":""KXETH15M-26APR280745-45"",""trade_id"":""14922edd-1ee8-41cb-d351-7c24abff6ba6"",""yes_price_dollars"":""0.4200""}"
KXETH15M-26APR280745-45,bb758f1d-5ea7-6e3a-d01a-6348d43935cc,1777375855,0.38,1.0,no,"{""count_fp"":""1.00"",""created_time"":""2026-04-28T11:30:55.029258Z"",""no_price_dollars"":""0.6200"",""taker_side"":""no"",""ticker"":""KXETH15M-26APR280745-45"",""trade_id"":""bb758f1d-5ea7-6e3a-d01a-6348d43935cc"",""yes_price_dollars"":""0.3800""}"
KXETH15M-26APR280745-45,af15cb59-e3fe-6555-d59c-e60160cf395e,1777375857,0.35,1.0,no,"{""count_fp"":""1.00"",""created_time"":""2026-04-28T11:30:57.498054Z"",""no_price_dollars"":""0.6500"",""taker_side"":""no"",""ticker"":""KXETH15M-26APR280745-45"",""trade_id"":""af15cb59-e3fe-6555-d59c-e60160cf395e"",""yes_price_dollars"":""0.3500""}"
KXETH15M-26APR280745-45,3f4ef0fe-0d5b-6ec4-f7ba-04eef22d4bae,1777375857,0.36,8.0,no,"{""count_fp"":""8.00"",""created_time"":""2026-04-28T11:30:57.498054Z"",""no_price_dollars"":""0.6400"",""taker_side"":""no"",""ticker"":""KXETH15M-26APR280745-45"",""trade_id"":""3f4ef0fe-0d5b-6ec4-f7ba-04eef22d4bae"",""yes_price_dollars"":""0.3600""}"
KXETH15M-26APR280745-45,6b6a14fd-6e3c-423e-dffb-7608a1aa914b,1777375861,0.33,3.0,no,"{""count_fp"":""3.00"",""created_time"":""2026-04-28T11:31:01.500176Z"",""no_price_dollars"":""0.6700"",""taker_side"":""no"",""ticker"":""KXETH15M-26APR280745-45"",""trade_id"":""6b6a14fd-6e3c-423e-dffb-7608a1aa914b"",""yes_price_dollars"":""0.3300""}"
KXETH15M-26APR280745-45,0e8bdbf6-ecef-4cac-d0bf-352030266802,1777375861,0.35,1.0,no,"{""count_fp"":""1.00"",""created_time"":""2026-04-28T11:31:01.500176Z"",""no_price_dollars"":""0.6500"",""taker_side"":""no"",""ticker"":""KXETH15M-26APR280745-45"",""trade_id"":""0e8bdbf6-ecef-4cac-d0bf-352030266802"",""yes_price_dollars"":""0.3500""}"
KXETH15M-26APR280745-45,9c5d4961-1b5a-60e6-054b-e8441604fd2b,1777375861,0.36,2.0,yes,"{""count_fp"":""2.00"",""created_time"":""2026-04-28T11:31:01.269133Z"",""no_price_dollars"":""0.6400"",""taker_side"":""yes"",""ticker"":""KXETH15M-26APR280745-45"",""trade_id"":""9c5d4961-1b5a-60e6-054b-e8441604fd2b"",""yes_price_dollars"":""0.3600""}"
KXETH15M-26APR280745-45,0d369f62-b2df-6b36-3132-7db2181d8260,1777375861,0.36,2.0,yes,"{""count_fp"":""2.00"",""created_time"":""2026-04-28T11:31:01.269133Z"",""no_price_dollars"":""0.6400"",""taker_side"":""yes"",""ticker"":""KXETH15M-26APR280745-45"",""trade_id"":""0d369f62-b2df-6b36-3132-7db2181d8260"",""yes_price_dollars"":""0.3600""}"
KXETH15M-26APR280745-45,877b7866-5dda-5b1a-39f1-8045555b859c,1777375863,0.36,1.0,no,"{""count_fp"":""1.00"",""created_time"":""2026-04-28T11:31:03.807982Z"",""no_price_dollars"":""0.6400"",""taker_side"":""no"",""ticker"":""KXETH15M-26APR280745-45"",""trade_id"":""877b7866-5dda-5b1a-39f1-8045555b859c"",""yes_price_dollars"":""0.3600""}"
KXETH15M-26APR280745-45,5c056949-9a61-5657-2db1-150924a6559b,1777375863,0.34,6.39,no,"{""count_fp"":""6.39"",""created_time"":""2026-04-28T11:31:03.807982Z"",""no_price_dollars"":""0.6600"",""taker_side"":""no"",""ticker"":""KXETH15M-26APR280745-45"",""trade_id"":""5c056949-9a61-5657-2db1-150924a6559b"",""yes_price_dollars"":""0.3400""}"
KXETH15M-26APR280745-45,229bb956-d339-4d9d-bf33-141809e254d0,1777375865,0.35,1.0,no,"{""count_fp"":""1.00"",""created_time"":""2026-04-28T11:31:05.629354Z"",""no_price_dollars"":""0.6500"",""taker_side"":""no"",""ticker"":""KXETH15M-26APR280745-45"",""trade_id"":""229bb956-d339-4d9d-bf33-141809e254d0"",""yes_price_dollars"":""0.3500""}"
KXETH15M-26APR280745-45,9f268052-609a-64bb-4050-efbae0e9b849,1777375867,0.36,1.0,no,"{""count_fp"":""1.00"",""created_time"":""2026-04-28T11:31:07.330228Z"",""no_price_dollars"":""0.6400"",""taker_side"":""no"",""ticker"":""KXETH15M-26APR280745-45"",""trade_id"":""9f268052-609a-64bb-4050-efbae0e9b849"",""yes_price_dollars"":""0.3600""}"
KXETH15M-26APR280745-45,5e2fc575-13d4-6aca-e483-61704ac9a621,1777375872,0.4,1.0,no,"{""count_fp"":""1.00"",""created_time"":""2026-04-28T11:31:12.032808Z"",""no_price_dollars"":""0.6000"",""taker_side"":""no"",""ticker"":""KXETH15M-26APR280745-45"",""trade_id"":""5e2fc575-13d4-6aca-e483-61704ac9a621"",""yes_price_dollars"":""0.4000""}"
KXETH15M-26APR280745-45,f5f10d2a-526b-774a-09cb-09a1fb464816,1777375873,0.43,9.0,yes,"{""count_fp"":""9.00"",""created_time"":""2026-04-28T11:31:13.414445Z"",""no_price_dollars"":""0.5700"",""taker_side"":""yes"",""ticker"":""KXETH15M-26APR280745-45"",""trade_id"":""f5f10d2a-526b-774a-09cb-09a1fb464816"",""yes_price_dollars"":""0.4300""}"
KXETH15M-26APR280745-45,23b86beb-0709-7f29-2b50-49a195d532ee,1777375873,0.45,10.0,yes,"{""count_fp"":""10.00"",""created_time"":""2026-04-28T11:31:13.414445Z"",""no_price_dollars"":""0.5500"",""taker_side"":""yes"",""ticker"":""KXETH15M-26APR280745-45"",""trade_id"":""23b86beb-0709-7f29-2b50-49a195d532ee"",""yes_price_dollars"":""0.4500""}"
KXETH15M-26APR280745-45,f0849668-e95c-591d-4a9d-7230ee715ae7,1777375875,0.45,7.23,no,"{""count_fp"":""7.23"",""created_time"":""2026-04-28T11:31:15.946221Z"",""no_price_dollars"":""0.5500"",""taker_side"":""no"",""ticker"":""KXETH15M-26APR280745-45"",""trade_id"":""f0849668-e95c-591d-4a9d-7230ee715ae7"",""yes_price_dollars"":""0.4500""}"
KXETH15M-26APR280745-45,b7710219-8a31-5fde-61f3-94db0eecac1b,1777375875,0.45,1.0,no,"{""count_fp"":""1.00"",""created_time"":""2026-04-28T11:31:15.946221Z"",""no_price_dollars"":""0.5500"",""taker_side"":""no"",""ticker"":""KXETH15M-26APR280745-45"",""trade_id"":""b7710219-8a31-5fde-61f3-94db0eecac1b"",""yes_price_dollars"":""0.4500""}"
KXETH15M-26APR280745-45,4fc0f6ea-3094-5cba-0a86-d05b964ae423,1777375876,0.39,4.0,no,"{""count_fp"":""4.00"",""created_time"":""2026-04-28T11:31:16.819542Z"",""no_price_dollars"":""0.6100"",""taker_side"":""no"",""ticker"":""KXETH15M-26APR280745-45"",""trade_id"":""4fc0f6ea-3094-5cba-0a86-d05b964ae423"",""yes_price_dollars"":""0.3900""}"
KXETH15M-26APR280745-45,431f362a-4afe-517f-2bab-5a0cfd270d0a,1777375876,0.39,1.0,no,"{""count_fp"":""1.00"",""created_time"":""2026-04-28T11:31:16.819542Z"",""no_price_dollars"":""0.6100"",""taker_side"":""no"",""ticker"":""KXETH15M-26APR280745-45"",""trade_id"":""431f362a-4afe-517f-2bab-5a0cfd270d0a"",""yes_price_dollars"":""0.3900""}"
KXETH15M-26APR280745-45,8a2ac62a-ca54-5732-9e71-95f1801b8303,1777375884,0.33,10.0,no,"{""count_fp"":""10.00"",""created_time"":""2026-04-28T11:31:24.948314Z"",""no_price_dollars"":""0.6700"",""taker_side"":""no"",""ticker"":""KXETH15M-26APR280745-45"",""trade_id"":""8a2ac62a-ca54-5732-9e71-95f1801b8303"",""yes_price_dollars"":""0.3300""}"
KXETH15M-26APR280745-45,0408ec07-bcf7-51d0-9b0f-7c9a8930ff21,1777375884,0.35,3.0,no,"{""count_fp"":""3.00"",""created_time"":""2026-04-28T11:31:24.948314Z"",""no_price_dollars"":""0.6500"",""taker_side"":""no"",""ticker"":""KXETH15M-26APR280745-45"",""trade_id"":""0408ec07-bcf7-51d0-9b0f-7c9a8930ff21"",""yes_price_dollars"":""0.3500""}"
KXETH15M-26APR280745-45,a1927027-e07c-4e5f-0ae9-e41d93cb6a26,1777375887,0.33,8.43,yes,"{""count_fp"":""8.43"",""created_time"":""2026-04-28T11:31:27.004911Z"",""no_price_dollars"":""0.6700"",""taker_side"":""yes"",""ticker"":""KXETH15M-26APR280745-45"",""trade_id"":""a1927027-e07c-4e5f-0ae9-e41d93cb6a26"",""yes_price_dollars"":""0.3300""}"
KXETH15M-26APR280745-45,81ca4862-1247-7e11-a561-2b44e2bfc4a7,1777375893,0.33,4.0,no,"{""count_fp"":""4.00"",""created_time"":""2026-04-28T11:31:33.423249Z"",""no_price_dollars"":""0.6700"",""taker_side"":""no"",""ticker"":""KXETH15M-26APR280745-45"",""trade_id"":""81ca4862-1247-7e11-a561-2b44e2bfc4a7"",""yes_price_dollars"":""0.3300""}"
KXETH15M-26APR280745-45,02d0e1d1-c4fb-5b6d-04f8-8f01861179fb,1777375893,0.34,4.0,yes,"{""count_fp"":""4.00"",""created_time"":""2026-04-28T11:31:33.218277Z"",""no_price_dollars"":""0.6600"",""taker_side"":""yes"",""ticker"":""KXETH15M-26APR280745-45"",""trade_id"":""02d0e1d1-c4fb-5b6d-04f8-8f01861179fb"",""yes_price_dollars"":""0.3400""}"
KXETH15M-26APR280745-45,e4e0a67e-9694-5a8f-f9dc-2ed2d2f48b8e,1777375903,0.37,100.0,yes,"{""count_fp"":""100.00"",""created_time"":""2026-04-28T11:31:43.341088Z"",""no_price_dollars"":""0.6300"",""taker_side"":""yes"",""ticker"":""KXETH15M-26APR280745-45"",""trade_id"":""e4e0a67e-9694-5a8f-f9dc-2ed2d2f48b8e"",""yes_price_dollars"":""0.3700""}"
KXETH15M-26APR280745-45,c6eced24-1fa8-5581-cc55-2ba852488b43,1777375903,0.34,10.0,yes,"{""count_fp"":""10.00"",""created_time"":""2026-04-28T11:31:43.341088Z"",""no_price_dollars"":""0.6600"",""taker_side"":""yes"",""ticker"":""KXETH15M-26APR280745-45"",""trade_id"":""c6eced24-1fa8-5581-cc55-2ba852488b43"",""yes_price_dollars"":""0.3400""}"
KXETH15M-26APR280745-45,b292fd5a-335f-540b-d9c4-55f060f64988,1777375903,0.36,60.0,yes,"{""count_fp"":""60.00"",""created_time"":""2026-04-28T11:31:43.341088Z"",""no_price_dollars"":""0.6400"",""taker_side"":""yes"",""ticker"":""KXETH15M-26APR280745-45"",""trade_id"":""b292fd5a-335f-540b-d9c4-55f060f64988"",""yes_price_dollars"":""0.3600""}"
KXETH15M-26APR280745-45,71f61858-215e-596e-db06-59d18dc07a53,1777375903,0.42,23.78,yes,"{""count_fp"":""23.78"",""created_time"":""2026-04-28T11:31:43.341088Z"",""no_price_dollars"":""0.5800"",""taker_side"":""yes"",""ticker"":""KXETH15M-26APR280745-45"",""trade_id"":""71f61858-215e-596e-db06-59d18dc07a53"",""yes_price_dollars"":""0.4200""}"
KXETH15M-26APR280745-45,491e2eda-d9b9-5296-f993-b5ed07cec230,1777375903,0.33,10.0,yes,"{""count_fp"":""10.00"",""created_time"":""2026-04-28T11:31:43.341088Z"",""no_price_dollars"":""0.6700"",""taker_side"":""yes"",""ticker"":""KXETH15M-26APR280745-45"",""trade_id"":""491e2eda-d9b9-5296-f993-b5ed07cec230"",""yes_price_dollars"":""0.3300""}"
KXETH15M-26APR280745-45,11f75235-ac34-57db-e4d8-ac22f2d75602,1777375903,0.34,57.0,yes,"{""count_fp"":""57.00"",""created_time"":""2026-04-28T11:31:43.341088Z"",""no_price_dollars"":""0.6600"",""taker_side"":""yes"",""ticker"":""KXETH15M-26APR280745-45"",""trade_id"":""11f75235-ac34-57db-e4d8-ac22f2d75602"",""yes_price_dollars"":""0.3400""}"
KXETH15M-26APR280745-45,05d19a92-1741-5878-c4f2-ee729d1e2083,1777375903,0.34,3.0,yes,"{""count_fp"":""3.00"",""created_time"":""2026-04-28T11:31:43.341088Z"",""no_price_dollars"":""0.6600"",""taker_side"":""yes"",""ticker"":""KXETH15M-26APR280745-45"",""trade_id"":""05d19a92-1741-5878-c4f2-ee729d1e2083"",""yes_price_dollars"":""0.3400""}"
KXETH15M-26APR280745-45,f09da022-9411-4aa6-1eb1-eb115c749de1,1777375906,0.3,37.06,no,"{""count_fp"":""37.06"",""created_time"":""2026-04-28T11:31:46.368077Z"",""no_price_dollars"":""0.7000"",""taker_side"":""no"",""ticker"":""KXETH15M-26APR280745-45"",""trade_id"":""f09da022-9411-4aa6-1eb1-eb115c749de1"",""yes_price_dollars"":""0.3000""}"
KXETH15M-26APR280745-45,e3b4e20b-ea51-4429-15f0-b506fa3640f1,1777375906,0.3,10.0,no,"{""count_fp"":""10.00"",""created_time"":""2026-04-28T11:31:46.368077Z"",""no_price_dollars"":""0.7000"",""taker_side"":""no"",""ticker"":""KXETH15M-26APR280745-45"",""trade_id"":""e3b4e20b-ea51-4429-15f0-b506fa3640f1"",""yes_price_dollars"":""0.3000""}"
KXETH15M-26APR280745-45,a78af416-64ab-4789-2e4f-362f68362c08,1777375906,0.31,10.0,no,"{""count_fp"":""10.00"",""created_time"":""2026-04-28T11:31:46.368077Z"",""no_price_dollars"":""0.6900"",""taker_side"":""no"",""ticker"":""KXETH15M-26APR280745-45"",""trade_id"":""a78af416-64ab-4789-2e4f-362f68362c08"",""yes_price_dollars"":""0.3100""}"
KXETH15M-26APR280745-45,d2c58925-e674-5166-87e6-d65d50eb02ce,1777375913,0.3,4.0,no,"{""count_fp"":""4.00"",""created_time"":""2026-04-28T11:31:53.450035Z"",""no_price_dollars"":""0.7000"",""taker_side"":""no"",""ticker"":""KXETH15M-26APR280745-45"",""trade_id"":""d2c58925-e674-5166-87e6-d65d50eb02ce"",""yes_price_dollars"":""0.3000""}"
KXETH15M-26APR280745-45,cc45ae8d-51b7-523a-ae4f-215a61605e78,1777375916,0.34,2.0,yes,"{""count_fp"":""2.00"",""created_time"":""2026-04-28T11:31:56.011013Z"",""no_price_dollars"":""0.6600"",""taker_side"":""yes"",""ticker"":""KXETH15M-26APR280745-45"",""trade_id"":""cc45ae8d-51b7-523a-ae4f-215a61605e78"",""yes_price_dollars"":""0.3400""}"
KXETH15M-26APR280745-45,2886b4e9-f7e7-5bb2-96b5-1c2f6bed564a,1777375916,0.34,40.0,yes,"{""count_fp"":""40.00"",""created_time"":""2026-04-28T11:31:56.011013Z"",""no_price_dollars"":""0.6600"",""taker_side"":""yes"",""ticker"":""KXETH15M-26APR280745-45"",""trade_id"":""2886b4e9-f7e7-5bb2-96b5-1c2f6bed564a"",""yes_price_dollars"":""0.3400""}"
KXETH15M-26APR280745-45,8ec2f8bf-c098-6dfc-1804-a2b976f3e5aa,1777375917,0.33,1.0,no,"{""count_fp"":""1.00"",""created_time"":""2026-04-28T11:31:57.268296Z"",""no_price_dollars"":""0.6700"",""taker_side"":""no"",""ticker"":""KXETH15M-26APR280745-45"",""trade_id"":""8ec2f8bf-c098-6dfc-1804-a2b976f3e5aa"",""yes_price_dollars"":""0.3300""}"
KXETH15M-26APR280745-45,5e93ad93-e58d-6b86-e837-dd409f44c321,1777375917,0.32,6.0,no,"{""count_fp"":""6.00"",""created_time"":""2026-04-28T11:31:57.064546Z"",""no_price_dollars"":""0.6800"",""taker_side"":""no"",""ticker"":""KXETH15M-26APR280745-45"",""trade_id"":""5e93ad93-e58d-6b86-e837-dd409f44c321"",""yes_price_dollars"":""0.3200""}"
KXETH15M-26APR280745-45,7a76a49f-cad5-6980-89a4-2f2a436a3a03,1777375920,0.4,10.0,yes,"{""count_fp"":""10.00"",""created_time"":""2026-04-28T11:32:00.901438Z"",""no_price_dollars"":""0.6000"",""taker_side"":""yes"",""ticker"":""KXETH15M-26APR280745-45"",""trade_id"":""7a76a49f-cad5-6980-89a4-2f2a436a3a03"",""yes_price_dollars"":""0.4000""}"
KXETH15M-26APR280745-45,62a8be25-44b1-6521-b103-c018ff72ffde,1777375920,0.39,29.0,yes,"{""count_fp"":""29.00"",""created_time"":""2026-04-28T11:32:00.901438Z"",""no_price_dollars"":""0.6100"",""taker_side"":""yes"",""ticker"":""KXETH15M-26APR280745-45"",""trade_id"":""62a8be25-44b1-6521-b103-c018ff72ffde"",""yes_price_dollars"":""0.3900""}"
KXETH15M-26APR280745-45,50e0a480-e4e5-64a4-a0d6-fd1902d5b908,1777375920,0.39,10.0,yes,"{""count_fp"":""10.00"",""created_time"":""2026-04-28T11:32:00.901438Z"",""no_price_dollars"":""0.6100"",""taker_side"":""yes"",""ticker"":""KXETH15M-26APR280745-45"",""trade_id"":""50e0a480-e4e5-64a4-a0d6-fd1902d5b908"",""yes_price_dollars"":""0.3900""}"
KXETH15M-26APR280745-45,c842c50b-ca66-63d4-4fc7-612f75421cc1,1777375920,0.35,2.0,yes,"{""count_fp"":""2.00"",""created_time"":""2026-04-28T11:32:00.827292Z"",""no_price_dollars"":""0.6500"",""taker_side"":""yes"",""ticker"":""KXETH15M-26APR280745-45"",""trade_id"":""c842c50b-ca66-63d4-4fc7-612f75421cc1"",""yes_price_dollars"":""0.3500""}"
KXETH15M-26APR280745-45,c00d8625-1833-63f2-d33c-3c2b15301e48,1777375920,0.34,1.0,no,"{""count_fp"":""1.00"",""created_time"":""2026-04-28T11:32:00.158887Z"",""no_price_dollars"":""0.6600"",""taker_side"":""no"",""ticker"":""KXETH15M-26APR280745-45"",""trade_id"":""c00d8625-1833-63f2-d33c-3c2b15301e48"",""yes_price_dollars"":""0.3400""}"
KXETH15M-26APR280745-45,a98e475b-7536-7259-51d6-bb911b1ac8fb,1777375922,0.39,5.0,no,"{""count_fp"":""5.00"",""created_time"":""2026-04-28T11:32:02.889918Z"",""no_price_dollars"":""0.6100"",""taker_side"":""no"",""ticker"":""KXETH15M-26APR280745-45"",""trade_id"":""a98e475b-7536-7259-51d6-bb911b1ac8fb"",""yes_price_dollars"":""0.3900""}"
KXETH15M-26APR280745-45,c76f0a8c-4ee9-67a8-ea03-781ebe58f8b3,1777375922,0.44,1.0,yes,"{""count_fp"":""1.00"",""created_time"":""2026-04-28T11:32:02.401473Z"",""no_price_dollars"":""0.5600"",""taker_side"":""yes"",""ticker"":""KXETH15M-26APR280745-45"",""trade_id"":""c76f0a8c-4ee9-67a8-ea03-781ebe58f8b3"",""yes_price_dollars"":""0.4400""}"
KXETH15M-26APR280745-45,1067859f-9611-717a-f444-42bb01030311,1777375925,0.38,20.0,no,"{""count_fp"":""20.00"",""created_time"":""2026-04-28T11:32:05.961259Z"",""no_price_dollars"":""0.6200"",""taker_side"":""no"",""ticker"":""KXETH15M-26APR280745-45"",""trade_id"":""1067859f-9611-717a-f444-42bb01030311"",""yes_price_dollars"":""0.3800""}"
KXETH15M-26APR280745-45,d343ba6b-de81-7642-1ab6-1cebc6844685,1777375925,0.38,10.29,no,"{""count_fp"":""10.29"",""created_time"":""2026-04-28T11:32:05.955719Z"",""no_price_dollars"":""0.6200"",""taker_side"":""no"",""ticker"":""KXETH15M-26APR280745-45"",""trade_id"":""d343ba6b-de81-7642-1ab6-1cebc6844685"",""yes_price_dollars"":""0.3800""}"
KXETH15M-26APR280745-45,b8bb8c8c-8af0-7d1d-262d-0d25b788d43c,1777375925,0.38,9.71,no,"{""count_fp"":""9.71"",""created_time"":""2026-04-28T11:32:05.955719Z"",""no_price_dollars"":""0.6200"",""taker_side"":""no"",""ticker"":""KXETH15M-26APR280745-45"",""trade_id"":""b8bb8c8c-8af0-7d1d-262d-0d25b788d43c"",""yes_price_dollars"":""0.3800""}"
KXETH15M-26APR280745-45,d1a7f8c6-7bba-5619-de49-9c84612a87b7,1777375925,0.38,1.0,no,"{""count_fp"":""1.00"",""created_time"":""2026-04-28T11:32:05.179421Z"",""no_price_dollars"":""0.6200"",""taker_side"":""no"",""ticker"":""KXETH15M-26APR280745-45"",""trade_id"":""d1a7f8c6-7bba-5619-de49-9c84612a87b7"",""yes_price_dollars"":""0.3800""}"
KXETH15M-26APR280745-45,424d8198-660d-51f6-9bc1-1019e81d4994,1777375929,0.43,0.22,yes,"{""count_fp"":""0.22"",""created_time"":""2026-04-28T11:32:09.247344Z"",""no_price_dollars"":""0.5700"",""taker_side"":""yes"",""ticker"":""KXETH15M-26APR280745-45"",""trade_id"":""424d8198-660d-51f6-9bc1-1019e81d4994"",""yes_price_dollars"":""0.4300""}"
KXETH15M-26APR280745-45,b0c82354-ab75-76ba-7618-608feb71f06d,1777375930,0.39,5.71,no,"{""count_fp"":""5.71"",""created_time"":""2026-04-28T11:32:10.254832Z"",""no_price_dollars"":""0.6100"",""taker_side"":""no"",""ticker"":""KXETH15M-26APR280745-45"",""trade_id"":""b0c82354-ab75-76ba-7618-608feb71f06d"",""yes_price_dollars"":""0.3900""}"
KXETH15M-26APR280745-45,5e462723-4f4b-7abf-5df6-287cf6edb24d,1777375930,0.4,10.0,no,"{""count_fp"":""10.00"",""created_time"":""2026-04-28T11:32:10.254832Z"",""no_price_dollars"":""0.6000"",""taker_side"":""no"",""ticker"":""KXETH15M-26APR280745-45"",""trade_id"":""5e462723-4f4b-7abf-5df6-287cf6edb24d"",""yes_price_dollars"":""0.4000""}"
KXETH15M-26APR280745-45,d933de04-80c6-51c9-9f21-e16403fbd789,1777375939,0.43,10.0,yes,"{""count_fp"":""10.00"",""created_time"":""2026-04-28T11:32:19.698666Z"",""no_price_dollars"":""0.5700"",""taker_side"":""yes"",""ticker"":""KXETH15M-26APR280745-45"",""trade_id"":""d933de04-80c6-51c9-9f21-e16403fbd789"",""yes_price_dollars"":""0.4300""}"
KXETH15M-26APR280745-45,b9fcfe98-82a3-5641-9e64-667675f9076e,1777375939,0.43,9.0,yes,"{""count_fp"":""9.00"",""created_time"":""2026-04-28T11:32:19.698666Z"",""no_price_dollars"":""0.5700"",""taker_side"":""yes"",""ticker"":""KXETH15M-26APR280745-45"",""trade_id"":""b9fcfe98-82a3-5641-9e64-667675f9076e"",""yes_price_dollars"":""0.4300""}"
KXETH15M-26APR280745-45,1ca94f8c-b2cd-52fa-93eb-0095eae1e3a8,1777375939,0.42,10.0,yes,"{""count_fp"":""10.00"",""created_time"":""2026-04-28T11:32:19.698666Z"",""no_price_dollars"":""0.5800"",""taker_side"":""yes"",""ticker"":""KXETH15M-26APR280745-45"",""trade_id"":""1ca94f8c-b2cd-52fa-93eb-0095eae1e3a8"",""yes_price_dollars"":""0.4200""}"
KXETH15M-26APR280745-45,c133d052-201d-510a-721b-6a9f3be829c3,1777375948,0.33,8.75,no,"{""count_fp"":""8.75"",""created_time"":""2026-04-28T11:32:28.224175Z"",""no_price_dollars"":""0.6700"",""taker_side"":""no"",""ticker"":""KXETH15M-26APR280745-45"",""trade_id"":""c133d052-201d-510a-721b-6a9f3be829c3"",""yes_price_dollars"":""0.3300""}"
KXETH15M-26APR280745-45,be13dafb-7212-6385-8ebf-b08f10619840,1777375952,0.4,1.0,no,"{""count_fp"":""1.00"",""created_time"":""2026-04-28T11:32:32.473084Z"",""no_price_dollars"":""0.6000"",""taker_side"":""no"",""ticker"":""KXETH15M-26APR280745-45"",""trade_id"":""be13dafb-7212-6385-8ebf-b08f10619840"",""yes_price_dollars"":""0.4000""}"
KXETH15M-26APR280745-45,fae47469-b722-4e98-adf7-3fad35a92517,1777375955,0.46,10.0,yes,"{""count_fp"":""10.00"",""created_time"":""2026-04-28T11:32:35.898321Z"",""no_price_dollars"":""0.5400"",""taker_side"":""yes"",""ticker"":""KXETH15M-26APR280745-45"",""trade_id"":""fae47469-b722-4e98-adf7-3fad35a92517"",""yes_price_dollars"":""0.4600""}"
KXETH15M-26APR280745-45,c0a86fd7-82f6-7344-0226-9c6022437619,1777375956,0.5,31.0,yes,"{""count_fp"":""31.00"",""created_time"":""2026-04-28T11:32:36.496341Z"",""no_price_dollars"":""0.5000"",""taker_side"":""yes"",""ticker"":""KXETH15M-26APR280745-45"",""trade_id"":""c0a86fd7-82f6-7344-0226-9c6022437619"",""yes_price_dollars"":""0.5000""}"
KXETH15M-26APR280745-45,12e2fc0a-e0c7-7d19-1554-ea4ee96e9002,1777375956,0.5,3.0,yes,"{""count_fp"":""3.00"",""created_time"":""2026-04-28T11:32:36.496341Z"",""no_price_dollars"":""0.5000"",""taker_side"":""yes"",""ticker"":""KXETH15M-26APR280745-45"",""trade_id"":""12e2fc0a-e0c7-7d19-1554-ea4ee96e9002"",""yes_price_dollars"":""0.5000""}"
KXETH15M-26APR280745-45,11ebb0e8-36f6-7ace-28e2-a60ed41132be,1777375956,0.5,2.0,yes,"{""count_fp"":""2.00"",""created_time"":""2026-04-28T11:32:36.496341Z"",""no_price_dollars"":""0.5000"",""taker_side"":""yes"",""ticker"":""KXETH15M-26APR280745-45"",""trade_id"":""11ebb0e8-36f6-7ace-28e2-a60ed41132be"",""yes_price_dollars"":""0.5000""}"
KXETH15M-26APR280745-45,c8c93716-c862-45af-93ba-43487ace0801,1777375957,0.54,1.0,yes,"{""count_fp"":""1.00"",""created_time"":""2026-04-28T11:32:37.895768Z"",""no_price_dollars"":""0.4600"",""taker_side"":""yes"",""ticker"":""KXETH15M-26APR280745-45"",""trade_id"":""c8c93716-c862-45af-93ba-43487ace0801"",""yes_price_dollars"":""0.5400""}"
KXETH15M-26APR280745-45,c378ac23-456d-7786-6141-504778f1f16a,1777375958,0.5,10.0,no,"{""count_fp"":""10.00"",""created_time"":""2026-04-28T11:32:38.637934Z"",""no_price_dollars"":""0.5000"",""taker_side"":""no"",""ticker"":""KXETH15M-26APR280745-45"",""trade_id"":""c378ac23-456d-7786-6141-504778f1f16a"",""yes_price_dollars"":""0.5000""}"
KXETH15M-26APR280745-45,aa055f9c-58a8-7378-4a74-7f18b7919c1e,1777375958,0.49,12.0,no,"{""count_fp"":""12.00"",""created_time"":""2026-04-28T11:32:38.637934Z"",""no_price_dollars"":""0.5100"",""taker_side"":""no"",""ticker"":""KXETH15M-26APR280745-45"",""trade_id"":""aa055f9c-58a8-7378-4a74-7f18b7919c1e"",""yes_price_dollars"":""0.4900""}"
KXETH15M-26APR280745-45,0c469c9d-c96e-7583-4250-ecc387fa7381,1777375958,0.49,60.0,no,"{""count_fp"":""60.00"",""created_time"":""2026-04-28T11:32:38.637934Z"",""no_price_dollars"":""0.5100"",""taker_side"":""no"",""ticker"":""KXETH15M-26APR280745-45"",""trade_id"":""0c469c9d-c96e-7583-4250-ecc387fa7381"",""yes_price_dollars"":""0.4900""}"
KXETH15M-26APR280745-45,cea6a250-9bd5-55f8-560b-0a732ff424f4,1777375960,0.5,40.0,no,"{""count_fp"":""40.00"",""created_time"":""2026-04-28T11:32:40.691636Z"",""no_price_dollars"":""0.5000"",""taker_side"":""no"",""ticker"":""KXETH15M-26APR280745-45"",""trade_id"":""cea6a250-9bd5-55f8-560b-0a732ff424f4"",""yes_price_dollars"":""0.5000""}"
KXETH15M-26APR280745-45,ba25b89a-8713-6a02-f03e-fb22be9f0144,1777375964,0.53,0.22,no,"{""count_fp"":""0.22"",""created_time"":""2026-04-28T11:32:44.246471Z"",""no_price_dollars"":""0.4700"",""taker_side"":""no"",""ticker"":""KXETH15M-26APR280745-45"",""trade_id"":""ba25b89a-8713-6a02-f03e-fb22be9f0144"",""yes_price_dollars"":""0.5300""}"
KXETH15M-26APR280745-45,eee45434-aba1-5e74-321f-d798cb2d2630,1777375976,0.45,6.57,no,"{""count_fp"":""6.57"",""created_time"":""2026-04-28T11:32:56.243151Z"",""no_price_dollars"":""0.5500"",""taker_side"":""no"",""ticker"":""KXETH15M-26APR280745-45"",""trade_id"":""eee45434-aba1-5e74-321f-d798cb2d2630"",""yes_price_dollars"":""0.4500""}"
KXETH15M-26APR280745-45,aaddef3a-a2d1-5afa-12b1-a42f1cbe0215,1777375976,0.51,100.0,no,"{""count_fp"":""100.00"",""created_time"":""2026-04-28T11:32:56.243151Z"",""no_price_dollars"":""0.4900"",""taker_side"":""no"",""ticker"":""KXETH15M-26APR280745-45"",""trade_id"":""aaddef3a-a2d1-5afa-12b1-a42f1cbe0215"",""yes_price_dollars"":""0.5100""}"
KXETH15M-26APR280745-45,82c1ba82-4bd1-5f1e-2e6c-7060afa038f7,1777375976,0.5,10.0,no,"{""count_fp"":""10.00"",""created_time"":""2026-04-28T11:32:56.243151Z"",""no_price_dollars"":""0.5000"",""taker_side"":""no"",""ticker"":""KXETH15M-26APR280745-45"",""trade_id"":""82c1ba82-4bd1-5f1e-2e6c-7060afa038f7"",""yes_price_dollars"":""0.5000""}"
KXETH15M-26APR280745-45,47529adb-a359-5071-320a-773d02ab1d4a,1777375976,0.51,137.21,no,"{""count_fp"":""137.21"",""created_time"":""2026-04-28T11:32:56.243151Z"",""no_price_dollars"":""0.4900"",""taker_side"":""no"",""ticker"":""KXETH15M-26APR280745-45"",""trade_id"":""47529adb-a359-5071-320a-773d02ab1d4a"",""yes_price_dollars"":""0.5100""}"
KXETH15M-26APR280745-45,32f6cdde-8752-54bc-16db-83bd4793858d,1777375976,0.51,10.0,no,"{""count_fp"":""10.00"",""created_time"":""2026-04-28T11:32:56.243151Z"",""no_price_dollars"":""0.4900"",""taker_side"":""no"",""ticker"":""KXETH15M-26APR280745-45"",""trade_id"":""32f6cdde-8752-54bc-16db-83bd4793858d"",""yes_price_dollars"":""0.5100""}"
KXETH15M-26APR280745-45,0620bf43-cbd3-5e54-0684-9f3e7cf389ac,1777375976,0.54,0.18,yes,"{""count_fp"":""0.18"",""created_time"":""2026-04-28T11:32:56.026997Z"",""no_price_dollars"":""0.4600"",""taker_side"":""yes"",""ticker"":""KXETH15M-26APR280745-45"",""trade_id"":""0620bf43-cbd3-5e54-0684-9f3e7cf389ac"",""yes_price_dollars"":""0.5400""}"
KXETH15M-26APR280745-45,de64339b-0753-639e-d508-5cfbd1f59276,1777375988,0.42,10.0,no,"{""count_fp"":""10.00"",""created_time"":""2026-04-28T11:33:08.533878Z"",""no_price_dollars"":""0.5800"",""taker_side"":""no"",""ticker"":""KXETH15M-26APR280745-45"",""trade_id"":""de64339b-0753-639e-d508-5cfbd1f59276"",""yes_price_dollars"":""0.4200""}"
KXETH15M-26APR280745-45,5378851a-5fe9-63e2-eaa8-19600a1af4ac,1777375988,0.4,1.21,no,"{""count_fp"":""1.21"",""created_time"":""2026-04-28T11:33:08.533878Z"",""no_price_dollars"":""0.6000"",""taker_side"":""no"",""ticker"":""KXETH15M-26APR280745-45"",""trade_id"":""5378851a-5fe9-63e2-eaa8-19600a1af4ac"",""yes_price_dollars"":""0.4000""}"
KXETH15M-26APR280745-45,2e1fd83d-e4e5-7903-4e52-3a4f5ce9b865,1777375991,0.42,10.25,yes,"{""count_fp"":""10.25"",""created_time"":""2026-04-28T11:33:11.065088Z"",""no_price_dollars"":""0.5800"",""taker_side"":""yes"",""ticker"":""KXETH15M-26APR280745-45"",""trade_id"":""2e1fd83d-e4e5-7903-4e52-3a4f5ce9b865"",""yes_price_dollars"":""0.4200""}"
KXETH15M-26APR280745-45,550aec6e-5a7d-69e2-3b4b-54dc5492a530,1777375996,0.36,2.0,no,"{""count_fp"":""2.00"",""created_time"":""2026-04-28T11:33:16.015079Z"",""no_price_dollars"":""0.6400"",""taker_side"":""no"",""ticker"":""KXETH15M-26APR280745-45"",""trade_id"":""550aec6e-5a7d-69e2-3b4b-54dc5492a530"",""yes_price_dollars"":""0.3600""}"
KXETH15M-26APR280745-45,fd26ef54-6ff1-7015-48e6-05c27f15feae,1777376003,0.35,1.0,no,"{""count_fp"":""1.00"",""created_time"":""2026-04-28T11:33:23.179036Z"",""no_price_dollars"":""0.6500"",""taker_side"":""no"",""ticker"":""KXETH15M-26APR280745-45"",""trade_id"":""fd26ef54-6ff1-7015-48e6-05c27f15feae"",""yes_price_dollars"":""0.3500""}"
KXETH15M-26APR280745-45,f7e190c5-a5b7-7d8e-ddd0-bbe729c5069a,1777376027,0.36,1.0,no,"{""count_fp"":""1.00"",""created_time"":""2026-04-28T11:33:47.008472Z"",""no_price_dollars"":""0.6400"",""taker_side"":""no"",""ticker"":""KXETH15M-26APR280745-45"",""trade_id"":""f7e190c5-a5b7-7d8e-ddd0-bbe729c5069a"",""yes_price_dollars"":""0.3600""}"
KXETH15M-26APR280745-45,9c458db2-e8e7-6007-fcd1-2af117509545,1777376041,0.35,1.0,no,"{""count_fp"":""1.00"",""created_time"":""2026-04-28T11:34:01.880543Z"",""no_price_dollars"":""0.6500"",""taker_side"":""no"",""ticker"":""KXETH15M-26APR280745-45"",""trade_id"":""9c458db2-e8e7-6007-fcd1-2af117509545"",""yes_price_dollars"":""0.3500""}"
KXETH15M-26APR280745-45,5a713def-a569-6a73-70d6-0462afc8cc45,1777376041,0.38,24.59,yes,"{""count_fp"":""24.59"",""created_time"":""2026-04-28T11:34:01.598291Z"",""no_price_dollars"":""0.6200"",""taker_side"":""yes"",""ticker"":""KXETH15M-26APR280745-45"",""trade_id"":""5a713def-a569-6a73-70d6-0462afc8cc45"",""yes_price_dollars"":""0.3800""}"
KXETH15M-26APR280745-45,eacc5a8c-fd9a-4e50-bb21-120700662759,1777376053,0.32,8.98,no,"{""count_fp"":""8.98"",""created_time"":""2026-04-28T11:34:13.553519Z"",""no_price_dollars"":""0.6800"",""taker_side"":""no"",""ticker"":""KXETH15M-26APR280745-45"",""trade_id"":""eacc5a8c-fd9a-4e50-bb21-120700662759"",""yes_price_dollars"":""0.3200""}"
KXETH15M-26APR280745-45,e8f603ec-df0d-4ada-893f-bc0096ba2980,1777376053,0.34,10.0,no,"{""count_fp"":""10.00"",""created_time"":""2026-04-28T11:34:13.553519Z"",""no_price_dollars"":""0.6600"",""taker_side"":""no"",""ticker"":""KXETH15M-26APR280745-45"",""trade_id"":""e8f603ec-df0d-4ada-893f-bc0096ba2980"",""yes_price_dollars"":""0.3400""}"
KXETH15M-26APR280745-45,5d412704-7be1-4481-ab59-73d7fdb3146d,1777376053,0.33,10.0,no,"{""count_fp"":""10.00"",""created_time"":""2026-04-28T11:34:13.553519Z"",""no_price_dollars"":""0.6700"",""taker_side"":""no"",""ticker"":""KXETH15M-26APR280745-45"",""trade_id"":""5d412704-7be1-4481-ab59-73d7fdb3146d"",""yes_price_dollars"":""0.3300""}"
KXETH15M-26APR280745-45,c88d80c8-fa1f-6098-0e87-43dce565db1b,1777376062,0.33,10.0,no,"{""count_fp"":""10.00"",""created_time"":""2026-04-28T11:34:22.603307Z"",""no_price_dollars"":""0.6700"",""taker_side"":""no"",""ticker"":""KXETH15M-26APR280745-45"",""trade_id"":""c88d80c8-fa1f-6098-0e87-43dce565db1b"",""yes_price_dollars"":""0.3300""}"
KXETH15M-26APR280745-45,99c87006-f2dd-66e3-325d-a76d677c43de,1777376062,0.33,25.95,no,"{""count_fp"":""25.95"",""created_time"":""2026-04-28T11:34:22.603307Z"",""no_price_dollars"":""0.6700"",""taker_side"":""no"",""ticker"":""KXETH15M-26APR280745-45"",""trade_id"":""99c87006-f2dd-66e3-325d-a76d677c43de"",""yes_price_dollars"":""0.3300""}"
KXETH15M-26APR280745-45,91c7c896-5b43-5554-7590-17cad79659bb,1777376064,0.39,25.0,yes,"{""count_fp"":""25.00"",""created_time"":""2026-04-28T11:34:24.917358Z"",""no_price_dollars"":""0.6100"",""taker_side"":""yes"",""ticker"":""KXETH15M-26APR280745-45"",""trade_id"":""91c7c896-5b43-5554-7590-17cad79659bb"",""yes_price_dollars"":""0.3900""}"
KXETH15M-26APR280745-45,695a0cfb-b6e6-788b-28dc-65517b55d35d,1777376064,0.38,10.0,yes,"{""count_fp"":""10.00"",""created_time"":""2026-04-28T11:34:24.900111Z"",""no_price_dollars"":""0.6200"",""taker_side"":""yes"",""ticker"":""KXETH15M-26APR280745-45"",""trade_id"":""695a0cfb-b6e6-788b-28dc-65517b55d35d"",""yes_price_dollars"":""0.3800""}"
KXETH15M-26APR280745-45,10666c52-06f5-6563-e696-ab8c7cbf477a,1777376065,0.37,1.0,no,"{""count_fp"":""1.00"",""created_time"":""2026-04-28T11:34:25.213482Z"",""no_price_dollars"":""0.6300"",""taker_side"":""no"",""ticker"":""KXETH15M-26APR280745-45"",""trade_id"":""10666c52-06f5-6563-e696-ab8c7cbf477a"",""yes_price_dollars"":""0.3700""}"
KXETH15M-26APR280745-45,b79fefd8-86fe-58df-f9b5-2e09f62fbcbd,1777376066,0.46,10.0,yes,"{""count_fp"":""10.00"",""created_time"":""2026-04-28T11:34:26.129492Z"",""no_price_dollars"":""0.5400"",""taker_side"":""yes"",""ticker"":""KXETH15M-26APR280745-45"",""trade_id"":""b79fefd8-86fe-58df-f9b5-2e09f62fbcbd"",""yes_price_dollars"":""0.4600""}"
KXETH15M-26APR280745-45,78c6b9fd-d639-5a85-e1b8-8be369ae9464,1777376066,0.44,10.0,yes,"{""count_fp"":""10.00"",""created_time"":""2026-04-28T11:34:26.129492Z"",""no_price_dollars"":""0.5600"",""taker_side"":""yes"",""ticker"":""KXETH15M-26APR280745-45"",""trade_id"":""78c6b9fd-d639-5a85-e1b8-8be369ae9464"",""yes_price_dollars"":""0.4400""}"
KXETH15M-26APR280745-45,1ace979c-935f-5761-c831-e998bfb494c2,1777376066,0.4,2.0,yes,"{""count_fp"":""2.00"",""created_time"":""2026-04-28T11:34:26.129492Z"",""no_price_dollars"":""0.6000"",""taker_side"":""yes"",""ticker"":""KXETH15M-26APR280745-45"",""trade_id"":""1ace979c-935f-5761-c831-e998bfb494c2"",""yes_price_dollars"":""0.4000""}"
KXETH15M-26APR280745-45,f13417b9-bca5-4cd1-e7a2-0bfd8e262b52,1777376067,0.4,0.79,no,"{""count_fp"":""0.79"",""created_time"":""2026-04-28T11:34:27.454883Z"",""no_price_dollars"":""0.6000"",""taker_side"":""no"",""ticker"":""KXETH15M-26APR280745-45"",""trade_id"":""f13417b9-bca5-4cd1-e7a2-0bfd8e262b52"",""yes_price_dollars"":""0.4000""}"
KXETH15M-26APR280745-45,642b619b-c3f7-568c-2ef5-d5f05b9b01ca,1777376069,0.45,31.64,yes,"{""count_fp"":""31.64"",""created_time"":""2026-04-28T11:34:29.925942Z"",""no_price_dollars"":""0.5500"",""taker_side"":""yes"",""ticker"":""KXETH15M-26APR280745-45"",""trade_id"":""642b619b-c3f7-568c-2ef5-d5f05b9b01ca"",""yes_price_dollars"":""0.4500""}"
KXETH15M-26APR280745-45,ea845d48-ac7e-6e2c-b148-d4541692dada,1777376069,0.44,2.83,yes,"{""count_fp"":""2.83"",""created_time"":""2026-04-28T11:34:29.242607Z"",""no_price_dollars"":""0.5600"",""taker_side"":""yes"",""ticker"":""KXETH15M-26APR280745-45"",""trade_id"":""ea845d48-ac7e-6e2c-b148-d4541692dada"",""yes_price_dollars"":""0.4400""}"
KXETH15M-26APR280745-45,4dbaf1ad-b18f-612e-9cd8-4388ce92489a,1777376069,0.43,10.0,yes,"{""count_fp"":""10.00"",""created_time"":""2026-04-28T11:34:29.242607Z"",""no_price_dollars"":""0.5700"",""taker_side"":""yes"",""ticker"":""KXETH15M-26APR280745-45"",""trade_id"":""4dbaf1ad-b18f-612e-9cd8-4388ce92489a"",""yes_price_dollars"":""0.4300""}"
KXETH15M-26APR280745-45,78e79b6d-5635-787d-995d-a9f000e8943b,1777376070,0.39,8.43,no,"{""count_fp"":""8.43"",""created_time"":""2026-04-28T11:34:30.917239Z"",""no_price_dollars"":""0.6100"",""taker_side"":""no"",""ticker"":""KXETH15M-26APR280745-45"",""trade_id"":""78e79b6d-5635-787d-995d-a9f000e8943b"",""yes_price_dollars"":""0.3900""}"
KXETH15M-26APR280745-45,d3ecf99e-3925-4ea9-4056-8cfc28dec697,1777376076,0.42,10.0,yes,"{""count_fp"":""10.00"",""created_time"":""2026-04-28T11:34:36.297901Z"",""no_price_dollars"":""0.5800"",""taker_side"":""yes"",""ticker"":""KXETH15M-26APR280745-45"",""trade_id"":""d3ecf99e-3925-4ea9-4056-8cfc28dec697"",""yes_price_dollars"":""0.4200""}"
KXETH15M-26APR280745-45,474f9b49-e6f9-43db-4aeb-a71352cb0051,1777376076,0.43,33.94,yes,"{""count_fp"":""33.94"",""created_time"":""2026-04-28T11:34:36.297901Z"",""no_price_dollars"":""0.5700"",""taker_side"":""yes"",""ticker"":""KXETH15M-26APR280745-45"",""trade_id"":""474f9b49-e6f9-43db-4aeb-a71352cb0051"",""yes_price_dollars"":""0.4300""}"
KXETH15M-26APR280745-45,13b724e8-3009-6e3a-687f-ee51d31b9992,1777376082,0.39,2.0,yes,"{""count_fp"":""2.00"",""created_time"":""2026-04-28T11:34:42.877462Z"",""no_price_dollars"":""0.6100"",""taker_side"":""yes"",""ticker"":""KXETH15M-26APR280745-45"",""trade_id"":""13b724e8-3009-6e3a-687f-ee51d31b9992"",""yes_price_dollars"":""0.3900""}"
KXETH15M-26APR280745-45,8f3fc167-ebf5-697b-0f32-c788486f5316,1777376088,0.35,25.35,no,"{""count_fp"":""25.35"",""created_time"":""2026-04-28T11:34:48.346565Z"",""no_price_dollars"":""0.6500"",""taker_side"":""no"",""ticker"":""KXETH15M-26APR280745-45"",""trade_id"":""8f3fc167-ebf5-697b-0f32-c788486f5316"",""yes_price_dollars"":""0.3500""}"
KXETH15M-26APR280745-45,5f9f2d67-76f3-6e80-35bf-0dab7fedadc3,1777376088,0.37,10.0,no,"{""count_fp"":""10.00"",""created_time"":""2026-04-28T11:34:48.346565Z"",""no_price_dollars"":""0.6300"",""taker_side"":""no"",""ticker"":""KXETH15M-26APR280745-45"",""trade_id"":""5f9f2d67-76f3-6e80-35bf-0dab7fedadc3"",""yes_price_dollars"":""0.3700""}"
KXETH15M-26APR280745-45,0e6f13ba-34e1-609d-3d48-b67adcb49d87,1777376088,0.37,10.0,no,"{""count_fp"":""10.00"",""created_time"":""2026-04-28T11:34:48.346565Z"",""no_price_dollars"":""0.6300"",""taker_side"":""no"",""ticker"":""KXETH15M-26APR280745-45"",""trade_id"":""0e6f13ba-34e1-609d-3d48-b67adcb49d87"",""yes_price_dollars"":""0.3700""}"
KXETH15M-26APR280745-45,6b586d09-3249-6690-a8e5-ba709b70f192,1777376097,0.49,0.79,yes,"{""count_fp"":""0.79"",""created_time"":""2026-04-28T11:34:57.448301Z"",""no_price_dollars"":""0.5100"",""taker_side"":""yes"",""ticker"":""KXETH15M-26APR280745-45"",""trade_id"":""6b586d09-3249-6690-a8e5-ba709b70f192"",""yes_price_dollars"":""0.4900""}"
KXETH15M-26APR280745-45,f4589ce9-ea9f-7bb6-2453-0193f6bdb10e,1777376099,0.44,1.0,no,"{""count_fp"":""1.00"",""created_time"":""2026-04-28T11:34:59.457452Z"",""no_price_dollars"":""0.5600"",""taker_side"":""no"",""ticker"":""KXETH15M-26APR280745-45"",""trade_id"":""f4589ce9-ea9f-7bb6-2453-0193f6bdb10e"",""yes_price_dollars"":""0.4400""}"
KXETH15M-26APR280745-45,8162dfc5-6ac6-6cd2-92b5-7abdbf4f5679,1777376104,0.47,1.0,yes,"{""count_fp"":""1.00"",""created_time"":""2026-04-28T11:35:04.233458Z"",""no_price_dollars"":""0.5300"",""taker_side"":""yes"",""ticker"":""KXETH15M-26APR280745-45"",""trade_id"":""8162dfc5-6ac6-6cd2-92b5-7abdbf4f5679"",""yes_price_dollars"":""0.4700""}"
KXETH15M-26APR280745-45,34c40e0e-de11-68a2-8ffe-df31dcfdbfbb,1777376104,0.48,1.0,yes,"{""count_fp"":""1.00"",""created_time"":""2026-04-28T11:35:04.233458Z"",""no_price_dollars"":""0.5200"",""taker_side"":""yes"",""ticker"":""KXETH15M-26APR280745-45"",""trade_id"":""34c40e0e-de11-68a2-8ffe-df31dcfdbfbb"",""yes_price_dollars"":""0.4800""}"
KXETH15M-26APR280745-45,acb2cf07-f2ef-4222-1026-3da06869f91e,1777376105,0.47,4.02,yes,"{""count_fp"":""4.02"",""created_time"":""2026-04-28T11:35:05.926582Z"",""no_price_dollars"":""0.5300"",""taker_side"":""yes"",""ticker"":""KXETH15M-26APR280745-45"",""trade_id"":""acb2cf07-f2ef-4222-1026-3da06869f91e"",""yes_price_dollars"":""0.4700""}"
KXETH15M-26APR280745-45,f30ddfeb-d383-739e-a802-5e09fc3caefe,1777376105,0.47,2.0,yes,"{""count_fp"":""2.00"",""created_time"":""2026-04-28T11:35:05.536799Z"",""no_price_dollars"":""0.5300"",""taker_side"":""yes"",""ticker"":""KXETH15M-26APR280745-45"",""trade_id"":""f30ddfeb-d383-739e-a802-5e09fc3caefe"",""yes_price_dollars"":""0.4700""}"
KXETH15M-26APR280745-45,6ef840eb-6ae3-5282-59e8-c75c297215de,1777376106,0.47,10.06,yes,"{""count_fp"":""10.06"",""created_time"":""2026-04-28T11:35:06.406599Z"",""no_price_dollars"":""0.5300"",""taker_side"":""yes"",""ticker"":""KXETH15M-26APR280745-45"",""trade_id"":""6ef840eb-6ae3-5282-59e8-c75c297215de"",""yes_price_dollars"":""0.4700""}"
KXETH15M-26APR280745-45,d272d6ab-c345-6d1f-5b88-288a12bf63be,1777376110,0.43,3.0,no,"{""count_fp"":""3.00"",""created_time"":""2026-04-28T11:35:10.558813Z"",""no_price_dollars"":""0.5700"",""taker_side"":""no"",""ticker"":""KXETH15M-26APR280745-45"",""trade_id"":""d272d6ab-c345-6d1f-5b88-288a12bf63be"",""yes_price_dollars"":""0.4300""}"
KXETH15M-26APR280745-45,e26dbac5-5505-7c93-c2f1-79dfb9316b86,1777376110,0.46,1.0,no,"{""count_fp"":""1.00"",""created_time"":""2026-04-28T11:35:10.538179Z"",""no_price_dollars"":""0.5400"",""taker_side"":""no"",""ticker"":""KXETH15M-26APR280745-45"",""trade_id"":""e26dbac5-5505-7c93-c2f1-79dfb9316b86"",""yes_price_dollars"":""0.4600""}"
KXETH15M-26APR280745-45,d9b74faa-a06d-61cd-f52c-90d0337daa8b,1777376120,0.4,10.0,no,"{""count_fp"":""10.00"",""created_time"":""2026-04-28T11:35:20.897381Z"",""no_price_dollars"":""0.6000"",""taker_side"":""no"",""ticker"":""KXETH15M-26APR280745-45"",""trade_id"":""d9b74faa-a06d-61cd-f52c-90d0337daa8b"",""yes_price_dollars"":""0.4000""}"
KXETH15M-26APR280745-45,f30c2f42-30d6-49d6-8c5f-6f8db02f1a24,1777376123,0.38,10.0,no,"{""count_fp"":""10.00"",""created_time"":""2026-04-28T11:35:23.631261Z"",""no_price_dollars"":""0.6200"",""taker_side"":""no"",""ticker"":""KXETH15M-26APR280745-45"",""trade_id"":""f30c2f42-30d6-49d6-8c5f-6f8db02f1a24"",""yes_price_dollars"":""0.3800""}"
KXETH15M-26APR280745-45,5589065f-5a5c-47f3-1e96-f687280f136b,1777376123,0.39,32.0,no,"{""count_fp"":""32.00"",""created_time"":""2026-04-28T11:35:23.443779Z"",""no_price_dollars"":""0.6100"",""taker_side"":""no"",""ticker"":""KXETH15M-26APR280745-45"",""trade_id"":""5589065f-5a5c-47f3-1e96-f687280f136b"",""yes_price_dollars"":""0.3900""}"
KXETH15M-26APR280745-45,e965d468-6461-653f-e707-0dee2c95ca71,1777376125,0.37,8.0,yes,"{""count_fp"":""8.00"",""created_time"":""2026-04-28T11:35:25.353259Z"",""no_price_dollars"":""0.6300"",""taker_side"":""yes"",""ticker"":""KXETH15M-26APR280745-45"",""trade_id"":""e965d468-6461-653f-e707-0dee2c95ca71"",""yes_price_dollars"":""0.3700""}"
KXETH15M-26APR280745-45,c12c6b38-25bd-64a5-8879-bdd49f31b98a,1777376126,0.36,8.0,no,"{""count_fp"":""8.00"",""created_time"":""2026-04-28T11:35:26.360958Z"",""no_price_dollars"":""0.6400"",""taker_side"":""no"",""ticker"":""KXETH15M-26APR280745-45"",""trade_id"":""c12c6b38-25bd-64a5-8879-bdd49f31b98a"",""yes_price_dollars"":""0.3600""}"
KXETH15M-26APR280745-45,f5a5f454-eaa5-6329-cf0e-a2020ba0efa6,1777376127,0.36,42.0,no,"{""count_fp"":""42.00"",""created_time"":""2026-04-28T11:35:27.098695Z"",""no_price_dollars"":""0.6400"",""taker_side"":""no"",""ticker"":""KXETH15M-26APR280745-45"",""trade_id"":""f5a5f454-eaa5-6329-cf0e-a2020ba0efa6"",""yes_price_dollars"":""0.3600""}"
KXETH15M-26APR280745-45,f857a41d-3e3d-4a2f-6b45-34f446e030bd,1777376129,0.33,100.0,yes,"{""count_fp"":""100.00"",""created_time"":""2026-04-28T11:35:29.900635Z"",""no_price_dollars"":""0.6700"",""taker_side"":""yes"",""ticker"":""KXETH15M-26APR280745-45"",""trade_id"":""f857a41d-3e3d-4a2f-6b45-34f446e030bd"",""yes_price_dollars"":""0.3300""}"
KXETH15M-26APR280745-45,b8d88daf-0e1e-49ae-5fe1-af6c8239327e,1777376129,0.33,10.0,yes,"{""count_fp"":""10.00"",""created_time"":""2026-04-28T11:35:29.900635Z"",""no_price_dollars"":""0.6700"",""taker_side"":""yes"",""ticker"":""KXETH15M-26APR280745-45"",""trade_id"":""b8d88daf-0e1e-49ae-5fe1-af6c8239327e"",""yes_price_dollars"":""0.3300""}"
KXETH15M-26APR280745-45,ab65ba44-1525-4b38-5f57-ff8bd45199a2,1777376129,0.35,10.0,yes,"{""count_fp"":""10.00"",""created_time"":""2026-04-28T11:35:29.900635Z"",""no_price_dollars"":""0.6500"",""taker_side"":""yes"",""ticker"":""KXETH15M-26APR280745-45"",""trade_id"":""ab65ba44-1525-4b38-5f57-ff8bd45199a2"",""yes_price_dollars"":""0.3500""}"
KXETH15M-26APR280745-45,8bd360a3-5a83-4fb5-7720-16da5c548ec4,1777376129,0.35,107.0,yes,"{""count_fp"":""107.00"",""created_time"":""2026-04-28T11:35:29.900635Z"",""no_price_dollars"":""0.6500"",""taker_side"":""yes"",""ticker"":""KXETH15M-26APR280745-45"",""trade_id"":""8bd360a3-5a83-4fb5-7720-16da5c548ec4"",""yes_price_dollars"":""0.3500""}"
KXETH15M-26APR280745-45,34044902-6181-50d1-e097-ae5e313b5b39,1777376130,0.39,22.0,yes,"{""count_fp"":""22.00"",""created_time"":""2026-04-28T11:35:30.216907Z"",""no_price_dollars"":""0.6100"",""taker_side"":""yes"",""ticker"":""KXETH15M-26APR280745-45"",""trade_id"":""34044902-6181-50d1-e097-ae5e313b5b39"",""yes_price_dollars"":""0.3900""}"
KXETH15M-26APR280745-45,c4372a33-f354-6529-d551-d1f944935756,1777376134,0.4,10.0,no,"{""count_fp"":""10.00"",""created_time"":""2026-04-28T11:35:34.967336Z"",""no_price_dollars"":""0.6000"",""taker_side"":""no"",""ticker"":""KXETH15M-26APR280745-45"",""trade_id"":""c4372a33-f354-6529-d551-d1f944935756"",""yes_price_dollars"":""0.4000""}"
KXETH15M-26APR280745-45,09773c2a-fd81-61b1-d314-d8f92fc87f97,1777376134,0.39,14.59,no,"{""count_fp"":""14.59"",""created_time"":""2026-04-28T11:35:34.967336Z"",""no_price_dollars"":""0.6100"",""taker_side"":""no"",""ticker"":""KXETH15M-26APR280745-45"",""trade_id"":""09773c2a-fd81-61b1-d314-d8f92fc87f97"",""yes_price_dollars"":""0.3900""}"
KXETH15M-26APR280745-45,f112fef4-dcc0-4f27-2c0e-f0642706b377,1777376142,0.4,3.0,no,"{""count_fp"":""3.00"",""created_time"":""2026-04-28T11:35:42.022398Z"",""no_price_dollars"":""0.6000"",""taker_side"":""no"",""ticker"":""KXETH15M-26APR280745-45"",""trade_id"":""f112fef4-dcc0-4f27-2c0e-f0642706b377"",""yes_price_dollars"":""0.4000""}"
KXETH15M-26APR280745-45,8aefa5d6-0bd9-680a-cade-9d89a2003345,1777376152,0.49,3.94,yes,"{""count_fp"":""3.94"",""created_time"":""2026-04-28T11:35:52.753675Z"",""no_price_dollars"":""0.5100"",""taker_side"":""yes"",""ticker"":""KXETH15M-26APR280745-45"",""trade_id"":""8aefa5d6-0bd9-680a-cade-9d89a2003345"",""yes_price_dollars"":""0.4900""}"
KXETH15M-26APR280745-45,a9970c51-6e2d-5603-bb55-67e2f22d37c1,1777376161,0.47,9.0,yes,"{""count_fp"":""9.00"",""created_time"":""2026-04-28T11:36:01.119418Z"",""no_price_dollars"":""0.5300"",""taker_side"":""yes"",""ticker"":""KXETH15M-26APR280745-45"",""trade_id"":""a9970c51-6e2d-5603-bb55-67e2f22d37c1"",""yes_price_dollars"":""0.4700""}"
KXETH15M-26APR280745-45,38cddb2a-1947-5b78-b48a-9d97f0058b26,1777376161,0.47,10.0,yes,"{""count_fp"":""10.00"",""created_time"":""2026-04-28T11:36:01.119418Z"",""no_price_dollars"":""0.5300"",""taker_side"":""yes"",""ticker"":""KXETH15M-26APR280745-45"",""trade_id"":""38cddb2a-1947-5b78-b48a-9d97f0058b26"",""yes_price_dollars"":""0.4700""}"
KXETH15M-26APR280745-45,7840574f-25af-52c6-94da-ebe9a0a06e0e,1777376162,0.43,5.1,no,"{""count_fp"":""5.10"",""created_time"":""2026-04-28T11:36:02.920806Z"",""no_price_dollars"":""0.5700"",""taker_side"":""no"",""ticker"":""KXETH15M-26APR280745-45"",""trade_id"":""7840574f-25af-52c6-94da-ebe9a0a06e0e"",""yes_price_dollars"":""0.4300""}"
KXETH15M-26APR280745-45,77be9e53-81d9-4e65-2413-f96b981ebf5f,1777376163,0.41,12.83,no,"{""count_fp"":""12.83"",""created_time"":""2026-04-28T11:36:03.541917Z"",""no_price_dollars"":""0.5900"",""taker_side"":""no"",""ticker"":""KXETH15M-26APR280745-45"",""trade_id"":""77be9e53-81d9-4e65-2413-f96b981ebf5f"",""yes_price_dollars"":""0.4100""}"
KXETH15M-26APR280745-45,91505054-5bde-5ce4-a1f4-cf7a9873a490,1777376166,0.41,10.0,no,"{""count_fp"":""10.00"",""created_time"":""2026-04-28T11:36:06.605667Z"",""no_price_dollars"":""0.5900"",""taker_side"":""no"",""ticker"":""KXETH15M-26APR280745-45"",""trade_id"":""91505054-5bde-5ce4-a1f4-cf7a9873a490"",""yes_price_dollars"":""0.4100""}"
KXETH15M-26APR280745-45,6a6c54b4-6243-4a41-004d-e99ae11d418d,1777376167,0.38,10.0,no,"{""count_fp"":""10.00"",""created_time"":""2026-04-28T11:36:07.163711Z"",""no_price_dollars"":""0.6200"",""taker_side"":""no"",""ticker"":""KXETH15M-26APR280745-45"",""trade_id"":""6a6c54b4-6243-4a41-004d-e99ae11d418d"",""yes_price_dollars"":""0.3800""}"
KXETH15M-26APR280745-45,c9cd3718-086b-4457-4db4-1266053f56f9,1777376167,0.39,10.0,no,"{""count_fp"":""10.00"",""created_time"":""2026-04-28T11:36:07.131435Z"",""no_price_dollars"":""0.6100"",""taker_side"":""no"",""ticker"":""KXETH15M-26APR280745-45"",""trade_id"":""c9cd3718-086b-4457-4db4-1266053f56f9"",""yes_price_dollars"":""0.3900""}"
KXETH15M-26APR280745-45,a08c7f6d-0723-73f3-5ab2-ec3f342367fa,1777376169,0.35,11.99,no,"{""count_fp"":""11.99"",""created_time"":""2026-04-28T11:36:09.434465Z"",""no_price_dollars"":""0.6500"",""taker_side"":""no"",""ticker"":""KXETH15M-26APR280745-45"",""trade_id"":""a08c7f6d-0723-73f3-5ab2-ec3f342367fa"",""yes_price_dollars"":""0.3500""}"
KXETH15M-26APR280745-45,89ac3d0c-cfc5-733b-7980-d22508203b5a,1777376174,0.33,10.0,no,"{""count_fp"":""10.00"",""created_time"":""2026-04-28T11:36:14.222904Z"",""no_price_dollars"":""0.6700"",""taker_side"":""no"",""ticker"":""KXETH15M-26APR280745-45"",""trade_id"":""89ac3d0c-cfc5-733b-7980-d22508203b5a"",""yes_price_dollars"":""0.3300""}"
KXETH15M-26APR280745-45,78a54e53-9409-774a-5098-f62c1e2176fd,1777376175,0.27,7.0,no,"{""count_fp"":""7.00"",""created_time"":""2026-04-28T11:36:15.424163Z"",""no_price_dollars"":""0.7300"",""taker_side"":""no"",""ticker"":""KXETH15M-26APR280745-45"",""trade_id"":""78a54e53-9409-774a-5098-f62c1e2176fd"",""yes_price_dollars"":""0.2700""}"
KXETH15M-26APR280745-45,a77ea87b-a9e3-56ee-4357-9f549cee8704,1777376179,0.3,10.0,yes,"{""count_fp"":""10.00"",""created_time"":""2026-04-28T11:36:19.035499Z"",""no_price_dollars"":""0.7000"",""taker_side"":""yes"",""ticker"":""KXETH15M-26APR280745-45"",""trade_id"":""a77ea87b-a9e3-56ee-4357-9f549cee8704"",""yes_price_dollars"":""0.3000""}"
KXETH15M-26APR280745-45,f2fd4421-ca98-70fa-e4cb-fa4b5f9817ca,1777376179,0.3,10.0,yes,"{""count_fp"":""10.00"",""created_time"":""2026-04-28T11:36:19.022927Z"",""no_price_dollars"":""0.7000"",""taker_side"":""yes"",""ticker"":""KXETH15M-26APR280745-45"",""trade_id"":""f2fd4421-ca98-70fa-e4cb-fa4b5f9817ca"",""yes_price_dollars"":""0.3000""}"
KXETH15M-26APR280745-45,76861250-6f4a-75d5-c89c-d7b566e7c95b,1777376179,0.3,100.0,yes,"{""count_fp"":""100.00"",""created_time"":""2026-04-28T11:36:19.022927Z"",""no_price_dollars"":""0.7000"",""taker_side"":""yes"",""ticker"":""KXETH15M-26APR280745-45"",""trade_id"":""76861250-6f4a-75d5-c89c-d7b566e7c95b"",""yes_price_dollars"":""0.3000""}"
KXETH15M-26APR280745-45,d0304bb9-ebe8-48db-c21c-5682d62988ed,1777376181,0.35,5.0,yes,"{""count_fp"":""5.00"",""created_time"":""2026-04-28T11:36:21.654847Z"",""no_price_dollars"":""0.6500"",""taker_side"":""yes"",""ticker"":""KXETH15M-26APR280745-45"",""trade_id"":""d0304bb9-ebe8-48db-c21c-5682d62988ed"",""yes_price_dollars"":""0.3500""}"
KXETH15M-26APR280745-45,b7da108f-acfd-4a58-d063-975bb20ee201,1777376181,0.35,100.0,yes,"{""count_fp"":""100.00"",""created_time"":""2026-04-28T11:36:21.654847Z"",""no_price_dollars"":""0.6500"",""taker_side"":""yes"",""ticker"":""KXETH15M-26APR280745-45"",""trade_id"":""b7da108f-acfd-4a58-d063-975bb20ee201"",""yes_price_dollars"":""0.3500""}"
KXETH15M-26APR280745-45,64397db5-55bf-6030-4d8c-72848f5b6105,1777376181,0.31,8.0,no,"{""count_fp"":""8.00"",""created_time"":""2026-04-28T11:36:21.320434Z"",""no_price_dollars"":""0.6900"",""taker_side"":""no"",""ticker"":""KXETH15M-26APR280745-45"",""trade_id"":""64397db5-55bf-6030-4d8c-72848f5b6105"",""yes_price_dollars"":""0.3100""}"
KXETH15M-26APR280745-45,dc735ab5-2594-5f9b-a9b2-c7484dde0aa9,1777376183,0.32,10.0,no,"{""count_fp"":""10.00"",""created_time"":""2026-04-28T11:36:23.615799Z"",""no_price_dollars"":""0.6800"",""taker_side"":""no"",""ticker"":""KXETH15M-26APR280745-45"",""trade_id"":""dc735ab5-2594-5f9b-a9b2-c7484dde0aa9"",""yes_price_dollars"":""0.3200""}"
KXETH15M-26APR280745-45,75b940e3-460e-56cb-ac02-ada36e1d57f6,1777376183,0.32,14.0,no,"{""count_fp"":""14.00"",""created_time"":""2026-04-28T11:36:23.615799Z"",""no_price_dollars"":""0.6800"",""taker_side"":""no"",""ticker"":""KXETH15M-26APR280745-45"",""trade_id"":""75b940e3-460e-56cb-ac02-ada36e1d57f6"",""yes_price_dollars"":""0.3200""}"
KXETH15M-26APR280745-45,ff6a16ed-1b48-7ff5-bf47-512f56fd66a9,1777376184,0.37,0.54,yes,"{""count_fp"":""0.54"",""created_time"":""2026-04-28T11:36:24.163981Z"",""no_price_dollars"":""0.6300"",""taker_side"":""yes"",""ticker"":""KXETH15M-26APR280745-45"",""trade_id"":""ff6a16ed-1b48-7ff5-bf47-512f56fd66a9"",""yes_price_dollars"":""0.3700""}"
KXETH15M-26APR280745-45,b2e3be76-6f43-6707-2e07-790be8113f7e,1777376190,0.37,2.94,yes,"{""count_fp"":""2.94"",""created_time"":""2026-04-28T11:36:30.057197Z"",""no_price_dollars"":""0.6300"",""taker_side"":""yes"",""ticker"":""KXETH15M-26APR280745-45"",""trade_id"":""b2e3be76-6f43-6707-2e07-790be8113f7e"",""yes_price_dollars"":""0.3700""}"
KXETH15M-26APR280745-45,41b8e1f0-c7d6-6adc-3788-76176311b81c,1777376190,0.37,10.0,yes,"{""count_fp"":""10.00"",""created_time"":""2026-04-28T11:36:30.057197Z"",""no_price_dollars"":""0.6300"",""taker_side"":""yes"",""ticker"":""KXETH15M-26APR280745-45"",""trade_id"":""41b8e1f0-c7d6-6adc-3788-76176311b81c"",""yes_price_dollars"":""0.3700""}"
KXETH15M-26APR280745-45,fa54efe7-99dc-5d3e-dbcf-17d2c23f999b,1777376191,0.37,6.96,yes,"{""count_fp"":""6.96"",""created_time"":""2026-04-28T11:36:31.200182Z"",""no_price_dollars"":""0.6300"",""taker_side"":""yes"",""ticker"":""KXETH15M-26APR280745-45"",""trade_id"":""fa54efe7-99dc-5d3e-dbcf-17d2c23f999b"",""yes_price_dollars"":""0.3700""}"
KXETH15M-26APR280745-45,2adb5a87-bb86-7163-0c9a-cd4d9e162f65,1777376196,0.37,5.17,yes,"{""count_fp"":""5.17"",""created_time"":""2026-04-28T11:36:36.407958Z"",""no_price_dollars"":""0.6300"",""taker_side"":""yes"",""ticker"":""KXETH15M-26APR280745-45"",""trade_id"":""2adb5a87-bb86-7163-0c9a-cd4d9e162f65"",""yes_price_dollars"":""0.3700""}"
KXETH15M-26APR280745-45,37c06c91-7333-5342-8cfd-e75ba9066223,1777376196,0.37,8.0,yes,"{""count_fp"":""8.00"",""created_time"":""2026-04-28T11:36:36.321855Z"",""no_price_dollars"":""0.6300"",""taker_side"":""yes"",""ticker"":""KXETH15M-26APR280745-45"",""trade_id"":""37c06c91-7333-5342-8cfd-e75ba9066223"",""yes_price_dollars"":""0.3700""}"
KXETH15M-26APR280745-45,f5d847c6-aab2-467a-12bd-0025647ea6e6,1777376200,0.33,8.0,no,"{""count_fp"":""8.00"",""created_time"":""2026-04-28T11:36:40.317827Z"",""no_price_dollars"":""0.6700"",""taker_side"":""no"",""ticker"":""KXETH15M-26APR280745-45"",""trade_id"":""f5d847c6-aab2-467a-12bd-0025647ea6e6"",""yes_price_dollars"":""0.3300""}"
KXETH15M-26APR280745-45,f61f1790-1cc1-7d9a-9b74-1b0b4063054f,1777376203,0.34,12.0,no,"{""count_fp"":""12.00"",""created_time"":""2026-04-28T11:36:43.210508Z"",""no_price_dollars"":""0.6600"",""taker_side"":""no"",""ticker"":""KXETH15M-26APR280745-45"",""trade_id"":""f61f1790-1cc1-7d9a-9b74-1b0b4063054f"",""yes_price_dollars"":""0.3400""}"
KXETH15M-26APR280745-45,e7e1a825-c7c0-756d-ba1a-b8022d7f3f06,1777376203,0.35,10.0,no,"{""count_fp"":""10.00"",""created_time"":""2026-04-28T11:36:43.210508Z"",""no_price_dollars"":""0.6500"",""taker_side"":""no"",""ticker"":""KXETH15M-26APR280745-45"",""trade_id"":""e7e1a825-c7c0-756d-ba1a-b8022d7f3f06"",""yes_price_dollars"":""0.3500""}"
KXETH15M-26APR280745-45,06bc9b1d-44ee-7b23-bbca-f27d0e1b367f,1777376203,0.35,10.0,no,"{""count_fp"":""10.00"",""created_time"":""2026-04-28T11:36:43.210508Z"",""no_price_dollars"":""0.6500"",""taker_side"":""no"",""ticker"":""KXETH15M-26APR280745-45"",""trade_id"":""06bc9b1d-44ee-7b23-bbca-f27d0e1b367f"",""yes_price_dollars"":""0.3500""}"
KXETH15M-26APR280745-45,7c4171bb-6528-4676-4ed2-6dd8cf1fbb8f,1777376214,0.36,2.52,yes,"{""count_fp"":""2.52"",""created_time"":""2026-04-28T11:36:54.925608Z"",""no_price_dollars"":""0.6400"",""taker_side"":""yes"",""ticker"":""KXETH15M-26APR280745-45"",""trade_id"":""7c4171bb-6528-4676-4ed2-6dd8cf1fbb8f"",""yes_price_dollars"":""0.3600""}"
KXETH15M-26APR280745-45,b2714692-f19c-6f38-5bff-685c52a8958e,1777376218,0.34,10.0,no,"{""count_fp"":""10.00"",""created_time"":""2026-04-28T11:36:58.944018Z"",""no_price_dollars"":""0.6600"",""taker_side"":""no"",""ticker"":""KXETH15M-26APR280745-45"",""trade_id"":""b2714692-f19c-6f38-5bff-685c52a8958e"",""yes_price_dollars"":""0.3400""}"
KXETH15M-26APR280745-45,94604dda-9e6f-6d32-6a1e-92905803db97,1777376218,0.33,18.76,no,"{""count_fp"":""18.76"",""created_time"":""2026-04-28T11:36:58.944018Z"",""no_price_dollars"":""0.6700"",""taker_side"":""no"",""ticker"":""KXETH15M-26APR280745-45"",""trade_id"":""94604dda-9e6f-6d32-6a1e-92905803db97"",""yes_price_dollars"":""0.3300""}"
KXETH15M-26APR280745-45,823cd156-c27a-78d7-5780-b8fc687e51f9,1777376221,0.35,2.0,yes,"{""count_fp"":""2.00"",""created_time"":""2026-04-28T11:37:01.481835Z"",""no_price_dollars"":""0.6500"",""taker_side"":""yes"",""ticker"":""KXETH15M-26APR280745-45"",""trade_id"":""823cd156-c27a-78d7-5780-b8fc687e51f9"",""yes_price_dollars"":""0.3500""}"
KXETH15M-26APR280745-45,12513404-80a2-4ba3-b113-41d43fecf6d1,1777376227,0.29,23.58,yes,"{""count_fp"":""23.58"",""created_time"":""2026-04-28T11:37:07.728795Z"",""no_price_dollars"":""0.7100"",""taker_side"":""yes"",""ticker"":""KXETH15M-26APR280745-45"",""trade_id"":""12513404-80a2-4ba3-b113-41d43fecf6d1"",""yes_price_dollars"":""0.2900""}"
KXETH15M-26APR280745-45,09a416e6-6d26-715b-7149-11441c597e25,1777376228,0.29,16.42,yes,"{""count_fp"":""16.42"",""created_time"":""2026-04-28T11:37:08.894907Z"",""no_price_dollars"":""0.7100"",""taker_side"":""yes"",""ticker"":""KXETH15M-26APR280745-45"",""trade_id"":""09a416e6-6d26-715b-7149-11441c597e25"",""yes_price_dollars"":""0.2900""}"
KXETH15M-26APR280745-45,c4154afe-2109-5e4b-05ec-77aeda809615,1777376236,0.28,10.0,no,"{""count_fp"":""10.00"",""created_time"":""2026-04-28T11:37:16.040593Z"",""no_price_dollars"":""0.7200"",""taker_side"":""no"",""ticker"":""KXETH15M-26APR280745-45"",""trade_id"":""c4154afe-2109-5e4b-05ec-77aeda809615"",""yes_price_dollars"":""0.2800""}"
KXETH15M-26APR280745-45,1d52ee00-af3d-5b43-3a5f-132546aea705,1777376236,0.27,5.0,no,"{""count_fp"":""5.00"",""created_time"":""2026-04-28T11:37:16.040593Z"",""no_price_dollars"":""0.7300"",""taker_side"":""no"",""ticker"":""KXETH15M-26APR280745-45"",""trade_id"":""1d52ee00-af3d-5b43-3a5f-132546aea705"",""yes_price_dollars"":""0.2700""}"
KXETH15M-26APR280745-45,2e333d17-7226-4f7c-358c-d5a4a79bbe47,1777376238,0.23,133.0,no,"{""count_fp"":""133.00"",""created_time"":""2026-04-28T11:37:18.549498Z"",""no_price_dollars"":""0.7700"",""taker_side"":""no"",""ticker"":""KXETH15M-26APR280745-45"",""trade_id"":""2e333d17-7226-4f7c-358c-d5a4a79bbe47"",""yes_price_dollars"":""0.2300""}"
KXETH15M-26APR280745-45,6b3d58ff-08fd-4374-982d-e7ac9d1cbd86,1777376238,0.25,133.0,no,"{""count_fp"":""133.00"",""created_time"":""2026-04-28T11:37:18.520261Z"",""no_price_dollars"":""0.7500"",""taker_side"":""no"",""ticker"":""KXETH15M-26APR280745-45"",""trade_id"":""6b3d58ff-08fd-4374-982d-e7ac9d1cbd86"",""yes_price_dollars"":""0.2500""}"
KXETH15M-26APR280745-45,1b243910-7858-4eff-91ce-974a1399b608,1777376238,0.23,10.0,no,"{""count_fp"":""10.00"",""created_time"":""2026-04-28T11:37:18.520261Z"",""no_price_dollars"":""0.7700"",""taker_side"":""no"",""ticker"":""KXETH15M-26APR280745-45"",""trade_id"":""1b243910-7858-4eff-91ce-974a1399b608"",""yes_price_dollars"":""0.2300""}"
KXETH15M-26APR280745-45,f33e41c2-ce89-6d2f-5cf2-032526147bc0,1777376238,0.25,10.0,no,"{""count_fp"":""10.00"",""created_time"":""2026-04-28T11:37:18.369359Z"",""no_price_dollars"":""0.7500"",""taker_side"":""no"",""ticker"":""KXETH15M-26APR280745-45"",""trade_id"":""f33e41c2-ce89-6d2f-5cf2-032526147bc0"",""yes_price_dollars"":""0.2500""}"
KXETH15M-26APR280745-45,cacd3c18-04cb-6c42-462a-d05795bd1dbe,1777376238,0.25,2.0,no,"{""count_fp"":""2.00"",""created_time"":""2026-04-28T11:37:18.369359Z"",""no_price_dollars"":""0.7500"",""taker_side"":""no"",""ticker"":""KXETH15M-26APR280745-45"",""trade_id"":""cacd3c18-04cb-6c42-462a-d05795bd1dbe"",""yes_price_dollars"":""0.2500""}"
KXETH15M-26APR280745-45,b2c3915c-af6e-56fb-fe4e-ed8eb9e0950d,1777376239,0.23,20.0,yes,"{""count_fp"":""20.00"",""created_time"":""2026-04-28T11:37:19.935121Z"",""no_price_dollars"":""0.7700"",""taker_side"":""yes"",""ticker"":""KXETH15M-26APR280745-45"",""trade_id"":""b2c3915c-af6e-56fb-fe4e-ed8eb9e0950d"",""yes_price_dollars"":""0.2300""}"
KXETH15M-26APR280745-45,c7e760b8-f127-650d-e918-d487001707a1,1777376241,0.17,10.0,no,"{""count_fp"":""10.00"",""created_time"":""2026-04-28T11:37:21.588808Z"",""no_price_dollars"":""0.8300"",""taker_side"":""no"",""ticker"":""KXETH15M-26APR280745-45"",""trade_id"":""c7e760b8-f127-650d-e918-d487001707a1"",""yes_price_dollars"":""0.1700""}"
KXETH15M-26APR280745-45,fee35373-512a-5353-f3c0-8d81e80ded1a,1777376241,0.2,1.0,no,"{""count_fp"":""1.00"",""created_time"":""2026-04-28T11:37:21.547907Z"",""no_price_dollars"":""0.8000"",""taker_side"":""no"",""ticker"":""KXETH15M-26APR280745-45"",""trade_id"":""fee35373-512a-5353-f3c0-8d81e80ded1a"",""yes_price_dollars"":""0.2000""}"
KXETH15M-26APR280745-45,6b056476-19a3-57d7-f419-8d471c680b12,1777376241,0.19,1.0,no,"{""count_fp"":""1.00"",""created_time"":""2026-04-28T11:37:21.547907Z"",""no_price_dollars"":""0.8100"",""taker_side"":""no"",""ticker"":""KXETH15M-26APR280745-45"",""trade_id"":""6b056476-19a3-57d7-f419-8d471c680b12"",""yes_price_dollars"":""0.1900""}"
KXETH15M-26APR280745-45,efd1b6dd-b481-5809-2257-0732e83d11e9,1777376243,0.26,50.0,yes,"{""count_fp"":""50.00"",""created_time"":""2026-04-28T11:37:23.810579Z"",""no_price_dollars"":""0.7400"",""taker_side"":""yes"",""ticker"":""KXETH15M-26APR280745-45"",""trade_id"":""efd1b6dd-b481-5809-2257-0732e83d11e9"",""yes_price_dollars"":""0.2600""}"
KXETH15M-26APR280745-45,8f938f1e-636c-5012-140a-a4c070e94d53,1777376243,0.19,10.0,yes,"{""count_fp"":""10.00"",""created_time"":""2026-04-28T11:37:23.810579Z"",""no_price_dollars"":""0.8100"",""taker_side"":""yes"",""ticker"":""KXETH15M-26APR280745-45"",""trade_id"":""8f938f1e-636c-5012-140a-a4c070e94d53"",""yes_price_dollars"":""0.1900""}"
KXETH15M-26APR280745-45,7858a7b1-27d2-5421-1a57-9f89f920d2cf,1777376243,0.19,10.0,yes,"{""count_fp"":""10.00"",""created_time"":""2026-04-28T11:37:23.810579Z"",""no_price_dollars"":""0.8100"",""taker_side"":""yes"",""ticker"":""KXETH15M-26APR280745-45"",""trade_id"":""7858a7b1-27d2-5421-1a57-9f89f920d2cf"",""yes_price_dollars"":""0.1900""}"
KXETH15M-26APR280745-45,65a7d2f6-7b84-5feb-3129-f16ffbf38fd1,1777376243,0.26,5.0,yes,"{""count_fp"":""5.00"",""created_time"":""2026-04-28T11:37:23.810579Z"",""no_price_dollars"":""0.7400"",""taker_side"":""yes"",""ticker"":""KXETH15M-26APR280745-45"",""trade_id"":""65a7d2f6-7b84-5feb-3129-f16ffbf38fd1"",""yes_price_dollars"":""0.2600""}"
KXETH15M-26APR280745-45,0a5501b4-2503-53d0-1f51-1bfe3b58d062,1777376243,0.25,28.36,yes,"{""count_fp"":""28.36"",""created_time"":""2026-04-28T11:37:23.810579Z"",""no_price_dollars"":""0.7500"",""taker_side"":""yes"",""ticker"":""KXETH15M-26APR280745-45"",""trade_id"":""0a5501b4-2503-53d0-1f51-1bfe3b58d062"",""yes_price_dollars"":""0.2500""}"
KXETH15M-26APR280745-45,0335d2c9-e781-52a2-1bd7-40836d374d4a,1777376243,0.26,10.0,yes,"{""count_fp"":""10.00"",""created_time"":""2026-04-28T11:37:23.810579Z"",""no_price_dollars"":""0.7400"",""taker_side"":""yes"",""ticker"":""KXETH15M-26APR280745-45"",""trade_id"":""0335d2c9-e781-52a2-1bd7-40836d374d4a"",""yes_price_dollars"":""0.2600""}"
KXETH15M-26APR280745-45,8ad32b01-b84e-66e2-aee5-4a6ed2be8f8f,1777376246,0.2,200.0,no,"{""count_fp"":""200.00"",""created_time"":""2026-04-28T11:37:26.608518Z"",""no_price_dollars"":""0.8000"",""taker_side"":""no"",""ticker"":""KXETH15M-26APR280745-45"",""trade_id"":""8ad32b01-b84e-66e2-aee5-4a6ed2be8f8f"",""yes_price_dollars"":""0.2000""}"
KXETH15M-26APR280745-45,ef9c477c-b39e-5264-3d52-890cb5259ca9,1777376253,0.17,10.0,no,"{""count_fp"":""10.00"",""created_time"":""2026-04-28T11:37:33.929455Z"",""no_price_dollars"":""0.8300"",""taker_side"":""no"",""ticker"":""KXETH15M-26APR280745-45"",""trade_id"":""ef9c477c-b39e-5264-3d52-890cb5259ca9"",""yes_price_dollars"":""0.1700""}"
KXETH15M-26APR280745-45,80199c51-f8c8-44e7-e01b-e3775fdea2c6,1777376254,0.16,1.0,no,"{""count_fp"":""1.00"",""created_time"":""2026-04-28T11:37:34.036395Z"",""no_price_dollars"":""0.8400"",""taker_side"":""no"",""ticker"":""KXETH15M-26APR280745-45"",""trade_id"":""80199c51-f8c8-44e7-e01b-e3775fdea2c6"",""yes_price_dollars"":""0.1600""}"
KXETH15M-26APR280745-45,6f5898b1-a585-435c-c78f-6301e632052f,1777376254,0.16,1.0,no,"{""count_fp"":""1.00"",""created_time"":""2026-04-28T11:37:34.036395Z"",""no_price_dollars"":""0.8400"",""taker_side"":""no"",""ticker"":""KXETH15M-26APR280745-45"",""trade_id"":""6f5898b1-a585-435c-c78f-6301e632052f"",""yes_price_dollars"":""0.1600""}"
KXETH15M-26APR280745-45,4fe22ed4-c746-439a-c321-914f4f39baa0,1777376254,0.16,47.0,no,"{""count_fp"":""47.00"",""created_time"":""2026-04-28T11:37:34.036395Z"",""no_price_dollars"":""0.8400"",""taker_side"":""no"",""ticker"":""KXETH15M-26APR280745-45"",""trade_id"":""4fe22ed4-c746-439a-c321-914f4f39baa0"",""yes_price_dollars"":""0.1600""}"
KXETH15M-26APR280745-45,0a2a49eb-3195-48db-d1b7-565571fbcf4b,1777376254,0.16,5.0,no,"{""count_fp"":""5.00"",""created_time"":""2026-04-28T11:37:34.036395Z"",""no_price_dollars"":""0.8400"",""taker_side"":""no"",""ticker"":""KXETH15M-26APR280745-45"",""trade_id"":""0a2a49eb-3195-48db-d1b7-565571fbcf4b"",""yes_price_dollars"":""0.1600""}"
KXETH15M-26APR280745-45,1888e570-2cfb-62c3-1e82-f00410ae86ae,1777376258,0.14,2.61,no,"{""count_fp"":""2.61"",""created_time"":""2026-04-28T11:37:38.671647Z"",""no_price_dollars"":""0.8600"",""taker_side"":""no"",""ticker"":""KXETH15M-26APR280745-45"",""trade_id"":""1888e570-2cfb-62c3-1e82-f00410ae86ae"",""yes_price_dollars"":""0.1400""}"
KXETH15M-26APR280745-45,8f927ddb-4e84-5178-674f-8e6082745332,1777376265,0.15,1.0,no,"{""count_fp"":""1.00"",""created_time"":""2026-04-28T11:37:45.954262Z"",""no_price_dollars"":""0.8500"",""taker_side"":""no"",""ticker"":""KXETH15M-26APR280745-45"",""trade_id"":""8f927ddb-4e84-5178-674f-8e6082745332"",""yes_price_dollars"":""0.1500""}"
KXETH15M-26APR280745-45,c853a29e-b654-799c-1d12-a0cb58d3618e,1777376265,0.15,3.0,no,"{""count_fp"":""3.00"",""created_time"":""2026-04-28T11:37:45.592302Z"",""no_price_dollars"":""0.8500"",""taker_side"":""no"",""ticker"":""KXETH15M-26APR280745-45"",""trade_id"":""c853a29e-b654-799c-1d12-a0cb58d3618e"",""yes_price_dollars"":""0.1500""}"
KXETH15M-26APR280745-45,26862adb-641c-796c-f51a-a636d5775676,1777376266,0.15,11.0,no,"{""count_fp"":""11.00"",""created_time"":""2026-04-28T11:37:46.877521Z"",""no_price_dollars"":""0.8500"",""taker_side"":""no"",""ticker"":""KXETH15M-26APR280745-45"",""trade_id"":""26862adb-641c-796c-f51a-a636d5775676"",""yes_price_dollars"":""0.1500""}"
KXETH15M-26APR280745-45,bb2e3991-d7e3-4ac0-a606-875c2a394b5c,1777376266,0.16,10.0,yes,"{""count_fp"":""10.00"",""created_time"":""2026-04-28T11:37:46.287595Z"",""no_price_dollars"":""0.8400"",""taker_side"":""yes"",""ticker"":""KXETH15M-26APR280745-45"",""trade_id"":""bb2e3991-d7e3-4ac0-a606-875c2a394b5c"",""yes_price_dollars"":""0.1600""}"
KXETH15M-26APR280745-45,5d7fed57-001f-4b29-a852-3a7b972620f3,1777376266,0.16,15.0,yes,"{""count_fp"":""15.00"",""created_time"":""2026-04-28T11:37:46.287595Z"",""no_price_dollars"":""0.8400"",""taker_side"":""yes"",""ticker"":""KXETH15M-26APR280745-45"",""trade_id"":""5d7fed57-001f-4b29-a852-3a7b972620f3"",""yes_price_dollars"":""0.1600""}"
KXETH15M-26APR280745-45,ee29e892-d744-4b18-243e-284926e027ea,1777376267,0.15,60.0,no,"{""count_fp"":""60.00"",""created_time"":""2026-04-28T11:37:47.087478Z"",""no_price_dollars"":""0.8500"",""taker_side"":""no"",""ticker"":""KXETH15M-26APR280745-45"",""trade_id"":""ee29e892-d744-4b18-243e-284926e027ea"",""yes_price_dollars"":""0.1500""}"
KXETH15M-26APR280745-45,ea5badc0-108c-6358-e637-21712fdb2dd2,1777376270,0.15,1.0,no,"{""count_fp"":""1.00"",""created_time"":""2026-04-28T11:37:50.235007Z"",""no_price_dollars"":""0.8500"",""taker_side"":""no"",""ticker"":""KXETH15M-26APR280745-45"",""trade_id"":""ea5badc0-108c-6358-e637-21712fdb2dd2"",""yes_price_dollars"":""0.1500""}"
KXETH15M-26APR280745-45,28a07aad-ee3c-7144-8fef-5912a471d296,1777376271,0.15,5.0,no,"{""count_fp"":""5.00"",""created_time"":""2026-04-28T11:37:51.207618Z"",""no_price_dollars"":""0.8500"",""taker_side"":""no"",""ticker"":""KXETH15M-26APR280745-45"",""trade_id"":""28a07aad-ee3c-7144-8fef-5912a471d296"",""yes_price_dollars"":""0.1500""}"
KXETH15M-26APR280745-45,0178b806-cc9e-4939-1774-8666d44eaed0,1777376273,0.16,10.0,no,"{""count_fp"":""10.00"",""created_time"":""2026-04-28T11:37:53.201929Z"",""no_price_dollars"":""0.8400"",""taker_side"":""no"",""ticker"":""KXETH15M-26APR280745-45"",""trade_id"":""0178b806-cc9e-4939-1774-8666d44eaed0"",""yes_price_dollars"":""0.1600""}"
KXETH15M-26APR280745-45,457a71cc-3104-6a45-6890-6057390e7ec2,1777376274,0.18,7.0,yes,"{""count_fp"":""7.00"",""created_time"":""2026-04-28T11:37:54.455976Z"",""no_price_dollars"":""0.8200"",""taker_side"":""yes"",""ticker"":""KXETH15M-26APR280745-45"",""trade_id"":""457a71cc-3104-6a45-6890-6057390e7ec2"",""yes_price_dollars"":""0.1800""}"
KXETH15M-26APR280745-45,eedc41be-bef1-5163-8805-ac4ebd440eb0,1777376280,0.18,5.0,no,"{""count_fp"":""5.00"",""created_time"":""2026-04-28T11:38:00.411029Z"",""no_price_dollars"":""0.8200"",""taker_side"":""no"",""ticker"":""KXETH15M-26APR280745-45"",""trade_id"":""eedc41be-bef1-5163-8805-ac4ebd440eb0"",""yes_price_dollars"":""0.1800""}"
KXETH15M-26APR280745-45,f5e3cdb9-44ac-50a8-c74a-fbca975a59c2,1777376281,0.15,19.0,no,"{""count_fp"":""19.00"",""created_time"":""2026-04-28T11:38:01.865944Z"",""no_price_dollars"":""0.8500"",""taker_side"":""no"",""ticker"":""KXETH15M-26APR280745-45"",""trade_id"":""f5e3cdb9-44ac-50a8-c74a-fbca975a59c2"",""yes_price_dollars"":""0.1500""}"
KXETH15M-26APR280745-45,91a3d4f3-488f-706a-1c2d-820972ab8f55,1777376281,0.16,1.0,no,"{""count_fp"":""1.00"",""created_time"":""2026-04-28T11:38:01.335645Z"",""no_price_dollars"":""0.8400"",""taker_side"":""no"",""ticker"":""KXETH15M-26APR280745-45"",""trade_id"":""91a3d4f3-488f-706a-1c2d-820972ab8f55"",""yes_price_dollars"":""0.1600""}"
KXETH15M-26APR280745-45,33d1f9b9-e238-7a50-0721-3ba22963b5be,1777376282,0.15,10.0,no,"{""count_fp"":""10.00"",""created_time"":""2026-04-28T11:38:02.440207Z"",""no_price_dollars"":""0.8500"",""taker_side"":""no"",""ticker"":""KXETH15M-26APR280745-45"",""trade_id"":""33d1f9b9-e238-7a50-0721-3ba22963b5be"",""yes_price_dollars"":""0.1500""}"
KXETH15M-26APR280745-45,5c46c77b-d219-62ec-a4f2-32fc267c874e,1777376283,0.14,55.59,yes,"{""count_fp"":""55.59"",""created_time"":""2026-04-28T11:38:03.473403Z"",""no_price_dollars"":""0.8600"",""taker_side"":""yes"",""ticker"":""KXETH15M-26APR280745-45"",""trade_id"":""5c46c77b-d219-62ec-a4f2-32fc267c874e"",""yes_price_dollars"":""0.1400""}"
KXETH15M-26APR280745-45,c6e4dcf8-3e2d-73e5-5dc7-40d7fda77e18,1777376283,0.12,10.0,yes,"{""count_fp"":""10.00"",""created_time"":""2026-04-28T11:38:03.147061Z"",""no_price_dollars"":""0.8800"",""taker_side"":""yes"",""ticker"":""KXETH15M-26APR280745-45"",""trade_id"":""c6e4dcf8-3e2d-73e5-5dc7-40d7fda77e18"",""yes_price_dollars"":""0.1200""}"
KXETH15M-26APR280745-45,c3d886a0-659f-7aa8-5f74-d5dbc2ce06ee,1777376283,0.13,100.0,yes,"{""count_fp"":""100.00"",""created_time"":""2026-04-28T11:38:03.147061Z"",""no_price_dollars"":""0.8700"",""taker_side"":""yes"",""ticker"":""KXETH15M-26APR280745-45"",""trade_id"":""c3d886a0-659f-7aa8-5f74-d5dbc2ce06ee"",""yes_price_dollars"":""0.1300""}"
KXETH15M-26APR280745-45,30fd1fd2-da9e-73ae-4bc4-3dd404bf90ff,1777376283,0.14,17.0,yes,"{""count_fp"":""17.00"",""created_time"":""2026-04-28T11:38:03.147061Z"",""no_price_dollars"":""0.8600"",""taker_side"":""yes"",""ticker"":""KXETH15M-26APR280745-45"",""trade_id"":""30fd1fd2-da9e-73ae-4bc4-3dd404bf90ff"",""yes_price_dollars"":""0.1400""}"
KXETH15M-26APR280745-45,e1ec1bf8-72d5-5640-c9b2-b2b92954af36,1777376284,0.12,3.16,yes,"{""count_fp"":""3.16"",""created_time"":""2026-04-28T11:38:04.461247Z"",""no_price_dollars"":""0.8800"",""taker_side"":""yes"",""ticker"":""KXETH15M-26APR280745-45"",""trade_id"":""e1ec1bf8-72d5-5640-c9b2-b2b92954af36"",""yes_price_dollars"":""0.1200""}"
KXETH15M-26APR280745-45,bfa051c9-5a92-68c0-165e-f3ee83fb55e7,1777376287,0.12,1.0,no,"{""count_fp"":""1.00"",""created_time"":""2026-04-28T11:38:07.214106Z"",""no_price_dollars"":""0.8800"",""taker_side"":""no"",""ticker"":""KXETH15M-26APR280745-45"",""trade_id"":""bfa051c9-5a92-68c0-165e-f3ee83fb55e7"",""yes_price_dollars"":""0.1200""}"
KXETH15M-26APR280745-45,b71ed75c-d979-6c1a-04a6-f719ec3ed0dc,1777376287,0.11,1.0,no,"{""count_fp"":""1.00"",""created_time"":""2026-04-28T11:38:07.214106Z"",""no_price_dollars"":""0.8900"",""taker_side"":""no"",""ticker"":""KXETH15M-26APR280745-45"",""trade_id"":""b71ed75c-d979-6c1a-04a6-f719ec3ed0dc"",""yes_price_dollars"":""0.1100""}"
KXETH15M-26APR280745-45,da630187-4ed0-526e-584e-516de9322604,1777376288,0.13,10.0,yes,"{""count_fp"":""10.00"",""created_time"":""2026-04-28T11:38:08.101061Z"",""no_price_dollars"":""0.8700"",""taker_side"":""yes"",""ticker"":""KXETH15M-26APR280745-45"",""trade_id"":""da630187-4ed0-526e-584e-516de9322604"",""yes_price_dollars"":""0.1300""}"
KXETH15M-26APR280745-45,8ac08970-252b-5f40-7909-33b392f87545,1777376288,0.13,1.0,yes,"{""count_fp"":""1.00"",""created_time"":""2026-04-28T11:38:08.101061Z"",""no_price_dollars"":""0.8700"",""taker_side"":""yes"",""ticker"":""KXETH15M-26APR280745-45"",""trade_id"":""8ac08970-252b-5f40-7909-33b392f87545"",""yes_price_dollars"":""0.1300""}"
KXETH15M-26APR280745-45,6fa71c44-9340-5ca9-57e2-593f892f1337,1777376288,0.13,5.0,yes,"{""count_fp"":""5.00"",""created_time"":""2026-04-28T11:38:08.101061Z"",""no_price_dollars"":""0.8700"",""taker_side"":""yes"",""ticker"":""KXETH15M-26APR280745-45"",""trade_id"":""6fa71c44-9340-5ca9-57e2-593f892f1337"",""yes_price_dollars"":""0.1300""}"
KXETH15M-26APR280745-45,3c4a985c-a4f0-696d-7ecc-a639fe70013b,1777376291,0.11,5.0,no,"{""count_fp"":""5.00"",""created_time"":""2026-04-28T11:38:11.880488Z"",""no_price_dollars"":""0.8900"",""taker_side"":""no"",""ticker"":""KXETH15M-26APR280745-45"",""trade_id"":""3c4a985c-a4f0-696d-7ecc-a639fe70013b"",""yes_price_dollars"":""0.1100""}"
KXETH15M-26APR280745-45,e9a25b12-2cc8-7501-0c7f-e49272c10b83,1777376297,0.13,1.0,yes,"{""count_fp"":""1.00"",""created_time"":""2026-04-28T11:38:17.709674Z"",""no_price_dollars"":""0.8700"",""taker_side"":""yes"",""ticker"":""KXETH15M-26APR280745-45"",""trade_id"":""e9a25b12-2cc8-7501-0c7f-e49272c10b83"",""yes_price_dollars"":""0.1300""}"
KXETH15M-26APR280745-45,8bf1a588-4327-481e-d918-5ed86f1b5ed5,1777376302,0.16,7.0,no,"{""count_fp"":""7.00"",""created_time"":""2026-04-28T11:38:22.133942Z"",""no_price_dollars"":""0.8400"",""taker_side"":""no"",""ticker"":""KXETH15M-26APR280745-45"",""trade_id"":""8bf1a588-4327-481e-d918-5ed86f1b5ed5"",""yes_price_dollars"":""0.1600""}"
KXETH15M-26APR280745-45,940473a8-e7f3-760a-5c52-2c119c404c48,1777376305,0.14,5.76,no,"{""count_fp"":""5.76"",""created_time"":""2026-04-28T11:38:25.065057Z"",""no_price_dollars"":""0.8600"",""taker_side"":""no"",""ticker"":""KXETH15M-26APR280745-45"",""trade_id"":""940473a8-e7f3-760a-5c52-2c119c404c48"",""yes_price_dollars"":""0.1400""}"
KXETH15M-26APR280745-45,dd3c1165-0b62-753a-c35e-61e5fde8019b,1777376308,0.19,10.0,yes,"{""count_fp"":""10.00"",""created_time"":""2026-04-28T11:38:28.775482Z"",""no_price_dollars"":""0.8100"",""taker_side"":""yes"",""ticker"":""KXETH15M-26APR280745-45"",""trade_id"":""dd3c1165-0b62-753a-c35e-61e5fde8019b"",""yes_price_dollars"":""0.1900""}"
KXETH15M-26APR280745-45,dd38117d-f790-7b38-e956-ccd2ffccd7cb,1777376308,0.19,10.0,yes,"{""count_fp"":""10.00"",""created_time"":""2026-04-28T11:38:28.775482Z"",""no_price_dollars"":""0.8100"",""taker_side"":""yes"",""ticker"":""KXETH15M-26APR280745-45"",""trade_id"":""dd38117d-f790-7b38-e956-ccd2ffccd7cb"",""yes_price_dollars"":""0.1900""}"
KXETH15M-26APR280745-45,d0fcea6b-9c8d-784d-fef7-d11a592007e6,1777376308,0.19,4.0,yes,"{""count_fp"":""4.00"",""created_time"":""2026-04-28T11:38:28.775482Z"",""no_price_dollars"":""0.8100"",""taker_side"":""yes"",""ticker"":""KXETH15M-26APR280745-45"",""trade_id"":""d0fcea6b-9c8d-784d-fef7-d11a592007e6"",""yes_price_dollars"":""0.1900""}"
KXETH15M-26APR280745-45,62c3e5b3-1673-7526-f81b-0c1e9f51ce29,1777376311,0.18,52.53,yes,"{""count_fp"":""52.53"",""created_time"":""2026-04-28T11:38:31.150183Z"",""no_price_dollars"":""0.8200"",""taker_side"":""yes"",""ticker"":""KXETH15M-26APR280745-45"",""trade_id"":""62c3e5b3-1673-7526-f81b-0c1e9f51ce29"",""yes_price_dollars"":""0.1800""}"
KXETH15M-26APR280745-45,ac684539-b545-439d-0332-a04b56de8df5,1777376316,0.16,2.34,no,"{""count_fp"":""2.34"",""created_time"":""2026-04-28T11:38:36.786589Z"",""no_price_dollars"":""0.8400"",""taker_side"":""no"",""ticker"":""KXETH15M-26APR280745-45"",""trade_id"":""ac684539-b545-439d-0332-a04b56de8df5"",""yes_price_dollars"":""0.1600""}"
KXETH15M-26APR280745-45,2c8c487f-49f2-77c9-38fb-eae6c6f5bc34,1777376316,0.17,199.0,yes,"{""count_fp"":""199.00"",""created_time"":""2026-04-28T11:38:36.138037Z"",""no_price_dollars"":""0.8300"",""taker_side"":""yes"",""ticker"":""KXETH15M-26APR280745-45"",""trade_id"":""2c8c487f-49f2-77c9-38fb-eae6c6f5bc34"",""yes_price_dollars"":""0.1700""}"
KXETH15M-26APR280745-45,d97fbd00-c6a9-60cc-ca33-a5cd33de317a,1777376319,0.16,5.55,yes,"{""count_fp"":""5.55"",""created_time"":""2026-04-28T11:38:39.841353Z"",""no_price_dollars"":""0.8400"",""taker_side"":""yes"",""ticker"":""KXETH15M-26APR280745-45"",""trade_id"":""d97fbd00-c6a9-60cc-ca33-a5cd33de317a"",""yes_price_dollars"":""0.1600""}"
KXETH15M-26APR280745-45,3ffc65aa-cc99-6e4c-2c49-880cd1df420e,1777376319,0.16,4.98,yes,"{""count_fp"":""4.98"",""created_time"":""2026-04-28T11:38:39.466942Z"",""no_price_dollars"":""0.8400"",""taker_side"":""yes"",""ticker"":""KXETH15M-26APR280745-45"",""trade_id"":""3ffc65aa-cc99-6e4c-2c49-880cd1df420e"",""yes_price_dollars"":""0.1600""}"
KXETH15M-26APR280745-45,70b6266e-b07d-77a4-dc04-aeb8fbafd44a,1777376326,0.12,35.95,yes,"{""count_fp"":""35.95"",""created_time"":""2026-04-28T11:38:46.145111Z"",""no_price_dollars"":""0.8800"",""taker_side"":""yes"",""ticker"":""KXETH15M-26APR280745-45"",""trade_id"":""70b6266e-b07d-77a4-dc04-aeb8fbafd44a"",""yes_price_dollars"":""0.1200""}"
KXETH15M-26APR280745-45,c8699d57-f2e8-7384-73c0-f55001e77e44,1777376331,0.08,1.0,no,"{""count_fp"":""1.00"",""created_time"":""2026-04-28T11:38:51.755603Z"",""no_price_dollars"":""0.9200"",""taker_side"":""no"",""ticker"":""KXETH15M-26APR280745-45"",""trade_id"":""c8699d57-f2e8-7384-73c0-f55001e77e44"",""yes_price_dollars"":""0.0800""}"
KXETH15M-26APR280745-45,c1d63f64-594b-774c-4267-3ec87fafe2b9,1777376331,0.1,1.0,no,"{""count_fp"":""1.00"",""created_time"":""2026-04-28T11:38:51.755603Z"",""no_price_dollars"":""0.9000"",""taker_side"":""no"",""ticker"":""KXETH15M-26APR280745-45"",""trade_id"":""c1d63f64-594b-774c-4267-3ec87fafe2b9"",""yes_price_dollars"":""0.1000""}"
KXETH15M-26APR280745-45,bc71f40c-ddb7-7a2a-4421-6521c6a65e42,1777376331,0.07,19.9,no,"{""count_fp"":""19.90"",""created_time"":""2026-04-28T11:38:51.755603Z"",""no_price_dollars"":""0.9300"",""taker_side"":""no"",""ticker"":""KXETH15M-26APR280745-45"",""trade_id"":""bc71f40c-ddb7-7a2a-4421-6521c6a65e42"",""yes_price_dollars"":""0.0700""}"
KXETH15M-26APR280745-45,a6de70e4-ce20-7f85-6f05-022bf3f85cdb,1777376331,0.072,10.0,no,"{""count_fp"":""10.00"",""created_time"":""2026-04-28T11:38:51.755603Z"",""no_price_dollars"":""0.9280"",""taker_side"":""no"",""ticker"":""KXETH15M-26APR280745-45"",""trade_id"":""a6de70e4-ce20-7f85-6f05-022bf3f85cdb"",""yes_price_dollars"":""0.0720""}"
KXETH15M-26APR280745-45,939fc0e1-657f-723a-4dc5-3bdb21872177,1777376331,0.07,1.0,no,"{""count_fp"":""1.00"",""created_time"":""2026-04-28T11:38:51.755603Z"",""no_price_dollars"":""0.9300"",""taker_side"":""no"",""ticker"":""KXETH15M-26APR280745-45"",""trade_id"":""939fc0e1-657f-723a-4dc5-3bdb21872177"",""yes_price_dollars"":""0.0700""}"
KXETH15M-26APR280745-45,4b5a83a1-dff8-7def-54ed-f90376ee4485,1777376331,0.071,6.69,no,"{""count_fp"":""6.69"",""created_time"":""2026-04-28T11:38:51.755603Z"",""no_price_dollars"":""0.9290"",""taker_side"":""no"",""ticker"":""KXETH15M-26APR280745-45"",""trade_id"":""4b5a83a1-dff8-7def-54ed-f90376ee4485"",""yes_price_dollars"":""0.0710""}"
KXETH15M-26APR280745-45,3c642357-e223-7940-6d02-12ee970efd3e,1777376331,0.09,3.0,no,"{""count_fp"":""3.00"",""created_time"":""2026-04-28T11:38:51.755603Z"",""no_price_dollars"":""0.9100"",""taker_side"":""no"",""ticker"":""KXETH15M-26APR280745-45"",""trade_id"":""3c642357-e223-7940-6d02-12ee970efd3e"",""yes_price_dollars"":""0.0900""}"
KXETH15M-26APR280745-45,3c2d943f-0aaf-7168-60e3-6dcab6221840,1777376331,0.08,3.0,no,"{""count_fp"":""3.00"",""created_time"":""2026-04-28T11:38:51.755603Z"",""no_price_dollars"":""0.9200"",""taker_side"":""no"",""ticker"":""KXETH15M-26APR280745-45"",""trade_id"":""3c2d943f-0aaf-7168-60e3-6dcab6221840"",""yes_price_dollars"":""0.0800""}"
KXETH15M-26APR280745-45,1b3dad7a-e5ff-73cb-76d2-71b8bdca6719,1777376331,0.1,3.0,no,"{""count_fp"":""3.00"",""created_time"":""2026-04-28T11:38:51.755603Z"",""no_price_dollars"":""0.9000"",""taker_side"":""no"",""ticker"":""KXETH15M-26APR280745-45"",""trade_id"":""1b3dad7a-e5ff-73cb-76d2-71b8bdca6719"",""yes_price_dollars"":""0.1000""}"
KXETH15M-26APR280745-45,1a198cc0-ba7f-7e54-6184-fb5717a67eea,1777376331,0.09,1.0,no,"{""count_fp"":""1.00"",""created_time"":""2026-04-28T11:38:51.755603Z"",""no_price_dollars"":""0.9100"",""taker_side"":""no"",""ticker"":""KXETH15M-26APR280745-45"",""trade_id"":""1a198cc0-ba7f-7e54-6184-fb5717a67eea"",""yes_price_dollars"":""0.0900""}"
KXETH15M-26APR280745-45,093e53a5-ed47-7835-4713-bc028f76eb38,1777376331,0.1,1.0,no,"{""count_fp"":""1.00"",""created_time"":""2026-04-28T11:38:51.755603Z"",""no_price_dollars"":""0.9000"",""taker_side"":""no"",""ticker"":""KXETH15M-26APR280745-45"",""trade_id"":""093e53a5-ed47-7835-4713-bc028f76eb38"",""yes_price_dollars"":""0.1000""}"
KXETH15M-26APR280745-45,03c09bec-1248-7198-737a-48841d3ed6a8,1777376331,0.11,5.0,no,"{""count_fp"":""5.00"",""created_time"":""2026-04-28T11:38:51.755603Z"",""no_price_dollars"":""0.8900"",""taker_side"":""no"",""ticker"":""KXETH15M-26APR280745-45"",""trade_id"":""03c09bec-1248-7198-737a-48841d3ed6a8"",""yes_price_dollars"":""0.1100""}"
KXETH15M-26APR280745-45,ce703e63-59fa-48f5-30fe-0cf6c9e03ee0,1777376333,0.13,44.0,yes,"{""count_fp"":""44.00"",""created_time"":""2026-04-28T11:38:53.922166Z"",""no_price_dollars"":""0.8700"",""taker_side"":""yes"",""ticker"":""KXETH15M-26APR280745-45"",""trade_id"":""ce703e63-59fa-48f5-30fe-0cf6c9e03ee0"",""yes_price_dollars"":""0.1300""}"
KXETH15M-26APR280745-45,c10e340a-7cc9-44fa-0a24-c8c68407b822,1777376333,0.13,10.0,yes,"{""count_fp"":""10.00"",""created_time"":""2026-04-28T11:38:53.922166Z"",""no_price_dollars"":""0.8700"",""taker_side"":""yes"",""ticker"":""KXETH15M-26APR280745-45"",""trade_id"":""c10e340a-7cc9-44fa-0a24-c8c68407b822"",""yes_price_dollars"":""0.1300""}"
KXETH15M-26APR280745-45,761c379a-9a3d-743c-3331-352ad4efd90f,1777376333,0.12,44.0,yes,"{""count_fp"":""44.00"",""created_time"":""2026-04-28T11:38:53.860313Z"",""no_price_dollars"":""0.8800"",""taker_side"":""yes"",""ticker"":""KXETH15M-26APR280745-45"",""trade_id"":""761c379a-9a3d-743c-3331-352ad4efd90f"",""yes_price_dollars"":""0.1200""}"
KXETH15M-26APR280745-45,7093310d-9c4a-6305-94be-cbd679f0d45d,1777376333,0.1,1.0,yes,"{""count_fp"":""1.00"",""created_time"":""2026-04-28T11:38:53.753724Z"",""no_price_dollars"":""0.9000"",""taker_side"":""yes"",""ticker"":""KXETH15M-26APR280745-45"",""trade_id"":""7093310d-9c4a-6305-94be-cbd679f0d45d"",""yes_price_dollars"":""0.1000""}"
KXETH15M-26APR280745-45,6bb70663-77a8-598c-90d9-ee6fcc209c05,1777376333,0.11,44.0,yes,"{""count_fp"":""44.00"",""created_time"":""2026-04-28T11:38:53.740938Z"",""no_price_dollars"":""0.8900"",""taker_side"":""yes"",""ticker"":""KXETH15M-26APR280745-45"",""trade_id"":""6bb70663-77a8-598c-90d9-ee6fcc209c05"",""yes_price_dollars"":""0.1100""}"
KXETH15M-26APR280745-45,9fc0f96f-a3bd-4aa8-1ed9-c65cd36387cb,1777376333,0.11,2.27,yes,"{""count_fp"":""2.27"",""created_time"":""2026-04-28T11:38:53.728002Z"",""no_price_dollars"":""0.8900"",""taker_side"":""yes"",""ticker"":""KXETH15M-26APR280745-45"",""trade_id"":""9fc0f96f-a3bd-4aa8-1ed9-c65cd36387cb"",""yes_price_dollars"":""0.1100""}"
KXETH15M-26APR280745-45,5685b89b-faf2-4158-12d9-fdebd3eb3386,1777376333,0.11,43.73,yes,"{""count_fp"":""43.73"",""created_time"":""2026-04-28T11:38:53.728002Z"",""no_price_dollars"":""0.8900"",""taker_side"":""yes"",""ticker"":""KXETH15M-26APR280745-45"",""trade_id"":""5685b89b-faf2-4158-12d9-fdebd3eb3386"",""yes_price_dollars"":""0.1100""}"
KXETH15M-26APR280745-45,f304a20a-9c6f-751d-37e8-d24635111b1b,1777376333,0.087,10.0,yes,"{""count_fp"":""10.00"",""created_time"":""2026-04-28T11:38:53.377852Z"",""no_price_dollars"":""0.9130"",""taker_side"":""yes"",""ticker"":""KXETH15M-26APR280745-45"",""trade_id"":""f304a20a-9c6f-751d-37e8-d24635111b1b"",""yes_price_dollars"":""0.0870""}"
KXETH15M-26APR280745-45,e4aa255d-39de-710e-1f1e-7e0dda3aaddb,1777376333,0.087,15.95,yes,"{""count_fp"":""15.95"",""created_time"":""2026-04-28T11:38:53.377852Z"",""no_price_dollars"":""0.9130"",""taker_side"":""yes"",""ticker"":""KXETH15M-26APR280745-45"",""trade_id"":""e4aa255d-39de-710e-1f1e-7e0dda3aaddb"",""yes_price_dollars"":""0.0870""}"
KXETH15M-26APR280745-45,86292f6b-b0b6-722c-2b35-85697ff2a986,1777376333,0.088,40.05,yes,"{""count_fp"":""40.05"",""created_time"":""2026-04-28T11:38:53.377852Z"",""no_price_dollars"":""0.9120"",""taker_side"":""yes"",""ticker"":""KXETH15M-26APR280745-45"",""trade_id"":""86292f6b-b0b6-722c-2b35-85697ff2a986"",""yes_price_dollars"":""0.0880""}"
KXETH15M-26APR280745-45,0f2dd299-d82c-79a3-254e-e7e58e8871c6,1777376333,0.084,44.0,yes,"{""count_fp"":""44.00"",""created_time"":""2026-04-28T11:38:53.377852Z"",""no_price_dollars"":""0.9160"",""taker_side"":""yes"",""ticker"":""KXETH15M-26APR280745-45"",""trade_id"":""0f2dd299-d82c-79a3-254e-e7e58e8871c6"",""yes_price_dollars"":""0.0840""}"
KXETH15M-26APR280745-45,f5973012-97eb-45e4-3b31-f1765e928982,1777376334,0.13,30.0,yes,"{""count_fp"":""30.00"",""created_time"":""2026-04-28T11:38:54.178523Z"",""no_price_dollars"":""0.8700"",""taker_side"":""yes"",""ticker"":""KXETH15M-26APR280745-45"",""trade_id"":""f5973012-97eb-45e4-3b31-f1765e928982"",""yes_price_dollars"":""0.1300""}"
KXETH15M-26APR280745-45,008ab249-ae5e-44af-5c15-2b13d75b8a48,1777376341,0.16,10.0,no,"{""count_fp"":""10.00"",""created_time"":""2026-04-28T11:39:01.673599Z"",""no_price_dollars"":""0.8400"",""taker_side"":""no"",""ticker"":""KXETH15M-26APR280745-45"",""trade_id"":""008ab249-ae5e-44af-5c15-2b13d75b8a48"",""yes_price_dollars"":""0.1600""}"
KXETH15M-26APR280745-45,2abe29fa-e8df-7366-f41c-9159cf43c02f,1777376342,0.14,10.0,no,"{""count_fp"":""10.00"",""created_time"":""2026-04-28T11:39:02.618205Z"",""no_price_dollars"":""0.8600"",""taker_side"":""no"",""ticker"":""KXETH15M-26APR280745-45"",""trade_id"":""2abe29fa-e8df-7366-f41c-9159cf43c02f"",""yes_price_dollars"":""0.1400""}"
KXETH15M-26APR280745-45,2705820f-3358-7096-e465-5d6201cb7055,1777376342,0.14,10.0,no,"{""count_fp"":""10.00"",""created_time"":""2026-04-28T11:39:02.618205Z"",""no_price_dollars"":""0.8600"",""taker_side"":""no"",""ticker"":""KXETH15M-26APR280745-45"",""trade_id"":""2705820f-3358-7096-e465-5d6201cb7055"",""yes_price_dollars"":""0.1400""}"
KXETH15M-26APR280745-45,1a831502-1ed0-7165-db8b-2f514b5c7b81,1777376342,0.14,34.14,no,"{""count_fp"":""34.14"",""created_time"":""2026-04-28T11:39:02.618205Z"",""no_price_dollars"":""0.8600"",""taker_side"":""no"",""ticker"":""KXETH15M-26APR280745-45"",""trade_id"":""1a831502-1ed0-7165-db8b-2f514b5c7b81"",""yes_price_dollars"":""0.1400""}"
KXETH15M-26APR280745-45,9760c154-6e2c-4669-58a1-824fbe3a4ead,1777376343,0.13,15.86,no,"{""count_fp"":""15.86"",""created_time"":""2026-04-28T11:39:03.257865Z"",""no_price_dollars"":""0.8700"",""taker_side"":""no"",""ticker"":""KXETH15M-26APR280745-45"",""trade_id"":""9760c154-6e2c-4669-58a1-824fbe3a4ead"",""yes_price_dollars"":""0.1300""}"
KXETH15M-26APR280745-45,788c8fc4-0179-4846-b3d0-8fba40e039c7,1777376344,0.11,1.0,yes,"{""count_fp"":""1.00"",""created_time"":""2026-04-28T11:39:04.563825Z"",""no_price_dollars"":""0.8900"",""taker_side"":""yes"",""ticker"":""KXETH15M-26APR280745-45"",""trade_id"":""788c8fc4-0179-4846-b3d0-8fba40e039c7"",""yes_price_dollars"":""0.1100""}"
KXETH15M-26APR280745-45,1eaf6e4f-b403-55c2-a0cb-2fdca5d5a624,1777376344,0.1,1.0,no,"{""count_fp"":""1.00"",""created_time"":""2026-04-28T11:39:04.533902Z"",""no_price_dollars"":""0.9000"",""taker_side"":""no"",""ticker"":""KXETH15M-26APR280745-45"",""trade_id"":""1eaf6e4f-b403-55c2-a0cb-2fdca5d5a624"",""yes_price_dollars"":""0.1000""}"
KXETH15M-26APR280745-45,368142e2-42ea-5905-54ea-0dbd99fdf9c4,1777376345,0.12,0.23,no,"{""count_fp"":""0.23"",""created_time"":""2026-04-28T11:39:05.507262Z"",""no_price_dollars"":""0.8800"",""taker_side"":""no"",""ticker"":""KXETH15M-26APR280745-45"",""trade_id"":""368142e2-42ea-5905-54ea-0dbd99fdf9c4"",""yes_price_dollars"":""0.1200""}"
KXETH15M-26APR280745-45,83597e6e-adcb-48f4-eda8-ae807c344718,1777376354,0.11,36.0,no,"{""count_fp"":""36.00"",""created_time"":""2026-04-28T11:39:14.054457Z"",""no_price_dollars"":""0.8900"",""taker_side"":""no"",""ticker"":""KXETH15M-26APR280745-45"",""trade_id"":""83597e6e-adcb-48f4-eda8-ae807c344718"",""yes_price_dollars"":""0.1100""}"
KXETH15M-26APR280745-45,415a74b1-8eed-4e53-ee06-028f7cee79e0,1777376354,0.12,10.0,no,"{""count_fp"":""10.00"",""created_time"":""2026-04-28T11:39:14.054457Z"",""no_price_dollars"":""0.8800"",""taker_side"":""no"",""ticker"":""KXETH15M-26APR280745-45"",""trade_id"":""415a74b1-8eed-4e53-ee06-028f7cee79e0"",""yes_price_dollars"":""0.1200""}"
KXETH15M-26APR280745-45,1c3a6ea5-08ba-51cc-ba42-faf1872b7676,1777376369,0.17,0.49,yes,"{""count_fp"":""0.49"",""created_time"":""2026-04-28T11:39:29.016826Z"",""no_price_dollars"":""0.8300"",""taker_side"":""yes"",""ticker"":""KXETH15M-26APR280745-45"",""trade_id"":""1c3a6ea5-08ba-51cc-ba42-faf1872b7676"",""yes_price_dollars"":""0.1700""}"
KXETH15M-26APR280745-45,fe34793a-c2b2-759c-4ee7-41d1dc230e76,1777376378,0.088,8.75,yes,"{""count_fp"":""8.75"",""created_time"":""2026-04-28T11:39:38.117601Z"",""no_price_dollars"":""0.9120"",""taker_side"":""yes"",""ticker"":""KXETH15M-26APR280745-45"",""trade_id"":""fe34793a-c2b2-759c-4ee7-41d1dc230e76"",""yes_price_dollars"":""0.0880""}"
KXETH15M-26APR280745-45,c2449236-749e-74a0-d244-8d3a129dffae,1777376379,0.088,2.0,yes,"{""count_fp"":""2.00"",""created_time"":""2026-04-28T11:39:39.710541Z"",""no_price_dollars"":""0.9120"",""taker_side"":""yes"",""ticker"":""KXETH15M-26APR280745-45"",""trade_id"":""c2449236-749e-74a0-d244-8d3a129dffae"",""yes_price_dollars"":""0.0880""}"
KXETH15M-26APR280745-45,fe52e963-4279-4028-21ab-3d81248bdec3,1777376381,0.07,1.0,no,"{""count_fp"":""1.00"",""created_time"":""2026-04-28T11:39:41.474566Z"",""no_price_dollars"":""0.9300"",""taker_side"":""no"",""ticker"":""KXETH15M-26APR280745-45"",""trade_id"":""fe52e963-4279-4028-21ab-3d81248bdec3"",""yes_price_dollars"":""0.0700""}"
KXETH15M-26APR280745-45,dc1db631-9bb1-4f57-0bc0-db94f26b2e07,1777376381,0.07,3.0,no,"{""count_fp"":""3.00"",""created_time"":""2026-04-28T11:39:41.474566Z"",""no_price_dollars"":""0.9300"",""taker_side"":""no"",""ticker"":""KXETH15M-26APR280745-45"",""trade_id"":""dc1db631-9bb1-4f57-0bc0-db94f26b2e07"",""yes_price_dollars"":""0.0700""}"
KXETH15M-26APR280745-45,c82e6727-52fa-4a51-28c0-376132bf7d14,1777376381,0.065,10.0,no,"{""count_fp"":""10.00"",""created_time"":""2026-04-28T11:39:41.474566Z"",""no_price_dollars"":""0.9350"",""taker_side"":""no"",""ticker"":""KXETH15M-26APR280745-45"",""trade_id"":""c82e6727-52fa-4a51-28c0-376132bf7d14"",""yes_price_dollars"":""0.0650""}"
KXETH15M-26APR280745-45,adcffee6-db29-45e3-244a-539dde1e5d1b,1777376381,0.06,1.0,no,"{""count_fp"":""1.00"",""created_time"":""2026-04-28T11:39:41.474566Z"",""no_price_dollars"":""0.9400"",""taker_side"":""no"",""ticker"":""KXETH15M-26APR280745-45"",""trade_id"":""adcffee6-db29-45e3-244a-539dde1e5d1b"",""yes_price_dollars"":""0.0600""}"
KXETH15M-26APR280745-45,5fb4eba9-3147-4591-2cab-2b964e05a0a8,1777376381,0.06,3.0,no,"{""count_fp"":""3.00"",""created_time"":""2026-04-28T11:39:41.474566Z"",""no_price_dollars"":""0.9400"",""taker_side"":""no"",""ticker"":""KXETH15M-26APR280745-45"",""trade_id"":""5fb4eba9-3147-4591-2cab-2b964e05a0a8"",""yes_price_dollars"":""0.0600""}"
KXETH15M-26APR280745-45,532f7671-26fc-47f1-0616-3b6a16eebeef,1777376381,0.06,1.0,no,"{""count_fp"":""1.00"",""created_time"":""2026-04-28T11:39:41.474566Z"",""no_price_dollars"":""0.9400"",""taker_side"":""no"",""ticker"":""KXETH15M-26APR280745-45"",""trade_id"":""532f7671-26fc-47f1-0616-3b6a16eebeef"",""yes_price_dollars"":""0.0600""}"
KXETH15M-26APR280745-45,2d9cf45b-b2a0-4e40-2dfd-7a0a06b79b5c,1777376381,0.06,1.0,no,"{""count_fp"":""1.00"",""created_time"":""2026-04-28T11:39:41.474566Z"",""no_price_dollars"":""0.9400"",""taker_side"":""no"",""ticker"":""KXETH15M-26APR280745-45"",""trade_id"":""2d9cf45b-b2a0-4e40-2dfd-7a0a06b79b5c"",""yes_price_dollars"":""0.0600""}"
KXETH15M-26APR280745-45,d115618c-25f8-739d-15cc-f52804f70a9d,1777376384,0.031,164.24,no,"{""count_fp"":""164.24"",""created_time"":""2026-04-28T11:39:44.873751Z"",""no_price_dollars"":""0.9690"",""taker_side"":""no"",""ticker"":""KXETH15M-26APR280745-45"",""trade_id"":""d115618c-25f8-739d-15cc-f52804f70a9d"",""yes_price_dollars"":""0.0310""}"
KXETH15M-26APR280745-45,cd56b9b4-1c6e-7d5f-0bdd-3837efd5d8fd,1777376384,0.04,15.0,no,"{""count_fp"":""15.00"",""created_time"":""2026-04-28T11:39:44.873751Z"",""no_price_dollars"":""0.9600"",""taker_side"":""no"",""ticker"":""KXETH15M-26APR280745-45"",""trade_id"":""cd56b9b4-1c6e-7d5f-0bdd-3837efd5d8fd"",""yes_price_dollars"":""0.0400""}"
KXETH15M-26APR280745-45,cb9155d6-9961-748d-2bb9-aa67bf4bfb0a,1777376384,0.046,10.0,no,"{""count_fp"":""10.00"",""created_time"":""2026-04-28T11:39:44.873751Z"",""no_price_dollars"":""0.9540"",""taker_side"":""no"",""ticker"":""KXETH15M-26APR280745-45"",""trade_id"":""cb9155d6-9961-748d-2bb9-aa67bf4bfb0a"",""yes_price_dollars"":""0.0460""}"
KXETH15M-26APR280745-45,b072ef1c-6b84-7b17-1c2b-bf955160dcca,1777376384,0.04,1.0,no,"{""count_fp"":""1.00"",""created_time"":""2026-04-28T11:39:44.873751Z"",""no_price_dollars"":""0.9600"",""taker_side"":""no"",""ticker"":""KXETH15M-26APR280745-45"",""trade_id"":""b072ef1c-6b84-7b17-1c2b-bf955160dcca"",""yes_price_dollars"":""0.0400""}"
KXETH15M-26APR280745-45,61f2c046-63ce-7340-10a6-a508123f5c23,1777376384,0.05,3.0,no,"{""count_fp"":""3.00"",""created_time"":""2026-04-28T11:39:44.873751Z"",""no_price_dollars"":""0.9500"",""taker_side"":""no"",""ticker"":""KXETH15M-26APR280745-45"",""trade_id"":""61f2c046-63ce-7340-10a6-a508123f5c23"",""yes_price_dollars"":""0.0500""}"
KXETH15M-26APR280745-45,2f6b2710-a743-7776-3c73-2a2cacb28bff,1777376384,0.04,1.0,no,"{""count_fp"":""1.00"",""created_time"":""2026-04-28T11:39:44.873751Z"",""no_price_dollars"":""0.9600"",""taker_side"":""no"",""ticker"":""KXETH15M-26APR280745-45"",""trade_id"":""2f6b2710-a743-7776-3c73-2a2cacb28bff"",""yes_price_dollars"":""0.0400""}"
KXETH15M-26APR280745-45,26780d01-ba57-709e-21ca-e5e6e7744195,1777376384,0.033,1.0,no,"{""count_fp"":""1.00"",""created_time"":""2026-04-28T11:39:44.873751Z"",""no_price_dollars"":""0.9670"",""taker_side"":""no"",""ticker"":""KXETH15M-26APR280745-45"",""trade_id"":""26780d01-ba57-709e-21ca-e5e6e7744195"",""yes_price_dollars"":""0.0330""}"
KXETH15M-26APR280745-45,25d03bbb-d4b8-7fe1-207b-ecf1081e50fa,1777376384,0.05,1.0,no,"{""count_fp"":""1.00"",""created_time"":""2026-04-28T11:39:44.873751Z"",""no_price_dollars"":""0.9500"",""taker_side"":""no"",""ticker"":""KXETH15M-26APR280745-45"",""trade_id"":""25d03bbb-d4b8-7fe1-207b-ecf1081e50fa"",""yes_price_dollars"":""0.0500""}"
KXETH15M-26APR280745-45,05538b67-d866-7ec7-23d2-9824df15876f,1777376384,0.045,10.0,no,"{""count_fp"":""10.00"",""created_time"":""2026-04-28T11:39:44.873751Z"",""no_price_dollars"":""0.9550"",""taker_side"":""no"",""ticker"":""KXETH15M-26APR280745-45"",""trade_id"":""05538b67-d866-7ec7-23d2-9824df15876f"",""yes_price_dollars"":""0.0450""}"
KXETH15M-26APR280745-45,634ee4c7-6063-647a-1cf5-613b16c38c12,1777376384,0.097,10.0,yes,"{""count_fp"":""10.00"",""created_time"":""2026-04-28T11:39:44.760731Z"",""no_price_dollars"":""0.9030"",""taker_side"":""yes"",""ticker"":""KXETH15M-26APR280745-45"",""trade_id"":""634ee4c7-6063-647a-1cf5-613b16c38c12"",""yes_price_dollars"":""0.0970""}"
KXETH15M-26APR280745-45,c3891287-9a5e-7f13-4853-35d656127e8c,1777376387,0.05,5.0,yes,"{""count_fp"":""5.00"",""created_time"":""2026-04-28T11:39:47.241204Z"",""no_price_dollars"":""0.9500"",""taker_side"":""yes"",""ticker"":""KXETH15M-26APR280745-45"",""trade_id"":""c3891287-9a5e-7f13-4853-35d656127e8c"",""yes_price_dollars"":""0.0500""}"
KXETH15M-26APR280745-45,79d2926e-fd26-54d4-c1bf-2cf3e607eda7,1777376391,0.033,1.0,no,"{""count_fp"":""1.00"",""created_time"":""2026-04-28T11:39:51.756238Z"",""no_price_dollars"":""0.9670"",""taker_side"":""no"",""ticker"":""KXETH15M-26APR280745-45"",""trade_id"":""79d2926e-fd26-54d4-c1bf-2cf3e607eda7"",""yes_price_dollars"":""0.0330""}"
