ticker,trade_id,ts,yes_price,count,taker_side,raw_json
KXETH15M-26APR281130-30,7ad4f220-c402-5a5c-38c3-dd39c5570129,1777389306,0.46,18.0,no,"{""count_fp"":""18.00"",""created_time"":""2026-04-28T15:15:06.942953Z"",""no_price_dollars"":""0.5400"",""taker_side"":""no"",""ticker"":""KXETH15M-26APR281130-30"",""trade_id"":""7ad4f220-c402-5a5c-38c3-dd39c5570129"",""yes_price_dollars"":""0.4600""}"
KXETH15M-26APR281130-30,03b7c397-d4aa-6e6d-523f-455e2cad15dc,1777389321,0.44,15.0,no,"{""count_fp"":""15.00"",""created_time"":""2026-04-28T15:15:21.552519Z"",""no_price_dollars"":""0.5600"",""taker_side"":""no"",""ticker"":""KXETH15M-26APR281130-30"",""trade_id"":""03b7c397-d4aa-6e6d-523f-455e2cad15dc"",""yes_price_dollars"":""0.4400""}"
KXETH15M-26APR281130-30,6b5e1717-0afa-78e9-b1f0-ff91f432432c,1777389321,0.44,5.0,no,"{""count_fp"":""5.00"",""created_time"":""2026-04-28T15:15:21.423004Z"",""no_price_dollars"":""0.5600"",""taker_side"":""no"",""ticker"":""KXETH15M-26APR281130-30"",""trade_id"":""6b5e1717-0afa-78e9-b1f0-ff91f432432c"",""yes_price_dollars"":""0.4400""}"
KXETH15M-26APR281130-30,2d430d45-bb38-4393-dede-c2ff0ba19012,1777389323,0.44,20.0,no,"{""count_fp"":""20.00"",""created_time"":""2026-04-28T15:15:23.228993Z"",""no_price_dollars"":""0.5600"",""taker_side"":""no"",""ticker"":""KXETH15M-26APR281130-30"",""trade_id"":""2d430d45-bb38-4393-dede-c2ff0ba19012"",""yes_price_dollars"":""0.4400""}"
KXETH15M-26APR281130-30,0a12d8a4-f390-5c1e-37bd-25284de58424,1777389325,0.43,1.0,no,"{""count_fp"":""1.00"",""created_time"":""2026-04-28T15:15:25.764574Z"",""no_price_dollars"":""0.5700"",""taker_side"":""no"",""ticker"":""KXETH15M-26APR281130-30"",""trade_id"":""0a12d8a4-f390-5c1e-37bd-25284de58424"",""yes_price_dollars"":""0.4300""}"
KXETH15M-26APR281130-30,09138f92-a8a8-7ca2-8c41-65393bfe16e8,1777389329,0.43,8.51,no,"{""count_fp"":""8.51"",""created_time"":""2026-04-28T15:15:29.009241Z"",""no_price_dollars"":""0.5700"",""taker_side"":""no"",""ticker"":""KXETH15M-26APR281130-30"",""trade_id"":""09138f92-a8a8-7ca2-8c41-65393bfe16e8"",""yes_price_dollars"":""0.4300""}"
KXETH15M-26APR281130-30,02ca395b-bd06-54d3-7fad-2b51af90ee2d,1777389330,0.42,9.0,no,"{""count_fp"":""9.00"",""created_time"":""2026-04-28T15:15:30.767769Z"",""no_price_dollars"":""0.5800"",""taker_side"":""no"",""ticker"":""KXETH15M-26APR281130-30"",""trade_id"":""02ca395b-bd06-54d3-7fad-2b51af90ee2d"",""yes_price_dollars"":""0.4200""}"
KXETH15M-26APR281130-30,c2e22af5-7fa8-4002-2a0b-fca3f4deee94,1777389330,0.43,30.49,no,"{""count_fp"":""30.49"",""created_time"":""2026-04-28T15:15:30.176756Z"",""no_price_dollars"":""0.5700"",""taker_side"":""no"",""ticker"":""KXETH15M-26APR281130-30"",""trade_id"":""c2e22af5-7fa8-4002-2a0b-fca3f4deee94"",""yes_price_dollars"":""0.4300""}"
KXETH15M-26APR281130-30,8d36acdd-e899-40b9-198d-15e86064f8de,1777389330,0.42,11.22,no,"{""count_fp"":""11.22"",""created_time"":""2026-04-28T15:15:30.176756Z"",""no_price_dollars"":""0.5800"",""taker_side"":""no"",""ticker"":""KXETH15M-26APR281130-30"",""trade_id"":""8d36acdd-e899-40b9-198d-15e86064f8de"",""yes_price_dollars"":""0.4200""}"
KXETH15M-26APR281130-30,adcbdb5d-3883-4634-af77-e04de263b0a8,1777389335,0.4,9.0,no,"{""count_fp"":""9.00"",""created_time"":""2026-04-28T15:15:35.584344Z"",""no_price_dollars"":""0.6000"",""taker_side"":""no"",""ticker"":""KXETH15M-26APR281130-30"",""trade_id"":""adcbdb5d-3883-4634-af77-e04de263b0a8"",""yes_price_dollars"":""0.4000""}"
KXETH15M-26APR281130-30,d0d0367f-df56-731f-22a1-d01575819879,1777389335,0.41,44.84,no,"{""count_fp"":""44.84"",""created_time"":""2026-04-28T15:15:35.154215Z"",""no_price_dollars"":""0.5900"",""taker_side"":""no"",""ticker"":""KXETH15M-26APR281130-30"",""trade_id"":""d0d0367f-df56-731f-22a1-d01575819879"",""yes_price_dollars"":""0.4100""}"
KXETH15M-26APR281130-30,b81fc1d0-2e2d-56bb-6958-16fb34f5c1a4,1777389351,0.39,4.0,no,"{""count_fp"":""4.00"",""created_time"":""2026-04-28T15:15:51.908394Z"",""no_price_dollars"":""0.6100"",""taker_side"":""no"",""ticker"":""KXETH15M-26APR281130-30"",""trade_id"":""b81fc1d0-2e2d-56bb-6958-16fb34f5c1a4"",""yes_price_dollars"":""0.3900""}"
KXETH15M-26APR281130-30,d5d8bb8c-f2d7-5b90-05d6-32117418cf4d,1777389355,0.39,1.59,no,"{""count_fp"":""1.59"",""created_time"":""2026-04-28T15:15:55.726047Z"",""no_price_dollars"":""0.6100"",""taker_side"":""no"",""ticker"":""KXETH15M-26APR281130-30"",""trade_id"":""d5d8bb8c-f2d7-5b90-05d6-32117418cf4d"",""yes_price_dollars"":""0.3900""}"
KXETH15M-26APR281130-30,e544de0c-0dd5-690b-36ba-f954ee8184df,1777389355,0.39,10.0,no,"{""count_fp"":""10.00"",""created_time"":""2026-04-28T15:15:55.593818Z"",""no_price_dollars"":""0.6100"",""taker_side"":""no"",""ticker"":""KXETH15M-26APR281130-30"",""trade_id"":""e544de0c-0dd5-690b-36ba-f954ee8184df"",""yes_price_dollars"":""0.3900""}"
KXETH15M-26APR281130-30,9d236912-6683-6f8c-2b9c-74cfa86f4db5,1777389355,0.39,116.0,no,"{""count_fp"":""116.00"",""created_time"":""2026-04-28T15:15:55.593818Z"",""no_price_dollars"":""0.6100"",""taker_side"":""no"",""ticker"":""KXETH15M-26APR281130-30"",""trade_id"":""9d236912-6683-6f8c-2b9c-74cfa86f4db5"",""yes_price_dollars"":""0.3900""}"
KXETH15M-26APR281130-30,087fb702-1dbc-6f8b-348a-d517f95267c8,1777389355,0.4,10.0,no,"{""count_fp"":""10.00"",""created_time"":""2026-04-28T15:15:55.593818Z"",""no_price_dollars"":""0.6000"",""taker_side"":""no"",""ticker"":""KXETH15M-26APR281130-30"",""trade_id"":""087fb702-1dbc-6f8b-348a-d517f95267c8"",""yes_price_dollars"":""0.4000""}"
KXETH15M-26APR281130-30,491cf197-38fc-53b1-dbc7-1e185545f681,1777389360,0.36,1.84,yes,"{""count_fp"":""1.84"",""created_time"":""2026-04-28T15:16:00.699157Z"",""no_price_dollars"":""0.6400"",""taker_side"":""yes"",""ticker"":""KXETH15M-26APR281130-30"",""trade_id"":""491cf197-38fc-53b1-dbc7-1e185545f681"",""yes_price_dollars"":""0.3600""}"
KXETH15M-26APR281130-30,32127f69-402e-6757-fc74-9a4d466bae55,1777389360,0.36,3.0,no,"{""count_fp"":""3.00"",""created_time"":""2026-04-28T15:16:00.360683Z"",""no_price_dollars"":""0.6400"",""taker_side"":""no"",""ticker"":""KXETH15M-26APR281130-30"",""trade_id"":""32127f69-402e-6757-fc74-9a4d466bae55"",""yes_price_dollars"":""0.3600""}"
KXETH15M-26APR281130-30,543b0422-64f4-43cf-3e1e-67a119946308,1777389362,0.39,40.0,yes,"{""count_fp"":""40.00"",""created_time"":""2026-04-28T15:16:02.179587Z"",""no_price_dollars"":""0.6100"",""taker_side"":""yes"",""ticker"":""KXETH15M-26APR281130-30"",""trade_id"":""543b0422-64f4-43cf-3e1e-67a119946308"",""yes_price_dollars"":""0.3900""}"
KXETH15M-26APR281130-30,a950bf6f-ab49-7a28-2ff9-a5fba5c5c03a,1777389364,0.39,10.0,yes,"{""count_fp"":""10.00"",""created_time"":""2026-04-28T15:16:04.018294Z"",""no_price_dollars"":""0.6100"",""taker_side"":""yes"",""ticker"":""KXETH15M-26APR281130-30"",""trade_id"":""a950bf6f-ab49-7a28-2ff9-a5fba5c5c03a"",""yes_price_dollars"":""0.3900""}"
KXETH15M-26APR281130-30,7e6e2a23-ff77-7bc5-2a66-f6161d639618,1777389364,0.39,7.98,yes,"{""count_fp"":""7.98"",""created_time"":""2026-04-28T15:16:04.018294Z"",""no_price_dollars"":""0.6100"",""taker_side"":""yes"",""ticker"":""KXETH15M-26APR281130-30"",""trade_id"":""7e6e2a23-ff77-7bc5-2a66-f6161d639618"",""yes_price_dollars"":""0.3900""}"
KXETH15M-26APR281130-30,3566db77-ffc1-7e8f-24af-5eace13a3b35,1777389364,0.39,18.0,yes,"{""count_fp"":""18.00"",""created_time"":""2026-04-28T15:16:04.018294Z"",""no_price_dollars"":""0.6100"",""taker_side"":""yes"",""ticker"":""KXETH15M-26APR281130-30"",""trade_id"":""3566db77-ffc1-7e8f-24af-5eace13a3b35"",""yes_price_dollars"":""0.3900""}"
KXETH15M-26APR281130-30,fdc52277-47f0-637a-a457-6f89f17c6099,1777389365,0.35,1.0,no,"{""count_fp"":""1.00"",""created_time"":""2026-04-28T15:16:05.413457Z"",""no_price_dollars"":""0.6500"",""taker_side"":""no"",""ticker"":""KXETH15M-26APR281130-30"",""trade_id"":""fdc52277-47f0-637a-a457-6f89f17c6099"",""yes_price_dollars"":""0.3500""}"
KXETH15M-26APR281130-30,aee97cd2-b179-6f0c-1ede-6c68334e66a5,1777389372,0.4,25.0,yes,"{""count_fp"":""25.00"",""created_time"":""2026-04-28T15:16:12.937604Z"",""no_price_dollars"":""0.6000"",""taker_side"":""yes"",""ticker"":""KXETH15M-26APR281130-30"",""trade_id"":""aee97cd2-b179-6f0c-1ede-6c68334e66a5"",""yes_price_dollars"":""0.4000""}"
KXETH15M-26APR281130-30,ff3e4d39-c427-5009-8362-827612748f40,1777389372,0.39,0.02,yes,"{""count_fp"":""0.02"",""created_time"":""2026-04-28T15:16:12.891914Z"",""no_price_dollars"":""0.6100"",""taker_side"":""yes"",""ticker"":""KXETH15M-26APR281130-30"",""trade_id"":""ff3e4d39-c427-5009-8362-827612748f40"",""yes_price_dollars"":""0.3900""}"
KXETH15M-26APR281130-30,aadc5b23-c7f3-78a9-12ee-8acb65683f18,1777389372,0.39,16.0,yes,"{""count_fp"":""16.00"",""created_time"":""2026-04-28T15:16:12.885648Z"",""no_price_dollars"":""0.6100"",""taker_side"":""yes"",""ticker"":""KXETH15M-26APR281130-30"",""trade_id"":""aadc5b23-c7f3-78a9-12ee-8acb65683f18"",""yes_price_dollars"":""0.3900""}"
KXETH15M-26APR281130-30,7b3cf0de-f32d-40c2-e51d-3d3d92219716,1777389373,0.41,1.0,no,"{""count_fp"":""1.00"",""created_time"":""2026-04-28T15:16:13.718227Z"",""no_price_dollars"":""0.5900"",""taker_side"":""no"",""ticker"":""KXETH15M-26APR281130-30"",""trade_id"":""7b3cf0de-f32d-40c2-e51d-3d3d92219716"",""yes_price_dollars"":""0.4100""}"
KXETH15M-26APR281130-30,991a28b0-f96a-44bb-bd6f-1de56f6148c0,1777389373,0.41,2.0,yes,"{""count_fp"":""2.00"",""created_time"":""2026-04-28T15:16:13.138946Z"",""no_price_dollars"":""0.5900"",""taker_side"":""yes"",""ticker"":""KXETH15M-26APR281130-30"",""trade_id"":""991a28b0-f96a-44bb-bd6f-1de56f6148c0"",""yes_price_dollars"":""0.4100""}"
KXETH15M-26APR281130-30,19038909-aec2-4ba0-9d61-086f19261ff3,1777389373,0.41,2.0,yes,"{""count_fp"":""2.00"",""created_time"":""2026-04-28T15:16:13.138946Z"",""no_price_dollars"":""0.5900"",""taker_side"":""yes"",""ticker"":""KXETH15M-26APR281130-30"",""trade_id"":""19038909-aec2-4ba0-9d61-086f19261ff3"",""yes_price_dollars"":""0.4100""}"
KXETH15M-26APR281130-30,10d967e5-d7f1-4ece-a816-21e50192c097,1777389373,0.41,11.0,yes,"{""count_fp"":""11.00"",""created_time"":""2026-04-28T15:16:13.138946Z"",""no_price_dollars"":""0.5900"",""taker_side"":""yes"",""ticker"":""KXETH15M-26APR281130-30"",""trade_id"":""10d967e5-d7f1-4ece-a816-21e50192c097"",""yes_price_dollars"":""0.4100""}"
KXETH15M-26APR281130-30,a9c96b0d-70c1-6e30-5e5a-28ece79c4efa,1777389375,0.44,10.0,yes,"{""count_fp"":""10.00"",""created_time"":""2026-04-28T15:16:15.304415Z"",""no_price_dollars"":""0.5600"",""taker_side"":""yes"",""ticker"":""KXETH15M-26APR281130-30"",""trade_id"":""a9c96b0d-70c1-6e30-5e5a-28ece79c4efa"",""yes_price_dollars"":""0.4400""}"
KXETH15M-26APR281130-30,633aa309-73ab-6b21-6b1a-1b23a0ce639b,1777389375,0.44,5.0,yes,"{""count_fp"":""5.00"",""created_time"":""2026-04-28T15:16:15.304415Z"",""no_price_dollars"":""0.5600"",""taker_side"":""yes"",""ticker"":""KXETH15M-26APR281130-30"",""trade_id"":""633aa309-73ab-6b21-6b1a-1b23a0ce639b"",""yes_price_dollars"":""0.4400""}"
KXETH15M-26APR281130-30,fa8ac6e0-ea5f-4880-fe75-fac3192c3675,1777389376,0.45,8.37,no,"{""count_fp"":""8.37"",""created_time"":""2026-04-28T15:16:16.480134Z"",""no_price_dollars"":""0.5500"",""taker_side"":""no"",""ticker"":""KXETH15M-26APR281130-30"",""trade_id"":""fa8ac6e0-ea5f-4880-fe75-fac3192c3675"",""yes_price_dollars"":""0.4500""}"
KXETH15M-26APR281130-30,296ebcfe-927f-7060-92b4-ec6085b5a099,1777389377,0.45,1.0,no,"{""count_fp"":""1.00"",""created_time"":""2026-04-28T15:16:17.137771Z"",""no_price_dollars"":""0.5500"",""taker_side"":""no"",""ticker"":""KXETH15M-26APR281130-30"",""trade_id"":""296ebcfe-927f-7060-92b4-ec6085b5a099"",""yes_price_dollars"":""0.4500""}"
KXETH15M-26APR281130-30,4c06d618-831f-5284-e8f4-dabe1e42a50d,1777389378,0.46,7.0,no,"{""count_fp"":""7.00"",""created_time"":""2026-04-28T15:16:18.457804Z"",""no_price_dollars"":""0.5400"",""taker_side"":""no"",""ticker"":""KXETH15M-26APR281130-30"",""trade_id"":""4c06d618-831f-5284-e8f4-dabe1e42a50d"",""yes_price_dollars"":""0.4600""}"
KXETH15M-26APR281130-30,170c9538-19f1-637c-414d-3cd357c44367,1777389379,0.45,10.0,no,"{""count_fp"":""10.00"",""created_time"":""2026-04-28T15:16:19.406115Z"",""no_price_dollars"":""0.5500"",""taker_side"":""no"",""ticker"":""KXETH15M-26APR281130-30"",""trade_id"":""170c9538-19f1-637c-414d-3cd357c44367"",""yes_price_dollars"":""0.4500""}"
KXETH15M-26APR281130-30,36048a03-41fb-5bbc-7f66-fc8b86400396,1777389388,0.43,1.0,no,"{""count_fp"":""1.00"",""created_time"":""2026-04-28T15:16:28.510495Z"",""no_price_dollars"":""0.5700"",""taker_side"":""no"",""ticker"":""KXETH15M-26APR281130-30"",""trade_id"":""36048a03-41fb-5bbc-7f66-fc8b86400396"",""yes_price_dollars"":""0.4300""}"
KXETH15M-26APR281130-30,fd9ed4e4-bffe-74bc-e2d0-4e8d0d0c9259,1777389391,0.43,3.0,no,"{""count_fp"":""3.00"",""created_time"":""2026-04-28T15:16:31.822597Z"",""no_price_dollars"":""0.5700"",""taker_side"":""no"",""ticker"":""KXETH15M-26APR281130-30"",""trade_id"":""fd9ed4e4-bffe-74bc-e2d0-4e8d0d0c9259"",""yes_price_dollars"":""0.4300""}"
KXETH15M-26APR281130-30,ea9ab858-3616-7d4e-b5ee-1f9bffa60fd6,1777389392,0.48,2.69,yes,"{""count_fp"":""2.69"",""created_time"":""2026-04-28T15:16:32.525936Z"",""no_price_dollars"":""0.5200"",""taker_side"":""yes"",""ticker"":""KXETH15M-26APR281130-30"",""trade_id"":""ea9ab858-3616-7d4e-b5ee-1f9bffa60fd6"",""yes_price_dollars"":""0.4800""}"
KXETH15M-26APR281130-30,5d469188-2f0d-727a-af50-c6e8851e5345,1777389392,0.47,10.0,yes,"{""count_fp"":""10.00"",""created_time"":""2026-04-28T15:16:32.525936Z"",""no_price_dollars"":""0.5300"",""taker_side"":""yes"",""ticker"":""KXETH15M-26APR281130-30"",""trade_id"":""5d469188-2f0d-727a-af50-c6e8851e5345"",""yes_price_dollars"":""0.4700""}"
KXETH15M-26APR281130-30,59864eac-13a4-7a08-b4d7-42102cf28db0,1777389392,0.47,9.81,yes,"{""count_fp"":""9.81"",""created_time"":""2026-04-28T15:16:32.525936Z"",""no_price_dollars"":""0.5300"",""taker_side"":""yes"",""ticker"":""KXETH15M-26APR281130-30"",""trade_id"":""59864eac-13a4-7a08-b4d7-42102cf28db0"",""yes_price_dollars"":""0.4700""}"
KXETH15M-26APR281130-30,d03766e5-0707-7244-74a0-66e8ad978dc1,1777389392,0.43,1.0,no,"{""count_fp"":""1.00"",""created_time"":""2026-04-28T15:16:32.387489Z"",""no_price_dollars"":""0.5700"",""taker_side"":""no"",""ticker"":""KXETH15M-26APR281130-30"",""trade_id"":""d03766e5-0707-7244-74a0-66e8ad978dc1"",""yes_price_dollars"":""0.4300""}"
KXETH15M-26APR281130-30,01b886c8-a053-7390-605d-e0c66fc7b1ea,1777389397,0.41,8.23,no,"{""count_fp"":""8.23"",""created_time"":""2026-04-28T15:16:37.588151Z"",""no_price_dollars"":""0.5900"",""taker_side"":""no"",""ticker"":""KXETH15M-26APR281130-30"",""trade_id"":""01b886c8-a053-7390-605d-e0c66fc7b1ea"",""yes_price_dollars"":""0.4100""}"
KXETH15M-26APR281130-30,9a5e562c-df35-7bb3-e4eb-6a93dc394436,1777389400,0.45,10.0,yes,"{""count_fp"":""10.00"",""created_time"":""2026-04-28T15:16:40.112496Z"",""no_price_dollars"":""0.5500"",""taker_side"":""yes"",""ticker"":""KXETH15M-26APR281130-30"",""trade_id"":""9a5e562c-df35-7bb3-e4eb-6a93dc394436"",""yes_price_dollars"":""0.4500""}"
KXETH15M-26APR281130-30,0e5dfd15-3329-74da-e5bf-e20fd07e3f33,1777389400,0.45,32.73,yes,"{""count_fp"":""32.73"",""created_time"":""2026-04-28T15:16:40.112496Z"",""no_price_dollars"":""0.5500"",""taker_side"":""yes"",""ticker"":""KXETH15M-26APR281130-30"",""trade_id"":""0e5dfd15-3329-74da-e5bf-e20fd07e3f33"",""yes_price_dollars"":""0.4500""}"
KXETH15M-26APR281130-30,da929321-442b-78b6-da4a-a175a9591e77,1777389403,0.47,0.47,yes,"{""count_fp"":""0.47"",""created_time"":""2026-04-28T15:16:43.321903Z"",""no_price_dollars"":""0.5300"",""taker_side"":""yes"",""ticker"":""KXETH15M-26APR281130-30"",""trade_id"":""da929321-442b-78b6-da4a-a175a9591e77"",""yes_price_dollars"":""0.4700""}"
KXETH15M-26APR281130-30,01bf60c7-83d9-7d9e-f494-4fc4398a7df5,1777389403,0.46,10.0,yes,"{""count_fp"":""10.00"",""created_time"":""2026-04-28T15:16:43.321903Z"",""no_price_dollars"":""0.5400"",""taker_side"":""yes"",""ticker"":""KXETH15M-26APR281130-30"",""trade_id"":""01bf60c7-83d9-7d9e-f494-4fc4398a7df5"",""yes_price_dollars"":""0.4600""}"
KXETH15M-26APR281130-30,7df3f044-888a-7f8a-bd03-551a46e30cfe,1777389414,0.48,20.1,yes,"{""count_fp"":""20.10"",""created_time"":""2026-04-28T15:16:54.624668Z"",""no_price_dollars"":""0.5200"",""taker_side"":""yes"",""ticker"":""KXETH15M-26APR281130-30"",""trade_id"":""7df3f044-888a-7f8a-bd03-551a46e30cfe"",""yes_price_dollars"":""0.4800""}"
KXETH15M-26APR281130-30,2cddc037-105a-701a-a50e-154f5fb5c3de,1777389415,0.48,10.05,yes,"{""count_fp"":""10.05"",""created_time"":""2026-04-28T15:16:55.765792Z"",""no_price_dollars"":""0.5200"",""taker_side"":""yes"",""ticker"":""KXETH15M-26APR281130-30"",""trade_id"":""2cddc037-105a-701a-a50e-154f5fb5c3de"",""yes_price_dollars"":""0.4800""}"
KXETH15M-26APR281130-30,83032f7d-f72f-7d50-b3a8-e566a0447c6d,1777389415,0.46,3.52,no,"{""count_fp"":""3.52"",""created_time"":""2026-04-28T15:16:55.719443Z"",""no_price_dollars"":""0.5400"",""taker_side"":""no"",""ticker"":""KXETH15M-26APR281130-30"",""trade_id"":""83032f7d-f72f-7d50-b3a8-e566a0447c6d"",""yes_price_dollars"":""0.4600""}"
KXETH15M-26APR281130-30,eacde56d-1016-60fe-ac9c-c633573177c2,1777389418,0.48,367.0,yes,"{""count_fp"":""367.00"",""created_time"":""2026-04-28T15:16:58.854068Z"",""no_price_dollars"":""0.5200"",""taker_side"":""yes"",""ticker"":""KXETH15M-26APR281130-30"",""trade_id"":""eacde56d-1016-60fe-ac9c-c633573177c2"",""yes_price_dollars"":""0.4800""}"
KXETH15M-26APR281130-30,210d4780-d1b9-7751-a47b-c8bab8fc072f,1777389418,0.46,4.3,no,"{""count_fp"":""4.30"",""created_time"":""2026-04-28T15:16:58.130175Z"",""no_price_dollars"":""0.5400"",""taker_side"":""no"",""ticker"":""KXETH15M-26APR281130-30"",""trade_id"":""210d4780-d1b9-7751-a47b-c8bab8fc072f"",""yes_price_dollars"":""0.4600""}"
KXETH15M-26APR281130-30,e907585c-0936-7315-ccfe-7f1f1ce9a6f6,1777389421,0.5,0.16,yes,"{""count_fp"":""0.16"",""created_time"":""2026-04-28T15:17:01.432877Z"",""no_price_dollars"":""0.5000"",""taker_side"":""yes"",""ticker"":""KXETH15M-26APR281130-30"",""trade_id"":""e907585c-0936-7315-ccfe-7f1f1ce9a6f6"",""yes_price_dollars"":""0.5000""}"
KXETH15M-26APR281130-30,b5e9a17a-ca0e-604e-3729-f312ae042ad6,1777389421,0.48,0.16,yes,"{""count_fp"":""0.16"",""created_time"":""2026-04-28T15:17:01.407702Z"",""no_price_dollars"":""0.5200"",""taker_side"":""yes"",""ticker"":""KXETH15M-26APR281130-30"",""trade_id"":""b5e9a17a-ca0e-604e-3729-f312ae042ad6"",""yes_price_dollars"":""0.4800""}"
KXETH15M-26APR281130-30,8a2b53f1-ea3e-6304-0262-59f0cbf0997d,1777389421,0.5,1.0,yes,"{""count_fp"":""1.00"",""created_time"":""2026-04-28T15:17:01.407702Z"",""no_price_dollars"":""0.5000"",""taker_side"":""yes"",""ticker"":""KXETH15M-26APR281130-30"",""trade_id"":""8a2b53f1-ea3e-6304-0262-59f0cbf0997d"",""yes_price_dollars"":""0.5000""}"
KXETH15M-26APR281130-30,75b95adc-d29e-6f79-3b6b-6461fe80fa66,1777389421,0.5,9.84,yes,"{""count_fp"":""9.84"",""created_time"":""2026-04-28T15:17:01.407702Z"",""no_price_dollars"":""0.5000"",""taker_side"":""yes"",""ticker"":""KXETH15M-26APR281130-30"",""trade_id"":""75b95adc-d29e-6f79-3b6b-6461fe80fa66"",""yes_price_dollars"":""0.5000""}"
KXETH15M-26APR281130-30,2ee8a76a-ebd4-609f-275c-b9d15f14b0a1,1777389421,0.5,85.0,yes,"{""count_fp"":""85.00"",""created_time"":""2026-04-28T15:17:01.407702Z"",""no_price_dollars"":""0.5000"",""taker_side"":""yes"",""ticker"":""KXETH15M-26APR281130-30"",""trade_id"":""2ee8a76a-ebd4-609f-275c-b9d15f14b0a1"",""yes_price_dollars"":""0.5000""}"
KXETH15M-26APR281130-30,f1df9f23-452e-5b5f-d83a-b4e9baac9faf,1777389423,0.53,1.0,yes,"{""count_fp"":""1.00"",""created_time"":""2026-04-28T15:17:03.047023Z"",""no_price_dollars"":""0.4700"",""taker_side"":""yes"",""ticker"":""KXETH15M-26APR281130-30"",""trade_id"":""f1df9f23-452e-5b5f-d83a-b4e9baac9faf"",""yes_price_dollars"":""0.5300""}"
KXETH15M-26APR281130-30,b105f4d2-61a9-5c32-f243-ab79fe1c1b21,1777389425,0.53,60.0,yes,"{""count_fp"":""60.00"",""created_time"":""2026-04-28T15:17:05.627278Z"",""no_price_dollars"":""0.4700"",""taker_side"":""yes"",""ticker"":""KXETH15M-26APR281130-30"",""trade_id"":""b105f4d2-61a9-5c32-f243-ab79fe1c1b21"",""yes_price_dollars"":""0.5300""}"
KXETH15M-26APR281130-30,a208f3f7-650f-54e1-e872-946f7b2260d7,1777389425,0.53,4.0,yes,"{""count_fp"":""4.00"",""created_time"":""2026-04-28T15:17:05.627278Z"",""no_price_dollars"":""0.4700"",""taker_side"":""yes"",""ticker"":""KXETH15M-26APR281130-30"",""trade_id"":""a208f3f7-650f-54e1-e872-946f7b2260d7"",""yes_price_dollars"":""0.5300""}"
KXETH15M-26APR281130-30,05b812fd-4162-5b2b-ea3b-0549f6804623,1777389425,0.53,12.0,yes,"{""count_fp"":""12.00"",""created_time"":""2026-04-28T15:17:05.627278Z"",""no_price_dollars"":""0.4700"",""taker_side"":""yes"",""ticker"":""KXETH15M-26APR281130-30"",""trade_id"":""05b812fd-4162-5b2b-ea3b-0549f6804623"",""yes_price_dollars"":""0.5300""}"
KXETH15M-26APR281130-30,f655ac64-f3ac-5b4b-334a-fffe0a063d3d,1777389426,0.55,3.0,yes,"{""count_fp"":""3.00"",""created_time"":""2026-04-28T15:17:06.036471Z"",""no_price_dollars"":""0.4500"",""taker_side"":""yes"",""ticker"":""KXETH15M-26APR281130-30"",""trade_id"":""f655ac64-f3ac-5b4b-334a-fffe0a063d3d"",""yes_price_dollars"":""0.5500""}"
KXETH15M-26APR281130-30,35b148dc-5cdf-5356-1bd5-a87c58724c2b,1777389426,0.57,2.0,yes,"{""count_fp"":""2.00"",""created_time"":""2026-04-28T15:17:06.036471Z"",""no_price_dollars"":""0.4300"",""taker_side"":""yes"",""ticker"":""KXETH15M-26APR281130-30"",""trade_id"":""35b148dc-5cdf-5356-1bd5-a87c58724c2b"",""yes_price_dollars"":""0.5700""}"
KXETH15M-26APR281130-30,fbe22cce-58a5-6df1-58d0-ae64b2a63067,1777389436,0.52,10.0,no,"{""count_fp"":""10.00"",""created_time"":""2026-04-28T15:17:16.967359Z"",""no_price_dollars"":""0.4800"",""taker_side"":""no"",""ticker"":""KXETH15M-26APR281130-30"",""trade_id"":""fbe22cce-58a5-6df1-58d0-ae64b2a63067"",""yes_price_dollars"":""0.5200""}"
KXETH15M-26APR281130-30,aab45bbe-93fb-6078-5292-1b7969c443b6,1777389436,0.52,10.0,no,"{""count_fp"":""10.00"",""created_time"":""2026-04-28T15:17:16.967359Z"",""no_price_dollars"":""0.4800"",""taker_side"":""no"",""ticker"":""KXETH15M-26APR281130-30"",""trade_id"":""aab45bbe-93fb-6078-5292-1b7969c443b6"",""yes_price_dollars"":""0.5200""}"
KXETH15M-26APR281130-30,d79adca0-90b4-47ae-bc80-91a7949258f2,1777389439,0.51,0.19,no,"{""count_fp"":""0.19"",""created_time"":""2026-04-28T15:17:19.582408Z"",""no_price_dollars"":""0.4900"",""taker_side"":""no"",""ticker"":""KXETH15M-26APR281130-30"",""trade_id"":""d79adca0-90b4-47ae-bc80-91a7949258f2"",""yes_price_dollars"":""0.5100""}"
KXETH15M-26APR281130-30,586ab9ad-465f-5ee9-551b-2874eda265f5,1777389441,0.56,10.0,yes,"{""count_fp"":""10.00"",""created_time"":""2026-04-28T15:17:21.689883Z"",""no_price_dollars"":""0.4400"",""taker_side"":""yes"",""ticker"":""KXETH15M-26APR281130-30"",""trade_id"":""586ab9ad-465f-5ee9-551b-2874eda265f5"",""yes_price_dollars"":""0.5600""}"
KXETH15M-26APR281130-30,fe7756e1-4ff5-5931-d1ba-c61f330da534,1777389441,0.51,0.05,no,"{""count_fp"":""0.05"",""created_time"":""2026-04-28T15:17:21.181907Z"",""no_price_dollars"":""0.4900"",""taker_side"":""no"",""ticker"":""KXETH15M-26APR281130-30"",""trade_id"":""fe7756e1-4ff5-5931-d1ba-c61f330da534"",""yes_price_dollars"":""0.5100""}"
KXETH15M-26APR281130-30,4cab9e23-c6f6-5cf7-e2ba-097b11fef3fc,1777389441,0.52,10.0,no,"{""count_fp"":""10.00"",""created_time"":""2026-04-28T15:17:21.181907Z"",""no_price_dollars"":""0.4800"",""taker_side"":""no"",""ticker"":""KXETH15M-26APR281130-30"",""trade_id"":""4cab9e23-c6f6-5cf7-e2ba-097b11fef3fc"",""yes_price_dollars"":""0.5200""}"
KXETH15M-26APR281130-30,b9f0c4f4-c7eb-56ee-32a7-832799a409bb,1777389441,0.56,8.0,yes,"{""count_fp"":""8.00"",""created_time"":""2026-04-28T15:17:21.112445Z"",""no_price_dollars"":""0.4400"",""taker_side"":""yes"",""ticker"":""KXETH15M-26APR281130-30"",""trade_id"":""b9f0c4f4-c7eb-56ee-32a7-832799a409bb"",""yes_price_dollars"":""0.5600""}"
KXETH15M-26APR281130-30,91dfeff9-b0c3-599d-adbe-b79dad8da099,1777389444,0.51,2.0,no,"{""count_fp"":""2.00"",""created_time"":""2026-04-28T15:17:24.924156Z"",""no_price_dollars"":""0.4900"",""taker_side"":""no"",""ticker"":""KXETH15M-26APR281130-30"",""trade_id"":""91dfeff9-b0c3-599d-adbe-b79dad8da099"",""yes_price_dollars"":""0.5100""}"
KXETH15M-26APR281130-30,0aede1f2-977f-53d6-9b96-bc02b299fd47,1777389445,0.54,1.0,yes,"{""count_fp"":""1.00"",""created_time"":""2026-04-28T15:17:25.643396Z"",""no_price_dollars"":""0.4600"",""taker_side"":""yes"",""ticker"":""KXETH15M-26APR281130-30"",""trade_id"":""0aede1f2-977f-53d6-9b96-bc02b299fd47"",""yes_price_dollars"":""0.5400""}"
KXETH15M-26APR281130-30,a8bed27e-508b-733a-2bb7-2a7682483a1f,1777389451,0.53,10.0,yes,"{""count_fp"":""10.00"",""created_time"":""2026-04-28T15:17:31.606542Z"",""no_price_dollars"":""0.4700"",""taker_side"":""yes"",""ticker"":""KXETH15M-26APR281130-30"",""trade_id"":""a8bed27e-508b-733a-2bb7-2a7682483a1f"",""yes_price_dollars"":""0.5300""}"
KXETH15M-26APR281130-30,3d61d44a-891c-7243-10f8-b1e472b8f5d0,1777389451,0.54,5.0,yes,"{""count_fp"":""5.00"",""created_time"":""2026-04-28T15:17:31.606542Z"",""no_price_dollars"":""0.4600"",""taker_side"":""yes"",""ticker"":""KXETH15M-26APR281130-30"",""trade_id"":""3d61d44a-891c-7243-10f8-b1e472b8f5d0"",""yes_price_dollars"":""0.5400""}"
KXETH15M-26APR281130-30,91ba48db-b094-723f-a7a4-07673600fdb4,1777389456,0.53,1.0,yes,"{""count_fp"":""1.00"",""created_time"":""2026-04-28T15:17:36.820127Z"",""no_price_dollars"":""0.4700"",""taker_side"":""yes"",""ticker"":""KXETH15M-26APR281130-30"",""trade_id"":""91ba48db-b094-723f-a7a4-07673600fdb4"",""yes_price_dollars"":""0.5300""}"
KXETH15M-26APR281130-30,bffd7fcc-2e03-783f-98fd-03aabb2203ba,1777389461,0.52,9.0,yes,"{""count_fp"":""9.00"",""created_time"":""2026-04-28T15:17:41.710982Z"",""no_price_dollars"":""0.4800"",""taker_side"":""yes"",""ticker"":""KXETH15M-26APR281130-30"",""trade_id"":""bffd7fcc-2e03-783f-98fd-03aabb2203ba"",""yes_price_dollars"":""0.5200""}"
KXETH15M-26APR281130-30,b22edbb7-187a-4651-ac8a-74dcb8f74dbe,1777389461,0.51,40.0,no,"{""count_fp"":""40.00"",""created_time"":""2026-04-28T15:17:41.565971Z"",""no_price_dollars"":""0.4900"",""taker_side"":""no"",""ticker"":""KXETH15M-26APR281130-30"",""trade_id"":""b22edbb7-187a-4651-ac8a-74dcb8f74dbe"",""yes_price_dollars"":""0.5100""}"
KXETH15M-26APR281130-30,dea1b433-cc64-46c3-5e44-86809bb09a80,1777389462,0.52,1.84,yes,"{""count_fp"":""1.84"",""created_time"":""2026-04-28T15:17:42.725587Z"",""no_price_dollars"":""0.4800"",""taker_side"":""yes"",""ticker"":""KXETH15M-26APR281130-30"",""trade_id"":""dea1b433-cc64-46c3-5e44-86809bb09a80"",""yes_price_dollars"":""0.5200""}"
KXETH15M-26APR281130-30,38e3e173-0563-444d-1f17-ba86d1292030,1777389463,0.5,9.0,no,"{""count_fp"":""9.00"",""created_time"":""2026-04-28T15:17:43.050254Z"",""no_price_dollars"":""0.5000"",""taker_side"":""no"",""ticker"":""KXETH15M-26APR281130-30"",""trade_id"":""38e3e173-0563-444d-1f17-ba86d1292030"",""yes_price_dollars"":""0.5000""}"
KXETH15M-26APR281130-30,aed2e83a-0f24-670f-9d76-8f85fa4d6584,1777389464,0.51,18.26,yes,"{""count_fp"":""18.26"",""created_time"":""2026-04-28T15:17:44.249816Z"",""no_price_dollars"":""0.4900"",""taker_side"":""yes"",""ticker"":""KXETH15M-26APR281130-30"",""trade_id"":""aed2e83a-0f24-670f-9d76-8f85fa4d6584"",""yes_price_dollars"":""0.5100""}"
KXETH15M-26APR281130-30,e55bdbce-4210-4a0f-0417-6c99537a9334,1777389466,0.51,26.6,yes,"{""count_fp"":""26.60"",""created_time"":""2026-04-28T15:17:46.505099Z"",""no_price_dollars"":""0.4900"",""taker_side"":""yes"",""ticker"":""KXETH15M-26APR281130-30"",""trade_id"":""e55bdbce-4210-4a0f-0417-6c99537a9334"",""yes_price_dollars"":""0.5100""}"
KXETH15M-26APR281130-30,532fb10e-a87c-78bf-8316-9182522fa5b5,1777389473,0.49,1.89,no,"{""count_fp"":""1.89"",""created_time"":""2026-04-28T15:17:53.658653Z"",""no_price_dollars"":""0.5100"",""taker_side"":""no"",""ticker"":""KXETH15M-26APR281130-30"",""trade_id"":""532fb10e-a87c-78bf-8316-9182522fa5b5"",""yes_price_dollars"":""0.4900""}"
KXETH15M-26APR281130-30,ccda97d2-1420-6c9b-bde9-327c346ed059,1777389474,0.49,0.11,no,"{""count_fp"":""0.11"",""created_time"":""2026-04-28T15:17:54.156876Z"",""no_price_dollars"":""0.5100"",""taker_side"":""no"",""ticker"":""KXETH15M-26APR281130-30"",""trade_id"":""ccda97d2-1420-6c9b-bde9-327c346ed059"",""yes_price_dollars"":""0.4900""}"
KXETH15M-26APR281130-30,4934ab78-4fa8-6b35-b423-d8a43fc2d7ce,1777389474,0.48,18.22,no,"{""count_fp"":""18.22"",""created_time"":""2026-04-28T15:17:54.156876Z"",""no_price_dollars"":""0.5200"",""taker_side"":""no"",""ticker"":""KXETH15M-26APR281130-30"",""trade_id"":""4934ab78-4fa8-6b35-b423-d8a43fc2d7ce"",""yes_price_dollars"":""0.4800""}"
KXETH15M-26APR281130-30,2e102020-f9ca-5bb9-935a-fafa32231674,1777389475,0.51,1.89,yes,"{""count_fp"":""1.89"",""created_time"":""2026-04-28T15:17:55.013885Z"",""no_price_dollars"":""0.4900"",""taker_side"":""yes"",""ticker"":""KXETH15M-26APR281130-30"",""trade_id"":""2e102020-f9ca-5bb9-935a-fafa32231674"",""yes_price_dollars"":""0.5100""}"
KXETH15M-26APR281130-30,c7980ae5-1cd2-6309-ed26-dd17c7c2549e,1777389482,0.48,1.82,no,"{""count_fp"":""1.82"",""created_time"":""2026-04-28T15:18:02.988893Z"",""no_price_dollars"":""0.5200"",""taker_side"":""no"",""ticker"":""KXETH15M-26APR281130-30"",""trade_id"":""c7980ae5-1cd2-6309-ed26-dd17c7c2549e"",""yes_price_dollars"":""0.4800""}"
KXETH15M-26APR281130-30,507003b7-f278-6c44-a527-a671e3edfed5,1777389483,0.53,10.0,yes,"{""count_fp"":""10.00"",""created_time"":""2026-04-28T15:18:03.018121Z"",""no_price_dollars"":""0.4700"",""taker_side"":""yes"",""ticker"":""KXETH15M-26APR281130-30"",""trade_id"":""507003b7-f278-6c44-a527-a671e3edfed5"",""yes_price_dollars"":""0.5300""}"
KXETH15M-26APR281130-30,46599b49-a646-67c5-b4c3-fc478bf08258,1777389483,0.53,10.0,yes,"{""count_fp"":""10.00"",""created_time"":""2026-04-28T15:18:03.018121Z"",""no_price_dollars"":""0.4700"",""taker_side"":""yes"",""ticker"":""KXETH15M-26APR281130-30"",""trade_id"":""46599b49-a646-67c5-b4c3-fc478bf08258"",""yes_price_dollars"":""0.5300""}"
KXETH15M-26APR281130-30,a46dcade-3925-5991-1d1d-d1ee2535182b,1777389487,0.57,8.26,no,"{""count_fp"":""8.26"",""created_time"":""2026-04-28T15:18:07.340146Z"",""no_price_dollars"":""0.4300"",""taker_side"":""no"",""ticker"":""KXETH15M-26APR281130-30"",""trade_id"":""a46dcade-3925-5991-1d1d-d1ee2535182b"",""yes_price_dollars"":""0.5700""}"
KXETH15M-26APR281130-30,00cd8540-ab9d-5237-05cc-253e6d71367a,1777389487,0.57,10.0,no,"{""count_fp"":""10.00"",""created_time"":""2026-04-28T15:18:07.340146Z"",""no_price_dollars"":""0.4300"",""taker_side"":""no"",""ticker"":""KXETH15M-26APR281130-30"",""trade_id"":""00cd8540-ab9d-5237-05cc-253e6d71367a"",""yes_price_dollars"":""0.5700""}"
KXETH15M-26APR281130-30,eca736c3-4819-6f14-9520-930fa8481235,1777389497,0.58,5.0,yes,"{""count_fp"":""5.00"",""created_time"":""2026-04-28T15:18:17.602841Z"",""no_price_dollars"":""0.4200"",""taker_side"":""yes"",""ticker"":""KXETH15M-26APR281130-30"",""trade_id"":""eca736c3-4819-6f14-9520-930fa8481235"",""yes_price_dollars"":""0.5800""}"
KXETH15M-26APR281130-30,cb984523-b280-7f68-dd68-38892498db53,1777389498,0.56,5.0,no,"{""count_fp"":""5.00"",""created_time"":""2026-04-28T15:18:18.248126Z"",""no_price_dollars"":""0.4400"",""taker_side"":""no"",""ticker"":""KXETH15M-26APR281130-30"",""trade_id"":""cb984523-b280-7f68-dd68-38892498db53"",""yes_price_dollars"":""0.5600""}"
KXETH15M-26APR281130-30,a964fb60-2353-7698-ee1f-7b47a655b097,1777389498,0.54,10.0,no,"{""count_fp"":""10.00"",""created_time"":""2026-04-28T15:18:18.248126Z"",""no_price_dollars"":""0.4600"",""taker_side"":""no"",""ticker"":""KXETH15M-26APR281130-30"",""trade_id"":""a964fb60-2353-7698-ee1f-7b47a655b097"",""yes_price_dollars"":""0.5400""}"
KXETH15M-26APR281130-30,a9082b9b-7fc5-7aa1-f189-0dd9954171ff,1777389498,0.54,5.1,no,"{""count_fp"":""5.10"",""created_time"":""2026-04-28T15:18:18.248126Z"",""no_price_dollars"":""0.4600"",""taker_side"":""no"",""ticker"":""KXETH15M-26APR281130-30"",""trade_id"":""a9082b9b-7fc5-7aa1-f189-0dd9954171ff"",""yes_price_dollars"":""0.5400""}"
KXETH15M-26APR281130-30,a9e1c66a-1114-57c7-4b8b-57d6495641d0,1777389503,0.54,5.0,yes,"{""count_fp"":""5.00"",""created_time"":""2026-04-28T15:18:23.420204Z"",""no_price_dollars"":""0.4600"",""taker_side"":""yes"",""ticker"":""KXETH15M-26APR281130-30"",""trade_id"":""a9e1c66a-1114-57c7-4b8b-57d6495641d0"",""yes_price_dollars"":""0.5400""}"
KXETH15M-26APR281130-30,f24b9c8c-3c55-4ba5-6f74-e5098694edbf,1777389504,0.49,90.39,no,"{""count_fp"":""90.39"",""created_time"":""2026-04-28T15:18:24.250615Z"",""no_price_dollars"":""0.5100"",""taker_side"":""no"",""ticker"":""KXETH15M-26APR281130-30"",""trade_id"":""f24b9c8c-3c55-4ba5-6f74-e5098694edbf"",""yes_price_dollars"":""0.4900""}"
KXETH15M-26APR281130-30,72e64fb5-e843-4614-457d-212e77fdc2bb,1777389504,0.51,1.0,no,"{""count_fp"":""1.00"",""created_time"":""2026-04-28T15:18:24.250615Z"",""no_price_dollars"":""0.4900"",""taker_side"":""no"",""ticker"":""KXETH15M-26APR281130-30"",""trade_id"":""72e64fb5-e843-4614-457d-212e77fdc2bb"",""yes_price_dollars"":""0.5100""}"
KXETH15M-26APR281130-30,fb3dc3a0-e936-4d73-49f3-6fe78aeffa34,1777389508,0.54,10.0,yes,"{""count_fp"":""10.00"",""created_time"":""2026-04-28T15:18:28.593626Z"",""no_price_dollars"":""0.4600"",""taker_side"":""yes"",""ticker"":""KXETH15M-26APR281130-30"",""trade_id"":""fb3dc3a0-e936-4d73-49f3-6fe78aeffa34"",""yes_price_dollars"":""0.5400""}"
KXETH15M-26APR281130-30,1a6ce14f-3268-460f-4a94-44a0dec8f714,1777389508,0.54,29.0,yes,"{""count_fp"":""29.00"",""created_time"":""2026-04-28T15:18:28.593626Z"",""no_price_dollars"":""0.4600"",""taker_side"":""yes"",""ticker"":""KXETH15M-26APR281130-30"",""trade_id"":""1a6ce14f-3268-460f-4a94-44a0dec8f714"",""yes_price_dollars"":""0.5400""}"
KXETH15M-26APR281130-30,7482171a-2c94-4c53-e199-290f70dc2123,1777389509,0.47,8.36,no,"{""count_fp"":""8.36"",""created_time"":""2026-04-28T15:18:29.311979Z"",""no_price_dollars"":""0.5300"",""taker_side"":""no"",""ticker"":""KXETH15M-26APR281130-30"",""trade_id"":""7482171a-2c94-4c53-e199-290f70dc2123"",""yes_price_dollars"":""0.4700""}"
KXETH15M-26APR281130-30,2e8a64ae-7dcc-4f64-dad2-999bde1fd43e,1777389509,0.5,10.0,no,"{""count_fp"":""10.00"",""created_time"":""2026-04-28T15:18:29.311979Z"",""no_price_dollars"":""0.5000"",""taker_side"":""no"",""ticker"":""KXETH15M-26APR281130-30"",""trade_id"":""2e8a64ae-7dcc-4f64-dad2-999bde1fd43e"",""yes_price_dollars"":""0.5000""}"
KXETH15M-26APR281130-30,c92bbeec-c504-483b-bdc7-7deecb98c100,1777389510,0.51,5.0,yes,"{""count_fp"":""5.00"",""created_time"":""2026-04-28T15:18:30.627665Z"",""no_price_dollars"":""0.4900"",""taker_side"":""yes"",""ticker"":""KXETH15M-26APR281130-30"",""trade_id"":""c92bbeec-c504-483b-bdc7-7deecb98c100"",""yes_price_dollars"":""0.5100""}"
KXETH15M-26APR281130-30,d6c960ec-dd14-4647-85c0-c5fcf603add4,1777389513,0.51,1.89,yes,"{""count_fp"":""1.89"",""created_time"":""2026-04-28T15:18:33.774873Z"",""no_price_dollars"":""0.4900"",""taker_side"":""yes"",""ticker"":""KXETH15M-26APR281130-30"",""trade_id"":""d6c960ec-dd14-4647-85c0-c5fcf603add4"",""yes_price_dollars"":""0.5100""}"
KXETH15M-26APR281130-30,ada2ad58-c838-594f-d6cb-84ec080a7cc4,1777389515,0.51,1.0,yes,"{""count_fp"":""1.00"",""created_time"":""2026-04-28T15:18:35.172537Z"",""no_price_dollars"":""0.4900"",""taker_side"":""yes"",""ticker"":""KXETH15M-26APR281130-30"",""trade_id"":""ada2ad58-c838-594f-d6cb-84ec080a7cc4"",""yes_price_dollars"":""0.5100""}"
KXETH15M-26APR281130-30,2db9ad07-38e8-5c36-d913-e54e62ec0507,1777389521,0.49,9.47,no,"{""count_fp"":""9.47"",""created_time"":""2026-04-28T15:18:41.203357Z"",""no_price_dollars"":""0.5100"",""taker_side"":""no"",""ticker"":""KXETH15M-26APR281130-30"",""trade_id"":""2db9ad07-38e8-5c36-d913-e54e62ec0507"",""yes_price_dollars"":""0.4900""}"
KXETH15M-26APR281130-30,bb99ced0-e025-613c-c913-77ff69b2d6cd,1777389539,0.53,2.0,yes,"{""count_fp"":""2.00"",""created_time"":""2026-04-28T15:18:59.274448Z"",""no_price_dollars"":""0.4700"",""taker_side"":""yes"",""ticker"":""KXETH15M-26APR281130-30"",""trade_id"":""bb99ced0-e025-613c-c913-77ff69b2d6cd"",""yes_price_dollars"":""0.5300""}"
KXETH15M-26APR281130-30,90f41905-4c78-6edb-e426-7f1e874c23a0,1777389540,0.53,33.04,yes,"{""count_fp"":""33.04"",""created_time"":""2026-04-28T15:19:00.476579Z"",""no_price_dollars"":""0.4700"",""taker_side"":""yes"",""ticker"":""KXETH15M-26APR281130-30"",""trade_id"":""90f41905-4c78-6edb-e426-7f1e874c23a0"",""yes_price_dollars"":""0.5300""}"
KXETH15M-26APR281130-30,76ccc6b4-dc01-65d0-fa9a-274cab2f6d51,1777389540,0.53,10.0,yes,"{""count_fp"":""10.00"",""created_time"":""2026-04-28T15:19:00.476579Z"",""no_price_dollars"":""0.4700"",""taker_side"":""yes"",""ticker"":""KXETH15M-26APR281130-30"",""trade_id"":""76ccc6b4-dc01-65d0-fa9a-274cab2f6d51"",""yes_price_dollars"":""0.5300""}"
KXETH15M-26APR281130-30,1b509504-aae1-6bb8-d522-03efa21a9bf7,1777389540,0.53,10.0,yes,"{""count_fp"":""10.00"",""created_time"":""2026-04-28T15:19:00.476579Z"",""no_price_dollars"":""0.4700"",""taker_side"":""yes"",""ticker"":""KXETH15M-26APR281130-30"",""trade_id"":""1b509504-aae1-6bb8-d522-03efa21a9bf7"",""yes_price_dollars"":""0.5300""}"
KXETH15M-26APR281130-30,7c84e697-a6b4-6ffb-0621-7cab9985101b,1777389541,0.48,1.0,no,"{""count_fp"":""1.00"",""created_time"":""2026-04-28T15:19:01.463501Z"",""no_price_dollars"":""0.5200"",""taker_side"":""no"",""ticker"":""KXETH15M-26APR281130-30"",""trade_id"":""7c84e697-a6b4-6ffb-0621-7cab9985101b"",""yes_price_dollars"":""0.4800""}"
KXETH15M-26APR281130-30,26ab7a4e-5108-7b7f-0974-04ae5ed8b10c,1777389542,0.53,20.0,yes,"{""count_fp"":""20.00"",""created_time"":""2026-04-28T15:19:02.477755Z"",""no_price_dollars"":""0.4700"",""taker_side"":""yes"",""ticker"":""KXETH15M-26APR281130-30"",""trade_id"":""26ab7a4e-5108-7b7f-0974-04ae5ed8b10c"",""yes_price_dollars"":""0.5300""}"
KXETH15M-26APR281130-30,78615f0f-2fa0-6f2f-ac52-5d2055cf0120,1777389546,0.56,8.66,yes,"{""count_fp"":""8.66"",""created_time"":""2026-04-28T15:19:06.316063Z"",""no_price_dollars"":""0.4400"",""taker_side"":""yes"",""ticker"":""KXETH15M-26APR281130-30"",""trade_id"":""78615f0f-2fa0-6f2f-ac52-5d2055cf0120"",""yes_price_dollars"":""0.5600""}"
KXETH15M-26APR281130-30,6c519a07-3d30-76a4-0e36-5d2e2a83a5ff,1777389549,0.51,10.0,no,"{""count_fp"":""10.00"",""created_time"":""2026-04-28T15:19:09.777622Z"",""no_price_dollars"":""0.4900"",""taker_side"":""no"",""ticker"":""KXETH15M-26APR281130-30"",""trade_id"":""6c519a07-3d30-76a4-0e36-5d2e2a83a5ff"",""yes_price_dollars"":""0.5100""}"
KXETH15M-26APR281130-30,1d5b13cc-c44c-774a-15d1-16f0e7423897,1777389549,0.5,10.0,no,"{""count_fp"":""10.00"",""created_time"":""2026-04-28T15:19:09.777622Z"",""no_price_dollars"":""0.5000"",""taker_side"":""no"",""ticker"":""KXETH15M-26APR281130-30"",""trade_id"":""1d5b13cc-c44c-774a-15d1-16f0e7423897"",""yes_price_dollars"":""0.5000""}"
KXETH15M-26APR281130-30,3a7cf85e-4447-6a1e-4181-6b1005a2d57c,1777389551,0.46,10.0,no,"{""count_fp"":""10.00"",""created_time"":""2026-04-28T15:19:11.564967Z"",""no_price_dollars"":""0.5400"",""taker_side"":""no"",""ticker"":""KXETH15M-26APR281130-30"",""trade_id"":""3a7cf85e-4447-6a1e-4181-6b1005a2d57c"",""yes_price_dollars"":""0.4600""}"
KXETH15M-26APR281130-30,baca4b52-03dd-4e30-ae8d-17247321f40f,1777389566,0.45,5.0,no,"{""count_fp"":""5.00"",""created_time"":""2026-04-28T15:19:26.143212Z"",""no_price_dollars"":""0.5500"",""taker_side"":""no"",""ticker"":""KXETH15M-26APR281130-30"",""trade_id"":""baca4b52-03dd-4e30-ae8d-17247321f40f"",""yes_price_dollars"":""0.4500""}"
KXETH15M-26APR281130-30,7fe9eb79-0205-4eda-a858-ac3101038f9f,1777389566,0.43,7.0,no,"{""count_fp"":""7.00"",""created_time"":""2026-04-28T15:19:26.143212Z"",""no_price_dollars"":""0.5700"",""taker_side"":""no"",""ticker"":""KXETH15M-26APR281130-30"",""trade_id"":""7fe9eb79-0205-4eda-a858-ac3101038f9f"",""yes_price_dollars"":""0.4300""}"
KXETH15M-26APR281130-30,6ca1da07-1763-4aae-84df-9023f2419d5d,1777389566,0.44,10.0,no,"{""count_fp"":""10.00"",""created_time"":""2026-04-28T15:19:26.143212Z"",""no_price_dollars"":""0.5600"",""taker_side"":""no"",""ticker"":""KXETH15M-26APR281130-30"",""trade_id"":""6ca1da07-1763-4aae-84df-9023f2419d5d"",""yes_price_dollars"":""0.4400""}"
KXETH15M-26APR281130-30,60ef1627-eafb-41c1-851a-875e8ab565a2,1777389566,0.44,2.0,no,"{""count_fp"":""2.00"",""created_time"":""2026-04-28T15:19:26.143212Z"",""no_price_dollars"":""0.5600"",""taker_side"":""no"",""ticker"":""KXETH15M-26APR281130-30"",""trade_id"":""60ef1627-eafb-41c1-851a-875e8ab565a2"",""yes_price_dollars"":""0.4400""}"
KXETH15M-26APR281130-30,966844c2-51fd-6256-509c-dc1b0e8d9bb9,1777389568,0.42,1.64,no,"{""count_fp"":""1.64"",""created_time"":""2026-04-28T15:19:28.702033Z"",""no_price_dollars"":""0.5800"",""taker_side"":""no"",""ticker"":""KXETH15M-26APR281130-30"",""trade_id"":""966844c2-51fd-6256-509c-dc1b0e8d9bb9"",""yes_price_dollars"":""0.4200""}"
KXETH15M-26APR281130-30,89cd2a06-63ec-4a6e-ef45-310d3f9c1146,1777389574,0.47,10.0,yes,"{""count_fp"":""10.00"",""created_time"":""2026-04-28T15:19:34.277475Z"",""no_price_dollars"":""0.5300"",""taker_side"":""yes"",""ticker"":""KXETH15M-26APR281130-30"",""trade_id"":""89cd2a06-63ec-4a6e-ef45-310d3f9c1146"",""yes_price_dollars"":""0.4700""}"
KXETH15M-26APR281130-30,3c9cd274-d86c-438f-cc6b-f78f59dfff1f,1777389574,0.48,0.24,yes,"{""count_fp"":""0.24"",""created_time"":""2026-04-28T15:19:34.277475Z"",""no_price_dollars"":""0.5200"",""taker_side"":""yes"",""ticker"":""KXETH15M-26APR281130-30"",""trade_id"":""3c9cd274-d86c-438f-cc6b-f78f59dfff1f"",""yes_price_dollars"":""0.4800""}"
KXETH15M-26APR281130-30,a497a333-b843-43a9-9a40-820071be49ce,1777389577,0.47,2.05,yes,"{""count_fp"":""2.05"",""created_time"":""2026-04-28T15:19:37.992874Z"",""no_price_dollars"":""0.5300"",""taker_side"":""yes"",""ticker"":""KXETH15M-26APR281130-30"",""trade_id"":""a497a333-b843-43a9-9a40-820071be49ce"",""yes_price_dollars"":""0.4700""}"
KXETH15M-26APR281130-30,2b2e4fe6-d15c-71e2-36c8-64495f126cdf,1777389580,0.47,8.25,yes,"{""count_fp"":""8.25"",""created_time"":""2026-04-28T15:19:40.505443Z"",""no_price_dollars"":""0.5300"",""taker_side"":""yes"",""ticker"":""KXETH15M-26APR281130-30"",""trade_id"":""2b2e4fe6-d15c-71e2-36c8-64495f126cdf"",""yes_price_dollars"":""0.4700""}"
KXETH15M-26APR281130-30,0c53d4dc-8d4e-7e36-0695-ba977dcdc20c,1777389580,0.47,2.0,yes,"{""count_fp"":""2.00"",""created_time"":""2026-04-28T15:19:40.505443Z"",""no_price_dollars"":""0.5300"",""taker_side"":""yes"",""ticker"":""KXETH15M-26APR281130-30"",""trade_id"":""0c53d4dc-8d4e-7e36-0695-ba977dcdc20c"",""yes_price_dollars"":""0.4700""}"
KXETH15M-26APR281130-30,da555279-fe89-7133-4d66-8982ad262ad8,1777389581,0.44,10.0,no,"{""count_fp"":""10.00"",""created_time"":""2026-04-28T15:19:41.351324Z"",""no_price_dollars"":""0.5600"",""taker_side"":""no"",""ticker"":""KXETH15M-26APR281130-30"",""trade_id"":""da555279-fe89-7133-4d66-8982ad262ad8"",""yes_price_dollars"":""0.4400""}"
KXETH15M-26APR281130-30,d1793ae6-4870-7487-64bc-ad6264207677,1777389581,0.44,7.06,no,"{""count_fp"":""7.06"",""created_time"":""2026-04-28T15:19:41.351324Z"",""no_price_dollars"":""0.5600"",""taker_side"":""no"",""ticker"":""KXETH15M-26APR281130-30"",""trade_id"":""d1793ae6-4870-7487-64bc-ad6264207677"",""yes_price_dollars"":""0.4400""}"
KXETH15M-26APR281130-30,23d24216-bc21-5f86-72a7-12e1d1906640,1777389590,0.48,0.91,no,"{""count_fp"":""0.91"",""created_time"":""2026-04-28T15:19:50.763908Z"",""no_price_dollars"":""0.5200"",""taker_side"":""no"",""ticker"":""KXETH15M-26APR281130-30"",""trade_id"":""23d24216-bc21-5f86-72a7-12e1d1906640"",""yes_price_dollars"":""0.4800""}"
KXETH15M-26APR281130-30,f00ad976-e284-52a3-9272-e5c1ce9bb26b,1777389590,0.52,26.88,yes,"{""count_fp"":""26.88"",""created_time"":""2026-04-28T15:19:50.048729Z"",""no_price_dollars"":""0.4800"",""taker_side"":""yes"",""ticker"":""KXETH15M-26APR281130-30"",""trade_id"":""f00ad976-e284-52a3-9272-e5c1ce9bb26b"",""yes_price_dollars"":""0.5200""}"
KXETH15M-26APR281130-30,e31fd9ae-c5d3-5691-9745-0f6317fcc76e,1777389590,0.51,10.0,yes,"{""count_fp"":""10.00"",""created_time"":""2026-04-28T15:19:50.048729Z"",""no_price_dollars"":""0.4900"",""taker_side"":""yes"",""ticker"":""KXETH15M-26APR281130-30"",""trade_id"":""e31fd9ae-c5d3-5691-9745-0f6317fcc76e"",""yes_price_dollars"":""0.5100""}"
KXETH15M-26APR281130-30,a11e0c6f-a8a5-5092-a991-e86c3411a4f1,1777389590,0.51,10.0,yes,"{""count_fp"":""10.00"",""created_time"":""2026-04-28T15:19:50.048729Z"",""no_price_dollars"":""0.4900"",""taker_side"":""yes"",""ticker"":""KXETH15M-26APR281130-30"",""trade_id"":""a11e0c6f-a8a5-5092-a991-e86c3411a4f1"",""yes_price_dollars"":""0.5100""}"
KXETH15M-26APR281130-30,a0ffccbe-6884-7ef4-9dde-ac89c09585a2,1777389594,0.5,9.3,no,"{""count_fp"":""9.30"",""created_time"":""2026-04-28T15:19:54.470785Z"",""no_price_dollars"":""0.5000"",""taker_side"":""no"",""ticker"":""KXETH15M-26APR281130-30"",""trade_id"":""a0ffccbe-6884-7ef4-9dde-ac89c09585a2"",""yes_price_dollars"":""0.5000""}"
KXETH15M-26APR281130-30,5539e209-9d45-5c21-8a8e-a329dcf96ef5,1777389597,0.59,17.06,yes,"{""count_fp"":""17.06"",""created_time"":""2026-04-28T15:19:57.434762Z"",""no_price_dollars"":""0.4100"",""taker_side"":""yes"",""ticker"":""KXETH15M-26APR281130-30"",""trade_id"":""5539e209-9d45-5c21-8a8e-a329dcf96ef5"",""yes_price_dollars"":""0.5900""}"
KXETH15M-26APR281130-30,c6fd0742-f922-6ba7-b924-2aae943230a2,1777389602,0.65,10.0,no,"{""count_fp"":""10.00"",""created_time"":""2026-04-28T15:20:02.510988Z"",""no_price_dollars"":""0.3500"",""taker_side"":""no"",""ticker"":""KXETH15M-26APR281130-30"",""trade_id"":""c6fd0742-f922-6ba7-b924-2aae943230a2"",""yes_price_dollars"":""0.6500""}"
KXETH15M-26APR281130-30,4fcb001d-afc9-67ca-9d4a-5fd425f77b83,1777389602,0.65,50.0,no,"{""count_fp"":""50.00"",""created_time"":""2026-04-28T15:20:02.510988Z"",""no_price_dollars"":""0.3500"",""taker_side"":""no"",""ticker"":""KXETH15M-26APR281130-30"",""trade_id"":""4fcb001d-afc9-67ca-9d4a-5fd425f77b83"",""yes_price_dollars"":""0.6500""}"
KXETH15M-26APR281130-30,c1e3cba3-09bf-4f79-039d-ab010c2995e9,1777389602,0.64,100.0,yes,"{""count_fp"":""100.00"",""created_time"":""2026-04-28T15:20:02.211839Z"",""no_price_dollars"":""0.3600"",""taker_side"":""yes"",""ticker"":""KXETH15M-26APR281130-30"",""trade_id"":""c1e3cba3-09bf-4f79-039d-ab010c2995e9"",""yes_price_dollars"":""0.6400""}"
KXETH15M-26APR281130-30,726d901f-1d05-7cae-6408-39d2c24e3ee0,1777389602,0.6,0.94,yes,"{""count_fp"":""0.94"",""created_time"":""2026-04-28T15:20:02.175234Z"",""no_price_dollars"":""0.4000"",""taker_side"":""yes"",""ticker"":""KXETH15M-26APR281130-30"",""trade_id"":""726d901f-1d05-7cae-6408-39d2c24e3ee0"",""yes_price_dollars"":""0.6000""}"
KXETH15M-26APR281130-30,078b71b6-a1b6-5b2f-0b99-fc0cd929ecc2,1777389603,0.67,1.0,yes,"{""count_fp"":""1.00"",""created_time"":""2026-04-28T15:20:03.979423Z"",""no_price_dollars"":""0.3300"",""taker_side"":""yes"",""ticker"":""KXETH15M-26APR281130-30"",""trade_id"":""078b71b6-a1b6-5b2f-0b99-fc0cd929ecc2"",""yes_price_dollars"":""0.6700""}"
KXETH15M-26APR281130-30,4967bcd5-3745-5bb5-46dc-ee3ba09c54bf,1777389603,0.7,1.0,yes,"{""count_fp"":""1.00"",""created_time"":""2026-04-28T15:20:03.463908Z"",""no_price_dollars"":""0.3000"",""taker_side"":""yes"",""ticker"":""KXETH15M-26APR281130-30"",""trade_id"":""4967bcd5-3745-5bb5-46dc-ee3ba09c54bf"",""yes_price_dollars"":""0.7000""}"
KXETH15M-26APR281130-30,4c565d79-6384-619c-95c1-61550e34a5f5,1777389606,0.62,1.0,no,"{""count_fp"":""1.00"",""created_time"":""2026-04-28T15:20:06.201962Z"",""no_price_dollars"":""0.3800"",""taker_side"":""no"",""ticker"":""KXETH15M-26APR281130-30"",""trade_id"":""4c565d79-6384-619c-95c1-61550e34a5f5"",""yes_price_dollars"":""0.6200""}"
KXETH15M-26APR281130-30,296e8464-8e20-6f73-9125-17895d1b8923,1777389606,0.62,11.29,no,"{""count_fp"":""11.29"",""created_time"":""2026-04-28T15:20:06.201962Z"",""no_price_dollars"":""0.3800"",""taker_side"":""no"",""ticker"":""KXETH15M-26APR281130-30"",""trade_id"":""296e8464-8e20-6f73-9125-17895d1b8923"",""yes_price_dollars"":""0.6200""}"
KXETH15M-26APR281130-30,2c647af7-9c5a-7e4b-4b91-3fc61d80affe,1777389607,0.67,18.33,yes,"{""count_fp"":""18.33"",""created_time"":""2026-04-28T15:20:07.357325Z"",""no_price_dollars"":""0.3300"",""taker_side"":""yes"",""ticker"":""KXETH15M-26APR281130-30"",""trade_id"":""2c647af7-9c5a-7e4b-4b91-3fc61d80affe"",""yes_price_dollars"":""0.6700""}"
KXETH15M-26APR281130-30,ef064fb1-099d-442d-9076-32532adb3b7f,1777389608,0.63,10.0,no,"{""count_fp"":""10.00"",""created_time"":""2026-04-28T15:20:08.464285Z"",""no_price_dollars"":""0.3700"",""taker_side"":""no"",""ticker"":""KXETH15M-26APR281130-30"",""trade_id"":""ef064fb1-099d-442d-9076-32532adb3b7f"",""yes_price_dollars"":""0.6300""}"
KXETH15M-26APR281130-30,c09a135e-8a05-4ee2-9493-c67eaa666395,1777389608,0.63,77.47,no,"{""count_fp"":""77.47"",""created_time"":""2026-04-28T15:20:08.464285Z"",""no_price_dollars"":""0.3700"",""taker_side"":""no"",""ticker"":""KXETH15M-26APR281130-30"",""trade_id"":""c09a135e-8a05-4ee2-9493-c67eaa666395"",""yes_price_dollars"":""0.6300""}"
KXETH15M-26APR281130-30,f8f4d91b-5242-6e16-3254-93c27404b5f5,1777389609,0.66,2.91,yes,"{""count_fp"":""2.91"",""created_time"":""2026-04-28T15:20:09.456218Z"",""no_price_dollars"":""0.3400"",""taker_side"":""yes"",""ticker"":""KXETH15M-26APR281130-30"",""trade_id"":""f8f4d91b-5242-6e16-3254-93c27404b5f5"",""yes_price_dollars"":""0.6600""}"
KXETH15M-26APR281130-30,2190c831-14f2-4d5d-5bae-311e04a46060,1777389611,0.66,7.0,yes,"{""count_fp"":""7.00"",""created_time"":""2026-04-28T15:20:11.106902Z"",""no_price_dollars"":""0.3400"",""taker_side"":""yes"",""ticker"":""KXETH15M-26APR281130-30"",""trade_id"":""2190c831-14f2-4d5d-5bae-311e04a46060"",""yes_price_dollars"":""0.6600""}"
KXETH15M-26APR281130-30,d3153e1a-c432-7537-ce32-0fdd4b543906,1777389613,0.63,29.59,yes,"{""count_fp"":""29.59"",""created_time"":""2026-04-28T15:20:13.466067Z"",""no_price_dollars"":""0.3700"",""taker_side"":""yes"",""ticker"":""KXETH15M-26APR281130-30"",""trade_id"":""d3153e1a-c432-7537-ce32-0fdd4b543906"",""yes_price_dollars"":""0.6300""}"
KXETH15M-26APR281130-30,83b71ce8-d28a-67f7-c499-867a65656ce2,1777389616,0.65,11.26,yes,"{""count_fp"":""11.26"",""created_time"":""2026-04-28T15:20:16.539481Z"",""no_price_dollars"":""0.3500"",""taker_side"":""yes"",""ticker"":""KXETH15M-26APR281130-30"",""trade_id"":""83b71ce8-d28a-67f7-c499-867a65656ce2"",""yes_price_dollars"":""0.6500""}"
KXETH15M-26APR281130-30,a6052665-66da-7a8b-f1ba-0fc136d35032,1777389618,0.65,5.0,yes,"{""count_fp"":""5.00"",""created_time"":""2026-04-28T15:20:18.833007Z"",""no_price_dollars"":""0.3500"",""taker_side"":""yes"",""ticker"":""KXETH15M-26APR281130-30"",""trade_id"":""a6052665-66da-7a8b-f1ba-0fc136d35032"",""yes_price_dollars"":""0.6500""}"
KXETH15M-26APR281130-30,2a4c526f-a90e-7bcb-9688-f47b5c339532,1777389620,0.61,91.39,yes,"{""count_fp"":""91.39"",""created_time"":""2026-04-28T15:20:20.712852Z"",""no_price_dollars"":""0.3900"",""taker_side"":""yes"",""ticker"":""KXETH15M-26APR281130-30"",""trade_id"":""2a4c526f-a90e-7bcb-9688-f47b5c339532"",""yes_price_dollars"":""0.6100""}"
KXETH15M-26APR281130-30,a26641e5-6646-476b-c5de-b7a7c1f3cf96,1777389620,0.61,1.0,yes,"{""count_fp"":""1.00"",""created_time"":""2026-04-28T15:20:20.085581Z"",""no_price_dollars"":""0.3900"",""taker_side"":""yes"",""ticker"":""KXETH15M-26APR281130-30"",""trade_id"":""a26641e5-6646-476b-c5de-b7a7c1f3cf96"",""yes_price_dollars"":""0.6100""}"
KXETH15M-26APR281130-30,562a8f20-f4f5-67ab-b55c-67a7e5ae1730,1777389621,0.59,1.0,no,"{""count_fp"":""1.00"",""created_time"":""2026-04-28T15:20:21.241046Z"",""no_price_dollars"":""0.4100"",""taker_side"":""no"",""ticker"":""KXETH15M-26APR281130-30"",""trade_id"":""562a8f20-f4f5-67ab-b55c-67a7e5ae1730"",""yes_price_dollars"":""0.5900""}"
KXETH15M-26APR281130-30,3db65d08-bd84-6aec-eeab-1ad42fd3a871,1777389627,0.57,2.0,no,"{""count_fp"":""2.00"",""created_time"":""2026-04-28T15:20:27.999694Z"",""no_price_dollars"":""0.4300"",""taker_side"":""no"",""ticker"":""KXETH15M-26APR281130-30"",""trade_id"":""3db65d08-bd84-6aec-eeab-1ad42fd3a871"",""yes_price_dollars"":""0.5700""}"
KXETH15M-26APR281130-30,3e074eca-7ad8-5dc0-165b-cafe5bc14525,1777389628,0.57,2.18,no,"{""count_fp"":""2.18"",""created_time"":""2026-04-28T15:20:28.058524Z"",""no_price_dollars"":""0.4300"",""taker_side"":""no"",""ticker"":""KXETH15M-26APR281130-30"",""trade_id"":""3e074eca-7ad8-5dc0-165b-cafe5bc14525"",""yes_price_dollars"":""0.5700""}"
KXETH15M-26APR281130-30,b03b39d3-8389-4608-1d91-8ee0bf98c2b1,1777389633,0.6,9.0,yes,"{""count_fp"":""9.00"",""created_time"":""2026-04-28T15:20:33.663246Z"",""no_price_dollars"":""0.4000"",""taker_side"":""yes"",""ticker"":""KXETH15M-26APR281130-30"",""trade_id"":""b03b39d3-8389-4608-1d91-8ee0bf98c2b1"",""yes_price_dollars"":""0.6000""}"
KXETH15M-26APR281130-30,7ea77525-765a-687b-1c0b-541f2305b50e,1777389640,0.63,6.0,yes,"{""count_fp"":""6.00"",""created_time"":""2026-04-28T15:20:40.436095Z"",""no_price_dollars"":""0.3700"",""taker_side"":""yes"",""ticker"":""KXETH15M-26APR281130-30"",""trade_id"":""7ea77525-765a-687b-1c0b-541f2305b50e"",""yes_price_dollars"":""0.6300""}"
KXETH15M-26APR281130-30,32b20ff2-33b2-6fbb-8d56-b0a7955bf2fa,1777389642,0.63,1.0,yes,"{""count_fp"":""1.00"",""created_time"":""2026-04-28T15:20:42.645748Z"",""no_price_dollars"":""0.3700"",""taker_side"":""yes"",""ticker"":""KXETH15M-26APR281130-30"",""trade_id"":""32b20ff2-33b2-6fbb-8d56-b0a7955bf2fa"",""yes_price_dollars"":""0.6300""}"
KXETH15M-26APR281130-30,5c0c33fd-50de-7278-d151-39c8f592c5c5,1777389643,0.6,60.0,no,"{""count_fp"":""60.00"",""created_time"":""2026-04-28T15:20:43.859935Z"",""no_price_dollars"":""0.4000"",""taker_side"":""no"",""ticker"":""KXETH15M-26APR281130-30"",""trade_id"":""5c0c33fd-50de-7278-d151-39c8f592c5c5"",""yes_price_dollars"":""0.6000""}"
KXETH15M-26APR281130-30,45392edf-fa1b-7d11-e277-c012443e0c5c,1777389643,0.62,3.0,no,"{""count_fp"":""3.00"",""created_time"":""2026-04-28T15:20:43.859935Z"",""no_price_dollars"":""0.3800"",""taker_side"":""no"",""ticker"":""KXETH15M-26APR281130-30"",""trade_id"":""45392edf-fa1b-7d11-e277-c012443e0c5c"",""yes_price_dollars"":""0.6200""}"
KXETH15M-26APR281130-30,9dadc821-c019-45ef-c22f-7dacb26be5b2,1777389650,0.56,4.0,no,"{""count_fp"":""4.00"",""created_time"":""2026-04-28T15:20:50.603987Z"",""no_price_dollars"":""0.4400"",""taker_side"":""no"",""ticker"":""KXETH15M-26APR281130-30"",""trade_id"":""9dadc821-c019-45ef-c22f-7dacb26be5b2"",""yes_price_dollars"":""0.5600""}"
KXETH15M-26APR281130-30,6be3bc90-bf9a-5b82-c5da-5874b8665f06,1777389650,0.61,1.0,yes,"{""count_fp"":""1.00"",""created_time"":""2026-04-28T15:20:50.420865Z"",""no_price_dollars"":""0.3900"",""taker_side"":""yes"",""ticker"":""KXETH15M-26APR281130-30"",""trade_id"":""6be3bc90-bf9a-5b82-c5da-5874b8665f06"",""yes_price_dollars"":""0.6100""}"
KXETH15M-26APR281130-30,2a0fc08e-4152-763f-716b-bde5dc39d5ba,1777389655,0.6,1.0,yes,"{""count_fp"":""1.00"",""created_time"":""2026-04-28T15:20:55.988653Z"",""no_price_dollars"":""0.4000"",""taker_side"":""yes"",""ticker"":""KXETH15M-26APR281130-30"",""trade_id"":""2a0fc08e-4152-763f-716b-bde5dc39d5ba"",""yes_price_dollars"":""0.6000""}"
KXETH15M-26APR281130-30,ab3c158c-ee16-7361-678d-c040ef624a9a,1777389660,0.57,1.0,no,"{""count_fp"":""1.00"",""created_time"":""2026-04-28T15:21:00.559585Z"",""no_price_dollars"":""0.4300"",""taker_side"":""no"",""ticker"":""KXETH15M-26APR281130-30"",""trade_id"":""ab3c158c-ee16-7361-678d-c040ef624a9a"",""yes_price_dollars"":""0.5700""}"
KXETH15M-26APR281130-30,064f7835-2346-79c2-5723-287436c067b6,1777389660,0.55,10.0,no,"{""count_fp"":""10.00"",""created_time"":""2026-04-28T15:21:00.559585Z"",""no_price_dollars"":""0.4500"",""taker_side"":""no"",""ticker"":""KXETH15M-26APR281130-30"",""trade_id"":""064f7835-2346-79c2-5723-287436c067b6"",""yes_price_dollars"":""0.5500""}"
KXETH15M-26APR281130-30,cee1b00b-d42a-7077-16ed-150857495ab6,1777389660,0.59,4.0,yes,"{""count_fp"":""4.00"",""created_time"":""2026-04-28T15:21:00.406012Z"",""no_price_dollars"":""0.4100"",""taker_side"":""yes"",""ticker"":""KXETH15M-26APR281130-30"",""trade_id"":""cee1b00b-d42a-7077-16ed-150857495ab6"",""yes_price_dollars"":""0.5900""}"
KXETH15M-26APR281130-30,da0457f2-dfcb-760a-aa78-899efedbdcf6,1777389661,0.51,10.0,no,"{""count_fp"":""10.00"",""created_time"":""2026-04-28T15:21:01.542649Z"",""no_price_dollars"":""0.4900"",""taker_side"":""no"",""ticker"":""KXETH15M-26APR281130-30"",""trade_id"":""da0457f2-dfcb-760a-aa78-899efedbdcf6"",""yes_price_dollars"":""0.5100""}"
KXETH15M-26APR281130-30,7dc7e079-3ef1-64bd-16d0-bd356f564419,1777389661,0.53,4.0,no,"{""count_fp"":""4.00"",""created_time"":""2026-04-28T15:21:01.320461Z"",""no_price_dollars"":""0.4700"",""taker_side"":""no"",""ticker"":""KXETH15M-26APR281130-30"",""trade_id"":""7dc7e079-3ef1-64bd-16d0-bd356f564419"",""yes_price_dollars"":""0.5300""}"
KXETH15M-26APR281130-30,4de1a4aa-26f9-6eb7-2ecd-41b5631205d3,1777389661,0.53,10.0,no,"{""count_fp"":""10.00"",""created_time"":""2026-04-28T15:21:01.320461Z"",""no_price_dollars"":""0.4700"",""taker_side"":""no"",""ticker"":""KXETH15M-26APR281130-30"",""trade_id"":""4de1a4aa-26f9-6eb7-2ecd-41b5631205d3"",""yes_price_dollars"":""0.5300""}"
KXETH15M-26APR281130-30,5f9e6e58-3f06-6373-6b08-5dcd9961adf9,1777389662,0.5,10.0,no,"{""count_fp"":""10.00"",""created_time"":""2026-04-28T15:21:02.199256Z"",""no_price_dollars"":""0.5000"",""taker_side"":""no"",""ticker"":""KXETH15M-26APR281130-30"",""trade_id"":""5f9e6e58-3f06-6373-6b08-5dcd9961adf9"",""yes_price_dollars"":""0.5000""}"
KXETH15M-26APR281130-30,a6801ddc-34e2-57eb-8df7-b55226c617fe,1777389665,0.43,60.0,yes,"{""count_fp"":""60.00"",""created_time"":""2026-04-28T15:21:05.755556Z"",""no_price_dollars"":""0.5700"",""taker_side"":""yes"",""ticker"":""KXETH15M-26APR281130-30"",""trade_id"":""a6801ddc-34e2-57eb-8df7-b55226c617fe"",""yes_price_dollars"":""0.4300""}"
KXETH15M-26APR281130-30,8a2dd2d4-05ec-5baf-418f-508f5f9984fb,1777389665,0.44,60.0,no,"{""count_fp"":""60.00"",""created_time"":""2026-04-28T15:21:05.671445Z"",""no_price_dollars"":""0.5600"",""taker_side"":""no"",""ticker"":""KXETH15M-26APR281130-30"",""trade_id"":""8a2dd2d4-05ec-5baf-418f-508f5f9984fb"",""yes_price_dollars"":""0.4400""}"
KXETH15M-26APR281130-30,4ac4e01c-10e8-7776-9290-499e0464032e,1777389665,0.47,10.0,no,"{""count_fp"":""10.00"",""created_time"":""2026-04-28T15:21:05.441144Z"",""no_price_dollars"":""0.5300"",""taker_side"":""no"",""ticker"":""KXETH15M-26APR281130-30"",""trade_id"":""4ac4e01c-10e8-7776-9290-499e0464032e"",""yes_price_dollars"":""0.4700""}"
KXETH15M-26APR281130-30,f1c056dc-87da-507f-7fb8-ed105175c692,1777389667,0.48,1.0,yes,"{""count_fp"":""1.00"",""created_time"":""2026-04-28T15:21:07.418797Z"",""no_price_dollars"":""0.5200"",""taker_side"":""yes"",""ticker"":""KXETH15M-26APR281130-30"",""trade_id"":""f1c056dc-87da-507f-7fb8-ed105175c692"",""yes_price_dollars"":""0.4800""}"
KXETH15M-26APR281130-30,0e4ea432-388e-6137-21b0-5bc1ad19a416,1777389669,0.48,430.0,yes,"{""count_fp"":""430.00"",""created_time"":""2026-04-28T15:21:09.978367Z"",""no_price_dollars"":""0.5200"",""taker_side"":""yes"",""ticker"":""KXETH15M-26APR281130-30"",""trade_id"":""0e4ea432-388e-6137-21b0-5bc1ad19a416"",""yes_price_dollars"":""0.4800""}"
KXETH15M-26APR281130-30,591a8830-416e-6adb-e2ab-726d476296be,1777389670,0.5,29.59,no,"{""count_fp"":""29.59"",""created_time"":""2026-04-28T15:21:10.389374Z"",""no_price_dollars"":""0.5000"",""taker_side"":""no"",""ticker"":""KXETH15M-26APR281130-30"",""trade_id"":""591a8830-416e-6adb-e2ab-726d476296be"",""yes_price_dollars"":""0.5000""}"
KXETH15M-26APR281130-30,f7806700-f75e-710b-12e9-52c93e87abee,1777389670,0.48,119.43,yes,"{""count_fp"":""119.43"",""created_time"":""2026-04-28T15:21:10.005477Z"",""no_price_dollars"":""0.5200"",""taker_side"":""yes"",""ticker"":""KXETH15M-26APR281130-30"",""trade_id"":""f7806700-f75e-710b-12e9-52c93e87abee"",""yes_price_dollars"":""0.4800""}"
KXETH15M-26APR281130-30,052883de-4a9c-77d8-09bc-8848c46cd466,1777389671,0.55,8.0,no,"{""count_fp"":""8.00"",""created_time"":""2026-04-28T15:21:11.105837Z"",""no_price_dollars"":""0.4500"",""taker_side"":""no"",""ticker"":""KXETH15M-26APR281130-30"",""trade_id"":""052883de-4a9c-77d8-09bc-8848c46cd466"",""yes_price_dollars"":""0.5500""}"
KXETH15M-26APR281130-30,772449d6-1e50-70c4-55da-33c5f149aaf2,1777389672,0.6,2.0,no,"{""count_fp"":""2.00"",""created_time"":""2026-04-28T15:21:12.942393Z"",""no_price_dollars"":""0.4000"",""taker_side"":""no"",""ticker"":""KXETH15M-26APR281130-30"",""trade_id"":""772449d6-1e50-70c4-55da-33c5f149aaf2"",""yes_price_dollars"":""0.6000""}"
KXETH15M-26APR281130-30,96b91cb0-d32c-6322-0f31-4290a1c91cf9,1777389674,0.61,0.84,no,"{""count_fp"":""0.84"",""created_time"":""2026-04-28T15:21:14.328615Z"",""no_price_dollars"":""0.3900"",""taker_side"":""no"",""ticker"":""KXETH15M-26APR281130-30"",""trade_id"":""96b91cb0-d32c-6322-0f31-4290a1c91cf9"",""yes_price_dollars"":""0.6100""}"
KXETH15M-26APR281130-30,6dbcb668-9fc8-6e16-7cd7-60202f412779,1777389678,0.61,10.25,no,"{""count_fp"":""10.25"",""created_time"":""2026-04-28T15:21:18.640759Z"",""no_price_dollars"":""0.3900"",""taker_side"":""no"",""ticker"":""KXETH15M-26APR281130-30"",""trade_id"":""6dbcb668-9fc8-6e16-7cd7-60202f412779"",""yes_price_dollars"":""0.6100""}"
KXETH15M-26APR281130-30,5bb5a5a4-71b8-7d0a-9075-2f65f56a391d,1777389680,0.61,3.0,no,"{""count_fp"":""3.00"",""created_time"":""2026-04-28T15:21:20.101625Z"",""no_price_dollars"":""0.3900"",""taker_side"":""no"",""ticker"":""KXETH15M-26APR281130-30"",""trade_id"":""5bb5a5a4-71b8-7d0a-9075-2f65f56a391d"",""yes_price_dollars"":""0.6100""}"
KXETH15M-26APR281130-30,1a8bd02d-6b8c-5e7e-6e13-75df57436d39,1777389682,0.61,0.91,no,"{""count_fp"":""0.91"",""created_time"":""2026-04-28T15:21:22.295353Z"",""no_price_dollars"":""0.3900"",""taker_side"":""no"",""ticker"":""KXETH15M-26APR281130-30"",""trade_id"":""1a8bd02d-6b8c-5e7e-6e13-75df57436d39"",""yes_price_dollars"":""0.6100""}"
KXETH15M-26APR281130-30,b8fa5b5d-6c9c-6f6a-ea8b-2d2fd2a40259,1777389682,0.61,15.0,no,"{""count_fp"":""15.00"",""created_time"":""2026-04-28T15:21:22.269088Z"",""no_price_dollars"":""0.3900"",""taker_side"":""no"",""ticker"":""KXETH15M-26APR281130-30"",""trade_id"":""b8fa5b5d-6c9c-6f6a-ea8b-2d2fd2a40259"",""yes_price_dollars"":""0.6100""}"
KXETH15M-26APR281130-30,5299dc65-c8d3-74d6-9272-fd255e5b996d,1777389687,0.61,1.0,yes,"{""count_fp"":""1.00"",""created_time"":""2026-04-28T15:21:27.192807Z"",""no_price_dollars"":""0.3900"",""taker_side"":""yes"",""ticker"":""KXETH15M-26APR281130-30"",""trade_id"":""5299dc65-c8d3-74d6-9272-fd255e5b996d"",""yes_price_dollars"":""0.6100""}"
KXETH15M-26APR281130-30,aceb8b31-5b20-53b8-03b8-861df4e792cc,1777389692,0.64,1.0,yes,"{""count_fp"":""1.00"",""created_time"":""2026-04-28T15:21:32.093531Z"",""no_price_dollars"":""0.3600"",""taker_side"":""yes"",""ticker"":""KXETH15M-26APR281130-30"",""trade_id"":""aceb8b31-5b20-53b8-03b8-861df4e792cc"",""yes_price_dollars"":""0.6400""}"
KXETH15M-26APR281130-30,f84469fa-4229-70bb-5631-cbcbca0efde8,1777389702,0.63,1.5,yes,"{""count_fp"":""1.50"",""created_time"":""2026-04-28T15:21:42.697868Z"",""no_price_dollars"":""0.3700"",""taker_side"":""yes"",""ticker"":""KXETH15M-26APR281130-30"",""trade_id"":""f84469fa-4229-70bb-5631-cbcbca0efde8"",""yes_price_dollars"":""0.6300""}"
KXETH15M-26APR281130-30,cb5faff8-46b8-71a7-b183-b196d6908b94,1777389703,0.64,1.0,yes,"{""count_fp"":""1.00"",""created_time"":""2026-04-28T15:21:43.362662Z"",""no_price_dollars"":""0.3600"",""taker_side"":""yes"",""ticker"":""KXETH15M-26APR281130-30"",""trade_id"":""cb5faff8-46b8-71a7-b183-b196d6908b94"",""yes_price_dollars"":""0.6400""}"
KXETH15M-26APR281130-30,a5129959-9a47-7d1e-43fc-c27c4f32b703,1777389705,0.63,24.6,yes,"{""count_fp"":""24.60"",""created_time"":""2026-04-28T15:21:45.606496Z"",""no_price_dollars"":""0.3700"",""taker_side"":""yes"",""ticker"":""KXETH15M-26APR281130-30"",""trade_id"":""a5129959-9a47-7d1e-43fc-c27c4f32b703"",""yes_price_dollars"":""0.6300""}"
KXETH15M-26APR281130-30,c189f569-8c80-4be3-5c48-a2bd2056f2a5,1777389709,0.62,9.59,no,"{""count_fp"":""9.59"",""created_time"":""2026-04-28T15:21:49.280502Z"",""no_price_dollars"":""0.3800"",""taker_side"":""no"",""ticker"":""KXETH15M-26APR281130-30"",""trade_id"":""c189f569-8c80-4be3-5c48-a2bd2056f2a5"",""yes_price_dollars"":""0.6200""}"
KXETH15M-26APR281130-30,d25035dc-4ba4-60a0-7729-9a50d7ddaf0a,1777389711,0.61,12.17,no,"{""count_fp"":""12.17"",""created_time"":""2026-04-28T15:21:51.084659Z"",""no_price_dollars"":""0.3900"",""taker_side"":""no"",""ticker"":""KXETH15M-26APR281130-30"",""trade_id"":""d25035dc-4ba4-60a0-7729-9a50d7ddaf0a"",""yes_price_dollars"":""0.6100""}"
KXETH15M-26APR281130-30,4bb1b2c4-7e2e-4d41-a212-e49e4399b6bd,1777389713,0.61,10.0,no,"{""count_fp"":""10.00"",""created_time"":""2026-04-28T15:21:53.739418Z"",""no_price_dollars"":""0.3900"",""taker_side"":""no"",""ticker"":""KXETH15M-26APR281130-30"",""trade_id"":""4bb1b2c4-7e2e-4d41-a212-e49e4399b6bd"",""yes_price_dollars"":""0.6100""}"
KXETH15M-26APR281130-30,be9bad37-c11c-6623-7e9a-acab221b9184,1777389714,0.62,1.0,yes,"{""count_fp"":""1.00"",""created_time"":""2026-04-28T15:21:54.558642Z"",""no_price_dollars"":""0.3800"",""taker_side"":""yes"",""ticker"":""KXETH15M-26APR281130-30"",""trade_id"":""be9bad37-c11c-6623-7e9a-acab221b9184"",""yes_price_dollars"":""0.6200""}"
KXETH15M-26APR281130-30,69597438-a4bc-65bb-c37c-64822f22ffb8,1777389718,0.62,20.0,yes,"{""count_fp"":""20.00"",""created_time"":""2026-04-28T15:21:58.474577Z"",""no_price_dollars"":""0.3800"",""taker_side"":""yes"",""ticker"":""KXETH15M-26APR281130-30"",""trade_id"":""69597438-a4bc-65bb-c37c-64822f22ffb8"",""yes_price_dollars"":""0.6200""}"
KXETH15M-26APR281130-30,57f24a3f-6398-7e34-9200-e872dcd99220,1777389719,0.56,10.0,no,"{""count_fp"":""10.00"",""created_time"":""2026-04-28T15:21:59.443562Z"",""no_price_dollars"":""0.4400"",""taker_side"":""no"",""ticker"":""KXETH15M-26APR281130-30"",""trade_id"":""57f24a3f-6398-7e34-9200-e872dcd99220"",""yes_price_dollars"":""0.5600""}"
KXETH15M-26APR281130-30,3a5e202b-6634-79e5-895c-276cc968ec0f,1777389719,0.56,10.0,no,"{""count_fp"":""10.00"",""created_time"":""2026-04-28T15:21:59.443562Z"",""no_price_dollars"":""0.4400"",""taker_side"":""no"",""ticker"":""KXETH15M-26APR281130-30"",""trade_id"":""3a5e202b-6634-79e5-895c-276cc968ec0f"",""yes_price_dollars"":""0.5600""}"
KXETH15M-26APR281130-30,fdbbdfa5-660c-4883-1a4f-5f366d0860f3,1777389728,0.61,1.0,yes,"{""count_fp"":""1.00"",""created_time"":""2026-04-28T15:22:08.790568Z"",""no_price_dollars"":""0.3900"",""taker_side"":""yes"",""ticker"":""KXETH15M-26APR281130-30"",""trade_id"":""fdbbdfa5-660c-4883-1a4f-5f366d0860f3"",""yes_price_dollars"":""0.6100""}"
KXETH15M-26APR281130-30,3e90518e-046c-6488-5b1b-19894864ebde,1777389731,0.6,22.0,no,"{""count_fp"":""22.00"",""created_time"":""2026-04-28T15:22:11.825145Z"",""no_price_dollars"":""0.4000"",""taker_side"":""no"",""ticker"":""KXETH15M-26APR281130-30"",""trade_id"":""3e90518e-046c-6488-5b1b-19894864ebde"",""yes_price_dollars"":""0.6000""}"
KXETH15M-26APR281130-30,93b94b42-a0ae-73ee-2243-bfecda7afdcc,1777389736,0.59,10.0,yes,"{""count_fp"":""10.00"",""created_time"":""2026-04-28T15:22:16.853751Z"",""no_price_dollars"":""0.4100"",""taker_side"":""yes"",""ticker"":""KXETH15M-26APR281130-30"",""trade_id"":""93b94b42-a0ae-73ee-2243-bfecda7afdcc"",""yes_price_dollars"":""0.5900""}"
KXETH15M-26APR281130-30,20528de8-d0ef-7db2-3158-c54c5ef0017f,1777389736,0.61,28.0,yes,"{""count_fp"":""28.00"",""created_time"":""2026-04-28T15:22:16.853751Z"",""no_price_dollars"":""0.3900"",""taker_side"":""yes"",""ticker"":""KXETH15M-26APR281130-30"",""trade_id"":""20528de8-d0ef-7db2-3158-c54c5ef0017f"",""yes_price_dollars"":""0.6100""}"
KXETH15M-26APR281130-30,03a47696-e2e8-772b-1723-83474f7a5cef,1777389736,0.6,10.0,yes,"{""count_fp"":""10.00"",""created_time"":""2026-04-28T15:22:16.853751Z"",""no_price_dollars"":""0.4000"",""taker_side"":""yes"",""ticker"":""KXETH15M-26APR281130-30"",""trade_id"":""03a47696-e2e8-772b-1723-83474f7a5cef"",""yes_price_dollars"":""0.6000""}"
KXETH15M-26APR281130-30,85fe93fb-dfef-4404-8e2f-7ad5c4abb509,1777389740,0.63,1.0,yes,"{""count_fp"":""1.00"",""created_time"":""2026-04-28T15:22:20.079682Z"",""no_price_dollars"":""0.3700"",""taker_side"":""yes"",""ticker"":""KXETH15M-26APR281130-30"",""trade_id"":""85fe93fb-dfef-4404-8e2f-7ad5c4abb509"",""yes_price_dollars"":""0.6300""}"
KXETH15M-26APR281130-30,9222426c-0176-566a-2794-3d943d3b5421,1777389749,0.62,8.23,yes,"{""count_fp"":""8.23"",""created_time"":""2026-04-28T15:22:29.938138Z"",""no_price_dollars"":""0.3800"",""taker_side"":""yes"",""ticker"":""KXETH15M-26APR281130-30"",""trade_id"":""9222426c-0176-566a-2794-3d943d3b5421"",""yes_price_dollars"":""0.6200""}"
KXETH15M-26APR281130-30,c296941c-df0f-6b5e-03e6-d0896721596f,1777389751,0.64,1.0,yes,"{""count_fp"":""1.00"",""created_time"":""2026-04-28T15:22:31.502764Z"",""no_price_dollars"":""0.3600"",""taker_side"":""yes"",""ticker"":""KXETH15M-26APR281130-30"",""trade_id"":""c296941c-df0f-6b5e-03e6-d0896721596f"",""yes_price_dollars"":""0.6400""}"
KXETH15M-26APR281130-30,6396ac14-db8a-4057-eef5-9cb46395bd9f,1777389754,0.64,9.16,yes,"{""count_fp"":""9.16"",""created_time"":""2026-04-28T15:22:34.430075Z"",""no_price_dollars"":""0.3600"",""taker_side"":""yes"",""ticker"":""KXETH15M-26APR281130-30"",""trade_id"":""6396ac14-db8a-4057-eef5-9cb46395bd9f"",""yes_price_dollars"":""0.6400""}"
KXETH15M-26APR281130-30,980949ba-1a34-430c-7150-2a311fab9166,1777389757,0.64,7.76,no,"{""count_fp"":""7.76"",""created_time"":""2026-04-28T15:22:37.651171Z"",""no_price_dollars"":""0.3600"",""taker_side"":""no"",""ticker"":""KXETH15M-26APR281130-30"",""trade_id"":""980949ba-1a34-430c-7150-2a311fab9166"",""yes_price_dollars"":""0.6400""}"
KXETH15M-26APR281130-30,02a7d11f-eb10-52b4-25b6-c30293d60a3e,1777389757,0.64,8.66,no,"{""count_fp"":""8.66"",""created_time"":""2026-04-28T15:22:37.427495Z"",""no_price_dollars"":""0.3600"",""taker_side"":""no"",""ticker"":""KXETH15M-26APR281130-30"",""trade_id"":""02a7d11f-eb10-52b4-25b6-c30293d60a3e"",""yes_price_dollars"":""0.6400""}"
KXETH15M-26APR281130-30,4f4302c1-3f88-7817-7440-d986e948f108,1777389759,0.65,13.0,yes,"{""count_fp"":""13.00"",""created_time"":""2026-04-28T15:22:39.846356Z"",""no_price_dollars"":""0.3500"",""taker_side"":""yes"",""ticker"":""KXETH15M-26APR281130-30"",""trade_id"":""4f4302c1-3f88-7817-7440-d986e948f108"",""yes_price_dollars"":""0.6500""}"
KXETH15M-26APR281130-30,ec962be9-0e59-59ce-4e64-8ef4713a74c7,1777389761,0.61,10.0,no,"{""count_fp"":""10.00"",""created_time"":""2026-04-28T15:22:41.478891Z"",""no_price_dollars"":""0.3900"",""taker_side"":""no"",""ticker"":""KXETH15M-26APR281130-30"",""trade_id"":""ec962be9-0e59-59ce-4e64-8ef4713a74c7"",""yes_price_dollars"":""0.6100""}"
KXETH15M-26APR281130-30,42ea69c3-3e7d-5ff0-4f2d-7d0297bc4279,1777389761,0.61,10.0,no,"{""count_fp"":""10.00"",""created_time"":""2026-04-28T15:22:41.478891Z"",""no_price_dollars"":""0.3900"",""taker_side"":""no"",""ticker"":""KXETH15M-26APR281130-30"",""trade_id"":""42ea69c3-3e7d-5ff0-4f2d-7d0297bc4279"",""yes_price_dollars"":""0.6100""}"
KXETH15M-26APR281130-30,405b115d-baf3-550e-7521-9c0388cefc86,1777389761,0.61,3.0,no,"{""count_fp"":""3.00"",""created_time"":""2026-04-28T15:22:41.478891Z"",""no_price_dollars"":""0.3900"",""taker_side"":""no"",""ticker"":""KXETH15M-26APR281130-30"",""trade_id"":""405b115d-baf3-550e-7521-9c0388cefc86"",""yes_price_dollars"":""0.6100""}"
KXETH15M-26APR281130-30,001a7552-da9c-4a69-f7ed-4aaaf3ae5060,1777389766,0.64,1.0,yes,"{""count_fp"":""1.00"",""created_time"":""2026-04-28T15:22:46.262204Z"",""no_price_dollars"":""0.3600"",""taker_side"":""yes"",""ticker"":""KXETH15M-26APR281130-30"",""trade_id"":""001a7552-da9c-4a69-f7ed-4aaaf3ae5060"",""yes_price_dollars"":""0.6400""}"
KXETH15M-26APR281130-30,c06765c8-3bed-5330-f77d-2d8f38f85a79,1777389768,0.64,3.0,yes,"{""count_fp"":""3.00"",""created_time"":""2026-04-28T15:22:48.798757Z"",""no_price_dollars"":""0.3600"",""taker_side"":""yes"",""ticker"":""KXETH15M-26APR281130-30"",""trade_id"":""c06765c8-3bed-5330-f77d-2d8f38f85a79"",""yes_price_dollars"":""0.6400""}"
KXETH15M-26APR281130-30,458dd662-0648-51f9-958b-b0bddc977b84,1777389771,0.73,1.0,yes,"{""count_fp"":""1.00"",""created_time"":""2026-04-28T15:22:51.252019Z"",""no_price_dollars"":""0.2700"",""taker_side"":""yes"",""ticker"":""KXETH15M-26APR281130-30"",""trade_id"":""458dd662-0648-51f9-958b-b0bddc977b84"",""yes_price_dollars"":""0.7300""}"
KXETH15M-26APR281130-30,92f9edbd-3f9e-6ec8-f3df-b3c07121a90f,1777389771,0.71,10.0,yes,"{""count_fp"":""10.00"",""created_time"":""2026-04-28T15:22:51.183686Z"",""no_price_dollars"":""0.2900"",""taker_side"":""yes"",""ticker"":""KXETH15M-26APR281130-30"",""trade_id"":""92f9edbd-3f9e-6ec8-f3df-b3c07121a90f"",""yes_price_dollars"":""0.7100""}"
KXETH15M-26APR281130-30,67c5fc19-241e-6530-ecfc-ebe193da2b2c,1777389771,0.71,60.0,yes,"{""count_fp"":""60.00"",""created_time"":""2026-04-28T15:22:51.183686Z"",""no_price_dollars"":""0.2900"",""taker_side"":""yes"",""ticker"":""KXETH15M-26APR281130-30"",""trade_id"":""67c5fc19-241e-6530-ecfc-ebe193da2b2c"",""yes_price_dollars"":""0.7100""}"
KXETH15M-26APR281130-30,35ea8f13-9e58-4a95-c33c-2854b2bc0855,1777389771,0.68,10.0,yes,"{""count_fp"":""10.00"",""created_time"":""2026-04-28T15:22:51.130206Z"",""no_price_dollars"":""0.3200"",""taker_side"":""yes"",""ticker"":""KXETH15M-26APR281130-30"",""trade_id"":""35ea8f13-9e58-4a95-c33c-2854b2bc0855"",""yes_price_dollars"":""0.6800""}"
KXETH15M-26APR281130-30,d0c26500-775d-504a-2c3c-1ba1041079e9,1777389771,0.65,10.0,yes,"{""count_fp"":""10.00"",""created_time"":""2026-04-28T15:22:51.114976Z"",""no_price_dollars"":""0.3500"",""taker_side"":""yes"",""ticker"":""KXETH15M-26APR281130-30"",""trade_id"":""d0c26500-775d-504a-2c3c-1ba1041079e9"",""yes_price_dollars"":""0.6500""}"
KXETH15M-26APR281130-30,4b2519a4-5874-5c67-215f-c29b822e3d18,1777389771,0.65,537.0,yes,"{""count_fp"":""537.00"",""created_time"":""2026-04-28T15:22:51.114976Z"",""no_price_dollars"":""0.3500"",""taker_side"":""yes"",""ticker"":""KXETH15M-26APR281130-30"",""trade_id"":""4b2519a4-5874-5c67-215f-c29b822e3d18"",""yes_price_dollars"":""0.6500""}"
KXETH15M-26APR281130-30,acd99c1f-cf2d-5c44-09e9-4f34fd975551,1777389772,0.75,10.0,yes,"{""count_fp"":""10.00"",""created_time"":""2026-04-28T15:22:52.491921Z"",""no_price_dollars"":""0.2500"",""taker_side"":""yes"",""ticker"":""KXETH15M-26APR281130-30"",""trade_id"":""acd99c1f-cf2d-5c44-09e9-4f34fd975551"",""yes_price_dollars"":""0.7500""}"
KXETH15M-26APR281130-30,1ad539cc-5713-5a6a-2f73-11003b6dd6ef,1777389772,0.76,2.0,yes,"{""count_fp"":""2.00"",""created_time"":""2026-04-28T15:22:52.491921Z"",""no_price_dollars"":""0.2400"",""taker_side"":""yes"",""ticker"":""KXETH15M-26APR281130-30"",""trade_id"":""1ad539cc-5713-5a6a-2f73-11003b6dd6ef"",""yes_price_dollars"":""0.7600""}"
KXETH15M-26APR281130-30,ab15162a-99ac-48e4-9ee8-e83446e78996,1777389775,0.72,33.75,no,"{""count_fp"":""33.75"",""created_time"":""2026-04-28T15:22:55.827264Z"",""no_price_dollars"":""0.2800"",""taker_side"":""no"",""ticker"":""KXETH15M-26APR281130-30"",""trade_id"":""ab15162a-99ac-48e4-9ee8-e83446e78996"",""yes_price_dollars"":""0.7200""}"
KXETH15M-26APR281130-30,64766d0b-12fd-6e4f-1208-1d7036b5638d,1777389776,0.74,10.0,yes,"{""count_fp"":""10.00"",""created_time"":""2026-04-28T15:22:56.384095Z"",""no_price_dollars"":""0.2600"",""taker_side"":""yes"",""ticker"":""KXETH15M-26APR281130-30"",""trade_id"":""64766d0b-12fd-6e4f-1208-1d7036b5638d"",""yes_price_dollars"":""0.7400""}"
KXETH15M-26APR281130-30,39251a0a-b4a6-6f0f-06c3-be22f607bb13,1777389776,0.74,10.0,yes,"{""count_fp"":""10.00"",""created_time"":""2026-04-28T15:22:56.384095Z"",""no_price_dollars"":""0.2600"",""taker_side"":""yes"",""ticker"":""KXETH15M-26APR281130-30"",""trade_id"":""39251a0a-b4a6-6f0f-06c3-be22f607bb13"",""yes_price_dollars"":""0.7400""}"
KXETH15M-26APR281130-30,1947d427-bf2b-4ace-3d33-cfe5bb5e7173,1777389779,0.76,25.56,yes,"{""count_fp"":""25.56"",""created_time"":""2026-04-28T15:22:59.631758Z"",""no_price_dollars"":""0.2400"",""taker_side"":""yes"",""ticker"":""KXETH15M-26APR281130-30"",""trade_id"":""1947d427-bf2b-4ace-3d33-cfe5bb5e7173"",""yes_price_dollars"":""0.7600""}"
KXETH15M-26APR281130-30,ee654cb2-2e64-55af-39b9-205388cb6686,1777389779,0.75,6.0,no,"{""count_fp"":""6.00"",""created_time"":""2026-04-28T15:22:59.383111Z"",""no_price_dollars"":""0.2500"",""taker_side"":""no"",""ticker"":""KXETH15M-26APR281130-30"",""trade_id"":""ee654cb2-2e64-55af-39b9-205388cb6686"",""yes_price_dollars"":""0.7500""}"
KXETH15M-26APR281130-30,56426852-492c-5b50-3e19-43ab06f92eda,1777389779,0.72,28.0,no,"{""count_fp"":""28.00"",""created_time"":""2026-04-28T15:22:59.383111Z"",""no_price_dollars"":""0.2800"",""taker_side"":""no"",""ticker"":""KXETH15M-26APR281130-30"",""trade_id"":""56426852-492c-5b50-3e19-43ab06f92eda"",""yes_price_dollars"":""0.7200""}"
KXETH15M-26APR281130-30,d7f6c3f6-dfaf-6d61-9606-48e25b454736,1777389780,0.76,5.17,yes,"{""count_fp"":""5.17"",""created_time"":""2026-04-28T15:23:00.844115Z"",""no_price_dollars"":""0.2400"",""taker_side"":""yes"",""ticker"":""KXETH15M-26APR281130-30"",""trade_id"":""d7f6c3f6-dfaf-6d61-9606-48e25b454736"",""yes_price_dollars"":""0.7600""}"
KXETH15M-26APR281130-30,1a184917-8fe4-549c-4671-9361fb89aa4e,1777389780,0.72,1.0,no,"{""count_fp"":""1.00"",""created_time"":""2026-04-28T15:23:00.687828Z"",""no_price_dollars"":""0.2800"",""taker_side"":""no"",""ticker"":""KXETH15M-26APR281130-30"",""trade_id"":""1a184917-8fe4-549c-4671-9361fb89aa4e"",""yes_price_dollars"":""0.7200""}"
KXETH15M-26APR281130-30,e2e47683-a503-6429-9634-d379bb6a683b,1777389785,0.81,2.0,yes,"{""count_fp"":""2.00"",""created_time"":""2026-04-28T15:23:05.398386Z"",""no_price_dollars"":""0.1900"",""taker_side"":""yes"",""ticker"":""KXETH15M-26APR281130-30"",""trade_id"":""e2e47683-a503-6429-9634-d379bb6a683b"",""yes_price_dollars"":""0.8100""}"
KXETH15M-26APR281130-30,fde88092-c2a8-4c61-0837-fe6525132079,1777389785,0.75,10.0,yes,"{""count_fp"":""10.00"",""created_time"":""2026-04-28T15:23:05.322338Z"",""no_price_dollars"":""0.2500"",""taker_side"":""yes"",""ticker"":""KXETH15M-26APR281130-30"",""trade_id"":""fde88092-c2a8-4c61-0837-fe6525132079"",""yes_price_dollars"":""0.7500""}"
KXETH15M-26APR281130-30,0c2b1deb-ad94-5bf3-6aea-95fac6ff3679,1777389787,0.78,1.0,yes,"{""count_fp"":""1.00"",""created_time"":""2026-04-28T15:23:07.302697Z"",""no_price_dollars"":""0.2200"",""taker_side"":""yes"",""ticker"":""KXETH15M-26APR281130-30"",""trade_id"":""0c2b1deb-ad94-5bf3-6aea-95fac6ff3679"",""yes_price_dollars"":""0.7800""}"
KXETH15M-26APR281130-30,af337ed1-f108-515b-d9ac-d8ee124e7ca1,1777389788,0.78,1.0,yes,"{""count_fp"":""1.00"",""created_time"":""2026-04-28T15:23:08.564434Z"",""no_price_dollars"":""0.2200"",""taker_side"":""yes"",""ticker"":""KXETH15M-26APR281130-30"",""trade_id"":""af337ed1-f108-515b-d9ac-d8ee124e7ca1"",""yes_price_dollars"":""0.7800""}"
KXETH15M-26APR281130-30,282bc734-50b0-720f-8ffa-70f5b66767d9,1777389788,0.78,1.0,yes,"{""count_fp"":""1.00"",""created_time"":""2026-04-28T15:23:08.079977Z"",""no_price_dollars"":""0.2200"",""taker_side"":""yes"",""ticker"":""KXETH15M-26APR281130-30"",""trade_id"":""282bc734-50b0-720f-8ffa-70f5b66767d9"",""yes_price_dollars"":""0.7800""}"
KXETH15M-26APR281130-30,f24fc70f-af29-5937-1dea-0bdfdeb0ef0c,1777389792,0.76,1.0,no,"{""count_fp"":""1.00"",""created_time"":""2026-04-28T15:23:12.990301Z"",""no_price_dollars"":""0.2400"",""taker_side"":""no"",""ticker"":""KXETH15M-26APR281130-30"",""trade_id"":""f24fc70f-af29-5937-1dea-0bdfdeb0ef0c"",""yes_price_dollars"":""0.7600""}"
KXETH15M-26APR281130-30,dd645141-63d8-5d87-1d3e-ba7071d3d7a7,1777389793,0.72,10.0,no,"{""count_fp"":""10.00"",""created_time"":""2026-04-28T15:23:13.436843Z"",""no_price_dollars"":""0.2800"",""taker_side"":""no"",""ticker"":""KXETH15M-26APR281130-30"",""trade_id"":""dd645141-63d8-5d87-1d3e-ba7071d3d7a7"",""yes_price_dollars"":""0.7200""}"
KXETH15M-26APR281130-30,18f2e66f-7f22-5c49-2559-37c9e27cb3f3,1777389793,0.72,10.0,no,"{""count_fp"":""10.00"",""created_time"":""2026-04-28T15:23:13.436843Z"",""no_price_dollars"":""0.2800"",""taker_side"":""no"",""ticker"":""KXETH15M-26APR281130-30"",""trade_id"":""18f2e66f-7f22-5c49-2559-37c9e27cb3f3"",""yes_price_dollars"":""0.7200""}"
KXETH15M-26APR281130-30,31c82dc1-6fac-6ba1-86f7-4adbbeb5cd6d,1777389795,0.71,1.0,yes,"{""count_fp"":""1.00"",""created_time"":""2026-04-28T15:23:15.421628Z"",""no_price_dollars"":""0.2900"",""taker_side"":""yes"",""ticker"":""KXETH15M-26APR281130-30"",""trade_id"":""31c82dc1-6fac-6ba1-86f7-4adbbeb5cd6d"",""yes_price_dollars"":""0.7100""}"
KXETH15M-26APR281130-30,e210840e-18be-6017-4ee0-ce70ad28f0eb,1777389795,0.69,10.0,no,"{""count_fp"":""10.00"",""created_time"":""2026-04-28T15:23:15.393348Z"",""no_price_dollars"":""0.3100"",""taker_side"":""no"",""ticker"":""KXETH15M-26APR281130-30"",""trade_id"":""e210840e-18be-6017-4ee0-ce70ad28f0eb"",""yes_price_dollars"":""0.6900""}"
KXETH15M-26APR281130-30,a7dab14c-00c1-6393-555b-9d779f806b15,1777389795,0.69,10.0,no,"{""count_fp"":""10.00"",""created_time"":""2026-04-28T15:23:15.393348Z"",""no_price_dollars"":""0.3100"",""taker_side"":""no"",""ticker"":""KXETH15M-26APR281130-30"",""trade_id"":""a7dab14c-00c1-6393-555b-9d779f806b15"",""yes_price_dollars"":""0.6900""}"
KXETH15M-26APR281130-30,e5dce769-2c5a-4f15-6871-a55ad44879a9,1777389796,0.65,6.81,yes,"{""count_fp"":""6.81"",""created_time"":""2026-04-28T15:23:16.848167Z"",""no_price_dollars"":""0.3500"",""taker_side"":""yes"",""ticker"":""KXETH15M-26APR281130-30"",""trade_id"":""e5dce769-2c5a-4f15-6871-a55ad44879a9"",""yes_price_dollars"":""0.6500""}"
KXETH15M-26APR281130-30,2f4b1a6a-3dbb-7ae9-cead-cd1f62116dfa,1777389796,0.66,1.0,yes,"{""count_fp"":""1.00"",""created_time"":""2026-04-28T15:23:16.548204Z"",""no_price_dollars"":""0.3400"",""taker_side"":""yes"",""ticker"":""KXETH15M-26APR281130-30"",""trade_id"":""2f4b1a6a-3dbb-7ae9-cead-cd1f62116dfa"",""yes_price_dollars"":""0.6600""}"
KXETH15M-26APR281130-30,59784705-5ddc-69ed-61b8-636188430cc2,1777389796,0.64,10.0,no,"{""count_fp"":""10.00"",""created_time"":""2026-04-28T15:23:16.426448Z"",""no_price_dollars"":""0.3600"",""taker_side"":""no"",""ticker"":""KXETH15M-26APR281130-30"",""trade_id"":""59784705-5ddc-69ed-61b8-636188430cc2"",""yes_price_dollars"":""0.6400""}"
KXETH15M-26APR281130-30,d367f357-e744-5be6-0f46-a3fa16c98849,1777389796,0.65,10.0,no,"{""count_fp"":""10.00"",""created_time"":""2026-04-28T15:23:16.395221Z"",""no_price_dollars"":""0.3500"",""taker_side"":""no"",""ticker"":""KXETH15M-26APR281130-30"",""trade_id"":""d367f357-e744-5be6-0f46-a3fa16c98849"",""yes_price_dollars"":""0.6500""}"
KXETH15M-26APR281130-30,24f55c50-ca67-7955-8a74-673582206bc2,1777389798,0.66,2.95,yes,"{""count_fp"":""2.95"",""created_time"":""2026-04-28T15:23:18.475825Z"",""no_price_dollars"":""0.3400"",""taker_side"":""yes"",""ticker"":""KXETH15M-26APR281130-30"",""trade_id"":""24f55c50-ca67-7955-8a74-673582206bc2"",""yes_price_dollars"":""0.6600""}"
KXETH15M-26APR281130-30,b5ae4a26-982e-53d6-3b7e-e20a77dc6cc7,1777389806,0.67,1.0,no,"{""count_fp"":""1.00"",""created_time"":""2026-04-28T15:23:26.064845Z"",""no_price_dollars"":""0.3300"",""taker_side"":""no"",""ticker"":""KXETH15M-26APR281130-30"",""trade_id"":""b5ae4a26-982e-53d6-3b7e-e20a77dc6cc7"",""yes_price_dollars"":""0.6700""}"
KXETH15M-26APR281130-30,6cd35eb5-4d62-5ff8-0da2-9603ee581a68,1777389806,0.65,57.0,no,"{""count_fp"":""57.00"",""created_time"":""2026-04-28T15:23:26.064845Z"",""no_price_dollars"":""0.3500"",""taker_side"":""no"",""ticker"":""KXETH15M-26APR281130-30"",""trade_id"":""6cd35eb5-4d62-5ff8-0da2-9603ee581a68"",""yes_price_dollars"":""0.6500""}"
KXETH15M-26APR281130-30,3d10ed34-bd1c-55b0-3224-a2e8c554980e,1777389806,0.64,442.0,no,"{""count_fp"":""442.00"",""created_time"":""2026-04-28T15:23:26.064845Z"",""no_price_dollars"":""0.3600"",""taker_side"":""no"",""ticker"":""KXETH15M-26APR281130-30"",""trade_id"":""3d10ed34-bd1c-55b0-3224-a2e8c554980e"",""yes_price_dollars"":""0.6400""}"
KXETH15M-26APR281130-30,d4ff8aa3-a351-556a-000b-37efb4c6a0e9,1777389808,0.63,10.0,no,"{""count_fp"":""10.00"",""created_time"":""2026-04-28T15:23:28.197862Z"",""no_price_dollars"":""0.3700"",""taker_side"":""no"",""ticker"":""KXETH15M-26APR281130-30"",""trade_id"":""d4ff8aa3-a351-556a-000b-37efb4c6a0e9"",""yes_price_dollars"":""0.6300""}"
KXETH15M-26APR281130-30,0865846b-3df4-54b9-04a0-ae826b9fec38,1777389808,0.64,60.0,no,"{""count_fp"":""60.00"",""created_time"":""2026-04-28T15:23:28.197862Z"",""no_price_dollars"":""0.3600"",""taker_side"":""no"",""ticker"":""KXETH15M-26APR281130-30"",""trade_id"":""0865846b-3df4-54b9-04a0-ae826b9fec38"",""yes_price_dollars"":""0.6400""}"
KXETH15M-26APR281130-30,1266d7ee-228b-6d51-5fde-87426e6bda56,1777389814,0.62,0.83,no,"{""count_fp"":""0.83"",""created_time"":""2026-04-28T15:23:34.138679Z"",""no_price_dollars"":""0.3800"",""taker_side"":""no"",""ticker"":""KXETH15M-26APR281130-30"",""trade_id"":""1266d7ee-228b-6d51-5fde-87426e6bda56"",""yes_price_dollars"":""0.6200""}"
KXETH15M-26APR281130-30,d14de27b-14eb-7cf5-4793-f02a7b383a2e,1777389814,0.62,9.0,no,"{""count_fp"":""9.00"",""created_time"":""2026-04-28T15:23:34.126Z"",""no_price_dollars"":""0.3800"",""taker_side"":""no"",""ticker"":""KXETH15M-26APR281130-30"",""trade_id"":""d14de27b-14eb-7cf5-4793-f02a7b383a2e"",""yes_price_dollars"":""0.6200""}"
KXETH15M-26APR281130-30,5867e2eb-4bb0-7e0f-5b50-6bfc259b66ba,1777389814,0.62,10.0,no,"{""count_fp"":""10.00"",""created_time"":""2026-04-28T15:23:34.126Z"",""no_price_dollars"":""0.3800"",""taker_side"":""no"",""ticker"":""KXETH15M-26APR281130-30"",""trade_id"":""5867e2eb-4bb0-7e0f-5b50-6bfc259b66ba"",""yes_price_dollars"":""0.6200""}"
KXETH15M-26APR281130-30,3695dcf1-14f0-6fbc-9e09-e2bcbcd0a749,1777389821,0.62,3.14,yes,"{""count_fp"":""3.14"",""created_time"":""2026-04-28T15:23:41.759375Z"",""no_price_dollars"":""0.3800"",""taker_side"":""yes"",""ticker"":""KXETH15M-26APR281130-30"",""trade_id"":""3695dcf1-14f0-6fbc-9e09-e2bcbcd0a749"",""yes_price_dollars"":""0.6200""}"
KXETH15M-26APR281130-30,533495da-a36e-7a25-8b04-aed34ab4b919,1777389823,0.61,1.0,yes,"{""count_fp"":""1.00"",""created_time"":""2026-04-28T15:23:43.597994Z"",""no_price_dollars"":""0.3900"",""taker_side"":""yes"",""ticker"":""KXETH15M-26APR281130-30"",""trade_id"":""533495da-a36e-7a25-8b04-aed34ab4b919"",""yes_price_dollars"":""0.6100""}"
KXETH15M-26APR281130-30,ac2047a4-be82-7561-6469-5cd2405c94a1,1777389825,0.62,1.0,yes,"{""count_fp"":""1.00"",""created_time"":""2026-04-28T15:23:45.721214Z"",""no_price_dollars"":""0.3800"",""taker_side"":""yes"",""ticker"":""KXETH15M-26APR281130-30"",""trade_id"":""ac2047a4-be82-7561-6469-5cd2405c94a1"",""yes_price_dollars"":""0.6200""}"
KXETH15M-26APR281130-30,d8364de1-b073-7669-0634-efb512e7cbfa,1777389828,0.58,9.65,no,"{""count_fp"":""9.65"",""created_time"":""2026-04-28T15:23:48.304523Z"",""no_price_dollars"":""0.4200"",""taker_side"":""no"",""ticker"":""KXETH15M-26APR281130-30"",""trade_id"":""d8364de1-b073-7669-0634-efb512e7cbfa"",""yes_price_dollars"":""0.5800""}"
KXETH15M-26APR281130-30,9146087f-73b7-7f1d-10c1-62f2bdf39774,1777389828,0.58,10.0,no,"{""count_fp"":""10.00"",""created_time"":""2026-04-28T15:23:48.304523Z"",""no_price_dollars"":""0.4200"",""taker_side"":""no"",""ticker"":""KXETH15M-26APR281130-30"",""trade_id"":""9146087f-73b7-7f1d-10c1-62f2bdf39774"",""yes_price_dollars"":""0.5800""}"
KXETH15M-26APR281130-30,8a7f868f-a511-700b-3355-d4f39486fa13,1777389828,0.58,10.0,no,"{""count_fp"":""10.00"",""created_time"":""2026-04-28T15:23:48.304523Z"",""no_price_dollars"":""0.4200"",""taker_side"":""no"",""ticker"":""KXETH15M-26APR281130-30"",""trade_id"":""8a7f868f-a511-700b-3355-d4f39486fa13"",""yes_price_dollars"":""0.5800""}"
KXETH15M-26APR281130-30,32ad118c-90e8-60f3-8c06-cdcf80afdc7f,1777389834,0.54,12.5,no,"{""count_fp"":""12.50"",""created_time"":""2026-04-28T15:23:54.566303Z"",""no_price_dollars"":""0.4600"",""taker_side"":""no"",""ticker"":""KXETH15M-26APR281130-30"",""trade_id"":""32ad118c-90e8-60f3-8c06-cdcf80afdc7f"",""yes_price_dollars"":""0.5400""}"
KXETH15M-26APR281130-30,06f97897-142d-62f1-8196-671439a1e23c,1777389834,0.54,10.0,no,"{""count_fp"":""10.00"",""created_time"":""2026-04-28T15:23:54.566303Z"",""no_price_dollars"":""0.4600"",""taker_side"":""no"",""ticker"":""KXETH15M-26APR281130-30"",""trade_id"":""06f97897-142d-62f1-8196-671439a1e23c"",""yes_price_dollars"":""0.5400""}"
KXETH15M-26APR281130-30,ce7327ff-1ac0-6db8-3da3-745c99746603,1777389834,0.55,2.57,no,"{""count_fp"":""2.57"",""created_time"":""2026-04-28T15:23:54.157286Z"",""no_price_dollars"":""0.4500"",""taker_side"":""no"",""ticker"":""KXETH15M-26APR281130-30"",""trade_id"":""ce7327ff-1ac0-6db8-3da3-745c99746603"",""yes_price_dollars"":""0.5500""}"
KXETH15M-26APR281130-30,8eb3dfcc-243f-6192-1aba-507f351ed72b,1777389834,0.55,10.0,no,"{""count_fp"":""10.00"",""created_time"":""2026-04-28T15:23:54.157286Z"",""no_price_dollars"":""0.4500"",""taker_side"":""no"",""ticker"":""KXETH15M-26APR281130-30"",""trade_id"":""8eb3dfcc-243f-6192-1aba-507f351ed72b"",""yes_price_dollars"":""0.5500""}"
KXETH15M-26APR281130-30,95266179-74a7-4f42-d381-5c13b91df390,1777389837,0.49,80.0,no,"{""count_fp"":""80.00"",""created_time"":""2026-04-28T15:23:57.690439Z"",""no_price_dollars"":""0.5100"",""taker_side"":""no"",""ticker"":""KXETH15M-26APR281130-30"",""trade_id"":""95266179-74a7-4f42-d381-5c13b91df390"",""yes_price_dollars"":""0.4900""}"
KXETH15M-26APR281130-30,60aaf3cf-41fe-6a71-cfbe-c4785969fc01,1777389839,0.52,10.0,yes,"{""count_fp"":""10.00"",""created_time"":""2026-04-28T15:23:59.679127Z"",""no_price_dollars"":""0.4800"",""taker_side"":""yes"",""ticker"":""KXETH15M-26APR281130-30"",""trade_id"":""60aaf3cf-41fe-6a71-cfbe-c4785969fc01"",""yes_price_dollars"":""0.5200""}"
KXETH15M-26APR281130-30,1c81e84d-4f79-6f06-face-9fa35b7067fc,1777389839,0.53,10.0,yes,"{""count_fp"":""10.00"",""created_time"":""2026-04-28T15:23:59.679127Z"",""no_price_dollars"":""0.4700"",""taker_side"":""yes"",""ticker"":""KXETH15M-26APR281130-30"",""trade_id"":""1c81e84d-4f79-6f06-face-9fa35b7067fc"",""yes_price_dollars"":""0.5300""}"
KXETH15M-26APR281130-30,0adf882b-5c8b-63ff-d62a-40a3d641eb83,1777389839,0.54,13.75,yes,"{""count_fp"":""13.75"",""created_time"":""2026-04-28T15:23:59.679127Z"",""no_price_dollars"":""0.4600"",""taker_side"":""yes"",""ticker"":""KXETH15M-26APR281130-30"",""trade_id"":""0adf882b-5c8b-63ff-d62a-40a3d641eb83"",""yes_price_dollars"":""0.5400""}"
KXETH15M-26APR281130-30,46c4cf85-6cea-6dfd-adc3-21328d973efd,1777389839,0.47,1.82,no,"{""count_fp"":""1.82"",""created_time"":""2026-04-28T15:23:59.306555Z"",""no_price_dollars"":""0.5300"",""taker_side"":""no"",""ticker"":""KXETH15M-26APR281130-30"",""trade_id"":""46c4cf85-6cea-6dfd-adc3-21328d973efd"",""yes_price_dollars"":""0.4700""}"
KXETH15M-26APR281130-30,f62c764e-1e63-7e4f-3160-edc423125943,1777389841,0.54,1.0,yes,"{""count_fp"":""1.00"",""created_time"":""2026-04-28T15:24:01.158643Z"",""no_price_dollars"":""0.4600"",""taker_side"":""yes"",""ticker"":""KXETH15M-26APR281130-30"",""trade_id"":""f62c764e-1e63-7e4f-3160-edc423125943"",""yes_price_dollars"":""0.5400""}"
KXETH15M-26APR281130-30,d8f775a9-b5e5-4e80-2916-cbbf2fd19ff4,1777389842,0.53,1.0,yes,"{""count_fp"":""1.00"",""created_time"":""2026-04-28T15:24:02.355284Z"",""no_price_dollars"":""0.4700"",""taker_side"":""yes"",""ticker"":""KXETH15M-26APR281130-30"",""trade_id"":""d8f775a9-b5e5-4e80-2916-cbbf2fd19ff4"",""yes_price_dollars"":""0.5300""}"
KXETH15M-26APR281130-30,67eebefb-da78-5924-f205-38bbcb3b190b,1777389843,0.53,7.0,yes,"{""count_fp"":""7.00"",""created_time"":""2026-04-28T15:24:03.620643Z"",""no_price_dollars"":""0.4700"",""taker_side"":""yes"",""ticker"":""KXETH15M-26APR281130-30"",""trade_id"":""67eebefb-da78-5924-f205-38bbcb3b190b"",""yes_price_dollars"":""0.5300""}"
KXETH15M-26APR281130-30,0f836900-6e9f-776c-435c-dd707c6055d9,1777389843,0.5,1.0,no,"{""count_fp"":""1.00"",""created_time"":""2026-04-28T15:24:03.520039Z"",""no_price_dollars"":""0.5000"",""taker_side"":""no"",""ticker"":""KXETH15M-26APR281130-30"",""trade_id"":""0f836900-6e9f-776c-435c-dd707c6055d9"",""yes_price_dollars"":""0.5000""}"
KXETH15M-26APR281130-30,2aa643de-d940-620d-5c2d-c49259a53ec5,1777389844,0.54,10.0,yes,"{""count_fp"":""10.00"",""created_time"":""2026-04-28T15:24:04.493308Z"",""no_price_dollars"":""0.4600"",""taker_side"":""yes"",""ticker"":""KXETH15M-26APR281130-30"",""trade_id"":""2aa643de-d940-620d-5c2d-c49259a53ec5"",""yes_price_dollars"":""0.5400""}"
KXETH15M-26APR281130-30,8ba8685c-8af0-4fdf-6288-c97624ff6e00,1777389846,0.54,10.0,no,"{""count_fp"":""10.00"",""created_time"":""2026-04-28T15:24:06.848701Z"",""no_price_dollars"":""0.4600"",""taker_side"":""no"",""ticker"":""KXETH15M-26APR281130-30"",""trade_id"":""8ba8685c-8af0-4fdf-6288-c97624ff6e00"",""yes_price_dollars"":""0.5400""}"
KXETH15M-26APR281130-30,00114057-8466-4fdd-6308-2dc980d133b1,1777389846,0.54,58.0,no,"{""count_fp"":""58.00"",""created_time"":""2026-04-28T15:24:06.848701Z"",""no_price_dollars"":""0.4600"",""taker_side"":""no"",""ticker"":""KXETH15M-26APR281130-30"",""trade_id"":""00114057-8466-4fdd-6308-2dc980d133b1"",""yes_price_dollars"":""0.5400""}"
KXETH15M-26APR281130-30,0e9afbc6-88d4-5c44-74cd-7f797fe1b8af,1777389852,0.58,1.0,yes,"{""count_fp"":""1.00"",""created_time"":""2026-04-28T15:24:12.360827Z"",""no_price_dollars"":""0.4200"",""taker_side"":""yes"",""ticker"":""KXETH15M-26APR281130-30"",""trade_id"":""0e9afbc6-88d4-5c44-74cd-7f797fe1b8af"",""yes_price_dollars"":""0.5800""}"
KXETH15M-26APR281130-30,b2fb9722-8c27-63ef-6cf9-4a4341e0ce73,1777389855,0.65,10.65,yes,"{""count_fp"":""10.65"",""created_time"":""2026-04-28T15:24:15.192074Z"",""no_price_dollars"":""0.3500"",""taker_side"":""yes"",""ticker"":""KXETH15M-26APR281130-30"",""trade_id"":""b2fb9722-8c27-63ef-6cf9-4a4341e0ce73"",""yes_price_dollars"":""0.6500""}"
KXETH15M-26APR281130-30,87183c3f-8af5-63c6-4345-5be7f6b391bb,1777389855,0.65,10.0,yes,"{""count_fp"":""10.00"",""created_time"":""2026-04-28T15:24:15.192074Z"",""no_price_dollars"":""0.3500"",""taker_side"":""yes"",""ticker"":""KXETH15M-26APR281130-30"",""trade_id"":""87183c3f-8af5-63c6-4345-5be7f6b391bb"",""yes_price_dollars"":""0.6500""}"
KXETH15M-26APR281130-30,6ed2dcd1-90d6-6b34-618e-b187af8ad669,1777389855,0.65,10.0,yes,"{""count_fp"":""10.00"",""created_time"":""2026-04-28T15:24:15.192074Z"",""no_price_dollars"":""0.3500"",""taker_side"":""yes"",""ticker"":""KXETH15M-26APR281130-30"",""trade_id"":""6ed2dcd1-90d6-6b34-618e-b187af8ad669"",""yes_price_dollars"":""0.6500""}"
KXETH15M-26APR281130-30,21764d56-3863-440c-03d8-5c2c4c9d18c2,1777389858,0.68,10.0,yes,"{""count_fp"":""10.00"",""created_time"":""2026-04-28T15:24:18.661233Z"",""no_price_dollars"":""0.3200"",""taker_side"":""yes"",""ticker"":""KXETH15M-26APR281130-30"",""trade_id"":""21764d56-3863-440c-03d8-5c2c4c9d18c2"",""yes_price_dollars"":""0.6800""}"
KXETH15M-26APR281130-30,f3aee732-5c68-41c1-c404-0c5d210bbcc0,1777389860,0.75,12.69,yes,"{""count_fp"":""12.69"",""created_time"":""2026-04-28T15:24:20.535643Z"",""no_price_dollars"":""0.2500"",""taker_side"":""yes"",""ticker"":""KXETH15M-26APR281130-30"",""trade_id"":""f3aee732-5c68-41c1-c404-0c5d210bbcc0"",""yes_price_dollars"":""0.7500""}"
KXETH15M-26APR281130-30,db51defb-801a-4650-8793-fe6458014eb7,1777389861,0.73,22.76,yes,"{""count_fp"":""22.76"",""created_time"":""2026-04-28T15:24:21.974214Z"",""no_price_dollars"":""0.2700"",""taker_side"":""yes"",""ticker"":""KXETH15M-26APR281130-30"",""trade_id"":""db51defb-801a-4650-8793-fe6458014eb7"",""yes_price_dollars"":""0.7300""}"
KXETH15M-26APR281130-30,056ea09d-11fa-4ab4-b571-6972bf82d8a4,1777389861,0.73,10.0,yes,"{""count_fp"":""10.00"",""created_time"":""2026-04-28T15:24:21.974214Z"",""no_price_dollars"":""0.2700"",""taker_side"":""yes"",""ticker"":""KXETH15M-26APR281130-30"",""trade_id"":""056ea09d-11fa-4ab4-b571-6972bf82d8a4"",""yes_price_dollars"":""0.7300""}"
KXETH15M-26APR281130-30,9e668b89-8069-4f14-df96-5a1bba4fe71e,1777389863,0.73,1.0,yes,"{""count_fp"":""1.00"",""created_time"":""2026-04-28T15:24:23.643233Z"",""no_price_dollars"":""0.2700"",""taker_side"":""yes"",""ticker"":""KXETH15M-26APR281130-30"",""trade_id"":""9e668b89-8069-4f14-df96-5a1bba4fe71e"",""yes_price_dollars"":""0.7300""}"
KXETH15M-26APR281130-30,52ebde88-e5f2-6c60-6ea1-7fa955505f08,1777389868,0.74,1.31,yes,"{""count_fp"":""1.31"",""created_time"":""2026-04-28T15:24:28.225342Z"",""no_price_dollars"":""0.2600"",""taker_side"":""yes"",""ticker"":""KXETH15M-26APR281130-30"",""trade_id"":""52ebde88-e5f2-6c60-6ea1-7fa955505f08"",""yes_price_dollars"":""0.7400""}"
KXETH15M-26APR281130-30,c3fe6e62-0209-4db3-4b29-2f34260268a8,1777389869,0.71,3.07,no,"{""count_fp"":""3.07"",""created_time"":""2026-04-28T15:24:29.576837Z"",""no_price_dollars"":""0.2900"",""taker_side"":""no"",""ticker"":""KXETH15M-26APR281130-30"",""trade_id"":""c3fe6e62-0209-4db3-4b29-2f34260268a8"",""yes_price_dollars"":""0.7100""}"
KXETH15M-26APR281130-30,ad44b469-bb0c-6915-73e4-9cc683fe8bb0,1777389870,0.75,84.0,yes,"{""count_fp"":""84.00"",""created_time"":""2026-04-28T15:24:30.792305Z"",""no_price_dollars"":""0.2500"",""taker_side"":""yes"",""ticker"":""KXETH15M-26APR281130-30"",""trade_id"":""ad44b469-bb0c-6915-73e4-9cc683fe8bb0"",""yes_price_dollars"":""0.7500""}"
KXETH15M-26APR281130-30,59dbceef-d349-6690-21a7-185de3d58d36,1777389870,0.71,2.0,no,"{""count_fp"":""2.00"",""created_time"":""2026-04-28T15:24:30.226715Z"",""no_price_dollars"":""0.2900"",""taker_side"":""no"",""ticker"":""KXETH15M-26APR281130-30"",""trade_id"":""59dbceef-d349-6690-21a7-185de3d58d36"",""yes_price_dollars"":""0.7100""}"
KXETH15M-26APR281130-30,4bb1d81b-d1ac-40b9-8e17-a29d467ee3a0,1777389870,0.75,84.0,yes,"{""count_fp"":""84.00"",""created_time"":""2026-04-28T15:24:30.209593Z"",""no_price_dollars"":""0.2500"",""taker_side"":""yes"",""ticker"":""KXETH15M-26APR281130-30"",""trade_id"":""4bb1d81b-d1ac-40b9-8e17-a29d467ee3a0"",""yes_price_dollars"":""0.7500""}"
KXETH15M-26APR281130-30,08248522-9850-5e45-9299-c70c010eb838,1777389874,0.75,13.1,yes,"{""count_fp"":""13.10"",""created_time"":""2026-04-28T15:24:34.665638Z"",""no_price_dollars"":""0.2500"",""taker_side"":""yes"",""ticker"":""KXETH15M-26APR281130-30"",""trade_id"":""08248522-9850-5e45-9299-c70c010eb838"",""yes_price_dollars"":""0.7500""}"
KXETH15M-26APR281130-30,8c487e31-a2dc-7501-dcaa-0d554a695be4,1777389875,0.75,1.82,yes,"{""count_fp"":""1.82"",""created_time"":""2026-04-28T15:24:35.108539Z"",""no_price_dollars"":""0.2500"",""taker_side"":""yes"",""ticker"":""KXETH15M-26APR281130-30"",""trade_id"":""8c487e31-a2dc-7501-dcaa-0d554a695be4"",""yes_price_dollars"":""0.7500""}"
KXETH15M-26APR281130-30,523dda50-bfcb-62c3-8be3-3c8f24abaf5b,1777389879,0.76,1.0,yes,"{""count_fp"":""1.00"",""created_time"":""2026-04-28T15:24:39.475171Z"",""no_price_dollars"":""0.2400"",""taker_side"":""yes"",""ticker"":""KXETH15M-26APR281130-30"",""trade_id"":""523dda50-bfcb-62c3-8be3-3c8f24abaf5b"",""yes_price_dollars"":""0.7600""}"
KXETH15M-26APR281130-30,061a4e6a-66c2-79eb-d34e-dd959939be04,1777389879,0.75,78.0,no,"{""count_fp"":""78.00"",""created_time"":""2026-04-28T15:24:39.079895Z"",""no_price_dollars"":""0.2500"",""taker_side"":""no"",""ticker"":""KXETH15M-26APR281130-30"",""trade_id"":""061a4e6a-66c2-79eb-d34e-dd959939be04"",""yes_price_dollars"":""0.7500""}"
